4080 6428
375 418 482 474 853

1455 424 1552 476 DE
1593 422 1963 478 MICHAELE
2001 418 2446 476 PALEOLOGO
2481 421 2615 474 LIB.
2656 420 2724 471 V.

3688 414 3796 470 854

377 546 456 602 Τὸ
514 545 608 618 μὲν
670 549 760 599 οὖν
820 545 911 599 τὸν
972 544 1317 620 πατριάρχην
1349 549 1763 620 παρακινεῖσθαι
1794 541 2027 620 ἐργῶδες
2058 547 2115 613 Α
2148 543 2364 620 βασιλεῖ
2393 543 2564 599 ἐκεῖσε
2593 540 2900 619 παρόντων,
2961 542 2988 596 ὁ
3040 538 3347 602 ἀπόστολος
3378 536 3474 594 εἴτ’
3501 538 3590 593 οὗν
3624 539 3660 608 ἡ
3693 560 3791 594 πε-

371 635 460 704 ἧν,
515 633 630 689 ἐπεὶ
687 633 786 688 οὐκ
845 633 1065 696 αὐτόθεν
1125 634 1327 695 ἐκεῖνος
1384 639 1678 708 παρῃτεῖτο
1735 636 1834 705 τὴν
1892 655 2031 709 προ-

372 723 625 780 στασίαν.
687 724 775 784 Ὠς
829 727 956 798 γοῦν
1019 721 1116 776 ούκ
1290 724 1689 798 παραιτεῖσθαι,
1754 722 2028 798 μάρτυρας

367 819 475 868 τῶν
531 813 668 888 πρὸς
731 811 957 887 βασιλέα
1015 813 1195 887 λόγων
1257 811 1463 867 ἐκείνου
1522 813 1595 874 ὡς
1651 813 2028 889 ἦνπαραστή-

368 925 553 965 σαντες
590 903 665 976 (οἱ
699 900 741 957 δ’
776 903 908 971 ἦσαν
963 903 1014 956 0".
1064 903 1186 972 περὶ
1242 903 1333 956 τὸν
1394 901 1793 976 δικαιοφύλακα
1853 909 2027 956 Σκου-

364 992 664 1069 ταριώτην)
694 993 769 1054 ὡς
822 992 1259 1067 ὑπισχνουμένου
1311 990 1469 1061 δῆθεν
1524 997 1618 1046 τοῦ
1678 993 2024 1067 πατριάρχου

364 1083 464 1152 τὴν
499 1080 742 1136 ἐκουσίαν
799 1079 1114 1156 ἐκχώρησιν
1175 1080 1219 1135 εί
1280 1078 1526 1135 εὐοδοῖτο
1586 1081 1649 1135 τὸ
1681 1075 1863 1156 ἔργον,
1895 1079 2026 1134 ταύ-

364 1192 463 1242 την
523 1172 621 1240 τὴν
683 1171 869 1248 (ρων-ὴν
929 1171 1002 1232 ὡς
1063 1171 1388 1246 παραίτησιν
1446 1169 1680 1240 τελείαν,
1712 1169 1932 1246 προσ-ἐτι
1967 1166 2024 1223 δὲ

363 1259 452 1314 καὶ
513 1258 607 1314 τὸν
666 1259 827 1335 ὅρκον
891 1258 1099 1334 ἔκρινον
1164 1261 1214 1314 0".
1274 1261 1570 1336 ἀρχιερεῖς,
1628 1261 1726 1328 τήν
1793 1259 1885 1332 μὲν
1946 1259 2022 1320 ὡς

366 1349 691 1424 ὑπόσχεσιν,
745 1351 836 1404 τὸν
899 1347 956 1404 δὲ
1017 1349 1091 1413 ὡς
1146 1347 1415 1422 κωλύμην
1476 1348 1745 1421 ἄντικρυς.
1792 1349 1865 1403 Τὸ
1918 1349 2018 1424 γὰρ

305 1453 308 1458 ’
362 1434 503 1502 ἔνθεν
570 1439 666 1511 μὲν
728 1439 805 1511 μὴ
861 1435 1256 1513 καταδέχεσθαι
1305 1439 1403 1507 τήν
1459 1441 1648 1513 πρᾶξιν
1711 1437 2016 1511 ὀμνύοντα,

362 1527 560 1582 ἐκεῖθεν
619 1525 676 1582 δὲ
728 1527 1011 1602 γεγονυίας
1071 1527 1337 1603 ἐκχωρεῖν
1401 1526 1859 1602 ὑπισχνούμενον,
1921 1524 2015 1596 δη-

363 1617 594 1682 λοῦντος
652 1619 718 1688 ἦν
768 1618 983 1680 πάντως
1042 1619 1447 1695 προχωρούσης
1501 1628 1606 1689 τῆς·
1644 1621 1887 1694 πράξεως
1917 1620 2016 1688 τὴν

364 1707 504 1763 ἰδίαν
538 1709 886 1785 παραίτησινο
923 1708 1005 1764 ἐπὶ
1068 1708 1120 1763 τί
1174 1709 1273 1784 γάρ
1326 1711 1415 1764 καὶ
1471 1707 1556 1763 ἐπὶ
1610 1714 1715 1764 τῶν
1765 1709 2016 1778 τῆςἘκ-

362 1797 601 1870 κλησίας
651 1803 992 1876 πραγμάτιον
1053 1802 1185 1854 εἶναι
1243 1808 1342 1870 τῆς
1406 1801 1648 1874 πράξεως
1708 1796 2012 1872 ἀποϐάσης,

2137 636 2342 710 ρικοπὴ
2401 641 2500 704 τῆς
2554 637 2664 688 τῶν
2727 633 2975 709 Πράξεων
3040 625 3238 707 βίϐλου
3296 629 3524 704 (Πέτρου
3557 629 3659 704 γὰρ
3691 633 3788 683 τοῦ

2136 723 2434 801 κορυφαίου
2465 727 2571 778 τῶν
2622 719 2945 777 ἀποστόλων
2997 719 3164 796 ἤγετο
3214 719 3402 794 ἑορτὴ,
3436 719 3497 788 ἣν
3547 716 3788 794 ἑορτάζει

2134 816 2168 882 ἡ
2204 812 2509 883 Ἐκκλησία
2566 811 2651 866 ἐπὶ
2818 811 3110 874 Καταθέσει
3145 814 3252 864 τῶν
3297 807 3453 863 θείων
3496 805 3790 881 ἁλύσεων),

2135 903 2558 978 ἀναγινώσκεται
2593 899 2650 956 δὲ
2680 899 2938 963 ὡσαύτως
2987 899 3075 954 καὶ
3125 901 3186 954 τὸ
3242 903 3385 963 θεῖον
3446 896 3790 972 Εὐαγγέλιον

2132 997 2432 1063 Γραικικῶς
2464 1013 2522 1046 τε
2581 993 2722 1064 ὁμοῦ
2775 990 2865 1045 καὶ
2923 991 3270 1062 Ῥωμαϊκῶς,
3305 987 3395 1042 καὶ
3454 987 3596 1042 οὕτω
3652 986 3790 1040 κατά

2129 1083 2299 1136 τόπον
2378 1080 2465 1136 οἷκ
2498 1086 2580 1135 ἴον
2638 1080 2728 1135 καὶ
2788 1079 2815 1134 ὁ
2874 1077 3097 1143 πάππας
3169 1077 3317 1154 παρά
3375 1079 3470 1131 τοῦ
3531 1073 3786 1130 διακόνου

2130 1169 2556 1245 ἐμνημονεύετο.
2590 1173 2647 1224 Ὀ
2681 1167 2727 1224 δ’
2755 1169 2820 1238 ἦν
2857 1171 2884 1223 ὁ
2919 1169 3222 1244 Γρηγόριος
3273 1165 3440 1243 ἄκρος
3493 1163 3782 1242 ἀρχιερεὺς

2127 1264 2225 1330 τῆς
2258 1258 2630 1330 ἀποπολικῆς
2660 1257 2988 1328 Ἐκκλησίας
3028 1257 3117 1314 καὶ
3152 1253 3530 1330 οἷκουμενικὸς
3557 1255 3783 1316 πάππας

2132 1371 2234 1424 μνη
2246 1372 2344 1424 μον
2353 1350 2440 1406 ευό
2450 1372 2482 1421 μ
2493 1371 2542 1404 εν
2552 1371 2609 1406 oc
2620 1393 2632 1406 .

2190 1495 2295 1571 κγ’.
2328 1495 2460 1570 Περὶ
2491 1499 2588 1549 τοῦ
2620 1513 2930 1570 σχισματος
2957 1489 3200 1557 καθόλου
3228 1497 3329 1562 τῆς
3359 1487 3730 1562 Ἐκκλησίας.¹

2195 1623 2470 1686 Ἐντεῦθεν
2520 1622 2586 1675 τα
2641 1627 2742 1691 τῆς
2797 1616 3125 1690 Ἐκκλησίας
3171 1617 3367 1684 ἐνόσει,
3411 1615 3502 1672 καὶ
3536 1613 3776 1672 διεστέλ-

2127 1710 2288 1766 λοντο
2322 1711 2412 1766 ἀπ’
2439 1709 2705 1781 ἀλλήλων
2756 1710 3059 1784 ἅνθρωποι,
3113 1709 3203 1763 καὶ
3267 1708 3293 1761 ὁ
3353 1706 3445 1779 μὲν
3489 1703 3776 1768 ,ἐκοινώνει

2121 1798 2262 1872 τῷδε
2289 1804 2397 1855 τῶν
2430 1801 2587 1865 θείων
2615 1800 2898 1873 συνάξεων,
2934 1800 2986 1853 οἱ
3019 1795 3075 1852 δὲ
3107 1822 3137 1849 ‹‹
3161 1797 3250 1866 Μὴ
3277 1797 3412 1872 ἅψῃ,
3448 1795 3524 1869 μὴ
3559 1793 3714 1871 Θίγῃς
3747 1818 3774 1846 ››

361 1889 429 1958 ἧς
490 1890 652 1964 χάριν
712 1889 800 1944 καὶ
860 1889 1059 1962 ὅρκους
1119 1888 1280 1953 ἐτίθει
1337 1895 1433 1944 τοῦ
1495 1892 1569 1963 μή
1621 1888 1865 1961 δέξασθαι
1925 1892 2090 1984 καὶΒ
2126 1891 2293 1965 μέχρι
2358 1890 2446 1944 καί
2505 1888 2844 1962 ἐκπωμάτων
2908 1887 3083 1943 αὐτῶν
3135 1887 3224 1942 καὶ
3281 1885 3771 1963 προσφωνημάτων

366 1977 685 2054 ὑποσχέσεις
712 1985 808 2034 τοῦ
869 1979 1135 2054 ἐκχωρεῖν
1193 1979 1386 2034 αὐτίκα
1442 1975 1766 2054 προϐάσης;
1801 1981 1899 2036 Διόί
1925 2003 2009 2035 τοι

355 2071 525 2122 ταῦτα
583 2070 669 2123 καὶ
732 2069 919 2145 ἀργίαν
975 2070 1183 2123 ἐκείνου
1249 2070 1756 2146 καταψηφίζονται,
1805 2069 1896 2124 καί
1951 2092 2012 2144 γε

359 2156 538 2228 μηνὸς
594 2154 1078 2230 Ἑκατομϐαιῶνος
1158 2157 1346 2233 ἐννάτῃ
1423 2158 1646 2213 παύεται
1704 2159 1765 2213 τὸ
1816 2158 2011 2214 τούτου

359 2246 737 2319 μνημόσυνον,
771 2251 854 2322 [Ρ.
885 2250 1013 2321 271]
1066 2248 1155 2302 καὶ
1214 2248 1348 2321 πρὸς
1402 2249 1501 2317 τήν
1546 2249 1684 2302 κατα
1727 2249 1822 2302 τὸν
1856 2249 2011 2304 Ἀνά-

355 2333 530 2391 πλουν
564 2335 778 2410 Λαύραν
829 2336 889 2392 ἐκ
941 2343 1042 2407 τῆς
1101 2333 1471 2413 περιϐλὲπτου
1533 2343 1849 2416 μεταφοιτᾷ.
1908 2342 2013 2392 Τοῦ

355 2421 402 2478 δ’
463 2425 632 2480 αὐτοῦ
693 2427 867 2499 μηνὸς
925 2423 1050 2500 ἕκτῃ
1102 2427 1194 2481 καὶ
1254 2424 1472 2502 δεκάτῃ,
1533 2431 1628 2481 τοῦ
1658 2424 2014 2497 Χαλκηδόνος

356 2514 639 2571 Νικολάου
701 2515 1120 2591 ἱερουργοῦντος
1179 2517 1318 2570 κατὰ
1374 2517 1440 2570 τὰ
1498 2514 1787 2590 ἀνάκτορα,
1825 2517 2015 2592 ἀναγι-

351 2603 620 2659 νώσκεται
682 2606 775 2677 μὲν
836 2603 1054 2676 διττῶς,
1128 2609 1233 2659 τῶν
1310 2600 1586 2679 πρέσϐεων
1666 2605 1879 2679 σύναμα
1934 2610 2016 2678 τῷ

361 2830 479 2891 net,
512 2823 859 2881 nonnullius
883 2825 1102 2896 negotii
1129 2841 1220 2880 res
1264 2825 1377 2879 fuit
1418 2824 1627 2895 deponi
1663 2841 1691 2879 e
1725 2826 1861 2880 sede
1905 2843 2007 2897 pa-

360 2914 833 2986 triarcbam,ipso
858 2915 1205 2986 dignitatem
1223 2931 1346 2969 eam
1368 2913 1517 2968 ultro
1545 2931 1657 2969 non
1683 2915 2010 2981 abdicante,

370 3021 474 3059 nec
495 3003 717 3076 sperari
760 3004 991 3059 sinente
1032 3003 1470 3058 abdicaturum.
1508 3003 1874 3075 Interrogare
1906 3021 2009 3059 au-

369 3097 484 3147 tem
520 3110 652 3148 eum
685 3111 757 3148 an
794 3097 1032 3164 paratus
1091 3097 1246 3148 esset
1295 3097 1503 3164 sponte
1545 3093 1766 3161 cedere,
1800 3098 1856 3147 et
1887 3109 2008 3148 rem

363 3181 496 3237 aleae
521 3183 881 3238 committere
903 3199 1017 3237 non
1041 3181 1321 3253 explorati
1349 3181 1801 3253 responsi,baud
1819 3187 2007 3237 tutum

357 3277 447 3327 est
476 3272 688 3328 visum.
749 3272 1089 3344 Expeditius
1142 3272 1477 3342 judicatum
1511 3276 1600 3327 est
1633 3271 2006 3344 interpretari

358 3361 750 3418 voluntariam
787 3364 914 3433 ejus
965 3361 1398 3417 abdicationem
1431 3360 1591 3416 velut
1633 3363 1759 3432 jam
1793 3364 2005 3417 factam

361 3468 427 3507 ex
462 3451 533 3506 iis
593 3468 720 3523 quas
772 3455 977 3524 pactus
1002 3467 1136 3506 cum
1187 3451 1541 3522 imperatore
1574 3452 1782 3508 fuerat.
1819 3452 2015 3507 Auditi

359 3557 495 3612 ergo
528 3544 707 3596 testes
740 3543 878 3595 sunt
925 3539 1140 3605 idonei,
1179 3540 1570 3612 princepsque
1609 3540 1666 3596 in
1702 3541 1775 3597 iis
1827 3541 2014 3598 Dicaso

361 3628 576 3701 pbylax
611 3629 1006 3697 Scutariores;
1055 3627 1156 3700 qui
1205 3629 1622 3684 confirmarent
1670 3630 2015 3701 promisisse

361 3718 698 3790 Josephum,
745 3719 791 3774 si
837 3717 1014 3790 legati
1077 3719 1271 3774 Romae
1333 3718 1630 3791 negotium
1692 3720 2012 3774 concordiae

363 3808 777 3879 transigerent,
813 3807 1212 3879 patriarchatu
1239 3823 1299 3863 se
1330 3823 1632 3862 cessurum
1659 3825 1670 3875 ;
1706 3809 2012 3863 eumdem-

362 3913 474 3969 que
493 3897 764 3966 juratum
798 3913 1166 3953 asseverasse
1180 3913 1241 3952 se
1254 3912 1678 3952 consensurum
1706 3914 2010 3967 nunquam

359 3986 418 4042 in
451 3987 625 4042 istam
676 4001 900 4058 pacem.
937 3985 1039 4042 His
1069 3986 1388 4057 compertis
1439 3987 1776 4059 congregati
1835 4003 2014 4058 super

361 4075 464 4131 hoc
519 4075 777 4146 episcopi
837 4075 1223 4131 concordibus
1254 4074 1402 4131 votis
1451 4078 1788 4131 statuerunt
1830 4074 2011 4131 videri

357 4163 469 4219 hoc
501 4163 630 4236 ipso
665 4164 1060 4236 patriarchum
1093 4182 1127 4220 a
1153 4164 1405 4236 Josepbo
1459 4165 1582 4237 jam
1642 4181 1799 4221 nunc
1856 4164 2010 4221 ultro

357 4254 715 4326 depositum,
740 4256 945 4328 utique
967 4254 1323 4326 conditione,
1356 4272 1424 4310 ex
1455 4273 1571 4328 qua
1603 4255 1701 4310 ille
1733 4273 1902 4311 suam
1935 4255 2008 4310 1i-

356 4343 555 4400 beram
573 4344 1006 4401 abdicationem
1021 4346 1556 4416 suspenderat,jam
1579 4344 2006 4418 clareimpleta,

355 4433 600 4505 ipsoque
626 4434 938 4490 manifeste
960 4433 1237 4505 deinceps
1263 4433 1532 4503 inhabili,
1557 4435 2006 4506 propterjusju-

357 4522 607 4575 randum
635 4537 748 4592 quo
771 4538 832 4577 se
856 4521 1268 4588 obstrinxerat,
1297 4523 1365 4576 ad
1396 4538 1524 4577 eam
1567 4524 1882 4594 gerendam
1917 4525 2008 4578 di-

355 4609 659 4680 gnitatem.
693 4611 808 4668 Nec
839 4611 1012 4667 istam
1043 4611 1214 4681 longe
1246 4611 1552 4681 quaesitam
1573 4612 2007 4684 interpretatio-

2121 1973 2606 2054 ἀπακριϐούμενοι.
2639 1985 2836 2054 ’ᾘρετο
2869 1975 2927 2033 δὲ
2979 1981 3161 2050 μεῖζον
3208 1977 3272 2031 τὸ
3317 1975 3553 2050 σχίσμα,
3597 1974 3684 2029 καὶ
3743 1973 3772 2028 ὁ

2123 2068 2253 2143 χθὲς
2309 2066 2396 2122 ἐπὶ
2445 2066 2588 2141 τῷδε
2639 2067 3170 2145 πληροφορούμενος
3224 2067 3462 2139 σήμερον
3520 2063 3776 2140 ἀπεστρέ-

2123 2179 2272 2233 φετν.
2327 2159 2429 2215 Καὶ
2489 2157 2670 2235 ὥσπερ
2730 2157 2783 2213 εἷ’
2832 2180 2916 2221 τις
2964 2157 3440 2232 κακοσπλάγχνως
3487 2150 3632 2231 ἔχων
3664 2153 3778 2209 ἐπι-

2124 2243 2436 2321 συμϐάντος
2493 2248 2582 2303 καὶ
2642 2247 2816 2303 ἄλλου
2873 2249 3188 2321 νοσήματος
3249 2243 3479 2301 διπλοῦν
3541 2243 3658 2320 ἔχει
3715 2245 3776 2298 τὸ

2125 2336 2316 2413 ἄλγος,
2373 2337 2463 2392 καὶ
2515 2339 2578 2393 τὸ
2630 2336 2893 2414 πρότερον
2927 2334 3137 2411 αὔξεται
3169 2340 3238 2411 τῇ
3269 2339 3365 2391 τοῦ
3394 2333 3780 2410 ἐπιγενομένου

2124 2426 2512 2502 προσκρούσει,
2574 2427 2750 2482 ἐκεῖνα
2808 2424 2856 2481 δ’
2902 2425 3057 2490 αὖθις
3087 2426 3223 2501 πρὸς
3269 2423 3495 2496 ἄλληλα
3534 2421 3782 2502 διαφέρε-

2121 2538 2214 2572 τον
2246 2512 2386 2572 ὥστε
2414 2518 2475 2572 τὸ
2509 2517 2586 2582 εἷς
2627 2515 2914 2593 θεραπείαν
2967 2515 3166 2572 τούτου
3221 2516 3310 2571 καὶ
3371 2513 3644 2583 συστολὴν
3704 2511 3782 2575 εἴς

2126 2605 2290 2678 αὔξην
2351 2607 2577 2683 θατέρου
2635 2606 2873 2682 γίνεσθαι
2952 2605 3043 2661 καὶ
3127 2604 3481 2682 ἀπαγορεύειν
3538 2603 3632 2659 τὸν
3687 2622 3786 2658 κα-

2121 2829 2285 2882 sueta
2307 2826 2543 2899 Josephi
2579 2830 2644 2882 ut
2676 2826 3019 2899 patriarchae
3069 2825 3393 2893 mentione;
3447 2827 3503 2880 et
3547 2823 3672 2896 ipse
3703 2823 3776 2880 ad

2120 2919 2365 2971 Lauram
2401 2933 2577 2988 prope
2611 2916 2901 2988 Anapium
2936 2916 3107 2972 sitam
3130 2932 3200 2970 ex
3221 2913 3532 2986 Periblepti
3566 2929 3770 2969 mona-

2120 3004 2296 3060 sterio
2331 3004 2619 3076 migravit.
2671 3005 2951 3074 Ejusdem
3004 3020 3176 3076 porro
3228 3003 3450 3059 mensis
3482 3001 3575 3058 die
3606 3006 3771 3058 sexta

2119 3094 2367 3163 decima,
2402 3093 2640 3151 Nicolao
2680 3092 3136 3149 Chalcedonensi
3187 3092 3371 3149 sacris
3403 3095 3680 3164 operante
3711 3090 3770 3145 in

2120 3183 2322 3255 palatii
2356 3199 2522 3238 sacra
2561 3183 2699 3248 aede,
2725 3182 2946 3255 duplici
3004 3183 3208 3255 lingua
3253 3180 3632 3254 pronuntiata
3659 3184 3768 3249 est,

2121 3290 2294 3342 quam
2329 3276 2557 3338 vocant,
2581 3272 2856 3344 epistola;
2885 3272 2994 3328 fuit
3042 3289 3110 3328 ea
3158 3273 3338 3328 sectio
3369 3288 3437 3327 ex
3462 3270 3613 3326 libro
3647 3271 3769 3324 Ac-

2122 3365 2318 3416 torum
2355 3379 2366 3417 :
2401 3361 2553 3418 Petri
2585 3364 2741 3418 enim
2777 3362 3057 3435 principis
3107 3361 3508 3434 apostolorum
3553 3361 3770 3415 festum

2122 3467 2189 3506 ea
2221 3452 2314 3506 die
2347 3452 2628 3523 agebatur
2659 3451 2827 3518 illud,
2863 3452 3015 3524 quod
3047 3450 3353 3507 consuevit
3383 3448 3641 3504 Ecclesia
3677 3463 3772 3502 ce-

2120 3539 2348 3596 lebrare
2379 3541 2549 3597 titulo
2580 3541 2976 3612 Depositionis
3027 3556 3328 3596 sacrorum
3379 3537 3769 3594 vinculorum.

2119 3634 2363 3684 Sacrum
2391 3647 2626 3702 quoque
2658 3630 3036 3702 Evangelium
3070 3627 3253 3685 simili
3283 3626 3611 3684 differentia
3657 3625 3771 3680 lin-

2119 3734 2370 3789 guarum
2404 3720 2598 3775 Graece
2630 3720 2850 3792 pariter
2878 3723 2933 3776 et
2964 3719 3163 3776 Latine
3202 3718 3508 3774 recitatum
3559 3719 3668 3772 est.
3702 3715 3773 3770 Et

2119 3808 2202 3862 sic
2233 3806 2358 3863 loco
2393 3807 2625 3880 proprio
2655 3811 2820 3882 Papae
2853 3810 3032 3865 etiam
3059 3825 3160 3881 per
3189 3808 3502 3864 diaconum
3551 3805 3767 3862 solem-

2120 3897 2210 3952 nis
2241 3897 2460 3954 mentio
2491 3903 2582 3953 est
2613 3900 2784 3969 facta,
2817 3903 2873 3954 et
2902 3899 3218 3971 Gregorius
3249 3914 3523 3954 summus
3575 3893 3766 3968 ponti-

2118 3987 2209 4042 fex
2241 3986 2572 4058 apostolicae
2606 3987 2873 4044 Ecclesiae
2905 4004 2971 4044 ac
3021 3987 3419 4044 cacumenicus
3451 4002 3604 4059 papa
3633 4001 3765 4056 pro-

2115 4075 2427 4133 clamatus.

2178 4220 2268 4275 23.
2301 4221 2375 4276 De.
2403 4219 2702 4276 schismate
2731 4221 3058 4276 universam
3086 4219 3391 4275 Ecclesium
3419 4217 3704 4273 turbante.

2187 4346 2331 4403 Hine
2367 4364 2457 4404 res
2487 4346 2759 4404 Ecclesiae
2790 4346 3156 4414 laborabant,
3189 4347 3247 4400 et
3277 4341 3774 4415 disjungebantur

2113 4437 2184 4492 ab
2219 4436 2468 4492 invicem
2494 4436 2784 4508 homines,
2807 4438 2949 4493 dum
2973 4436 3215 4491 alterius
3238 4433 3386 4489 alter
3402 4430 3770 4488 communio-

2116 4542 2250 4580 nem
2310 4525 2592 4592 admittit,
2627 4526 2728 4582 alii
2759 4527 2996 4582 odiosas
3027 4523 3158 4580 illas
3207 4521 3443 4579 divortii
3479 4517 3769 4577 formulas

2114 4620 2404 4686 usurpant
2441 4633 2453 4671 :
2493 4640 2514 4666 ει
2551 4617 2698 4672 Cave
2729 4617 2911 4682 adire,
2947 4631 3083 4670 cave
3113 4619 3372 4686 tangere,
3405 4633 3433 4662 »
3471 4609 3765 4683 supersti-

355 4716 486 4755 nem
514 4700 739 4756 censeri
767 4717 958 4771 posse,
994 4701 1094 4756 sed
1119 4716 1313 4754 veram
1361 4683 1794 4772 expressionem
1840 4706 2008 4758 certae
2041 4683 2087 4750 Ι)
2119 4683 2330 4760 ῐὶοείίω
2365 4705 2539 4762 istam
2575 4703 3092 4761 contaminationis
3141 4683 3601 4774 exﬁpromiscuo
3651 4715 3764 4754 usu

351 4789 691 4857 voluntatis,
708 4807 836 4861 quae
859 4807 926 4845 ex
947 4789 1418 4846 conditionatain
1439 4790 1769 4846 absolutam
1793 4795 2002 4847 eventu

353 4879 480 4950 ipso
512 4879 592 4934 rei
619 4896 720 4951 per
751 4879 1146 4935 conditionem
1186 4895 1473 4952 expressae
1497 4880 1818 4946 transierit,
1853 4897 2003 4952 pra:-

354 4969 558 5024 sertim
590 4985 724 5024 cum
756 4971 857 5040 qui
887 4969 1064 5025 ﬁdem
1095 4970 1163 5024 ad
1201 4969 1257 5023 id
1291 4987 1458 5026 suam
1492 4969 1670 5026 etiam
1724 4969 2003 5042 religione

353 5058 717 5114 irrevocabili
767 5059 1090 5131 juramenti
1140 5059 1292 5114 399
1354 5059 1718 5131 obligaverit,
1765 5075 1999 5114 omnem

352 5147 464 5202 sibi
497 5149 568 5203 ad
598 5147 735 5203 inde
767 5148 1151 5204 resiliendum
1184 5147 1757 5219 occluseritexitum,
1782 5165 1888 5204 nec
1910 5148 2001 5202 in-

348 5240 578 5310 tegrum
641 5238 752 5293 sibi
812 5237 1067 5307 amplius
1110 5236 1874 5310 reliquerit,conclusajam
1900 5238 2000 5293 Ec-

349 5324 664 5381 elesiarum
699 5327 1032 5397 concordia,
1064 5325 1124 5381 in
1148 5343 1214 5382 ea
1236 5327 1372 5382 sede
1397 5331 1678 5399 perstare,
1711 5327 1770 5382 in
1803 5345 1918 5397 qua
1939 5342 2001 5383 se

351 5430 466 5469 non
500 5416 904 5486 perstiturum,
956 5415 1003 5470 si
1062 5416 1133 5471 de
1171 5415 1287 5471 ista
1340 5431 1482 5488 pace
1525 5416 1999 5487 convinerentur,

349 5503 466 5558 Deo
500 5503 692 5576 palam
725 5509 874 5560 teste
906 5503 1201 5576 pollicitus
1234 5505 1332 5561 sit.
1389 5506 1486 5561 llis
1537 5507 1606 5561 de
1637 5506 1830 5562 causis
1861 5523 2000 5562 con-

350 5594 510 5649 cordi
532 5593 809 5663 suffragio
840 5594 1079 5648 Patrum
1112 5609 1316 5650 vacare
1364 5595 1533 5651 sedes
1582 5596 1998 5652 Constantino-

352 5682 894 5755 politanajudicata
909 5691 1014 5739 est.
1045 5685 1248 5754 Itaque
1273 5685 1494 5742 mensis
1513 5685 1782 5742 Januarii
1814 5687 1997 5742 unde—

348 5772 504 5829 cima
532 5771 624 5829 die
655 5771 912 5846 primum
945 5786 1116 5829 sacra
1143 5771 1266 5830 ﬁeri
1299 5779 1485 5848 coepta
1526 5779 1668 5832 sunt
1697 5775 1822 5833 sine
1855 5792 1997 5834 con-

2114 4792 2490 4849 formidinern
2527 4811 2713 4865 usque
2746 4794 2814 4849 ad
2867 4793 3169 4848 vitandum
3214 4790 3559 4863 poculorum
3585 4787 3763 4843 etiam

2114 4886 2474 4951 contactum,
2507 4900 2696 4955 usque
2727 4884 2798 4938 ad
2831 4881 3312 4954 compellationes
3352 4877 3764 4934 allocutiones-

2114 4988 2226 5041 que
2257 4972 2611 5029 omittendas
2650 4975 2804 5029 400
2835 4972 3214 5028 extendentes
3248 4987 3262 5026 :
3296 4967 3764 5041 augescebatque

2113 5060 2174 5114 in
2207 5059 2330 5116 dies
2363 5061 2648 5130 scbisma,
2708 5063 2789 5118 ita
2822 5067 2887 5118 ut
2939 5059 3043 5133 qui
3103 5058 3230 5114 heri
3262 5075 3377 5114 non
3438 5055 3767 5111 dubitasset

2114 5151 2537 5206 consuetudine
2556 5151 2640 5206 uti
2663 5152 3018 5223 cujuspiam,
3040 5149 3312 5205 eumdem
3336 5145 3510 5202 hodie
3534 5160 3766 5200 avorsa-

2112 5241 2292 5293 retur.
2318 5241 2398 5294 Ac
2431 5239 2607 5296 veluti
2642 5241 2689 5295 si
2724 5240 2956 5310 cuijam
2985 5238 3136 5295 male
3160 5237 3410 5294 interius
3441 5234 3644 5291 ail'ecto
3670 5250 3768 5288 no-

2111 5344 2219 5382 vus
2252 5327 2488 5384 aliunde
2518 5328 2763 5401 insuper
2795 5329 3036 5386 morbus
3068 5326 3403 5395 accesserit,
3432 5323 3771 5398 duplicatur

2114 5416 2327 5472 misero
2361 5418 2544 5485 dolor,
2571 5424 2628 5474 et
2649 5418 2813 5490 prius
2837 5417 3056 5473 malum
3083 5435 3117 5474 a
3143 5415 3592 5488 superveniente
3635 5412 3770 5468 ian-

2110 5522 2291 5578 guore
2323 5507 2627 5576 gravitatis
2682 5523 2746 5561 ac
2793 5506 3075 5562 molestiae
3108 5511 3494 5578 augmentum
3527 5500 3764 5572 accipit,

2111 5593 2253 5666 quin
2284 5595 2459 5650 etiam
2492 5596 2602 5668 ipsi
2637 5597 2809 5652 ambo
2843 5596 3030 5652 morbi
3064 5599 3330 5668 pugnant
3359 5594 3510 5648 inter
3539 5606 3669 5646 sese
3700 5588 3758 5644 in

2109 5683 2425 5756 perniciem
2443 5685 2662 5756 aegroti,
2684 5687 2854 5757 cujus
2875 5686 2945 5743 ad
2968 5684 3407 5742 incommodum
3433 5678 3758 5735 miseriam-

2108 5791 2221 5846 que
2245 5776 2537 5832 redundat
2559 5776 2716 5847 quod
2739 5793 2865 5848 quae
2889 5773 3150 5832 remedia
3176 5771 3420 5830 levando
3446 5770 3591 5826 forte
3621 5768 3750 5826 lan-
