4080 6424
373 455 482 514 855

1684 459 1986 516 GEORGII
2025 457 2487 513 PACHYHERB

3711 455 3812 510 856

381 601 606 656 μνοντα,
635 579 728 635 τὸν
772 578 934 636 αὐτὸν
990 580 1195 653 τρόπον
1245 581 1336 636 καὶ
1365 576 1490 637 τότε
1519 584 1588 656 τῇ
1611 585 1709 637 τοῦ
1740 586 1873 638 Θεοῦ
1904 582 2026 636 ’Ex-
2061 586 2112 652 Α
2145 579 2382 653 κορὺζης
2417 579 2591 650 ὁπόση
2623 582 2634 636 ί
2669 580 2736 637 Ὀ
2765 600 2816 634 τι
2873 576 2918 634 δ’
2977 576 3037 634 ἄν
3096 601 3178 642 τις
3238 577 3456 634 ἐκεινον
3490 578 3584 632 καὶ
3616 579 3816 637 πείσειε

379 669 586 740 κλησίᾳ
643 664 941 724 συνέϐαινε.
1004 670 1276 743 Προόντος
1333 673 1435 748 γὰρ
1505 672 1882 747 ἀποχρώντως
1941 675 2037 726 τοῦ

379 759 518 814 κατά
566 760 658 813 τὸν
738 758 1016 833 Ἀρσένιον
1094 761 1429 835 σχίσματος,
1500 760 1890 833 ἐπισυμπίπτει
1947 760 2038 815 καὶ

381 846 632 921 δεύτερον
674 845 821 919 τόδε,
875 849 1003 903 ὥστ’
1052 849 1185 903 εἶναι
1241 849 1334 922 μὲν
1382 850 1470 904 καὶ
1522 847 1688 927 ἄμφω
1714 850 1781 903 τὰ
1815 850 2041 922 μέγιστα

383 936 792 1014 ἀρρωστήματα
847 937 937 992 καὶ
995 939 1058 992 τὸ
1135 937 1269 1013 μέγα
1335 942 1435 1007 τῆς
1493 939 1821 1009 Ἐκκτκησίας
1881 944 2041 1011 σῶμα

381 1026 475 1081 καὶ
533 1026 885 1082 ἀστασίαστον
945 1025 1034 1080 οἷά
1085 1047 1143 1082 τε
1201 1025 1671 1100 διαλυμαίνεσθαι,
1729 1024 1848 1090 καὸ’
1905 1027 2042 1082 αὑτά

385 1111 443 1169 δὲ
471 1114 562 1169 καὶ
595 1113 713 1170 λίαν
768 1110 1072 1188 ἀξύμϐατα,
1119 1116 1318 1179 αὐτοὺς
1365 1115 1570 1181 δἀὗθις
1617 1116 1746 1180 τοὺς
1786 1118 2041 1192 ἑκατέρας

387 1202 611 1279 μερίδος
667 1204 806 1279 πρὸς
880 1203 1168 1274 ἀλλήλους
1239 1203 1551 1284 διαφωνεῖν,
1608 1206 1699 1260 καὶ
1756 1205 1884 1268 τοὺς
1947 1205 2040 1279 μὲν

385 1294 469 1364 [Ρ.
501 1294 628 1366 272]
662 1291 856 1360 οὕτως,
900 1291 1028 1354 τοὺς
1080 1291 1125 1347 δ’
1176 1291 1364 1356 ἄλλως
1419 1295 1509 1349 καὶ
1539 1293 1668 1356 τοὺς
1704 1296 1797 1368 μὲν
1826 1293 2042 1361 ἁπλῶς,

382 1378 511 1442 τοὺς
567 1377 615 1434 δ’
672 1376 1053 1455 ἀκριϐέστερον
1114 1379 1416 1446 διακεῖσθαι
1477 1383 1564 1438 ἐπὶ
1621 1388 1700 1456 τῷ
1753 1383 2040 1460 σχίσματι.

387 1469 484 1530 Τίς
541 1465 600 1523 ἄν
659 1468 726 1523 τὰ
781 1468 905 1524 τότε
958 1469 1121 1542 ἀξίως
1171 1472 1460 1544 θρηνήσω,
1520 1471 1658 1526 ὅπου
1705 1495 1766 1548 γε
1809 1473 1898 1528 καὶ
1939 1479 2042 1528 πᾶν

387 1557 616 1612 καὶτῶν
667 1558 1052 1633 ἀπειρημένων
1101 1555 1502 1633 πλημμέλημα
1550 1560 1708 1616 οὐδὲν
1749 1559 1923 1616 ἐδόκει
1955 1563 2042 1616 καὶ

389 1645 466 1706 εἷς
524 1645 857 1720 συγκρίσεως
932 1647 1096 1722 Λόγον
1172 1653 1270 1702 τοῦ
1321 1655 1600 1704 κοινωνεῖν
1657 1650 2044 1726 ἆνεκτότερον;

391 1731 518 1788 οὐδὲ
546 1735 647 1810 γὰρ
709 1734 834 1789 ὅσον
893 1735 982 1789 καὶ
1041 1735 1322 1809 πέπρακτο
1382 1738 1469 1792 ἐπὶ
1508 1745 1624 1800 τοῖς
1653 1738 1754 1810 ἔξω
1786 1737 2050 1816 διεφημί-

395 1827 536 1892 ζετο,
567 1820 715 1876 ἀλλά
739 1822 1092 1898 προσετίθουν
1135 1823 1312 1880 πλείω
1359 1826 1449 1881 καὶ
1504 1827 1778 1903 χείριστα.
1827 1825 2052 1884 Ἐπιδα-

395 1909 754 1985 ψιλευόμενοι
811 1918 925 1975 τοῖς
994 1913 1294 1982 κακίστοις,
1355 1916 1429 1977 ὡς
1483 1914 1542 1970 ἄν
1602 1917 1927 1991 ὑπαγάγοιεν
1959 1915 2048 1970 καὶ
2082 1946 2126 2010 Β

399 2002 493 2057 τὸν
521 2005 706 2063 ποσῶς
736 2002 1104 2078 ἡσυχάζοντα.
1135 2005 1212 2060 Τό
1260 2025 1320 2079 γε
1373 2005 1473 2078 γὰρ
1505 2009 1612 2059 τῶν
1646 2005 1916 2079 λεγόντων
1948 2025 2049 2058 κα-

403 2095 638 2166 κοῦργον
683 2091 768 2145 οιαὶ
816 2096 924 2146 τῶν
971 2089 1279 2147 ἀκουόντων
1337 2090 1611 2148 ἰδιωτικόν
1652 2115 1711 2148 τε
1740 2095 1828 2147 καὶ
1862 2095 2052 2169 ἀγροῖ-

397 2201 493 2236 κον
525 2180 694 2256 ἐπῆγε
749 2179 930 2234 πίστιν
984 2185 1102 2243 τοῖς
1163 2179 1506 2256 λεγομένοις.
1571 2187 1798 2260 Σῶφρον
1833 2183 1925 2255 μὲν
1961 2181 2053 2236 οὖν

396 2271 491 2325 τὸν
521 2269 775 2343 ἀγροῖκον
811 2270 887 2341 μὴ
933 2269 1446 2345 πολυπραγμονεῖν,
1507 2269 1633 2326 ἀλλ’
1689 2272 2057 2347 ἀπραγμόνως

395 2358 579 2422 ἐᾶσθαι
641 2357 926 2426 σώζεσθαι.
986 2360 1085 2415 Ἤν
1147 2356 1204 2414 δέ
1256 2380 1344 2423 τις
1401 2361 1583 2431 κινοίη
1643 2360 1732 2415 καὶ
1793 2358 2054 2436 διεγείροι

391 2449 530 2523 πρὸς
560 2447 623 2503 τὸ
655 2443 814 2517 δῆθεν
865 2447 1254 2526 ἆσφαλίζεσθαι
1305 2451 1372 2504 τὰ
1422 2450 1500 2513 εἷς
1546 2451 1756 2520 πίστιν,
1809 2452 1906 2528 φεῦ
1955 2459 2056 2520 τῆς

390 2591 642 2649 gnorum
659 2576 827 2633 alteri
850 2575 1019 2633 utilia
1040 2576 1660 2644 admoventur,eadem
1687 2577 1865 2633 simul
1883 2577 2046 2633 alteri

385 2665 544 2722 vires
589 2666 982 2734 accumulant,
1033 2665 1117 2721 sic
1156 2665 1256 2722 Dei
1288 2665 1559 2722 Ecclesia:
1591 2671 1731 2722 tunc
1781 2667 2044 2739 contigit,

385 2754 477 2810 cui
509 2770 640 2811 cum
666 2755 793 2826 jam
826 2759 996 2811 antea
1020 2755 1253 2810 abunde
1276 2755 1568 2812 malorum
1601 2760 1758 2812 esset
1779 2772 1848 2811 ex
1869 2761 2046 2812 Arse-

390 2843 566 2900 niano
600 2843 940 2912 schismate,
986 2842 1236 2899 alterum
1289 2843 1397 2900 hoc
1447 2846 1806 2917 supervenit,
1867 2861 2044 2917 grave

390 2937 708 3005 utrumque
739 2949 842 3005 per
885 2949 1014 2989 sese
1043 2931 1282 2999 vulnus,
1315 2933 1415 2988 sed
1460 2935 1709 3005 quodvis
1740 2950 1944 2990 eorum
1975 2950 2044 2990 ex

387 3027 596 3078 mutua
626 3024 901 3078 societate
932 3021 1334 3093 importunius
1357 3039 1422 3078 ac
1442 3023 1670 3088 tetrius,
1700 3039 1914 3094 magno
1935 3023 2040 3078 Ec-

389 3111 580 3167 clesia:
610 3127 852 3184 corpore
883 3116 1180 3184 utcunque
1199 3116 1324 3166 tum
1349 3112 1421 3167 ab
1462 3111 1773 3167 haeresium
1800 3112 2037 3167 seditio-

389 3199 566 3256 nibus
597 3199 780 3256 libero
835 3217 937 3272 per
991 3199 1100 3254 hos
1157 3202 1447 3272 quosdam
1503 3201 1748 3256 infestos
1787 3201 2037 3255 invicem

388 3289 650 3348 assultus
683 3291 1209 3363 compugnantium
1234 3290 1388 3345 intra
1402 3293 1528 3361 ejus
1541 3291 1764 3347 viscera
1785 3293 2036 3364 pestium

387 3379 639 3436 duarum
661 3380 819 3436 varie
845 3380 1140 3452 discerpto
1164 3380 1490 3450 misereque
1516 3379 1788 3435 lacerato.
1822 3381 1882 3435 In
1925 3397 2040 3451 quo

386 3467 532 3523 illud
564 3469 742 3524 etiam
774 3468 1148 3540 in0pinatum
1184 3469 1555 3538 cernebatur,
1576 3469 1752 3539 utqui
1777 3485 1952 3524 unam
1984 3469 2045 3524 in

389 3561 616 3628 partem
667 3556 1075 3612 conscensisse
1125 3557 1497 3625 videbantur,
1548 3574 1755 3612 rursus
1798 3559 1950 3612 inter
1983 3575 2045 3615 se

387 3647 906 3712 contenderent,ea
927 3645 999 3700 de
1017 3645 1236 3716 quibus
1263 3647 2043 3718 convenerant,quibusdam

388 3735 521 3804 hoc,
536 3732 840 3790 nonnullis
861 3733 974 3790 alio
990 3734 1173 3788 modo
1195 3733 1743 3806 interpretantibus,
1761 3736 1852 3791 his
1869 3742 2046 3808 caput

388 3821 797 3880 controversia;
827 3821 1176 3893 simpliciter
1231 3824 1498 3895 accipere
1553 3826 1872 3894 contentis,
1926 3827 2044 3884 illis

389 3910 672 3967 subtilius
702 3909 1326 3967 enucleantibusvelut
1353 3929 1596 3968 arcanos
1629 3915 1758 3986 ejus
1789 3931 2040 3985 sensus;

389 4006 447 4057 et
477 4001 620 4056 dum
653 4001 862 4057 obnixe
891 4001 951 4057 in
985 4018 1094 4056 sua
1142 4002 1359 4074 quique
1409 4003 1619 4076 placita
1668 4005 2041 4074 incumbunt,

386 4089 708 4146 scissuram
740 4091 1224 4162 propagantibus.
1259 4091 1403 4159 Quis
1436 4091 1553 4148 haec
1601 4110 1704 4163 pro
1754 4095 2041 4166 dignitate

383 4179 816 4252 deploraverit?
843 4180 942 4235 ubi
962 4185 1150 4236 totum
1171 4181 1410 4236 demum
1441 4181 1636 4238 scelus
1656 4184 1930 4239 assentiri
1953 4200 2041 4240 re-

383 4269 720 4337 nuentium,
753 4269 805 4324 si
837 4270 971 4341 quis
1003 4285 1072 4324 ex
1103 4285 1236 4324 vero
1269 4275 1552 4340 censeret,
1587 4271 1736 4325 nihil
1769 4288 1900 4327 esse
1934 4274 2038 4328 de-

382 4357 936 4429 prehenderetur,ac
957 4363 1114 4413 certe
1136 4362 1541 4428 comparatum
1566 4374 1700 4414 cum
1725 4359 2042 4417 incommo-

382 4448 474 4502 dis
505 4463 574 4502 ex
605 4446 945 4519 promiscua
975 4463 1108 4502 cum
1142 4447 1307 4519 prius
1327 4447 1606 4503 abscissis
1625 4450 2040 4506 communione

383 4536 711 4592 orientibus
769 4535 1131 4591 tolerabilius
1181 4536 1550 4608 reperiretur.
1621 4538 1822 4610 Neque
1879 4540 2037 4595 enim

380 4629 665 4694 quantum
697 4625 858 4680 intus
885 4625 943 4680 in
976 4641 1042 4680 eo
1074 4630 1164 4680 est
1195 4629 1413 4696 actum,
1448 4626 1603 4682 fideli
1629 4627 1796 4682 famae
1819 4627 2036 4684 indicio

2146 668 2347 743 λέγων.
2384 669 2691 742 μετριάζειν
2718 669 2854 743 πρὸς
2884 672 3051 723 ταῦτα
3091 670 3164 730 ὡς
3202 665 3382 740 μηδὲν
3427 666 3610 723 πλέον
3645 665 3818 722 εἷ’δότα

2151 757 2436 830 μακέλλης
2480 780 2538 813 τε
2584 759 2675 813 καὶ
2727 758 3006 828 σκαπάνης
3058 757 3148 811 καὶ
3203 758 3404 830 βιοτῆς
3440 757 3816 832 ἀπράγμονος.

2147 847 2450 907 Τοιούτους
2482 846 2693 902 πολλοὶ
2732 846 2862 908 τοὺς
2922 844 3169 906 πολλοὺς
3225 846 3491 916 εὑρόντες
3543 843 3818 920 (οὐδὲγὰρ

2146 935 2360 989 πάντων
2397 939 2423 989 ὁ
2456 935 2625 1010 λόγος
2655 936 2900 1008 ἅπτεται)
2958 937 3040 998 οἷς
3091 931 3155 1002 δὴ
3218 933 3310 988 καὶ
3362 931 3539 1007 λόγος
3572 940 3674 1003 τῆς
3708 931 3820 987 δια-

2149 1030 2318 1099 φορᾶς
2351 1027 2701 1100 προειστήκει
2751 1022 2839 1079 καί
2891 1025 3140 1098 ἱστορίασ
3193 1022 3431 1096 μέλημα
3463 1022 3534 1090 ἦν
3568 1022 3660 1077 καὶ
3692 1043 3820 1096 γρα-

2150 1119 2273 1188 φαῖς
2306 1120 2603 1189 προσεῖχον
2635 1115 2722 1168 καὶ
2775 1113 2834 1167 τὸ
2889 1120 2990 1183 τῆς
3051 1111 3344 1173 αἶ’τιάσεως
3381 1112 3598 1166 ὁπόσον
3630 1110 3692 1186 ᾖν
3723 1110 3820 1186 ἐγίο

2148 1223 2380 1272 νωσκον,
2413 1202 2503 1257 καὶ
2554 1202 2662 1276 οὐχ
2703 1205 2866 1270 ἧττον
2925 1200 3155 1275 μετρίως
3196 1201 3229 1269 ἢ
3267 1198 3545 1276 ἀσφαλῶς
3580 1198 3819 1274 ἐχρῶντο

2149 1298 2264 1352 τοῖς
2295 1289 2600 1366 πράγμασι,
2640 1296 2822 1364 μεῖζον
2854 1289 3071 1345 ἐποίουν
3104 1288 3139 1357 ἢ
3184 1288 3310 1343 ὅσον
3347 1285 3463 1344 ἔδει
3497 1288 3562 1343 τὸ
3596 1287 3817 1363 σχίσμα.

2151 1381 2360 1456 Ἐχρῆν
2408 1381 2509 1454 γὰρ
2567 1380 2695 1441 ἴσως
2755 1379 2953 1434 ὁπόσον
2987 1379 3053 1447 ἦν
3092 1379 3220 1452 χθὲς
3250 1377 3313 1432 τὸ
3351 1378 3499 1452 πρὸς
3529 1376 3661 1437 τοὺς
3692 1378 3822 1431 Ἱτα-

2151 1469 2282 1531 λοὺς
2313 1470 2541 1532 ἐκείνοις
2571 1467 2853 1546 διάφορον,
2907 1472 3163 1522 τοσοῦτον
3193 1466 3286 1521 καὶ
3321 1467 3468 1543 πρὸς
3501 1465 3632 1527 τοὺς
3665 1463 3822 1528 ἰδίους

2153 1558 2326 1634 ἔχειν,
2354 1560 2492 1613 ὅπου
2522 1557 2582 1634 γέ
2627 1579 2772 1622 τινες
2828 1557 2917 1612 καὶ
2973 1556 3158 1620 αὐτοῖς
3203 1553 3270 1624 δὴ
3303 1555 3436 1610 τότε
3467 1557 3612 1610 κατά
3642 1556 3819 1631 χρείαν

2153 1652 2546 1710 κοινωνοῦντες
2603 1649 2723 1702 καθ’
2779 1649 2808 1701 ὅ
2864 1667 2916 1699 τι
2973 1667 3054 1708 τις
3099 1644 3289 1712 εἷ’πειε,
3324 1649 3438 1699 τῶν
3471 1643 3631 1700 ἰδίων
3670 1642 3820 1698 ἀδελ-

2157 1741 2270 1813 φῶν
2305 1736 2378 1798 ὡς
2412 1735 2773 1812 ἐναγεστάτων
2835 1733 3128 1790 διίσταντο.
3183 1731 3368 1790 Ἀλλά
3427 1735 3497 1788 τὰ
3555 1735 3651 1807 μὲν
3694 1733 3823 1788 ἐκεί-

2155 1847 2264 1880 νων
2299 1824 2464 1894 οὕτω,
2495 1825 2585 1880 καὶ
2620 1827 2646 1880 ὁ
2691 1825 2856 1901 λόγος
2901 1825 3297 1900 παρενήνεκται
3332 1827 3433 1877 τοῦ
3470 1823 3704 1890 εἰκότος,
3734 1826 3822 1877 τοῦ

2157 1917 2361 1979 πάθους
2412 1917 2754 1985 κινήσαντος.
2819 1913 2959 1971 Οὐδέ
3009 1914 3112 1990 γὰρ
3173 1912 3433 1988 ἐγκαλεῖν
3498 1912 3632 1968 ἀλλ’
3679 1913 3819 1967 ἱστο-

2164 2009 2272 2078 ρεῖν
2332 2005 2689 2078 προεθέμεθα.
2751 2005 2909 2060 ’ΌΟεν
2969 2002 3059 2056 καὶ
3119 2001 3145 2054 ὁ
3205 2001 3302 2074 μὲν
3363 2001 3538 2076 λόγος
3587 2000 3722 2076 ψιλᾶ
3765 1999 3824 2054 τὰ

2163 2093 2476 2168 πραχθέντα
2530 2093 2765 2164 τίθησιν,
2826 2091 3029 2162 ἐξέσται
3085 2088 3142 2144 δὲ
3199 2090 3412 2164 κρίνειν
3465 2096 3546 2164 τῷ
3628 2090 3819 2168 βουλο-

2169 2184 2337 2256 μένῳ.

2167 2290 2269 2346 κδ’.
2331 2290 2464 2365 Ηερὶ
2525 2297 2623 2360 τῆς
2685 2289 2922 2379 ἐκλογῆς
2981 2286 3077 2343 τοῦ
3138 2287 3581 2366 Χαρτοιρύλακος
3637 2290 3826 2344 Βέκκου

2685 2363 2762 2424 εἷς
2793 2363 2854 2416 τὸ
2885 2366 3307 2436 πατριαρχεῖον.

2241 2453 2322 2525 [Ρ.
2353 2453 2480 2524 273]
2540 2451 2676 2508 Τότε
2728 2451 2908 2506 τοίνυν
2966 2453 3067 2504 τοῦ
3128 2449 3224 2521 μὲν
3291 2449 3504 2526 Ἰωσὴφ
3567 2449 3828 2525 ἀργήσαν-

2161 2579 2248 2632 uti
2282 2577 2401 2646 isti,
2434 2578 2547 2633 ben
2580 2596 2757 2650 quam
2793 2581 3023 2651 putide!
3085 2582 3406 2651 faciebant,
3461 2577 3816 2637 effundenda

2161 2665 2510 2721 eruditionis
2548 2667 2970 2735 intempestivas
3003 2670 3381 2726 occasionem
3435 2684 3672 2726 sumere
3717 2666 3808 2720 ob-

2160 2756 2401 2811 ruendis
2431 2755 2912 2828 oblimandisque
2943 2775 3058 2814 non
3090 2759 3624 2831 intelligendorum
3659 2756 3808 2826 inge-

2158 2845 2351 2901 stione
2384 2845 2624 2901 rudium
2663 2847 2985 2915 mentibus,
3037 2848 3139 2903 sed
3189 2865 3436 2903 monere
3469 2847 3632 2919 ipsos
3665 2851 3723 2898 ut
3759 2843 3820 2896 in

2159 2934 2562 2989 mediocritate
2621 2935 2716 2989 isti
2781 2937 2959 2990 statui
3010 2939 3396 2992 accomodata
3429 2953 3494 2992 se
3533 2935 3814 2996 tenerent,

2156 3039 2268 3078 neu
2303 3022 2458 3077 ultra
2490 3040 2744 3078 murram
2778 3021 3806 3096 etligonemvitamquetranquillam

2155 3111 2490 3166 affectarent
2527 3112 2598 3165 de
2641 3112 2733 3166 his
2775 3130 2998 3184 sapere.
3022 3113 3240 3169 Verum
3273 3115 3432 3170 haud
3460 3115 3547 3169 sic
3575 3112 3808 3184 agebant

2149 3201 2248 3271 qui
2271 3199 2438 3255 multi
2458 3200 2676 3255 multos
2702 3201 2846 3258 tales
2870 3207 3231 3273 repererunt.
3259 3204 3390 3260 Non
3415 3203 3573 3259 enim
3615 3213 3807 3256 omnes

2153 3288 2275 3344 haec
2310 3305 2439 3343 mea
2479 3291 2854 3360 reprehendit
2910 3291 3122 3361 oratio,
3177 3292 3276 3347 sed
3344 3292 3506 3347 solos
3565 3307 3660 3345 eos
3709 3284 3799 3358 qui

2159 3384 2531 3451 perspectum
2569 3386 2626 3434 et
2675 3379 3038 3450 propositum
3083 3381 3273 3436 oculis
3307 3381 3597 3437 habentes
3617 3375 3808 3432 discri-

2153 3467 2331 3522 minis
2350 3467 2661 3523 articulum
2687 3469 3160 3525 etcontroversiaa
3185 3474 3330 3525 tunc
3353 3471 3587 3542 agitata:
3607 3480 3796 3522 verum

2151 3561 2394 3624 statum,
2429 3557 2647 3628 quippe
2670 3557 2766 3629 qui
2796 3574 2898 3612 nec
2922 3559 2980 3612 in
3004 3557 3249 3614 historia
3278 3558 3576 3631 peregrini
3601 3556 3802 3618 essent,

2151 3649 2207 3700 et
2233 3646 2548 3717 Scripturis
2571 3648 2964 3714 attenderent,
2988 3651 3045 3702 et
3066 3653 3359 3719 quantum
3395 3647 3456 3702 in
3483 3663 3544 3702 se
3566 3644 3798 3701 invicem

2151 3734 2504 3789 dissidentes
2528 3735 2793 3790 Ecclesiae
2821 3735 3127 3806 culparent
3152 3736 3324 3808 plane
3367 3734 3794 3809 cognoscerent,

2151 3839 2218 3879 eo
2249 3827 2444 3879 tamen
2469 3825 2623 3896 quod
2650 3840 2776 3879 eam
2802 3824 2860 3879 in
2886 3823 2996 3879 hoc
3021 3826 3254 3896 negotio
3291 3826 3452 3882 haud
3492 3823 3796 3880 adhibuere

2151 3910 2640 3977 moderationem,
2675 3927 2803 3982 quea
2835 3913 2906 3966 ad
2942 3928 3145 3984 pacem
3191 3913 3489 3983 publicam
3527 3907 3794 3966 securita-

2147 4002 2388 4071 temque
2417 4000 2675 4071 optanda
2711 4001 2917 4067 fuerat,
2952 4002 3147 4071 majus
3178 4000 3355 4074 longe
3401 4016 3580 4073 quam
3635 4010 3791 4068 cper-

2147 4093 2343 4144 tuerat
2375 4089 2635 4144 schisma
2684 4090 2969 4144 fecerunt.
3014 4090 3171 4145 Satis
3203 4092 3362 4148 enim
3398 4095 3455 4148 et
3487 4089 3788 4162 plusquam

2147 4179 2312 4244 satis,
2347 4179 2574 4249 opinor,
2597 4178 2915 4234 fueratnon
2959 4179 3270 4234 abhorrere
3297 4197 3405 4236 nos
3435 4174 3783 4235 fastidiosius

2146 4285 2178 4322 a
2208 4268 2428 4323 nostris
2459 4267 2559 4338 qui
2593 4267 2766 4322 modo
2827 4267 3120 4323 conciliati
3175 4269 3406 4324 Latinis
3453 4267 3592 4331 sint,
3626 4275 3787 4336 quam

2144 4356 2325 4411 Graeci
2355 4355 2656 4426 Latinique
2680 4354 2844 4424 prius
2881 4372 2913 4410 a
2936 4372 2998 4411 se
3027 4355 3278 4410 invicem
3307 4351 3750 4412 abhorruissent
3776 4359 3787 4399 :

2147 4461 2302 4500 nunc
2335 4445 2621 4517 quosdam
2655 4443 2885 4500 Graecos
2903 4445 3186 4515 vidimus,
3220 4445 3321 4517 qui
3356 4461 3492 4500 cum
3525 4445 3692 4498 antea
3719 4449 3784 4490 ne

2146 4533 2304 4606 ipsos
2336 4533 2575 4606 quidem
2599 4533 2681 4589 ita
2738 4538 2936 4590 essent
2983 4535 3222 4590 Latinos
3263 4533 3516 4590 aversati
3567 4534 3630 4584 ut
3679 4539 3782 4581 non

2144 4623 2344 4695 aliqua
2375 4623 2586 4678 saltem
2608 4639 2705 4679 eos
2729 4624 2973 4680 humani
2997 4641 3139 4680 usus
3163 4641 3228 4680 ac
3255 4624 3443 4680 civilis
3465 4610 3785 4678 commercii

378 4692 522 4770 foris
553 4713 800 4770 enotuit.
823 4713 1132 4768 Addebant
1162 4692 1602 4786 scilicet‘palam
1619 4717 1872 4771 ostensis
1897 4718 2035 4773 abs-
2070 4692 2114 4756 D
2147 4692 2561 4768 communione
2583 4713 2985 4784 dignarentur,
3010 4730 3157 4784 quos
3182 4718 3384 4785 postea
3406 4703 3784 4780 intelligerent

375 4807 544 4858 trusa
595 4802 783 4875 plura,
817 4803 1142 4874 eademque
1189 4803 1468 4872 pessima,
1503 4803 1773 4859 liberales
1804 4804 1899 4859 isti
1932 4821 2032 4860 ex-

377 4897 644 4948 trusores
663 4891 945 4947 mercium
971 4891 1611 4963 pestilentissimarum,
1637 4893 1852 4963 quibus
1876 4893 2032 4949 scili-

379 4987 468 5037 cet
485 4981 777 5037 addictius
799 4979 914 5036 sibi
953 4980 1362 5052 adjungerent,
1395 4997 1544 5051 quos
1567 4985 1778 5037 natura
1799 4982 1885 5037 vel
1917 5000 2027 5038 usu

379 5075 528 5129 40]
592 5073 960 5130 remissiores
1010 5089 1126 5128 non
1182 5073 1328 5128 satis
1375 5073 1670 5128 habebant
1728 5079 2031 5146 utcunque

372 5162 742 5232 acquiescere
771 5162 974 5228 videri,
1009 5164 1248 5233 quando
1306 5162 1442 5217 hinc
1500 5163 1662 5218 fraus
1713 5165 2029 5221 artiﬁciosa

367 5251 711 5319 dicentium,
743 5252 880 5306 inde
910 5252 1273 5307 audientium
1297 5251 1531 5307 incaute
1562 5252 1814 5324 simplex
1844 5255 2026 5310 rusti-

365 5355 549 5410 ceque
574 5338 812 5395 indocta
844 5339 1216 5412 simplicitas,
1269 5341 1692 5413 conspirabant
1722 5343 1780 5397 in
1827 5344 2024 5399 conci-

365 5428 565 5484 lianda
578 5429 752 5485 dictis
769 5428 1081 5502 ﬁde.Atqui
1104 5430 1312 5485 sobriae
1325 5431 1750 5488 moderationis
1769 5432 2024 5488 ofﬁcium

362 5519 556 5573 fuerat
583 5523 911 5590 temperare
929 5519 1001 5573 ab
1033 5518 1416 5588 inquietando
1440 5519 1692 5576 curiosis
1724 5519 2027 5593 allegatio-

366 5607 544 5662 nibus
575 5623 775 5664 crasso
791 5611 964 5678 captu
988 5606 1330 5675 idiotarum;
1364 5614 1420 5663 et
1449 5609 1496 5664 si
1543 5609 1684 5680 quid
1705 5609 2022 5681 quisquam

360 5695 630 5767 ipsorum
658 5694 824 5751 dubii
883 5699 1164 5764 moveret,
1197 5711 1264 5749 ac
1321 5701 1604 5766 przetextu
1664 5697 1888 5754 scilicet
1917 5699 2020 5755 Ιίν-

368 5784 570 5839 mandi
592 5799 656 5839 se
675 5783 737 5838 in
761 5783 875 5838 ﬁde
895 5788 1053 5839 recta
1082 5784 1425 5854 questionis
1446 5785 1868 5857 interponeret,
1899 5804 2018 5844 non

2144 4818 2347 4874 pacem
2407 4802 2802 4858 Ecclesiarum
2863 4802 3184 4874 amplexos,
3237 4804 3448 4858 fratres
3493 4799 3626 4854 licet
3654 4804 3781 4849 suos

2144 4892 2628 4948 abominarentur
2650 4895 2715 4947 ut
2733 4892 3251 4947 detestabiles.Sed
3277 4893 3348 4947 de
3372 4890 3465 4945 his
3485 4888 3776 4942 hactenus:

2137 4982 2260 5052 jam
2295 4981 2450 5036 enim
2501 4979 2690 5036 sentio
2750 4980 2905 5035 exire
2974 4996 3066 5035 me
3106 4980 3266 5036 ﬂuxu
3318 4974 3603 5034 sermonis
3634 4968 3775 5026 ultra

2137 5071 2313 5126 officii
2337 5069 2647 5136 cancellos,
2671 5069 2813 5124 dum
2833 5069 3040 5124 efferor
3071 5069 3303 5137 affectu,
3331 5067 3638 5123 immemor
3666 5069 3770 5112 non

2139 5160 2480 5226 accusandi,
2502 5158 2601 5214 sed
2625 5159 2901 5214 narrandi
2927 5157 3262 5230 suscepisse
3289 5174 3381 5212 me
3407 5146 3771 5228 provinciam.

2137 5255 2326 5315 Quare
2356 5250 2414 5304 in
2447 5249 2599 5304 402
2649 5249 2848 5303 orbem
2891 5248 3016 5319 jam
3045 5265 3198 5304 nunc
3230 5247 3429 5304 redeat
3459 5238 3657 5304 oratio,
3691 5245 3773 5329 res

2137 5341 2294 5396 nude
2315 5343 2380 5394 ut
2396 5347 2572 5410 gestas
2605 5337 2726 5394 sint
2757 5354 3090 5410 proponens
3115 5333 3468 5409 judicaturis
3499 5345 3599 5402 pro
3628 5322 3774 5380 arbi-

2135 5430 2246 5486 trio
2278 5428 2618 5485 lectoribus.

2132 5530 2222 5584 24.
2259 5531 2330 5584 De
2360 5529 2629 5586 electione
2660 5525 3106 5598 chartophylacis
3141 5527 3290 5583 Vacci
3334 5523 3393 5579 in
3415 5507 3752 5594 patriarcha-

2722 5600 2830 5655 lem
2851 5599 3207 5670 dignitatem.

2203 5699 2368 5755 Tunc
2398 5697 2601 5770 igitur,
2632 5700 2900 5765 vacante,
2933 5702 3000 5752 ut
3019 5697 3242 5753 dictum
3275 5697 3381 5759 est,
3415 5704 3511 5762 per
3540 5673 3758 5754 deposi-

2130 5787 2352 5844 tionem
2384 5786 2622 5859 Iosephi
2645 5785 3025 5859 patriarchali
3057 5787 3218 5854 sede,
3265 5787 3322 5841 et
3367 5780 3417 5836 ei
3448 5774 3543 5850 qui
3575 5778 3761 5828 succe-
