4080 6430
322 437 433 493 857

1410 441 1507 494 ΒΕ
1545 442 1920 498 MICHAELE
1957 441 2403 502 PALBOLOGO
2437 446 2572 499 LIB.
2613 447 2684 500 ν.

3645 446 3750 499 858

315 583 432 632 τον,
478 561 554 626 ὡς
609 561 998 638 προλέλεκται,
1056 570 1158 633 τῆς
1215 561 1264 619 δ’
1323 562 1654 635 Ἑκκλησίας
1715 566 1984 635 ζητούσης
2015 569 2061 635 Α
2097 586 2192 627 κος
2223 564 2468 624 ἐδέδεκτο
2513 567 2805 645 ἀξιώτερος
2861 567 2927 624 τά
2977 589 3036 624 τε
3092 565 3236 626 ἂλλα
3265 568 3354 624 καὶ
3387 567 3468 623 ὅτι
3501 567 3687 645 λόγιος
3719 571 3746 623 ὁ

317 655 411 710 τὸν
445 655 923 728 προστησόμενον,
958 653 1166 710 πολλοὶ
1222 654 1558 731 ἐνεκρίνοντο
1605 660 1712 710 τῶν
1751 652 1979 710 δοκούν-

319 765 427 798 των
459 742 564 799 ἀπό
594 765 653 799 τε
683 765 789 798 των
829 748 1091 819 ξιοναχῶν
1139 745 1228 798 καὶ
1277 749 1385 798 τῶν
1425 743 1611 806 ἄλλως
1643 743 1974 816 ἱερωμένων,

317 827 512 908 ἔῤῥεπε
547 829 605 886 δὲ
634 833 803 888 πλέον
836 835 870 902 ἡ
904 836 1087 911 ψῆφος
1131 839 1209 904 τῷ
1258 833 1542 910 Πρίγκιπι,
1592 830 1745 906 ἀνδρὶ
1778 833 1981 906 εὐγενεῖ

321 922 416 994 μὲν
450 942 514 976 τα
566 920 626 983 ἐς
672 924 849 996 γένος,
900 922 959 977 ἐκ
1008 922 1323 998 ῐῐριγκίπων
1381 921 1436 976 δὲ
1488 927 1596 976 τῶν
1629 923 1763 976 κατά
1795 921 1976 976 Πελο-

318 1011 594 1083 πόννησον
628 1015 913 1087 κατάγοντι
969 1014 1032 1068 τὸ
1090 1013 1362 1084 ἀνέκαθεν,
1424 1013 1618 1076 ὁπόθεν
1672 1015 1791 1075 νέος
1851 1012 1983 1083 ξενι-

317 1099 514 1164 τεῦσας
571 1105 688 1157 κατ’
748 1101 944 1177 ἀρετῆς
1001 1100 1200 1177 λόγους
1273 1104 1361 1157 καὶ
1422 1101 1706 1164 πολιτείας
1760 1097 1982 1175 ἀκριϐε-

323 1196 528 1262 στάτης
560 1187 611 1246 ἓν
662 1213 766 1246 τινι
823 1195 928 1246 τῶν
987 1193 1126 1247 κατὰ
1181 1193 1280 1260 τῆν
1341 1191 1614 1260 ἀνατολὴν
1678 1195 1858 1263 μονῶν
1886 1196 1982 1245 τοῦ

322 1282 574 1344 Μέλανος
632 1279 818 1357 ὅρους,
871 1281 1008 1337 ὅπου
1065 1305 1125 1358 γε
1176 1283 1264 1337 καὶ
1323 1284 1414 1337 τὸν
1467 1283 1572 1337 ἀπὸ
1624 1287 1980 1358 πατριαρχῶν

321 1371 597 1446 Γερμανὸν
660 1371 840 1426 ἀσκεῖν
902 1371 1184 1446 ἐλέγομεν,
1246 1373 1424 1447 φέρων
1484 1370 1670 1426 ἐαυτὸν
1728 1369 1981 1446 ἐγκλείει.

324 1461 564 1524 Ἐκεῖθεν
627 1457 688 1515 δὲ
742 1461 875 1534 μετᾶ
934 1459 1169 1535 χρόνους
1224 1465 1304 1533 τῷ
1367 1458 1585 1535 βασιλεῖ
1639 1463 1983 1535 προσχωρεῖ,

323 1550 415 1604 καὶ
447 1551 549 1619 τήν
579 1555 677 1605 τοῦ
738 1549 1172 1625 Παντικράτορος
1234 1551 1405 1622 μονὴν
1462 1549 1789 1620 πιστευθεὶς,
1823 1569 1984 1603 κατα-

341 1638 466 1700 στὰς
499 1638 576 1700 εἷς
608 1635 1068 1714 ἀρχιμανδρίτην,
1121 1640 1234 1693 εἶτα
1284 1639 1373 1692 καὶ
1417 1639 1484 1692 τὰ
1537 1638 1670 1714 πρὸς
1701 1637 1826 1699 τοὺς
1859 1639 1982 1692 ἁνα-

331 1727 592 1790 τολικοὺς
653 1727 943 1803 Τοχάρους
999 1723 1445 1802 διαπρεσϐεύσας,
1506 1728 1605 1795 τήν
1663 1727 1820 1790 νόθον
1869 1729 1990 1782 Μα-

338 1816 454 1891 ρίαν
513 1821 609 1872 τοῦ
672 1815 942 1893 βασιλέῶς
995 1817 1070 1880 είς
1130 1817 1348 1894 νύμφην
1410 1817 1626 1894 ἀγαγὼν
1681 1817 1854 1872 ἐκεῖσε
1908 1821 1987 1888 τῷ

333 1907 567 1982 Ἀπαγᾷ,
619 1907 755 1982 πρός
801 1929 909 1961 τινι
956 1905 1169 1980 κεΛλίῳ
1216 1914 1318 1976 τῆς
1368 1908 1473 1960 τῶν
1528 1904 1773 1981 Ὀδηγιίν
1819 1913 1988 1977 μονῆς

331 1991 642 2057 ἐπανελθὼν
690 1992 985 2068 ἡσύχαζεν.
1039 1996 1293 2068 Ὕστερον
1351 1991 1407 2048 δὲ
1463 1993 1560 2049 κάν
1609 1997 1676 2067 τῇ
1726 2000 1826 2062 τῆς
1863 1996 1987 2049 Ἀν-

330 2082 580 2157 τιοχείας
631 2081 898 2154 ἐκκλησίᾳ
948 2082 1024 2146 εἷς
1071 2085 1420 2159 πατριάρχην
1475 2083 1809 2145 καθίσταται.
1846 2081 1987 2138 Τότε

326 2170 384 2228 δὲ
417 2173 724 2228 καθἀὖτὸδ
781 2169 894 2227 ὄντι
948 2175 1038 2228 καὶ
1093 2174 1426 2249 ἡσυχάζοντι
1478 2176 1511 2243 ἡ
1568 2177 1749 2249 ψῆφος
1796 2170 1988 2249 ἕῤῥεπε

321 2267 430 2318 τῶν
469 2261 679 2317 λοιπῶν
712 2261 878 2318 πλέον
915 2263 989 2326 εἷς
1015 2263 1043 2318 ’ὀ
1089 2271 1189 2334 τῆς
1238 2265 1375 2319 κατὰ
1403 2265 1504 2332 την
1541 2261 1983 2318 Κωνσταντινοῦ-

323 2350 490 2407 πολιν
528 2349 856 2422 Ἐκκλησίας
903 2354 1325 2428 προστήσεσθαι.
1382 2350 1488 2408 Κᾶν
1537 2351 1768 2428 ἐγεγόνει
1799 2356 1984 2421 τοῦτο,

323 2439 389 2511 ἤν
429 2443 503 2515 μή
532 2442 591 2518 γέ
618 2463 760 2504 τινες
806 2463 914 2496 των
965 2441 1266 2517 ἀρχιερέα-ι
1323 2440 1577 2496 εὐδόκουν
1619 2440 1706 2496 ἐπὶ
1737 2446 1816 2513 τῷ
1850 2440 1986 2497 Bsx-

321 2552 428 2604 κῳ,
463 2533 578 2604 ἅμα
611 2531 706 2603 μὲν
769 2530 1152 2606 χαρτοφύλακι
1214 2527 1350 2599 ὄντι,
1403 2530 1514 2604 ἅμα
1549 2529 1605 2585 δὲ
1631 2530 1722 2586 καὶ
1757 2529 1984 2606 μεγάλῳ

323 2618 715 2698 σκευοφύλακι,
765 2620 855 2675 καὶ
899 2619 1060 2682 κλέος
1113 2618 1298 2695 ἔχοντι
1337 2621 1615 2696 μέγιστον.
1671 2619 1985 2683 Ἀνατεθέν-

318 2730 429 2764 των
464 2706 511 2764 δ’
540 2707 630 2764 ἐπὶ
660 2713 742 2782 τῷ
776 2707 993 2786 βασιλεῖ
1047 2713 1157 2764 τῶν
1215 2712 1353 2765 κατά
1387 2710 1482 2772 τὰς
1510 2712 1750 2789 ψήφους,
1786 2710 1814 2764 ὁ
1847 2709 1980 2766 Βέκ-

327 2925 486 2981 deret
517 2926 576 2982 in
609 2925 700 2981 sui
727 2942 928 2981 curam
953 2924 1210 2981 Ecclesia
1238 2923 1715 2998 poscente,multi
1740 2925 1982 2996 quidem

339 3014 529 3069 idonei
562 3015 632 3088 ad
667 3013 774 3070 hoc
799 3014 910 3070 visi
962 3015 1443 3086 designabantur,
1495 3031 1612 3084 qua
1660 3031 1727 3069 ex
1777 3030 1982 3068 mona-

331 3103 603 3176 chis,qua
633 3121 702 3160 ex
731 3105 974 3160 alterius
1001 3104 1256 3158 instituti
1286 3102 1980 3159 sacerdotibus.Plurium

326 3195 526 3248 tamen
581 3193 639 3248 in
672 3192 1004 3265 Principem
1041 3193 1322 3265 suffragia
1353 3193 1814 3264 propendebant.
1852 3196 1985 3246 Erat

2093 656 2228 731 ἀνὴρ
2259 657 2348 710 καὶ
2402 657 2785 713 καταστέλλειν
2847 653 2965 734 ἔχει
3021 660 3082 713 τὸ
3139 659 3352 735 σχίσμα
3398 662 3467 732 τῇ
3524 656 3610 712 ἐπὶ
3650 664 3748 726 τῆς

2095 745 2420 816 Ἐκκλησίας
2460 747 2818 824 πολυχρονίῳ
2878 748 3040 822 πείρᾳ
3095 749 3181 802 καὶ
3245 746 3556 822 λογιότητι.
3589 748 3745 811 Ὃθεν

2094 836 2183 889 καὶ
2241 839 2566 912 συναχθντες
2656 838 2707 891 οἱ
2794 838 3069 912 ἀρχιερεῖς

2095 925 2240 980 Θείου
2271 927 2359 980 καὶ
2404 925 2649 1000 μεγάλου
2707 923 2964 998 τεμένους
3024 922 3114 981 ἕνα
3170 926 3260 980 καὶ
3314 927 3407 980 τὸν
3469 925 3748 982 αὐτὸνκαὶ

2094 1019 2310 1086 πρῶτον
2339 1016 2427 1070 καὶ
2480 1013 2724 1089 δεύτερον
2783 1015 3114 1092 ψηφίζονταί
3166 1039 3222 1070 τε
3269 1017 3358 1070 καὶ
3405 1017 3608 1090 τρίτον.
3650 1017 3747 1072 Καὶ

2098 1104 2125 1157 ὁ
2159 1104 2355 1166 Βέκκος
2408 1103 2626 1178 εἷ’κοστῇ
2691 1105 2782 1176 μὲν
2843 1105 2932 1160 καὶ
2991 1102 3116 1179 ἕκτῃ
3183 1108 3538 1177 Πυανεψῶνος
3575 1105 3749 1177 μηνὸς

3150 835 3204 891 ἐν
3261 842 3443 910 ταυτῐξ)
3508 835 3595 892 ἐπὶ
3652 841 3748 891 τοῦ

2095 1193 2230 1247 κατὰ
2256 1195 2354 1262 τήν
2389 1195 2583 1267 ἓορτήν
2640 1198 2746 1248 τῶν
2803 1195 2968 1268 ἁγίων
3028 1195 3279 1270 Πατέρων
3324 1198 3428 1248 τῶν
3463 1192 3513 1247 ἐν
3548 1191 3749 1264 Νικαίᾳ

2097 1282 2446 1357 πατριάρχης
2489 1277 2887 1356 προϐέϐληται,
2935 1281 3157 1359 δευτέρᾳ
3204 1281 3261 1338 δὲ
3301 1287 3749 1357 Ματμακτηριῶ-

2097 1392 2208 1436 νος,
2268 1374 2336 1444 τῇ
2395 1370 2621 1444 ἐπιούσῃ
2680 1375 2949 1446 Κυριακῇ,
3010 1371 3062 1425 ἐν
3119 1371 3376 1446 ἐπισήμῳ
3433 1370 3615 1445 ἡμέρᾳ
3651 1375 3746 1424 τοῦ⁹

2099 1458 2436 1533 Πνεύματος,
2469 1461 2535 1514 τὰ
2564 1465 2659 1514 τοῦ
2694 1460 3006 1529 [Ινεῦματος
3052 1457 3269 1536 δέχεται
3313 1461 3402 1516 καὶ
3444 1459 3750 1516 τελειοῦται

2098 1549 2403 1624 ἀρχιερεύς.
2454 1550 2515 1607 Ὁ
2571 1549 2752 1623 μέντοι
2804 1571 2866 1623 γε
2919 1549 3173 1625 βασιλεὺς
3221 1551 3302 1604 ἐπ’
3334 1549 3523 1622 ἐκείνῳ
3558 1551 3752 1623 μικρὸν

2101 1640 2379 1713 σχολάσας
2425 1639 2515 1693 τὸν
2570 1644 2714 1708 νοῦν,
2777 1639 2851 1700 ὡς
2909 1639 2966 1693 ἂν
3021 1661 3080 1715 γε
3139 1641 3435 1710 κατασταίη
3487 1641 3623 1714 πρὸς
3649 1641 3747 1708 τὴν

2101 1729 2185 1801 [Ρ.
2246 1729 2372 1802 274]
2430 1729 2801 1802 πνευματικὴν
2881 1726 3093 1798 ἐκείνην
3169 1729 3375 1804 ἀρχὴν,
3436 1729 3496 1782 τὸ
3553 1727 3749 1783 λοιπὸν

2099 1823 2388 1890 κοσμικαῖς
2422 1815 2602 1872 ἐδιδου
2635 1817 2931 1894 φροντίσιν,
2965 1815 3123 1879 εἰδὼς
3165 1817 3345 1872 ἰκανὸν
3390 1817 3590 1872 ἐκεῖνον
3625 1813 3752 1873 ὄντα

2098 1907 2161 1960 τὰ
2190 1913 2291 1976 τῆς
2325 1905 2652 1977 Ἐκκλησίας
2683 1907 2883 1970 ἰθύνειν
2940 1909 3055 1980 μετ’
3084 1907 3385 1981 αύτάρκους
3443 1909 3630 1982 πείρας
3662 1906 3751 1960 καὶ

2096 2002 2195 2064 τῆς
2255 1995 2378 2070 περὶ
2434 2001 2605 2050 ταῦτα
2659 1996 3003 2068 παμπόλλης
3059 1996 3336 2058 συνέσεως.
3401 2002 3639 2072 Παρεῖχε
3697 1993 3754 2050 δέ

2099 2085 2150 2138 οἱ
2184 2083 2403 2157 ἕτοιμον
2436 2085 2620 2139 ἑαυτὸν
2685 2084 3063 2159 συλλήψεσθαι
3123 2085 3172 2147 ἐς
3232 2087 3261 2140 ὅ
3311 2108 3364 2141 τι
3423 2086 3513 2140 καὶ
3552 2084 3750 2153 δέοιτο,

2095 2171 2334 2243 ἐλπίζων
2369 2176 2494 2250 παρ’
2552 2174 2760 2230 ἐκείνου
2809 2175 2899 2229 καὶ
2960 2174 3120 2236 αὐτὸς
3177 2175 3244 2230 τὰ
3302 2177 3470 2247 ὅμοια
3499 2176 3752 2248 πάσχειν.

2098 2261 2314 2318 Ἐδίὸου
2348 2261 2405 2318 δέ
2436 2263 2486 2318 οἱ
2517 2264 2606 2317 καὶ
2639 2262 2942 2340 παρῥησίας
2995 2265 3182 2339 χώραν
3236 2262 3585 2338 ἐντυγχάνειν
3620 2263 3754 2336 ὑπὲρ

2096 2353 2397 2428 ἀνθρώπων
2431 2353 2496 2406 τὰ
2526 2351 2822 2424 πρέποντα,
2874 2352 2964 2407 καὶ
3013 2374 3076 2427 γε
3127 2351 3361 2420 ἀνύτειν,
3398 2353 3471 2406 ὡς
3517 2352 3578 2406 οὒ
3611 2353 3756 2426 παρά

2092 2442 2154 2495 τὸ
2184 2439 2300 2495 δέον
2351 2439 2751 2515 ἐντευξόμενον.
2809 2443 3030 2515 Διένεμε
3075 2442 3176 2516 λᾶιρ
3228 2440 3416 2496 ἐαυτὸν
3468 2439 3600 2516 δίχα
3635 2445 3754 2503 τοῖς

2091 2552 2150 2585 τε
2197 2529 2481 2604 δεομένοις
2529 2531 2578 2604 ἐξ
2629 2529 2820 2593 ἐλέους
2870 2530 2926 2586 εὗ
2970 2533 3203 2606 πάσχειν
3253 2537 3372 2594 τοῖς
3419 2553 3478 2587 τε
3517 2531 3753 2610 φερομέ-

2091 2641 2206 2682 νοις
2238 2620 2329 2674 καὶ
2360 2641 2411 2674 τι
2444 2623 2581 2695 πρὸς
2633 2621 2918 2697 ἀποφυγὴν
2968 2624 3073 2675 τῶν
3121 2619 3482 2694 ἐγκλημάτων
3526 2617 3754 2675 δικαίωο

2096 2731 2192 2783 μα.
2223 2710 2316 2765 Καὶ
2348 2716 2466 2773 τοῖς
2502 2710 2597 2783 μὲν
2655 2711 2754 2772 τὰς
2811 2710 2891 2788 ἐφ’
2954 2711 3146 2766 ἑαυτοῦ
3186 2714 3629 2787 προσωποποιῶν
3661 2707 3757 2764 λι-

2093 2923 2443 2996 toritateque
2475 2925 2755 2997 praeditus
2789 2942 2944 2980 unus
2974 2925 3180 2997 utique
3212 2925 3479 2981 omnium
3506 2923 3746 2996 aptissi-

2093 3027 2229 3066 mus
2279 3013 2577 3068 videretur
2604 3015 2672 3069 ad
2706 3014 3216 3087 comprimendum
3249 3015 3530 3082 schisma,
3567 3030 3743 3085 nego-

2092 3102 2362 3173 tiumque
2393 3104 2720 3159 concordiae
2750 3109 2995 3161 eatenus
3028 3110 3367 3177 promotum
3397 3106 3510 3160 {ine
3551 3108 3756 3176 Optato

2107 3193 2531 3246 coronandum.
2561 3194 2707 3264 Ergo
2739 3194 2848 3248 rite
2888 3195 3223 3266 congregati
3270 3195 3425 3266 apud
3470 3193 3759 3266 templum

328 3281 380 3337 is
401 3298 617 3354 genere
643 3281 1075 3349 nobilissimus,
1096 3299 1125 3337 e
1148 3281 1325 3337 veteri
1350 3282 1624 3354 prosapia
1649 3282 1983 3353 Principum
2018 3316 2060 3383 Ο
2100 3281 2294 3351 majus
2328 3282 2612 3354 episcopi,
2639 3283 3081 3354 praerogativam
3113 3283 3486 3356 imperatoris
3509 3299 3762 3355 sequen-

327 3371 772 3444 Pelopponneso
803 3370 1272 3440 imperitantium
1305 3396 1318 3437 ;
1351 3371 1506 3425 unde
1531 3370 1767 3441 juvenis
1799 3371 1986 3440 profe-

326 3467 460 3516 ctus
491 3461 620 3516 vitae
654 3461 1016 3533 perfectioris
1063 3461 1400 3532 profitendae
1454 3459 1643 3532 gratia
1691 3460 1748 3514 in
1804 3460 1991 3531 quod-

303 3549 469 3606 'dam
517 3549 831 3606 Orientalis
862 3554 1080 3606 tractus
1113 3549 1534 3606 monasterium
1571 3549 1786 3604 Montis
1820 3549 1992 3621 nigri,

334 3641 435 3696 ubi
460 3645 517 3695 et
539 3639 1004 3712 expatriarcham
1031 3643 1390 3695 Germanum
1416 3639 1805 3693 monasticam
1835 3654 1994 3692 excr-

335 3728 534 3786 cuisse
565 3728 744 3784 vitam
777 3728 1058 3794 diximus,
1083 3744 1148 3784 eo
1180 3745 1309 3783 sese
1340 3727 1600 3782 inclusit.
1638 3727 1777 3782 Inde
1811 3727 1996 3782 multo

335 3824 475 3893 post
503 3823 768 3892 tempore
799 3819 869 3873 ad
901 3819 1313 3890 imperatorem
1348 3816 1654 3883 accedens,
1674 3815 1996 3872 commisso

333 3911 449 3966 sibi
475 3909 913 3964 Pantocratoris
946 3907 1304 3963 monasterio
1338 3897 1812 3962 archimandritas
1837 3911 1998 3977 pote-

332 4003 488 4056 state
523 3998 774 4071 praal'uit.
809 3997 1029 4052 Deinde
1059 3996 1354 4068 legatione
1388 3996 1626 4050 functus
1674 3995 1744 4050 ad
1799 3995 1995 4051 orien-

329 4088 482 4144 tales
529 4086 845 4154 Tocharos,
894 4090 950 4141 et
995 4085 1179 4142 Maria
1231 4085 1607 4157 imperatoris
1660 4084 1781 4140 filia
1815 4083 1994 4139 notha

329 4178 389 4234 in
425 4194 706 4249 sponsam
733 4193 798 4233 eo
823 4177 1000 4231 ducta
1022 4176 1461 4248 conjunctaque
1483 4177 1994 4248 Apagaz,reversus

328 4269 388 4324 in
447 4267 701 4339 quadam
753 4265 969 4322 cellula
1017 4265 1362 4322 monasterii
1409 4265 1781 4337 Hodegorum
1832 4268 1999 4319 tran-

335 4357 536 4425 quillae
562 4356 692 4412 vitae
725 4372 790 4411 ac
821 4354 1301 4426 contemplationi
1336 4372 1397 4410 se
1429 4354 1998 4410 reddidit.lnsecutis

333 4445 705 4517 temporibus
747 4445 976 4501 vacanti
1029 4449 1262 4513 pastore
1303 4443 1678 4499 Antiochense
1728 4442 1995 4499 Ecclesiae

329 4535 671 4607 patriarcha
729 4539 818 4590 est
877 4535 1246 4604 prmpositus.
1307 4533 1476 4589 Hunc
1534 4537 1661 4588 tum
1718 4533 1873 4605 apud
1933 4549 1996 4589 se

327 4629 599 4697 agentem
619 4623 1053 4696 tranquilleque
1067 4622 1334 4695 religioni
1351 4628 1691 4694 operantem
1710 4622 1992 4695 plurium,

329 4712 771 4781 utdixi,calculi
787 4713 854 4767 ad
872 4711 1536 4782 Constantinopolitana
1551 4711 1709 4766 sedis
1730 4712 1993 4784 regimen

325 4803 636 4859 vocabant.
670 4801 1176 4872 Pervicissentque
1209 4801 1362 4871 quod
1396 4799 1689 4871 volebant,
1723 4801 1835 4856 nisi
1869 4818 1986 4858 non

326 4908 508 4964 parvo
530 4891 864 4949 antistitum
890 4907 1138 4947 numero
1163 4891 1353 4962 potior
1374 4891 1445 4945 ad
1470 4907 1596 4946 eam
1625 4906 1746 4945 rem
1765 4890 1989 4948 Veccus

330 4983 545 5042 fuisset
575 4984 760 5046 visus,
795 4982 895 5056 qui
930 4986 985 5037 et
1015 4982 1076 5037 in
1129 4981 1339 5038 ofﬁciis
1390 4981 1673 5038 momenti
1726 4982 1989 5050 maximi,

327 5071 804 5145 chartophylacis
862 5069 1244 5142 supremique
1291 5069 1558 5124 custodis
1605 5067 1992 5141 supellectilis

325 5177 524 5235 sacrm,
558 5163 734 5218 ﬁdem
768 5165 942 5232 atque
974 5161 1330 5216 industriam
1367 5176 1522 5216 nunc
1551 5176 1684 5214 cum
1729 5159 1982 5215 maxime

324 5255 621 5323 probaret,
673 5257 730 5308 et
778 5267 1016 5307 summa
1061 5250 1121 5305 in
1169 5248 1611 5305 existimatione
1645 5249 1799 5304 403
1835 5249 1993 5320 apud

323 5355 531 5400 omnes
589 5344 765 5397 esset.
825 5345 908 5396 Ea
975 5338 1391 5412 suffragiorum
1459 5337 1790 5394 differentia
1848 5353 1984 5394 cum

317 5429 520 5488 delata
587 5431 658 5487 ad
728 5432 1058 5501 Augustum
1137 5433 1294 5484 esset
1359 5432 1416 5483 et
1495 5427 1623 5498 ejus
1693 5425 1963 5482 voluntat

311 5520 752 5596 compromisso
776 5516 1192 5591 permissa,ille
1214 5517 1369 5573 haud
1395 5521 1712 5572 cunctatus
1735 5515 1990 5572 Veccum

2106 3373 2217 3441 tes,
2251 3387 2464 3442 magno
2499 3389 2789 3428 consensu
2841 3373 3157 3450 studioque
3207 3373 3434 3444 primis,
3486 3372 3764 3428 secundis

2109 3459 2418 3530 tertiisque
2449 3461 2746 3532 suﬂragiis
2795 3465 3046 3516 Veccum
3097 3463 3370 3517 eumdem
3423 3478 3609 3516 unum
3656 3479 3760 3532 pa-

2106 3548 2427 3604 triarcham
2488 3550 2880 3606 declararunt.
2939 3551 3162 3606 Veccus
3229 3550 3412 3623 igitur
3479 3556 3644 3606 sexta
3708 3554 3766 3605 et

2107 3637 2387 3694 vicesima
2409 3639 2633 3695 mensis
2657 3639 2814 3708 Maii,
2838 3642 2982 3695 l'esto
3007 3644 3343 3695 sanctorum
3369 3641 3762 3696 Nicaeensium

2110 3725 2373 3794 Patrum,
2393 3728 2732 3798 patriarcha
2754 3733 2984 3784 creatus
3007 3733 3123 3785 est:
3145 3730 3402 3785 secunda
3425 3746 3555 3785 vero
3577 3728 3761 3796 Junii,

2111 3815 2407 3871 dominica
2432 3818 2694 3888 proxime
2719 3823 2940 3885 secuta,
2964 3819 3180 3874 illustri
3205 3820 3276 3875 de
3300 3819 3555 3890 Spiritus
3578 3819 3765 3874 sancti

2110 3904 2366 3975 Spiritus
2392 3906 2657 3976 ejusdem
2692 3923 2796 3978 per
2827 3924 3054 3962 sacram
3096 3909 3525 3964 ordinationem
3577 3908 3766 3979 parti-

2107 4008 2242 4065 ceps
2276 3993 2487 4065 lactus,
2521 3995 2629 4049 rite
2661 3995 3055 4067 inauguratus
3100 3997 3157 4051 in
3208 3997 3605 4069 patriarcham
3654 4000 3764 4053 est.

2111 4083 2438 4154 Imperator
2469 4083 2577 4138 sub
2609 4084 2731 4138 haec
2765 4084 2932 4139 initia
2962 4101 3065 4155 per
3094 4089 3330 4157 tempus
3365 4103 3480 4140 non
3517 4085 3762 4158 longum

2110 4171 2308 4229 studio
2341 4172 2740 4228 sollicitudine
2766 4172 3121 4228 immoratus
3149 4174 3208 4228 in
3257 4174 3611 4230 stabiliendo
3661 4176 3764 4230 tali

2105 4261 2332 4317 homini
2378 4262 2491 4318 isto
2535 4262 2833 4334 Spirituali
2867 4262 3220 4336 principatu,
3253 4279 3518 4320 securam
3554 4265 3765 4320 deinde

2108 4353 2363 4405 mentem
2420 4349 2653 4421 imperii
2702 4351 2954 4423 negotiis
3005 4352 3276 4421 advertit,
3325 4353 3558 4407 solutus
3603 4353 3767 4407 omni
3827 4363 3829 4366 '

2110 4442 2270 4494 metu
2305 4439 2374 4494 de
2403 4439 2684 4509 Ecclesia,
2720 4440 2927 4512 utique
2969 4441 3140 4511 cujus
3187 4440 3447 4512 regimen
3497 4444 3556 4496 et
3607 4458 3759 4496 com-

2109 4530 2450 4588 mendatum
2521 4529 2718 4595 sciret,
2777 4529 2879 4602 qui
2935 4535 2992 4586 et
3056 4531 3427 4603 experientiae
3495 4531 3643 4586 satis
3709 4535 3766 4587 et

2109 4619 2438 4689 prudentiae
2460 4617 2784 4690 plurimum
2811 4619 3036 4674 habens
3062 4620 3220 4677 nullo
3250 4621 3524 4676 deficeret
3555 4637 3758 4676 eorum

2109 4724 2236 4780 quae
2270 4709 2340 4763 ad
2375 4725 2466 4763 res
2499 4707 2930 4764 ecclesiasticas
2979 4716 3135 4765 recte
3187 4709 3621 4780 salubriterque
3670 4726 3764 4764 re-

2106 4801 2330 4871 gendas
2353 4805 2595 4872 possent
2616 4799 2958 4855 desiderari.
2997 4801 3272 4855 Exhibuit
3304 4805 3498 4856 autem
3531 4816 3593 4855 se
3619 4817 3765 4856 novo

2105 4888 2457 4961 patriarchae
2485 4893 2754 4960 paratum
2786 4889 2853 4943 ad
2889 4905 3021 4944 cum
3057 4889 3456 4960 adjuvandum
3491 4905 3762 4960 quacun-

2107 4993 2221 5050 que
2254 4978 2314 5034 in
2345 4995 2408 5033 re
2437 4994 2584 5050 Opus
2613 4978 2874 5044 haberet,
2929 4995 3176 5051 sperans
3223 4980 3487 5034 vicissim
3537 4979 3611 5034 ab
3661 4978 3760 5035 illo

2105 5069 2166 5123 in
2190 5067 2495 5123 occasione
2519 5066 2760 5122 similia.
2796 5067 2967 5123 Dedit
2988 5068 3178 5122 eidem
3202 5071 3258 5123 et
3282 5068 3507 5123 ﬁduciae
3541 5067 3761 5139 locum,

2107 5173 2226 5229 quo
2283 5158 2527 5212 auderet
2583 5155 2884 5228 suscipere
2945 5173 3235 5229 agereque
3287 5174 3488 5215 secum
3549 5175 3762 5214 causas

2108 5245 2419 5302 hominum
2452 5245 2755 5318 egentium
2787 5246 2976 5318 gratia
3027 5247 3329 5320 principis,
3376 5267 3492 5305 non
3549 5251 3764 5304 frustra

2110 5352 2172 5392 se
2204 5335 2261 5391 id
2315 5337 2604 5391 facturum
2659 5351 2908 5407 sperans
2959 5353 2971 5391 :
3024 5338 3358 5394 conﬁdebat
3407 5340 3567 5396 enim
3621 5338 3766 5394 nihil

2112 5441 2246 5481 eum
2296 5425 2406 5479 nisi
2441 5424 2595 5495 quod
2631 5425 2717 5477 fas
2749 5428 2904 5480 esset
2935 5427 3172 5483 concedi
3208 5428 3553 5499 petiturum.
3589 5432 3766 5483 Porro

2109 5513 2332 5568 Veccus
2365 5513 2472 5568 has
2506 5513 2931 5569 interveniendi
2964 5532 3068 5588 pro
3120 5515 3353 5573 miseris
3403 5521 3599 5589 partes
3646 5519 3768 5571 toto

309 5611 578 5677 praetulit
603 5625 738 5666 cum
763 5605 895 5663 aliis
921 5611 1295 5678 prastantefn
1323 5606 1558 5662 dotibus
1582 5609 1708 5662 tum
1733 5605 1987 5660 maxime

309 5696 614 5766 doctrina,
665 5701 972 5772 postremo
1032 5697 1188 5768 quod
1244 5697 1292 5752 is
1338 5696 1426 5751 vir
1478 5699 1600 5751 tam
1653 5695 1831 5767 longo
1883 5707 2003 5750 usu

316 5787 867 5847 ecclesiasticarum
913 5800 1136 5857 rerum,
1165 5787 1334 5843 tanta
1356 5785 1514 5842 fama
1534 5784 1836 5858 sapientiae
1867 5799 2009 5840 auo-

2112 5602 2310 5658 animo
2361 5618 2695 5674 capessens,
2755 5603 3000 5674 partitos
3032 5605 3287 5663 habebat
3317 5607 3376 5661 in
3408 5607 3522 5661 duo
3552 5621 3771 5678 genera

2115 5710 2264 5765 quos
2311 5693 2424 5749 isto
2474 5693 2890 5750 misericordiae
2924 5695 3116 5753 ofﬁcio
3136 5697 3408 5769 juvaret:
3443 5696 3609 5768 prius
3641 5699 3767 5751 erat

2117 5783 2447 5840 carentium
2469 5784 2628 5840 404
2647 5785 3019 5858 necessariis,
3043 5802 3296 5858 quorum
3332 5789 3490 5842 esset
3519 5784 3766 5858 egestati
