4080 6430
327 400 435 457 859

1645 396 1947 451 GEORGII
1982 396 2444 454 PACHYMERE

3644 395 3772 450 860

325 525 423 585 τὰς
467 543 526 577 τε
586 516 782 597 ῥυσσᾶς
832 540 891 575 τε
948 513 1324 595 παραϐλῶπας
1382 519 1430 572 τ’
1484 514 1777 596 ὀφθαλμὼ,
1812 515 1982 592 ἐθήρα
2012 520 2064 587 Α
2098 518 2369 592 βασιλέως
2401 518 2870 597 ἀναχθησόμεναι,
2929 521 3019 577 καὶ
3073 517 3285 592 ἔνδοξος
3336 518 3403 589 iv
3456 518 3485 573 6
3515 517 3759 592 τολμῶν

325 612 419 667 τὸν
475 611 535 666 ἐκ
589 614 686 665 τοῦ
745 608 1015 685 βασιλέως
1073 606 1246 675 ἔλεον,
1308 606 1605 681 ὁμολογῶν
1671 607 1767 679 μὲν
1827 605 1989 667 αὐτὸς

332 701 463 775 ὑπὲρ
498 698 709 754 ἐκείνου
762 699 825 753 τὸ
873 704 1139 771 πταῖσμα,
1192 693 1451 771 δεὸμενος
1498 693 1555 750 δὲ
1600 697 1861 773 ἀφεθῆναι
1891 700 1989 750 τοῦ

327 789 796 867 προστιμωμένου
856 787 935 860 τῷ
988 786 1326 860 πταίσματι·
1382 791 1489 841 τῶν
1549 783 1603 840 δὲ
1658 785 1747 839 καὶ
1790 785 1989 860 ϐαρέα-

325 882 595 955 λεὼτερον
655 880 991 952 ὑπερμαχῶν
1047 882 1124 948 τῷ
1183 881 1468 952 κρατοῦντι
1505 875 1579 937 ὡς
1611 873 1985 946 ἀδικουμένων

327 968 506 1039 ἐζήτει
538 970 637 1036 τὴν
669 967 842 1023 λύσιν.
886 966 963 1023 Οὐ
1023 967 1123 1041 γὰρ
1185 965 1469 1039 ἑρμηνέως
1529 962 1757 1040 ἔχρῃζεν
1793 962 1845 1026 ἐς
1879 963 1908 1019 ὅ
1937 984 1987 1016 τι

332 1058 491 1131 μάθοι
536 1058 603 1111 τὰ
659 1060 754 1110 10'3
810 1053 1073 1127 δεομένου
1132 1060 1252 1117 πῶς
1312 1054 1368 1109 ἂν
1430 1049 1641 1129 ἔχοιεν,
1675 1052 1991 1115 ἁλλάὐτὸς

329 1147 564 1213 ἀκούων,
598 1145 763 1219 μόνον
797 1145 957 1217 ἀξιῶν
1012 1145 1295 1211 ἀληθεύειν
1345 1144 1436 1199 τὸν
1492 1144 1725 1219 λεγοντα
1756 1144 1829 1205 ὡς
1863 1143 1992 1197 ἀνυ-

329 1235 675 1308 σθησομὲνιυν
704 1238 809 1290 τῶν
843 1233 1050 1308 Λόγων⁹
1100 1238 1178 1305 τῷ
1234 1232 1449 1308 βασιλεῖ
1500 1232 1662 1293 αὐτὸς
1694 1229 1987 1307 διακρίνων

327 1327 421 1388 τάς
456 1322 731 1400 ἁναδοχδις
763 1324 1003 1379 ἐποιεῖτο
1058 1325 1195 1378 κατὰ
1250 1323 1347 1385 τὰς
1404 1322 1626 1398 κρίσεις.
1662 1319 1901 1378 Ε’ίποντο
1934 1318 1991 1376 δὲ

325 1416 416 1470 καὶ
448 1415 499 1469 οἰ
531 1415 668 1491 πρὸς
698 1416 790 1468 τὸν
839 1418 1138 1489 κρατοῦντα
1187 1407 1343 1486 λὸγοι
1393 1411 1532 1466 κατά
1560 1411 1657 1473 τὰς
1688 1408 1986 1485 ἀναδοχᾶς.

334 1505 727 1578 Προῳκονὸμει
786 1503 890 1578 γὰρ
943 1504 1077 1577 πρὸς
1127 1502 1190 1557 τὸ
1249 1504 1529 1577 χρήσιμον
1589 1502 1680 1556 καὶ
1729 1501 1825 1561 τὰς
1864 1500 1989 1574 περὶ

330 1593 555 1648 ἑκάστου
588 1593 885 1669 ἀναφορᾶς,
937 1593 1011 1655 ὡς
1060 1593 1159 1660 τήν
1213 1592 1307 1664 μὲν
1360 1592 1781 1665 προτάττεσθαι,
1809 1591 1908 1657 τήν
1944 1586 1990 1644 δ’

336 1683 755 1750 ὑποτάττεσθαι,
809 1681 901 1735 καὶ
945 1681 1044 1749 τήν
1098 1680 1192 1752 μὲν
1227 1677 1828 1756 πρωτολογησομὲνην,
1887 1680 1986 1748 τήν

337 1768 379 1790 δ’

333 1768 379 1825 δ’
414 1772 803 1844 ὑστερήσασαν,
867 1768 1004 1823 ὥστε
1056 1771 1145 1823 καὶ
1203 1766 1477 1830 πολλάκις
1531 1767 1987 1845 μετεγγράφεσθαι

2097 605 2291 662 αὐτίκα
2315 610 2439 683 περί
2468 614 2575 664 τῶν
2637 608 2904 685 σφετέρων
2966 605 3190 665 δικαίων
3247 607 3450 683 λέγειν,
3493 608 3567 669 ὡς
3595 604 3763 677 ἄλη-

2095 696 2160 765 θῆ
2205 694 2361 767 δόξαν
2393 696 2572 773 λέγειν
2602 695 2671 753 δι’
2702 697 2909 753 ἐκείνου
2950 700 3088 773 πρὸς
3142 699 3236 753 τὸν
3290 701 3614 772 κρατοῦντα.
3650 695 3770 753 Οὕ-

2093 806 2203 847 τως
2235 786 2299 854 ἦν
2334 787 2472 860 πρὸς
2520 789 2617 850 τὰς
2675 785 2952 864 ἀναδοχὰς
3010 792 3119 842 τῶν
3179 788 3484 862 ἀνθρώπων
3518 787 3548 841 6
3579 786 3766 858 ἀνὴρ·

2096 871 2497 948 δοκιμώτατος,
2530 876 2668 933 ὣστε
2722 878 2811 932 καὶ
2836 872 3136 953 προλαϐεῖν
3176 876 3237 931 οὗ
3270 876 3459 952 χεῖρόν
3491 896 3615 931 τινα
3642 879 3761 929 τῶν

2093 964 2257 1019 αὐτοῦ
2311 965 2388 1027 εἷς
2437 964 2613 1040 δεῖγμ’
2674 962 2932 1041 ἀκριϐοῦς
2992 963 3301 1043 παρρησίας
3347 964 3437 1020 καὶ
3482 971 3582 1034 τῆς
3624 963 3766 1039 περὶ

2091 1056 2153 1109 τὸ
2183 1052 2389 1111 δίκαιον
2423 1055 2793 1130 ἀντιλήψεως.
2844 1057 3043 1132 Θέρους
3094 1056 3160 1125 iv
3218 1056 3392 1128 ἀκμὴ,
3437 1054 3527 1109 καὶ
3560 1055 3587 1110 ὁ
3619 1073 3767 1126 κρα-

2091 1148 2199 1198 τῶν
2259 1143 2382 1219 περὶ
2439 1145 2502 1199 τὸ
2558 1151 2658 1216 τῆς
2724 1140 3071 1219 μεσημϐρίας
3131 1144 3562 1219 σταθερώτατον,
3618 1143 3767 1215 μετὰ

2092 1233 2187 1286 τὸν
2223 1234 2338 1306 μετ’
2370 1233 2588 1308 ἄριστον
2642 1232 2834 1302 ὕπνον,
2889 1234 3026 1288 κατὰ
3081 1232 3149 1288 τὰ
3202 1232 3381 1287 ὠάτου
3415 1232 3552 1303 μὲσα
3581 1233 3768 1302 καθή-

2098 1342 2258 1394 μενος
2310 1320 2630 1397 ἐναιϐρίαζε.
2722 1320 3090 1398 Συνεδριάζων
3176 1319 3222 1377 δ’
3286 1322 3354 1391 iv
3416 1320 3604 1394 ἐκείνῳ
3662 1320 3761 1376 καὶ

2094 1414 2445 1487 πατριάρχης
2504 1410 2727 1487 ἐγγύθεν
2780 1410 2839 1468 ἒκ
2911 1416 3013 1478 τῆς
3080 1413 3269 1489 χώρας
3329 1406 3499 1486 ἔχων,
3555 1409 3764 1481 τηνίκα.

2092 1499 2182 1555 καὶ
2244 1499 2499 1576 βασιλεὺς
2553 1501 2605 1572 ἐξ
2677 1502 2842 1557 ὕπνου
2917 1500 3226 1577 ἆνέγροιτο,
3287 1500 3346 1555 ἐκ
3400 1497 3499 1555 τοῖ’)
3552 1498 3759 1575 ῥᾴστου

2092 1590 2505 1664 παραγίνεσθαι.
2583 1591 2937 1667 Ἐνετύγχανε
3008 1590 3213 1662 τοίνυν,
3271 1589 3361 1645 καὶ
3428 1591 3465 1659 ἡ
3526 1587 3759 1665 ὲντυχῖα

2094 1680 2176 1751 [Ρ.
2210 1679 2338 1753 275]
2393 1678 2611 1750 ἀξίωσις
2672 1680 2804 1754 ὑπὲρ
2864 1680 3154 1756 ἀνθρώπου
3210 1680 3280 1749 iv
3340 1677 3397 1733 ὅν
3449 1675 3754 1747 ἠδικῆσθαι

2097 1767 2190 1841 μὲν
2226 1768 2252 1821 ὁ
2282 1767 2457 1843 ἱερεὺς
2507 1767 2876 1844 διεγῖνωσκεν,
2931 1768 2993 1823 οὗ
3052 1769 3237 1830 καλῶς
3269 1766 3316 1822 δ’
3347 1765 3495 1843 ἔχων
3532 1767 3560 1820 6
3597 1767 3758 1842 βασι-

330 1860 393 1913 τὸ
448 1863 547 1932 τῆς
606 1859 877 1937 ἀναφορᾶς
928 1859 1277 1934 γραμμάτιον
1336 1854 1695 1931 συμϐεϐήκει,
1743 1858 1817 1920 ὡς
1867 1855 1985 1912 δευ-
2019 1885 2064 1949 Β
2097 1855 2222 1918 λεὺς
2272 1858 2395 1934 περὶ
2447 1856 2651 1914 ἐκεῖνον
2702 1858 2764 1914 οὗ
2816 1859 3069 1914 κατὲνευε
3125 1858 3413 1927 σώζεσθαι.
3469 1854 3568 1914 Καὶ
3607 1859 3642 1925 ἡ
3676 1852 3768 1910 ἔν..

329 1948 489 2024 τέρου
521 1948 555 2017 ἢ
587 1948 678 2003 καὶ
728 1948 914 2023 τρίτου
964 1947 999 2017 ἢ
1050 1948 1138 2002 καὶ
1192 1947 1423 2003 ὑστάτου
1467 1945 1841 2019 τεθησομένου
1888 1949 1986 2000 τοῦ

330 2038 679 2115 παραξυσμὸν
742 2037 803 2093 ἐκ
829 2059 936 2093 τιον
1000 2037 1222 2092 εἰκότων
1278 2044 1499 2106 κινῆσαι
1552 2035 1823 2112 βασιλέως
1856 2036 1987 2095 ὑφο-

329 2126 604 2200 ρωμένου,
636 2131 854 2201 πρῶτον
886 2125 945 2181 δέ
968 2148 1026 2202 γε
1054 2130 1151 2181 τοῦ
1207 2127 1243 2196 ἢ
1296 2122 1495 2201 ῥᾳδίως
1543 2123 1984 2198 ἀνυσθησομένου

326 2218 362 2286 ἣ
420 2215 511 2270 καὶ
566 2215 642 2278 εἷς
699 2215 1088 2291 χαριεντισμόν
1145 2236 1268 2269 τινα
1326 2211 1601 2285 δόξοντος.
1662 2214 1784 2271 Ἐπ’
1840 2212 1987 2286 αὐτῷ

327 2305 430 2381 γὰρ
460 2305 551 2359 καί
592 2308 700 2359 τῶν
757 2301 984 2359 πολλῶν
1044 2302 1301 2378 ἐθάρσουν
1360 2302 1415 2356 αἱ
1472 2299 1677 2376 τόλμαι
1709 2301 1783 2365 ὡς
1820 2301 1985 2377 μέχρι

332 2521 647 2595 largitione
669 2521 1120 2589 consulendum,
1138 2520 1386 2577 alterum
1413 2520 1621 2577 delatis
1643 2520 1992 2577 criminibus

332 2611 820 2684 periclitantium,
853 2612 1073 2683 quibus
1101 2610 1192 2667 vel
1225 2611 1297 2667 ad
1338 2609 1747 2683 depulsionem
1794 2610 1989 2681 objec-

332 2705 530 2757 torum
556 2700 701 2757 falso
726 2701 953 2772 patroni
978 2701 1233 2756 efﬁcacis
1246 2716 1422 2772 opera
1435 2698 1525 2755 vel
1547 2700 1619 2755 ad
1644 2698 1843 2755 delicti
1858 2715 1991 2754 con-

335 2790 471 2845 victi
485 2791 711 2846 veniam
730 2790 1141 2863 impetrandam
1157 2789 1472 2846 auctoritas
1487 2789 1882 2861 deprecatoris
1896 2806 1991 2859 op-

338 2883 671 2935 taretur.Ac
694 2879 904 2935 horum
930 2878 1169 2951 quidem
1196 2895 1264 2935 eo
1287 2879 1479 2934 studio
1503 2895 1711 2933 causas
1736 2876 1995 2949 amplec-

336 2970 572 3025 tebatur
603 2974 668 3025 ut
697 2969 992 3025 ofﬁciosas
1041 2968 1171 3023 illas
1219 2968 1529 3024 hominum
1582 2966 1780 3039 generi
1833 2983 1994 3021 noxae

343 3057 751 3114 medicatrices
773 3059 1109 3129 Litas,quas
1132 3057 1419 3113 Homerus
1444 3056 1706 3123 claudas,
1725 3072 1991 3126 rugosas,

342 3147 611 3202 distortis
643 3146 829 3202 oculis
861 3146 1108 3214 inducit,
1136 3146 1261 3218 ipso
1295 3146 1555 3218 corporis
1585 3144 1790 3201 habitu
1815 3161 1995 3217 agens

2097 1967 2281 2009 στασις
2336 1947 2718 2024 ἀμφοτέρωθεν
2782 1948 2942 2017 ἰκανή
3024 1948 3091 2017 iv
3153 1940 3456 2023 θορυϐῆσάι
3512 1944 3603 2000 καὶ
3660 1944 3758 2000 τὸν

2095 2035 2385 2092 ἀκούοντα.
2420 2039 2550 2099 Τοῖς
2606 2035 2655 2091 δ’
2711 2036 2811 2092 οὐκ
2868 2033 3061 2114 ἔληγεν
3122 2033 3221 2104 ἔτι,
3263 2034 3411 2093 ἀλλὰ
3438 2040 3518 2107 τῷ
3553 2035 3646 2108 μὲν
3684 2034 3763 2095 ὡς

2099 2124 2230 2198 ὑπὲρ
2263 2122 2479 2180 δικαίου
2529 2123 2743 2201 λέγοντι
2800 2127 2828 2181 6
2889 2125 3059 2196 ζῆλος
3116 2124 3289 2195 ἀνέζει
3320 2124 3412 2179 καὶ
3443 2123 3760 2201 παρῥησια·

2099 2215 2423 2289 στικώτερον
2466 2212 2726 2287 ἔπληττε,
2762 2214 2979 2291 βασιλεῖ
3035 2211 3094 2270 δὲ
3147 2215 3209 2270 τὸ
3266 2213 3354 2269 ἐπὶ
3409 2219 3492 2287 τῷ
3532 2210 3761 2287 διαπρε-

2099 2298 2413 2379 σϐευομένῳ
2468 2300 2632 2380 ἔχθος
2689 2306 2828 2383 πρὸς
2880 2306 2978 2375 τὴν
3031 2304 3170 2362 κατὰ
3216 2309 3318 2360 τοῦ
3361 2298 3765 2381 πρεσϐεύοντος

2103 2527 2283 2595 retur,
2318 2529 2383 2580 ut
2401 2526 2523 2596 jam
2549 2525 2648 2598 qui
2672 2525 2926 2598 primam
2951 2525 3414 2598 propositionem
3447 2526 3758 2596 acceperat

2103 2612 2374 2685 placidus
2399 2614 2687 2687 vultuque
2717 2615 2974 2688 benigno
3006 2630 3173 2687 spem
3200 2615 3442 2681 fecerat,
3473 2613 3544 2668 ad
3577 2612 3760 2669 toties

2103 2702 2376 2760 relicatas
2398 2703 2715 2761 instantiae
2738 2721 2906 2760 corru
2916 2707 3083 2777 garet
3104 2704 3379 2774 frontem,
3400 2706 3672 2759 metuens
3685 2716 3764 2757 ne

2098 2794 2222 2863 jam
2247 2811 2366 2850 suae
2391 2792 2659 2850 facilitati
2690 2793 3394 2866 illuderetur,praasertim
3426 2791 3761 2848 increbres-

2104 2888 2271 2939 cente
2300 2884 2658 2940 conﬁdentia
2685 2883 3031 2955 multorum,
3065 2884 3167 2955 qui
3200 2883 3331 2941 freti
3380 2882 3763 2939 conciliatore

2105 2972 2487 3029 admissionis
2520 2978 2576 3029 et
2607 2974 2813 3028 eodem
2863 2971 3318 3044 supplicationis
3368 2971 3762 3043 suffragatore

2106 3061 2458 3134 patriarcha,
2487 3062 2802 3118 audientiis
2846 3062 2973 3118 sine
3017 3062 3134 3117 ﬁne
3181 3060 3490 3134 captandis
3539 3061 3763 3133 produ-

2105 3152 2424 3223 cendisque
2457 3169 2628 3208 aures
2662 3151 3035 3223 imperatoris
3066 3151 3473 3208 obtundebant
3503 3155 3562 3206 et
3603 3149 3765 3205 vide-

340 3238 805 3307 repraesentaret,
859 3233 959 3291 tali
1018 3239 1263 3307 captans
1313 3235 1506 3306 specie
1552 3234 1990 3289 miserationem

2107 3241 2239 3296 licet
2271 3241 2573 3297 irritabilis
2600 3236 2812 3297 natura
2843 3241 3195 3313 fortunaque
3242 3239 3504 3297 hominis
3553 3239 3766 3311 fatiga-

342 3323 627 3397 principis
685 3325 976 3396 susceptis
1029 3324 1155 3380 suis
1224 3323 1640 3390 necessariam,
1703 3322 1990 3377 conﬁtens

343 3413 581 3485 quidem
643 3414 769 3486 ipse
827 3430 1031 3469 eorum
1085 3412 1319 3468 nomine
1388 3415 1717 3484 peccatum,
1778 3411 1996 3466 remitti

341 3508 536 3559 autem
608 3503 1030 3575 paenitentibus
1097 3518 1330 3574 poenam
1402 3517 1638 3572 rogans.
1711 3499 1817 3555 Pro
1884 3498 1998 3555 alio

342 3592 698 3648 miserorum
730 3608 942 3664 genere
975 3590 1150 3663 culpa
1182 3590 1517 3646 vacantium
1572 3588 2001 3647 interveniebat

342 3680 763 3749 conﬁdentius,
834 3680 1041 3736 obnixe
1108 3680 1470 3736 contendens
1542 3684 1600 3734 et
1672 3679 1997 3751 principem

344 3786 587 3840 urgens,
611 3773 676 3825 ut
702 3769 947 3841 penuria
970 3767 1379 3825 laborantibus
1403 3785 1571 3840 opem
1588 3768 1721 3839 jure
1741 3768 1995 3839 quodam

342 3858 610 3930 ipsorum
635 3857 898 3913 debitam
921 3874 991 3913 ne
1015 3857 1321 3929 indulgere
1344 3857 1996 3925 cunctaretur,velocis-

345 3947 533 4003 simus
567 3948 636 4002 ad
688 3946 1103 4018 intelligendas
1152 3947 1532 4003 necessitates
1582 3946 1998 4018 indigentium,

346 4041 411 4091 ut
443 4035 528 4091 eis
565 4036 893 4109 exponendi
924 4052 1024 4091 eas
1057 4036 1247 4092 fusius
1275 4053 1378 4092 seu
1410 4034 1673 4091 laborem
1706 4052 1807 4091 seu
1839 4052 1997 4092 vere-

349 4127 625 4182 cundiam
650 4125 1049 4191 lucrifaciens,
1074 4125 1523 4199 perspicacitate
1546 4123 1785 4197 benigni
1814 4125 1997 4180 animi

343 4215 551 4271 auditu
587 4216 784 4272 statim
818 4215 1008 4288 primo
1041 4220 1254 4271 cuncta
1284 4213 2000 4286 comprehendentis,sine

347 4320 510 4360 mora
541 4322 784 4377 operave
815 4304 1213 4377 diligentioris
1244 4302 1999 4376 interpretis.Abundabat-

345 4409 459 4464 que
491 4394 719 4465 patroni
753 4394 1011 4451 charitas
1045 4395 1115 4449 ad
1149 4410 1384 4449 omnem
1418 4392 1545 4448 falsi
1598 4392 1995 4464 suspicionem

346 4481 699 4539 abolendam
730 4482 1087 4556 plenamque
1120 4482 1549 4538 conciliandam
1584 4479 1883 4537 clientulis
1930 4482 1997 4535 ﬁ-

347 4573 503 4639 dem,
537 4574 679 4628 dum
712 4590 848 4627 suas
898 4572 1206 4643 angustias
1255 4570 1594 4627 narrabant.
1645 4571 1999 4627 Occurrebat

345 4662 486 4733 quin
520 4662 696 4717 etiam
733 4662 1075 4717 difﬁdentiae
1109 4660 1464 4733 supplicum,
1499 4666 1554 4717 et
1600 4659 1998 4733 impetrabilia

346 4755 542 4823 petere
573 4752 736 4823 ipsos
771 4768 1043 4807 asserens
1077 4750 1231 4806 ultro
1263 4751 1515 4805 addebat
1563 4749 1769 4805 timide
1816 4766 1995 4821 agen-

341 4841 503 4896 tibus
536 4841 768 4897 animos
800 4841 1077 4908 audendi,
1113 4840 1583 4912 suggerebatque
1633 4839 1703 4894 ad
1757 4856 1995 4910 persua-

344 4931 603 4986 dendum
636 4935 937 5004 aptas,pro
966 4946 1178 5003 genere
1212 4946 1278 4985 ac
1302 4933 1461 4985 statu
1484 4946 1694 5000 causze,
1718 4926 1998 5001 postulati

343 5019 645 5076 evincendi
681 5021 972 5089 rationes;
1014 5020 1371 5090 easdemque
1421 5018 1722 5089 digerebat
1769 5034 1987 5075 accom'

346 5108 582 5164 modato
605 5110 677 5173 ad
702 5109 881 5165 ﬁnem
905 5113 1172 5182 optatum
1196 5107 1420 5174 ordine,
1457 5107 1639 5180 perite
1664 5107 1998 5179 dijudicans

343 5211 475 5267 quae
496 5196 730 5254 illarum
761 5199 1006 5270 proponi
1043 5200 1219 5269 prior,
1247 5214 1377 5270 quae
1405 5197 1619 5267 subjici
1649 5196 1836 5266 alteri,
1869 5213 1995 5268 quae

338 5291 634 5358 postremo
666 5290 948 5360 subjungi
972 5289 1096 5345 loco
1129 5290 1386 5346 deberet.
1420 5287 1585 5343 Unde
1614 5288 1993 5361 contingebat

345 5394 499 5449 saepe
526 5379 733 5451 reﬁngi
758 5379 1118 5451 rcscribique
1138 5379 1403 5435 libellum
1427 5377 1780 5451 supplicem,
1817 5379 1993 5435 etiam

331 5468 464 5538 jam
488 5467 752 5523 oblatum
785 5467 1251 5541 principi,usque
1280 5468 1577 5525 interdum
1607 5469 1678 5524 ad
1713 5468 1997 5542 principis

343 5557 613 5629 ejusdem
646 5558 797 5614 405
835 5555 1219 5614 offensionem
1268 5558 1359 5613 cui
1410 5563 1468 5615 et
1517 5559 1893 5615 stomachum
1940 5564 1998 5615 et

343 5645 716 5716 suspiciones
738 5662 1166 5717 nonnunquam
1200 5648 1488 5718 movebat,
1509 5649 1662 5720 quod
1694 5648 1907 5705 iterum
1939 5653 1998 5705 et

344 5733 521 5788 tertio
556 5731 945 5808 interpolatae
976 5750 1094 5791 una
1121 5735 1192 5792 de
1222 5752 1283 5793 re
1312 5733 1427 5807 ipsi
1457 5734 1695 5793 libellus
1734 5735 1993 5795 inculca-

2107 3331 2251 3386 bant
2299 3331 2671 3403 patientiam,
2722 3347 2787 3387 eo
2847 3330 2975 3403 ipso
3030 3329 3280 3403 gratiam
3339 3330 3410 3385 ad
3472 3327 3761 3402 populum

2106 3420 2449 3492 patriarchae
2501 3421 2863 3491 cumulante,
2914 3422 3070 3493 quod
3120 3438 3279 3490 eum,
3330 3424 3397 3477 ut
3427 3418 3767 3477 consuleret

2108 3509 2606 3576 miseris,videret
2626 3528 2698 3567 ne
2731 3510 2944 3568 favoris
2977 3511 3215 3583 quidem
3249 3511 3405 3583 apud
3427 3509 3782 3582 principem-

2108 3599 2324 3670 proprii
2350 3616 2553 3656 cavere
2577 3599 3128 3671 dispendium.Tam
3154 3601 3408 3657 effusum
3432 3599 3762 3669 efﬁcaxque

2106 3690 2166 3744 in
2184 3706 2328 3745 novo
2348 3689 2992 3762 patriarchaeminebat
3004 3688 3499 3746 sublevandorum
3515 3688 3763 3761 inopum

2107 3777 2397 3834 studium.
2430 3779 2612 3850 Cujus
2637 3779 2735 3836 hic
2784 3779 3086 3852 singulare
3133 3779 3373 3852 aliquod
3424 3778 3764 3850 exemplum

2105 3865 2264 3922 haud
2289 3866 2496 3924 inutile
2521 3868 2699 3924 fuerit
2718 3869 2954 3940 referre,
2979 3869 3137 3925 unde
3168 3869 3466 3942 specimen
3500 3868 3766 3941 prudens

2105 3955 2290 4013 lector
2327 3956 2522 4029 capiat
2569 3956 2767 4014 liberae
2816 3958 3043 4014 ﬁduciae
3092 3958 3198 4014 viri
3251 3958 3426 4015 istius
3472 3957 3765 4028 fortisque

2105 4044 2165 4100 in
2208 4046 2448 4118 justitia
2500 4048 2932 4120 propugnanda
2977 4048 3347 4104 constantiae.
3390 4050 3586 4104 [Estas
3639 4051 3769 4102 erat

2107 4150 2366 4203 summa,
2398 4139 2455 4192 et
2474 4135 2796 4208 imperator
2815 4137 3109 4194 altissimo
3141 4141 3333 4194 stante
3358 4137 3468 4193 sub
3498 4135 3761 4193 medium

2108 4225 2264 4280 diem
2312 4223 2436 4281 sole
2483 4242 2687 4281 recens
2735 4242 2769 4280 a
2805 4226 3208 4298 pomeridiano
3239 4242 3448 4284 somno
3480 4226 3541 4282 in
3568 4226 3765 4282 medio

2106 4312 2405 4369 caenaculo
2438 4313 2625 4387 frigus
2651 4316 2940 4386 captabat.
2995 4314 3315 4373 Obsidebat
3360 4320 3560 4372 autem
3609 4315 3767 4372 fores

2108 4401 2470 4459 audientiam
2519 4408 2867 4476 exspectans
2900 4405 3234 4478 patriarcha
3264 4422 3297 4462 e
3325 4405 3517 4462 vicino
3548 4405 3617 4461 ad
3655 4403 3769 4460 hoc

2108 4493 2404 4563 profectus
2426 4497 2483 4548 et
2503 4492 2583 4549 ibi
2608 4493 2945 4563 considens,
2979 4500 3045 4552 ut
3067 4496 3139 4552 ad
3162 4494 3414 4567 primam
3447 4494 3518 4551 ab
3551 4511 3763 4566 expen-

2108 4583 2264 4636 recto
2334 4581 2688 4654 imperatore
2756 4588 2998 4656 paratus
3064 4583 3489 4641 admissionem
3554 4586 3763 4639 staret.

2105 4669 2420 4726 Admissus
2450 4673 2691 4728 tandem
2723 4688 2967 4729 causam
3002 4689 3175 4747 agere
3204 4673 3377 4746 coepit
3407 4672 3768 4743 hominis,ut

2107 4759 2159 4816 ei
2182 4764 2545 4831 compertum
2569 4765 2715 4831 erat,
2746 4761 2968 4833 injuste
2991 4763 3275 4819 damnati.
3309 4766 3594 4819 Caeterum
3627 4760 3762 4817 odio

2109 4867 2140 4923 q
2154 4850 2261 4905 uod
2272 4867 2364 4905 am
2382 4850 2440 4905 in
2456 4851 2612 4907 hunc
2629 4850 2929 4908 hominem
2954 4857 3401 4924 praeoccupatus
3416 4850 3763 4923 imperator,

2108 4938 2363 4995 salutem
2395 4940 2594 4996 miseri
2628 4959 2804 5013 quam
2843 4943 3075 5013 petebat
3107 4940 3443 5014 patriarcha
3491 4956 3608 4996 non
3654 4955 3762 4994 an-

2108 5027 2258 5084 nuit.
2308 5028 2457 5085 Ilinc
2516 5031 2762 5101 praesule
2820 5033 2892 5086 ad
2945 5030 3268 5087 instantius
3318 5027 3761 5102 deprecandum

2106 5118 2506 5189 incumbente,
2540 5119 2808 5193 principe
2856 5136 2992 5176 vero
3042 5120 3104 5175 in
3153 5118 3409 5192 negandi
3462 5116 3764 5190 proposito

2108 5212 2425 5279 perstante,
2477 5213 2774 5265 certamen
2823 5213 3019 5265 ortum
3071 5215 3157 5265 est
3204 5207 3482 5280 utrinque
3530 5206 3615 5263 sic
3654 5222 3761 5262 ac-

2106 5313 2349 5352 censum
2385 5302 2449 5352 ut
2478 5299 2786 5355 audientes
2835 5298 3346 5365 conturbarentur,
3398 5313 3531 5353 cum
3580 5296 3761 5351 ﬁnem

2104 5383 2440 5455 patriarcha
2462 5385 2730 5458 urgendi,
2754 5387 3050 5458 Augustus
3073 5385 3359 5442 renuendi
3384 5401 3500 5440 non
3525 5383 3763 5439 faceret.

2104 5474 2191 5529 Ad
2224 5477 2549 5530 extremum
2580 5474 2854 5532 conscius
2884 5474 3224 5547 patriarcha
3270 5491 3335 5530 se
3381 5489 3487 5546 pro
3525 5472 3768 5545 justitia

2105 5562 2458 5635 pugnare,in
2480 5563 2673 5620 zelum
2698 5566 2937 5633 exarsit,
2955 5570 3011 5621 et
3032 5562 3412 5621 liberioribus
3441 5561 3764 5635 imperato-

2105 5667 2227 5706 rem
2247 5652 2834 5725 pupugitverbilele
2847 5652 3047 5710 odium
3067 5669 3183 5726 quo
3199 5650 3556 5724 ﬂagrabatin
3569 5668 3764 5720 reum,

2102 5738 2165 5795 in
2197 5737 2378 5797 nimis
2404 5739 2835 5812 vehementem,
2866 5740 3024 5799 400
3055 5744 3122 5798 ut
3164 5738 3433 5815 putabat,
3476 5737 3608 5811 ejus
3656 5755 3763 5814 pa-
