  <div class='ocr_page' id='page_1' title='image "/cluster/home/n/w/nwhite01/storage/ocr_20150623/143:no.1/coo.31924054870484/439.png"; bbox 0 0 4080 6384; ppageno 0'>
   <div class='ocr_carea' id='block_1_1' title="bbox 380 389 487 447">
    <p class='ocr_par' dir='ltr' id='par_1_1' title="bbox 380 389 487 447">
     <span class='ocr_line' id='line_1_1' title="bbox 380 389 487 447; baseline -0.019 0"><span class='ocrx_word' id='word_1_1' title='bbox 380 389 487 447; x_wconf 85' lang='grc'>863</span> 
     </span>
    </p>
   </div>
   <div class='ocr_carea' id='block_1_2' title="bbox 1688 374 2493 443">
    <p class='ocr_par' dir='ltr' id='par_1_2' title="bbox 1688 374 2493 443">
     <span class='ocr_line' id='line_1_2' title="bbox 1688 374 2493 443; baseline -0.011 -1"><span class='ocrx_word' id='word_1_2' title='bbox 1688 382 1993 443; x_wconf 77' lang='lat' dir='ltr'>GEORGII</span> <span class='ocrx_word' id='word_1_3' title='bbox 2030 374 2493 433; x_wconf 66' lang='lat' dir='ltr'>PACHYMERE</span> 
     </span>
    </p>
   </div>
   <div class='ocr_carea' id='block_1_3' title="bbox 3689 377 3809 435">
    <p class='ocr_par' dir='ltr' id='par_1_3' title="bbox 3689 377 3809 435">
     <span class='ocr_line' id='line_1_3' title="bbox 3689 377 3809 435; baseline 0 -2"><span class='ocrx_word' id='word_1_4' title='bbox 3689 377 3809 435; x_wconf 65' lang='lat'>864</span> 
     </span>
    </p>
   </div>
   <div class='ocr_carea' id='block_1_4' title="bbox 382 495 3815 587">
    <p class='ocr_par' dir='ltr' id='par_1_4' title="bbox 382 495 3815 587">
     <span class='ocr_line' id='line_1_4' title="bbox 382 495 3815 587; baseline -0.004 -20"><span class='ocrx_word' id='word_1_5' title='bbox 382 510 518 587; x_wconf 78' lang='grc' dir='ltr'>πρὸς</span> <span class='ocrx_word' id='word_1_6' title='bbox 552 508 856 585; x_wconf 76' lang='grc' dir='ltr'>ἄνθρωπον.</span> <span class='ocrx_word' id='word_1_7' title='bbox 883 508 1052 572; x_wconf 82' lang='grc' dir='ltr'>Τέλος</span> <span class='ocrx_word' id='word_1_8' title='bbox 1102 506 1384 566; x_wconf 80' lang='grc' dir='ltr'>ἀντιϐολεῖ</span> <span class='ocrx_word' id='word_1_9' title='bbox 1433 505 1688 584; x_wconf 77' lang='grc' dir='ltr'>βασιλεὺς</span> <span class='ocrx_word' id='word_1_10' title='bbox 1718 506 1779 562; x_wconf 86' lang='grc' dir='ltr'>τὸ</span> <span class='ocrx_word' id='word_1_11' title='bbox 1808 503 2033 579; x_wconf 85' lang='grc' dir='ltr'>κλάσμα</span> <span class='ocrx_word' id='word_1_12' title='bbox 2059 506 2115 571; x_wconf 81' lang='grc' dir='ltr'><strong>Α</strong></span> <span class='ocrx_word' id='word_1_13' title='bbox 2140 497 2281 587; x_wconf 60' lang='grc' dir='ltr'>ςπρρς</span> <span class='ocrx_word' id='word_1_14' title='bbox 2314 495 2556 569; x_wconf 75' lang='grc' dir='ltr'>ἕκαστον,</span> <span class='ocrx_word' id='word_1_15' title='bbox 2617 495 2707 554; x_wconf 81' lang='grc' dir='ltr'>διὰ</span> <span class='ocrx_word' id='word_1_16' title='bbox 2760 498 2821 554; x_wconf 85' lang='grc' dir='ltr'>τὸ</span> <span class='ocrx_word' id='word_1_17' title='bbox 2876 497 3093 574; x_wconf 82' lang='grc' dir='ltr'>ἀξίωμα</span> <span class='ocrx_word' id='word_1_18' title='bbox 3148 501 3466 575; x_wconf 78' lang='grc' dir='ltr'>ἀγανακτεῖν</span> <span class='ocrx_word' id='word_1_19' title='bbox 3492 500 3584 555; x_wconf 77' lang='grc' dir='ltr'>καὶ</span> <span class='ocrx_word' id='word_1_20' title='bbox 3614 497 3815 557; x_wconf 77' lang='grc' dir='ltr'>δυσκο-</span> 
     </span>
    </p>
   </div>
   <div class='ocr_carea' id='block_1_5' title="bbox 384 591 2030 674">
    <p class='ocr_par' dir='ltr' id='par_1_5' title="bbox 384 591 2030 674">
     <span class='ocr_line' id='line_1_5' title="bbox 384 591 2030 674; baseline -0.005 -19"><span class='ocrx_word' id='word_1_21' title='bbox 384 594 708 673; x_wconf 76' lang='grc' dir='ltr'>λαμϐἀνειν,</span> <span class='ocrx_word' id='word_1_22' title='bbox 768 599 829 654; x_wconf 83' lang='grc' dir='ltr'>οὐ</span> <span class='ocrx_word' id='word_1_23' title='bbox 878 599 1016 655; x_wconf 84' lang='grc' dir='ltr'>κατά</span> <span class='ocrx_word' id='word_1_24' title='bbox 1079 598 1267 674; x_wconf 86' lang='grc' dir='ltr'>χρείαν</span> <span class='ocrx_word' id='word_1_25' title='bbox 1331 597 1567 672; x_wconf 83' lang='grc' dir='ltr'>μᾶλλον,</span> <span class='ocrx_word' id='word_1_26' title='bbox 1628 598 1701 659; x_wconf 81' lang='grc' dir='ltr'>ὡς</span> <span class='ocrx_word' id='word_1_27' title='bbox 1747 591 2030 668; x_wconf 72' lang='grc' dir='ltr'>ἔδειξεν,ᾒ</span> 
     </span>
    </p>
   </div>
   <div class='ocr_carea' id='block_1_6' title="bbox 379 681 2027 763">
    <p class='ocr_par' dir='ltr' id='par_1_6' title="bbox 379 681 2027 763">
     <span class='ocr_line' id='line_1_6' title="bbox 379 681 2027 763; baseline -0.002 -21"><span class='ocrx_word' id='word_1_28' title='bbox 379 685 489 763; x_wconf 43' lang='grc' dir='ltr'>εἷξίε</span> <span class='ocrx_word' id='word_1_29' title='bbox 512 689 668 750; x_wconf 86' lang='grc' dir='ltr'>κενὸς</span> <span class='ocrx_word' id='word_1_30' title='bbox 715 687 1047 763; x_wconf 80' lang='grc' dir='ltr'>ἀποστρέψει</span> <span class='ocrx_word' id='word_1_31' title='bbox 1091 688 1183 744; x_wconf 89' lang='grc' dir='ltr'>τὸν</span> <span class='ocrx_word' id='word_1_32' title='bbox 1231 687 1361 744; x_wconf 87' lang='grc' dir='ltr'>λαὸν</span> <span class='ocrx_word' id='word_1_33' title='bbox 1411 685 1830 762; x_wconf 74' lang='grc' dir='ltr'>αἰσχυνόμενος.</span> <span class='ocrx_word' id='word_1_34' title='bbox 1861 686 1948 746; x_wconf 80' lang='grc' dir='ltr'>Ὠς</span> <span class='ocrx_word' id='word_1_35' title='bbox 1982 681 2027 738; x_wconf 87' lang='grc' dir='ltr'>δ’</span> 
     </span>
    </p>
   </div>
   <div class='ocr_carea' id='block_1_7' title="bbox 381 771 2025 852">
    <p class='ocr_par' dir='ltr' id='par_1_7' title="bbox 381 771 2025 852">
     <span class='ocr_line' id='line_1_7' title="bbox 381 771 2025 852; baseline -0.003 -21"><span class='ocrx_word' id='word_1_36' title='bbox 381 776 479 831; x_wconf 80' lang='grc' dir='ltr'>οὐκ</span> <span class='ocrx_word' id='word_1_37' title='bbox 509 774 710 848; x_wconf 71' lang='grc' dir='ltr'>ἐδίδου,</span> <span class='ocrx_word' id='word_1_38' title='bbox 770 776 845 839; x_wconf 78' lang='grc' dir='ltr'>εἷς</span> <span class='ocrx_word' id='word_1_39' title='bbox 904 783 1077 851; x_wconf 81' lang='grc' dir='ltr'>κρῖμα</span> <span class='ocrx_word' id='word_1_40' title='bbox 1131 775 1301 852; x_wconf 84' lang='grc' dir='ltr'>λέγων</span> <span class='ocrx_word' id='word_1_41' title='bbox 1362 771 1686 849; x_wconf 71' lang='grc' dir='ltr'>λαμϐάνειν,</span> <span class='ocrx_word' id='word_1_42' title='bbox 1716 775 1761 829; x_wconf 80' lang='grc' dir='ltr'>εί</span> <span class='ocrx_word' id='word_1_43' title='bbox 1799 776 1872 846; x_wconf 81' lang='grc' dir='ltr'>μὴ</span> <span class='ocrx_word' id='word_1_44' title='bbox 1908 771 2025 828; x_wconf 67' lang='grc' dir='ltr'>λῦει</span> 
     </span>
    </p>
   </div>
   <div class='ocr_carea' id='block_1_8' title="bbox 378 859 2028 940">
    <p class='ocr_par' dir='ltr' id='par_1_8' title="bbox 378 859 2028 940">
     <span class='ocr_line' id='line_1_8' title="bbox 378 859 2028 940; baseline -0.002 -20"><span class='ocrx_word' id='word_1_45' title='bbox 378 870 456 937; x_wconf 80' lang='grc' dir='ltr'>τῷ</span> <span class='ocrx_word' id='word_1_46' title='bbox 515 863 765 936; x_wconf 73' lang='grc' dir='ltr'>διακενῆς</span> <span class='ocrx_word' id='word_1_47' title='bbox 822 866 1153 940; x_wconf 85' lang='grc' dir='ltr'>λυπουμένῳ</span> <span class='ocrx_word' id='word_1_48' title='bbox 1199 867 1298 934; x_wconf 74' lang='grc' dir='ltr'>τὴν</span> <span class='ocrx_word' id='word_1_49' title='bbox 1351 866 1555 935; x_wconf 75' lang='grc' dir='ltr'>λύπην,</span> <span class='ocrx_word' id='word_1_50' title='bbox 1612 859 1936 938; x_wconf 77' lang='grc' dir='ltr'>μεταϐαλεῖν</span> <span class='ocrx_word' id='word_1_51' title='bbox 1968 884 2028 917; x_wconf 92' lang='grc' dir='ltr'>τε</span> 
     </span>
    </p>
   </div>
   <div class='ocr_carea' id='block_1_9' title="bbox 371 952 2026 1031">
    <p class='ocr_par' dir='ltr' id='par_1_9' title="bbox 371 952 2026 1031">
     <span class='ocr_line' id='line_1_9' title="bbox 371 952 2026 1031; baseline -0.002 -21"><span class='ocrx_word' id='word_1_52' title='bbox 371 956 463 1010; x_wconf 86' lang='grc' dir='ltr'>τὸν</span> <span class='ocrx_word' id='word_1_53' title='bbox 502 956 729 1030; x_wconf 89' lang='grc' dir='ltr'>βασιλέα</span> <span class='ocrx_word' id='word_1_54' title='bbox 772 957 833 1011; x_wconf 89' lang='grc' dir='ltr'>τὸ</span> <span class='ocrx_word' id='word_1_55' title='bbox 891 954 1084 1031; x_wconf 78' lang='grc' dir='ltr'>ἱλαρὸν</span> <span class='ocrx_word' id='word_1_56' title='bbox 1146 957 1223 1020; x_wconf 78' lang='grc' dir='ltr'>εἰς</span> <span class='ocrx_word' id='word_1_57' title='bbox 1282 955 1472 1031; x_wconf 70' lang='grc' dir='ltr'>ὀργὴν,</span> <span class='ocrx_word' id='word_1_58' title='bbox 1529 956 1617 1010; x_wconf 87' lang='grc' dir='ltr'>καὶ</span> <span class='ocrx_word' id='word_1_59' title='bbox 1655 952 1823 1027; x_wconf 73' lang='grc' dir='ltr'>μηδὲν</span> <span class='ocrx_word' id='word_1_60' title='bbox 1855 974 2026 1029; x_wconf 88' lang='grc' dir='ltr'>προσ-</span> 
     </span>
    </p>
   </div>
   <div class='ocr_carea' id='block_1_10' title="bbox 377 1044 2023 1120">
    <p class='ocr_par' dir='ltr' id='par_1_10' title="bbox 377 1044 2023 1120">
     <span class='ocr_line' id='line_1_10' title="bbox 377 1044 2023 1120; baseline -0.001 -21"><span class='ocrx_word' id='word_1_61' title='bbox 377 1044 533 1108; x_wconf 83' lang='grc' dir='ltr'>θέντα</span> <span class='ocrx_word' id='word_1_62' title='bbox 557 1049 680 1118; x_wconf 76' lang='grc' dir='ltr'>τοῦ,</span> <span class='ocrx_word' id='word_1_63' title='bbox 722 1071 740 1096; x_wconf 80' lang='grc' dir='ltr'>ι</span> <span class='ocrx_word' id='word_1_64' title='bbox 777 1045 1055 1119; x_wconf 80' lang='grc' dir='ltr'>’.Ανέορτα&gt;</span> <span class='ocrx_word' id='word_1_65' title='bbox 1088 1070 1117 1097; x_wconf 84' lang='grc'><strong>››</strong></span> <span class='ocrx_word' id='word_1_66' title='bbox 1150 1045 1342 1119; x_wconf 80' lang='grc' dir='ltr'>εἰπεῖν,</span> <span class='ocrx_word' id='word_1_67' title='bbox 1380 1070 1405 1098; x_wconf 77' lang='grc' dir='ltr'>(ι</span> <span class='ocrx_word' id='word_1_68' title='bbox 1442 1046 1811 1119; x_wconf 58' lang='grc' dir='ltr'>ἒιερτάσαμεν,</span> <span class='ocrx_word' id='word_1_69' title='bbox 1848 1068 1875 1095; x_wconf 84' lang='grc'><strong>)›</strong></span> <span class='ocrx_word' id='word_1_70' title='bbox 1907 1063 2023 1120; x_wconf 82' lang='grc' dir='ltr'>χω-</span> 
     </span>
    </p>
   </div>
   <div class='ocr_carea' id='block_1_11' title="bbox 373 1134 1109 1211">
    <p class='ocr_par' dir='ltr' id='par_1_11' title="bbox 373 1134 1109 1211">
     <span class='ocr_line' id='line_1_11' title="bbox 373 1134 1109 1211; baseline 0.004 -24"><span class='ocrx_word' id='word_1_71' title='bbox 373 1137 535 1208; x_wconf 77' lang='grc' dir='ltr'>ρῆσαι</span> <span class='ocrx_word' id='word_1_72' title='bbox 564 1134 700 1211; x_wconf 79' lang='grc' dir='ltr'>πρὸς</span> <span class='ocrx_word' id='word_1_73' title='bbox 729 1136 791 1191; x_wconf 86' lang='grc' dir='ltr'>τὸ</span> <span class='ocrx_word' id='word_1_74' title='bbox 822 1134 1109 1190; x_wconf 84' lang='grc' dir='ltr'>παλάτιον.</span> 
     </span>
    </p>
   </div>
   <div class='ocr_carea' id='block_1_12' title="bbox 371 1292 2022 1373">
    <p class='ocr_par' dir='ltr' id='par_1_12' title="bbox 371 1292 2022 1373">
     <span class='ocr_line' id='line_1_12' title="bbox 371 1292 2022 1373; baseline -0.001 -24"><span class='ocrx_word' id='word_1_75' title='bbox 371 1296 445 1349; x_wconf 69' lang='grc' dir='ltr'>κε’</span> <span class='ocrx_word' id='word_1_76' title='bbox 501 1297 695 1358; x_wconf 80' lang='grc' dir='ltr'>’Όπως</span> <span class='ocrx_word' id='word_1_77' title='bbox 731 1367 741 1373; x_wconf 89' lang='lat'>_</span> <span class='ocrx_word' id='word_1_78' title='bbox 778 1296 854 1368; x_wconf 84' lang='grc' dir='ltr'>μὴ</span> <span class='ocrx_word' id='word_1_79' title='bbox 926 1297 1110 1373; x_wconf 30' lang='grc' dir='ltr'>’φέρων</span> <span class='ocrx_word' id='word_1_80' title='bbox 1168 1296 1196 1350; x_wconf 87' lang='grc' dir='ltr'><strong>ὁ</strong></span> <span class='ocrx_word' id='word_1_81' title='bbox 1257 1292 1513 1373; x_wconf 38' lang='grc' dir='ltr'>β-ασιλερς</span> <span class='ocrx_word' id='word_1_82' title='bbox 1570 1295 1669 1373; x_wconf 59' lang='grc' dir='ltr'>τῂν</span> <span class='ocrx_word' id='word_1_83' title='bbox 1726 1295 1871 1369; x_wconf 79' lang='grc' dir='ltr'>παρά</span> <span class='ocrx_word' id='word_1_84' title='bbox 1925 1297 2022 1348; x_wconf 79' lang='grc' dir='ltr'>τοῦ</span> 
     </span>
    </p>
   </div>
   <div class='ocr_carea' id='block_1_13' title="bbox 546 1361 1833 1444">
    <p class='ocr_par' dir='ltr' id='par_1_13' title="bbox 546 1361 1833 1444">
     <span class='ocr_line' id='line_1_13' title="bbox 546 1361 1833 1444; baseline 0.001 -22"><span class='ocrx_word' id='word_1_85' title='bbox 546 1361 892 1443; x_wconf 74' lang='grc' dir='ltr'>πατριάρχου</span> <span class='ocrx_word' id='word_1_86' title='bbox 921 1361 1218 1444; x_wconf 71' lang='grc' dir='ltr'>ἐνόχλησιν</span> <span class='ocrx_word' id='word_1_87' title='bbox 1243 1361 1343 1437; x_wconf 75' lang='grc' dir='ltr'>τήν</span> <span class='ocrx_word' id='word_1_88' title='bbox 1373 1367 1563 1443; x_wconf 80' lang='grc' dir='ltr'>τρίτην</span> <span class='ocrx_word' id='word_1_89' title='bbox 1595 1361 1833 1423; x_wconf 65' lang='grc' dir='ltr'>ἔταττεν.</span> 
     </span>
    </p>
   </div>
   <div class='ocr_carea' id='block_1_14' title="bbox 441 1487 2020 1568">
    <p class='ocr_par' dir='ltr' id='par_1_14' title="bbox 441 1487 2020 1568">
     <span class='ocr_line' id='line_1_14' title="bbox 441 1487 2020 1568; baseline -0.001 -22"><span class='ocrx_word' id='word_1_90' title='bbox 441 1495 522 1567; x_wconf 87' lang='grc' dir='ltr'>[Ρ.</span> <span class='ocrx_word' id='word_1_91' title='bbox 554 1495 681 1567; x_wconf 79' lang='grc'><strong>277]</strong></span> <span class='ocrx_word' id='word_1_92' title='bbox 713 1492 838 1551; x_wconf 81' lang='grc' dir='ltr'>Ἐπὶ</span> <span class='ocrx_word' id='word_1_93' title='bbox 868 1493 1082 1556; x_wconf 72' lang='grc' dir='ltr'>τούτοις</span> <span class='ocrx_word' id='word_1_94' title='bbox 1130 1494 1159 1549; x_wconf 83' lang='grc' dir='ltr'>ὁ</span> <span class='ocrx_word' id='word_1_95' title='bbox 1212 1490 1466 1568; x_wconf 76' lang='grc' dir='ltr'>βασιλεὺς</span> <span class='ocrx_word' id='word_1_96' title='bbox 1513 1488 1777 1555; x_wconf 81' lang='grc' dir='ltr'>αἰδεσθεὶς</span> <span class='ocrx_word' id='word_1_97' title='bbox 1805 1491 1896 1546; x_wconf 86' lang='grc' dir='ltr'>τὸν</span> <span class='ocrx_word' id='word_1_98' title='bbox 1929 1487 2020 1544; x_wconf 77' lang='grc' dir='ltr'>ἄν·</span> 
     </span>
    </p>
   </div>
   <div class='ocr_carea' id='block_1_15' title="bbox 372 1576 2020 1656">
    <p class='ocr_par' dir='ltr' id='par_1_15' title="bbox 372 1576 2020 1656">
     <span class='ocr_line' id='line_1_15' title="bbox 372 1576 2020 1656; baseline -0.002 -22"><span class='ocrx_word' id='word_1_99' title='bbox 372 1576 492 1654; x_wconf 74' lang='grc' dir='ltr'>δρα,</span> <span class='ocrx_word' id='word_1_100' title='bbox 526 1578 758 1656; x_wconf 87' lang='grc' dir='ltr'>ὠρέγετο</span> <span class='ocrx_word' id='word_1_101' title='bbox 814 1582 911 1653; x_wconf 73' lang='grc' dir='ltr'>μὲν</span> <span class='ocrx_word' id='word_1_102' title='bbox 968 1578 1190 1636; x_wconf 75' lang='grc' dir='ltr'>ἔκποθεν</span> <span class='ocrx_word' id='word_1_103' title='bbox 1248 1578 1422 1634; x_wconf 86' lang='grc' dir='ltr'>αἰτίαν</span> <span class='ocrx_word' id='word_1_104' title='bbox 1483 1576 1873 1654; x_wconf 83' lang='grc' dir='ltr'>σχεδιασθῆναι</span> <span class='ocrx_word' id='word_1_105' title='bbox 1922 1582 2020 1634; x_wconf 76' lang='grc' dir='ltr'>τοῦ</span> 
     </span>
    </p>
   </div>
   <div class='ocr_carea' id='block_1_16' title="bbox 370 1666 2020 1742">
    <p class='ocr_par' dir='ltr' id='par_1_16' title="bbox 370 1666 2020 1742">
     <span class='ocr_line' id='line_1_16' title="bbox 370 1666 2020 1742; baseline -0.001 -18"><span class='ocrx_word' id='word_1_106' title='bbox 370 1670 521 1733; x_wconf 85' lang='grc' dir='ltr'>’ὁπως</span> <span class='ocrx_word' id='word_1_107' title='bbox 551 1670 913 1739; x_wconf 84' lang='grc' dir='ltr'>ταπεινωθείη</span> <span class='ocrx_word' id='word_1_108' title='bbox 963 1672 1026 1726; x_wconf 89' lang='grc' dir='ltr'>τὸ</span> <span class='ocrx_word' id='word_1_109' title='bbox 1078 1674 1174 1725; x_wconf 80' lang='grc' dir='ltr'>τοῦ</span> <span class='ocrx_word' id='word_1_110' title='bbox 1226 1666 1419 1742; x_wconf 81' lang='grc' dir='ltr'>ἀνδρὸς</span> <span class='ocrx_word' id='word_1_111' title='bbox 1468 1667 1911 1738; x_wconf 87' lang='grc' dir='ltr'>ἀκατάπληκτον,</span> <span class='ocrx_word' id='word_1_112' title='bbox 1941 1672 2020 1740; x_wconf 81' lang='grc' dir='ltr'>τῷ</span> 
     </span>
    </p>
   </div>
   <div class='ocr_carea' id='block_1_17' title="bbox 371 1754 2015 1835">
    <p class='ocr_par' dir='ltr' id='par_1_17' title="bbox 371 1754 2015 1835">
     <span class='ocr_line' id='line_1_17' title="bbox 371 1754 2015 1835; baseline -0.002 -22"><span class='ocrx_word' id='word_1_113' title='bbox 371 1756 429 1813; x_wconf 73' lang='grc' dir='ltr'>δὲ</span> <span class='ocrx_word' id='word_1_114' title='bbox 459 1780 516 1834; x_wconf 87' lang='grc' dir='ltr'>γε</span> <span class='ocrx_word' id='word_1_115' title='bbox 546 1757 683 1823; x_wconf 83' lang='grc' dir='ltr'>τέως</span> <span class='ocrx_word' id='word_1_116' title='bbox 712 1764 826 1821; x_wconf 85' lang='grc' dir='ltr'>τοῖς</span> <span class='ocrx_word' id='word_1_117' title='bbox 858 1758 980 1835; x_wconf 75' lang='grc' dir='ltr'>περὶ</span> <span class='ocrx_word' id='word_1_118' title='bbox 1010 1758 1168 1814; x_wconf 79' lang='grc' dir='ltr'>αὐτὸν</span> <span class='ocrx_word' id='word_1_119' title='bbox 1202 1757 1651 1832; x_wconf 72' lang='grc' dir='ltr'>ἀπολογούμενος</span> <span class='ocrx_word' id='word_1_120' title='bbox 1692 1755 1841 1819; x_wconf 80' lang='grc' dir='ltr'>ὅπως</span> <span class='ocrx_word' id='word_1_121' title='bbox 1872 1754 2015 1811; x_wconf 85' lang='grc' dir='ltr'>πολ-</span> 
     </span>
    </p>
   </div>
   <div class='ocr_carea' id='block_1_18' title="bbox 2140 584 3806 665">
    <p class='ocr_par' dir='ltr' id='par_1_18' title="bbox 2140 584 3806 665">
     <span class='ocr_line' id='line_1_18' title="bbox 2140 584 3806 665; baseline 0.002 -24"><span class='ocrx_word' id='word_1_122' title='bbox 2140 584 2342 641; x_wconf 89' lang='grc' dir='ltr'>λαίνειν</span> <span class='ocrx_word' id='word_1_123' title='bbox 2371 588 2506 661; x_wconf 87' lang='grc' dir='ltr'>πρὸς</span> <span class='ocrx_word' id='word_1_124' title='bbox 2558 588 2658 657; x_wconf 69' lang='grc' dir='ltr'>τήν</span> <span class='ocrx_word' id='word_1_125' title='bbox 2717 590 3057 658; x_wconf 88' lang='grc' dir='ltr'>κατάνευσιν,</span> <span class='ocrx_word' id='word_1_126' title='bbox 3113 588 3342 645; x_wconf 80' lang='grc' dir='ltr'>πολλῶν</span> <span class='ocrx_word' id='word_1_127' title='bbox 3403 588 3806 665; x_wconf 77' lang='grc' dir='ltr'>ἐπεισρεόντων</span> 
     </span>
    </p>
   </div>
   <div class='ocr_carea' id='block_1_19' title="bbox 2137 673 3808 756">
    <p class='ocr_par' dir='ltr' id='par_1_19' title="bbox 2137 673 3808 756">
     <span class='ocr_line' id='line_1_19' title="bbox 2137 673 3808 756; baseline 0.004 -27"><span class='ocrx_word' id='word_1_128' title='bbox 2137 673 2370 741; x_wconf 79' lang='grc' dir='ltr'>ἄλλοθεν</span> <span class='ocrx_word' id='word_1_129' title='bbox 2403 677 2591 732; x_wconf 75' lang='grc' dir='ltr'>ἄλλων</span> <span class='ocrx_word' id='word_1_130' title='bbox 2633 678 2722 733; x_wconf 80' lang='grc' dir='ltr'>καὶ</span> <span class='ocrx_word' id='word_1_131' title='bbox 2777 677 3152 752; x_wconf 86' lang='grc' dir='ltr'>μεθελκόντων</span> <span class='ocrx_word' id='word_1_132' title='bbox 3207 678 3434 735; x_wconf 78' lang='grc' dir='ltr'>ἑκάστου</span> <span class='ocrx_word' id='word_1_133' title='bbox 3464 680 3603 756; x_wconf 85' lang='grc' dir='ltr'>πρὸς</span> <span class='ocrx_word' id='word_1_134' title='bbox 3635 681 3808 735; x_wconf 71' lang='grc' dir='ltr'>ἑαυτὸ</span> 
     </span>
    </p>
   </div>
   <div class='ocr_carea' id='block_1_20' title="bbox 2133 765 3805 842">
    <p class='ocr_par' dir='ltr' id='par_1_20' title="bbox 2133 765 3805 842">
     <span class='ocr_line' id='line_1_20' title="bbox 2133 765 3805 842; baseline 0.003 -23"><span class='ocrx_word' id='word_1_135' title='bbox 2133 765 2225 819; x_wconf 88' lang='grc' dir='ltr'>τὸν</span> <span class='ocrx_word' id='word_1_136' title='bbox 2253 770 2382 819; x_wconf 70' lang='grc' dir='ltr'>νοῦν</span> <span class='ocrx_word' id='word_1_137' title='bbox 2411 767 2502 821; x_wconf 87' lang='grc' dir='ltr'>τὸν</span> <span class='ocrx_word' id='word_1_138' title='bbox 2541 765 2840 842; x_wconf 85' lang='grc' dir='ltr'>βασίλειον.</span> <span class='ocrx_word' id='word_1_139' title='bbox 2898 767 3000 825; x_wconf 83' lang='grc' dir='ltr'>Καὶ</span> <span class='ocrx_word' id='word_1_140' title='bbox 3052 769 3144 823; x_wconf 90' lang='grc' dir='ltr'>τὸν</span> <span class='ocrx_word' id='word_1_141' title='bbox 3192 771 3380 842; x_wconf 85' lang='grc' dir='ltr'>μαθεῖν</span> <span class='ocrx_word' id='word_1_142' title='bbox 3428 769 3520 823; x_wconf 87' lang='grc' dir='ltr'>καὶ</span> <span class='ocrx_word' id='word_1_143' title='bbox 3557 773 3805 838; x_wconf 77' lang='grc' dir='ltr'>ζητῆσαι</span> 
     </span>
    </p>
   </div>
   <div class='ocr_carea' id='block_1_21' title="bbox 2134 853 3802 935">
    <p class='ocr_par' dir='ltr' id='par_1_21' title="bbox 2134 853 3802 935">
     <span class='ocr_line' id='line_1_21' title="bbox 2134 853 3802 935; baseline 0.003 -29"><span class='ocrx_word' id='word_1_144' title='bbox 2134 855 2322 929; x_wconf 86' lang='grc' dir='ltr'>καιρὸν</span> <span class='ocrx_word' id='word_1_145' title='bbox 2385 854 2637 931; x_wconf 72' lang='grc' dir='ltr'>ἐντυχίας</span> <span class='ocrx_word' id='word_1_146' title='bbox 2698 853 2856 926; x_wconf 64' lang='grc' dir='ltr'>ἴδιον,</span> <span class='ocrx_word' id='word_1_147' title='bbox 2921 862 3047 929; x_wconf 80' lang='grc' dir='ltr'>μιᾶς</span> <span class='ocrx_word' id='word_1_148' title='bbox 3107 859 3319 935; x_wconf 77' lang='grc' dir='ltr'>ἡμέρας</span> <span class='ocrx_word' id='word_1_149' title='bbox 3379 858 3457 920; x_wconf 85' lang='grc' dir='ltr'>εἷς</span> <span class='ocrx_word' id='word_1_150' title='bbox 3486 862 3649 913; x_wconf 84' lang='grc' dir='ltr'>τοῦτο</span> <span class='ocrx_word' id='word_1_151' title='bbox 3679 863 3802 912; x_wconf 77' lang='grc' dir='ltr'>τῶν</span> 
     </span>
    </p>
   </div>
   <div class='ocr_carea' id='block_1_22' title="bbox 2136 943 3806 1024">
    <p class='ocr_par' dir='ltr' id='par_1_22' title="bbox 2136 943 3806 1024">
     <span class='ocr_line' id='line_1_22' title="bbox 2136 943 3806 1024; baseline 0.004 -27"><span class='ocrx_word' id='word_1_152' title='bbox 2136 943 2268 998; x_wconf 73' lang='grc' dir='ltr'>ἑπτὰ</span> <span class='ocrx_word' id='word_1_153' title='bbox 2301 944 2637 1019; x_wconf 81' lang='grc' dir='ltr'>ἐκλεγείσης.</span> <span class='ocrx_word' id='word_1_154' title='bbox 2698 946 2796 1001; x_wconf 78' lang='grc' dir='ltr'>Καὶ</span> <span class='ocrx_word' id='word_1_155' title='bbox 2853 944 3143 1023; x_wconf 81' lang='grc' dir='ltr'>ἐκλεγῆναι</span> <span class='ocrx_word' id='word_1_156' title='bbox 3199 948 3299 1017; x_wconf 79' lang='grc' dir='ltr'>τήν</span> <span class='ocrx_word' id='word_1_157' title='bbox 3353 947 3565 1024; x_wconf 88' lang='grc' dir='ltr'>τρίτην,</span> <span class='ocrx_word' id='word_1_158' title='bbox 3599 949 3679 1011; x_wconf 84' lang='grc' dir='ltr'>ὡς</span> <span class='ocrx_word' id='word_1_159' title='bbox 3708 949 3806 1003; x_wconf 70' lang='grc' dir='ltr'>εἷ-</span> 
     </span>
    </p>
   </div>
   <div class='ocr_carea' id='block_1_23' title="bbox 2133 1032 3808 1113">
    <p class='ocr_par' dir='ltr' id='par_1_23' title="bbox 2133 1032 3808 1113">
     <span class='ocr_line' id='line_1_23' title="bbox 2133 1032 3808 1113; baseline 0.004 -27"><span class='ocrx_word' id='word_1_160' title='bbox 2133 1053 2219 1087; x_wconf 87' lang='grc' dir='ltr'>ναι</span> <span class='ocrx_word' id='word_1_161' title='bbox 2257 1033 2430 1105; x_wconf 85' lang='grc' dir='ltr'>μόνην</span> <span class='ocrx_word' id='word_1_162' title='bbox 2459 1034 2661 1106; x_wconf 78' lang='grc' dir='ltr'>ταύτην</span> <span class='ocrx_word' id='word_1_163' title='bbox 2713 1042 2821 1105; x_wconf 85' lang='grc' dir='ltr'>τῆσ</span> <span class='ocrx_word' id='word_1_164' title='bbox 2876 1032 3184 1110; x_wconf 76' lang='grc' dir='ltr'>ἑϐδομάδος</span> <span class='ocrx_word' id='word_1_165' title='bbox 3242 1037 3457 1107; x_wconf 78' lang='grc' dir='ltr'>ἀπάσης</span> <span class='ocrx_word' id='word_1_166' title='bbox 3482 1037 3672 1113; x_wconf 85' lang='grc' dir='ltr'>καιρὸν</span> <span class='ocrx_word' id='word_1_167' title='bbox 3708 1036 3808 1092; x_wconf 76' lang='grc' dir='ltr'>ἐν·</span> 
     </span>
    </p>
   </div>
   <div class='ocr_carea' id='block_1_24' title="bbox 2131 1121 3811 1203">
    <p class='ocr_par' dir='ltr' id='par_1_24' title="bbox 2131 1121 3811 1203">
     <span class='ocr_line' id='line_1_24' title="bbox 2131 1121 3811 1203; baseline 0.005 -29"><span class='ocrx_word' id='word_1_168' title='bbox 2131 1121 2327 1196; x_wconf 87' lang='grc' dir='ltr'>τυχίας</span> <span class='ocrx_word' id='word_1_169' title='bbox 2357 1122 2492 1198; x_wconf 75' lang='grc' dir='ltr'>ὑπὲρ</span> <span class='ocrx_word' id='word_1_170' title='bbox 2550 1124 2852 1199; x_wconf 82' lang='grc' dir='ltr'>ἀνθρώπων</span> <span class='ocrx_word' id='word_1_171' title='bbox 2909 1130 3007 1181; x_wconf 77' lang='grc' dir='ltr'>τοῦ</span> <span class='ocrx_word' id='word_1_172' title='bbox 3062 1127 3409 1203; x_wconf 84' lang='grc' dir='ltr'>πατριάρχου</span> <span class='ocrx_word' id='word_1_173' title='bbox 3452 1126 3589 1202; x_wconf 85' lang='grc' dir='ltr'>πρὸς</span> <span class='ocrx_word' id='word_1_174' title='bbox 3634 1126 3811 1194; x_wconf 82' lang='grc' dir='ltr'>βασι-</span> 
     </span>
    </p>
   </div>
   <div class='ocr_carea' id='block_1_25' title="bbox 2133 1208 3803 1292">
    <p class='ocr_par' dir='ltr' id='par_1_25' title="bbox 2133 1208 3803 1292">
     <span class='ocr_line' id='line_1_25' title="bbox 2133 1208 3803 1292; baseline 0.003 -28"><span class='ocrx_word' id='word_1_175' title='bbox 2133 1208 2251 1279; x_wconf 82' lang='grc' dir='ltr'>λέα,</span> <span class='ocrx_word' id='word_1_176' title='bbox 2283 1212 2555 1286; x_wconf 84' lang='grc' dir='ltr'>ταχθῆναί</span> <span class='ocrx_word' id='word_1_177' title='bbox 2608 1234 2669 1269; x_wconf 93' lang='grc' dir='ltr'>τε</span> <span class='ocrx_word' id='word_1_178' title='bbox 2721 1213 2813 1269; x_wconf 82' lang='grc' dir='ltr'>καὶ</span> <span class='ocrx_word' id='word_1_179' title='bbox 2870 1215 3251 1291; x_wconf 82' lang='grc' dir='ltr'>γραμματικὸν</span> <span class='ocrx_word' id='word_1_180' title='bbox 3312 1211 3451 1270; x_wconf 69' lang='grc' dir='ltr'>ἴδιον</span> <span class='ocrx_word' id='word_1_181' title='bbox 3497 1215 3587 1270; x_wconf 87' lang='grc' dir='ltr'>τὸν</span> <span class='ocrx_word' id='word_1_182' title='bbox 3619 1218 3803 1292; x_wconf 73' lang='grc' dir='ltr'>Ξιφι-</span> 
     </span>
    </p>
   </div>
   <div class='ocr_carea' id='block_1_26' title="bbox 2132 1298 3814 1383">
    <p class='ocr_par' dir='ltr' id='par_1_26' title="bbox 2132 1298 3814 1383">
     <span class='ocr_line' id='line_1_26' title="bbox 2132 1298 3814 1383; baseline 0.003 -27"><span class='ocrx_word' id='word_1_183' title='bbox 2132 1298 2285 1356; x_wconf 85' lang='grc' dir='ltr'>λῖνον</span> <span class='ocrx_word' id='word_1_184' title='bbox 2354 1301 2611 1377; x_wconf 78' lang='grc' dir='ltr'>Μιχαὴλ,</span> <span class='ocrx_word' id='word_1_185' title='bbox 2670 1302 2753 1380; x_wconf 79' lang='grc' dir='ltr'>ἐφ’</span> <span class='ocrx_word' id='word_1_186' title='bbox 2807 1305 2853 1377; x_wconf 85' lang='grc' dir='ltr'>ᾧ</span> <span class='ocrx_word' id='word_1_187' title='bbox 2915 1305 3011 1367; x_wconf 80' lang='grc' dir='ltr'>τὰς</span> <span class='ocrx_word' id='word_1_188' title='bbox 3080 1302 3264 1369; x_wconf 77' lang='grc' dir='ltr'>λύσεις</span> <span class='ocrx_word' id='word_1_189' title='bbox 3325 1308 3433 1360; x_wconf 86' lang='grc' dir='ltr'>τῶν</span> <span class='ocrx_word' id='word_1_190' title='bbox 3496 1305 3814 1383; x_wconf 79' lang='grc' dir='ltr'>ἀναφορῶν</span> 
     </span>
    </p>
   </div>
   <div class='ocr_carea' id='block_1_27' title="bbox 2128 1387 3798 1473">
    <p class='ocr_par' dir='ltr' id='par_1_27' title="bbox 2128 1387 3798 1473">
     <span class='ocr_line' id='line_1_27' title="bbox 2128 1387 3798 1473; baseline 0.003 -28"><span class='ocrx_word' id='word_1_191' title='bbox 2128 1387 2533 1466; x_wconf 81' lang='grc' dir='ltr'>ἀναδεχόμενον</span> <span class='ocrx_word' id='word_1_192' title='bbox 2590 1394 2837 1472; x_wconf 81' lang='grc' dir='ltr'>γράφειν.</span> <span class='ocrx_word' id='word_1_193' title='bbox 2897 1392 3087 1459; x_wconf 75' lang='grc' dir='ltr'>Οὕτως</span> <span class='ocrx_word' id='word_1_194' title='bbox 3129 1394 3196 1463; x_wconf 80' lang='grc' dir='ltr'>ἧν</span> <span class='ocrx_word' id='word_1_195' title='bbox 3256 1396 3292 1465; x_wconf 78' lang='grc' dir='ltr'><strong>ἡ</strong></span> <span class='ocrx_word' id='word_1_196' title='bbox 3351 1393 3509 1472; x_wconf 80' lang='grc' dir='ltr'>τρίτη</span> <span class='ocrx_word' id='word_1_197' title='bbox 3570 1395 3798 1473; x_wconf 75' lang='grc' dir='ltr'>ἀφωρι-</span> 
     </span>
    </p>
   </div>
   <div class='ocr_carea' id='block_1_28' title="bbox 2131 1480 3802 1561">
    <p class='ocr_par' dir='ltr' id='par_1_28' title="bbox 2131 1480 3802 1561">
     <span class='ocr_line' id='line_1_28' title="bbox 2131 1480 3802 1561; baseline 0.004 -27"><span class='ocrx_word' id='word_1_198' title='bbox 2131 1480 2303 1552; x_wconf 84' lang='grc' dir='ltr'>σμένη</span> <span class='ocrx_word' id='word_1_199' title='bbox 2375 1486 2491 1553; x_wconf 84' lang='grc' dir='ltr'>Θεῷ</span> <span class='ocrx_word' id='word_1_200' title='bbox 2515 1480 2703 1547; x_wconf 75' lang='grc' dir='ltr'>ἐλέους</span> <span class='ocrx_word' id='word_1_201' title='bbox 2761 1484 2856 1538; x_wconf 78' lang='grc' dir='ltr'>καὶ</span> <span class='ocrx_word' id='word_1_202' title='bbox 2911 1482 3333 1561; x_wconf 77' lang='grc' dir='ltr'>παρακλήσεως.</span> <span class='ocrx_word' id='word_1_203' title='bbox 3390 1485 3480 1547; x_wconf 84' lang='grc' dir='ltr'>Ὧς</span> <span class='ocrx_word' id='word_1_204' title='bbox 3521 1485 3581 1540; x_wconf 75' lang='grc' dir='ltr'>ἄν</span> <span class='ocrx_word' id='word_1_205' title='bbox 3614 1482 3678 1539; x_wconf 76' lang='grc' dir='ltr'>δὲ</span> <span class='ocrx_word' id='word_1_206' title='bbox 3707 1486 3802 1558; x_wconf 75' lang='grc' dir='ltr'>μὴ</span> 
     </span>
    </p>
   </div>
   <div class='ocr_carea' id='block_1_29' title="bbox 2128 1567 3802 1649">
    <p class='ocr_par' dir='ltr' id='par_1_29' title="bbox 2128 1567 3802 1649">
     <span class='ocr_line' id='line_1_29' title="bbox 2128 1567 3802 1649; baseline 0.005 -27"><span class='ocrx_word' id='word_1_207' title='bbox 2128 1567 2417 1646; x_wconf 84' lang='grc' dir='ltr'>ἀφαιροῖτο</span> <span class='ocrx_word' id='word_1_208' title='bbox 2448 1572 2482 1640; x_wconf 80' lang='grc' dir='ltr'><strong>ἡ</strong></span> <span class='ocrx_word' id='word_1_209' title='bbox 2515 1573 2696 1646; x_wconf 82' lang='grc' dir='ltr'>ἡμέρα</span> <span class='ocrx_word' id='word_1_210' title='bbox 2735 1576 2834 1627; x_wconf 77' lang='grc' dir='ltr'>τοῦ</span> <span class='ocrx_word' id='word_1_211' title='bbox 2885 1572 3213 1649; x_wconf 85' lang='grc' dir='ltr'>προνομίου,</span> <span class='ocrx_word' id='word_1_212' title='bbox 3264 1570 3678 1649; x_wconf 84' lang='grc' dir='ltr'>ἀσχοληθέντος</span> <span class='ocrx_word' id='word_1_213' title='bbox 3706 1573 3802 1630; x_wconf 84' lang='grc' dir='ltr'>ἐπ’</span> 
     </span>
    </p>
   </div>
   <div class='ocr_carea' id='block_1_30' title="bbox 2128 1654 3800 1738">
    <p class='ocr_par' dir='ltr' id='par_1_30' title="bbox 2128 1654 3800 1738">
     <span class='ocr_line' id='line_1_30' title="bbox 2128 1654 3800 1738; baseline 0.004 -26"><span class='ocrx_word' id='word_1_214' title='bbox 2128 1654 2326 1721; x_wconf 74' lang='grc' dir='ltr'>ἄλλοις</span> <span class='ocrx_word' id='word_1_215' title='bbox 2379 1661 2497 1715; x_wconf 80' lang='grc' dir='ltr'>κατ’</span> <span class='ocrx_word' id='word_1_216' title='bbox 2552 1661 2789 1738; x_wconf 87' lang='grc' dir='ltr'>ἀνάγκην</span> <span class='ocrx_word' id='word_1_217' title='bbox 2843 1666 2940 1717; x_wconf 79' lang='grc' dir='ltr'>τοῦ</span> <span class='ocrx_word' id='word_1_218' title='bbox 2998 1659 3250 1731; x_wconf 81' lang='grc' dir='ltr'>ἄνακτος,</span> <span class='ocrx_word' id='word_1_219' title='bbox 3309 1662 3480 1725; x_wconf 88' lang='grc' dir='ltr'>τόπος</span> <span class='ocrx_word' id='word_1_220' title='bbox 3541 1662 3800 1720; x_wconf 79' lang='grc' dir='ltr'>ἀναπαύ-</span> 
     </span>
    </p>
   </div>
   <div class='ocr_carea' id='block_1_31' title="bbox 2128 1749 3790 1829">
    <p class='ocr_par' dir='ltr' id='par_1_31' title="bbox 2128 1749 3790 1829">
     <span class='ocr_line' id='line_1_31' title="bbox 2128 1749 3790 1829; baseline 0.004 -28"><span class='ocrx_word' id='word_1_221' title='bbox 2128 1767 2265 1810; x_wconf 88' lang='grc' dir='ltr'>σεως</span> <span class='ocrx_word' id='word_1_222' title='bbox 2292 1754 2411 1812; x_wconf 81' lang='grc' dir='ltr'>τοῖς</span> <span class='ocrx_word' id='word_1_223' title='bbox 2436 1749 2561 1825; x_wconf 84' lang='grc' dir='ltr'>περὶ</span> <span class='ocrx_word' id='word_1_224' title='bbox 2590 1751 2680 1805; x_wconf 83' lang='grc' dir='ltr'>τὸν</span> <span class='ocrx_word' id='word_1_225' title='bbox 2731 1751 3080 1827; x_wconf 88' lang='grc' dir='ltr'>πατριάρχην</span> <span class='ocrx_word' id='word_1_226' title='bbox 3135 1754 3170 1822; x_wconf 82' lang='grc' dir='ltr'>ἠ</span> <span class='ocrx_word' id='word_1_227' title='bbox 3222 1758 3324 1821; x_wconf 86' lang='grc' dir='ltr'>τῆς</span> <span class='ocrx_word' id='word_1_228' title='bbox 3352 1753 3541 1829; x_wconf 85' lang='grc' dir='ltr'>χώρας</span> <span class='ocrx_word' id='word_1_229' title='bbox 3568 1752 3790 1829; x_wconf 77' lang='grc' dir='ltr'>ἐτάχθη</span> 
     </span>
    </p>
   </div>
   <div class='ocr_carea' id='block_1_32' title="bbox 370 1835 3797 1940">
    <p class='ocr_par' dir='ltr' id='par_1_32' title="bbox 370 1835 3797 1940">
     <span class='ocr_line' id='line_1_32' title="bbox 370 1835 3797 1940; baseline -0 -36"><span class='ocrx_word' id='word_1_230' title='bbox 370 1846 529 1910; x_wconf 85' lang='grc' dir='ltr'>λάκις</span> <span class='ocrx_word' id='word_1_231' title='bbox 587 1844 877 1904; x_wconf 78' lang='grc' dir='ltr'>ἀντιϐαίνει</span> <span class='ocrx_word' id='word_1_232' title='bbox 927 1849 1016 1904; x_wconf 75' lang='grc' dir='ltr'>καὶ</span> <span class='ocrx_word' id='word_1_233' title='bbox 1072 1847 1132 1903; x_wconf 81' lang='grc' dir='ltr'>οὐ</span> <span class='ocrx_word' id='word_1_234' title='bbox 1189 1848 1428 1912; x_wconf 84' lang='grc' dir='ltr'>πείθεται</span> <span class='ocrx_word' id='word_1_235' title='bbox 1493 1845 1887 1920; x_wconf 78' lang='grc' dir='ltr'>μεσιτεύοντος,</span> <span class='ocrx_word' id='word_1_236' title='bbox 1916 1846 2016 1914; x_wconf 74' lang='grc' dir='ltr'>τὴν</span> <span class='ocrx_word' id='word_1_237' title='bbox 2048 1874 2095 1940; x_wconf 82' lang='grc' dir='ltr'><strong>Β</strong></span> <span class='ocrx_word' id='word_1_238' title='bbox 2131 1838 2296 1909; x_wconf 73' lang='grc' dir='ltr'>μονὴ,</span> <span class='ocrx_word' id='word_1_239' title='bbox 2330 1837 2407 1901; x_wconf 74' lang='grc' dir='ltr'>εἷς</span> <span class='ocrx_word' id='word_1_240' title='bbox 2436 1835 2501 1909; x_wconf 73' lang='grc' dir='ltr'>ἤν</span> <span class='ocrx_word' id='word_1_241' title='bbox 2551 1841 2643 1894; x_wconf 73' lang='grc' dir='ltr'>καὶ</span> <span class='ocrx_word' id='word_1_242' title='bbox 2693 1840 3044 1920; x_wconf 72' lang='grc' dir='ltr'>ὑποστρέφων</span> <span class='ocrx_word' id='word_1_243' title='bbox 3098 1840 3289 1911; x_wconf 75' lang='grc' dir='ltr'>ἐνίοτε,</span> <span class='ocrx_word' id='word_1_244' title='bbox 3331 1840 3399 1910; x_wconf 77' lang='grc' dir='ltr'>ἢν</span> <span class='ocrx_word' id='word_1_245' title='bbox 3425 1840 3797 1914; x_wconf 72' lang='grc' dir='ltr'>τίπρωὶαθεν</span> 
     </span>
    </p>
   </div>
   <div class='ocr_carea' id='block_1_33' title="bbox 367 1934 2013 2013">
    <p class='ocr_par' dir='ltr' id='par_1_33' title="bbox 367 1934 2013 2013">
     <span class='ocr_line' id='line_1_33' title="bbox 367 1934 2013 2013; baseline -0.001 -22"><span class='ocrx_word' id='word_1_246' title='bbox 367 1944 571 2012; x_wconf 82' lang='grc' dir='ltr'>συνεχῆ</span> <span class='ocrx_word' id='word_1_247' title='bbox 632 1934 962 2013; x_wconf 84' lang='grc' dir='ltr'>προσεδρίαν</span> <span class='ocrx_word' id='word_1_248' title='bbox 1017 1937 1210 2012; x_wconf 74' lang='grc' dir='ltr'>ᾐτιᾶτο</span> <span class='ocrx_word' id='word_1_249' title='bbox 1285 1944 1384 2007; x_wconf 82' lang='grc' dir='ltr'>τῆς</span> <span class='ocrx_word' id='word_1_250' title='bbox 1444 1935 1738 2005; x_wconf 83' lang='grc' dir='ltr'>ἀπειθείας,</span> <span class='ocrx_word' id='word_1_251' title='bbox 1795 1935 1884 1991; x_wconf 81' lang='grc' dir='ltr'>καὶ</span> <span class='ocrx_word' id='word_1_252' title='bbox 1938 1936 2013 1997; x_wconf 85' lang='grc' dir='ltr'>ὡς</span> 
     </span>
    </p>
   </div>
   <div class='ocr_carea' id='block_1_34' title="bbox 370 2023 2020 2104">
    <p class='ocr_par' dir='ltr' id='par_1_34' title="bbox 370 2023 2020 2104">
     <span class='ocr_line' id='line_1_34' title="bbox 370 2023 2020 2104; baseline -0.001 -23"><span class='ocrx_word' id='word_1_253' title='bbox 370 2032 616 2102; x_wconf 83' lang='grc' dir='ltr'>συνεχῶς</span> <span class='ocrx_word' id='word_1_254' title='bbox 644 2025 1053 2104; x_wconf 71' lang='grc' dir='ltr'>ἐνοχλούμενος</span> <span class='ocrx_word' id='word_1_255' title='bbox 1109 2027 1302 2083; x_wconf 84' lang='grc' dir='ltr'>ταυτόν</span> <span class='ocrx_word' id='word_1_256' title='bbox 1340 2049 1392 2082; x_wconf 89' lang='grc' dir='ltr'>τι</span> <span class='ocrx_word' id='word_1_257' title='bbox 1443 2027 1645 2102; x_wconf 85' lang='grc' dir='ltr'>πάσχει</span> <span class='ocrx_word' id='word_1_258' title='bbox 1674 2030 1796 2089; x_wconf 84' lang='grc' dir='ltr'>τοῖς</span> <span class='ocrx_word' id='word_1_259' title='bbox 1824 2023 2020 2098; x_wconf 78' lang='grc' dir='ltr'>ἁψικό-</span> 
     </span>
    </p>
   </div>
   <div class='ocr_carea' id='block_1_35' title="bbox 371 2114 2022 2193">
    <p class='ocr_par' dir='ltr' id='par_1_35' title="bbox 371 2114 2022 2193">
     <span class='ocr_line' id='line_1_35' title="bbox 371 2114 2022 2193; baseline -0.001 -23"><span class='ocrx_word' id='word_1_260' title='bbox 371 2137 489 2190; x_wconf 89' lang='grc' dir='ltr'>ροις</span> <span class='ocrx_word' id='word_1_261' title='bbox 520 2114 750 2172; x_wconf 79' lang='grc' dir='ltr'>πολλῶν</span> <span class='ocrx_word' id='word_1_262' title='bbox 801 2116 1244 2190; x_wconf 71' lang='grc' dir='ltr'>παρατιθεμένων</span> <span class='ocrx_word' id='word_1_263' title='bbox 1309 2115 1651 2193; x_wconf 83' lang='grc' dir='ltr'>βρωμάτων·</span> <span class='ocrx_word' id='word_1_264' title='bbox 1714 2114 2022 2190; x_wconf 79' lang='grc' dir='ltr'>ὀργίζεσθαι</span> 
     </span>
    </p>
   </div>
   <div class='ocr_carea' id='block_1_36' title="bbox 366 2202 2019 2279">
    <p class='ocr_par' dir='ltr' id='par_1_36' title="bbox 366 2202 2019 2279">
     <span class='ocr_line' id='line_1_36' title="bbox 366 2202 2019 2279; baseline 0 -22"><span class='ocrx_word' id='word_1_265' title='bbox 366 2204 470 2279; x_wconf 73' lang='grc' dir='ltr'>γὰρ</span> <span class='ocrx_word' id='word_1_266' title='bbox 503 2202 755 2276; x_wconf 80' lang='grc' dir='ltr'>ἐκείνους,</span> <span class='ocrx_word' id='word_1_267' title='bbox 814 2202 880 2273; x_wconf 71' lang='grc' dir='ltr'>ἤν</span> <span class='ocrx_word' id='word_1_268' title='bbox 946 2207 1019 2278; x_wconf 80' lang='grc' dir='ltr'>μή</span> <span class='ocrx_word' id='word_1_269' title='bbox 1078 2227 1161 2268; x_wconf 92' lang='grc' dir='ltr'>τις</span> <span class='ocrx_word' id='word_1_270' title='bbox 1214 2205 1648 2274; x_wconf 84' lang='grc' dir='ltr'>ἀποσκευάζηται</span> <span class='ocrx_word' id='word_1_271' title='bbox 1686 2205 1753 2258; x_wconf 77' lang='grc' dir='ltr'>τὰ</span> <span class='ocrx_word' id='word_1_272' title='bbox 1780 2203 2019 2272; x_wconf 84' lang='grc' dir='ltr'>τεθέντα,</span> 
     </span>
    </p>
   </div>
   <div class='ocr_carea' id='block_1_37' title="bbox 365 2292 2023 2366">
    <p class='ocr_par' dir='ltr' id='par_1_37' title="bbox 365 2292 2023 2366">
     <span class='ocr_line' id='line_1_37' title="bbox 365 2292 2023 2366; baseline -0.001 -18"><span class='ocrx_word' id='word_1_273' title='bbox 365 2293 453 2348; x_wconf 80' lang='grc' dir='ltr'>καὶ</span> <span class='ocrx_word' id='word_1_274' title='bbox 486 2294 649 2349; x_wconf 80' lang='grc' dir='ltr'>αὐτὸν</span> <span class='ocrx_word' id='word_1_275' title='bbox 682 2292 910 2349; x_wconf 81' lang='grc' dir='ltr'>πολλῶν</span> <span class='ocrx_word' id='word_1_276' title='bbox 969 2296 1083 2350; x_wconf 73' lang='grc' dir='ltr'>καθ’</span> <span class='ocrx_word' id='word_1_277' title='bbox 1139 2295 1368 2365; x_wconf 70' lang='grc' dir='ltr'>ἑκάστην</span> <span class='ocrx_word' id='word_1_278' title='bbox 1427 2292 1877 2366; x_wconf 81' lang='grc' dir='ltr'>ἐπαντλουμένων</span> <span class='ocrx_word' id='word_1_279' title='bbox 1915 2296 2023 2347; x_wconf 87' lang='grc' dir='ltr'>τῶν</span> 
     </span>
    </p>
   </div>
   <div class='ocr_carea' id='block_1_38' title="bbox 374 2378 2022 2456">
    <p class='ocr_par' dir='ltr' id='par_1_38' title="bbox 374 2378 2022 2456">
     <span class='ocr_line' id='line_1_38' title="bbox 374 2378 2022 2456; baseline -0.001 -20"><span class='ocrx_word' id='word_1_280' title='bbox 374 2382 703 2455; x_wconf 80' lang='grc' dir='ltr'>ὑποθέσεων,</span> <span class='ocrx_word' id='word_1_281' title='bbox 761 2383 852 2438; x_wconf 84' lang='grc' dir='ltr'>καὶ</span> <span class='ocrx_word' id='word_1_282' title='bbox 899 2384 1048 2439; x_wconf 82' lang='grc' dir='ltr'>ταῦτ’</span> <span class='ocrx_word' id='word_1_283' title='bbox 1104 2383 1206 2438; x_wconf 85' lang='grc' dir='ltr'>οὐκ</span> <span class='ocrx_word' id='word_1_284' title='bbox 1261 2382 1321 2437; x_wconf 83' lang='grc' dir='ltr'>ἐκ</span> <span class='ocrx_word' id='word_1_285' title='bbox 1380 2380 1734 2456; x_wconf 84' lang='grc' dir='ltr'>μηνυμάτων,</span> <span class='ocrx_word' id='word_1_286' title='bbox 1771 2378 2022 2437; x_wconf 83' lang='grc' dir='ltr'>ἆλλάὐ-</span> 
     </span>
    </p>
   </div>
   <div class='ocr_carea' id='block_1_39' title="bbox 364 2467 2020 2548">
    <p class='ocr_par' dir='ltr' id='par_1_39' title="bbox 364 2467 2020 2548">
     <span class='ocr_line' id='line_1_39' title="bbox 364 2467 2020 2548; baseline -0.001 -22"><span class='ocrx_word' id='word_1_287' title='bbox 364 2473 764 2548; x_wconf 87' lang='grc' dir='ltr'>τοπροσώπως,</span> <span class='ocrx_word' id='word_1_288' title='bbox 825 2474 991 2529; x_wconf 88' lang='grc' dir='ltr'>ὁπότε</span> <span class='ocrx_word' id='word_1_289' title='bbox 1042 2472 1134 2528; x_wconf 86' lang='grc' dir='ltr'>καὶ</span> <span class='ocrx_word' id='word_1_290' title='bbox 1208 2474 1243 2542; x_wconf 75' lang='grc' dir='ltr'>ἡ</span> <span class='ocrx_word' id='word_1_291' title='bbox 1316 2470 1600 2547; x_wconf 81' lang='grc' dir='ltr'>ἀντιλογία</span> <span class='ocrx_word' id='word_1_292' title='bbox 1655 2471 1843 2547; x_wconf 85' lang='grc' dir='ltr'>κάιρὸν</span> <span class='ocrx_word' id='word_1_293' title='bbox 1903 2467 2020 2547; x_wconf 79' lang='grc' dir='ltr'>ἔχει</span> 
     </span>
    </p>
   </div>
   <div class='ocr_carea' id='block_1_40' title="bbox 365 2680 2012 2755">
    <p class='ocr_par' dir='ltr' id='par_1_40' title="bbox 365 2680 2012 2755">
     <span class='ocr_line' id='line_1_40' title="bbox 365 2680 2012 2755; baseline -0.002 -17"><span class='ocrx_word' id='word_1_294' title='bbox 365 2680 518 2738; x_wconf 77' lang='lat'>408</span> <span class='ocrx_word' id='word_1_295' title='bbox 553 2698 758 2755; x_wconf 82' lang='lat' dir='ltr'>expers</span> <span class='ocrx_word' id='word_1_296' title='bbox 792 2682 995 2739; x_wconf 85' lang='lat' dir='ltr'>ferculi</span> <span class='ocrx_word' id='word_1_297' title='bbox 1026 2683 1097 2739; x_wconf 88' lang='lat' dir='ltr'>ab</span> <span class='ocrx_word' id='word_1_298' title='bbox 1130 2699 1233 2739; x_wconf 90' lang='lat' dir='ltr'>ara</span> <span class='ocrx_word' id='word_1_299' title='bbox 1262 2685 1668 2738; x_wconf 77' lang='lat' dir='ltr'>reverteretur.</span> <span class='ocrx_word' id='word_1_300' title='bbox 1696 2681 1912 2737; x_wconf 91' lang='lat' dir='ltr'>Verum</span> <span class='ocrx_word' id='word_1_301' title='bbox 1942 2696 2012 2736; x_wconf 86' lang='lat' dir='ltr'>ex</span> 
     </span>
    </p>
   </div>
   <div class='ocr_carea' id='block_1_41' title="bbox 361 2771 2008 2844">
    <p class='ocr_par' dir='ltr' id='par_1_41' title="bbox 361 2771 2008 2844">
     <span class='ocr_line' id='line_1_41' title="bbox 361 2771 2008 2844; baseline 0 -19"><span class='ocrx_word' id='word_1_302' title='bbox 361 2771 608 2828; x_wconf 87' lang='lat' dir='ltr'>adverso</span> <span class='ocrx_word' id='word_1_303' title='bbox 633 2771 938 2843; x_wconf 91' lang='lat' dir='ltr'>patiarcha</span> <span class='ocrx_word' id='word_1_304' title='bbox 969 2771 1160 2844; x_wconf 85' lang='lat' dir='ltr'>magis</span> <span class='ocrx_word' id='word_1_305' title='bbox 1194 2771 1523 2828; x_wconf 88' lang='lat' dir='ltr'>timendum</span> <span class='ocrx_word' id='word_1_306' title='bbox 1565 2771 2008 2842; x_wconf 87' lang='lat' dir='ltr'>cavendamque</span> 
     </span>
    </p>
   </div>
   <div class='ocr_carea' id='block_1_42' title="bbox 360 2858 2007 2931">
    <p class='ocr_par' dir='ltr' id='par_1_42' title="bbox 360 2858 2007 2931">
     <span class='ocr_line' id='line_1_42' title="bbox 360 2858 2007 2931; baseline -0.001 -16"><span class='ocrx_word' id='word_1_307' title='bbox 360 2860 689 2918; x_wconf 80' lang='lat' dir='ltr'>studiosius</span> <span class='ocrx_word' id='word_1_308' title='bbox 715 2860 985 2918; x_wconf 88' lang='lat' dir='ltr'>indicans</span> <span class='ocrx_word' id='word_1_309' title='bbox 1020 2863 1112 2917; x_wconf 86' lang='lat' dir='ltr'>Dei</span> <span class='ocrx_word' id='word_1_310' title='bbox 1134 2861 1517 2917; x_wconf 66' lang='lat' dir='ltr'>offensionem</span> <span class='ocrx_word' id='word_1_311' title='bbox 1550 2877 1563 2915; x_wconf 90' lang='lat'>:</span> <span class='ocrx_word' id='word_1_312' title='bbox 1599 2859 1905 2931; x_wconf 81' lang='lat' dir='ltr'>Acciperes</span> <span class='ocrx_word' id='word_1_313' title='bbox 1947 2858 2007 2914; x_wconf 93' lang='lat' dir='ltr'>in</span> 
     </span>
    </p>
   </div>
   <div class='ocr_carea' id='block_1_43' title="bbox 354 2948 2005 3023">
    <p class='ocr_par' dir='ltr' id='par_1_43' title="bbox 354 2948 2005 3023">
     <span class='ocr_line' id='line_1_43' title="bbox 354 2948 2005 3023; baseline -0.001 -20"><span class='ocrx_word' id='word_1_314' title='bbox 354 2948 672 3019; x_wconf 72' lang='lat' dir='ltr'>judicium,</span> <span class='ocrx_word' id='word_1_315' title='bbox 706 2956 991 3023; x_wconf 81' lang='lat' dir='ltr'>Auguste,</span> <span class='ocrx_word' id='word_1_316' title='bbox 1024 2951 1240 3023; x_wconf 81' lang='lat' dir='ltr'>inquit,</span> <span class='ocrx_word' id='word_1_317' title='bbox 1303 2950 1457 3006; x_wconf 89' lang='lat' dir='ltr'>hunc</span> <span class='ocrx_word' id='word_1_318' title='bbox 1510 2966 1742 3006; x_wconf 89' lang='lat' dir='ltr'>sacrum</span> <span class='ocrx_word' id='word_1_319' title='bbox 1784 2949 2005 3017; x_wconf 83' lang='lat' dir='ltr'>cibum,</span> 
     </span>
    </p>
   </div>
   <div class='ocr_carea' id='block_1_44' title="bbox 359 3039 2007 3113">
    <p class='ocr_par' dir='ltr' id='par_1_44' title="bbox 359 3039 2007 3113">
     <span class='ocr_line' id='line_1_44' title="bbox 359 3039 2007 3113; baseline 0.001 -20"><span class='ocrx_word' id='word_1_320' title='bbox 359 3040 549 3108; x_wconf 85' lang='lat' dir='ltr'>quoad</span> <span class='ocrx_word' id='word_1_321' title='bbox 580 3045 806 3096; x_wconf 87' lang='lat' dir='ltr'>certum</span> <span class='ocrx_word' id='word_1_322' title='bbox 839 3041 1138 3113; x_wconf 81' lang='lat' dir='ltr'>ﬁxumque</span> <span class='ocrx_word' id='word_1_323' title='bbox 1177 3041 1282 3097; x_wconf 86' lang='lat' dir='ltr'>tibi</span> <span class='ocrx_word' id='word_1_324' title='bbox 1344 3042 1454 3097; x_wconf 87' lang='lat' dir='ltr'>erit</span> <span class='ocrx_word' id='word_1_325' title='bbox 1508 3040 1734 3096; x_wconf 89' lang='lat' dir='ltr'>homini</span> <span class='ocrx_word' id='word_1_326' title='bbox 1788 3039 2007 3109; x_wconf 85' lang='lat' dir='ltr'>injuste</span> 
     </span>
    </p>
   </div>
   <div class='ocr_carea' id='block_1_45' title="bbox 355 3129 2006 3203">
    <p class='ocr_par' dir='ltr' id='par_1_45' title="bbox 355 3129 2006 3203">
     <span class='ocr_line' id='line_1_45' title="bbox 355 3129 2006 3203; baseline 0.002 -21"><span class='ocrx_word' id='word_1_327' title='bbox 355 3133 559 3183; x_wconf 86' lang='lat' dir='ltr'>vexato</span> <span class='ocrx_word' id='word_1_328' title='bbox 608 3129 885 3186; x_wconf 80' lang='lat' dir='ltr'>solatium</span> <span class='ocrx_word' id='word_1_329' title='bbox 943 3147 1173 3203; x_wconf 86' lang='lat' dir='ltr'>negare.</span> <span class='ocrx_word' id='word_1_330' title='bbox 1219 3153 1247 3181; x_wconf 85' lang='lat'>»</span> <span class='ocrx_word' id='word_1_331' title='bbox 1298 3134 1460 3186; x_wconf 87' lang='lat' dir='ltr'>Tunc</span> <span class='ocrx_word' id='word_1_332' title='bbox 1531 3147 1662 3186; x_wconf 91' lang='lat' dir='ltr'>vero</span> <span class='ocrx_word' id='word_1_333' title='bbox 1734 3133 2006 3201; x_wconf 86' lang='lat' dir='ltr'>caperata</span> 
     </span>
    </p>
   </div>
   <div class='ocr_carea' id='block_1_46' title="bbox 2128 1925 3796 2005">
    <p class='ocr_par' dir='ltr' id='par_1_46' title="bbox 2128 1925 3796 2005">
     <span class='ocr_line' id='line_1_46' title="bbox 2128 1925 3796 2005; baseline 0.003 -24"><span class='ocrx_word' id='word_1_334' title='bbox 2128 1928 2204 1999; x_wconf 81' lang='grc' dir='ltr'>μή</span> <span class='ocrx_word' id='word_1_335' title='bbox 2258 1925 2493 1982; x_wconf 75' lang='grc' dir='ltr'>ἀνύσειεν</span> <span class='ocrx_word' id='word_1_336' title='bbox 2562 1927 2612 2001; x_wconf 77' lang='grc' dir='ltr'>ἐξ</span> <span class='ocrx_word' id='word_1_337' title='bbox 2669 1927 2963 2005; x_wconf 85' lang='grc' dir='ltr'>ἀναγκαίας</span> <span class='ocrx_word' id='word_1_338' title='bbox 3027 1928 3298 1994; x_wconf 81' lang='grc' dir='ltr'>ἀσχολίας</span> <span class='ocrx_word' id='word_1_339' title='bbox 3351 1928 3796 2001; x_wconf 79' lang='grc' dir='ltr'>ἐπεισπεσούσης</span> 
     </span>
    </p>
   </div>
   <div class='ocr_carea' id='block_1_47' title="bbox 2130 2015 3801 2094">
    <p class='ocr_par' dir='ltr' id='par_1_47' title="bbox 2130 2015 3801 2094">
     <span class='ocr_line' id='line_1_47' title="bbox 2130 2015 3801 2094; baseline 0.003 -25"><span class='ocrx_word' id='word_1_340' title='bbox 2130 2019 2206 2087; x_wconf 79' lang='grc' dir='ltr'>τῷ</span> <span class='ocrx_word' id='word_1_341' title='bbox 2241 2015 2478 2090; x_wconf 86' lang='grc' dir='ltr'>βασιλεῖ,</span> <span class='ocrx_word' id='word_1_342' title='bbox 2511 2018 2545 2086; x_wconf 76' lang='grc' dir='ltr'>ἡ</span> <span class='ocrx_word' id='word_1_343' title='bbox 2580 2015 2736 2089; x_wconf 85' lang='grc' dir='ltr'>δείλη</span> <span class='ocrx_word' id='word_1_344' title='bbox 2797 2017 2926 2091; x_wconf 75' lang='grc' dir='ltr'>ὀψία</span> <span class='ocrx_word' id='word_1_345' title='bbox 2986 2017 3154 2094; x_wconf 84' lang='grc' dir='ltr'>μέχρι</span> <span class='ocrx_word' id='word_1_346' title='bbox 3209 2018 3301 2073; x_wconf 85' lang='grc' dir='ltr'>καὶ</span> <span class='ocrx_word' id='word_1_347' title='bbox 3342 2018 3395 2081; x_wconf 79' lang='grc' dir='ltr'>ἐς</span> <span class='ocrx_word' id='word_1_348' title='bbox 3429 2017 3527 2093; x_wconf 73' lang='grc' dir='ltr'>ὀψὲ</span> <span class='ocrx_word' id='word_1_349' title='bbox 3555 2023 3665 2075; x_wconf 91' lang='grc' dir='ltr'>τῶν</span> <span class='ocrx_word' id='word_1_350' title='bbox 3698 2042 3801 2074; x_wconf 84' lang='grc' dir='ltr'>νυ-</span> 
     </span>
    </p>
   </div>
   <div class='ocr_carea' id='block_1_48' title="bbox 2130 2104 3799 2183">
    <p class='ocr_par' dir='ltr' id='par_1_48' title="bbox 2130 2104 3799 2183">
     <span class='ocr_line' id='line_1_48' title="bbox 2130 2104 3799 2183; baseline 0.005 -26"><span class='ocrx_word' id='word_1_351' title='bbox 2130 2108 2274 2158; x_wconf 89' lang='grc' dir='ltr'>κτῶν</span> <span class='ocrx_word' id='word_1_352' title='bbox 2307 2104 2622 2178; x_wconf 82' lang='grc' dir='ltr'>ἀνεπλήρου</span> <span class='ocrx_word' id='word_1_353' title='bbox 2679 2106 2743 2162; x_wconf 86' lang='grc' dir='ltr'>τὸ</span> <span class='ocrx_word' id='word_1_354' title='bbox 2796 2106 3100 2183; x_wconf 74' lang='grc' dir='ltr'>ἐλλειφθέν.</span> <span class='ocrx_word' id='word_1_355' title='bbox 3156 2107 3256 2162; x_wconf 87' lang='grc' dir='ltr'>Καὶ</span> <span class='ocrx_word' id='word_1_356' title='bbox 3312 2105 3545 2165; x_wconf 87' lang='grc' dir='ltr'>πολλῶν</span> <span class='ocrx_word' id='word_1_357' title='bbox 3598 2107 3799 2165; x_wconf 85' lang='grc' dir='ltr'>καλῶν</span> 
     </span>
    </p>
   </div>
   <div class='ocr_carea' id='block_1_49' title="bbox 2132 2190 3803 2274">
    <p class='ocr_par' dir='ltr' id='par_1_49' title="bbox 2132 2190 3803 2274">
     <span class='ocr_line' id='line_1_49' title="bbox 2132 2190 3803 2274; baseline 0.003 -27"><span class='ocrx_word' id='word_1_358' title='bbox 2132 2190 2191 2247; x_wconf 71' lang='grc' dir='ltr'>ἐκ</span> <span class='ocrx_word' id='word_1_359' title='bbox 2244 2200 2345 2262; x_wconf 83' lang='grc' dir='ltr'>τῆς</span> <span class='ocrx_word' id='word_1_360' title='bbox 2402 2195 2526 2271; x_wconf 86' lang='grc' dir='ltr'>περὶ</span> <span class='ocrx_word' id='word_1_361' title='bbox 2578 2199 2747 2251; x_wconf 81' lang='grc' dir='ltr'>ταῦτα</span> <span class='ocrx_word' id='word_1_362' title='bbox 2801 2200 2899 2251; x_wconf 83' lang='grc' dir='ltr'>τοῦ</span> <span class='ocrx_word' id='word_1_363' title='bbox 2956 2195 3303 2274; x_wconf 87' lang='grc' dir='ltr'>πατριάρχου</span> <span class='ocrx_word' id='word_1_364' title='bbox 3356 2193 3601 2267; x_wconf 81' lang='grc' dir='ltr'>σπουδῆς</span> <span class='ocrx_word' id='word_1_365' title='bbox 3630 2198 3803 2252; x_wconf 82' lang='grc' dir='ltr'>ἀπώ-</span> 
     </span>
    </p>
   </div>
   <div class='ocr_carea' id='block_1_50' title="bbox 2129 2280 3792 2359">
    <p class='ocr_par' dir='ltr' id='par_1_50' title="bbox 2129 2280 3792 2359">
     <span class='ocr_line' id='line_1_50' title="bbox 2129 2280 3792 2359; baseline 0.002 -21"><span class='ocrx_word' id='word_1_366' title='bbox 2129 2303 2289 2338; x_wconf 86' lang='grc' dir='ltr'>ναντο</span> <span class='ocrx_word' id='word_1_367' title='bbox 2323 2280 2625 2358; x_wconf 76' lang='grc' dir='ltr'>ἅνθρωποι.</span> <span class='ocrx_word' id='word_1_368' title='bbox 2658 2283 2836 2340; x_wconf 81' lang='grc' dir='ltr'>Ἀλλὰ</span> <span class='ocrx_word' id='word_1_369' title='bbox 2862 2289 3030 2342; x_wconf 76' lang='grc' dir='ltr'>ταῦτα</span> <span class='ocrx_word' id='word_1_370' title='bbox 3080 2285 3177 2359; x_wconf 72' lang='grc' dir='ltr'>μὲν</span> <span class='ocrx_word' id='word_1_371' title='bbox 3227 2284 3278 2348; x_wconf 70' lang='grc' dir='ltr'>ἐς</span> <span class='ocrx_word' id='word_1_372' title='bbox 3323 2289 3604 2358; x_wconf 73' lang='grc' dir='ltr'>τοσοῦτον,</span> <span class='ocrx_word' id='word_1_373' title='bbox 3636 2283 3671 2342; x_wconf 79' lang='grc' dir='ltr'>ἅ</span> <span class='ocrx_word' id='word_1_374' title='bbox 3714 2284 3792 2356; x_wconf 76' lang='grc' dir='ltr'><strong>δὴ</strong></span> 
     </span>
    </p>
   </div>
   <div class='ocr_carea' id='block_1_51' title="bbox 2128 2369 3571 2452">
    <p class='ocr_par' dir='ltr' id='par_1_51' title="bbox 2128 2369 3571 2452">
     <span class='ocr_line' id='line_1_51' title="bbox 2128 2369 3571 2452; baseline 0.004 -25"><span class='ocrx_word' id='word_1_375' title='bbox 2128 2373 2218 2428; x_wconf 87' lang='grc' dir='ltr'>καὶ</span> <span class='ocrx_word' id='word_1_376' title='bbox 2248 2374 2367 2428; x_wconf 84' lang='grc' dir='ltr'>καθ’</span> <span class='ocrx_word' id='word_1_377' title='bbox 2400 2372 2590 2450; x_wconf 72' lang='grc' dir='ltr'>εἱρμὸν</span> <span class='ocrx_word' id='word_1_378' title='bbox 2620 2369 2952 2451; x_wconf 78' lang='grc' dir='ltr'>προσλαϐὼν</span> <span class='ocrx_word' id='word_1_379' title='bbox 2986 2377 3015 2432; x_wconf 84' lang='grc' dir='ltr'><strong>ὁ</strong></span> <span class='ocrx_word' id='word_1_380' title='bbox 3046 2374 3215 2452; x_wconf 87' lang='grc' dir='ltr'>λόγος</span> <span class='ocrx_word' id='word_1_381' title='bbox 3244 2373 3571 2450; x_wconf 76' lang='grc' dir='ltr'>ὑπέμνησεν.</span> 
     </span>
    </p>
   </div>
   <div class='ocr_carea' id='block_1_52' title="bbox 2123 2680 3775 2754">
    <p class='ocr_par' dir='ltr' id='par_1_52' title="bbox 2123 2680 3775 2754">
     <span class='ocr_line' id='line_1_52' title="bbox 2123 2680 3775 2754; baseline 0.003 -18"><span class='ocrx_word' id='word_1_382' title='bbox 2123 2681 2318 2737; x_wconf 89' lang='lat' dir='ltr'>sentia</span> <span class='ocrx_word' id='word_1_383' title='bbox 2338 2680 2660 2739; x_wconf 80' lang='lat' dir='ltr'>incussam.</span> <span class='ocrx_word' id='word_1_384' title='bbox 2694 2683 2756 2739; x_wconf 89' lang='lat' dir='ltr'>Id</span> <span class='ocrx_word' id='word_1_385' title='bbox 2789 2698 2892 2754; x_wconf 89' lang='lat' dir='ltr'>per</span> <span class='ocrx_word' id='word_1_386' title='bbox 2918 2698 2981 2740; x_wconf 91' lang='lat' dir='ltr'>se</span> <span class='ocrx_word' id='word_1_387' title='bbox 3011 2682 3460 2740; x_wconf 88' lang='lat' dir='ltr'>incommodum</span> <span class='ocrx_word' id='word_1_388' title='bbox 3488 2682 3775 2741; x_wconf 89' lang='lat' dir='ltr'>intolera-</span> 
     </span>
    </p>
   </div>
   <div class='ocr_carea' id='block_1_53' title="bbox 2123 2769 3781 2846">
    <p class='ocr_par' dir='ltr' id='par_1_53' title="bbox 2123 2769 3781 2846">
     <span class='ocr_line' id='line_1_53' title="bbox 2123 2769 3781 2846; baseline 0.003 -21"><span class='ocrx_word' id='word_1_389' title='bbox 2123 2769 2302 2827; x_wconf 83' lang='lat' dir='ltr'>bilius</span> <span class='ocrx_word' id='word_1_390' title='bbox 2337 2772 2502 2828; x_wconf 88' lang='lat' dir='ltr'>reddi</span> <span class='ocrx_word' id='word_1_391' title='bbox 2552 2789 2842 2828; x_wconf 81' lang='lat' dir='ltr'>concursu</span> <span class='ocrx_word' id='word_1_392' title='bbox 2898 2777 2958 2829; x_wconf 88' lang='lat' dir='ltr'>et</span> <span class='ocrx_word' id='word_1_393' title='bbox 3008 2774 3298 2846; x_wconf 78' lang='lat' dir='ltr'>gravitate</span> <span class='ocrx_word' id='word_1_394' title='bbox 3353 2772 3781 2845; x_wconf 88' lang='lat' dir='ltr'>principalium</span> 
     </span>
    </p>
   </div>
   <div class='ocr_carea' id='block_1_54' title="bbox 2114 2862 3794 2935">
    <p class='ocr_par' dir='ltr' id='par_1_54' title="bbox 2114 2862 3794 2935">
     <span class='ocr_line' id='line_1_54' title="bbox 2114 2862 3794 2935; baseline 0.001 -18"><span class='ocrx_word' id='word_1_395' title='bbox 2114 2877 2392 2918; x_wconf 88' lang='lat' dir='ltr'>curarum</span> <span class='ocrx_word' id='word_1_396' title='bbox 2420 2866 2478 2918; x_wconf 89' lang='lat' dir='ltr'>et</span> <span class='ocrx_word' id='word_1_397' title='bbox 2513 2862 2993 2935; x_wconf 80' lang='lat' dir='ltr'>occupationum,</span> <span class='ocrx_word' id='word_1_398' title='bbox 3048 2863 3441 2934; x_wconf 88' lang='lat' dir='ltr'>undecunque</span> <span class='ocrx_word' id='word_1_399' title='bbox 3497 2862 3794 2935; x_wconf 86' lang='lat' dir='ltr'>ingruen-</span> 
     </span>
    </p>
   </div>
   <div class='ocr_carea' id='block_1_55' title="bbox 2117 2950 3793 3024">
    <p class='ocr_par' dir='ltr' id='par_1_55' title="bbox 2117 2950 3793 3024">
     <span class='ocr_line' id='line_1_55' title="bbox 2117 2950 3793 3024; baseline 0.002 -18"><span class='ocrx_word' id='word_1_400' title='bbox 2117 2950 2159 3006; x_wconf 91' lang='lat' dir='ltr'>ti</span> <span class='ocrx_word' id='word_1_401' title='bbox 2173 2967 2271 3007; x_wconf 91' lang='lat' dir='ltr'>nm</span> <span class='ocrx_word' id='word_1_402' title='bbox 2287 2952 2573 3024; x_wconf 89' lang='lat' dir='ltr'>principis</span> <span class='ocrx_word' id='word_1_403' title='bbox 2594 2953 2655 3007; x_wconf 92' lang='lat' dir='ltr'>in</span> <span class='ocrx_word' id='word_1_404' title='bbox 2682 2952 2917 3008; x_wconf 88' lang='lat' dir='ltr'>diversa</span> <span class='ocrx_word' id='word_1_405' title='bbox 2932 2951 3434 3008; x_wconf 85' lang='lat' dir='ltr'>trahentium.His</span> <span class='ocrx_word' id='word_1_406' title='bbox 3458 2955 3524 3007; x_wconf 90' lang='lat' dir='ltr'>ut</span> <span class='ocrx_word' id='word_1_407' title='bbox 3538 2952 3793 3009; x_wconf 87' lang='lat' dir='ltr'>modum</span> 
     </span>
    </p>
   </div>
   <div class='ocr_carea' id='block_1_56' title="bbox 2118 3040 3792 3113">
    <p class='ocr_par' dir='ltr' id='par_1_56' title="bbox 2118 3040 3792 3113">
     <span class='ocr_line' id='line_1_56' title="bbox 2118 3040 3792 3113; baseline 0.002 -19"><span class='ocrx_word' id='word_1_408' title='bbox 2118 3040 2450 3109; x_wconf 83' lang='lat' dir='ltr'>adhiberet,</span> <span class='ocrx_word' id='word_1_409' title='bbox 2502 3041 2810 3098; x_wconf 83' lang='lat' dir='ltr'>constituit</span> <span class='ocrx_word' id='word_1_410' title='bbox 2850 3046 3071 3097; x_wconf 87' lang='lat' dir='ltr'>certam</span> <span class='ocrx_word' id='word_1_411' title='bbox 3132 3041 3623 3113; x_wconf 81' lang='lat' dir='ltr'>prascribendam</span> <span class='ocrx_word' id='word_1_412' title='bbox 3689 3059 3792 3112; x_wconf 83' lang='lat' dir='ltr'>pa-</span> 
     </span>
    </p>
   </div>
   <div class='ocr_carea' id='block_1_57' title="bbox 2116 3128 3780 3203">
    <p class='ocr_par' dir='ltr' id='par_1_57' title="bbox 2116 3128 3780 3203">
     <span class='ocr_line' id='line_1_57' title="bbox 2116 3128 3780 3203; baseline 0.003 -20"><span class='ocrx_word' id='word_1_413' title='bbox 2116 3128 2383 3184; x_wconf 88' lang='lat' dir='ltr'>triarcha</span> <span class='ocrx_word' id='word_1_414' title='bbox 2416 3131 2833 3202; x_wconf 85' lang='lat' dir='ltr'>congressibus</span> <span class='ocrx_word' id='word_1_415' title='bbox 2864 3132 3018 3188; x_wconf 72' lang='lat'>409</span> <span class='ocrx_word' id='word_1_416' title='bbox 3050 3130 3229 3196; x_wconf 91' lang='lat' dir='ltr'>diem,</span> <span class='ocrx_word' id='word_1_417' title='bbox 3253 3147 3435 3187; x_wconf 90' lang='lat' dir='ltr'>unam</span> <span class='ocrx_word' id='word_1_418' title='bbox 3466 3147 3499 3186; x_wconf 93' lang='lat' dir='ltr'>e</span> <span class='ocrx_word' id='word_1_419' title='bbox 3543 3134 3780 3203; x_wconf 85' lang='lat' dir='ltr'>septem</span> 
     </span>
    </p>
   </div>
   <div class='ocr_carea' id='block_1_58' title="bbox 359 3216 3786 3292">
    <p class='ocr_par' dir='ltr' id='par_1_58' title="bbox 359 3216 3786 3292">
     <span class='ocr_line' id='line_1_58' title="bbox 359 3216 3786 3292; baseline 0.001 -20"><span class='ocrx_word' id='word_1_420' title='bbox 359 3216 911 3290; x_wconf 86' lang='lat' dir='ltr'>fronteimperator,</span> <span class='ocrx_word' id='word_1_421' title='bbox 964 3223 1021 3275; x_wconf 88' lang='lat' dir='ltr'>et</span> <span class='ocrx_word' id='word_1_422' title='bbox 1063 3218 1242 3291; x_wconf 90' lang='lat' dir='ltr'>priori</span> <span class='ocrx_word' id='word_1_423' title='bbox 1293 3218 1630 3291; x_wconf 84' lang='lat' dir='ltr'>placiditate</span> <span class='ocrx_word' id='word_1_424' title='bbox 1686 3218 1883 3275; x_wconf 88' lang='lat' dir='ltr'>vultus</span> <span class='ocrx_word' id='word_1_425' title='bbox 1943 3219 2002 3274; x_wconf 90' lang='lat' dir='ltr'>in</span> <span class='ocrx_word' id='word_1_426' title='bbox 2032 3217 2075 3285; x_wconf 83' lang='lat' dir='ltr'>C</span> <span class='ocrx_word' id='word_1_427' title='bbox 2121 3219 2322 3273; x_wconf 89' lang='lat' dir='ltr'>orbem</span> <span class='ocrx_word' id='word_1_428' title='bbox 2356 3218 2881 3275; x_wconf 87' lang='lat' dir='ltr'>heddamodarium</span> <span class='ocrx_word' id='word_1_429' title='bbox 2916 3220 3332 3289; x_wconf 87' lang='lat' dir='ltr'>conﬂantibus,</span> <span class='ocrx_word' id='word_1_430' title='bbox 3383 3224 3549 3277; x_wconf 83' lang='lat' dir='ltr'>extra</span> <span class='ocrx_word' id='word_1_431' title='bbox 3595 3237 3786 3292; x_wconf 87' lang='lat' dir='ltr'>quam</span> 
     </span>
    </p>
   </div>
   <div class='ocr_carea' id='block_1_59' title="bbox 358 3305 2005 3381">
    <p class='ocr_par' dir='ltr' id='par_1_59' title="bbox 358 3305 2005 3381">
     <span class='ocr_line' id='line_1_59' title="bbox 358 3305 2005 3381; baseline 0.002 -21"><span class='ocrx_word' id='word_1_432' title='bbox 358 3305 675 3363; x_wconf 83' lang='lat' dir='ltr'>manifesta</span> <span class='ocrx_word' id='word_1_433' title='bbox 704 3307 799 3363; x_wconf 85' lang='lat' dir='ltr'>ira</span> <span class='ocrx_word' id='word_1_434' title='bbox 831 3308 1049 3365; x_wconf 89' lang='lat' dir='ltr'>indicia</span> <span class='ocrx_word' id='word_1_435' title='bbox 1082 3313 1328 3377; x_wconf 87' lang='lat' dir='ltr'>mutata,</span> <span class='ocrx_word' id='word_1_436' title='bbox 1362 3325 1496 3365; x_wconf 90' lang='lat' dir='ltr'>cum</span> <span class='ocrx_word' id='word_1_437' title='bbox 1527 3325 1775 3381; x_wconf 84' lang='lat' dir='ltr'>surgens</span> <span class='ocrx_word' id='word_1_438' title='bbox 1824 3308 2005 3364; x_wconf 88' lang='lat' dir='ltr'>dixis-</span> 
     </span>
    </p>
   </div>
   <div class='ocr_carea' id='block_1_60' title="bbox 359 3396 2006 3470">
    <p class='ocr_par' dir='ltr' id='par_1_60' title="bbox 359 3396 2006 3470">
     <span class='ocr_line' id='line_1_60' title="bbox 359 3396 2006 3470; baseline 0.001 -19"><span class='ocrx_word' id='word_1_439' title='bbox 359 3399 477 3451; x_wconf 86' lang='lat' dir='ltr'>set:</span> <span class='ocrx_word' id='word_1_440' title='bbox 513 3418 541 3446; x_wconf 89' lang='grc'>‹‹</span> <span class='ocrx_word' id='word_1_441' title='bbox 576 3397 724 3469; x_wconf 85' lang='lat' dir='ltr'>Ergo</span> <span class='ocrx_word' id='word_1_442' title='bbox 748 3396 1269 3453; x_wconf 78' lang='lat' dir='ltr'>festumini&#39;esturn</span> <span class='ocrx_word' id='word_1_443' title='bbox 1298 3398 1549 3469; x_wconf 84' lang='lat' dir='ltr'>egimus,</span> <span class='ocrx_word' id='word_1_444' title='bbox 1583 3417 1608 3449; x_wconf 66' lang='grc' dir='ltr'>ν</span> <span class='ocrx_word' id='word_1_445' title='bbox 1656 3397 1816 3453; x_wconf 90' lang='lat' dir='ltr'>nullo</span> <span class='ocrx_word' id='word_1_446' title='bbox 1858 3415 2006 3470; x_wconf 83' lang='lat' dir='ltr'>pra-</span> 
     </span>
    </p>
   </div>
   <div class='ocr_carea' id='block_1_61' title="bbox 353 3485 1679 3558">
    <p class='ocr_par' dir='ltr' id='par_1_61' title="bbox 353 3485 1679 3558">
     <span class='ocr_line' id='line_1_61' title="bbox 353 3485 1679 3558; baseline 0.002 -20"><span class='ocrx_word' id='word_1_447' title='bbox 353 3486 444 3538; x_wconf 90' lang='lat' dir='ltr'>ter</span> <span class='ocrx_word' id='word_1_448' title='bbox 471 3500 540 3541; x_wconf 90' lang='lat' dir='ltr'>ea</span> <span class='ocrx_word' id='word_1_449' title='bbox 566 3486 746 3542; x_wconf 91' lang='lat' dir='ltr'>verba</span> <span class='ocrx_word' id='word_1_450' title='bbox 776 3487 977 3542; x_wconf 83' lang='lat' dir='ltr'>addito</span> <span class='ocrx_word' id='word_1_451' title='bbox 1009 3487 1069 3542; x_wconf 92' lang='lat' dir='ltr'>in</span> <span class='ocrx_word' id='word_1_452' title='bbox 1098 3485 1382 3558; x_wconf 85' lang='lat' dir='ltr'>palatium</span> <span class='ocrx_word' id='word_1_453' title='bbox 1415 3487 1679 3543; x_wconf 90' lang='lat' dir='ltr'>recessit.</span> 
     </span>
    </p>
   </div>
   <div class='ocr_carea' id='block_1_62' title="bbox 353 3637 2009 3712">
    <p class='ocr_par' dir='ltr' id='par_1_62' title="bbox 353 3637 2009 3712">
     <span class='ocr_line' id='line_1_62' title="bbox 353 3637 2009 3712; baseline 0.004 -23"><span class='ocrx_word' id='word_1_454' title='bbox 353 3637 657 3712; x_wconf 78' lang='lat' dir='ltr'>25.Ut_non</span> <span class='ocrx_word' id='word_1_455' title='bbox 679 3641 862 3712; x_wconf 72' lang='lat' dir='ltr'>ferens</span> <span class='ocrx_word' id='word_1_456' title='bbox 891 3638 1194 3710; x_wconf 78' lang='lat' dir='ltr'>imperator</span> <span class='ocrx_word' id='word_1_457' title='bbox 1224 3640 1731 3712; x_wconf 68' lang='lat' dir='ltr'>molestiamquam</span> <span class='ocrx_word' id='word_1_458' title='bbox 1758 3642 1811 3696; x_wconf 77' lang='lat' dir='ltr'>ei</span> <span class='ocrx_word' id='word_1_459' title='bbox 1836 3643 2009 3696; x_wconf 79' lang='lat' dir='ltr'>nimis</span> 
     </span>
    </p>
   </div>
   <div class='ocr_carea' id='block_1_63' title="bbox 424 3709 2006 3784">
    <p class='ocr_par' dir='ltr' id='par_1_63' title="bbox 424 3709 2006 3784">
     <span class='ocr_line' id='line_1_63' title="bbox 424 3709 2006 3784; baseline 0.003 -23"><span class='ocrx_word' id='word_1_460' title='bbox 424 3709 628 3784; x_wconf 69' lang='lat' dir='ltr'>crebra</span> <span class='ocrx_word' id='word_1_461' title='bbox 646 3710 955 3784; x_wconf 68' lang='lat' dir='ltr'>palicrchae</span> <span class='ocrx_word' id='word_1_462' title='bbox 972 3728 1067 3784; x_wconf 75' lang='lat' dir='ltr'>pro</span> <span class='ocrx_word' id='word_1_463' title='bbox 1085 3713 1368 3780; x_wconf 74' lang='lat' dir='ltr'>egentibus</span> <span class='ocrx_word' id='word_1_464' title='bbox 1381 3709 1809 3784; x_wconf 72' lang='lat' dir='ltr'>supplicationes</span> <span class='ocrx_word' id='word_1_465' title='bbox 1826 3727 2006 3784; x_wconf 71' lang='lat' dir='ltr'>[aces-</span> 
     </span>
    </p>
   </div>
   <div class='ocr_carea' id='block_1_64' title="bbox 427 3782 2005 3864">
    <p class='ocr_par' dir='ltr' id='par_1_64' title="bbox 427 3782 2005 3864">
     <span class='ocr_line' id='line_1_64' title="bbox 427 3782 2005 3864; baseline 0.004 -31"><span class='ocrx_word' id='word_1_466' title='bbox 427 3782 648 3864; x_wconf 59' lang='lat' dir='ltr'>scbartt,</span> <span class='ocrx_word' id='word_1_467' title='bbox 676 3782 901 3839; x_wconf 76' lang='lat' dir='ltr'>tertiam</span> <span class='ocrx_word' id='word_1_468' title='bbox 951 3782 1065 3856; x_wconf 71' lang='lat' dir='ltr'>ipsi</span> <span class='ocrx_word' id='word_1_469' title='bbox 1092 3786 1297 3856; x_wconf 82' lang='lat' dir='ltr'>feriam</span> <span class='ocrx_word' id='word_1_470' title='bbox 1326 3784 1397 3840; x_wconf 85' lang='lat' dir='ltr'>ad</span> <span class='ocrx_word' id='word_1_471' title='bbox 1426 3782 1833 3841; x_wconf 76' lang='lat' dir='ltr'>admissionem</span> <span class='ocrx_word' id='word_1_472' title='bbox 1867 3786 2005 3840; x_wconf 71' lang='lat' dir='ltr'>assi-</span> 
     </span>
    </p>
   </div>
   <div class='ocr_carea' id='block_1_65' title="bbox 425 3862 638 3922">
    <p class='ocr_par' dir='ltr' id='par_1_65' title="bbox 425 3862 638 3922">
     <span class='ocr_line' id='line_1_65' title="bbox 425 3862 638 3922; baseline 0.019 -17"><span class='ocrx_word' id='word_1_473' title='bbox 425 3862 638 3922; x_wconf 72' lang='lat' dir='ltr'>gnatm.</span> 
     </span>
    </p>
   </div>
   <div class='ocr_carea' id='block_1_66' title="bbox 428 4000 2004 4081">
    <p class='ocr_par' dir='ltr' id='par_1_66' title="bbox 428 4000 2004 4081">
     <span class='ocr_line' id='line_1_66' title="bbox 428 4000 2004 4081; baseline 0.005 -25"><span class='ocrx_word' id='word_1_474' title='bbox 428 4000 530 4058; x_wconf 89' lang='lat' dir='ltr'>His</span> <span class='ocrx_word' id='word_1_475' title='bbox 569 4005 983 4076; x_wconf 85' lang='lat' dir='ltr'>experimentis</span> <span class='ocrx_word' id='word_1_476' title='bbox 1013 4008 1235 4067; x_wconf 90' lang='lat' dir='ltr'>veritus</span> <span class='ocrx_word' id='word_1_477' title='bbox 1276 4008 1599 4081; x_wconf 89' lang='lat' dir='ltr'>imperator</span> <span class='ocrx_word' id='word_1_478' title='bbox 1644 4011 1767 4064; x_wconf 85' lang='lat' dir='ltr'>tam</span> <span class='ocrx_word' id='word_1_479' title='bbox 1809 4024 2004 4064; x_wconf 90' lang='lat' dir='ltr'>acrem</span> 
     </span>
    </p>
   </div>
   <div class='ocr_carea' id='block_1_67' title="bbox 354 4089 2004 4170">
    <p class='ocr_par' dir='ltr' id='par_1_67' title="bbox 354 4089 2004 4170">
     <span class='ocr_line' id='line_1_67' title="bbox 354 4089 2004 4170; baseline 0.005 -26"><span class='ocrx_word' id='word_1_480' title='bbox 354 4089 416 4145; x_wconf 91' lang='lat' dir='ltr'>in</span> <span class='ocrx_word' id='word_1_481' title='bbox 477 4095 740 4164; x_wconf 89' lang='lat' dir='ltr'>urgendo</span> <span class='ocrx_word' id='word_1_482' title='bbox 789 4096 1020 4166; x_wconf 88' lang='lat' dir='ltr'>virum,</span> <span class='ocrx_word' id='word_1_483' title='bbox 1068 4097 1342 4170; x_wconf 86' lang='lat' dir='ltr'>cupiebat</span> <span class='ocrx_word' id='word_1_484' title='bbox 1414 4098 1685 4155; x_wconf 87' lang='lat' dir='ltr'>alicunde</span> <span class='ocrx_word' id='word_1_485' title='bbox 1741 4096 2004 4169; x_wconf 89' lang='lat' dir='ltr'>aliquam</span> 
     </span>
    </p>
   </div>
   <div class='ocr_carea' id='block_1_68' title="bbox 354 4182 2007 4260">
    <p class='ocr_par' dir='ltr' id='par_1_68' title="bbox 354 4182 2007 4260">
     <span class='ocr_line' id='line_1_68' title="bbox 354 4182 2007 4260; baseline 0.005 -26"><span class='ocrx_word' id='word_1_486' title='bbox 354 4182 612 4252; x_wconf 84' lang='lat' dir='ltr'>expediri</span> <span class='ocrx_word' id='word_1_487' title='bbox 643 4185 931 4243; x_wconf 86' lang='lat' dir='ltr'>rationem</span> <span class='ocrx_word' id='word_1_488' title='bbox 961 4189 1332 4245; x_wconf 88' lang='lat' dir='ltr'>commodam</span> <span class='ocrx_word' id='word_1_489' title='bbox 1394 4187 1701 4260; x_wconf 84' lang='lat' dir='ltr'>intrepida</span> <span class='ocrx_word' id='word_1_490' title='bbox 1759 4188 1891 4258; x_wconf 86' lang='lat' dir='ltr'>ejus</span> <span class='ocrx_word' id='word_1_491' title='bbox 1948 4192 2007 4243; x_wconf 87' lang='lat' dir='ltr'>et</span> 
     </span>
    </p>
   </div>
   <div class='ocr_carea' id='block_1_69' title="bbox 355 4267 2003 4349">
    <p class='ocr_par' dir='ltr' id='par_1_69' title="bbox 355 4267 2003 4349">
     <span class='ocr_line' id='line_1_69' title="bbox 355 4267 2003 4349; baseline 0.005 -26"><span class='ocrx_word' id='word_1_492' title='bbox 355 4267 690 4330; x_wconf 87' lang='lat' dir='ltr'>inﬂexibilis</span> <span class='ocrx_word' id='word_1_493' title='bbox 723 4278 1100 4333; x_wconf 86' lang='lat' dir='ltr'>retundenda</span> <span class='ocrx_word' id='word_1_494' title='bbox 1130 4277 1532 4334; x_wconf 89' lang='lat' dir='ltr'>vehementia.</span> <span class='ocrx_word' id='word_1_495' title='bbox 1566 4276 1647 4333; x_wconf 92' lang='lat' dir='ltr'>De</span> <span class='ocrx_word' id='word_1_496' title='bbox 1694 4292 1814 4349; x_wconf 88' lang='lat' dir='ltr'>qua</span> <span class='ocrx_word' id='word_1_497' title='bbox 1869 4292 2003 4332; x_wconf 91' lang='lat' dir='ltr'>cum</span> 
     </span>
    </p>
   </div>
   <div class='ocr_carea' id='block_1_70' title="bbox 355 4361 2005 4439">
    <p class='ocr_par' dir='ltr' id='par_1_70' title="bbox 355 4361 2005 4439">
     <span class='ocr_line' id='line_1_70' title="bbox 355 4361 2005 4439; baseline 0.005 -26"><span class='ocrx_word' id='word_1_498' title='bbox 355 4361 508 4429; x_wconf 89' lang='lat' dir='ltr'>apud</span> <span class='ocrx_word' id='word_1_499' title='bbox 529 4378 668 4419; x_wconf 91' lang='lat' dir='ltr'>suos</span> <span class='ocrx_word' id='word_1_500' title='bbox 691 4364 1014 4423; x_wconf 84' lang='lat' dir='ltr'>familiares</span> <span class='ocrx_word' id='word_1_501' title='bbox 1054 4382 1183 4422; x_wconf 90' lang='lat' dir='ltr'>sese</span> <span class='ocrx_word' id='word_1_502' title='bbox 1202 4382 1461 4439; x_wconf 84' lang='lat' dir='ltr'>purgans</span> <span class='ocrx_word' id='word_1_503' title='bbox 1484 4368 1701 4438; x_wconf 88' lang='lat' dir='ltr'>ageret,</span> <span class='ocrx_word' id='word_1_504' title='bbox 1726 4381 2005 4421; x_wconf 88' lang='lat' dir='ltr'>accusare</span> 
     </span>
    </p>
   </div>
   <div class='ocr_carea' id='block_1_71' title="bbox 358 4451 2004 4525">
    <p class='ocr_par' dir='ltr' id='par_1_71' title="bbox 358 4451 2004 4525">
     <span class='ocr_line' id='line_1_71' title="bbox 358 4451 2004 4525; baseline 0.004 -23"><span class='ocrx_word' id='word_1_505' title='bbox 358 4451 725 4508; x_wconf 88' lang='lat' dir='ltr'>contumacis</span> <span class='ocrx_word' id='word_1_506' title='bbox 748 4454 1081 4525; x_wconf 84' lang='lat' dir='ltr'>pertinacia</span> <span class='ocrx_word' id='word_1_507' title='bbox 1110 4454 1335 4511; x_wconf 89' lang='lat' dir='ltr'>solebat</span> <span class='ocrx_word' id='word_1_508' title='bbox 1366 4454 1805 4511; x_wconf 89' lang='lat' dir='ltr'>irrevocabilem</span> <span class='ocrx_word' id='word_1_509' title='bbox 1840 4453 2004 4510; x_wconf 90' lang='lat' dir='ltr'>illam</span> 
     </span>
    </p>
   </div>
   <div class='ocr_carea' id='block_1_72' title="bbox 356 4538 2001 4618">
    <p class='ocr_par' dir='ltr' id='par_1_72' title="bbox 356 4538 2001 4618">
     <span class='ocr_line' id='line_1_72' title="bbox 356 4538 2001 4618; baseline 0.004 -26"><span class='ocrx_word' id='word_1_510' title='bbox 356 4538 673 4609; x_wconf 88' lang='lat' dir='ltr'>patiarcha</span> <span class='ocrx_word' id='word_1_511' title='bbox 706 4546 1198 4615; x_wconf 86' lang='lat' dir='ltr'>perseverantiam</span> <span class='ocrx_word' id='word_1_512' title='bbox 1232 4546 1291 4602; x_wconf 89' lang='lat' dir='ltr'>in</span> <span class='ocrx_word' id='word_1_513' title='bbox 1334 4563 1523 4618; x_wconf 89' lang='lat' dir='ltr'>usque</span> <span class='ocrx_word' id='word_1_514' title='bbox 1558 4550 1616 4602; x_wconf 88' lang='lat' dir='ltr'>et</span> <span class='ocrx_word' id='word_1_515' title='bbox 1677 4561 1864 4617; x_wconf 87' lang='lat' dir='ltr'>usque</span> <span class='ocrx_word' id='word_1_516' title='bbox 1918 4544 2001 4598; x_wconf 87' lang='lat' dir='ltr'>in-</span> 
     </span>
    </p>
   </div>
   <div class='ocr_carea' id='block_1_73' title="bbox 360 4605 2084 4708">
    <p class='ocr_par' dir='ltr' id='par_1_73' title="bbox 360 4605 2084 4708">
     <span class='ocr_line' id='line_1_73' title="bbox 360 4605 2084 4708; baseline 0.004 -27"><span class='ocrx_word' id='word_1_517' title='bbox 360 4605 571 4686; x_wconf 79' lang='lat' dir='ltr'>stando</span> <span class='ocrx_word' id='word_1_518' title='bbox 602 4633 674 4688; x_wconf 92' lang='lat' dir='ltr'>ad</span> <span class='ocrx_word' id='word_1_519' title='bbox 703 4605 1143 4705; x_wconf 84' lang='lat' dir='ltr'>impetrandum</span> <span class='ocrx_word' id='word_1_520' title='bbox 1173 4635 1231 4691; x_wconf 91' lang='lat' dir='ltr'>id</span> <span class='ocrx_word' id='word_1_521' title='bbox 1260 4605 2004 4708; x_wconf 42' lang='lat' dir='ltr'>quod-iterum,et‘sapius</span> <span class='ocrx_word' id='word_1_522' title='bbox 2039 4605 2084 4669; x_wconf 70' lang='grc' dir='ltr'>Π</span> 
     </span>
    </p>
   </div>
   <div class='ocr_carea' id='block_1_74' title="bbox 358 4718 2007 4797">
    <p class='ocr_par' dir='ltr' id='par_1_74' title="bbox 358 4718 2007 4797">
     <span class='ocr_line' id='line_1_74' title="bbox 358 4718 2007 4797; baseline 0.002 -23"><span class='ocrx_word' id='word_1_523' title='bbox 358 4718 633 4791; x_wconf 89' lang='lat' dir='ltr'>petitum,</span> <span class='ocrx_word' id='word_1_524' title='bbox 664 4722 893 4781; x_wconf 92' lang='lat' dir='ltr'>idoneis</span> <span class='ocrx_word' id='word_1_525' title='bbox 925 4725 1123 4782; x_wconf 87' lang='lat' dir='ltr'>causis</span> <span class='ocrx_word' id='word_1_526' title='bbox 1155 4732 1432 4797; x_wconf 82' lang='lat' dir='ltr'>negatum</span> <span class='ocrx_word' id='word_1_527' title='bbox 1470 4726 1700 4781; x_wconf 87' lang='lat' dir='ltr'>fuisset.</span> <span class='ocrx_word' id='word_1_528' title='bbox 1741 4723 2007 4780; x_wconf 72' lang='lat' dir='ltr'>Addebat</span> 
     </span>
    </p>
   </div>
   <div class='ocr_carea' id='block_1_75' title="bbox 358 4807 2003 4885">
    <p class='ocr_par' dir='ltr' id='par_1_75' title="bbox 358 4807 2003 4885">
     <span class='ocr_line' id='line_1_75' title="bbox 358 4807 2003 4885; baseline 0.004 -22"><span class='ocrx_word' id='word_1_529' title='bbox 358 4807 666 4881; x_wconf 83' lang='lat' dir='ltr'>fatigatum</span> <span class='ocrx_word' id='word_1_530' title='bbox 700 4830 761 4870; x_wconf 87' lang='lat' dir='ltr'>se</span> <span class='ocrx_word' id='word_1_531' title='bbox 793 4815 1054 4873; x_wconf 87' lang='lat' dir='ltr'>molestis</span> <span class='ocrx_word' id='word_1_532' title='bbox 1085 4815 1248 4872; x_wconf 90' lang='lat' dir='ltr'>hisce</span> <span class='ocrx_word' id='word_1_533' title='bbox 1290 4814 1736 4872; x_wconf 89' lang='lat' dir='ltr'>obtrusionibus</span> <span class='ocrx_word' id='word_1_534' title='bbox 1767 4812 2003 4885; x_wconf 90' lang='lat' dir='ltr'>petitio-</span> 
     </span>
    </p>
   </div>
   <div class='ocr_carea' id='block_1_76' title="bbox 358 4905 2004 4980">
    <p class='ocr_par' dir='ltr' id='par_1_76' title="bbox 358 4905 2004 4980">
     <span class='ocr_line' id='line_1_76' title="bbox 358 4905 2004 4980; baseline 0.001 -21"><span class='ocrx_word' id='word_1_535' title='bbox 358 4918 502 4959; x_wconf 88' lang='lat' dir='ltr'>num</span> <span class='ocrx_word' id='word_1_536' title='bbox 535 4905 874 4980; x_wconf 82' lang='lat' dir='ltr'>frequenter</span> <span class='ocrx_word' id='word_1_537' title='bbox 892 4910 1268 4980; x_wconf 87' lang='lat' dir='ltr'>rejectarum,</span> <span class='ocrx_word' id='word_1_538' title='bbox 1302 4909 1460 4965; x_wconf 89' lang='lat' dir='ltr'>idem</span> <span class='ocrx_word' id='word_1_539' title='bbox 1494 4907 1614 4980; x_wconf 90' lang='lat' dir='ltr'>pati</span> <span class='ocrx_word' id='word_1_540' title='bbox 1648 4907 1803 4979; x_wconf 92' lang='lat' dir='ltr'>quod</span> <span class='ocrx_word' id='word_1_541' title='bbox 1852 4922 2004 4961; x_wconf 86' lang='lat' dir='ltr'>nau-</span> 
     </span>
    </p>
   </div>
   <div class='ocr_carea' id='block_1_77' title="bbox 355 4995 2006 5073">
    <p class='ocr_par' dir='ltr' id='par_1_77' title="bbox 355 4995 2006 5073">
     <span class='ocr_line' id='line_1_77' title="bbox 355 4995 2006 5073; baseline 0.002 -25"><span class='ocrx_word' id='word_1_542' title='bbox 355 4997 587 5052; x_wconf 85' lang='lat' dir='ltr'>seantes</span> <span class='ocrx_word' id='word_1_543' title='bbox 617 4998 809 5056; x_wconf 86' lang='lat' dir='ltr'>solent</span> <span class='ocrx_word' id='word_1_544' title='bbox 830 5000 1076 5073; x_wconf 79' lang='lat' dir='ltr'>ingestis</span> <span class='ocrx_word' id='word_1_545' title='bbox 1108 5000 1256 5056; x_wconf 88' lang='lat' dir='ltr'>cibis</span> <span class='ocrx_word' id='word_1_546' title='bbox 1292 5015 1507 5070; x_wconf 86' lang='lat' dir='ltr'>magna</span> <span class='ocrx_word' id='word_1_547' title='bbox 1539 4997 1732 5069; x_wconf 88' lang='lat' dir='ltr'>copia,</span> <span class='ocrx_word' id='word_1_548' title='bbox 1785 4995 2006 5068; x_wconf 92' lang='lat' dir='ltr'>quibus</span> 
     </span>
    </p>
   </div>
   <div class='ocr_carea' id='block_1_78' title="bbox 356 5082 2003 5162">
    <p class='ocr_par' dir='ltr' id='par_1_78' title="bbox 356 5082 2003 5162">
     <span class='ocr_line' id='line_1_78' title="bbox 356 5082 2003 5162; baseline 0.001 -24"><span class='ocrx_word' id='word_1_549' title='bbox 356 5082 503 5139; x_wconf 87' lang='lat' dir='ltr'>iram</span> <span class='ocrx_word' id='word_1_550' title='bbox 537 5098 861 5145; x_wconf 79' lang='lat' dir='ltr'>commovet</span> <span class='ocrx_word' id='word_1_551' title='bbox 890 5089 1312 5162; x_wconf 87' lang='lat' dir='ltr'>importunitas</span> <span class='ocrx_word' id='word_1_552' title='bbox 1344 5103 1627 5159; x_wconf 89' lang='lat' dir='ltr'>reponere</span> <span class='ocrx_word' id='word_1_553' title='bbox 1676 5104 1793 5142; x_wconf 91' lang='lat' dir='ltr'>non</span> <span class='ocrx_word' id='word_1_554' title='bbox 1844 5084 2003 5142; x_wconf 89' lang='lat' dir='ltr'>desi-</span> 
     </span>
    </p>
   </div>
   <div class='ocr_carea' id='block_1_79' title="bbox 354 5172 2002 5249">
    <p class='ocr_par' dir='ltr' id='par_1_79' title="bbox 354 5172 2002 5249">
     <span class='ocr_line' id='line_1_79' title="bbox 354 5172 2002 5249; baseline 0.002 -23"><span class='ocrx_word' id='word_1_555' title='bbox 354 5172 634 5230; x_wconf 86' lang='lat' dir='ltr'>stentium</span> <span class='ocrx_word' id='word_1_556' title='bbox 670 5177 990 5235; x_wconf 75' lang='lat' dir='ltr'>fastiditam</span> <span class='ocrx_word' id='word_1_557' title='bbox 1023 5180 1323 5236; x_wconf 89' lang='lat' dir='ltr'>cramben.</span> <span class='ocrx_word' id='word_1_558' title='bbox 1360 5177 1544 5234; x_wconf 90' lang='lat' dir='ltr'>Multa</span> <span class='ocrx_word' id='word_1_559' title='bbox 1565 5177 1828 5249; x_wconf 88' lang='lat' dir='ltr'>quoditie</span> <span class='ocrx_word' id='word_1_560' title='bbox 1888 5174 2002 5231; x_wconf 90' lang='lat' dir='ltr'>sibi</span> 
     </span>
    </p>
   </div>
   <div class='ocr_carea' id='block_1_80' title="bbox 352 5261 1999 5341">
    <p class='ocr_par' dir='ltr' id='par_1_80' title="bbox 352 5261 1999 5341">
     <span class='ocr_line' id='line_1_80' title="bbox 352 5261 1999 5341; baseline 0.002 -23"><span class='ocrx_word' id='word_1_561' title='bbox 352 5261 589 5335; x_wconf 86' lang='lat' dir='ltr'>negotia</span> <span class='ocrx_word' id='word_1_562' title='bbox 607 5265 737 5336; x_wconf 89' lang='lat' dir='ltr'>ejus</span> <span class='ocrx_word' id='word_1_563' title='bbox 757 5268 990 5338; x_wconf 88' lang='lat' dir='ltr'>generis</span> <span class='ocrx_word' id='word_1_564' title='bbox 1022 5269 1210 5341; x_wconf 88' lang='lat' dir='ltr'>ingeri</span> <span class='ocrx_word' id='word_1_565' title='bbox 1242 5269 1590 5324; x_wconf 87' lang='lat' dir='ltr'>assiduitate</span> <span class='ocrx_word' id='word_1_566' title='bbox 1620 5264 1999 5325; x_wconf 88' lang='lat' dir='ltr'>insatisabili.</span> 
     </span>
    </p>
   </div>
   <div class='ocr_carea' id='block_1_81' title="bbox 353 5351 1997 5430">
    <p class='ocr_par' dir='ltr' id='par_1_81' title="bbox 353 5351 1997 5430">
     <span class='ocr_line' id='line_1_81' title="bbox 353 5351 1997 5430; baseline 0.002 -23"><span class='ocrx_word' id='word_1_567' title='bbox 353 5366 545 5423; x_wconf 87' lang='lat' dir='ltr'>neque</span> <span class='ocrx_word' id='word_1_568' title='bbox 573 5351 631 5407; x_wconf 92' lang='lat' dir='ltr'>id</span> <span class='ocrx_word' id='word_1_569' title='bbox 664 5368 767 5425; x_wconf 89' lang='lat' dir='ltr'>per</span> <span class='ocrx_word' id='word_1_570' title='bbox 793 5353 1022 5413; x_wconf 89' lang='lat' dir='ltr'>litteras</span> <span class='ocrx_word' id='word_1_571' title='bbox 1052 5362 1156 5415; x_wconf 90' lang='lat' dir='ltr'>aut</span> <span class='ocrx_word' id='word_1_572' title='bbox 1214 5359 1474 5430; x_wconf 79' lang='lat' dir='ltr'>nuntios,</span> <span class='ocrx_word' id='word_1_573' title='bbox 1522 5358 1625 5414; x_wconf 87' lang='lat' dir='ltr'>sed</span> <span class='ocrx_word' id='word_1_574' title='bbox 1685 5372 1878 5413; x_wconf 87' lang='lat' dir='ltr'>coram</span> <span class='ocrx_word' id='word_1_575' title='bbox 1926 5354 1997 5411; x_wconf 91' lang='lat' dir='ltr'>ab</span> 
     </span>
    </p>
   </div>
   <div class='ocr_carea' id='block_1_82' title="bbox 354 5438 1999 5518">
    <p class='ocr_par' dir='ltr' id='par_1_82' title="bbox 354 5438 1999 5518">
     <span class='ocr_line' id='line_1_82' title="bbox 354 5438 1999 5518; baseline 0 -20"><span class='ocrx_word' id='word_1_576' title='bbox 354 5438 485 5513; x_wconf 89' lang='lat' dir='ltr'>ipso</span> <span class='ocrx_word' id='word_1_577' title='bbox 517 5442 746 5498; x_wconf 84' lang='lat' dir='ltr'>astante</span> <span class='ocrx_word' id='word_1_578' title='bbox 796 5458 898 5512; x_wconf 90' lang='lat' dir='ltr'>per</span> <span class='ocrx_word' id='word_1_579' title='bbox 946 5460 1124 5517; x_wconf 86' lang='lat' dir='ltr'>seque</span> <span class='ocrx_word' id='word_1_580' title='bbox 1179 5449 1387 5518; x_wconf 83' lang='lat' dir='ltr'>agente</span> <span class='ocrx_word' id='word_1_581' title='bbox 1434 5444 1810 5518; x_wconf 85' lang='lat' dir='ltr'>patriarcha;</span> <span class='ocrx_word' id='word_1_582' title='bbox 1842 5444 1999 5500; x_wconf 89' lang='lat' dir='ltr'>unde</span> 
     </span>
    </p>
   </div>
   <div class='ocr_carea' id='block_1_83' title="bbox 351 5529 2000 5609">
    <p class='ocr_par' dir='ltr' id='par_1_83' title="bbox 351 5529 2000 5609">
     <span class='ocr_line' id='line_1_83' title="bbox 351 5529 2000 5609; baseline 0.001 -22"><span class='ocrx_word' id='word_1_583' title='bbox 351 5529 521 5588; x_wconf 83' lang='lat' dir='ltr'>ﬁeret</span> <span class='ocrx_word' id='word_1_584' title='bbox 549 5534 615 5588; x_wconf 92' lang='lat' dir='ltr'>ut</span> <span class='ocrx_word' id='word_1_585' title='bbox 641 5530 874 5604; x_wconf 89' lang='lat' dir='ltr'>quoties</span> <span class='ocrx_word' id='word_1_586' title='bbox 903 5534 1059 5605; x_wconf 92' lang='lat' dir='ltr'>quod</span> <span class='ocrx_word' id='word_1_587' title='bbox 1090 5535 1330 5591; x_wconf 90' lang='lat' dir='ltr'>concedi</span> <span class='ocrx_word' id='word_1_588' title='bbox 1360 5552 1475 5592; x_wconf 91' lang='lat' dir='ltr'>non</span> <span class='ocrx_word' id='word_1_589' title='bbox 1508 5536 1808 5609; x_wconf 89' lang='lat' dir='ltr'>expediret</span> <span class='ocrx_word' id='word_1_590' title='bbox 1846 5536 2000 5606; x_wconf 89' lang='lat' dir='ltr'>pete-</span> 
     </span>
    </p>
   </div>
   <div class='ocr_carea' id='block_1_84' title="bbox 350 5620 1998 5696">
    <p class='ocr_par' dir='ltr' id='par_1_84' title="bbox 350 5620 1998 5696">
     <span class='ocr_line' id='line_1_84' title="bbox 350 5620 1998 5696; baseline 0.001 -20"><span class='ocrx_word' id='word_1_591' title='bbox 350 5620 532 5690; x_wconf 76' lang='lat' dir='ltr'>retur,</span> <span class='ocrx_word' id='word_1_592' title='bbox 580 5635 756 5696; x_wconf 89' lang='lat' dir='ltr'>grave</span> <span class='ocrx_word' id='word_1_593' title='bbox 783 5620 899 5678; x_wconf 87' lang='lat' dir='ltr'>sibi</span> <span class='ocrx_word' id='word_1_594' title='bbox 959 5625 1018 5678; x_wconf 86' lang='lat' dir='ltr'>et</span> <span class='ocrx_word' id='word_1_595' title='bbox 1074 5620 1493 5693; x_wconf 86' lang='lat' dir='ltr'>permolestum</span> <span class='ocrx_word' id='word_1_596' title='bbox 1540 5629 1699 5681; x_wconf 87' lang='lat' dir='ltr'>esset</span> <span class='ocrx_word' id='word_1_597' title='bbox 1749 5635 1998 5680; x_wconf 90' lang='lat' dir='ltr'>renuere</span> 
     </span>
    </p>
   </div>
   <div class='ocr_carea' id='block_1_85' title="bbox 354 5709 1995 5786">
    <p class='ocr_par' dir='ltr' id='par_1_85' title="bbox 354 5709 1995 5786">
     <span class='ocr_line' id='line_1_85' title="bbox 354 5709 1995 5786; baseline -0.005 -13"><span class='ocrx_word' id='word_1_598' title='bbox 354 5716 592 5786; x_wconf 84' lang='lat' dir='ltr'>propter</span> <span class='ocrx_word' id='word_1_599' title='bbox 619 5710 1031 5772; x_wconf 86' lang='lat' dir='ltr'>verecundiam</span> <span class='ocrx_word' id='word_1_600' title='bbox 1056 5709 1170 5766; x_wconf 88' lang='lat' dir='ltr'>viri</span> <span class='ocrx_word' id='word_1_601' title='bbox 1222 5713 1401 5767; x_wconf 81' lang='lat' dir='ltr'>tanta</span> <span class='ocrx_word' id='word_1_602' title='bbox 1449 5711 1818 5771; x_wconf 84' lang='lat' dir='ltr'>auctoritatis</span> <span class='ocrx_word' id='word_1_603' title='bbox 1847 5725 1995 5782; x_wconf 81' lang='lat' dir='ltr'>prae-</span> 
     </span>
    </p>
   </div>
   <div class='ocr_carea' id='block_1_86' title="bbox 2115 3306 3787 3381">
    <p class='ocr_par' dir='ltr' id='par_1_86' title="bbox 2115 3306 3787 3381">
     <span class='ocr_line' id='line_1_86' title="bbox 2115 3306 3787 3381; baseline 0.004 -20"><span class='ocrx_word' id='word_1_604' title='bbox 2115 3306 2188 3361; x_wconf 88' lang='lat' dir='ltr'>ab</span> <span class='ocrx_word' id='word_1_605' title='bbox 2245 3306 2538 3363; x_wconf 89' lang='lat' dir='ltr'>audiendo</span> <span class='ocrx_word' id='word_1_606' title='bbox 2572 3309 2924 3380; x_wconf 88' lang='lat' dir='ltr'>patriarcha,</span> <span class='ocrx_word' id='word_1_607' title='bbox 2981 3308 3303 3381; x_wconf 89' lang='lat' dir='ltr'>patrocinio</span> <span class='ocrx_word' id='word_1_608' title='bbox 3356 3325 3591 3366; x_wconf 89' lang='lat' dir='ltr'>reorum</span> <span class='ocrx_word' id='word_1_609' title='bbox 3675 3316 3787 3367; x_wconf 86' lang='lat' dir='ltr'>aut</span> 
     </span>
    </p>
   </div>
   <div class='ocr_carea' id='block_1_87' title="bbox 2113 3396 3783 3470">
    <p class='ocr_par' dir='ltr' id='par_1_87' title="bbox 2113 3396 3783 3470">
     <span class='ocr_line' id='line_1_87' title="bbox 2113 3396 3783 3470; baseline 0.002 -20"><span class='ocrx_word' id='word_1_610' title='bbox 2113 3396 2413 3467; x_wconf 78' lang='lat' dir='ltr'>egentium</span> <span class='ocrx_word' id='word_1_611' title='bbox 2448 3396 2749 3469; x_wconf 80' lang='lat' dir='ltr'>fungente,</span> <span class='ocrx_word' id='word_1_612' title='bbox 2776 3397 3001 3454; x_wconf 83' lang='lat' dir='ltr'>vacatio</span> <span class='ocrx_word' id='word_1_613' title='bbox 3036 3398 3289 3470; x_wconf 91' lang='lat' dir='ltr'>principi</span> <span class='ocrx_word' id='word_1_614' title='bbox 3327 3403 3487 3454; x_wconf 89' lang='lat' dir='ltr'>certa</span> <span class='ocrx_word' id='word_1_615' title='bbox 3535 3403 3783 3455; x_wconf 88' lang='lat' dir='ltr'>consta-</span> 
     </span>
    </p>
   </div>
   <div class='ocr_carea' id='block_1_88' title="bbox 2115 3486 3782 3560">
    <p class='ocr_par' dir='ltr' id='par_1_88' title="bbox 2115 3486 3782 3560">
     <span class='ocr_line' id='line_1_88' title="bbox 2115 3486 3782 3560; baseline 0.003 -22"><span class='ocrx_word' id='word_1_616' title='bbox 2115 3489 2221 3540; x_wconf 89' lang='lat' dir='ltr'>ret.</span> <span class='ocrx_word' id='word_1_617' title='bbox 2252 3486 2464 3542; x_wconf 87' lang='lat' dir='ltr'>Idonea</span> <span class='ocrx_word' id='word_1_618' title='bbox 2495 3488 2565 3542; x_wconf 88' lang='lat' dir='ltr'>ad</span> <span class='ocrx_word' id='word_1_619' title='bbox 2598 3486 2657 3542; x_wconf 89' lang='lat' dir='ltr'>id</span> <span class='ocrx_word' id='word_1_620' title='bbox 2687 3487 2815 3543; x_wconf 87' lang='lat' dir='ltr'>visa</span> <span class='ocrx_word' id='word_1_621' title='bbox 2863 3486 3009 3542; x_wconf 84' lang='lat' dir='ltr'>feria</span> <span class='ocrx_word' id='word_1_622' title='bbox 3038 3489 3212 3543; x_wconf 89' lang='lat' dir='ltr'>tertia</span> <span class='ocrx_word' id='word_1_623' title='bbox 3263 3487 3612 3560; x_wconf 86' lang='lat' dir='ltr'>patriarcha</span> <span class='ocrx_word' id='word_1_624' title='bbox 3670 3490 3782 3543; x_wconf 88' lang='lat' dir='ltr'>ad-</span> 
     </span>
    </p>
   </div>
   <div class='ocr_carea' id='block_1_89' title="bbox 2116 3575 3776 3653">
    <p class='ocr_par' dir='ltr' id='par_1_89' title="bbox 2116 3575 3776 3653">
     <span class='ocr_line' id='line_1_89' title="bbox 2116 3575 3776 3653; baseline 0.004 -24"><span class='ocrx_word' id='word_1_625' title='bbox 2116 3575 2383 3633; x_wconf 88' lang='lat' dir='ltr'>missioni</span> <span class='ocrx_word' id='word_1_626' title='bbox 2415 3578 2563 3635; x_wconf 88' lang='lat' dir='ltr'>tales</span> <span class='ocrx_word' id='word_1_627' title='bbox 2596 3595 2804 3635; x_wconf 91' lang='lat' dir='ltr'>causas</span> <span class='ocrx_word' id='word_1_628' title='bbox 2836 3579 3024 3635; x_wconf 86' lang='lat' dir='ltr'>acturi</span> <span class='ocrx_word' id='word_1_629' title='bbox 3056 3579 3359 3653; x_wconf 78' lang='lat' dir='ltr'>assignate</span> <span class='ocrx_word' id='word_1_630' title='bbox 3390 3579 3629 3651; x_wconf 90' lang='lat' dir='ltr'>propria</span> <span class='ocrx_word' id='word_1_631' title='bbox 3661 3585 3776 3650; x_wconf 85' lang='lat' dir='ltr'>est;</span> 
     </span>
    </p>
   </div>
   <div class='ocr_carea' id='block_1_90' title="bbox 2114 3666 3778 3741">
    <p class='ocr_par' dir='ltr' id='par_1_90' title="bbox 2114 3666 3778 3741">
     <span class='ocr_line' id='line_1_90' title="bbox 2114 3666 3778 3741; baseline 0.004 -22"><span class='ocrx_word' id='word_1_632' title='bbox 2114 3666 2540 3740; x_wconf 88' lang='lat' dir='ltr'>ordinatusque</span> <span class='ocrx_word' id='word_1_633' title='bbox 2572 3669 2833 3724; x_wconf 83' lang='lat' dir='ltr'>notarius</span> <span class='ocrx_word' id='word_1_634' title='bbox 2863 3666 2924 3722; x_wconf 91' lang='lat' dir='ltr'>in</span> <span class='ocrx_word' id='word_1_635' title='bbox 2959 3668 3016 3724; x_wconf 94' lang='lat' dir='ltr'>id</span> <span class='ocrx_word' id='word_1_636' title='bbox 3042 3668 3198 3724; x_wconf 79' lang='lat' dir='ltr'>oiicii</span> <span class='ocrx_word' id='word_1_637' title='bbox 3257 3668 3531 3741; x_wconf 86' lang='lat' dir='ltr'>proprius</span> <span class='ocrx_word' id='word_1_638' title='bbox 3561 3668 3778 3741; x_wconf 85' lang='lat' dir='ltr'>Xiphi-</span> 
     </span>
    </p>
   </div>
   <div class='ocr_carea' id='block_1_91' title="bbox 2112 3752 3774 3830">
    <p class='ocr_par' dir='ltr' id='par_1_91' title="bbox 2112 3752 3774 3830">
     <span class='ocr_line' id='line_1_91' title="bbox 2112 3752 3774 3830; baseline 0.004 -21"><span class='ocrx_word' id='word_1_639' title='bbox 2112 3752 2272 3810; x_wconf 92' lang='lat' dir='ltr'>linus</span> <span class='ocrx_word' id='word_1_640' title='bbox 2303 3756 2568 3828; x_wconf 86' lang='lat' dir='ltr'>Michael,</span> <span class='ocrx_word' id='word_1_641' title='bbox 2603 3757 2704 3830; x_wconf 92' lang='lat' dir='ltr'>qui</span> <span class='ocrx_word' id='word_1_642' title='bbox 2736 3761 2795 3812; x_wconf 91' lang='lat' dir='ltr'>et</span> <span class='ocrx_word' id='word_1_643' title='bbox 2814 3772 3026 3813; x_wconf 87' lang='lat' dir='ltr'>causas</span> <span class='ocrx_word' id='word_1_644' title='bbox 3047 3756 3147 3812; x_wconf 89' lang='lat' dir='ltr'>tali</span> <span class='ocrx_word' id='word_1_645' title='bbox 3204 3756 3509 3814; x_wconf 90' lang='lat' dir='ltr'>audientia</span> <span class='ocrx_word' id='word_1_646' title='bbox 3550 3757 3774 3815; x_wconf 87' lang='lat' dir='ltr'>relatas</span> 
     </span>
    </p>
   </div>
   <div class='ocr_carea' id='block_1_92' title="bbox 2113 3844 3774 3918">
    <p class='ocr_par' dir='ltr' id='par_1_92' title="bbox 2113 3844 3774 3918">
     <span class='ocr_line' id='line_1_92' title="bbox 2113 3844 3774 3918; baseline 0 -18"><span class='ocrx_word' id='word_1_647' title='bbox 2113 3847 2171 3900; x_wconf 88' lang='lat' dir='ltr'>et</span> <span class='ocrx_word' id='word_1_648' title='bbox 2196 3860 2480 3916; x_wconf 89' lang='lat' dir='ltr'>responsa</span> <span class='ocrx_word' id='word_1_649' title='bbox 2500 3845 2875 3916; x_wconf 88' lang='lat' dir='ltr'>imperatoris</span> <span class='ocrx_word' id='word_1_650' title='bbox 2907 3845 2978 3900; x_wconf 87' lang='lat' dir='ltr'>ad</span> <span class='ocrx_word' id='word_1_651' title='bbox 3011 3844 3282 3918; x_wconf 86' lang='lat' dir='ltr'>singulas</span> <span class='ocrx_word' id='word_1_652' title='bbox 3312 3845 3371 3900; x_wconf 93' lang='lat' dir='ltr'>in</span> <span class='ocrx_word' id='word_1_653' title='bbox 3403 3849 3774 3902; x_wconf 84' lang='lat' dir='ltr'>commenta-</span> 
     </span>
    </p>
   </div>
   <div class='ocr_carea' id='block_1_93' title="bbox 2114 3932 3764 3991">
    <p class='ocr_par' dir='ltr' id='par_1_93' title="bbox 2114 3932 3764 3991">
     <span class='ocr_line' id='line_1_93' title="bbox 2114 3932 3764 3991; baseline 0.002 -4"><span class='ocrx_word' id='word_1_654' title='bbox 2114 3932 2266 3988; x_wconf 89' lang='lat' dir='ltr'>rium</span> <span class='ocrx_word' id='word_1_655' title='bbox 2301 3933 2563 3989; x_wconf 83' lang='lat' dir='ltr'>referret.</span> <span class='ocrx_word' id='word_1_656' title='bbox 2587 3932 2682 3989; x_wconf 92' lang='lat' dir='ltr'>Sic</span> <span class='ocrx_word' id='word_1_657' title='bbox 2700 3933 2815 3988; x_wconf 81' lang='lat' dir='ltr'>Deo</span> <span class='ocrx_word' id='word_1_658' title='bbox 2837 3938 2894 3988; x_wconf 91' lang='lat' dir='ltr'>et</span> <span class='ocrx_word' id='word_1_659' title='bbox 2917 3933 3143 3990; x_wconf 83' lang='lat' dir='ltr'>solatiis</span> <span class='ocrx_word' id='word_1_660' title='bbox 3164 3934 3524 3990; x_wconf 80' lang='lat' dir='ltr'>afﬂictorum</span> <span class='ocrx_word' id='word_1_661' title='bbox 3553 3950 3764 3991; x_wconf 87' lang='lat' dir='ltr'>conse-</span> 
     </span>
    </p>
   </div>
   <div class='ocr_carea' id='block_1_94' title="bbox 2112 4022 3772 4080">
    <p class='ocr_par' dir='ltr' id='par_1_94' title="bbox 2112 4022 3772 4080">
     <span class='ocr_line' id='line_1_94' title="bbox 2112 4022 3772 4080; baseline 0.001 -2"><span class='ocrx_word' id='word_1_662' title='bbox 2112 4027 2271 4078; x_wconf 88' lang='lat' dir='ltr'>crata</span> <span class='ocrx_word' id='word_1_663' title='bbox 2303 4024 2429 4080; x_wconf 90' lang='lat' dir='ltr'>dies</span> <span class='ocrx_word' id='word_1_664' title='bbox 2460 4022 2849 4079; x_wconf 91' lang='lat' dir='ltr'>hebdomadis</span> <span class='ocrx_word' id='word_1_665' title='bbox 2872 4022 3047 4079; x_wconf 89' lang='lat' dir='ltr'>tertia</span> <span class='ocrx_word' id='word_1_666' title='bbox 3072 4023 3279 4080; x_wconf 91' lang='lat' dir='ltr'>est.Ne</span> <span class='ocrx_word' id='word_1_667' title='bbox 3300 4039 3438 4079; x_wconf 90' lang='lat' dir='ltr'>vero</span> <span class='ocrx_word' id='word_1_668' title='bbox 3460 4024 3772 4080; x_wconf 88' lang='lat' dir='ltr'>interverti</span> 
     </span>
    </p>
   </div>
   <div class='ocr_carea' id='block_1_95' title="bbox 2111 4111 3773 4185">
    <p class='ocr_par' dir='ltr' id='par_1_95' title="bbox 2111 4111 3773 4185">
     <span class='ocr_line' id='line_1_95' title="bbox 2111 4111 3773 4185; baseline 0.002 -18"><span class='ocrx_word' id='word_1_669' title='bbox 2111 4111 2247 4169; x_wconf 90' lang='lat' dir='ltr'>talis</span> <span class='ocrx_word' id='word_1_670' title='bbox 2277 4112 2337 4168; x_wconf 93' lang='lat' dir='ltr'>in</span> <span class='ocrx_word' id='word_1_671' title='bbox 2370 4113 2427 4168; x_wconf 92' lang='lat' dir='ltr'>id</span> <span class='ocrx_word' id='word_1_672' title='bbox 2459 4112 2740 4185; x_wconf 88' lang='lat' dir='ltr'>temporis</span> <span class='ocrx_word' id='word_1_673' title='bbox 2789 4129 3057 4183; x_wconf 90' lang='lat' dir='ltr'>usuram,</span> <span class='ocrx_word' id='word_1_674' title='bbox 3117 4113 3568 4185; x_wconf 89' lang='lat' dir='ltr'>superveniente</span> <span class='ocrx_word' id='word_1_675' title='bbox 3618 4113 3773 4170; x_wconf 80' lang='lat' dir='ltr'>forte</span> 
     </span>
    </p>
   </div>
   <div class='ocr_carea' id='block_1_96' title="bbox 2111 4201 3772 4276">
    <p class='ocr_par' dir='ltr' id='par_1_96' title="bbox 2111 4201 3772 4276">
     <span class='ocr_line' id='line_1_96' title="bbox 2111 4201 3772 4276; baseline 0.002 -20"><span class='ocrx_word' id='word_1_676' title='bbox 2111 4201 2362 4274; x_wconf 85' lang='lat' dir='ltr'>principi</span> <span class='ocrx_word' id='word_1_677' title='bbox 2387 4203 2500 4259; x_wconf 91' lang='lat' dir='ltr'>alio</span> <span class='ocrx_word' id='word_1_678' title='bbox 2518 4201 2882 4259; x_wconf 87' lang='lat' dir='ltr'>neccessario</span> <span class='ocrx_word' id='word_1_679' title='bbox 2898 4202 3151 4274; x_wconf 85' lang='lat' dir='ltr'>negotio,</span> <span class='ocrx_word' id='word_1_680' title='bbox 3177 4219 3440 4276; x_wconf 89' lang='lat' dir='ltr'>unquam</span> <span class='ocrx_word' id='word_1_681' title='bbox 3465 4202 3772 4275; x_wconf 82' lang='lat' dir='ltr'>continge-</span> 
     </span>
    </p>
   </div>
   <div class='ocr_carea' id='block_1_97' title="bbox 2112 4290 3763 4365">
    <p class='ocr_par' dir='ltr' id='par_1_97' title="bbox 2112 4290 3763 4365">
     <span class='ocr_line' id='line_1_97' title="bbox 2112 4290 3763 4365; baseline 0.001 -20"><span class='ocrx_word' id='word_1_682' title='bbox 2112 4294 2220 4361; x_wconf 90' lang='lat' dir='ltr'>ret,</span> <span class='ocrx_word' id='word_1_683' title='bbox 2251 4291 2636 4348; x_wconf 89' lang='lat' dir='ltr'>diversorium</span> <span class='ocrx_word' id='word_1_684' title='bbox 2669 4291 2729 4347; x_wconf 90' lang='lat' dir='ltr'>in</span> <span class='ocrx_word' id='word_1_685' title='bbox 2760 4307 2889 4348; x_wconf 88' lang='lat' dir='ltr'>eam</span> <span class='ocrx_word' id='word_1_686' title='bbox 2920 4292 3077 4347; x_wconf 90' lang='lat' dir='ltr'>diem</span> <span class='ocrx_word' id='word_1_687' title='bbox 3108 4291 3422 4363; x_wconf 86' lang='lat' dir='ltr'>patiarcha</span> <span class='ocrx_word' id='word_1_688' title='bbox 3453 4290 3763 4365; x_wconf 88' lang='lat' dir='ltr'>provisum</span> 
     </span>
    </p>
   </div>
   <div class='ocr_carea' id='block_1_98' title="bbox 2110 4381 3770 4455">
    <p class='ocr_par' dir='ltr' id='par_1_98' title="bbox 2110 4381 3770 4455">
     <span class='ocr_line' id='line_1_98' title="bbox 2110 4381 3770 4455; baseline 0.001 -17"><span class='ocrx_word' id='word_1_689' title='bbox 2110 4381 2300 4438; x_wconf 90' lang='lat' dir='ltr'>estin</span> <span class='ocrx_word' id='word_1_690' title='bbox 2352 4384 2710 4439; x_wconf 89' lang='lat' dir='ltr'>monasterio</span> <span class='ocrx_word' id='word_1_691' title='bbox 2762 4382 3030 4450; x_wconf 84' lang='lat' dir='ltr'>vicinia;</span> <span class='ocrx_word' id='word_1_692' title='bbox 3067 4382 3125 4437; x_wconf 92' lang='lat' dir='ltr'>in</span> <span class='ocrx_word' id='word_1_693' title='bbox 3188 4382 3344 4455; x_wconf 88' lang='lat' dir='ltr'>quod</span> <span class='ocrx_word' id='word_1_694' title='bbox 3404 4382 3456 4439; x_wconf 91' lang='lat' dir='ltr'>is</span> <span class='ocrx_word' id='word_1_695' title='bbox 3508 4383 3770 4440; x_wconf 85' lang='lat' dir='ltr'>subinde</span> 
     </span>
    </p>
   </div>
   <div class='ocr_carea' id='block_1_99' title="bbox 2110 4470 3768 4545">
    <p class='ocr_par' dir='ltr' id='par_1_99' title="bbox 2110 4470 3768 4545">
     <span class='ocr_line' id='line_1_99' title="bbox 2110 4470 3768 4545; baseline 0.001 -18"><span class='ocrx_word' id='word_1_696' title='bbox 2110 4472 2410 4542; x_wconf 88' lang='lat' dir='ltr'>recedens,</span> <span class='ocrx_word' id='word_1_697' title='bbox 2436 4472 2484 4529; x_wconf 92' lang='lat' dir='ltr'>si</span> <span class='ocrx_word' id='word_1_698' title='bbox 2518 4489 2635 4544; x_wconf 89' lang='lat' dir='ltr'>qua</span> <span class='ocrx_word' id='word_1_699' title='bbox 2666 4471 2987 4528; x_wconf 87' lang='lat' dir='ltr'>inevitabili</span> <span class='ocrx_word' id='word_1_700' title='bbox 3020 4472 3357 4528; x_wconf 88' lang='lat' dir='ltr'>avocatione</span> <span class='ocrx_word' id='word_1_701' title='bbox 3386 4470 3768 4545; x_wconf 86' lang='lat' dir='ltr'>imperatoris</span> 
     </span>
    </p>
   </div>
   <div class='ocr_carea' id='block_1_100' title="bbox 2114 4561 3760 4635">
    <p class='ocr_par' dir='ltr' id='par_1_100' title="bbox 2114 4561 3760 4635">
     <span class='ocr_line' id='line_1_100' title="bbox 2114 4561 3760 4635; baseline 0 -17"><span class='ocrx_word' id='word_1_702' title='bbox 2114 4566 2473 4619; x_wconf 88' lang='lat' dir='ltr'>averteretur</span> <span class='ocrx_word' id='word_1_703' title='bbox 2501 4563 2767 4631; x_wconf 86' lang='lat' dir='ltr'>attentio,</span> <span class='ocrx_word' id='word_1_704' title='bbox 2829 4562 3167 4618; x_wconf 86' lang='lat' dir='ltr'>immineret</span> <span class='ocrx_word' id='word_1_705' title='bbox 3222 4577 3253 4618; x_wconf 90' lang='lat' dir='ltr'>e</span> <span class='ocrx_word' id='word_1_706' title='bbox 3309 4561 3644 4635; x_wconf 87' lang='lat' dir='ltr'>propinquo</span> <span class='ocrx_word' id='word_1_707' title='bbox 3697 4561 3760 4618; x_wconf 87' lang='lat' dir='ltr'>in</span> 
     </span>
    </p>
   </div>
   <div class='ocr_carea' id='block_1_101' title="bbox 2114 4650 3763 4723">
    <p class='ocr_par' dir='ltr' id='par_1_101' title="bbox 2114 4650 3763 4723">
     <span class='ocr_line' id='line_1_101' title="bbox 2114 4650 3763 4723; baseline 0.001 -16"><span class='ocrx_word' id='word_1_708' title='bbox 2114 4651 2481 4709; x_wconf 78' lang='lat' dir='ltr'>occasionem</span> <span class='ocrx_word' id='word_1_709' title='bbox 2530 4652 2895 4708; x_wconf 86' lang='lat' dir='ltr'>resumenda</span> <span class='ocrx_word' id='word_1_710' title='bbox 2952 4655 3284 4723; x_wconf 92' lang='lat' dir='ltr'>opportune</span> <span class='ocrx_word' id='word_1_711' title='bbox 3364 4650 3763 4722; x_wconf 81' lang='lat' dir='ltr'>tractationis,</span> 
     </span>
    </p>
   </div>
   <div class='ocr_carea' id='block_1_102' title="bbox 2115 4739 3769 4813">
    <p class='ocr_par' dir='ltr' id='par_1_102' title="bbox 2115 4739 3769 4813">
     <span class='ocr_line' id='line_1_102' title="bbox 2115 4739 3769 4813; baseline 0.002 -19"><span class='ocrx_word' id='word_1_712' title='bbox 2115 4739 2194 4795; x_wconf 84' lang='lat' dir='ltr'>ita</span> <span class='ocrx_word' id='word_1_713' title='bbox 2225 4745 2292 4796; x_wconf 93' lang='lat' dir='ltr'>ut</span> <span class='ocrx_word' id='word_1_714' title='bbox 2321 4742 2477 4813; x_wconf 90' lang='lat' dir='ltr'>quod</span> <span class='ocrx_word' id='word_1_715' title='bbox 2498 4758 2669 4798; x_wconf 90' lang='lat' dir='ltr'>mane</span> <span class='ocrx_word' id='word_1_716' title='bbox 2693 4740 2890 4812; x_wconf 84' lang='lat' dir='ltr'>perfici</span> <span class='ocrx_word' id='word_1_717' title='bbox 2913 4757 3029 4796; x_wconf 91' lang='lat' dir='ltr'>non</span> <span class='ocrx_word' id='word_1_718' title='bbox 3053 4740 3342 4812; x_wconf 80' lang='lat' dir='ltr'>potuisset</span> <span class='ocrx_word' id='word_1_719' title='bbox 3362 4739 3769 4798; x_wconf 82' lang='lat' dir='ltr'>absolveretur</span> 
     </span>
    </p>
   </div>
   <div class='ocr_carea' id='block_1_103' title="bbox 2108 4827 3757 4902">
    <p class='ocr_par' dir='ltr' id='par_1_103' title="bbox 2108 4827 3757 4902">
     <span class='ocr_line' id='line_1_103' title="bbox 2108 4827 3757 4902; baseline 0.001 -18"><span class='ocrx_word' id='word_1_720' title='bbox 2108 4830 2361 4902; x_wconf 88' lang='lat' dir='ltr'>vesperi,</span> <span class='ocrx_word' id='word_1_721' title='bbox 2390 4835 2730 4887; x_wconf 87' lang='lat' dir='ltr'>excurrente</span> <span class='ocrx_word' id='word_1_722' title='bbox 2756 4845 3176 4900; x_wconf 84' lang='lat' dir='ltr'>nonnunquam</span> <span class='ocrx_word' id='word_1_723' title='bbox 3210 4828 3270 4884; x_wconf 92' lang='lat' dir='ltr'>in</span> <span class='ocrx_word' id='word_1_724' title='bbox 3314 4827 3541 4901; x_wconf 86' lang='lat' dir='ltr'>aliquot</span> <span class='ocrx_word' id='word_1_725' title='bbox 3586 4844 3757 4886; x_wconf 85' lang='lat' dir='ltr'>com-</span> 
     </span>
    </p>
   </div>
   <div class='ocr_carea' id='block_1_104' title="bbox 2112 4917 3771 4991">
    <p class='ocr_par' dir='ltr' id='par_1_104' title="bbox 2112 4917 3771 4991">
     <span class='ocr_line' id='line_1_104' title="bbox 2112 4917 3771 4991; baseline 0 -17"><span class='ocrx_word' id='word_1_726' title='bbox 2112 4918 2305 4976; x_wconf 79' lang='lat' dir='ltr'>missa</span> <span class='ocrx_word' id='word_1_727' title='bbox 2329 4920 2456 4989; x_wconf 88' lang='lat' dir='ltr'>jam</span> <span class='ocrx_word' id='word_1_728' title='bbox 2488 4919 2674 4976; x_wconf 87' lang='lat' dir='ltr'>noctis</span> <span class='ocrx_word' id='word_1_729' title='bbox 2706 4919 2881 4974; x_wconf 86' lang='lat' dir='ltr'>horas</span> <span class='ocrx_word' id='word_1_730' title='bbox 2913 4922 2969 4974; x_wconf 92' lang='lat' dir='ltr'>et</span> <span class='ocrx_word' id='word_1_731' title='bbox 2999 4917 3283 4974; x_wconf 89' lang='lat' dir='ltr'>antistitis</span> <span class='ocrx_word' id='word_1_732' title='bbox 3339 4917 3650 4991; x_wconf 81' lang='lat' dir='ltr'>diligentia</span> <span class='ocrx_word' id='word_1_733' title='bbox 3706 4920 3771 4975; x_wconf 85' lang='lat' dir='ltr'>et</span> 
     </span>
    </p>
   </div>
   <div class='ocr_carea' id='block_1_105' title="bbox 2112 5006 3761 5081">
    <p class='ocr_par' dir='ltr' id='par_1_105' title="bbox 2112 5006 3761 5081">
     <span class='ocr_line' id='line_1_105' title="bbox 2112 5006 3761 5081; baseline 0.001 -19"><span class='ocrx_word' id='word_1_734' title='bbox 2112 5008 2397 5079; x_wconf 87' lang='lat' dir='ltr'>patientia</span> <span class='ocrx_word' id='word_1_735' title='bbox 2427 5008 2820 5081; x_wconf 86' lang='lat' dir='ltr'>imperatoris.</span> <span class='ocrx_word' id='word_1_736' title='bbox 2852 5007 2979 5062; x_wconf 89' lang='lat' dir='ltr'>Non</span> <span class='ocrx_word' id='word_1_737' title='bbox 3039 5006 3210 5063; x_wconf 84' lang='lat' dir='ltr'>facile</span> <span class='ocrx_word' id='word_1_738' title='bbox 3269 5006 3518 5063; x_wconf 83' lang='lat' dir='ltr'>dixerim</span> <span class='ocrx_word' id='word_1_739' title='bbox 3579 5022 3761 5080; x_wconf 82' lang='lat' dir='ltr'>quam</span> 
     </span>
    </p>
   </div>
   <div class='ocr_carea' id='block_1_106' title="bbox 2113 5095 3785 5169">
    <p class='ocr_par' dir='ltr' id='par_1_106' title="bbox 2113 5095 3785 5169">
     <span class='ocr_line' id='line_1_106' title="bbox 2113 5095 3785 5169; baseline 0.001 -18"><span class='ocrx_word' id='word_1_740' title='bbox 2113 5096 2300 5153; x_wconf 87' lang='lat' dir='ltr'>multa</span> <span class='ocrx_word' id='word_1_741' title='bbox 2328 5098 2638 5155; x_wconf 87' lang='lat' dir='ltr'>commoda</span> <span class='ocrx_word' id='word_1_742' title='bbox 2669 5114 2737 5153; x_wconf 88' lang='lat' dir='ltr'>ex</span> <span class='ocrx_word' id='word_1_743' title='bbox 2766 5097 2876 5153; x_wconf 93' lang='lat' dir='ltr'>hoc</span> <span class='ocrx_word' id='word_1_744' title='bbox 2898 5101 3016 5151; x_wconf 86' lang='lat' dir='ltr'>tam</span> <span class='ocrx_word' id='word_1_745' title='bbox 3069 5095 3309 5152; x_wconf 90' lang='lat' dir='ltr'>assiduo</span> <span class='ocrx_word' id='word_1_746' title='bbox 3357 5095 3785 5169; x_wconf 83' lang='lat' dir='ltr'>benevoloque</span> 
     </span>
    </p>
   </div>
   <div class='ocr_carea' id='block_1_107' title="bbox 2111 5183 3766 5257">
    <p class='ocr_par' dir='ltr' id='par_1_107' title="bbox 2111 5183 3766 5257">
     <span class='ocr_line' id='line_1_107' title="bbox 2111 5183 3766 5257; baseline 0.001 -17"><span class='ocrx_word' id='word_1_747' title='bbox 2111 5185 2460 5257; x_wconf 87' lang='lat' dir='ltr'>patriarcha</span> <span class='ocrx_word' id='word_1_748' title='bbox 2481 5185 2678 5242; x_wconf 92' lang='lat' dir='ltr'>studio</span> <span class='ocrx_word' id='word_1_749' title='bbox 2710 5186 2769 5240; x_wconf 91' lang='lat' dir='ltr'>in</span> <span class='ocrx_word' id='word_1_750' title='bbox 2802 5185 3069 5241; x_wconf 89' lang='lat' dir='ltr'>homines</span> <span class='ocrx_word' id='word_1_751' title='bbox 3100 5183 3308 5240; x_wconf 87' lang='lat' dir='ltr'>solatio</span> <span class='ocrx_word' id='word_1_752' title='bbox 3364 5188 3606 5257; x_wconf 87' lang='lat' dir='ltr'>egentes</span> <span class='ocrx_word' id='word_1_753' title='bbox 3661 5199 3766 5241; x_wconf 70' lang='lat' dir='ltr'>reo-</span> 
     </span>
    </p>
   </div>
   <div class='ocr_carea' id='block_1_108' title="bbox 2111 5272 3763 5349">
    <p class='ocr_par' dir='ltr' id='par_1_108' title="bbox 2111 5272 3763 5349">
     <span class='ocr_line' id='line_1_108' title="bbox 2111 5272 3763 5349; baseline 0 -20"><span class='ocrx_word' id='word_1_754' title='bbox 2111 5274 2375 5331; x_wconf 86' lang='lat' dir='ltr'>dundare</span> <span class='ocrx_word' id='word_1_755' title='bbox 2415 5274 2752 5349; x_wconf 87' lang='lat' dir='ltr'>contigerit.</span> <span class='ocrx_word' id='word_1_756' title='bbox 2819 5275 2929 5330; x_wconf 87' lang='lat' dir='ltr'>Sed</span> <span class='ocrx_word' id='word_1_757' title='bbox 2991 5274 3062 5329; x_wconf 91' lang='lat' dir='ltr'>de</span> <span class='ocrx_word' id='word_1_758' title='bbox 3118 5272 3213 5329; x_wconf 88' lang='lat' dir='ltr'>his</span> <span class='ocrx_word' id='word_1_759' title='bbox 3260 5273 3569 5342; x_wconf 89' lang='lat' dir='ltr'>hactenus,</span> <span class='ocrx_word' id='word_1_760' title='bbox 3629 5289 3763 5346; x_wconf 77' lang='lat' dir='ltr'>qua</span> 
     </span>
    </p>
   </div>
   <div class='ocr_carea' id='block_1_109' title="bbox 2107 5360 3767 5435">
    <p class='ocr_par' dir='ltr' id='par_1_109' title="bbox 2107 5360 3767 5435">
     <span class='ocr_line' id='line_1_109' title="bbox 2107 5360 3767 5435; baseline -0.001 -17"><span class='ocrx_word' id='word_1_761' title='bbox 2107 5363 2284 5420; x_wconf 87' lang='lat' dir='ltr'>variis</span> <span class='ocrx_word' id='word_1_762' title='bbox 2315 5367 2611 5420; x_wconf 88' lang='lat' dir='ltr'>transacta</span> <span class='ocrx_word' id='word_1_763' title='bbox 2641 5363 3008 5435; x_wconf 89' lang='lat' dir='ltr'>temporibus</span> <span class='ocrx_word' id='word_1_764' title='bbox 3034 5377 3212 5416; x_wconf 89' lang='lat' dir='ltr'>unam</span> <span class='ocrx_word' id='word_1_765' title='bbox 3247 5360 3305 5417; x_wconf 90' lang='lat' dir='ltr'>in</span> <span class='ocrx_word' id='word_1_766' title='bbox 3337 5361 3575 5428; x_wconf 86' lang='lat' dir='ltr'>seriem,</span> <span class='ocrx_word' id='word_1_767' title='bbox 3606 5361 3767 5419; x_wconf 87' lang='lat' dir='ltr'>ordi-</span> 
     </span>
    </p>
   </div>
   <div class='ocr_carea' id='block_1_110' title="bbox 2109 5450 3766 5527">
    <p class='ocr_par' dir='ltr' id='par_1_110' title="bbox 2109 5450 3766 5527">
     <span class='ocr_line' id='line_1_110' title="bbox 2109 5450 3766 5527; baseline 0.002 -19"><span class='ocrx_word' id='word_1_768' title='bbox 2109 5453 2201 5511; x_wconf 90' lang='lat' dir='ltr'>nis</span> <span class='ocrx_word' id='word_1_769' title='bbox 2221 5457 2279 5511; x_wconf 89' lang='lat' dir='ltr'>et</span> <span class='ocrx_word' id='word_1_770' title='bbox 2300 5454 2593 5511; x_wconf 85' lang='lat' dir='ltr'>memoria</span> <span class='ocrx_word' id='word_1_771' title='bbox 2624 5453 2995 5527; x_wconf 89' lang='lat' dir='ltr'>compendio,</span> <span class='ocrx_word' id='word_1_772' title='bbox 3016 5451 3204 5509; x_wconf 87' lang='lat' dir='ltr'>oratio</span> <span class='ocrx_word' id='word_1_773' title='bbox 3228 5456 3436 5509; x_wconf 87' lang='lat' dir='ltr'>nostra</span> <span class='ocrx_word' id='word_1_774' title='bbox 3456 5450 3766 5526; x_wconf 79' lang='lat' dir='ltr'>complexa</span> 
     </span>
    </p>
   </div>
   <div class='ocr_carea' id='block_1_111' title="bbox 2105 5550 2214 5603">
    <p class='ocr_par' dir='ltr' id='par_1_111' title="bbox 2105 5550 2214 5603">
     <span class='ocr_line' id='line_1_111' title="bbox 2105 5550 2214 5603; baseline -0.046 0"><span class='ocrx_word' id='word_1_775' title='bbox 2105 5550 2214 5603; x_wconf 90' lang='lat' dir='ltr'>est.</span> 
     </span>
    </p>
   </div>
   <div class='ocr_carea' id='block_1_112' title="bbox 3544 6238 4076 6384">
    <p class='ocr_par' dir='ltr' id='par_1_112' title="bbox 3692 6238 3925 6267">
     <span class='ocr_line' id='line_1_112' title="bbox 3692 6238 3925 6267; baseline 0 -4"><span class='ocrx_word' id='word_1_776' title='bbox 3692 6252 3721 6257; x_wconf 57' lang='grc' dir='ltr'>-ν</span> <span class='ocrx_word' id='word_1_777' title='bbox 3738 6238 3865 6267; x_wconf 24' lang='grc' dir='ltr'>νιν-μ--νυ</span> <span class='ocrx_word' id='word_1_778' title='bbox 3888 6260 3891 6263; x_wconf 98' lang='grc'>.</span> <span class='ocrx_word' id='word_1_779' title='bbox 3918 6244 3925 6247; x_wconf 80' lang='grc'><strong><em>“</em></strong></span> 
     </span>
    </p>

    <p class='ocr_par' dir='ltr' id='par_1_113' title="bbox 3610 6266 4011 6329">
     <span class='ocr_line' id='line_1_113' title="bbox 3692 6266 3959 6289; baseline 0 -16"><span class='ocrx_word' id='word_1_780' title='bbox 3692 6270 3731 6289; x_wconf 41' lang='grc' dir='ltr'>Ἤ,</span> <span class='ocrx_word' id='word_1_781' title='bbox 3768 6266 3795 6279; x_wconf 30' lang='grc' dir='ltr'>ν.</span> <span class='ocrx_word' id='word_1_782' title='bbox 3824 6268 3829 6273; x_wconf 83' lang='grc'><strong>.</strong></span> <span class='ocrx_word' id='word_1_783' title='bbox 3950 6276 3959 6281; x_wconf 55' lang='grc'><strong>,</strong></span> 
     </span>
     <span class='ocr_line' id='line_1_114' title="bbox 3620 6288 4011 6309; baseline 0.005 -6"><span class='ocrx_word' id='word_1_784' title='bbox 3620 6290 3631 6295; x_wconf 65' lang='grc' dir='ltr'>ί</span> <span class='ocrx_word' id='word_1_785' title='bbox 3700 6288 3745 6309; x_wconf 47' lang='grc' dir='ltr'>ηιμ</span> <span class='ocrx_word' id='word_1_786' title='bbox 3976 6294 3983 6301; x_wconf 76' lang='grc' dir='ltr'>ι</span> <span class='ocrx_word' id='word_1_787' title='bbox 4010 6302 4011 6305; x_wconf 51' lang='grc' dir='ltr'><strong>η</strong></span> 
     </span>
     <span class='ocr_line' id='line_1_115' title="bbox 3610 6312 3683 6329; baseline 0.014 -2"><span class='ocrx_word' id='word_1_788' title='bbox 3610 6312 3683 6329; x_wconf 39' lang='grc' dir='ltr'>“ί1¹*¹λκ</span> 
     </span>
    </p>

    <p class='ocr_par' dir='ltr' id='par_1_114' title="bbox 3544 6242 4072 6384">
     <span class='ocr_line' id='line_1_116' title="bbox 3544 6242 4072 6384; baseline 0 -8"><span class='ocrx_word' id='word_1_789' title='bbox 3544 6372 3586 6380; x_wconf 59' lang='lat'>-</span> <span class='ocrx_word' id='word_1_790' title='bbox 3606 6242 4072 6384; x_wconf 37' lang='grc' dir='ltr'><strong><em>«ὠ</em></strong></span> 
     </span>
    </p>
   </div>
  </div>
