  <div class='ocr_page' id='page_1' title='image "/cluster/home/n/w/nwhite01/storage/ocr_20150623/143:no.1/coo.31924054870484/440.png"; bbox 0 0 4080 6414; ppageno 0'>
   <div class='ocr_carea' id='block_1_1' title="bbox 345 437 456 494">
    <p class='ocr_par' dir='ltr' id='par_1_1' title="bbox 345 437 456 494">
     <span class='ocr_line' id='line_1_1' title="bbox 345 437 456 494; baseline 0 0"><span class='ocrx_word' id='word_1_1' title='bbox 345 437 456 494; x_wconf 84' lang='grc'>865</span> 
     </span>
    </p>
   </div>
   <div class='ocr_carea' id='block_1_2' title="bbox 1017 613 1362 674">
    <p class='ocr_par' dir='ltr' id='par_1_2' title="bbox 1017 613 1362 674">
     <span class='ocr_line' id='line_1_2' title="bbox 1017 613 1362 674; baseline -0.017 0"><span class='ocrx_word' id='word_1_2' title='bbox 1017 613 1362 674; x_wconf 69' lang='grc' dir='ltr'>ἐστέλλοντο.</span> 
     </span>
    </p>
   </div>
   <div class='ocr_carea' id='block_1_3' title="bbox 428 707 2015 811">
    <p class='ocr_par' dir='ltr' id='par_1_3' title="bbox 428 707 2015 811">
     <span class='ocr_line' id='line_1_3' title="bbox 428 707 2015 811; baseline -0.023 -16"><span class='ocrx_word' id='word_1_3' title='bbox 428 743 512 811; x_wconf 85' lang='grc' dir='ltr'>[Ρ.</span> <span class='ocrx_word' id='word_1_4' title='bbox 561 737 689 808; x_wconf 82' lang='grc'>2⁸78]</span> <span class='ocrx_word' id='word_1_5' title='bbox 742 733 800 786; x_wconf 78' lang='grc' dir='ltr'>Ὀ</span> <span class='ocrx_word' id='word_1_6' title='bbox 865 729 1047 804; x_wconf 69' lang='grc' dir='ltr'>μέντοι</span> <span class='ocrx_word' id='word_1_7' title='bbox 1100 744 1165 798; x_wconf 89' lang='grc' dir='ltr'>γε</span> <span class='ocrx_word' id='word_1_8' title='bbox 1229 716 1482 811; x_wconf 73' lang='grc' dir='ltr'>βασιλεὺς</span> <span class='ocrx_word' id='word_1_9' title='bbox 1510 707 2015 811; x_wconf 28' lang='grc' dir='ltr'>πρέϐελιςκεύτρεπι-</span> 
     </span>
    </p>
   </div>
   <div class='ocr_carea' id='block_1_4' title="bbox 353 799 2017 892">
    <p class='ocr_par' dir='ltr' id='par_1_4' title="bbox 353 799 2017 892">
     <span class='ocr_line' id='line_1_4' title="bbox 353 799 2017 892; baseline -0.023 -6"><span class='ocrx_word' id='word_1_10' title='bbox 353 850 446 892; x_wconf 88' lang='grc' dir='ltr'>σας</span> <span class='ocrx_word' id='word_1_11' title='bbox 504 820 836 882; x_wconf 71' lang='grc' dir='ltr'>ἀποστέλλει</span> <span class='ocrx_word' id='word_1_12' title='bbox 894 819 1032 892; x_wconf 86' lang='grc' dir='ltr'>πρὸς</span> <span class='ocrx_word' id='word_1_13' title='bbox 1094 813 1340 877; x_wconf 82' lang='grc' dir='ltr'>πάππαν,</span> <span class='ocrx_word' id='word_1_14' title='bbox 1389 803 1502 878; x_wconf 75' lang='grc' dir='ltr'>ἅμα</span> <span class='ocrx_word' id='word_1_15' title='bbox 1536 803 1628 876; x_wconf 71' lang='grc' dir='ltr'>μὲν</span> <span class='ocrx_word' id='word_1_16' title='bbox 1663 799 2017 870; x_wconf 79' lang='grc' dir='ltr'>δηλώσοντας</span> 
     </span>
    </p>
   </div>
   <div class='ocr_carea' id='block_1_5' title="bbox 352 886 2018 987">
    <p class='ocr_par' dir='ltr' id='par_1_5' title="bbox 352 886 2018 987">
     <span class='ocr_line' id='line_1_5' title="bbox 352 886 2018 987; baseline -0.022 -12"><span class='ocrx_word' id='word_1_17' title='bbox 352 921 448 976; x_wconf 80' lang='grc' dir='ltr'>τὸν</span> <span class='ocrx_word' id='word_1_18' title='bbox 503 922 607 984; x_wconf 80' lang='grc' dir='ltr'>τῆς</span> <span class='ocrx_word' id='word_1_19' title='bbox 661 911 907 987; x_wconf 84' lang='grc' dir='ltr'>πράξεως</span> <span class='ocrx_word' id='word_1_20' title='bbox 967 899 1352 972; x_wconf 86' lang='grc' dir='ltr'>ἐπιτελεσμὸν,</span> <span class='ocrx_word' id='word_1_21' title='bbox 1413 895 1525 966; x_wconf 78' lang='grc' dir='ltr'>ἃμα</span> <span class='ocrx_word' id='word_1_22' title='bbox 1577 890 1754 945; x_wconf 77' lang='grc' dir='ltr'>δὲκαὶ</span> <span class='ocrx_word' id='word_1_23' title='bbox 1784 887 1852 944; x_wconf 71' lang='grc' dir='ltr'>τὰ</span> <span class='ocrx_word' id='word_1_24' title='bbox 1881 886 2018 941; x_wconf 74' lang='grc' dir='ltr'>κατὰ</span> 
     </span>
    </p>
   </div>
   <div class='ocr_carea' id='block_1_6' title="bbox 354 979 2014 1080">
    <p class='ocr_par' dir='ltr' id='par_1_6' title="bbox 354 979 2014 1080">
     <span class='ocr_line' id='line_1_6' title="bbox 354 979 2014 1080; baseline -0.023 -15"><span class='ocrx_word' id='word_1_25' title='bbox 354 1009 448 1066; x_wconf 77' lang='grc' dir='ltr'>τὸν</span> <span class='ocrx_word' id='word_1_26' title='bbox 494 999 778 1080; x_wconf 86' lang='grc' dir='ltr'>Κάρουλον</span> <span class='ocrx_word' id='word_1_27' title='bbox 836 992 1254 1071; x_wconf 85' lang='grc' dir='ltr'>μαθησείοντας,</span> <span class='ocrx_word' id='word_1_28' title='bbox 1307 987 1352 1041; x_wconf 84' lang='grc' dir='ltr'>εἰ</span> <span class='ocrx_word' id='word_1_29' title='bbox 1395 987 1675 1059; x_wconf 75' lang='grc' dir='ltr'>κάουφῆκε</span> <span class='ocrx_word' id='word_1_30' title='bbox 1703 985 1803 1047; x_wconf 77' lang='grc' dir='ltr'>τῆς</span> <span class='ocrx_word' id='word_1_31' title='bbox 1834 979 2014 1052; x_wconf 81' lang='grc' dir='ltr'>ὁρμῆς</span> 
     </span>
     <span class='ocr_line' id='line_1_7' title="bbox 1295 1063 2007 1080; baseline -0.018 13"><span class='ocrx_word' id='word_1_32' title='bbox 1295 1077 1304 1080; x_wconf 94' lang='grc'><strong><em>-</em></strong></span> <span class='ocrx_word' id='word_1_33' title='bbox 1531 1073 1544 1080; x_wconf 89' lang='grc'><strong><em>-</em></strong></span> <span class='ocrx_word' id='word_1_34' title='bbox 1664 1068 1720 1080; x_wconf 62' lang='grc' dir='ltr'>ς.</span> <span class='ocrx_word' id='word_1_35' title='bbox 1866 1067 1922 1080; x_wconf 66' lang='grc' dir='ltr'>Λ.</span> <span class='ocrx_word' id='word_1_36' title='bbox 1965 1063 2007 1080; x_wconf 53' lang='grc' dir='ltr'>δ,</span> 
     </span>
    </p>
   </div>
   <div class='ocr_carea' id='block_1_7' title="bbox 355 1063 2019 1165">
    <p class='ocr_par' dir='ltr' id='par_1_7' title="bbox 355 1063 2019 1165">
     <span class='ocr_line' id='line_1_8' title="bbox 355 1063 2019 1165; baseline -0.022 -12"><span class='ocrx_word' id='word_1_37' title='bbox 355 1063 712 1165; x_wconf 43' lang='grc' dir='ltr'>ἐκείνηςικαὶ</span> <span class='ocrx_word' id='word_1_38' title='bbox 771 1089 907 1161; x_wconf 86' lang='grc' dir='ltr'>πρὸς</span> <span class='ocrx_word' id='word_1_39' title='bbox 963 1085 1028 1138; x_wconf 79' lang='grc' dir='ltr'>τὸ</span> <span class='ocrx_word' id='word_1_40' title='bbox 1083 1077 1464 1150; x_wconf 74' lang='grc' dir='ltr'>ταπεινότερον</span> <span class='ocrx_word' id='word_1_41' title='bbox 1525 1068 1816 1137; x_wconf 82' lang='grc' dir='ltr'>ὑπεκλίθη.</span> <span class='ocrx_word' id='word_1_42' title='bbox 1863 1067 1929 1124; x_wconf 72' lang='grc' dir='ltr'>Οἳ</span> <span class='ocrx_word' id='word_1_43' title='bbox 1961 1063 2019 1120; x_wconf 79' lang='grc' dir='ltr'>δὲ</span> 
     </span>
    </p>
   </div>
   <div class='ocr_carea' id='block_1_8' title="bbox 359 1155 2016 1262">
    <p class='ocr_par' dir='ltr' id='par_1_8' title="bbox 359 1155 2016 1262">
     <span class='ocr_line' id='line_1_9' title="bbox 359 1155 2016 1262; baseline -0.022 -20"><span class='ocrx_word' id='word_1_44' title='bbox 359 1182 792 1262; x_wconf 87' lang='grc' dir='ltr'>παραγενόμενοι</span> <span class='ocrx_word' id='word_1_45' title='bbox 819 1177 888 1230; x_wconf 79' lang='grc' dir='ltr'>τά</span> <span class='ocrx_word' id='word_1_46' title='bbox 940 1174 1034 1248; x_wconf 67' lang='grc' dir='ltr'>μὲν</span> <span class='ocrx_word' id='word_1_47' title='bbox 1080 1174 1180 1235; x_wconf 80' lang='grc' dir='ltr'>τῆς</span> <span class='ocrx_word' id='word_1_48' title='bbox 1226 1167 1455 1241; x_wconf 77' lang='grc' dir='ltr'>εἰρήνης</span> <span class='ocrx_word' id='word_1_49' title='bbox 1503 1159 1850 1231; x_wconf 83' lang='grc' dir='ltr'>δηλώσαντες</span> <span class='ocrx_word' id='word_1_50' title='bbox 1881 1155 2016 1208; x_wconf 83' lang='grc' dir='ltr'>ἀπε-</span> 
     </span>
     <span class='ocr_line' id='line_1_10' title="bbox 985 1243 1939 1262; baseline -0.02 0"><span class='ocrx_word' id='word_1_51' title='bbox 985 1260 1003 1262; x_wconf 62' lang='lat'>,_</span> <span class='ocrx_word' id='word_1_52' title='bbox 1260 1254 1300 1262; x_wconf 59' lang='lat'>_,</span> <span class='ocrx_word' id='word_1_53' title='bbox 1365 1255 1378 1262; x_wconf 88' lang='lat'><em>_</em></span> <span class='ocrx_word' id='word_1_54' title='bbox 1451 1257 1472 1262; x_wconf 35' lang='grc' dir='ltr'>μ</span> <span class='ocrx_word' id='word_1_55' title='bbox 1625 1250 1636 1262; x_wconf 53' lang='grc'>,</span> <span class='ocrx_word' id='word_1_56' title='bbox 1737 1246 1806 1262; x_wconf 51' lang='grc' dir='ltr'>η,</span> <span class='ocrx_word' id='word_1_57' title='bbox 1920 1243 1939 1262; x_wconf 38' lang='grc' dir='ltr'>η</span> 
     </span>
    </p>
   </div>
   <div class='ocr_carea' id='block_1_9' title="bbox 362 1243 2016 1350">
    <p class='ocr_par' dir='ltr' id='par_1_9' title="bbox 362 1243 2016 1350">
     <span class='ocr_line' id='line_1_11' title="bbox 362 1243 2016 1350; baseline -0.021 -19"><span class='ocrx_word' id='word_1_58' title='bbox 362 1243 654 1350; x_wconf 40' lang='grc' dir='ltr'>δέὶθησαν,</span> <span class='ocrx_word' id='word_1_59' title='bbox 715 1260 1198 1337; x_wconf 71' lang='grc' dir='ltr'>καταλαμϐάνουσι</span> <span class='ocrx_word' id='word_1_60' title='bbox 1257 1254 1300 1311; x_wconf 90' lang='grc' dir='ltr'>δ’</span> <span class='ocrx_word' id='word_1_61' title='bbox 1363 1255 1532 1308; x_wconf 81' lang='grc' dir='ltr'>ἐκεῖσε</span> <span class='ocrx_word' id='word_1_62' title='bbox 1588 1250 1677 1304; x_wconf 87' lang='grc' dir='ltr'>τὸν</span> <span class='ocrx_word' id='word_1_63' title='bbox 1737 1243 2016 1321; x_wconf 83' lang='grc' dir='ltr'>Κάρουλον</span> 
     </span>
    </p>
   </div>
   <div class='ocr_carea' id='block_1_10' title="bbox 364 1333 2019 1436">
    <p class='ocr_par' dir='ltr' id='par_1_10' title="bbox 364 1333 2019 1436">
     <span class='ocr_line' id='line_1_12' title="bbox 426 1333 941 1350; baseline -0.017 -4"><span class='ocrx_word' id='word_1_64' title='bbox 426 1333 532 1350; x_wconf 64' lang='grc' dir='ltr'>η..</span> <span class='ocrx_word' id='word_1_65' title='bbox 642 1333 652 1340; x_wconf 83' lang='lat'>.</span> <span class='ocrx_word' id='word_1_66' title='bbox 932 1333 941 1337; x_wconf 89' lang='lat'>_</span> 
     </span>
     <span class='ocr_line' id='line_1_13' title="bbox 364 1333 2019 1436; baseline -0.019 -18"><span class='ocrx_word' id='word_1_67' title='bbox 364 1366 540 1436; x_wconf 82' lang='grc' dir='ltr'>θυμοῦ</span> <span class='ocrx_word' id='word_1_68' title='bbox 599 1360 830 1414; x_wconf 83' lang='grc' dir='ltr'>πνέοντα</span> <span class='ocrx_word' id='word_1_69' title='bbox 883 1353 974 1408; x_wconf 84' lang='grc' dir='ltr'>καὶ</span> <span class='ocrx_word' id='word_1_70' title='bbox 1033 1349 1282 1424; x_wconf 81' lang='grc' dir='ltr'>λιπαρῶς</span> <span class='ocrx_word' id='word_1_71' title='bbox 1337 1347 1417 1416; x_wconf 75' lang='grc' dir='ltr'>τῷ</span> <span class='ocrx_word' id='word_1_72' title='bbox 1473 1342 1668 1409; x_wconf 76' lang='grc' dir='ltr'>πάππα</span> <span class='ocrx_word' id='word_1_73' title='bbox 1692 1333 2019 1411; x_wconf 84' lang='grc' dir='ltr'>προσκείμε-</span> 
     </span>
    </p>
   </div>
   <div class='ocr_carea' id='block_1_11' title="bbox 363 1424 2020 1523">
    <p class='ocr_par' dir='ltr' id='par_1_11' title="bbox 363 1424 2020 1523">
     <span class='ocr_line' id='line_1_14' title="bbox 363 1424 2020 1523; baseline -0.021 -13"><span class='ocrx_word' id='word_1_74' title='bbox 363 1475 467 1510; x_wconf 89' lang='grc' dir='ltr'>νον·</span> <span class='ocrx_word' id='word_1_75' title='bbox 501 1451 589 1506; x_wconf 81' lang='grc' dir='ltr'>καὶ</span> <span class='ocrx_word' id='word_1_76' title='bbox 635 1444 1120 1523; x_wconf 78' lang='grc' dir='ltr'>προσλιπαροῦντα</span> <span class='ocrx_word' id='word_1_77' title='bbox 1175 1437 1377 1511; x_wconf 77' lang='grc' dir='ltr'>ἐφεῖναι</span> <span class='ocrx_word' id='word_1_78' title='bbox 1432 1430 1612 1501; x_wconf 73' lang='grc' dir='ltr'>τούτῳ</span> <span class='ocrx_word' id='word_1_79' title='bbox 1658 1429 1758 1496; x_wconf 77' lang='grc' dir='ltr'>τὴν</span> <span class='ocrx_word' id='word_1_80' title='bbox 1804 1424 1892 1478; x_wconf 82' lang='grc' dir='ltr'>ἐπὶ</span> <span class='ocrx_word' id='word_1_81' title='bbox 1919 1425 2020 1492; x_wconf 79' lang='grc' dir='ltr'>τὴν</span> 
     </span>
    </p>
   </div>
   <div class='ocr_carea' id='block_1_12' title="bbox 364 1517 2019 1604">
    <p class='ocr_par' dir='ltr' id='par_1_12' title="bbox 364 1517 2019 1604">
     <span class='ocr_line' id='line_1_15' title="bbox 364 1517 2019 1604; baseline -0.021 -5"><span class='ocrx_word' id='word_1_82' title='bbox 364 1544 529 1598; x_wconf 72' lang='grc' dir='ltr'>πόλιν</span> <span class='ocrx_word' id='word_1_83' title='bbox 575 1535 880 1594; x_wconf 85' lang='grc' dir='ltr'>ἐπέλευσιν.</span> <span class='ocrx_word' id='word_1_84' title='bbox 929 1531 1150 1604; x_wconf 85' lang='grc' dir='ltr'>Ἑώρων</span> <span class='ocrx_word' id='word_1_85' title='bbox 1199 1524 1290 1580; x_wconf 74' lang='grc' dir='ltr'>οὖν</span> <span class='ocrx_word' id='word_1_86' title='bbox 1342 1524 1545 1577; x_wconf 83' lang='grc' dir='ltr'>ἐκεῖνον</span> <span class='ocrx_word' id='word_1_87' title='bbox 1598 1517 1867 1590; x_wconf 85' lang='grc' dir='ltr'>ὁσημέραι</span> <span class='ocrx_word' id='word_1_88' title='bbox 1913 1517 2019 1566; x_wconf 83' lang='grc' dir='ltr'>τῶν</span> 
     </span>
    </p>
   </div>
   <div class='ocr_carea' id='block_1_13' title="bbox 365 1604 2019 1695">
    <p class='ocr_par' dir='ltr' id='par_1_13' title="bbox 365 1604 2019 1695">
     <span class='ocr_line' id='line_1_16' title="bbox 365 1604 2019 1695; baseline -0.021 -7"><span class='ocrx_word' id='word_1_89' title='bbox 365 1629 555 1687; x_wconf 81' lang='grc' dir='ltr'>ποδῶν</span> <span class='ocrx_word' id='word_1_90' title='bbox 586 1631 685 1683; x_wconf 77' lang='grc' dir='ltr'>τοῦ</span> <span class='ocrx_word' id='word_1_91' title='bbox 717 1627 914 1680; x_wconf 85' lang='grc' dir='ltr'>πάππα</span> <span class='ocrx_word' id='word_1_92' title='bbox 962 1612 1526 1695; x_wconf 58' lang='grc' dir='ltr'>προκυλινδούμενον,</span> <span class='ocrx_word' id='word_1_93' title='bbox 1557 1606 1647 1663; x_wconf 82' lang='grc' dir='ltr'>καὶ</span> <span class='ocrx_word' id='word_1_94' title='bbox 1679 1604 1731 1667; x_wconf 89' lang='grc' dir='ltr'>ἐς</span> <span class='ocrx_word' id='word_1_95' title='bbox 1764 1607 2019 1658; x_wconf 71' lang='grc' dir='ltr'>τοσοῦτον</span> 
     </span>
    </p>
   </div>
   <div class='ocr_carea' id='block_1_14' title="bbox 364 1695 2026 1793">
    <p class='ocr_par' dir='ltr' id='par_1_14' title="bbox 364 1695 2026 1793">
     <span class='ocr_line' id='line_1_17' title="bbox 364 1695 2026 1793; baseline -0.021 -15"><span class='ocrx_word' id='word_1_96' title='bbox 364 1726 486 1783; x_wconf 91' lang='grc' dir='ltr'>ταῖς</span> <span class='ocrx_word' id='word_1_97' title='bbox 537 1717 751 1793; x_wconf 81' lang='grc' dir='ltr'>μανίαις</span> <span class='ocrx_word' id='word_1_98' title='bbox 805 1709 1212 1785; x_wconf 82' lang='grc' dir='ltr'>συνισχημένον</span> <span class='ocrx_word' id='word_1_99' title='bbox 1263 1702 1401 1758; x_wconf 80' lang='grc' dir='ltr'>ὥστε</span> <span class='ocrx_word' id='word_1_100' title='bbox 1448 1700 1536 1754; x_wconf 84' lang='grc' dir='ltr'>καὶ</span> <span class='ocrx_word' id='word_1_101' title='bbox 1587 1697 1648 1751; x_wconf 82' lang='grc' dir='ltr'>τὸ</span> <span class='ocrx_word' id='word_1_102' title='bbox 1697 1695 1796 1749; x_wconf 76' lang='grc' dir='ltr'>ἀνὰ</span> <span class='ocrx_word' id='word_1_103' title='bbox 1834 1697 2026 1768; x_wconf 85' lang='grc' dir='ltr'>χεῖρας</span> 
     </span>
    </p>
   </div>
   <div class='ocr_carea' id='block_1_15' title="bbox 372 1782 2022 1884">
    <p class='ocr_par' dir='ltr' id='par_1_15' title="bbox 372 1782 2022 1884">
     <span class='ocr_line' id='line_1_18' title="bbox 372 1782 2022 1884; baseline -0.021 -17"><span class='ocrx_word' id='word_1_104' title='bbox 372 1818 670 1884; x_wconf 79' lang='grc' dir='ltr'>σκῆπτρον,</span> <span class='ocrx_word' id='word_1_105' title='bbox 705 1807 734 1860; x_wconf 80' lang='grc' dir='ltr'>ὅ</span> <span class='ocrx_word' id='word_1_106' title='bbox 774 1803 1000 1872; x_wconf 75' lang='grc' dir='ltr'>σύνηθες</span> <span class='ocrx_word' id='word_1_107' title='bbox 1053 1799 1270 1873; x_wconf 82' lang='grc' dir='ltr'>κρατεῖν</span> <span class='ocrx_word' id='word_1_108' title='bbox 1326 1795 1444 1852; x_wconf 90' lang='grc' dir='ltr'>τοῖς</span> <span class='ocrx_word' id='word_1_109' title='bbox 1495 1791 1602 1842; x_wconf 87' lang='grc' dir='ltr'>τῶν</span> <span class='ocrx_word' id='word_1_110' title='bbox 1663 1782 1886 1841; x_wconf 80' lang='grc' dir='ltr'>Ἰταλῶν</span> <span class='ocrx_word' id='word_1_111' title='bbox 1929 1801 2022 1854; x_wconf 90' lang='grc' dir='ltr'>με-</span> 
     </span>
    </p>
   </div>
   <div class='ocr_carea' id='block_1_16' title="bbox 370 1869 2025 1975">
    <p class='ocr_par' dir='ltr' id='par_1_16' title="bbox 370 1869 2025 1975">
     <span class='ocr_line' id='line_1_19' title="bbox 370 1869 2025 1975; baseline -0.021 -19"><span class='ocrx_word' id='word_1_112' title='bbox 370 1905 636 1975; x_wconf 71' lang='grc' dir='ltr'>γιστᾶσιν,</span> <span class='ocrx_word' id='word_1_113' title='bbox 689 1892 903 1950; x_wconf 76' lang='grc' dir='ltr'>ὀδοῦσιν</span> <span class='ocrx_word' id='word_1_114' title='bbox 965 1888 1024 1942; x_wconf 86' lang='grc' dir='ltr'>ἐκ</span> <span class='ocrx_word' id='word_1_115' title='bbox 1079 1883 1270 1960; x_wconf 85' lang='grc' dir='ltr'>μανίας</span> <span class='ocrx_word' id='word_1_116' title='bbox 1327 1882 1680 1956; x_wconf 78' lang='grc' dir='ltr'>καταφαγεῖν,</span> <span class='ocrx_word' id='word_1_117' title='bbox 1714 1869 1899 1940; x_wconf 82' lang='grc' dir='ltr'>ἐπειδὴ</span> <span class='ocrx_word' id='word_1_118' title='bbox 1935 1869 2025 1925; x_wconf 91' lang='grc' dir='ltr'>λι-</span> 
     </span>
     <span class='ocr_line' id='line_1_20' title="bbox 1182 1957 1978 1975; baseline -0.019 0"><span class='ocrx_word' id='word_1_119' title='bbox 1182 1974 1188 1975; x_wconf 62' lang='lat'>,</span> <span class='ocrx_word' id='word_1_120' title='bbox 1459 1969 1468 1975; x_wconf 87' lang='lat'><em>_</em></span> <span class='ocrx_word' id='word_1_121' title='bbox 1559 1962 1607 1975; x_wconf 47' lang='grc' dir='ltr'>,η</span> <span class='ocrx_word' id='word_1_122' title='bbox 1651 1961 1674 1975; x_wconf 35' lang='grc' dir='ltr'><strong>κ</strong></span> <span class='ocrx_word' id='word_1_123' title='bbox 1888 1957 1916 1975; x_wconf 65' lang='grc' dir='ltr'><em>ο</em></span> <span class='ocrx_word' id='word_1_124' title='bbox 1960 1958 1978 1975; x_wconf 34' lang='grc' dir='ltr'>κ</span> 
     </span>
    </p>
   </div>
   <div class='ocr_carea' id='block_1_17' title="bbox 376 1957 2022 2053">
    <p class='ocr_par' dir='ltr' id='par_1_17' title="bbox 376 1957 2022 2053">
     <span class='ocr_line' id='line_1_21' title="bbox 385 1957 1088 1975; baseline -0.02 -1"><span class='ocrx_word' id='word_1_125' title='bbox 385 1957 396 1975; x_wconf 90' lang='grc'><strong>.</strong></span> <span class='ocrx_word' id='word_1_126' title='bbox 625 1957 636 1968; x_wconf 89' lang='grc'><strong><em>,</em></strong></span> <span class='ocrx_word' id='word_1_127' title='bbox 1081 1957 1088 1960; x_wconf 24' lang='grc' dir='ltr'>ι</span> 
     </span>
     <span class='ocr_line' id='line_1_22' title="bbox 376 1957 2022 2053; baseline -0.02 -9"><span class='ocrx_word' id='word_1_128' title='bbox 376 1988 614 2043; x_wconf 78' lang='grc' dir='ltr'>τανεύων</span> <span class='ocrx_word' id='word_1_129' title='bbox 675 1983 761 2039; x_wconf 81' lang='grc' dir='ltr'>καὶ</span> <span class='ocrx_word' id='word_1_130' title='bbox 817 1982 918 2050; x_wconf 77' lang='grc' dir='ltr'>τήν</span> <span class='ocrx_word' id='word_1_131' title='bbox 974 1979 1111 2053; x_wconf 84' lang='grc' dir='ltr'>πρὸς</span> <span class='ocrx_word' id='word_1_132' title='bbox 1169 1969 1510 2047; x_wconf 82' lang='grc' dir='ltr'>ἀπαρτισμὸν</span> <span class='ocrx_word' id='word_1_133' title='bbox 1559 1961 1738 2036; x_wconf 79' lang='grc' dir='ltr'>ἔξοδον</span> <span class='ocrx_word' id='word_1_134' title='bbox 1771 1957 2022 2038; x_wconf 72' lang='grc' dir='ltr'>προϐαλ-</span> 
     </span>
    </p>
   </div>
   <div class='ocr_carea' id='block_1_18' title="bbox 377 2047 2026 2151">
    <p class='ocr_par' dir='ltr' id='par_1_18' title="bbox 377 2047 2026 2151">
     <span class='ocr_line' id='line_1_23' title="bbox 377 2047 2026 2151; baseline -0.02 -17"><span class='ocrx_word' id='word_1_135' title='bbox 377 2078 614 2151; x_wconf 75' lang='grc' dir='ltr'>λόμενος</span> <span class='ocrx_word' id='word_1_136' title='bbox 677 2073 767 2128; x_wconf 84' lang='grc' dir='ltr'>καὶ</span> <span class='ocrx_word' id='word_1_137' title='bbox 825 2067 1122 2145; x_wconf 81' lang='grc' dir='ltr'>προτείνων</span> <span class='ocrx_word' id='word_1_138' title='bbox 1180 2063 1247 2118; x_wconf 82' lang='grc' dir='ltr'>τὰ</span> <span class='ocrx_word' id='word_1_139' title='bbox 1302 2061 1469 2114; x_wconf 75' lang='grc' dir='ltr'>αὐτοῦ</span> <span class='ocrx_word' id='word_1_140' title='bbox 1529 2054 1707 2110; x_wconf 87' lang='grc' dir='ltr'>δίκαια</span> <span class='ocrx_word' id='word_1_141' title='bbox 1737 2047 2026 2110; x_wconf 77' lang='grc' dir='ltr'>οὐδ’ὅλως</span> 
     </span>
    </p>
   </div>
   <div class='ocr_carea' id='block_1_19' title="bbox 371 2141 2030 2221">
    <p class='ocr_par' dir='ltr' id='par_1_19' title="bbox 371 2141 2030 2221">
     <span class='ocr_line' id='line_1_24' title="bbox 371 2141 2030 2221; baseline -0.019 1"><span class='ocrx_word' id='word_1_142' title='bbox 371 2168 463 2221; x_wconf 84' lang='grc' dir='ltr'>τὸν</span> <span class='ocrx_word' id='word_1_143' title='bbox 496 2165 719 2219; x_wconf 84' lang='grc' dir='ltr'>πάππαν</span> <span class='ocrx_word' id='word_1_144' title='bbox 781 2154 986 2214; x_wconf 79' lang='grc' dir='ltr'>ἔπειθεν</span> <span class='ocrx_word' id='word_1_145' title='bbox 1051 2150 1334 2219; x_wconf 71' lang='grc' dir='ltr'>ἀπολύειν,</span> <span class='ocrx_word' id='word_1_146' title='bbox 1394 2145 1518 2202; x_wconf 89' lang='grc' dir='ltr'>ἀλλ’</span> <span class='ocrx_word' id='word_1_147' title='bbox 1567 2145 1633 2212; x_wconf 78' lang='grc' dir='ltr'>ἦν</span> <span class='ocrx_word' id='word_1_148' title='bbox 1683 2141 1830 2216; x_wconf 83' lang='grc' dir='ltr'>παρά</span> <span class='ocrx_word' id='word_1_149' title='bbox 1860 2143 2030 2215; x_wconf 73' lang='grc' dir='ltr'>κωφῷ</span> 
     </span>
    </p>
   </div>
   <div class='ocr_carea' id='block_1_20' title="bbox 375 2231 2026 2331">
    <p class='ocr_par' dir='ltr' id='par_1_20' title="bbox 375 2231 2026 2331">
     <span class='ocr_line' id='line_1_25' title="bbox 375 2231 2026 2331; baseline -0.019 -19"><span class='ocrx_word' id='word_1_150' title='bbox 375 2255 576 2331; x_wconf 70' lang='grc' dir='ltr'>λέγων.</span> <span class='ocrx_word' id='word_1_151' title='bbox 631 2253 934 2324; x_wconf 79' lang='grc' dir='ltr'>Ἀντεπῆγε</span> <span class='ocrx_word' id='word_1_152' title='bbox 987 2245 1090 2321; x_wconf 79' lang='grc' dir='ltr'>γὰρ</span> <span class='ocrx_word' id='word_1_153' title='bbox 1145 2241 1235 2297; x_wconf 80' lang='grc' dir='ltr'>καὶ</span> <span class='ocrx_word' id='word_1_154' title='bbox 1291 2241 1319 2294; x_wconf 88' lang='grc' dir='ltr'>ὁ</span> <span class='ocrx_word' id='word_1_155' title='bbox 1371 2235 1594 2295; x_wconf 84' lang='grc' dir='ltr'>πάππας</span> <span class='ocrx_word' id='word_1_156' title='bbox 1639 2234 1707 2287; x_wconf 68' lang='grc' dir='ltr'>τὰ</span> <span class='ocrx_word' id='word_1_157' title='bbox 1756 2231 1887 2303; x_wconf 70' lang='grc' dir='ltr'>ὑπὲρ</span> <span class='ocrx_word' id='word_1_158' title='bbox 1919 2232 2026 2282; x_wconf 86' lang='grc' dir='ltr'>τῶν</span> 
     </span>
    </p>
   </div>
   <div class='ocr_carea' id='block_1_21' title="bbox 375 2319 2031 2421">
    <p class='ocr_par' dir='ltr' id='par_1_21' title="bbox 375 2319 2031 2421">
     <span class='ocr_line' id='line_1_26' title="bbox 375 2319 2031 2421; baseline -0.018 -22"><span class='ocrx_word' id='word_1_159' title='bbox 375 2347 621 2421; x_wconf 79' lang='grc' dir='ltr'>Γραικῶν</span> <span class='ocrx_word' id='word_1_160' title='bbox 682 2337 884 2406; x_wconf 80' lang='grc' dir='ltr'>δίκαια,</span> <span class='ocrx_word' id='word_1_161' title='bbox 944 2337 1020 2398; x_wconf 84' lang='grc' dir='ltr'>ὡς</span> <span class='ocrx_word' id='word_1_162' title='bbox 1095 2331 1307 2388; x_wconf 76' lang='grc' dir='ltr'>ἐκείνων</span> <span class='ocrx_word' id='word_1_163' title='bbox 1370 2325 1500 2381; x_wconf 76' lang='grc' dir='ltr'>οὖσα</span> <span class='ocrx_word' id='word_1_164' title='bbox 1551 2326 1586 2393; x_wconf 81' lang='grc' dir='ltr'>ἡ</span> <span class='ocrx_word' id='word_1_165' title='bbox 1654 2319 2031 2397; x_wconf 80' lang='grc' dir='ltr'>μεγαλόπολις</span> 
     </span>
    </p>
   </div>
   <div class='ocr_carea' id='block_1_22' title="bbox 377 2407 2032 2496">
    <p class='ocr_par' dir='ltr' id='par_1_22' title="bbox 377 2407 2032 2496">
     <span class='ocr_line' id='line_1_27' title="bbox 377 2407 2032 2496; baseline -0.018 -8"><span class='ocrx_word' id='word_1_166' title='bbox 377 2432 608 2493; x_wconf 85' lang='grc' dir='ltr'>ἐκείνοις</span> <span class='ocrx_word' id='word_1_167' title='bbox 664 2427 829 2484; x_wconf 80' lang='grc' dir='ltr'>πάλιν</span> <span class='ocrx_word' id='word_1_168' title='bbox 891 2424 981 2480; x_wconf 85' lang='grc' dir='ltr'>καὶ</span> <span class='ocrx_word' id='word_1_169' title='bbox 1044 2419 1421 2496; x_wconf 67' lang='grc' dir='ltr'>προσεγένετο,</span> <span class='ocrx_word' id='word_1_170' title='bbox 1469 2412 1558 2468; x_wconf 85' lang='grc' dir='ltr'>καὶ</span> <span class='ocrx_word' id='word_1_171' title='bbox 1612 2410 1695 2465; x_wconf 81' lang='grc' dir='ltr'>ὅτι</span> <span class='ocrx_word' id='word_1_172' title='bbox 1745 2408 1913 2480; x_wconf 87' lang='grc' dir='ltr'>νόμος</span> <span class='ocrx_word' id='word_1_173' title='bbox 1946 2407 2032 2460; x_wconf 89' lang='grc' dir='ltr'>ἀν-</span> 
     </span>
    </p>
   </div>
   <div class='ocr_carea' id='block_1_23' title="bbox 378 2495 2030 2599">
    <p class='ocr_par' dir='ltr' id='par_1_23' title="bbox 378 2495 2030 2599">
     <span class='ocr_line' id='line_1_28' title="bbox 378 2495 2030 2599; baseline -0.018 -22"><span class='ocrx_word' id='word_1_174' title='bbox 378 2522 624 2599; x_wconf 81' lang='grc' dir='ltr'>θρώποις</span> <span class='ocrx_word' id='word_1_175' title='bbox 677 2521 867 2587; x_wconf 78' lang='grc' dir='ltr'>ταῦτα,</span> <span class='ocrx_word' id='word_1_176' title='bbox 928 2514 1018 2569; x_wconf 80' lang='grc' dir='ltr'>καὶ</span> <span class='ocrx_word' id='word_1_177' title='bbox 1078 2510 1227 2585; x_wconf 85' lang='grc' dir='ltr'>δῶρα</span> <span class='ocrx_word' id='word_1_178' title='bbox 1282 2505 1536 2573; x_wconf 70' lang='grc' dir='ltr'>πολέμου</span> <span class='ocrx_word' id='word_1_179' title='bbox 1591 2499 1681 2555; x_wconf 80' lang='grc' dir='ltr'>καὶ</span> <span class='ocrx_word' id='word_1_180' title='bbox 1722 2496 1912 2560; x_wconf 79' lang='grc' dir='ltr'>πόλεις</span> <span class='ocrx_word' id='word_1_181' title='bbox 1940 2495 2030 2550; x_wconf 88' lang='grc' dir='ltr'>καὶ</span> 
     </span>
    </p>
   </div>
   <div class='ocr_carea' id='block_1_24' title="bbox 373 2587 2034 2687">
    <p class='ocr_par' dir='ltr' id='par_1_24' title="bbox 373 2587 2034 2687">
     <span class='ocr_line' id='line_1_29' title="bbox 373 2587 2034 2687; baseline -0.017 -21"><span class='ocrx_word' id='word_1_182' title='bbox 373 2587 663 2687; x_wconf 72' lang='grc' dir='ltr'>χρήματα,</span> <span class='ocrx_word' id='word_1_183' title='bbox 714 2606 776 2660; x_wconf 86' lang='grc' dir='ltr'>τὸ</span> <span class='ocrx_word' id='word_1_184' title='bbox 822 2601 880 2658; x_wconf 75' lang='grc' dir='ltr'>δὲ</span> <span class='ocrx_word' id='word_1_185' title='bbox 927 2606 1110 2675; x_wconf 89' lang='grc' dir='ltr'>μεῖζον</span> <span class='ocrx_word' id='word_1_186' title='bbox 1150 2605 1249 2666; x_wconf 80' lang='grc' dir='ltr'>τῆς</span> <span class='ocrx_word' id='word_1_187' title='bbox 1279 2591 1606 2657; x_wconf 82' lang='grc' dir='ltr'>Ἐκκλησίας</span> <span class='ocrx_word' id='word_1_188' title='bbox 1641 2588 1749 2643; x_wconf 75' lang='grc' dir='ltr'>υἱοὶ</span> <span class='ocrx_word' id='word_1_189' title='bbox 1779 2587 1865 2687; x_wconf 28' lang='grc' dir='ltr'>κῆαὶ</span> <span class='ocrx_word' id='word_1_190' title='bbox 1899 2587 2034 2658; x_wconf 87' lang='grc' dir='ltr'>Χρι-</span> 
     </span>
    </p>
   </div>
   <div class='ocr_carea' id='block_1_25' title="bbox 376 2673 2031 2771">
    <p class='ocr_par' dir='ltr' id='par_1_25' title="bbox 376 2673 2031 2771">
     <span class='ocr_line' id='line_1_30' title="bbox 376 2673 2031 2771; baseline -0.017 -17"><span class='ocrx_word' id='word_1_191' title='bbox 376 2698 608 2754; x_wconf 85' lang='grc' dir='ltr'>στιανοί.</span> <span class='ocrx_word' id='word_1_192' title='bbox 671 2695 1027 2771; x_wconf 84' lang='grc' dir='ltr'>Χριστιανοῖς</span> <span class='ocrx_word' id='word_1_193' title='bbox 1087 2685 1146 2742; x_wconf 73' lang='grc' dir='ltr'>δὲ</span> <span class='ocrx_word' id='word_1_194' title='bbox 1218 2683 1357 2740; x_wconf 77' lang='grc' dir='ltr'>κατὰ</span> <span class='ocrx_word' id='word_1_195' title='bbox 1411 2681 1746 2757; x_wconf 87' lang='grc' dir='ltr'>Χριστιανῶν</span> <span class='ocrx_word' id='word_1_196' title='bbox 1803 2673 2031 2750; x_wconf 78' lang='grc' dir='ltr'>ἐφεῖναι,</span> 
     </span>
    </p>
   </div>
   <div class='ocr_carea' id='block_1_26' title="bbox 384 2771 1802 2862">
    <p class='ocr_par' dir='ltr' id='par_1_26' title="bbox 384 2771 1802 2862">
     <span class='ocr_line' id='line_1_31' title="bbox 384 2771 1802 2862; baseline -0.018 -18"><span class='ocrx_word' id='word_1_197' title='bbox 384 2789 459 2862; x_wconf 80' lang='grc' dir='ltr'>μή</span> <span class='ocrx_word' id='word_1_198' title='bbox 491 2787 582 2843; x_wconf 82' lang='grc' dir='ltr'>καὶ</span> <span class='ocrx_word' id='word_1_199' title='bbox 615 2785 690 2848; x_wconf 86' lang='grc' dir='ltr'>εἷς</span> <span class='ocrx_word' id='word_1_200' title='bbox 721 2779 1099 2859; x_wconf 87' lang='grc' dir='ltr'>παροργισμὸν</span> <span class='ocrx_word' id='word_1_201' title='bbox 1130 2777 1228 2832; x_wconf 73' lang='grc' dir='ltr'>τοῦ</span> <span class='ocrx_word' id='word_1_202' title='bbox 1259 2773 1417 2828; x_wconf 84' lang='grc' dir='ltr'>Θείου</span> <span class='ocrx_word' id='word_1_203' title='bbox 1447 2771 1802 2844; x_wconf 86' lang='grc' dir='ltr'>πράττοιμεν.</span> 
     </span>
    </p>
   </div>
   <div class='ocr_carea' id='block_1_27' title="bbox 557 2971 1864 3067">
    <p class='ocr_par' dir='ltr' id='par_1_27' title="bbox 557 2971 1864 3067">
     <span class='ocr_line' id='line_1_32' title="bbox 557 2971 1864 3067; baseline -0.016 -4"><span class='ocrx_word' id='word_1_204' title='bbox 557 3010 646 3063; x_wconf 83' lang='lat'>26.</span> <span class='ocrx_word' id='word_1_205' title='bbox 683 3008 748 3066; x_wconf 81' lang='lat' dir='ltr'>Ut</span> <span class='ocrx_word' id='word_1_206' title='bbox 776 3005 979 3061; x_wconf 78' lang='lat' dir='ltr'>iterum</span> <span class='ocrx_word' id='word_1_207' title='bbox 1010 3001 1078 3057; x_wconf 88' lang='lat' dir='ltr'>ad</span> <span class='ocrx_word' id='word_1_208' title='bbox 1108 3003 1317 3063; x_wconf 84' lang='lat' dir='ltr'>Papam</span> <span class='ocrx_word' id='word_1_209' title='bbox 1347 2971 1518 3067; x_wconf 67' lang='lat' dir='ltr'>legati</span> <span class='ocrx_word' id='word_1_210' title='bbox 1545 2993 1656 3048; x_wconf 81' lang='lat' dir='ltr'>sint</span> <span class='ocrx_word' id='word_1_211' title='bbox 1685 2988 1864 3045; x_wconf 76' lang='lat' dir='ltr'>missi.</span> 
     </span>
    </p>
   </div>
   <div class='ocr_carea' id='block_1_28' title="bbox 461 3076 2036 3166">
    <p class='ocr_par' dir='ltr' id='par_1_28' title="bbox 461 3076 2036 3166">
     <span class='ocr_line' id='line_1_33' title="bbox 461 3076 2036 3166; baseline -0.016 -11"><span class='ocrx_word' id='word_1_212' title='bbox 461 3099 743 3155; x_wconf 68' lang='lat' dir='ltr'>Caeterum</span> <span class='ocrx_word' id='word_1_213' title='bbox 794 3095 1118 3166; x_wconf 83' lang='lat' dir='ltr'>imperator</span> <span class='ocrx_word' id='word_1_214' title='bbox 1148 3087 1448 3160; x_wconf 84' lang='lat' dir='ltr'>expeditos</span> <span class='ocrx_word' id='word_1_215' title='bbox 1490 3083 1928 3150; x_wconf 84' lang='lat' dir='ltr'>instructosque</span> <span class='ocrx_word' id='word_1_216' title='bbox 1957 3076 2036 3132; x_wconf 87' lang='lat' dir='ltr'>le-</span> 
     </span>
    </p>
   </div>
   <div class='ocr_carea' id='block_1_29' title="bbox 385 3173 2038 3261">
    <p class='ocr_par' dir='ltr' id='par_1_29' title="bbox 385 3173 2038 3261">
     <span class='ocr_line' id='line_1_34' title="bbox 385 3173 2038 3261; baseline -0.016 -16"><span class='ocrx_word' id='word_1_217' title='bbox 385 3193 554 3261; x_wconf 87' lang='lat' dir='ltr'>gatos</span> <span class='ocrx_word' id='word_1_218' title='bbox 586 3185 767 3242; x_wconf 78' lang='lat' dir='ltr'>mittit</span> <span class='ocrx_word' id='word_1_219' title='bbox 798 3185 869 3240; x_wconf 89' lang='lat' dir='ltr'>ad</span> <span class='ocrx_word' id='word_1_220' title='bbox 901 3183 1144 3254; x_wconf 83' lang='lat' dir='ltr'>Papam,</span> <span class='ocrx_word' id='word_1_221' title='bbox 1169 3175 1346 3235; x_wconf 87' lang='lat' dir='ltr'>simul</span> <span class='ocrx_word' id='word_1_222' title='bbox 1379 3173 1812 3246; x_wconf 82' lang='lat' dir='ltr'>signiﬁcaturos</span> <span class='ocrx_word' id='word_1_223' title='bbox 1830 3182 2038 3238; x_wconf 83' lang='lat' dir='ltr'>perpe-</span> 
     </span>
    </p>
   </div>
   <div class='ocr_carea' id='block_1_30' title="bbox 1421 400 2698 468">
    <p class='ocr_par' dir='ltr' id='par_1_30' title="bbox 1421 400 2698 468">
     <span class='ocr_line' id='line_1_35' title="bbox 1421 400 2698 468; baseline -0.01 -1"><span class='ocrx_word' id='word_1_224' title='bbox 1421 411 1518 468; x_wconf 79' lang='grc' dir='ltr'>ΒΕ</span> <span class='ocrx_word' id='word_1_225' title='bbox 1559 404 1930 465; x_wconf 80' lang='lat' dir='ltr'>MICHAELE</span> <span class='ocrx_word' id='word_1_226' title='bbox 1967 400 2412 458; x_wconf 71' lang='lat' dir='ltr'>PALIEOLOGO</span> <span class='ocrx_word' id='word_1_227' title='bbox 2451 401 2583 456; x_wconf 85' lang='lat' dir='ltr'><strong>LIB.</strong></span> <span class='ocrx_word' id='word_1_228' title='bbox 2626 400 2698 455; x_wconf 87' lang='lat' dir='ltr'>V.</span> 
     </span>
    </p>
   </div>
   <div class='ocr_carea' id='block_1_31' title="bbox 348 523 2482 628">
    <p class='ocr_par' dir='ltr' id='par_1_31' title="bbox 348 523 2482 628">
     <span class='ocr_line' id='line_1_36' title="bbox 348 523 2482 628; baseline -0.019 -8"><span class='ocrx_word' id='word_1_229' title='bbox 348 563 446 628; x_wconf 71' lang='grc' dir='ltr'>κςῖ</span> <span class='ocrx_word' id='word_1_230' title='bbox 476 562 668 620; x_wconf 87' lang='grc' dir='ltr'>Ὅπως</span> <span class='ocrx_word' id='word_1_231' title='bbox 728 553 818 610; x_wconf 81' lang='grc' dir='ltr'>καὶ</span> <span class='ocrx_word' id='word_1_232' title='bbox 885 547 1038 628; x_wconf 73' lang='grc' dir='ltr'>αὖθις</span> <span class='ocrx_word' id='word_1_233' title='bbox 1106 561 1245 628; x_wconf 54' lang='grc' dir='ltr'>τῇορς</span> <span class='ocrx_word' id='word_1_234' title='bbox 1308 537 1400 594; x_wconf 71' lang='grc' dir='ltr'>τὸν</span> <span class='ocrx_word' id='word_1_235' title='bbox 1469 532 1692 590; x_wconf 73' lang='grc' dir='ltr'>πάππαν</span> <span class='ocrx_word' id='word_1_236' title='bbox 1749 523 2003 607; x_wconf 69' lang='grc' dir='ltr'>πρέσϐεις</span> <span class='ocrx_word' id='word_1_237' title='bbox 2033 528 2215 598; x_wconf 64' lang='grc' dir='ltr'>Ακξ.</span> <span class='ocrx_word' id='word_1_238' title='bbox 2291 527 2482 588; x_wconf 86' lang='grc' dir='ltr'>Ὅπως</span> 
     </span>
    </p>
   </div>
   <div class='ocr_carea' id='block_1_32' title="bbox 3660 397 3769 452">
    <p class='ocr_par' dir='ltr' id='par_1_32' title="bbox 3660 397 3769 452">
     <span class='ocr_line' id='line_1_37' title="bbox 3660 397 3769 452; baseline 0 0"><span class='ocrx_word' id='word_1_239' title='bbox 3660 397 3769 452; x_wconf 86' lang='grc'>866</span> 
     </span>
    </p>
   </div>
   <div class='ocr_carea' id='block_1_33' title="bbox 2559 521 3770 614">
    <p class='ocr_par' dir='ltr' id='par_1_33' title="bbox 2559 521 3770 614">
     <span class='ocr_line' id='line_1_38' title="bbox 2559 521 3770 614; baseline -0.002 -33"><span class='ocrx_word' id='word_1_240' title='bbox 2559 524 2793 614; x_wconf 62' lang='grc' dir='ltr'>Ἰκάριος</span> <span class='ocrx_word' id='word_1_241' title='bbox 2883 524 3292 614; x_wconf 67' lang='grc' dir='ltr'>πρρσχωρὴσας</span> <span class='ocrx_word' id='word_1_242' title='bbox 3394 521 3474 597; x_wconf 82' lang='grc' dir='ltr'>τῷ</span> <span class='ocrx_word' id='word_1_243' title='bbox 3553 523 3770 600; x_wconf 85' lang='grc' dir='ltr'>βασιλεῖ</span> 
     </span>
    </p>
   </div>
   <div class='ocr_carea' id='block_1_34' title="bbox 2550 595 3341 651">
    <p class='ocr_par' dir='ltr' id='par_1_34' title="bbox 2550 595 3341 651">
     <span class='ocr_line' id='line_1_39' title="bbox 2550 595 3341 651; baseline -0.004 0"><span class='ocrx_word' id='word_1_244' title='bbox 2550 595 2861 651; x_wconf 81' lang='grc' dir='ltr'>καθίσταται</span> <span class='ocrx_word' id='word_1_245' title='bbox 2893 595 2978 650; x_wconf 77' lang='grc' dir='ltr'>ἐπὶ</span> <span class='ocrx_word' id='word_1_246' title='bbox 3011 595 3341 651; x_wconf 73' lang='grc' dir='ltr'>τοῦστόλου</span> 
     </span>
    </p>
   </div>
   <div class='ocr_carea' id='block_1_35' title="bbox 2189 701 3770 780">
    <p class='ocr_par' dir='ltr' id='par_1_35' title="bbox 2189 701 3770 780">
     <span class='ocr_line' id='line_1_40' title="bbox 2189 701 3770 780; baseline -0.006 -15"><span class='ocrx_word' id='word_1_247' title='bbox 2189 706 2374 768; x_wconf 70' lang='grc' dir='ltr'>Οὕτως</span> <span class='ocrx_word' id='word_1_248' title='bbox 2406 705 2902 780; x_wconf 78' lang='grc' dir='ltr'>ἀναχαιτιζομένου</span> <span class='ocrx_word' id='word_1_249' title='bbox 2953 708 3050 758; x_wconf 75' lang='grc' dir='ltr'>τοῦ</span> <span class='ocrx_word' id='word_1_250' title='bbox 3101 701 3406 776; x_wconf 69' lang='grc' dir='ltr'>Καρούλου,</span> <span class='ocrx_word' id='word_1_251' title='bbox 3444 704 3470 756; x_wconf 87' lang='grc' dir='ltr'>ὁ</span> <span class='ocrx_word' id='word_1_252' title='bbox 3508 701 3770 778; x_wconf 75' lang='grc' dir='ltr'>βασιλεὺς</span> 
     </span>
    </p>
   </div>
   <div class='ocr_carea' id='block_1_36' title="bbox 2116 787 3764 877">
    <p class='ocr_par' dir='ltr' id='par_1_36' title="bbox 2116 787 3764 877">
     <span class='ocr_line' id='line_1_41' title="bbox 2116 787 3764 877; baseline -0.002 -27"><span class='ocrx_word' id='word_1_253' title='bbox 2116 800 2221 850; x_wconf 90' lang='grc' dir='ltr'>τῶν</span> <span class='ocrx_word' id='word_1_254' title='bbox 2373 794 2578 850; x_wconf 87' lang='grc' dir='ltr'>ἐκείνου</span> <span class='ocrx_word' id='word_1_255' title='bbox 2611 791 2913 872; x_wconf 73' lang='grc' dir='ltr'>φροντίδων</span> <span class='ocrx_word' id='word_1_256' title='bbox 2945 793 3240 856; x_wconf 80' lang='grc' dir='ltr'>ἀπολυθεὶς</span> <span class='ocrx_word' id='word_1_257' title='bbox 3274 787 3614 848; x_wconf 71' lang='grc' dir='ltr'>ἐπεϐάλλετο</span> <span class='ocrx_word' id='word_1_258' title='bbox 3645 799 3764 855; x_wconf 85' lang='grc' dir='ltr'>τοῖς</span> 
     </span>
    </p>
   </div>
   <div class='ocr_carea' id='block_1_37' title="bbox 2119 882 3770 960">
    <p class='ocr_par' dir='ltr' id='par_1_37' title="bbox 2119 882 3770 960">
     <span class='ocr_line' id='line_1_42' title="bbox 2119 882 3770 960; baseline 0.002 -26"><span class='ocrx_word' id='word_1_259' title='bbox 2119 885 2278 959; x_wconf 73' lang='grc' dir='ltr'>ἐγγὺς</span> <span class='ocrx_word' id='word_1_260' title='bbox 2343 885 2748 960; x_wconf 82' lang='grc' dir='ltr'>κραταιότερον.</span> <span class='ocrx_word' id='word_1_261' title='bbox 2818 883 2920 939; x_wconf 78' lang='grc' dir='ltr'>Καὶ</span> <span class='ocrx_word' id='word_1_262' title='bbox 2991 882 3222 958; x_wconf 79' lang='grc' dir='ltr'>Ἰκάριον</span> <span class='ocrx_word' id='word_1_263' title='bbox 3291 884 3770 959; x_wconf 73' lang='grc' dir='ltr'>προσχωρήσαντα</span> 
     </span>
    </p>
   </div>
   <div class='ocr_carea' id='block_1_38' title="bbox 2122 970 3766 1048">
    <p class='ocr_par' dir='ltr' id='par_1_38' title="bbox 2122 970 3766 1048">
     <span class='ocr_line' id='line_1_43' title="bbox 2125 970 3669 1008; baseline -0.003 -17"><span class='ocrx_word' id='word_1_264' title='bbox 2125 973 2197 1008; x_wconf 46' lang='grc' dir='ltr'>(Νιῆ</span> <span class='ocrx_word' id='word_1_265' title='bbox 2251 995 2278 1004; x_wconf 59' lang='lat'>-</span> <span class='ocrx_word' id='word_1_266' title='bbox 2433 973 2446 992; x_wconf 57' lang='grc' dir='ltr'><strong>Χ</strong></span> <span class='ocrx_word' id='word_1_267' title='bbox 2490 970 2543 1006; x_wconf 49' lang='grc' dir='ltr'>Ἀρ</span> <span class='ocrx_word' id='word_1_268' title='bbox 2798 974 2820 1002; x_wconf 54' lang='grc' dir='ltr'>,ἱ</span> <span class='ocrx_word' id='word_1_269' title='bbox 2967 973 2980 986; x_wconf 78' lang='lat'><strong><em>\</em></strong></span> <span class='ocrx_word' id='word_1_270' title='bbox 3125 974 3137 992; x_wconf 56' lang='grc' dir='ltr'><strong>ε</strong></span> <span class='ocrx_word' id='word_1_271' title='bbox 3409 971 3420 990; x_wconf 79' lang='grc' dir='ltr'><strong><em>Ι</em></strong></span> <span class='ocrx_word' id='word_1_272' title='bbox 3648 977 3669 987; x_wconf 69' lang='grc' dir='ltr'><em>υ</em></span> 
     </span>
     <span class='ocr_line' id='line_1_44' title="bbox 2122 971 3766 1048; baseline -0.002 -18"><span class='ocrx_word' id='word_1_273' title='bbox 2122 991 2358 1048; x_wconf 49' lang='grc' dir='ltr'>οεέειαι,</span> <span class='ocrx_word' id='word_1_274' title='bbox 2421 976 2586 1046; x_wconf 69' lang='grc' dir='ltr'>ἂνορα</span> <span class='ocrx_word' id='word_1_275' title='bbox 2643 971 2861 1042; x_wconf 76' lang='grc' dir='ltr'>πολλην</span> <span class='ocrx_word' id='word_1_276' title='bbox 2927 993 3019 1044; x_wconf 87' lang='grc' dir='ltr'>μεν</span> <span class='ocrx_word' id='word_1_277' title='bbox 3078 994 3176 1041; x_wconf 88' lang='grc' dir='ltr'>την</span> <span class='ocrx_word' id='word_1_278' title='bbox 3239 971 3291 1034; x_wconf 86' lang='grc' dir='ltr'>ἐς</span> <span class='ocrx_word' id='word_1_279' title='bbox 3354 992 3533 1046; x_wconf 77' lang='grc' dir='ltr'>μάχας</span> <span class='ocrx_word' id='word_1_280' title='bbox 3578 993 3766 1044; x_wconf 59' lang='grc' dir='ltr'>πιιραν</span> 
     </span>
    </p>
   </div>
   <div class='ocr_carea' id='block_1_39' title="bbox 2121 1059 3772 1138">
    <p class='ocr_par' dir='ltr' id='par_1_39' title="bbox 2121 1059 3772 1138">
     <span class='ocr_line' id='line_1_45' title="bbox 2121 1059 3772 1138; baseline -0.001 -20"><span class='ocrx_word' id='word_1_281' title='bbox 2121 1059 2340 1138; x_wconf 79' lang='grc' dir='ltr'>ἔχοντα,</span> <span class='ocrx_word' id='word_1_282' title='bbox 2373 1063 2718 1137; x_wconf 81' lang='grc' dir='ltr'>κατάρχοντα</span> <span class='ocrx_word' id='word_1_283' title='bbox 2764 1059 2821 1115; x_wconf 74' lang='grc' dir='ltr'>δὲ</span> <span class='ocrx_word' id='word_1_284' title='bbox 2869 1061 2957 1116; x_wconf 74' lang='grc' dir='ltr'>καὶ</span> <span class='ocrx_word' id='word_1_285' title='bbox 3002 1064 3170 1132; x_wconf 69' lang='grc' dir='ltr'>νήσου</span> <span class='ocrx_word' id='word_1_286' title='bbox 3205 1061 3484 1138; x_wconf 74' lang='grc' dir='ltr'>μεγίστης,</span> <span class='ocrx_word' id='word_1_287' title='bbox 3518 1066 3602 1132; x_wconf 87' lang='grc' dir='ltr'>[Ρ.</span> <span class='ocrx_word' id='word_1_288' title='bbox 3645 1065 3772 1134; x_wconf 81' lang='lat'>279]</span> 
     </span>
    </p>
   </div>
   <div class='ocr_carea' id='block_1_40' title="bbox 2123 1146 3773 1225">
    <p class='ocr_par' dir='ltr' id='par_1_40' title="bbox 2123 1146 3773 1225">
     <span class='ocr_line' id='line_1_46' title="bbox 2123 1146 3773 1225; baseline -0.001 -20"><span class='ocrx_word' id='word_1_289' title='bbox 2123 1155 2182 1222; x_wconf 76' lang='grc' dir='ltr'>ἣν</span> <span class='ocrx_word' id='word_1_290' title='bbox 2216 1151 2596 1224; x_wconf 72' lang='grc' dir='ltr'>Ἀνεμοπύλας</span> <span class='ocrx_word' id='word_1_291' title='bbox 2631 1151 2750 1215; x_wconf 83' lang='grc' dir='ltr'>ἔθος</span> <span class='ocrx_word' id='word_1_292' title='bbox 2802 1156 2922 1212; x_wconf 83' lang='grc' dir='ltr'>τοῖς</span> <span class='ocrx_word' id='word_1_293' title='bbox 2971 1151 3082 1205; x_wconf 86' lang='grc' dir='ltr'>ἐκεῖ</span> <span class='ocrx_word' id='word_1_294' title='bbox 3130 1149 3330 1225; x_wconf 66' lang='grc' dir='ltr'>λέγειν,</span> <span class='ocrx_word' id='word_1_295' title='bbox 3365 1146 3679 1224; x_wconf 69' lang='grc' dir='ltr'>συμϐάματι</span> <span class='ocrx_word' id='word_1_296' title='bbox 3716 1149 3773 1205; x_wconf 75' lang='grc' dir='ltr'>δὲ</span> 
     </span>
    </p>
   </div>
   <div class='ocr_carea' id='block_1_41' title="bbox 2121 1236 3782 1318">
    <p class='ocr_par' dir='ltr' id='par_1_41' title="bbox 2121 1236 3782 1318">
     <span class='ocr_line' id='line_1_47' title="bbox 2121 1236 3782 1318; baseline -0.002 -21"><span class='ocrx_word' id='word_1_297' title='bbox 2121 1241 2299 1317; x_wconf 79' lang='grc' dir='ltr'>τύχης</span> <span class='ocrx_word' id='word_1_298' title='bbox 2331 1241 2531 1304; x_wconf 78' lang='grc' dir='ltr'>ἐκεῖθεν</span> <span class='ocrx_word' id='word_1_299' title='bbox 2591 1236 2842 1318; x_wconf 71' lang='grc' dir='ltr'>φυγόντα.</span> <span class='ocrx_word' id='word_1_300' title='bbox 2903 1242 3012 1309; x_wconf 73' lang='grc' dir='ltr'>Τὴν</span> <span class='ocrx_word' id='word_1_301' title='bbox 3071 1244 3203 1316; x_wconf 72' lang='grc' dir='ltr'>γοῦν</span> <span class='ocrx_word' id='word_1_302' title='bbox 3262 1247 3426 1309; x_wconf 75' lang='grc' dir='ltr'>νῆσον</span> <span class='ocrx_word' id='word_1_303' title='bbox 3478 1246 3782 1315; x_wconf 86' lang='grc' dir='ltr'>προσκυροῖ</span> 
     </span>
    </p>
   </div>
   <div class='ocr_carea' id='block_1_42' title="bbox 2130 1329 3776 1409">
    <p class='ocr_par' dir='ltr' id='par_1_42' title="bbox 2130 1329 3776 1409">
     <span class='ocr_line' id='line_1_48' title="bbox 2130 1329 3776 1409; baseline -0.001 -23"><span class='ocrx_word' id='word_1_304' title='bbox 2130 1331 2368 1409; x_wconf 89' lang='grc' dir='ltr'>βασιλεῖ,</span> <span class='ocrx_word' id='word_1_305' title='bbox 2425 1329 2516 1386; x_wconf 75' lang='grc' dir='ltr'>καί</span> <span class='ocrx_word' id='word_1_306' title='bbox 2566 1331 2725 1392; x_wconf 76' lang='grc' dir='ltr'>αὐτός</span> <span class='ocrx_word' id='word_1_307' title='bbox 2777 1336 2893 1391; x_wconf 80' lang='grc' dir='ltr'>τοῖς</span> <span class='ocrx_word' id='word_1_308' title='bbox 2945 1334 3041 1383; x_wconf 77' lang='grc' dir='ltr'>τοῦ</span> <span class='ocrx_word' id='word_1_309' title='bbox 3094 1329 3364 1405; x_wconf 68' lang='grc' dir='ltr'>βασιλέως</span> <span class='ocrx_word' id='word_1_310' title='bbox 3424 1329 3646 1392; x_wconf 75' lang='grc' dir='ltr'>οἷ’κείοις</span> <span class='ocrx_word' id='word_1_311' title='bbox 3688 1330 3776 1404; x_wconf 79' lang='grc' dir='ltr'>ἐγ⁸</span> 
     </span>
    </p>
   </div>
   <div class='ocr_carea' id='block_1_43' title="bbox 2125 1413 3778 1500">
    <p class='ocr_par' dir='ltr' id='par_1_43' title="bbox 2125 1413 3778 1500">
     <span class='ocr_line' id='line_1_49' title="bbox 2125 1413 3778 1500; baseline -0.001 -25"><span class='ocrx_word' id='word_1_312' title='bbox 2125 1421 2408 1500; x_wconf 78' lang='grc' dir='ltr'>γράφεται.</span> <span class='ocrx_word' id='word_1_313' title='bbox 2464 1419 2727 1482; x_wconf 76' lang='grc' dir='ltr'>Βασιλεὺς</span> <span class='ocrx_word' id='word_1_314' title='bbox 2788 1417 2833 1474; x_wconf 85' lang='grc' dir='ltr'>δ’</span> <span class='ocrx_word' id='word_1_315' title='bbox 2897 1413 3192 1473; x_wconf 71' lang='grc' dir='ltr'>ἀποϐαλὼν</span> <span class='ocrx_word' id='word_1_316' title='bbox 3253 1420 3344 1492; x_wconf 71' lang='grc' dir='ltr'>μὲν</span> <span class='ocrx_word' id='word_1_317' title='bbox 3413 1420 3518 1492; x_wconf 87' lang='grc' dir='ltr'>πρὸ</span> <span class='ocrx_word' id='word_1_318' title='bbox 3586 1418 3778 1494; x_wconf 78' lang='grc' dir='ltr'>ὀλίγου</span> 
     </span>
    </p>
   </div>
   <div class='ocr_carea' id='block_1_44' title="bbox 2127 1504 3777 1585">
    <p class='ocr_par' dir='ltr' id='par_1_44' title="bbox 2127 1504 3777 1585">
     <span class='ocr_line' id='line_1_50' title="bbox 2127 1504 3777 1585; baseline -0.001 -20"><span class='ocrx_word' id='word_1_319' title='bbox 2127 1506 2618 1585; x_wconf 68' lang='grc' dir='ltr'>σεϐαστοκράτορα,</span> <span class='ocrx_word' id='word_1_320' title='bbox 2682 1504 2975 1564; x_wconf 73' lang='grc' dir='ltr'>ἀποϐαλὼν</span> <span class='ocrx_word' id='word_1_321' title='bbox 3041 1505 3097 1562; x_wconf 75' lang='grc' dir='ltr'>δὲ</span> <span class='ocrx_word' id='word_1_322' title='bbox 3153 1508 3243 1562; x_wconf 82' lang='grc' dir='ltr'>καὶ</span> <span class='ocrx_word' id='word_1_323' title='bbox 3303 1505 3593 1578; x_wconf 78' lang='grc' dir='ltr'>δεσπότην,</span> <span class='ocrx_word' id='word_1_324' title='bbox 3650 1508 3777 1571; x_wconf 72' lang='grc' dir='ltr'>τοὺς</span> 
     </span>
    </p>
   </div>
   <div class='ocr_carea' id='block_1_45' title="bbox 2129 1593 3782 1677">
    <p class='ocr_par' dir='ltr' id='par_1_45' title="bbox 2129 1593 3782 1677">
     <span class='ocr_line' id='line_1_51' title="bbox 2129 1593 3782 1677; baseline -0.002 -22"><span class='ocrx_word' id='word_1_325' title='bbox 2129 1597 2526 1677; x_wconf 76' lang='grc' dir='ltr'>αὐταδέλφους,</span> <span class='ocrx_word' id='word_1_326' title='bbox 2573 1598 2650 1653; x_wconf 79' lang='grc' dir='ltr'>ἔτι</span> <span class='ocrx_word' id='word_1_327' title='bbox 2699 1596 2754 1652; x_wconf 77' lang='grc' dir='ltr'>δὲ</span> <span class='ocrx_word' id='word_1_328' title='bbox 2795 1598 2904 1671; x_wconf 85' lang='grc' dir='ltr'>πρὸ</span> <span class='ocrx_word' id='word_1_329' title='bbox 2955 1595 3162 1652; x_wconf 72' lang='grc' dir='ltr'>τούτων</span> <span class='ocrx_word' id='word_1_330' title='bbox 3196 1596 3285 1650; x_wconf 83' lang='grc' dir='ltr'>καὶ</span> <span class='ocrx_word' id='word_1_331' title='bbox 3319 1595 3490 1651; x_wconf 74' lang='grc' dir='ltr'>ἄλλον</span> <span class='ocrx_word' id='word_1_332' title='bbox 3522 1593 3782 1652; x_wconf 73' lang='grc' dir='ltr'>σεϐαστο-</span> 
     </span>
    </p>
   </div>
   <div class='ocr_carea' id='block_1_46' title="bbox 2128 1681 3782 1766">
    <p class='ocr_par' dir='ltr' id='par_1_46' title="bbox 2128 1681 3782 1766">
     <span class='ocr_line' id='line_1_52' title="bbox 2128 1681 3782 1766; baseline -0.002 -22"><span class='ocrx_word' id='word_1_333' title='bbox 2128 1689 2366 1766; x_wconf 81' lang='grc' dir='ltr'>κράτορα</span> <span class='ocrx_word' id='word_1_334' title='bbox 2423 1689 2513 1742; x_wconf 88' lang='grc' dir='ltr'>καὶ</span> <span class='ocrx_word' id='word_1_335' title='bbox 2573 1687 2811 1762; x_wconf 78' lang='grc' dir='ltr'>Καίσαρα</span> <span class='ocrx_word' id='word_1_336' title='bbox 2866 1687 2954 1741; x_wconf 81' lang='grc' dir='ltr'>καὶ</span> <span class='ocrx_word' id='word_1_337' title='bbox 3006 1681 3503 1761; x_wconf 72' lang='grc' dir='ltr'>πρωτοϐεστιάριον</span> <span class='ocrx_word' id='word_1_338' title='bbox 3559 1687 3648 1741; x_wconf 85' lang='grc' dir='ltr'>καὶ</span> <span class='ocrx_word' id='word_1_339' title='bbox 3689 1686 3782 1759; x_wconf 83' lang='grc' dir='ltr'>μέ-</span> 
     </span>
    </p>
   </div>
   <div class='ocr_carea' id='block_1_47' title="bbox 2130 1775 3785 1855">
    <p class='ocr_par' dir='ltr' id='par_1_47' title="bbox 2130 1775 3785 1855">
     <span class='ocr_line' id='line_1_53' title="bbox 2130 1775 3785 1855; baseline -0.002 -22"><span class='ocrx_word' id='word_1_340' title='bbox 2130 1801 2227 1855; x_wconf 91' lang='grc' dir='ltr'>γαν</span> <span class='ocrx_word' id='word_1_341' title='bbox 2263 1776 2431 1832; x_wconf 74' lang='grc' dir='ltr'>δοῦκα</span> <span class='ocrx_word' id='word_1_342' title='bbox 2458 1778 2547 1833; x_wconf 78' lang='grc' dir='ltr'>καὶ</span> <span class='ocrx_word' id='word_1_343' title='bbox 2602 1777 2791 1840; x_wconf 78' lang='grc' dir='ltr'>ἁπλῶς</span> <span class='ocrx_word' id='word_1_344' title='bbox 2846 1775 2974 1838; x_wconf 75' lang='grc' dir='ltr'>τοὺς</span> <span class='ocrx_word' id='word_1_345' title='bbox 3025 1777 3080 1830; x_wconf 76' lang='grc' dir='ltr'>’ἐν</span> <span class='ocrx_word' id='word_1_346' title='bbox 3140 1781 3254 1838; x_wconf 85' lang='grc' dir='ltr'>τοῖς</span> <span class='ocrx_word' id='word_1_347' title='bbox 3309 1777 3590 1850; x_wconf 79' lang='grc' dir='ltr'>μεγίστοις</span> <span class='ocrx_word' id='word_1_348' title='bbox 3622 1776 3785 1847; x_wconf 82' lang='grc' dir='ltr'>ἀξιώ-</span> 
     </span>
    </p>
   </div>
   <div class='ocr_carea' id='block_1_48' title="bbox 2138 1863 3778 1941">
    <p class='ocr_par' dir='ltr' id='par_1_48' title="bbox 2138 1863 3778 1941">
     <span class='ocr_line' id='line_1_54' title="bbox 2138 1863 3778 1941; baseline -0.001 -19"><span class='ocrx_word' id='word_1_349' title='bbox 2138 1889 2318 1941; x_wconf 85' lang='grc' dir='ltr'>μασιν,</span> <span class='ocrx_word' id='word_1_350' title='bbox 2351 1865 2557 1927; x_wconf 81' lang='grc' dir='ltr'>ἄλλους</span> <span class='ocrx_word' id='word_1_351' title='bbox 2602 1867 2840 1941; x_wconf 80' lang='grc' dir='ltr'>ἀνάγκην</span> <span class='ocrx_word' id='word_1_352' title='bbox 2895 1867 3039 1940; x_wconf 71' lang='grc' dir='ltr'>εἶχεν</span> <span class='ocrx_word' id='word_1_353' title='bbox 3087 1864 3316 1921; x_wconf 75' lang='grc' dir='ltr'>ἱστάναι.</span> <span class='ocrx_word' id='word_1_354' title='bbox 3354 1865 3456 1922; x_wconf 83' lang='grc' dir='ltr'>Καὶ</span> <span class='ocrx_word' id='word_1_355' title='bbox 3491 1863 3557 1934; x_wconf 79' lang='grc' dir='ltr'>δὴ</span> <span class='ocrx_word' id='word_1_356' title='bbox 3587 1871 3778 1921; x_wconf 69' lang='grc' dir='ltr'>τοῦτον</span> 
     </span>
    </p>
   </div>
   <div class='ocr_carea' id='block_1_49' title="bbox 2141 1952 3783 2030">
    <p class='ocr_par' dir='ltr' id='par_1_49' title="bbox 2141 1952 3783 2030">
     <span class='ocr_line' id='line_1_55' title="bbox 2141 1952 3783 2030; baseline 0.001 -19"><span class='ocrx_word' id='word_1_357' title='bbox 2141 1957 2233 2030; x_wconf 77' lang='grc' dir='ltr'>μὶν</span> <span class='ocrx_word' id='word_1_358' title='bbox 2265 1957 2355 2011; x_wconf 84' lang='grc' dir='ltr'>τὸν</span> <span class='ocrx_word' id='word_1_359' title='bbox 2412 1955 2640 2028; x_wconf 76' lang='grc' dir='ltr'>Ἰκάριον</span> <span class='ocrx_word' id='word_1_360' title='bbox 2696 1955 2784 2008; x_wconf 65' lang='grc' dir='ltr'>καὶ</span> <span class='ocrx_word' id='word_1_361' title='bbox 2844 1952 2920 2008; x_wconf 80' lang='grc' dir='ltr'>ἔτι</span> <span class='ocrx_word' id='word_1_362' title='bbox 2977 1955 3030 2008; x_wconf 76' lang='grc' dir='ltr'>ἐν</span> <span class='ocrx_word' id='word_1_363' title='bbox 3093 1952 3334 2026; x_wconf 70' lang='grc' dir='ltr'>ἷδιῴταις</span> <span class='ocrx_word' id='word_1_364' title='bbox 3385 1957 3520 2030; x_wconf 65' lang='grc' dir='ltr'>εἶχε,</span> <span class='ocrx_word' id='word_1_365' title='bbox 3549 1957 3638 2010; x_wconf 86' lang='grc' dir='ltr'>καὶ</span> <span class='ocrx_word' id='word_1_366' title='bbox 3670 1955 3783 2030; x_wconf 81' lang='grc' dir='ltr'>ἅμα</span> 
     </span>
    </p>
   </div>
   <div class='ocr_carea' id='block_1_50' title="bbox 2139 2038 3785 2118">
    <p class='ocr_par' dir='ltr' id='par_1_50' title="bbox 2139 2038 3785 2118">
     <span class='ocr_line' id='line_1_56' title="bbox 2139 2038 3785 2118; baseline 0.001 -18"><span class='ocrx_word' id='word_1_367' title='bbox 2139 2044 2393 2118; x_wconf 78' lang='grc' dir='ltr'>δυνάμεσι</span> <span class='ocrx_word' id='word_1_368' title='bbox 2468 2045 2711 2113; x_wconf 74' lang='grc' dir='ltr'>πεζικαῖς</span> <span class='ocrx_word' id='word_1_369' title='bbox 2785 2038 3085 2116; x_wconf 69' lang='grc' dir='ltr'>ἐμϐιϐάσας</span> <span class='ocrx_word' id='word_1_370' title='bbox 3163 2046 3348 2098; x_wconf 81' lang='grc' dir='ltr'>ναυσὶν</span> <span class='ocrx_word' id='word_1_371' title='bbox 3418 2044 3624 2101; x_wconf 83' lang='grc' dir='ltr'>ἐκεῖνον</span> <span class='ocrx_word' id='word_1_372' title='bbox 3703 2045 3785 2101; x_wconf 87' lang='grc' dir='ltr'>ἐπ’</span> 
     </span>
    </p>
   </div>
   <div class='ocr_carea' id='block_1_51' title="bbox 2140 2132 3788 2210">
    <p class='ocr_par' dir='ltr' id='par_1_51' title="bbox 2140 2132 3788 2210">
     <span class='ocr_line' id='line_1_57' title="bbox 2140 2132 3788 2210; baseline 0.001 -21"><span class='ocrx_word' id='word_1_373' title='bbox 2140 2135 2379 2210; x_wconf 78' lang='grc' dir='ltr'>Εὐρίπου</span> <span class='ocrx_word' id='word_1_374' title='bbox 2410 2133 2613 2189; x_wconf 76' lang='grc' dir='ltr'>πέιιπει</span> <span class='ocrx_word' id='word_1_375' title='bbox 2669 2138 2748 2204; x_wconf 74' lang='grc' dir='ltr'>τῷ</span> <span class='ocrx_word' id='word_1_376' title='bbox 2806 2132 3030 2206; x_wconf 84' lang='grc' dir='ltr'>μεγάλῳ</span> <span class='ocrx_word' id='word_1_377' title='bbox 3084 2135 3260 2205; x_wconf 85' lang='grc' dir='ltr'>κυρίῳ</span> <span class='ocrx_word' id='word_1_378' title='bbox 3320 2133 3538 2207; x_wconf 76' lang='grc' dir='ltr'>Ἰωάννῃ</span> <span class='ocrx_word' id='word_1_379' title='bbox 3584 2136 3788 2209; x_wconf 87' lang='grc' dir='ltr'>συμμί-</span> 
     </span>
    </p>
   </div>
   <div class='ocr_carea' id='block_1_52' title="bbox 2141 2218 3792 2299">
    <p class='ocr_par' dir='ltr' id='par_1_52' title="bbox 2141 2218 3792 2299">
     <span class='ocr_line' id='line_1_58' title="bbox 2141 2218 3792 2299; baseline 0.001 -21"><span class='ocrx_word' id='word_1_380' title='bbox 2141 2225 2315 2295; x_wconf 80' lang='grc' dir='ltr'>ξοντα.</span> <span class='ocrx_word' id='word_1_381' title='bbox 2351 2224 2452 2278; x_wconf 78' lang='grc' dir='ltr'>Καὶ</span> <span class='ocrx_word' id='word_1_382' title='bbox 2487 2219 2553 2290; x_wconf 68' lang='grc' dir='ltr'>δὴ</span> <span class='ocrx_word' id='word_1_383' title='bbox 2605 2223 2720 2276; x_wconf 78' lang='grc' dir='ltr'>ἐπεὶ</span> <span class='ocrx_word' id='word_1_384' title='bbox 2775 2221 2998 2295; x_wconf 78' lang='grc' dir='ltr'>στρατὸς</span> <span class='ocrx_word' id='word_1_385' title='bbox 3052 2226 3160 2275; x_wconf 86' lang='grc' dir='ltr'>τῶν</span> <span class='ocrx_word' id='word_1_386' title='bbox 3216 2227 3345 2275; x_wconf 90' lang='grc' dir='ltr'>νεῶν</span> <span class='ocrx_word' id='word_1_387' title='bbox 3381 2218 3638 2278; x_wconf 71' lang='grc' dir='ltr'>ἀπέϐαινε</span> <span class='ocrx_word' id='word_1_388' title='bbox 3667 2225 3792 2299; x_wconf 86' lang='grc' dir='ltr'>περί</span> 
     </span>
    </p>
   </div>
   <div class='ocr_carea' id='block_1_53' title="bbox 2138 2308 3788 2387">
    <p class='ocr_par' dir='ltr' id='par_1_53' title="bbox 2138 2308 3788 2387">
     <span class='ocr_line' id='line_1_59' title="bbox 2138 2308 3788 2387; baseline -0.001 -19"><span class='ocrx_word' id='word_1_389' title='bbox 2138 2335 2245 2368; x_wconf 86' lang='grc' dir='ltr'>που</span> <span class='ocrx_word' id='word_1_390' title='bbox 2276 2311 2403 2375; x_wconf 73' lang='grc' dir='ltr'>τοὺς</span> <span class='ocrx_word' id='word_1_391' title='bbox 2437 2311 2712 2387; x_wconf 77' lang='grc' dir='ltr'>Σωρεοὺς,</span> <span class='ocrx_word' id='word_1_392' title='bbox 2747 2313 2774 2365; x_wconf 84' lang='grc' dir='ltr'>ὁ</span> <span class='ocrx_word' id='word_1_393' title='bbox 2805 2308 3059 2381; x_wconf 75' lang='grc' dir='ltr'>Ἰωάννης</span> <span class='ocrx_word' id='word_1_394' title='bbox 3099 2311 3408 2383; x_wconf 78' lang='grc' dir='ltr'>πυθόμενος</span> <span class='ocrx_word' id='word_1_395' title='bbox 3439 2313 3537 2380; x_wconf 71' lang='grc' dir='ltr'>τὴν</span> <span class='ocrx_word' id='word_1_396' title='bbox 3573 2311 3788 2367; x_wconf 84' lang='grc' dir='ltr'>ἐκείνων</span> 
     </span>
    </p>
   </div>
   <div class='ocr_carea' id='block_1_54' title="bbox 2141 2396 3795 2475">
    <p class='ocr_par' dir='ltr' id='par_1_54' title="bbox 2141 2396 3795 2475">
     <span class='ocr_line' id='line_1_60' title="bbox 2141 2396 3795 2475; baseline 0 -19"><span class='ocrx_word' id='word_1_397' title='bbox 2141 2396 2430 2471; x_wconf 70' lang='grc' dir='ltr'>ἀπόϐασιν,</span> <span class='ocrx_word' id='word_1_398' title='bbox 2491 2400 2577 2454; x_wconf 77' lang='grc' dir='ltr'>καὶ</span> <span class='ocrx_word' id='word_1_399' title='bbox 2636 2401 2687 2474; x_wconf 91' lang='grc' dir='ltr'>γ’</span> <span class='ocrx_word' id='word_1_400' title='bbox 2746 2400 2821 2461; x_wconf 80' lang='grc' dir='ltr'>ὡς</span> <span class='ocrx_word' id='word_1_401' title='bbox 2880 2399 2998 2474; x_wconf 79' lang='grc' dir='ltr'>εἶχε</span> <span class='ocrx_word' id='word_1_402' title='bbox 3056 2396 3334 2473; x_wconf 86' lang='grc' dir='ltr'>ποδαλγὸς</span> <span class='ocrx_word' id='word_1_403' title='bbox 3387 2396 3460 2454; x_wconf 84' lang='grc' dir='ltr'>ὢν</span> <span class='ocrx_word' id='word_1_404' title='bbox 3515 2407 3614 2470; x_wconf 84' lang='grc' dir='ltr'>τῆς</span> <span class='ocrx_word' id='word_1_405' title='bbox 3657 2402 3795 2475; x_wconf 86' lang='grc' dir='ltr'>πρὸς</span> 
     </span>
    </p>
   </div>
   <div class='ocr_carea' id='block_1_55' title="bbox 2141 2486 3795 2563">
    <p class='ocr_par' dir='ltr' id='par_1_55' title="bbox 2141 2486 3795 2563">
     <span class='ocr_line' id='line_1_61' title="bbox 2141 2486 3795 2563; baseline -0.001 -17"><span class='ocrx_word' id='word_1_406' title='bbox 2141 2490 2376 2553; x_wconf 85' lang='grc' dir='ltr'>ἐκείνους</span> <span class='ocrx_word' id='word_1_407' title='bbox 2406 2490 2508 2544; x_wconf 80' lang='grc' dir='ltr'>οὐκ</span> <span class='ocrx_word' id='word_1_408' title='bbox 2556 2489 2828 2563; x_wconf 68' lang='grc' dir='ltr'>ἀπέσχετο</span> <span class='ocrx_word' id='word_1_409' title='bbox 2882 2489 3092 2563; x_wconf 83' lang='grc' dir='ltr'>μάχης,</span> <span class='ocrx_word' id='word_1_410' title='bbox 3154 2486 3280 2543; x_wconf 72' lang='grc' dir='ltr'>ἀλλ’</span> <span class='ocrx_word' id='word_1_411' title='bbox 3336 2487 3558 2552; x_wconf 83' lang='grc' dir='ltr'>αὐτόθεν</span> <span class='ocrx_word' id='word_1_412' title='bbox 3610 2511 3795 2545; x_wconf 88' lang='grc' dir='ltr'>συντα-</span> 
     </span>
    </p>
   </div>
   <div class='ocr_carea' id='block_1_56' title="bbox 2143 2577 3792 2652">
    <p class='ocr_par' dir='ltr' id='par_1_56' title="bbox 2143 2577 3792 2652">
     <span class='ocr_line' id='line_1_62' title="bbox 2143 2577 3792 2652; baseline 0 -18"><span class='ocrx_word' id='word_1_413' title='bbox 2143 2582 2368 2652; x_wconf 82' lang='grc' dir='ltr'>ξάμενος</span> <span class='ocrx_word' id='word_1_414' title='bbox 2436 2580 2523 2633; x_wconf 77' lang='grc' dir='ltr'>καὶ</span> <span class='ocrx_word' id='word_1_415' title='bbox 2601 2579 2662 2632; x_wconf 86' lang='grc' dir='ltr'>τὸ</span> <span class='ocrx_word' id='word_1_416' title='bbox 2730 2579 3015 2632; x_wconf 71' lang='grc' dir='ltr'>Λατινικὸν</span> <span class='ocrx_word' id='word_1_417' title='bbox 3094 2577 3408 2649; x_wconf 81' lang='grc' dir='ltr'>εὐτρεπίσας</span> <span class='ocrx_word' id='word_1_418' title='bbox 3485 2578 3608 2634; x_wconf 81' lang='grc' dir='ltr'>εὐθὺ</span> <span class='ocrx_word' id='word_1_419' title='bbox 3683 2584 3792 2634; x_wconf 89' lang='grc' dir='ltr'>τῶν</span> 
     </span>
    </p>
   </div>
   <div class='ocr_carea' id='block_1_57' title="bbox 2143 2667 3796 2744">
    <p class='ocr_par' dir='ltr' id='par_1_57' title="bbox 2143 2667 3796 2744">
     <span class='ocr_line' id='line_1_63' title="bbox 2143 2667 3796 2744; baseline -0.001 -19"><span class='ocrx_word' id='word_1_420' title='bbox 2143 2669 2511 2733; x_wconf 68' lang='grc' dir='ltr'>ἀκουσθέντων</span> <span class='ocrx_word' id='word_1_421' title='bbox 2570 2667 2678 2737; x_wconf 67' lang='grc' dir='ltr'>ἤϊε.</span> <span class='ocrx_word' id='word_1_422' title='bbox 2754 2667 2856 2724; x_wconf 80' lang='grc' dir='ltr'>Καὶ</span> <span class='ocrx_word' id='word_1_423' title='bbox 2928 2667 3113 2741; x_wconf 79' lang='grc' dir='ltr'>μάχην</span> <span class='ocrx_word' id='word_1_424' title='bbox 3181 2670 3444 2744; x_wconf 77' lang='grc' dir='ltr'>κρατερὰν</span> <span class='ocrx_word' id='word_1_425' title='bbox 3520 2669 3796 2742; x_wconf 83' lang='grc' dir='ltr'>συμμίξας</span> 
     </span>
    </p>
   </div>
   <div class='ocr_carea' id='block_1_58' title="bbox 2144 2756 3796 2834">
    <p class='ocr_par' dir='ltr' id='par_1_58' title="bbox 2144 2756 3796 2834">
     <span class='ocr_line' id='line_1_64' title="bbox 2144 2756 3796 2834; baseline 0 -18"><span class='ocrx_word' id='word_1_426' title='bbox 2144 2759 2478 2821; x_wconf 82' lang='grc' dir='ltr'>ἀκοντισθεὶς</span> <span class='ocrx_word' id='word_1_427' title='bbox 2538 2758 2763 2813; x_wconf 89' lang='grc' dir='ltr'>πίπτει·</span> <span class='ocrx_word' id='word_1_428' title='bbox 2823 2759 2886 2812; x_wconf 88' lang='grc' dir='ltr'>τὸ</span> <span class='ocrx_word' id='word_1_429' title='bbox 2943 2758 3045 2833; x_wconf 79' lang='grc' dir='ltr'>γὰρ</span> <span class='ocrx_word' id='word_1_430' title='bbox 3087 2762 3194 2812; x_wconf 82' lang='grc' dir='ltr'>τῶν</span> <span class='ocrx_word' id='word_1_431' title='bbox 3245 2756 3429 2812; x_wconf 83' lang='grc' dir='ltr'>ποδῶν</span> <span class='ocrx_word' id='word_1_432' title='bbox 3481 2756 3705 2834; x_wconf 78' lang='grc' dir='ltr'>ἄλγημα</span> <span class='ocrx_word' id='word_1_433' title='bbox 3735 2760 3796 2816; x_wconf 79' lang='grc' dir='ltr'>οὐ</span> 
     </span>
    </p>
   </div>
   <div class='ocr_carea' id='block_1_59' title="bbox 2146 2982 3802 3064">
    <p class='ocr_par' dir='ltr' id='par_1_59' title="bbox 2146 2982 3802 3064">
     <span class='ocr_line' id='line_1_65' title="bbox 2146 2982 3802 3064; baseline 0.004 -26"><span class='ocrx_word' id='word_1_434' title='bbox 2146 2985 2237 3039; x_wconf 82' lang='grc'>27.</span> <span class='ocrx_word' id='word_1_435' title='bbox 2275 2983 2341 3040; x_wconf 74' lang='grc' dir='ltr'>οι</span> <span class='ocrx_word' id='word_1_436' title='bbox 2368 2985 2580 3040; x_wconf 79' lang='lat' dir='ltr'>[carius</span> <span class='ocrx_word' id='word_1_437' title='bbox 2632 2982 2702 3038; x_wconf 88' lang='lat' dir='ltr'>ad</span> <span class='ocrx_word' id='word_1_438' title='bbox 2755 2983 3137 3064; x_wconf 72' lang='lat' dir='ltr'>imperatorem</span> <span class='ocrx_word' id='word_1_439' title='bbox 3199 2987 3579 3064; x_wconf 67' lang='lat' dir='ltr'>transfugiens</span> <span class='ocrx_word' id='word_1_440' title='bbox 3629 2989 3802 3044; x_wconf 79' lang='lat' dir='ltr'>classi</span> 
     </span>
    </p>
   </div>
   <div class='ocr_carea' id='block_1_60' title="bbox 2696 3057 3247 3126">
    <p class='ocr_par' dir='ltr' id='par_1_60' title="bbox 2696 3057 3247 3126">
     <span class='ocr_line' id='line_1_66' title="bbox 2696 3057 3247 3126; baseline 0.002 -18"><span class='ocrx_word' id='word_1_441' title='bbox 2696 3057 3031 3126; x_wconf 62' lang='lat' dir='ltr'>pracposz&#39;tus</span> <span class='ocrx_word' id='word_1_442' title='bbox 3058 3057 3247 3125; x_wconf 73' lang='lat' dir='ltr'>fuerit.</span> 
     </span>
    </p>
   </div>
   <div class='ocr_carea' id='block_1_61' title="bbox 2220 3160 3801 3232">
    <p class='ocr_par' dir='ltr' id='par_1_61' title="bbox 2220 3160 3801 3232">
     <span class='ocr_line' id='line_1_67' title="bbox 2220 3160 3801 3232; baseline 0.004 -16"><span class='ocrx_word' id='word_1_443' title='bbox 2220 3163 2312 3216; x_wconf 89' lang='lat' dir='ltr'>Sic</span> <span class='ocrx_word' id='word_1_444' title='bbox 2346 3177 2609 3232; x_wconf 89' lang='lat' dir='ltr'>represso</span> <span class='ocrx_word' id='word_1_445' title='bbox 2642 3160 2862 3231; x_wconf 68' lang='lat' dir='ltr'>impetu</span> <span class='ocrx_word' id='word_1_446' title='bbox 2898 3160 3103 3225; x_wconf 80' lang='lat' dir='ltr'>Caroli,</span> <span class='ocrx_word' id='word_1_447' title='bbox 3154 3160 3475 3232; x_wconf 80' lang='lat' dir='ltr'>imperator</span> <span class='ocrx_word' id='word_1_448' title='bbox 3517 3162 3630 3219; x_wconf 88' lang='lat' dir='ltr'>ista</span> <span class='ocrx_word' id='word_1_449' title='bbox 3661 3182 3801 3222; x_wconf 86' lang='lat' dir='ltr'>cura</span> 
     </span>
    </p>
   </div>
   <div class='ocr_carea' id='block_1_62' title="bbox 385 3250 3801 3346">
    <p class='ocr_par' dir='ltr' id='par_1_62' title="bbox 385 3250 3801 3346">
     <span class='ocr_line' id='line_1_68' title="bbox 385 3250 3801 3346; baseline -0.007 -13"><span class='ocrx_word' id='word_1_450' title='bbox 385 3281 603 3333; x_wconf 82' lang='lat' dir='ltr'>tratum</span> <span class='ocrx_word' id='word_1_451' title='bbox 649 3276 776 3346; x_wconf 86' lang='lat' dir='ltr'>jam</span> <span class='ocrx_word' id='word_1_452' title='bbox 828 3271 1131 3344; x_wconf 86' lang='lat' dir='ltr'>negotium</span> <span class='ocrx_word' id='word_1_453' title='bbox 1200 3271 1258 3323; x_wconf 90' lang='lat' dir='ltr'>et</span> <span class='ocrx_word' id='word_1_454' title='bbox 1323 3259 1683 3320; x_wconf 76' lang='lat' dir='ltr'>exsecutioni</span> <span class='ocrx_word' id='word_1_455' title='bbox 1747 3260 2034 3313; x_wconf 87' lang='lat' dir='ltr'>conventa</span> <span class='ocrx_word' id='word_1_456' title='bbox 2064 3263 2106 3328; x_wconf 71' lang='grc' dir='ltr'><strong>ρ</strong></span> <span class='ocrx_word' id='word_1_457' title='bbox 2146 3252 2369 3307; x_wconf 88' lang='lat' dir='ltr'>levatus</span> <span class='ocrx_word' id='word_1_458' title='bbox 2400 3267 2466 3305; x_wconf 92' lang='lat' dir='ltr'>eo</span> <span class='ocrx_word' id='word_1_459' title='bbox 2501 3250 2829 3305; x_wconf 82' lang='lat' dir='ltr'>animosius</span> <span class='ocrx_word' id='word_1_460' title='bbox 2875 3250 3145 3305; x_wconf 86' lang='lat' dir='ltr'>incubuit</span> <span class='ocrx_word' id='word_1_461' title='bbox 3189 3250 3248 3304; x_wconf 91' lang='lat' dir='ltr'>in</span> <span class='ocrx_word' id='word_1_462' title='bbox 3300 3267 3393 3305; x_wconf 87' lang='lat' dir='ltr'>res</span> <span class='ocrx_word' id='word_1_463' title='bbox 3443 3268 3583 3306; x_wconf 89' lang='lat' dir='ltr'>suas</span> <span class='ocrx_word' id='word_1_464' title='bbox 3623 3270 3801 3323; x_wconf 86' lang='lat' dir='ltr'>quam</span> 
     </span>
    </p>
   </div>
   <div class='ocr_carea' id='block_1_63' title="bbox 381 3349 2038 3430">
    <p class='ocr_par' dir='ltr' id='par_1_63' title="bbox 381 3349 2038 3430">
     <span class='ocr_line' id='line_1_69' title="bbox 381 3349 2038 3430; baseline -0.015 -7"><span class='ocrx_word' id='word_1_465' title='bbox 381 3367 684 3430; x_wconf 89' lang='lat' dir='ltr'>mandata,</span> <span class='ocrx_word' id='word_1_466' title='bbox 732 3363 912 3418; x_wconf 85' lang='lat' dir='ltr'>simul</span> <span class='ocrx_word' id='word_1_467' title='bbox 986 3359 1134 3415; x_wconf 90' lang='lat' dir='ltr'>clam</span> <span class='ocrx_word' id='word_1_468' title='bbox 1185 3355 1591 3412; x_wconf 86' lang='lat' dir='ltr'>sciscitaturos</span> <span class='ocrx_word' id='word_1_469' title='bbox 1653 3349 1796 3418; x_wconf 89' lang='lat' dir='ltr'>quid</span> <span class='ocrx_word' id='word_1_470' title='bbox 1843 3361 2038 3401; x_wconf 88' lang='lat' dir='ltr'>rerum</span> 
     </span>
    </p>
   </div>
   <div class='ocr_carea' id='block_1_64' title="bbox 383 3435 2043 3516">
    <p class='ocr_par' dir='ltr' id='par_1_64' title="bbox 383 3435 2043 3516">
     <span class='ocr_line' id='line_1_70' title="bbox 383 3435 2043 3516; baseline -0.014 -4"><span class='ocrx_word' id='word_1_471' title='bbox 383 3454 694 3512; x_wconf 81' lang='lat' dir='ltr'>moliretur</span> <span class='ocrx_word' id='word_1_472' title='bbox 757 3449 1026 3515; x_wconf 84' lang='lat' dir='ltr'>Carolus,</span> <span class='ocrx_word' id='word_1_473' title='bbox 1079 3450 1137 3503; x_wconf 93' lang='lat' dir='ltr'>et</span> <span class='ocrx_word' id='word_1_474' title='bbox 1186 3443 1395 3516; x_wconf 88' lang='lat' dir='ltr'>ecquid</span> <span class='ocrx_word' id='word_1_475' title='bbox 1457 3440 1650 3495; x_wconf 90' lang='lat' dir='ltr'>adhuc</span> <span class='ocrx_word' id='word_1_476' title='bbox 1705 3435 2043 3492; x_wconf 85' lang='lat' dir='ltr'>demisisset</span> 
     </span>
    </p>
   </div>
   <div class='ocr_carea' id='block_1_65' title="bbox 386 3525 2045 3609">
    <p class='ocr_par' dir='ltr' id='par_1_65' title="bbox 386 3525 2045 3609">
     <span class='ocr_line' id='line_1_71' title="bbox 386 3525 2045 3609; baseline -0.014 -8"><span class='ocrx_word' id='word_1_477' title='bbox 386 3545 680 3607; x_wconf 89' lang='lat' dir='ltr'>animum,</span> <span class='ocrx_word' id='word_1_478' title='bbox 715 3541 834 3596; x_wconf 79' lang='lat' dir='ltr'>fero</span> <span class='ocrx_word' id='word_1_479' title='bbox 866 3538 966 3594; x_wconf 92' lang='lat' dir='ltr'>illo</span> <span class='ocrx_word' id='word_1_480' title='bbox 999 3554 1115 3609; x_wconf 90' lang='lat' dir='ltr'>quo</span> <span class='ocrx_word' id='word_1_481' title='bbox 1143 3535 1201 3590; x_wconf 90' lang='lat' dir='ltr'>in</span> <span class='ocrx_word' id='word_1_482' title='bbox 1232 3538 1462 3588; x_wconf 61' lang='lat' dir='ltr'>Graecos</span> <span class='ocrx_word' id='word_1_483' title='bbox 1493 3535 1664 3584; x_wconf 87' lang='lat' dir='ltr'>antea</span> <span class='ocrx_word' id='word_1_484' title='bbox 1688 3525 2045 3580; x_wconf 86' lang='lat' dir='ltr'>incitabatur</span> 
     </span>
    </p>
   </div>
   <div class='ocr_carea' id='block_1_66' title="bbox 387 3616 2046 3704">
    <p class='ocr_par' dir='ltr' id='par_1_66' title="bbox 387 3616 2046 3704">
     <span class='ocr_line' id='line_1_72' title="bbox 387 3616 2046 3704; baseline -0.015 -12"><span class='ocrx_word' id='word_1_485' title='bbox 387 3637 545 3691; x_wconf 72' lang='lat'>410</span> <span class='ocrx_word' id='word_1_486' title='bbox 578 3634 803 3704; x_wconf 86' lang='lat' dir='ltr'>impetu</span> <span class='ocrx_word' id='word_1_487' title='bbox 835 3628 1105 3686; x_wconf 89' lang='lat' dir='ltr'>remisso.</span> <span class='ocrx_word' id='word_1_488' title='bbox 1159 3623 1358 3694; x_wconf 78' lang='lat' dir='ltr'>Legati</span> <span class='ocrx_word' id='word_1_489' title='bbox 1409 3617 1643 3692; x_wconf 84' lang='lat' dir='ltr'>appulsi</span> <span class='ocrx_word' id='word_1_490' title='bbox 1694 3616 2046 3672; x_wconf 84' lang='lat' dir='ltr'>nuntiarunt</span> 
     </span>
    </p>
   </div>
   <div class='ocr_carea' id='block_1_67' title="bbox 388 3705 2042 3790">
    <p class='ocr_par' dir='ltr' id='par_1_67' title="bbox 388 3705 2042 3790">
     <span class='ocr_line' id='line_1_73' title="bbox 388 3705 2042 3790; baseline -0.015 -10"><span class='ocrx_word' id='word_1_491' title='bbox 388 3726 865 3780; x_wconf 86' lang='lat' dir='ltr'>consummatam</span> <span class='ocrx_word' id='word_1_492' title='bbox 900 3733 1122 3790; x_wconf 86' lang='lat' dir='ltr'>pacem,</span> <span class='ocrx_word' id='word_1_493' title='bbox 1159 3710 1452 3782; x_wconf 88' lang='lat' dir='ltr'>etexcepti</span> <span class='ocrx_word' id='word_1_494' title='bbox 1480 3705 1861 3780; x_wconf 87' lang='lat' dir='ltr'>perbenevole</span> <span class='ocrx_word' id='word_1_495' title='bbox 1884 3705 2042 3757; x_wconf 88' lang='lat' dir='ltr'>sunt.</span> 
     </span>
    </p>
   </div>
   <div class='ocr_carea' id='block_1_68' title="bbox 388 3797 2044 3872">
    <p class='ocr_par' dir='ltr' id='par_1_68' title="bbox 388 3797 2044 3872">
     <span class='ocr_line' id='line_1_74' title="bbox 388 3797 2044 3872; baseline -0.016 0"><span class='ocrx_word' id='word_1_496' title='bbox 388 3816 746 3872; x_wconf 85' lang='lat' dir='ltr'>Invenerunt</span> <span class='ocrx_word' id='word_1_497' title='bbox 786 3814 982 3866; x_wconf 87' lang='lat' dir='ltr'>autem</span> <span class='ocrx_word' id='word_1_498' title='bbox 1027 3807 1105 3862; x_wconf 88' lang='lat' dir='ltr'>ibi</span> <span class='ocrx_word' id='word_1_499' title='bbox 1157 3802 1425 3859; x_wconf 74' lang='lat' dir='ltr'>Carolum</span> <span class='ocrx_word' id='word_1_500' title='bbox 1474 3798 1665 3854; x_wconf 88' lang='lat' dir='ltr'>minas</span> <span class='ocrx_word' id='word_1_501' title='bbox 1697 3797 2044 3867; x_wconf 87' lang='lat' dir='ltr'>spirantem,</span> 
     </span>
    </p>
   </div>
   <div class='ocr_carea' id='block_1_69' title="bbox 391 3884 2046 3966">
    <p class='ocr_par' dir='ltr' id='par_1_69' title="bbox 391 3884 2046 3966">
     <span class='ocr_line' id='line_1_75' title="bbox 391 3884 2046 3966; baseline -0.015 -6"><span class='ocrx_word' id='word_1_502' title='bbox 391 3909 451 3960; x_wconf 92' lang='lat' dir='ltr'>et</span> <span class='ocrx_word' id='word_1_503' title='bbox 483 3902 644 3959; x_wconf 90' lang='lat' dir='ltr'>omni</span> <span class='ocrx_word' id='word_1_504' title='bbox 675 3898 1053 3956; x_wconf 83' lang='lat' dir='ltr'>contentione</span> <span class='ocrx_word' id='word_1_505' title='bbox 1086 3910 1324 3966; x_wconf 87' lang='lat' dir='ltr'>precum</span> <span class='ocrx_word' id='word_1_506' title='bbox 1355 3888 1795 3945; x_wconf 87' lang='lat' dir='ltr'>incumbentem</span> <span class='ocrx_word' id='word_1_507' title='bbox 1820 3884 1892 3938; x_wconf 90' lang='lat' dir='ltr'>ad</span> <span class='ocrx_word' id='word_1_508' title='bbox 1915 3899 2046 3937; x_wconf 89' lang='lat' dir='ltr'>exo-</span> 
     </span>
    </p>
   </div>
   <div class='ocr_carea' id='block_1_70' title="bbox 392 3973 2047 4061">
    <p class='ocr_par' dir='ltr' id='par_1_70' title="bbox 392 3973 2047 4061">
     <span class='ocr_line' id='line_1_76' title="bbox 392 3973 2047 4061; baseline -0.015 -13"><span class='ocrx_word' id='word_1_509' title='bbox 392 3993 649 4048; x_wconf 89' lang='lat' dir='ltr'>randum</span> <span class='ocrx_word' id='word_1_510' title='bbox 681 3990 900 4061; x_wconf 88' lang='lat' dir='ltr'>Papam</span> <span class='ocrx_word' id='word_1_511' title='bbox 936 3991 1001 4041; x_wconf 90' lang='lat' dir='ltr'>ut</span> <span class='ocrx_word' id='word_1_512' title='bbox 1024 3984 1133 4040; x_wconf 91' lang='lat' dir='ltr'>sibi</span> <span class='ocrx_word' id='word_1_513' title='bbox 1158 3981 1519 4053; x_wconf 88' lang='lat' dir='ltr'>permitteret</span> <span class='ocrx_word' id='word_1_514' title='bbox 1539 3973 1964 4047; x_wconf 80' lang='lat' dir='ltr'>expeditionem</span> <span class='ocrx_word' id='word_1_515' title='bbox 1990 3973 2047 4026; x_wconf 91' lang='lat' dir='ltr'>in</span> 
     </span>
    </p>
   </div>
   <div class='ocr_carea' id='block_1_71' title="bbox 389 4062 2051 4144">
    <p class='ocr_par' dir='ltr' id='par_1_71' title="bbox 389 4062 2051 4144">
     <span class='ocr_line' id='line_1_77' title="bbox 389 4062 2051 4144; baseline -0.014 -6"><span class='ocrx_word' id='word_1_516' title='bbox 389 4083 600 4138; x_wconf 89' lang='lat' dir='ltr'>urbem</span> <span class='ocrx_word' id='word_1_517' title='bbox 632 4072 1222 4144; x_wconf 87' lang='lat' dir='ltr'>Constantinopolim.</span> <span class='ocrx_word' id='word_1_518' title='bbox 1253 4069 1545 4124; x_wconf 90' lang='lat' dir='ltr'>Videbant</span> <span class='ocrx_word' id='word_1_519' title='bbox 1574 4065 1757 4137; x_wconf 84' lang='lat' dir='ltr'>igitur</span> <span class='ocrx_word' id='word_1_520' title='bbox 1787 4062 2051 4134; x_wconf 88' lang='lat' dir='ltr'>quotidie</span> 
     </span>
    </p>
   </div>
   <div class='ocr_carea' id='block_1_72' title="bbox 391 4152 2050 4234">
    <p class='ocr_par' dir='ltr' id='par_1_72' title="bbox 391 4152 2050 4234">
     <span class='ocr_line' id='line_1_78' title="bbox 391 4152 2050 4234; baseline -0.014 -6"><span class='ocrx_word' id='word_1_521' title='bbox 391 4169 800 4229; x_wconf 89' lang='lat' dir='ltr'>advolventem</span> <span class='ocrx_word' id='word_1_522' title='bbox 852 4181 914 4222; x_wconf 91' lang='lat' dir='ltr'>se</span> <span class='ocrx_word' id='word_1_523' title='bbox 983 4164 1150 4234; x_wconf 71' lang='lat' dir='ltr'>Papae</span> <span class='ocrx_word' id='word_1_524' title='bbox 1223 4159 1492 4232; x_wconf 86' lang='lat' dir='ltr'>pedibus,</span> <span class='ocrx_word' id='word_1_525' title='bbox 1563 4160 1620 4210; x_wconf 87' lang='lat' dir='ltr'>et</span> <span class='ocrx_word' id='word_1_526' title='bbox 1671 4171 1736 4210; x_wconf 87' lang='lat' dir='ltr'>eo</span> <span class='ocrx_word' id='word_1_527' title='bbox 1799 4152 2050 4207; x_wconf 89' lang='lat' dir='ltr'>subinde</span> 
     </span>
    </p>
   </div>
   <div class='ocr_carea' id='block_1_73' title="bbox 390 4244 2050 4332">
    <p class='ocr_par' dir='ltr' id='par_1_73' title="bbox 390 4244 2050 4332">
     <span class='ocr_line' id='line_1_79' title="bbox 390 4244 2050 4332; baseline -0.013 -14"><span class='ocrx_word' id='word_1_528' title='bbox 390 4261 612 4318; x_wconf 84' lang='lat' dir='ltr'>furoris</span> <span class='ocrx_word' id='word_1_529' title='bbox 643 4254 1064 4332; x_wconf 86' lang='lat' dir='ltr'>inquietissimi</span> <span class='ocrx_word' id='word_1_530' title='bbox 1101 4253 1609 4325; x_wconf 89' lang='lat' dir='ltr'>prorumpentem,</span> <span class='ocrx_word' id='word_1_531' title='bbox 1644 4250 1707 4301; x_wconf 88' lang='lat' dir='ltr'>ut</span> <span class='ocrx_word' id='word_1_532' title='bbox 1737 4244 1893 4316; x_wconf 90' lang='lat' dir='ltr'>quod</span> <span class='ocrx_word' id='word_1_533' title='bbox 1929 4260 2050 4298; x_wconf 83' lang='lat' dir='ltr'>ma-</span> 
     </span>
    </p>
   </div>
   <div class='ocr_carea' id='block_1_74' title="bbox 394 4334 2051 4411">
    <p class='ocr_par' dir='ltr' id='par_1_74' title="bbox 394 4334 2051 4411">
     <span class='ocr_line' id='line_1_80' title="bbox 394 4334 2051 4411; baseline -0.013 -5"><span class='ocrx_word' id='word_1_534' title='bbox 394 4351 572 4406; x_wconf 85' lang='lat' dir='ltr'>nibus</span> <span class='ocrx_word' id='word_1_535' title='bbox 624 4363 784 4402; x_wconf 88' lang='lat' dir='ltr'>more</span> <span class='ocrx_word' id='word_1_536' title='bbox 835 4343 1172 4400; x_wconf 89' lang='lat' dir='ltr'>Italicorum</span> <span class='ocrx_word' id='word_1_537' title='bbox 1226 4338 1561 4411; x_wconf 86' lang='lat' dir='ltr'>principum</span> <span class='ocrx_word' id='word_1_538' title='bbox 1612 4334 1880 4408; x_wconf 86' lang='lat' dir='ltr'>gestabat</span> <span class='ocrx_word' id='word_1_539' title='bbox 1929 4347 2051 4387; x_wconf 92' lang='lat' dir='ltr'>sce-</span> 
     </span>
    </p>
   </div>
   <div class='ocr_carea' id='block_1_75' title="bbox 395 4421 2054 4513">
    <p class='ocr_par' dir='ltr' id='par_1_75' title="bbox 395 4421 2054 4513">
     <span class='ocr_line' id='line_1_81' title="bbox 395 4421 2054 4513; baseline -0.012 -18"><span class='ocrx_word' id='word_1_540' title='bbox 395 4446 623 4513; x_wconf 89' lang='lat' dir='ltr'>ptrum,</span> <span class='ocrx_word' id='word_1_541' title='bbox 669 4434 1104 4491; x_wconf 87' lang='lat' dir='ltr'>commorderet</span> <span class='ocrx_word' id='word_1_542' title='bbox 1169 4430 1400 4484; x_wconf 87' lang='lat' dir='ltr'>rabiose</span> <span class='ocrx_word' id='word_1_543' title='bbox 1451 4423 1705 4482; x_wconf 87' lang='lat' dir='ltr'>admotis</span> <span class='ocrx_word' id='word_1_544' title='bbox 1757 4421 2054 4490; x_wconf 88' lang='lat' dir='ltr'>dentibus,</span> 
     </span>
    </p>
   </div>
   <div class='ocr_carea' id='block_1_76' title="bbox 397 4512 2057 4600">
    <p class='ocr_par' dir='ltr' id='par_1_76' title="bbox 397 4512 2057 4600">
     <span class='ocr_line' id='line_1_82' title="bbox 397 4512 2057 4600; baseline -0.011 -16"><span class='ocrx_word' id='word_1_545' title='bbox 397 4512 723 4600; x_wconf 85' lang='lat' dir='ltr'>indignans</span> <span class='ocrx_word' id='word_1_546' title='bbox 756 4524 867 4580; x_wconf 89' lang='lat' dir='ltr'>sibi</span> <span class='ocrx_word' id='word_1_547' title='bbox 902 4521 1125 4593; x_wconf 85' lang='lat' dir='ltr'>negari,</span> <span class='ocrx_word' id='word_1_548' title='bbox 1150 4535 1329 4590; x_wconf 89' lang='lat' dir='ltr'>quam</span> <span class='ocrx_word' id='word_1_549' title='bbox 1353 4512 2057 4584; x_wconf 87' lang='lat' dir='ltr'>instantissime&#39;petebat,</span> 
     </span>
    </p>
   </div>
   <div class='ocr_carea' id='block_1_77' title="bbox 2148 3339 3798 3413">
    <p class='ocr_par' dir='ltr' id='par_1_77' title="bbox 2148 3339 3798 3413">
     <span class='ocr_line' id='line_1_83' title="bbox 2148 3339 3798 3413; baseline -0.001 -15"><span class='ocrx_word' id='word_1_550' title='bbox 2148 3341 2364 3413; x_wconf 86' lang='lat' dir='ltr'>optime</span> <span class='ocrx_word' id='word_1_551' title='bbox 2395 3340 2836 3395; x_wconf 64' lang='lat' dir='ltr'>constituendas</span> <span class='ocrx_word' id='word_1_552' title='bbox 2867 3355 2936 3394; x_wconf 86' lang='lat' dir='ltr'>ex</span> <span class='ocrx_word' id='word_1_553' title='bbox 2966 3339 3237 3411; x_wconf 77' lang='lat' dir='ltr'>praesenti</span> <span class='ocrx_word' id='word_1_554' title='bbox 3284 3355 3419 3407; x_wconf 91' lang='lat' dir='ltr'>usu,</span> <span class='ocrx_word' id='word_1_555' title='bbox 3461 3342 3694 3410; x_wconf 88' lang='lat' dir='ltr'>quando</span> <span class='ocrx_word' id='word_1_556' title='bbox 3727 3343 3798 3396; x_wconf 90' lang='lat' dir='ltr'>ad</span> 
     </span>
    </p>
   </div>
   <div class='ocr_carea' id='block_1_78' title="bbox 2150 3429 3801 3503">
    <p class='ocr_par' dir='ltr' id='par_1_78' title="bbox 2150 3429 3801 3503">
     <span class='ocr_line' id='line_1_84' title="bbox 2150 3429 3801 3503; baseline -0.001 -15"><span class='ocrx_word' id='word_1_557' title='bbox 2150 3450 2213 3488; x_wconf 91' lang='lat' dir='ltr'>se</span> <span class='ocrx_word' id='word_1_558' title='bbox 2245 3432 2681 3503; x_wconf 85' lang='lat' dir='ltr'>contugientem</span> <span class='ocrx_word' id='word_1_559' title='bbox 2725 3429 2976 3502; x_wconf 72' lang='lat' dir='ltr'>benigne</span> <span class='ocrx_word' id='word_1_560' title='bbox 3022 3431 3269 3485; x_wconf 83' lang='lat' dir='ltr'>Icarium</span> <span class='ocrx_word' id='word_1_561' title='bbox 3327 3430 3558 3501; x_wconf 86' lang='lat' dir='ltr'>excipit,</span> <span class='ocrx_word' id='word_1_562' title='bbox 3610 3431 3801 3486; x_wconf 91' lang='lat' dir='ltr'>virum</span> 
     </span>
    </p>
   </div>
   <div class='ocr_carea' id='block_1_79' title="bbox 2151 3519 3801 3595">
    <p class='ocr_par' dir='ltr' id='par_1_79' title="bbox 2151 3519 3801 3595">
     <span class='ocr_line' id='line_1_85' title="bbox 2151 3519 3801 3595; baseline -0.001 -17"><span class='ocrx_word' id='word_1_563' title='bbox 2151 3524 2341 3579; x_wconf 87' lang='lat' dir='ltr'>multa</span> <span class='ocrx_word' id='word_1_564' title='bbox 2373 3523 2706 3595; x_wconf 66' lang='lat' dir='ltr'>praeliorum</span> <span class='ocrx_word' id='word_1_565' title='bbox 2740 3521 3098 3592; x_wconf 70' lang='lat' dir='ltr'>experientia</span> <span class='ocrx_word' id='word_1_566' title='bbox 3147 3519 3461 3575; x_wconf 82' lang='lat' dir='ltr'>militarem</span> <span class='ocrx_word' id='word_1_567' title='bbox 3493 3522 3801 3576; x_wconf 84' lang='lat' dir='ltr'>scientiam</span> 
     </span>
    </p>
   </div>
   <div class='ocr_carea' id='block_1_80' title="bbox 2153 3609 3800 3683">
    <p class='ocr_par' dir='ltr' id='par_1_80' title="bbox 2153 3609 3800 3683">
     <span class='ocr_line' id='line_1_86' title="bbox 2153 3609 3800 3683; baseline -0.001 -16"><span class='ocrx_word' id='word_1_568' title='bbox 2153 3614 2453 3683; x_wconf 72' lang='lat' dir='ltr'>adeptum.</span> <span class='ocrx_word' id='word_1_569' title='bbox 2487 3612 2764 3682; x_wconf 81' lang='lat' dir='ltr'>Princeps</span> <span class='ocrx_word' id='word_1_570' title='bbox 2797 3611 2846 3665; x_wconf 90' lang='lat' dir='ltr'>is</span> <span class='ocrx_word' id='word_1_571' title='bbox 2879 3609 3292 3664; x_wconf 68' lang='lat' dir='ltr'>fueratinsulaa</span> <span class='ocrx_word' id='word_1_572' title='bbox 3319 3611 3800 3682; x_wconf 74' lang='lat' dir='ltr'>maximae,quam</span> 
     </span>
    </p>
   </div>
   <div class='ocr_carea' id='block_1_81' title="bbox 2153 3699 3804 3774">
    <p class='ocr_par' dir='ltr' id='par_1_81' title="bbox 2153 3699 3804 3774">
     <span class='ocr_line' id='line_1_87' title="bbox 2153 3699 3804 3774; baseline -0.001 -17"><span class='ocrx_word' id='word_1_573' title='bbox 2153 3704 2255 3774; x_wconf 90' lang='lat' dir='ltr'>qui</span> <span class='ocrx_word' id='word_1_574' title='bbox 2274 3702 2392 3756; x_wconf 82' lang='lat' dir='ltr'>illic</span> <span class='ocrx_word' id='word_1_575' title='bbox 2406 3702 2627 3772; x_wconf 85' lang='lat' dir='ltr'>degunt</span> <span class='ocrx_word' id='word_1_576' title='bbox 2649 3699 3064 3771; x_wconf 75' lang='lat' dir='ltr'>Ancmopylas,</span> <span class='ocrx_word' id='word_1_577' title='bbox 3088 3700 3197 3754; x_wconf 87' lang='lat' dir='ltr'>hoc</span> <span class='ocrx_word' id='word_1_578' title='bbox 3220 3705 3309 3754; x_wconf 89' lang='lat' dir='ltr'>est</span> <span class='ocrx_word' id='word_1_579' title='bbox 3333 3705 3641 3755; x_wconf 88' lang='lat' dir='ltr'>ventorum</span> <span class='ocrx_word' id='word_1_580' title='bbox 3679 3719 3804 3771; x_wconf 89' lang='lat' dir='ltr'>por-</span> 
     </span>
    </p>
   </div>
   <div class='ocr_carea' id='block_1_82' title="bbox 2155 3789 3804 3856">
    <p class='ocr_par' dir='ltr' id='par_1_82' title="bbox 2155 3789 3804 3856">
     <span class='ocr_line' id='line_1_88' title="bbox 2155 3789 3804 3856; baseline -0.001 -10"><span class='ocrx_word' id='word_1_581' title='bbox 2155 3797 2266 3856; x_wconf 89' lang='lat' dir='ltr'>tas,</span> <span class='ocrx_word' id='word_1_582' title='bbox 2298 3792 2446 3845; x_wconf 79' lang='lat' dir='ltr'>4ll</span> <span class='ocrx_word' id='word_1_583' title='bbox 2481 3806 2684 3844; x_wconf 86' lang='lat' dir='ltr'>vocare</span> <span class='ocrx_word' id='word_1_584' title='bbox 2725 3794 3174 3843; x_wconf 83' lang='lat' dir='ltr'>consueverunt.</span> <span class='ocrx_word' id='word_1_585' title='bbox 3228 3789 3368 3842; x_wconf 89' lang='lat' dir='ltr'>Inde</span> <span class='ocrx_word' id='word_1_586' title='bbox 3418 3794 3612 3844; x_wconf 86' lang='lat' dir='ltr'>autem</span> <span class='ocrx_word' id='word_1_587' title='bbox 3663 3807 3804 3844; x_wconf 91' lang='lat' dir='ltr'>casu</span> 
     </span>
    </p>
   </div>
   <div class='ocr_carea' id='block_1_83' title="bbox 2155 3877 3808 3948">
    <p class='ocr_par' dir='ltr' id='par_1_83' title="bbox 2155 3877 3808 3948">
     <span class='ocr_line' id='line_1_89' title="bbox 2155 3877 3808 3948; baseline -0.001 -14"><span class='ocrx_word' id='word_1_588' title='bbox 2155 3887 2220 3934; x_wconf 90' lang='lat' dir='ltr'>ut</span> <span class='ocrx_word' id='word_1_589' title='bbox 2250 3877 2630 3933; x_wconf 88' lang='lat' dir='ltr'>conversione</span> <span class='ocrx_word' id='word_1_590' title='bbox 2672 3879 2928 3947; x_wconf 86' lang='lat' dir='ltr'>quadam</span> <span class='ocrx_word' id='word_1_591' title='bbox 2961 3877 3139 3931; x_wconf 88' lang='lat' dir='ltr'>sortis</span> <span class='ocrx_word' id='word_1_592' title='bbox 3169 3877 3241 3930; x_wconf 87' lang='lat' dir='ltr'>ad</span> <span class='ocrx_word' id='word_1_593' title='bbox 3272 3877 3685 3948; x_wconf 85' lang='lat' dir='ltr'>imperatorem</span> <span class='ocrx_word' id='word_1_594' title='bbox 3719 3879 3808 3932; x_wconf 80' lang='lat' dir='ltr'>fu-</span> 
     </span>
    </p>
   </div>
   <div class='ocr_carea' id='block_1_84' title="bbox 2157 3965 3809 4040">
    <p class='ocr_par' dir='ltr' id='par_1_84' title="bbox 2157 3965 3809 4040">
     <span class='ocr_line' id='line_1_90' title="bbox 2157 3965 3809 4040; baseline -0.001 -18"><span class='ocrx_word' id='word_1_595' title='bbox 2157 3984 2292 4040; x_wconf 84' lang='lat' dir='ltr'>gere</span> <span class='ocrx_word' id='word_1_596' title='bbox 2323 3965 2666 4036; x_wconf 89' lang='lat' dir='ltr'>compulsus</span> <span class='ocrx_word' id='word_1_597' title='bbox 2689 3967 2791 4034; x_wconf 86' lang='lat' dir='ltr'>jus</span> <span class='ocrx_word' id='word_1_598' title='bbox 2823 3965 2879 4018; x_wconf 89' lang='lat' dir='ltr'>in</span> <span class='ocrx_word' id='word_1_599' title='bbox 2901 3965 3301 4019; x_wconf 84' lang='lat' dir='ltr'>eaminsulam</span> <span class='ocrx_word' id='word_1_600' title='bbox 3335 3983 3511 4021; x_wconf 90' lang='lat' dir='ltr'>suum</span> <span class='ocrx_word' id='word_1_601' title='bbox 3537 3967 3588 4021; x_wconf 90' lang='lat' dir='ltr'>ei</span> <span class='ocrx_word' id='word_1_602' title='bbox 3611 3967 3809 4034; x_wconf 90' lang='lat' dir='ltr'>cessit,</span> 
     </span>
    </p>
   </div>
   <div class='ocr_carea' id='block_1_85' title="bbox 2158 4054 3809 4127">
    <p class='ocr_par' dir='ltr' id='par_1_85' title="bbox 2158 4054 3809 4127">
     <span class='ocr_line' id='line_1_91' title="bbox 2158 4054 3809 4127; baseline -0.001 -16"><span class='ocrx_word' id='word_1_603' title='bbox 2158 4057 2284 4127; x_wconf 79' lang='lat' dir='ltr'>ipse</span> <span class='ocrx_word' id='word_1_604' title='bbox 2312 4055 2371 4109; x_wconf 93' lang='lat' dir='ltr'>in</span> <span class='ocrx_word' id='word_1_605' title='bbox 2403 4054 2864 4109; x_wconf 80' lang='lat' dir='ltr'>domesticorum</span> <span class='ocrx_word' id='word_1_606' title='bbox 2914 4055 3166 4125; x_wconf 66' lang='lat' dir='ltr'>Augusti</span> <span class='ocrx_word' id='word_1_607' title='bbox 3211 4071 3451 4109; x_wconf 89' lang='lat' dir='ltr'>censum</span> <span class='ocrx_word' id='word_1_608' title='bbox 3494 4057 3809 4126; x_wconf 85' lang='lat' dir='ltr'>ascriptus.</span> 
     </span>
    </p>
   </div>
   <div class='ocr_carea' id='block_1_86' title="bbox 2159 4142 3813 4218">
    <p class='ocr_par' dir='ltr' id='par_1_86' title="bbox 2159 4142 3813 4218">
     <span class='ocr_line' id='line_1_92' title="bbox 2159 4142 3813 4218; baseline -0.002 -16"><span class='ocrx_word' id='word_1_609' title='bbox 2159 4147 2484 4218; x_wconf 89' lang='lat' dir='ltr'>Imperator</span> <span class='ocrx_word' id='word_1_610' title='bbox 2531 4149 2726 4198; x_wconf 88' lang='lat' dir='ltr'>autem</span> <span class='ocrx_word' id='word_1_611' title='bbox 2779 4142 2996 4197; x_wconf 86' lang='lat' dir='ltr'>amisso</span> <span class='ocrx_word' id='word_1_612' title='bbox 3039 4142 3212 4214; x_wconf 87' lang='lat' dir='ltr'>paulo</span> <span class='ocrx_word' id='word_1_613' title='bbox 3263 4148 3394 4197; x_wconf 90' lang='lat' dir='ltr'>ante</span> <span class='ocrx_word' id='word_1_614' title='bbox 3447 4144 3813 4200; x_wconf 86' lang='lat' dir='ltr'>sebastocra-</span> 
     </span>
    </p>
   </div>
   <div class='ocr_carea' id='block_1_87' title="bbox 2158 4231 3817 4302">
    <p class='ocr_par' dir='ltr' id='par_1_87' title="bbox 2158 4231 3817 4302">
     <span class='ocr_line' id='line_1_93' title="bbox 2158 4231 3817 4302; baseline -0.001 -12"><span class='ocrx_word' id='word_1_615' title='bbox 2158 4240 2304 4301; x_wconf 86' lang='lat' dir='ltr'>tore,</span> <span class='ocrx_word' id='word_1_616' title='bbox 2337 4237 2556 4289; x_wconf 86' lang='lat' dir='ltr'>amisso</span> <span class='ocrx_word' id='word_1_617' title='bbox 2587 4233 2728 4287; x_wconf 84' lang='lat' dir='ltr'>item</span> <span class='ocrx_word' id='word_1_618' title='bbox 2761 4233 3006 4302; x_wconf 84' lang='lat' dir='ltr'>despota</span> <span class='ocrx_word' id='word_1_619' title='bbox 3053 4231 3332 4285; x_wconf 83' lang='lat' dir='ltr'>fratribus</span> <span class='ocrx_word' id='word_1_620' title='bbox 3382 4231 3527 4299; x_wconf 91' lang='lat' dir='ltr'>suis,</span> <span class='ocrx_word' id='word_1_621' title='bbox 3581 4239 3638 4288; x_wconf 92' lang='lat' dir='ltr'>et</span> <span class='ocrx_word' id='word_1_622' title='bbox 3682 4239 3817 4289; x_wconf 86' lang='lat' dir='ltr'>ante</span> 
     </span>
    </p>
   </div>
   <div class='ocr_carea' id='block_1_88' title="bbox 2161 4321 3812 4394">
    <p class='ocr_par' dir='ltr' id='par_1_88' title="bbox 2161 4321 3812 4394">
     <span class='ocr_line' id='line_1_94' title="bbox 2161 4321 3812 4394; baseline -0.002 -14"><span class='ocrx_word' id='word_1_623' title='bbox 2161 4325 2270 4380; x_wconf 91' lang='lat' dir='ltr'>hos</span> <span class='ocrx_word' id='word_1_624' title='bbox 2329 4329 2515 4378; x_wconf 88' lang='lat' dir='ltr'>morte</span> <span class='ocrx_word' id='word_1_625' title='bbox 2574 4323 2793 4394; x_wconf 87' lang='lat' dir='ltr'>pariter</span> <span class='ocrx_word' id='word_1_626' title='bbox 2848 4321 3097 4377; x_wconf 85' lang='lat' dir='ltr'>sublatis</span> <span class='ocrx_word' id='word_1_627' title='bbox 3156 4321 3270 4377; x_wconf 88' lang='lat' dir='ltr'>alio</span> <span class='ocrx_word' id='word_1_628' title='bbox 3327 4322 3812 4390; x_wconf 88' lang='lat' dir='ltr'>sebastocratore,</span> 
     </span>
    </p>
   </div>
   <div class='ocr_carea' id='block_1_89' title="bbox 2164 4411 3816 4487">
    <p class='ocr_par' dir='ltr' id='par_1_89' title="bbox 2164 4411 3816 4487">
     <span class='ocr_line' id='line_1_95' title="bbox 2164 4411 3816 4487; baseline -0.001 -18"><span class='ocrx_word' id='word_1_629' title='bbox 2164 4420 2443 4487; x_wconf 66' lang='lat' dir='ltr'>praeterea</span> <span class='ocrx_word' id='word_1_630' title='bbox 2480 4418 2728 4484; x_wconf 66' lang='lat' dir='ltr'>Caesare,</span> <span class='ocrx_word' id='word_1_631' title='bbox 2788 4417 2912 4468; x_wconf 91' lang='lat' dir='ltr'>tum</span> <span class='ocrx_word' id='word_1_632' title='bbox 2973 4411 3418 4484; x_wconf 88' lang='lat' dir='ltr'>protovestiario</span> <span class='ocrx_word' id='word_1_633' title='bbox 3476 4429 3542 4467; x_wconf 89' lang='lat' dir='ltr'>ac</span> <span class='ocrx_word' id='word_1_634' title='bbox 3600 4429 3816 4483; x_wconf 77' lang='lat' dir='ltr'>magno</span> 
     </span>
    </p>
   </div>
   <div class='ocr_carea' id='block_1_90' title="bbox 2167 4501 3817 4573">
    <p class='ocr_par' dir='ltr' id='par_1_90' title="bbox 2167 4501 3817 4573">
     <span class='ocr_line' id='line_1_96' title="bbox 2167 4501 3817 4573; baseline -0.003 -12"><span class='ocrx_word' id='word_1_635' title='bbox 2167 4507 2336 4571; x_wconf 88' lang='lat' dir='ltr'>duce,</span> <span class='ocrx_word' id='word_1_636' title='bbox 2369 4510 2426 4559; x_wconf 91' lang='lat' dir='ltr'>et</span> <span class='ocrx_word' id='word_1_637' title='bbox 2458 4507 2520 4558; x_wconf 91' lang='lat' dir='ltr'>ut</span> <span class='ocrx_word' id='word_1_638' title='bbox 2549 4504 2725 4557; x_wconf 76' lang='lat' dir='ltr'>verbo</span> <span class='ocrx_word' id='word_1_639' title='bbox 2758 4501 3114 4572; x_wconf 87' lang='lat' dir='ltr'>complectar</span> <span class='ocrx_word' id='word_1_640' title='bbox 3145 4517 3283 4568; x_wconf 87' lang='lat' dir='ltr'>uno,</span> <span class='ocrx_word' id='word_1_641' title='bbox 3337 4501 3636 4573; x_wconf 89' lang='lat' dir='ltr'>plerisque</span> <span class='ocrx_word' id='word_1_642' title='bbox 3686 4501 3817 4557; x_wconf 90' lang='lat' dir='ltr'>illo-</span> 
     </span>
    </p>
   </div>
   <div class='ocr_carea' id='block_1_91' title="bbox 398 4589 3819 4701">
    <p class='ocr_par' dir='ltr' id='par_1_91' title="bbox 398 4589 3819 4701">
     <span class='ocr_line' id='line_1_97' title="bbox 398 4589 3819 4701; baseline -0.008 -28"><span class='ocrx_word' id='word_1_643' title='bbox 398 4589 742 4674; x_wconf 70' lang='lat' dir='ltr'>facultatem</span> <span class='ocrx_word' id='word_1_644' title='bbox 781 4589 1138 4683; x_wconf 71' lang='lat' dir='ltr'>exsequendi</span> <span class='ocrx_word' id='word_1_645' title='bbox 1160 4589 1311 4679; x_wconf 82' lang='lat' dir='ltr'>quod</span> <span class='ocrx_word' id='word_1_646' title='bbox 1347 4604 1754 4670; x_wconf 85' lang='lat' dir='ltr'>constituerat,</span> <span class='ocrx_word' id='word_1_647' title='bbox 1786 4606 2056 4673; x_wconf 88' lang='lat' dir='ltr'>paratum</span> <span class='ocrx_word' id='word_1_648' title='bbox 2092 4639 2134 4701; x_wconf 82' lang='lat' dir='ltr'><strong>D</strong></span> <span class='ocrx_word' id='word_1_649' title='bbox 2169 4611 2299 4649; x_wconf 89' lang='lat' dir='ltr'>rum</span> <span class='ocrx_word' id='word_1_650' title='bbox 2332 4591 2822 4664; x_wconf 14' lang='lat' dir='ltr'>quirdignitatum</span> <span class='ocrx_word' id='word_1_651' title='bbox 2853 4590 3249 4645; x_wconf 81' lang='lat' dir='ltr'>maximarum</span> <span class='ocrx_word' id='word_1_652' title='bbox 3287 4589 3489 4646; x_wconf 87' lang='lat' dir='ltr'>titulos</span> <span class='ocrx_word' id='word_1_653' title='bbox 3518 4592 3819 4662; x_wconf 88' lang='lat' dir='ltr'>gerebant,</span> 
     </span>
    </p>
   </div>
   <div class='ocr_carea' id='block_1_92' title="bbox 398 4691 2053 4766">
    <p class='ocr_par' dir='ltr' id='par_1_92' title="bbox 398 4691 2053 4766">
     <span class='ocr_line' id='line_1_98' title="bbox 398 4691 2053 4766; baseline -0.012 -3"><span class='ocrx_word' id='word_1_654' title='bbox 398 4707 622 4764; x_wconf 86' lang='lat' dir='ltr'>scilicet</span> <span class='ocrx_word' id='word_1_655' title='bbox 636 4703 958 4760; x_wconf 84' lang='lat' dir='ltr'>exercitum</span> <span class='ocrx_word' id='word_1_656' title='bbox 988 4700 1270 4755; x_wconf 90' lang='lat' dir='ltr'>adversus</span> <span class='ocrx_word' id='word_1_657' title='bbox 1293 4697 1706 4766; x_wconf 87' lang='lat' dir='ltr'>imperatorem</span> <span class='ocrx_word' id='word_1_658' title='bbox 1730 4691 2012 4746; x_wconf 88' lang='lat' dir='ltr'>educendi</span> <span class='ocrx_word' id='word_1_659' title='bbox 2042 4706 2053 4743; x_wconf 93' lang='lat'>:</span> 
     </span>
    </p>
   </div>
   <div class='ocr_carea' id='block_1_93' title="bbox 387 4781 2056 4871">
    <p class='ocr_par' dir='ltr' id='par_1_93' title="bbox 387 4781 2056 4871">
     <span class='ocr_line' id='line_1_99' title="bbox 387 4781 2056 4871; baseline -0.012 -17"><span class='ocrx_word' id='word_1_660' title='bbox 387 4799 632 4871; x_wconf 84' lang='lat' dir='ltr'>juribus</span> <span class='ocrx_word' id='word_1_661' title='bbox 670 4797 741 4851; x_wconf 90' lang='lat' dir='ltr'>ad</span> <span class='ocrx_word' id='word_1_662' title='bbox 797 4795 854 4848; x_wconf 91' lang='lat' dir='ltr'>id</span> <span class='ocrx_word' id='word_1_663' title='bbox 909 4794 1127 4848; x_wconf 81' lang='lat' dir='ltr'>frustra</span> <span class='ocrx_word' id='word_1_664' title='bbox 1173 4785 1650 4844; x_wconf 81' lang='lat' dir='ltr'>commemoratis</span> <span class='ocrx_word' id='word_1_665' title='bbox 1700 4783 1847 4846; x_wconf 88' lang='lat' dir='ltr'>suis,</span> <span class='ocrx_word' id='word_1_666' title='bbox 1899 4781 2056 4836; x_wconf 89' lang='lat' dir='ltr'>haud</span> 
     </span>
    </p>
   </div>
   <div class='ocr_carea' id='block_1_94' title="bbox 403 4871 2056 4961">
    <p class='ocr_par' dir='ltr' id='par_1_94' title="bbox 403 4871 2056 4961">
     <span class='ocr_line' id='line_1_100' title="bbox 403 4871 2056 4961; baseline -0.011 -18"><span class='ocrx_word' id='word_1_667' title='bbox 403 4903 687 4961; x_wconf 85' lang='lat' dir='ltr'>persuaso</span> <span class='ocrx_word' id='word_1_668' title='bbox 749 4891 810 4940; x_wconf 92' lang='lat' dir='ltr'>ut</span> <span class='ocrx_word' id='word_1_669' title='bbox 857 4884 916 4938; x_wconf 92' lang='lat' dir='ltr'>id</span> <span class='ocrx_word' id='word_1_670' title='bbox 973 4879 1193 4937; x_wconf 90' lang='lat' dir='ltr'>bellum</span> <span class='ocrx_word' id='word_1_671' title='bbox 1263 4876 1614 4948; x_wconf 87' lang='lat' dir='ltr'>approbaret</span> <span class='ocrx_word' id='word_1_672' title='bbox 1661 4877 1718 4928; x_wconf 90' lang='lat' dir='ltr'>et</span> <span class='ocrx_word' id='word_1_673' title='bbox 1761 4873 1939 4927; x_wconf 89' lang='lat' dir='ltr'>surdo</span> <span class='ocrx_word' id='word_1_674' title='bbox 1985 4871 2056 4925; x_wconf 91' lang='lat' dir='ltr'>ad</span> 
     </span>
    </p>
   </div>
   <div class='ocr_carea' id='block_1_95' title="bbox 404 4959 2058 5048">
    <p class='ocr_par' dir='ltr' id='par_1_95' title="bbox 404 4959 2058 5048">
     <span class='ocr_line' id='line_1_101' title="bbox 404 4959 2058 5048; baseline -0.012 -15"><span class='ocrx_word' id='word_1_675' title='bbox 404 4993 604 5048; x_wconf 87' lang='lat' dir='ltr'>preces</span> <span class='ocrx_word' id='word_1_676' title='bbox 643 4990 848 5029; x_wconf 89' lang='lat' dir='ltr'>omnes</span> <span class='ocrx_word' id='word_1_677' title='bbox 883 4971 1028 5026; x_wconf 87' lang='lat' dir='ltr'>tales</span> <span class='ocrx_word' id='word_1_678' title='bbox 1061 4967 1410 5041; x_wconf 87' lang='lat' dir='ltr'>persistente</span> <span class='ocrx_word' id='word_1_679' title='bbox 1440 4969 1619 5035; x_wconf 90' lang='lat' dir='ltr'>Papa.</span> <span class='ocrx_word' id='word_1_680' title='bbox 1655 4961 1764 5029; x_wconf 85' lang='lat' dir='ltr'>Qui</span> <span class='ocrx_word' id='word_1_681' title='bbox 1796 4959 2058 5015; x_wconf 87' lang='lat' dir='ltr'>vicissim</span> 
     </span>
    </p>
   </div>
   <div class='ocr_carea' id='block_1_96' title="bbox 403 5051 2062 5138">
    <p class='ocr_par' dir='ltr' id='par_1_96' title="bbox 403 5051 2062 5138">
     <span class='ocr_line' id='line_1_102' title="bbox 403 5051 2062 5138; baseline -0.012 -16"><span class='ocrx_word' id='word_1_682' title='bbox 403 5065 703 5138; x_wconf 83' lang='lat' dir='ltr'>allegabat</span> <span class='ocrx_word' id='word_1_683' title='bbox 726 5061 931 5118; x_wconf 89' lang='lat' dir='ltr'>Carolo</span> <span class='ocrx_word' id='word_1_684' title='bbox 953 5060 1286 5115; x_wconf 63' lang='lat' dir='ltr'>Grecorum</span> <span class='ocrx_word' id='word_1_685' title='bbox 1302 5057 1458 5127; x_wconf 85' lang='lat' dir='ltr'>jura,</span> <span class='ocrx_word' id='word_1_686' title='bbox 1492 5053 1716 5124; x_wconf 81' lang='lat' dir='ltr'>placide</span> <span class='ocrx_word' id='word_1_687' title='bbox 1738 5051 2062 5106; x_wconf 89' lang='lat' dir='ltr'>admonens</span> 
     </span>
    </p>
   </div>
   <div class='ocr_carea' id='block_1_97' title="bbox 402 5140 2062 5230">
    <p class='ocr_par' dir='ltr' id='par_1_97' title="bbox 402 5140 2062 5230">
     <span class='ocr_line' id='line_1_103' title="bbox 402 5140 2062 5230; baseline -0.011 -18"><span class='ocrx_word' id='word_1_688' title='bbox 402 5170 742 5230; x_wconf 87' lang='lat' dir='ltr'>possessam</span> <span class='ocrx_word' id='word_1_689' title='bbox 773 5153 844 5207; x_wconf 87' lang='lat' dir='ltr'>ab</span> <span class='ocrx_word' id='word_1_690' title='bbox 862 5150 976 5205; x_wconf 89' lang='lat' dir='ltr'>illis</span> <span class='ocrx_word' id='word_1_691' title='bbox 997 5150 1223 5204; x_wconf 89' lang='lat' dir='ltr'>dudum</span> <span class='ocrx_word' id='word_1_692' title='bbox 1240 5140 1830 5213; x_wconf 86' lang='lat' dir='ltr'>ConstantinOpolim,</span> <span class='ocrx_word' id='word_1_693' title='bbox 1847 5140 2062 5195; x_wconf 89' lang='lat' dir='ltr'>iterum</span> 
     </span>
    </p>
   </div>
   <div class='ocr_carea' id='block_1_98' title="bbox 403 5231 2063 5314">
    <p class='ocr_par' dir='ltr' id='par_1_98' title="bbox 403 5231 2063 5314">
     <span class='ocr_line' id='line_1_104' title="bbox 403 5231 2063 5314; baseline -0.011 -14"><span class='ocrx_word' id='word_1_694' title='bbox 403 5245 477 5300; x_wconf 90' lang='lat' dir='ltr'>ad</span> <span class='ocrx_word' id='word_1_695' title='bbox 509 5244 792 5314; x_wconf 88' lang='lat' dir='ltr'>antiquos</span> <span class='ocrx_word' id='word_1_696' title='bbox 824 5240 1097 5296; x_wconf 88' lang='lat' dir='ltr'>dominos</span> <span class='ocrx_word' id='word_1_697' title='bbox 1133 5238 1368 5291; x_wconf 86' lang='lat' dir='ltr'>fortuna</span> <span class='ocrx_word' id='word_1_698' title='bbox 1409 5231 1754 5288; x_wconf 88' lang='lat' dir='ltr'>revolutam.</span> <span class='ocrx_word' id='word_1_699' title='bbox 1791 5231 1901 5284; x_wconf 82' lang='lat' dir='ltr'>Eas</span> <span class='ocrx_word' id='word_1_700' title='bbox 1935 5244 2063 5283; x_wconf 87' lang='lat' dir='ltr'>esse</span> 
     </span>
    </p>
   </div>
   <div class='ocr_carea' id='block_1_99' title="bbox 407 5321 2064 5395">
    <p class='ocr_par' dir='ltr' id='par_1_99' title="bbox 407 5321 2064 5395">
     <span class='ocr_line' id='line_1_105' title="bbox 407 5321 2064 5395; baseline -0.011 -6"><span class='ocrx_word' id='word_1_701' title='bbox 407 5351 606 5390; x_wconf 88' lang='lat' dir='ltr'>rerum</span> <span class='ocrx_word' id='word_1_702' title='bbox 639 5333 1037 5386; x_wconf 82' lang='lat' dir='ltr'>humanarum</span> <span class='ocrx_word' id='word_1_703' title='bbox 1068 5326 1246 5395; x_wconf 85' lang='lat' dir='ltr'>vices,</span> <span class='ocrx_word' id='word_1_704' title='bbox 1283 5329 1338 5380; x_wconf 92' lang='lat' dir='ltr'>et</span> <span class='ocrx_word' id='word_1_705' title='bbox 1370 5323 1546 5378; x_wconf 86' lang='lat' dir='ltr'>urbes</span> <span class='ocrx_word' id='word_1_706' title='bbox 1577 5326 1634 5376; x_wconf 90' lang='lat' dir='ltr'>et</span> <span class='ocrx_word' id='word_1_707' title='bbox 1657 5337 1797 5392; x_wconf 89' lang='lat' dir='ltr'>opes</span> <span class='ocrx_word' id='word_1_708' title='bbox 1825 5321 2064 5374; x_wconf 90' lang='lat' dir='ltr'>demum</span> 
     </span>
    </p>
   </div>
   <div class='ocr_carea' id='block_1_100' title="bbox 406 5408 2065 5493">
    <p class='ocr_par' dir='ltr' id='par_1_100' title="bbox 406 5408 2065 5493">
     <span class='ocr_line' id='line_1_106' title="bbox 406 5408 2065 5493; baseline -0.011 -14"><span class='ocrx_word' id='word_1_709' title='bbox 406 5429 651 5478; x_wconf 58' lang='lat' dir='ltr'>caeteras</span> <span class='ocrx_word' id='word_1_710' title='bbox 681 5419 920 5493; x_wconf 66' lang='lat' dir='ltr'>praemia</span> <span class='ocrx_word' id='word_1_711' title='bbox 969 5433 1100 5472; x_wconf 86' lang='lat' dir='ltr'>esse</span> <span class='ocrx_word' id='word_1_712' title='bbox 1152 5413 1312 5479; x_wconf 86' lang='lat' dir='ltr'>belli,</span> <span class='ocrx_word' id='word_1_713' title='bbox 1355 5413 1522 5481; x_wconf 85' lang='lat' dir='ltr'>eique</span> <span class='ocrx_word' id='word_1_714' title='bbox 1573 5410 1686 5481; x_wconf 88' lang='lat' dir='ltr'>legi</span> <span class='ocrx_word' id='word_1_715' title='bbox 1720 5408 2065 5481; x_wconf 83' lang='lat' dir='ltr'>acquiscen-</span> 
     </span>
    </p>
   </div>
   <div class='ocr_carea' id='block_1_101' title="bbox 408 5495 2066 5583">
    <p class='ocr_par' dir='ltr' id='par_1_101' title="bbox 408 5495 2066 5583">
     <span class='ocr_line' id='line_1_107' title="bbox 408 5495 2066 5583; baseline -0.011 -16"><span class='ocrx_word' id='word_1_716' title='bbox 408 5514 576 5579; x_wconf 89' lang='lat' dir='ltr'>dum,</span> <span class='ocrx_word' id='word_1_717' title='bbox 634 5507 958 5583; x_wconf 70' lang='lat' dir='ltr'>praesertim</span> <span class='ocrx_word' id='word_1_718' title='bbox 993 5522 1126 5560; x_wconf 89' lang='lat' dir='ltr'>cum</span> <span class='ocrx_word' id='word_1_719' title='bbox 1159 5502 1340 5560; x_wconf 72' lang='lat' dir='ltr'>Graeci</span> <span class='ocrx_word' id='word_1_720' title='bbox 1373 5516 1610 5572; x_wconf 90' lang='lat' dir='ltr'>quoque</span> <span class='ocrx_word' id='word_1_721' title='bbox 1653 5498 1919 5555; x_wconf 71' lang='lat' dir='ltr'>Ecclesiae</span> <span class='ocrx_word' id='word_1_722' title='bbox 1961 5495 2066 5550; x_wconf 85' lang='lat' dir='ltr'>ﬁlii</span> 
     </span>
    </p>
   </div>
   <div class='ocr_carea' id='block_1_102' title="bbox 403 5590 2067 5670">
    <p class='ocr_par' dir='ltr' id='par_1_102' title="bbox 403 5590 2067 5670">
     <span class='ocr_line' id='line_1_108' title="bbox 403 5590 2067 5670; baseline -0.01 -12"><span class='ocrx_word' id='word_1_723' title='bbox 403 5599 842 5670; x_wconf 80' lang='lat' dir='ltr'>Christianique</span> <span class='ocrx_word' id='word_1_724' title='bbox 868 5600 1102 5652; x_wconf 88' lang='lat' dir='ltr'>essent:</span> <span class='ocrx_word' id='word_1_725' title='bbox 1139 5617 1166 5644; x_wconf 89' lang='lat'><strong>«</strong></span> <span class='ocrx_word' id='word_1_726' title='bbox 1208 5597 1429 5663; x_wconf 89' lang='lat' dir='ltr'>Neque,</span> <span class='ocrx_word' id='word_1_727' title='bbox 1484 5590 1696 5652; x_wconf 87' lang='lat' dir='ltr'>aiebat,</span> <span class='ocrx_word' id='word_1_728' title='bbox 1750 5603 2067 5659; x_wconf 88' lang='lat' dir='ltr'>possumus</span> 
     </span>
    </p>
   </div>
   <div class='ocr_carea' id='block_1_103' title="bbox 403 5678 2066 5750">
    <p class='ocr_par' dir='ltr' id='par_1_103' title="bbox 403 5678 2066 5750">
     <span class='ocr_line' id='line_1_109' title="bbox 403 5678 2066 5750; baseline -0.01 -3"><span class='ocrx_word' id='word_1_729' title='bbox 403 5691 773 5747; x_wconf 88' lang='lat' dir='ltr'>Christianos</span> <span class='ocrx_word' id='word_1_730' title='bbox 806 5702 942 5744; x_wconf 89' lang='lat' dir='ltr'>cum</span> <span class='ocrx_word' id='word_1_731' title='bbox 971 5681 1318 5741; x_wconf 86' lang='lat' dir='ltr'>Christianis</span> <span class='ocrx_word' id='word_1_732' title='bbox 1350 5679 1745 5750; x_wconf 86' lang='lat' dir='ltr'>committere,</span> <span class='ocrx_word' id='word_1_733' title='bbox 1798 5695 1868 5734; x_wconf 91' lang='lat' dir='ltr'>ne</span> <span class='ocrx_word' id='word_1_734' title='bbox 1918 5678 2066 5732; x_wconf 91' lang='lat' dir='ltr'>iram</span> 
     </span>
    </p>
   </div>
   <div class='ocr_carea' id='block_1_104' title="bbox 409 5779 1248 5850">
    <p class='ocr_par' dir='ltr' id='par_1_104' title="bbox 409 5779 1248 5850">
     <span class='ocr_line' id='line_1_110' title="bbox 409 5779 1248 5850; baseline -0.012 -12"><span class='ocrx_word' id='word_1_735' title='bbox 409 5781 474 5838; x_wconf 88' lang='lat' dir='ltr'>in</span> <span class='ocrx_word' id='word_1_736' title='bbox 508 5798 615 5840; x_wconf 91' lang='lat' dir='ltr'>nos</span> <span class='ocrx_word' id='word_1_737' title='bbox 645 5779 746 5836; x_wconf 89' lang='lat' dir='ltr'>Dei</span> <span class='ocrx_word' id='word_1_738' title='bbox 777 5789 1182 5850; x_wconf 85' lang='lat' dir='ltr'>provocemus.</span> <span class='ocrx_word' id='word_1_739' title='bbox 1219 5793 1248 5822; x_wconf 84' lang='lat'><strong><em>»</em></strong></span> 
     </span>
    </p>
   </div>
   <div class='ocr_carea' id='block_1_105' title="bbox 2168 4679 3822 4746">
    <p class='ocr_par' dir='ltr' id='par_1_105' title="bbox 2168 4679 3822 4746">
     <span class='ocr_line' id='line_1_111' title="bbox 2168 4679 3822 4746; baseline -0.003 -5"><span class='ocrx_word' id='word_1_740' title='bbox 2168 4691 2299 4742; x_wconf 87' lang='lat' dir='ltr'>cum</span> <span class='ocrx_word' id='word_1_741' title='bbox 2334 4684 2570 4738; x_wconf 90' lang='lat' dir='ltr'>deberet</span> <span class='ocrx_word' id='word_1_742' title='bbox 2602 4682 2870 4736; x_wconf 82' lang='lat' dir='ltr'>sufficere</span> <span class='ocrx_word' id='word_1_743' title='bbox 2902 4679 3048 4735; x_wconf 91' lang='lat' dir='ltr'>alios</span> <span class='ocrx_word' id='word_1_744' title='bbox 3099 4682 3158 4734; x_wconf 92' lang='lat' dir='ltr'>in</span> <span class='ocrx_word' id='word_1_745' title='bbox 3210 4697 3412 4736; x_wconf 86' lang='lat' dir='ltr'>eorum</span> <span class='ocrx_word' id='word_1_746' title='bbox 3466 4681 3612 4746; x_wconf 91' lang='lat' dir='ltr'>loca,</span> <span class='ocrx_word' id='word_1_747' title='bbox 3663 4681 3822 4737; x_wconf 90' lang='lat' dir='ltr'>hunc</span> 
     </span>
    </p>
   </div>
   <div class='ocr_carea' id='block_1_106' title="bbox 2169 4769 3819 4847">
    <p class='ocr_par' dir='ltr' id='par_1_106' title="bbox 2169 4769 3819 4847">
     <span class='ocr_line' id='line_1_112' title="bbox 2169 4769 3819 4847; baseline -0.002 -18"><span class='ocrx_word' id='word_1_748' title='bbox 2169 4775 2404 4847; x_wconf 87' lang='lat' dir='ltr'>quidem</span> <span class='ocrx_word' id='word_1_749' title='bbox 2439 4775 2688 4828; x_wconf 83' lang='lat' dir='ltr'>Icarium</span> <span class='ocrx_word' id='word_1_750' title='bbox 2720 4770 2988 4824; x_wconf 88' lang='lat' dir='ltr'>adhucin</span> <span class='ocrx_word' id='word_1_751' title='bbox 3006 4769 3367 4842; x_wconf 88' lang='lat' dir='ltr'>privatorum</span> <span class='ocrx_word' id='word_1_752' title='bbox 3383 4769 3819 4826; x_wconf 89' lang='lat' dir='ltr'>ordinetenuit:</span> 
     </span>
    </p>
   </div>
   <div class='ocr_carea' id='block_1_107' title="bbox 2169 4857 3825 4930">
    <p class='ocr_par' dir='ltr' id='par_1_107' title="bbox 2169 4857 3825 4930">
     <span class='ocr_line' id='line_1_113' title="bbox 2169 4857 3825 4930; baseline -0.004 -12"><span class='ocrx_word' id='word_1_753' title='bbox 2169 4871 2442 4918; x_wconf 79' lang='lat' dir='ltr'>caeterum</span> <span class='ocrx_word' id='word_1_754' title='bbox 2476 4860 2744 4916; x_wconf 89' lang='lat' dir='ltr'>eumdem</span> <span class='ocrx_word' id='word_1_755' title='bbox 2781 4875 2913 4912; x_wconf 89' lang='lat' dir='ltr'>cum</span> <span class='ocrx_word' id='word_1_756' title='bbox 2943 4858 3318 4930; x_wconf 79' lang='lat' dir='ltr'>pedestribus</span> <span class='ocrx_word' id='word_1_757' title='bbox 3358 4858 3542 4928; x_wconf 87' lang='lat' dir='ltr'>copiis</span> <span class='ocrx_word' id='word_1_758' title='bbox 3580 4857 3825 4929; x_wconf 89' lang='lat' dir='ltr'>imposi-</span> 
     </span>
    </p>
   </div>
   <div class='ocr_carea' id='block_1_108' title="bbox 2169 4947 3823 5019">
    <p class='ocr_par' dir='ltr' id='par_1_108' title="bbox 2169 4947 3823 5019">
     <span class='ocr_line' id='line_1_114' title="bbox 2169 4947 3823 5019; baseline -0.004 -9"><span class='ocrx_word' id='word_1_759' title='bbox 2169 4959 2299 5010; x_wconf 88' lang='lat' dir='ltr'>tum</span> <span class='ocrx_word' id='word_1_760' title='bbox 2331 4953 2580 5007; x_wconf 88' lang='lat' dir='ltr'>navibus</span> <span class='ocrx_word' id='word_1_761' title='bbox 2600 4950 2656 5004; x_wconf 91' lang='lat' dir='ltr'>in</span> <span class='ocrx_word' id='word_1_762' title='bbox 2671 4948 2952 5019; x_wconf 89' lang='lat' dir='ltr'>Euripum</span> <span class='ocrx_word' id='word_1_763' title='bbox 2974 4947 3173 5004; x_wconf 87' lang='lat' dir='ltr'>mittit.</span> <span class='ocrx_word' id='word_1_764' title='bbox 3197 4963 3330 5002; x_wconf 89' lang='lat' dir='ltr'>cum</span> <span class='ocrx_word' id='word_1_765' title='bbox 3356 4964 3571 5019; x_wconf 89' lang='lat' dir='ltr'>magno</span> <span class='ocrx_word' id='word_1_766' title='bbox 3585 4949 3823 5004; x_wconf 91' lang='lat' dir='ltr'>domino</span> 
     </span>
    </p>
   </div>
   <div class='ocr_carea' id='block_1_109' title="bbox 2169 5036 3823 5108">
    <p class='ocr_par' dir='ltr' id='par_1_109' title="bbox 2169 5036 3823 5108">
     <span class='ocr_line' id='line_1_115' title="bbox 2169 5036 3823 5108; baseline -0.004 -8"><span class='ocrx_word' id='word_1_767' title='bbox 2169 5044 2398 5100; x_wconf 88' lang='lat' dir='ltr'>Joanne</span> <span class='ocrx_word' id='word_1_768' title='bbox 2441 5040 2884 5094; x_wconf 88' lang='lat' dir='ltr'>dimicaturum.</span> <span class='ocrx_word' id='word_1_769' title='bbox 2948 5036 3239 5108; x_wconf 84' lang='lat' dir='ltr'>Expositis</span> <span class='ocrx_word' id='word_1_770' title='bbox 3296 5036 3458 5092; x_wconf 91' lang='lat' dir='ltr'>hisce</span> <span class='ocrx_word' id='word_1_771' title='bbox 3489 5037 3549 5091; x_wconf 92' lang='lat' dir='ltr'>in</span> <span class='ocrx_word' id='word_1_772' title='bbox 3605 5042 3823 5093; x_wconf 86' lang='lat' dir='ltr'>terram</span> 
     </span>
    </p>
   </div>
   <div class='ocr_carea' id='block_1_110' title="bbox 2174 5125 3826 5203">
    <p class='ocr_par' dir='ltr' id='par_1_110' title="bbox 2174 5125 3826 5203">
     <span class='ocr_line' id='line_1_116' title="bbox 2174 5125 3826 5203; baseline -0.003 -16"><span class='ocrx_word' id='word_1_773' title='bbox 2174 5131 2359 5203; x_wconf 88' lang='lat' dir='ltr'>copiis</span> <span class='ocrx_word' id='word_1_774' title='bbox 2389 5133 2445 5184; x_wconf 87' lang='lat' dir='ltr'>et</span> <span class='ocrx_word' id='word_1_775' title='bbox 2496 5142 2682 5197; x_wconf 89' lang='lat' dir='ltr'>usque</span> <span class='ocrx_word' id='word_1_776' title='bbox 2744 5125 2900 5180; x_wconf 88' lang='lat' dir='ltr'>circa</span> <span class='ocrx_word' id='word_1_777' title='bbox 2957 5126 3165 5180; x_wconf 89' lang='lat' dir='ltr'>Soreos</span> <span class='ocrx_word' id='word_1_778' title='bbox 3220 5125 3570 5196; x_wconf 88' lang='lat' dir='ltr'>progressis,</span> <span class='ocrx_word' id='word_1_779' title='bbox 3625 5127 3826 5182; x_wconf 86' lang='lat' dir='ltr'>audito</span> 
     </span>
    </p>
   </div>
   <div class='ocr_carea' id='block_1_111' title="bbox 2173 5213 3826 5286">
    <p class='ocr_par' dir='ltr' id='par_1_111' title="bbox 2173 5213 3826 5286">
     <span class='ocr_line' id='line_1_117' title="bbox 2173 5213 3826 5286; baseline -0.004 -11"><span class='ocrx_word' id='word_1_780' title='bbox 2173 5236 2376 5276; x_wconf 85' lang='lat' dir='ltr'>earum</span> <span class='ocrx_word' id='word_1_781' title='bbox 2408 5232 2660 5273; x_wconf 84' lang='lat' dir='ltr'>excensu</span> <span class='ocrx_word' id='word_1_782' title='bbox 2690 5214 2970 5282; x_wconf 86' lang='lat' dir='ltr'>Joannes,</span> <span class='ocrx_word' id='word_1_783' title='bbox 3005 5218 3059 5268; x_wconf 87' lang='lat' dir='ltr'>et</span> <span class='ocrx_word' id='word_1_784' title='bbox 3088 5213 3137 5268; x_wconf 92' lang='lat' dir='ltr'>si</span> <span class='ocrx_word' id='word_1_785' title='bbox 3171 5230 3322 5285; x_wconf 70' lang='lat' dir='ltr'>aeger</span> <span class='ocrx_word' id='word_1_786' title='bbox 3355 5213 3633 5286; x_wconf 89' lang='lat' dir='ltr'>podagra,</span> <span class='ocrx_word' id='word_1_787' title='bbox 3683 5232 3826 5285; x_wconf 78' lang='lat' dir='ltr'>pras—</span> 
     </span>
    </p>
   </div>
   <div class='ocr_carea' id='block_1_112' title="bbox 2179 5302 3830 5370">
    <p class='ocr_par' dir='ltr' id='par_1_112' title="bbox 2179 5302 3830 5370">
     <span class='ocr_line' id='line_1_118' title="bbox 2179 5302 3830 5370; baseline -0.005 -5"><span class='ocrx_word' id='word_1_788' title='bbox 2179 5311 2322 5365; x_wconf 89' lang='lat' dir='ltr'>lium</span> <span class='ocrx_word' id='word_1_789' title='bbox 2359 5324 2476 5363; x_wconf 90' lang='lat' dir='ltr'>non</span> <span class='ocrx_word' id='word_1_790' title='bbox 2501 5306 2865 5370; x_wconf 86' lang='lat' dir='ltr'>detrectavit,</span> <span class='ocrx_word' id='word_1_791' title='bbox 2902 5303 3003 5358; x_wconf 88' lang='lat' dir='ltr'>sed</span> <span class='ocrx_word' id='word_1_792' title='bbox 3036 5302 3233 5358; x_wconf 87' lang='lat' dir='ltr'>subito</span> <span class='ocrx_word' id='word_1_793' title='bbox 3286 5303 3642 5360; x_wconf 88' lang='lat' dir='ltr'>instructam</span> <span class='ocrx_word' id='word_1_794' title='bbox 3674 5305 3830 5359; x_wconf 90' lang='lat' dir='ltr'>Lati-</span> 
     </span>
    </p>
   </div>
   <div class='ocr_carea' id='block_1_113' title="bbox 2176 5393 3830 5456">
    <p class='ocr_par' dir='ltr' id='par_1_113' title="bbox 2176 5393 3830 5456">
     <span class='ocr_line' id='line_1_119' title="bbox 2176 5393 3830 5456; baseline -0.005 0"><span class='ocrx_word' id='word_1_795' title='bbox 2176 5416 2386 5456; x_wconf 87' lang='lat' dir='ltr'>norum</span> <span class='ocrx_word' id='word_1_796' title='bbox 2419 5397 2603 5452; x_wconf 87' lang='lat' dir='ltr'>aciem</span> <span class='ocrx_word' id='word_1_797' title='bbox 2637 5410 2700 5449; x_wconf 90' lang='lat' dir='ltr'>eo</span> <span class='ocrx_word' id='word_1_798' title='bbox 2735 5397 2893 5449; x_wconf 89' lang='lat' dir='ltr'>recta</span> <span class='ocrx_word' id='word_1_799' title='bbox 2941 5393 3165 5447; x_wconf 91' lang='lat' dir='ltr'>ducens</span> <span class='ocrx_word' id='word_1_800' title='bbox 3213 5393 3313 5448; x_wconf 91' lang='lat' dir='ltr'>ubi</span> <span class='ocrx_word' id='word_1_801' title='bbox 3363 5395 3581 5451; x_wconf 89' lang='lat' dir='ltr'>versari</span> <span class='ocrx_word' id='word_1_802' title='bbox 3634 5395 3830 5448; x_wconf 87' lang='lat' dir='ltr'>hostes</span> 
     </span>
    </p>
   </div>
   <div class='ocr_carea' id='block_1_114' title="bbox 2177 5482 3830 5553">
    <p class='ocr_par' dir='ltr' id='par_1_114' title="bbox 2177 5482 3830 5553">
     <span class='ocr_line' id='line_1_120' title="bbox 2177 5482 3830 5553; baseline -0.006 -7"><span class='ocrx_word' id='word_1_803' title='bbox 2177 5489 2463 5551; x_wconf 88' lang='lat' dir='ltr'>audierat,</span> <span class='ocrx_word' id='word_1_804' title='bbox 2512 5483 2629 5540; x_wconf 84' lang='lat' dir='ltr'>acri</span> <span class='ocrx_word' id='word_1_805' title='bbox 2653 5484 2976 5538; x_wconf 89' lang='lat' dir='ltr'>commissa</span> <span class='ocrx_word' id='word_1_806' title='bbox 3007 5497 3205 5553; x_wconf 83' lang='lat' dir='ltr'>pugna</span> <span class='ocrx_word' id='word_1_807' title='bbox 3227 5482 3338 5538; x_wconf 92' lang='lat' dir='ltr'>telo</span> <span class='ocrx_word' id='word_1_808' title='bbox 3370 5483 3524 5539; x_wconf 88' lang='lat' dir='ltr'>ictus</span> <span class='ocrx_word' id='word_1_809' title='bbox 3556 5482 3830 5538; x_wconf 88' lang='lat' dir='ltr'>concidit.</span> 
     </span>
    </p>
   </div>
   <div class='ocr_carea' id='block_1_115' title="bbox 2176 5571 3836 5643">
    <p class='ocr_par' dir='ltr' id='par_1_115' title="bbox 2176 5571 3836 5643">
     <span class='ocr_line' id='line_1_121' title="bbox 2176 5571 3836 5643; baseline -0.005 -9"><span class='ocrx_word' id='word_1_810' title='bbox 2176 5579 2398 5633; x_wconf 89' lang='lat' dir='ltr'>Pedum</span> <span class='ocrx_word' id='word_1_811' title='bbox 2431 5575 2589 5630; x_wconf 88' lang='lat' dir='ltr'>enim</span> <span class='ocrx_word' id='word_1_812' title='bbox 2631 5571 2795 5628; x_wconf 91' lang='lat' dir='ltr'>dolor</span> <span class='ocrx_word' id='word_1_813' title='bbox 2841 5572 2998 5627; x_wconf 86' lang='lat' dir='ltr'>haud</span> <span class='ocrx_word' id='word_1_814' title='bbox 3048 5589 3261 5643; x_wconf 89' lang='lat' dir='ltr'>passus</span> <span class='ocrx_word' id='word_1_815' title='bbox 3318 5589 3452 5627; x_wconf 89' lang='lat' dir='ltr'>eum</span> <span class='ocrx_word' id='word_1_816' title='bbox 3509 5572 3723 5626; x_wconf 82' lang='lat' dir='ltr'>librare</span> <span class='ocrx_word' id='word_1_817' title='bbox 3773 5588 3836 5626; x_wconf 90' lang='lat' dir='ltr'>se</span> 
     </span>
    </p>
   </div>
   <div class='ocr_carea' id='block_1_116' title="bbox 2179 5661 3835 5734">
    <p class='ocr_par' dir='ltr' id='par_1_116' title="bbox 2179 5661 3835 5734">
     <span class='ocr_line' id='line_1_122' title="bbox 2179 5661 3835 5734; baseline -0.005 -10"><span class='ocrx_word' id='word_1_818' title='bbox 2179 5667 2425 5724; x_wconf 87' lang='lat' dir='ltr'>ﬁrmiter</span> <span class='ocrx_word' id='word_1_819' title='bbox 2479 5665 2538 5718; x_wconf 91' lang='lat' dir='ltr'>in</span> <span class='ocrx_word' id='word_1_820' title='bbox 2597 5679 2745 5734; x_wconf 91' lang='lat' dir='ltr'>equo</span> <span class='ocrx_word' id='word_1_821' title='bbox 2801 5667 2858 5718; x_wconf 89' lang='lat' dir='ltr'>et</span> <span class='ocrx_word' id='word_1_822' title='bbox 2915 5661 3090 5718; x_wconf 87' lang='lat' dir='ltr'>scalis</span> <span class='ocrx_word' id='word_1_823' title='bbox 3145 5662 3524 5733; x_wconf 88' lang='lat' dir='ltr'>equestribus</span> <span class='ocrx_word' id='word_1_824' title='bbox 3557 5661 3835 5734; x_wconf 88' lang='lat' dir='ltr'>utrinque</span> 
     </span>
    </p>
   </div>
   <div class='ocr_carea' id='block_1_117' title="bbox 2179 5750 3834 5831">
    <p class='ocr_par' dir='ltr' id='par_1_117' title="bbox 2179 5750 3834 5831">
     <span class='ocr_line' id='line_1_123' title="bbox 2179 5750 3834 5831; baseline -0.007 -16"><span class='ocrx_word' id='word_1_825' title='bbox 2179 5755 2572 5831; x_wconf 89' lang='lat' dir='ltr'>pendentibus</span> <span class='ocrx_word' id='word_1_826' title='bbox 2604 5753 2844 5808; x_wconf 86' lang='lat' dir='ltr'>rubuste</span> <span class='ocrx_word' id='word_1_827' title='bbox 2888 5751 3185 5822; x_wconf 89' lang='lat' dir='ltr'>insistere,</span> <span class='ocrx_word' id='word_1_828' title='bbox 3218 5750 3334 5805; x_wconf 88' lang='lat' dir='ltr'>vim</span> <span class='ocrx_word' id='word_1_829' title='bbox 3384 5750 3607 5808; x_wconf 87' lang='lat' dir='ltr'>ademit</span> <span class='ocrx_word' id='word_1_830' title='bbox 3654 5751 3834 5808; x_wconf 88' lang='lat' dir='ltr'>susti-</span> 
     </span>
    </p>
   </div>
  </div>
