4080 6386
357 396 464 452 867

1664 393 1969 454 GEORGII
2008 397 2476 453 PACHYMEBE

3681 397 3811 452 868

360 530 592 601 παρεῖχε
647 524 886 601 στερρῶς
942 518 1265 579 ἀντιϐαίνειν
1324 528 1442 584 τοῖς
1502 521 1582 598 ἐφ’
1642 521 1868 593 ἑκάτερα
1907 524 2090 590 τῆςΑ
2123 518 2180 574 δὲ
2208 520 2334 596 περὶ
2362 520 2456 576 τὸν
2514 522 2772 591 ’ῐωάννην
2825 517 3022 592 ἀνέδην
3078 522 3148 591 ἦν
3206 518 3431 577 κτείνειν
3479 524 3573 579 τὸν
3606 543 3805 600 προσ-

362 612 671 691 ἐφεστρίδος
700 612 982 687 κλίμαξιν,
1024 611 1151 668 ἀλλ’
1194 614 1287 684 ἅμ’
1336 609 1652 682 ἠκοντίζετο
1682 608 1771 663 καὶ
1804 629 2007 683 παρευ-

361 705 453 769 θῦς
483 700 673 759 ἔπιπτε
728 703 818 758 καὶ
868 702 1146 772 ἡλίσκετο.
1214 702 1313 755 Καὶ
1373 701 1463 755 σὺν
1525 700 1674 770 αὐτῷ
1732 694 1894 753 ἄλλοι
1948 718 2003 753 τε

358 792 566 850 πολλοὶ
600 792 1047 866 συμποδίζωνται,
1078 792 1165 846 καὶ
1212 789 1278 861 δὴ
1331 790 1420 845 καὶ
1454 790 1481 844 6
1510 792 1607 843 τοῦ
1639 788 1875 861 Ἰκαρίου
1908 788 2003 842 αὖ-

351 883 642 960 τάόελιρος.
712 885 799 939 Ἐν
867 881 1047 954 τούτῳ
1115 878 1173 935 δὲ
1239 882 1325 935 καὶ
1396 879 1619 950 στρατὸς
1676 877 1782 931 ἀπὸ
1840 877 2006 952 ξηρᾶς

352 972 658 1049 εἰσβάλλει,
709 970 801 1032 οὕς
849 972 983 1046 ἦγεν
1016 972 1043 1025 6
1079 970 1248 1045 μέγας
1300 965 1783 1045 στρατοπεδάρχης
1834 974 2006 1020 Συνα-

352 1061 513 1134 δηνὸς
567 1063 822 1130 Ἰωάννης
867 1060 958 1115 καὶ
1014 1062 1042 1114 6
1105 1062 1269 1133 μέγας
1327 1058 1692 1118 κονοσταῦλσις
1724 1058 1750 1110 6
1791 1051 2003 1112 Καϐαλ-

348 1152 536 1227 λάριος
598 1148 854 1223 Μιχαηλ.
917 1148 1016 1203 Καὶ
1075 1146 1141 1216 δὴ
1205 1140 1542 1221 ὁρμήσαντες
1600 1144 1687 1199 ἐπὶ
1740 1144 2003 1219 Φάρσαλα

346 1241 627 1318 φρούριον,
662 1238 691 1292 ὅ
724 1238 892 1303 Φθίαν
928 1240 955 1293 6
986 1237 1221 1299 παλαιὸς
1256 1233 1373 1312 ἔχει
1408 1236 1595 1311 λόγος,
1631 1235 1710 1313 ἐφ’
1744 1236 1789 1306 ᾧ
1823 1255 2001 1306 σιταρ-

346 1335 490 1384 κοῖεν
532 1328 660 1392 τοὺς
716 1326 768 1382 ἐν
826 1332 904 1398 τῷ
952 1327 1220 1403 φρουρίῳ,
1280 1336 1685 1398 προσπίπτουσι
1714 1329 1792 1395 τῷ
1819 1323 1878 1378 ἐκ
1904 1344 1997 1378 νο-

351 1420 492 1483 θείας
546 1419 790 1493 Ἰωάννῃ,
851 1416 908 1480 ὃς
969 1415 1036 1485 δὴ
1093 1417 1179 1471 καὶ
1242 1415 1389 1494 σφίσι
1450 1414 1711 1492 συρράξας
1751 1414 1995 1487 πόλεμον

345 1514 590 1583 γενναῖον
618 1512 709 1563 καί
756 1505 1007 1583 ἀνδρικὸν
1067 1507 1213 1581 αἱρεῖ
1274 1507 1367 1578 μὲν
1426 1506 1517 1559 καὶ
1558 1505 1649 1559 τὸν
1685 1503 1994 1574 Συναδηνὸν

342 1598 430 1653 καὶ
467 1600 630 1671 μέγαν
666 1593 1175 1671 στρατοπεδάρχην,
1224 1594 1319 1648 τὸν
1372 1595 1555 1666 μέντοι
1605 1614 1666 1667 γε
1701 1594 1868 1667 μέγαν
1901 1614 1999 1648 κο-

342 1687 641 1744 νοσταῦλον
693 1687 720 1740 6
772 1686 856 1740 ὑπ’
908 1684 1097 1756 ἐκείνῳ
1148 1685 1281 1745 λαὸς
1335 1680 1545 1744 Ἰταλὸς
1588 1680 1799 1737 διώκων
1833 1704 1994 1738 κατα-

348 1776 534 1836 λαϐεῖν
571 1778 668 1834 οὐκ
699 1777 943 1853 ἴσχυσεν,
987 1774 1114 1831 ἀλλ’
1162 1775 1319 1837 ’ὀλαις
1366 1776 1546 1844 ἡνίαις
1576 1774 1780 1837 ἐκεῖνος
1813 1772 1996 1838 ἐνδοὺς

345 1871 421 1932 εἷς
455 1871 633 1947 φυγὴν
662 1866 886 1937 ἤλαυνε,
916 1866 1005 1921 καὶ
1053 1864 1181 1926 τοὺς
1233 1866 1328 1937 μὲν
1380 1862 1644 1926 διώοντας
1674 1863 1819 1919 πολὺ
1850 1885 1989 1938 προ·
2024 1894 2072 1959 Β

342 1962 474 2014 Οὲων
510 1958 750 2031 ἐξήλυξε,
782 1956 843 2011 τὸ
890 1953 947 2010 δέ
994 1976 1055 2030 γε
1107 1952 1378 2028 μοιρίδιον
1412 1954 1602 2023 ἀλύξαι
1635 1953 1733 2007 οὐκ
1759 1956 1825 2022 ἦν
1854 1953 1990 2008 ἐκεί-

341 2071 442 2121 νῳ,
492 2048 587 2103 κᾶν
646 2046 800 2101 πάντ’
864 2040 1143 2119 ἔπραττεν.
1204 2037 1589 2117 Ἀτακτότερον
1620 2042 1721 2116 γάρ
1753 2040 1995 2097 ἐλαύνων

339 2136 654 2203 τὸνῗππον,
706 2135 832 2196 τοὺς
894 2129 1112 2187 ὄπισθεν
1177 2131 1430 2203 οἰόμενος
1489 2132 1705 2208 φθάνειν
1737 2131 1996 2205 καὶπρὸς

343 2227 571 2289 ἐκείνοις
603 2226 789 2295 μόνοις
829 2221 973 2297 ἔχων
1029 2223 1118 2275 τὸν
1176 2221 1299 2275 νοῦν
1361 2222 1509 2281 ὅπως
1544 2219 1786 2297 έκφῦγοι,
1821 2242 1991 2296 προσ-

344 2313 521 2368 πταίει
555 2309 760 2385 δένδρῳ
813 2311 929 2383 μεθ’
980 2308 1119 2378 ὅλης
1164 2315 1266 2377 τῆς
1314 2312 1409 2361 τοῦ
1460 2305 1629 2361 ἵππου
1679 2314 1869 2385 φορᾶς,
1901 2307 1991 2363 καί

341 2404 479 2458 κατὰ
534 2403 728 2470 στῆθος
787 2398 1097 2455 συνολᾶται.
1160 2395 1338 2458 Μόλις
1395 2396 1451 2451 δέ
1497 2418 1638 2459 τινες
1681 2399 1773 2452 τὸν
1816 2397 1987 2453 ἵππον

343 2496 630 2563 στήσαντες
665 2489 746 2561 (οὗ
776 2491 878 2564 γάρ
923 2490 990 2557 ἧν
1042 2486 1232 2560 ἐκείνῳ
1284 2486 1451 2559 μέλον
1493 2492 1590 2541 τοῦ
1615 2485 1811 2559 ἵππου,
1845 2487 1990 2542 ἀλλά

339 2605 403 2659 γε
429 2590 532 2652 τῆς
562 2581 783 2656 πληγῆς
814 2600 873 2634 τε
918 2578 1009 2633 καὶ
1068 2582 1169 2632 τοῦ
1229 2574 1477 2649 θανάτου)
1508 2579 1791 2649 ἡμιθνῆτα
1821 2597 1987 2631 κατα-

340 2669 646 2742 ϐιϐάζουσι,
705 2669 796 2725 καὶ
856 2671 931 2731 ὡς
990 2670 1139 2744 εἶχον
1193 2668 1331 2743 πρὸς
1386 2665 1784 2737 Θεσσαλονίκην
1846 2666 1988 2721 ἀπα-

336 2761 586 2837 γαγὸντες
637 2758 747 2815 ἐκεῖ
797 2757 1055 2823 θάπτουσι
1104 2754 1523 2827 τελευτήσαντα.
1559 2758 1637 2829 [Ρ.
1672 2758 1797 2829 r380]
1856 2759 1987 2820 Τοῖς

344 2983 521 3040 nendi
547 2999 609 3038 se
640 2984 771 3053 post
802 2983 1004 3045 ictum,
1036 2978 1344 3047 etl'ecitque
1376 2981 1441 3031 ut
1460 2977 1648 3050 primo
1672 2978 1871 3033 statim
1896 2978 1993 3033 teli

344 3092 456 3145 qua
489 3087 806 3143 percussus
836 3073 925 3123 est
954 3067 1214 3139 impulsu
1250 3066 1689 3122 sellaexcussus
1712 3067 1993 3123 cerruerit

341 3168 666 3234 captusque
693 3159 886 3239 subito
919 3158 1117 3222 fuerit,
1151 3162 1207 3212 et
1238 3173 1369 3211 cum
1404 3172 1469 3211 eo
1511 3157 1609 3211 alii
1648 3156 1817 3211 multi
1850 3173 1987 3211 casu

339 3341 470 3396 duci
502 3338 791 3395 laboranti
845 3354 984 3392 cura
1016 3354 1048 3391 a
1098 3336 1236 3406 fuga
1286 3337 1637 3391 maturanda
1682 3336 1983 3407 prohibiti,

334 3428 746 3502 comprehensi
778 3427 992 3499 pariter
1023 3426 1081 3479 in
1118 3425 1444 3480 custodiam
1474 3425 1592 3479 sint
1621 3425 1765 3479 dati.
1797 3425 1858 3479 In
1894 3426 1986 3481 his

340 3523 449 3577 fuit
475 3520 663 3592 ipsius
696 3516 864 3572 Icarii
904 3517 1095 3570 frater.
1132 3515 1368 3570 Interim
1403 3515 1758 3571 etexercitus
1780 3520 1985 3571 aterra

334 3609 567 3680 irrupit,
620 3623 795 3679 quem
844 3605 1122 3659 ductabat
1191 3619 1439 3673 magnus
1506 3604 1985 3676 stratopedarcha

330 3699 680 3771 Synadenus
710 3695 967 3749 Joannes
999 3697 1057 3747 et
1078 3708 1331 3762 magnus
1357 3692 1733 3748 conoslaulus
1779 3693 1979 3748 Cabal-

335 3788 518 3842 larius
551 3783 819 3839 Michael.
856 3782 922 3836 Hi
958 3798 1091 3836 cum
1123 3784 1276 3837 412
1339 3782 1618 3836 Pharsalo
1679 3782 1983 3838 tenderent

330 3880 456 3950 (arx
478 3893 543 3930 ea
575 3879 683 3942 est,
716 3872 805 3928 cui
843 3889 1074 3927 nomem
1091 3873 1397 3944 antiquum
1417 3872 1980 3941 Phthiafuit)animo

329 3968 766 4020 commeantem
787 3961 1138 4033 importandi
1159 3961 1981 4033 praesidioﬁnciduntinJoano

329 4071 460 4109 nem
491 4052 760 4121 nothum,
794 4051 893 4122 qui
945 4051 1144 4106 statim
1197 4068 1295 4105 eos
1342 4052 1457 4105 acri
1507 4050 1704 4123 praelia
1737 4052 1980 4107 adortus

328 4162 440 4199 non
475 4143 672 4200 minus
701 4142 924 4197 fortiter
954 4157 1131 4212 quam
1166 4140 1413 4196 feliciter
1434 4158 1553 4195 rem
1580 4142 1762 4211 gessit
1794 4141 1979 4211 captis

326 4252 461 4289 cum
514 4233 645 4288 aliis
699 4232 987 4303 plurimis,
1044 4237 1169 4285 tum
1220 4231 1348 4302 ipso
1396 4231 1707 4301 Synadeno
1764 4247 1977 4299 magno

323 4321 822 4393 stratopedarcha.
859 4324 1131 4391 Magnum
1159 4318 1566 4375 conostaulum
1600 4318 1725 4372 Itali
1763 4318 1978 4373 milites

321 4411 567 4469 Joannis
595 4411 692 4465 diu
729 4409 1016 4481 persecuti
1047 4409 1626 4479 assequinequivere.
1647 4408 1977 4480 lllequippe

324 4503 456 4559 totis
526 4500 771 4555 habenis
828 4500 1052 4554 effusus
1124 4498 1182 4552 in
1249 4500 1443 4567 fugam
1510 4497 1749 4567 longum
1821 4498 1973 4553 inse-

320 4589 642 4663 quentibus
697 4592 1048 4661 praeceperat
1098 4586 1383 4658 spatium,
1431 4592 1494 4641 ut
1535 4588 1662 4657 jam
1714 4587 1974 4657 periculo

2120 610 2361 685 τυχόντα
2423 610 2513 665 καὶ
2581 608 2834 683 πολέμου
2908 611 3043 687 γέρα
3116 610 3422 669 σκυλεύειν.
3495 614 3801 689 Ἒγνωσαν

2123 698 2180 754 δὲ
2236 700 2325 755 καὶ
2381 701 2507 755 τότε
2558 701 2826 772 Ῥωμαῖοι
2882 698 3187 778 λειφθέντες
3238 702 3393 776 μάχῃ
3439 706 3537 757 τοῦ
3589 703 3802 760 Ἰωάν-

2119 810 2252 843 νου·
2325 789 2385 845 οὐ
2453 791 2557 866 γὰρ
2625 789 2678 859 ἒξ
2747 788 3020 866 ἐμφανοῦς
3085 790 3246 865 ὥρμα
3301 792 3800 867 παραταξάμενος,

2128 877 2245 933 ’λλ’
2294 877 2333 935 ξ’
2406 878 2495 935 λό“
2776 873 2806 932 6
2850 877 2914 934 λ“
3069 881 3091 899 ⁷
3198 878 3219 933 ἐ
3286 884 3307 896 “’
3477 882 3490 899 “
3655 886 3688 919 τ’

2118 901 2149 933 α
2324 900 2355 934 ιι
2483 898 2584 954 χου
2631 899 2773 952 προσ
2814 900 2846 933 α
2888 900 2984 949 ων,
3036 900 3152 943 οιος
3223 900 3402 943 κεινος
3432 902 3500 935 τα
3526 902 3803 952 τοιαυτα,

2116 968 2422 1040 κατέπληξε
2477 969 2709 1038 θεαθεὶς,
2767 969 2857 1023 καὶ
2914 968 3047 1024 λαὸν
3109 970 3355 1043 ἔκκριτον
3396 971 3485 1025 καὶ
3519 970 3800 1036 ἐπιεικῶς

2119 1063 2312 1133 μαχῶν
2365 1060 2623 1133 έμπειρον
2683 1062 2762 1129 τῷ
2815 1059 2943 1133 παρ’
2998 1055 3198 1113 ἐλπίδα
3254 1059 3553 1132 πταίσματι
3585 1058 3797 1137 ἀνδρι-

2114 1153 2226 1210 κῶς
2300 1148 2809 1223 καταγωνισάμενος
2883 1145 3039 1219 δόξαν
3113 1146 3362 1211 εὐκλείας
3438 1150 3794 1228 ἀποφέρεται

2114 1244 2217 1306 τῆς
2251 1237 2530 1314 μεγίστης.
2564 1238 2640 1294 Τὸ
2671 1236 2729 1292 δέ
2778 1259 2838 1312 γε
2890 1237 3135 1292 ναυτικὸν
3185 1237 3277 1292 καὶ
3329 1239 3455 1294 ὅσον
3487 1237 3538 1293 ἐν
3576 1241 3795 1304 αὐταῖς

2111 1327 2293 1381 ναυσὶν
2327 1328 2394 1397 ἦν
2434 1327 2665 1399 ἀζήμιοι
2725 1324 3166 1397 διατηρηθέντες,
3199 1328 3234 1398 ἢ
3266 1327 3485 1399 μᾶλλον
3512 1329 3604 1383 καὶ
3637 1331 3796 1404 γέρα

2117 1417 2304 1491 μάχης
2356 1415 2777 1491 ἐπενεγκάμενοι
2834 1416 2962 1476 τοὸς
3018 1416 3142 1490 περὶ
3200 1417 3292 1470 τὸν
3359 1418 3521 1492 μέγαν
3576 1416 3790 1492 κύριον

2109 1507 2383 1577 Ἰωάννην,
2449 1505 2671 1579 εὐθύμῳ
2734 1502 2933 1580 καρδίᾳ
2988 1506 3127 1572 πρὸς
3189 1506 3281 1561 τὸν
3339 1511 3646 1580 κρατοῦντα
3685 1506 3795 1583 γί-

2108 1617 2314 1651 νονται.
2347 1594 2453 1651 Καὶ
2504 1595 2556 1650 οἱ
2612 1595 2707 1667 μὲν
2766 1595 2904 1672 ἀμφὶ
2964 1595 3057 1650 τὸν
3119 1594 3282 1669 μέγαν
3316 1595 3506 1671 κύριον
3543 1596 3650 1651 ὑπὸ
3680 1595 3787 1652 δε-

2109 1690 2271 1759 σμοῖς
2316 1690 2527 1762 φρουρᾷ
2575 1682 2834 1753 δίδονται,
2893 1690 3118 1756 τιμᾶται
3171 1682 3229 1739 δὲ
3270 1686 3298 1739 6
3348 1684 3581 1759 Ἰκάριος
3618 1686 3790 1741 ἀντί-

2106 1778 2271 1830 ποινά
2322 1779 2429 1829 τῶν
2486 1775 2709 1848 ἀγώνων
2767 1778 2847 1846 τῷ
2912 1778 3009 1828 τοῦ
3082 1772 3326 1849 μεγάλου
3392 1775 3783 1831 κονοσταύλου

2106 1865 2395 1937 ἀξιώματι.
2446 1865 2510 1920 Ὀ
2564 1864 2749 1937 μέντοι
2799 1884 2861 1938 γε
2911 1868 3019 1917 τῶν
3074 1858 3270 1932 Θηϐῶν
3315 1863 3447 1926 λαὸς
3472 1865 3564 1919 τὸν
3599 1862 3787 1920 ἀδελ-

2102 1956 2200 2030 φὸν
2260 1955 2514 2009 Ἰωάννου
2576 1950 2922 2025 Γουλίελμον
2997 1953 3160 2028 μέγαν
3228 1953 3416 2027 κύριον
3485 1954 3781 2019 ἀντικαθι-

2103 2048 2305 2096 στᾶσιν.
2366 2043 2602 2097 Ἐκεῖνον
2664 2039 2709 2095 δ’
2768 2044 2977 2116 ἀγηλας
3029 2043 3056 2097 6
3112 2041 3366 2118 βασιλεὺς
3396 2043 3485 2097 καὶ
3517 2041 3779 2116 δοκιμά-

2098 2152 2191 2193 σας
2247 2126 2548 2203 Λαμϐάνειν
2592 2125 2844 2205 γαμϐρὸν
2906 2131 2995 2206 ὑφ’
3051 2132 3239 2205 ὅρκοις
3294 2131 3584 2209 ἀσφαλέσιν
3628 2133 3776 2188 ἀπέ-

2101 2218 2218 2277 λυε.
2252 2221 2536 2289 Μετέωροι
2570 2216 2615 2273 δ’
2646 2220 2780 2286 ἦσαν
2836 2220 2893 2274 oi.
2939 2220 3117 2294 γάμοι
3160 2221 3278 2275 καθ’
3315 2220 3636 2295 ὑποσχέσεις
3666 2222 3774 2277 καὶ

2102 2308 2291 2382 μόνας.
2325 2307 2481 2365 Ἀλλ’
2513 2308 2718 2370 ἐκεῖνος
2768 2306 2863 2381 ἀμ’
2913 2307 3103 2371 ἐπιοάς
3152 2316 3253 2378 τῆς
3299 2307 3582 2385 πατρίδος,
3611 2309 3772 2383 νόσῳ

2097 2397 2401 2474 περιπεσὼν
2443 2397 2687 2468 τελευτᾷ.
2743 2394 3069 2472 Λιαδέχεται
3126 2396 3184 2453 δὲ
3239 2401 3267 2454 ὁ
3325 2396 3564 2477 ἁδελφὸς
3609 2398 3775 2472 ἐκείτ

2095 2509 2191 2542 νου
2244 2486 2613 2560 Γουλίελμος,
2675 2486 2732 2542 ὅν
2784 2491 2874 2543 καί
2930 2483 3178 2563 γαμϐρὸν
3238 2488 3488 2545 Ἰωάννου
3528 2490 3556 2545 ὁ
3588 2489 3774 2565 λόγος

2095 2577 2350 2647 παρίστα,
2409 2574 2690 2637 ὁλοτελῶς
2739 2577 2839 2645 τήν
2898 2581 2994 2631 τοῦ
3047 2577 3380 2648 τεθνηκότος
3425 2579 3767 2653 κυριότητα.

2096 2667 2197 2723 Καὶ
2255 2668 2322 2736 ἦν
2378 2666 2516 2742 πρὸς
2569 2665 2877 2738 Ῥωμαίους
2936 2663 3382 2745 ἀντιφερόμενος,
3431 2666 3478 2722 εί
3515 2668 3601 2723 καὶ
3637 2670 3769 2724 κατ’

2097 2754 2215 2821 ἔτος
2271 2758 2298 2812 ὁ
2354 2755 2553 2821 στόλος
2607 2756 2778 2813 ἐκεῖσε
2833 2752 3206 2834 προσϐάλλων
3265 2756 3461 2814 ἐκάκου
3501 2758 3766 2815 τάκείνου

2104 2980 2279 3047 caede,
2302 2978 2487 3051 spolia
2505 2978 2761 3051 plurima
2777 2968 3484 3050 pretiosamquepraadam
3501 2979 3771 3037 victoriae

2104 3067 2410 3138 praemium
2447 3066 2865 3121 tulerunt.Hoc
2888 3065 3205 3136 alterojam
3224 3072 3434 3122 eventu
3460 3067 3770 3123 Romanos

2102 3156 2286 3211 tristis
2319 3155 2677 3221 experientia
2706 3155 3055 3227 docuitquis
3073 3159 3404 3226 etquantus
3426 3156 3580 3212 bello
3603 3164 3774 3213 esset

339 3254 540 3307 eodem
594 3248 901 3321 implicati,
955 3247 1173 3319 quippe
1229 3246 1557 3301 necessaria
1602 3247 1988 3302 subveniendi
2021 3277 2060 3339 C
2097 3246 2353 3301 Joannes
2383 3245 2478 3301 hic
2510 3245 2750 3312 nothus,
2782 3244 2870 3299 vir
2900 3244 3170 3300 omnium
3228 3244 3654 3303 callidissimus
3687 3248 3765 3303 ad

2094 3336 2342 3391 insidias
2372 3336 2708 3401 struendas,
2741 3339 2867 3389 tum
2900 3334 3001 3390 ubi
3058 3350 3127 3390 ex
3175 3335 3250 3390 iis
3296 3335 3355 3390 in
3389 3335 3588 3406 plures
3620 3353 3762 3391 cum

2096 3424 2300 3496 paucis
2332 3429 2689 3496 erumperet,
2718 3424 3097 3495 imperterriti
3126 3425 3245 3479 dux
3281 3423 3466 3480 animi
3498 3425 3762 3481 roboris-

2090 3528 2205 3583 que
2238 3512 2574 3585 perrupturi
2606 3511 2839 3583 quidvis
2873 3511 3234 3583 oppositum.
3284 3517 3436 3584 Ergo
3497 3512 3549 3568 is
3595 3530 3762 3569 nunc

2090 3618 2321 3673 quoque
2355 3619 2469 3658 non
2502 3602 2700 3673 palam
2740 3617 3057 3657 occurrens
3112 3617 3182 3656 ex
3230 3602 3500 3667 adverso,
3532 3602 3633 3657 sed
3683 3619 3757 3658 ex

2090 3689 2352 3746 latibulis
2406 3690 2724 3763 improviso
2792 3691 3049 3757 irruens,
3101 3689 3611 3762 inopinatissimat
3638 3691 3745 3747 illa

2087 3780 2284 3851 specie
2311 3779 2511 3849 copias
2560 3778 2781 3849 alioqui
2838 3779 3024 3834 bonas
3076 3784 3133 3834 et
3180 3778 3325 3835 satis
3396 3779 3753 3839 exercitatas

2089 3872 2242 3926 413
2274 3870 2463 3942 primo
2497 3870 2763 3940 perculit,
2801 3886 2936 3925 mox
2981 3870 3369 3941 impressione
3410 3871 3747 3929 vehementi

2090 3959 2324 4031 disjecit
2354 3959 2703 4031 stravitque,
2736 3958 2980 4031 gloriam
3032 3976 3140 4016 suo
3172 3960 3398 4016 nomini
3430 3961 3748 4018 maximam

2086 4049 2192 4104 tali
2225 4049 2478 4104 facinore
2508 4049 2778 4120 adeptus.
2811 4051 2883 4103 At
2914 4049 3142 4106 navalis
3178 4050 3469 4107 exercitus
3513 4052 3751 4109 univer-

2091 4154 2195 4192 sus
2226 4136 2563 4205 incolumis,
2609 4140 2827 4209 quippe
2874 4137 3184 4195 incruenta
3228 4139 3470 4197 victoria
3501 4143 3747 4213 potitus,

2086 4227 2331 4297 insuper
2382 4226 2588 4297 spoliis
2638 4227 2825 4292 dives,
2882 4227 3169 4283 Joannem
3221 4244 3356 4284 cum
3407 4230 3537 4286 suis
3587 4231 3741 4289 bello

2086 4320 2324 4386 captum
2361 4316 2602 4381 ducens,
2634 4316 2850 4385 gaudio
2882 4320 2939 4371 et
2979 4317 3371 4387 gratulatione
3416 4318 3638 4392 ingenti
3669 4323 3741 4378 ad

2082 4405 2495 4474 imperatorem
2524 4404 2715 4460 rediit.
2740 4406 2813 4459 At
2843 4404 3101 4462 Joannes
3132 4407 3369 4478 quidem
3401 4425 3532 4465 cum
3559 4411 3741 4468 sociis

2080 4494 2260 4549 vincti
2308 4492 2587 4548 custodiae
2653 4495 3016 4551 traduntur:
3092 4496 3277 4552 Icario
3322 4513 3460 4554 vero
3512 4515 3739 4557 merces

2081 4597 2268 4653 operas
2300 4581 2452 4637 bello
2487 4581 2733 4637 feliciter
2762 4588 2984 4639 navatae
2999 4589 3417 4657 repraesentata
3434 4589 3735 4660 estmagni

319 4662 634 4737 defunctus
666 4679 982 4733 videretur.
1030 4677 1142 4731 Sed
1197 4675 1433 4731 fatalem
1485 4674 1689 4730 horam
1744 4692 1816 4730 ne
1864 4676 1976 4731 ista
2011 4662 2052 4724 0
2084 4670 2414 4727 conostauli
2446 4671 2734 4727 attributa
2781 4672 3083 4744 dignitate.
3132 4674 3251 4730 Sub
3311 4674 3435 4731 hac
3482 4677 3737 4761 populus

318 4771 558 4842 quidem
592 4767 961 4823 contentione
985 4770 1314 4835 conatuque
1339 4763 1973 4819 summot’rustrariaut

316 4859 547 4914 differre
580 4855 779 4911 infelix
801 4853 1026 4927 potuit:
1061 4855 1203 4908 dum
1236 4853 1392 4907 enim
1422 4851 1719 4907 incautius
1749 4868 1967 4923 equum

318 4947 569 5019 impellit
612 4962 857 5000 securus
906 4943 1292 5007 anteriorum,
1349 4959 1383 4996 a
1437 4946 1600 5012 tergo
1650 4940 1841 4995 solum
1875 4939 1967 4995 in-

315 5053 524 5107 gruere
552 5035 879 5103 periculum
912 5033 1260 5089 existimans
1292 5047 1478 5102 eoque
1509 5029 1756 5086 sollicite
1781 5046 1972 5101 respe-

315 5130 507 5192 ctans,
559 5124 621 5178 in
666 5124 895 5178 obviam
964 5123 1230 5178 arborem
1305 5124 1429 5176 toto
1491 5119 1623 5189 equi
1675 5118 1966 5173 currentis

313 5214 536 5284 impetu
579 5215 871 5285 impactus
922 5212 1158 5283 dirupto
1217 5217 1447 5282 pectore
1495 5208 1765 5274 concidit,
1818 5225 1963 5279 equo

311 5302 496 5358 libero
528 5304 816 5359 abeunte:
872 5319 1063 5372 neque
1112 5301 1271 5356 enim
1318 5299 1521 5371 equiti,
1583 5298 1710 5353 diro
1743 5315 1881 5353 casu
1908 5304 1966 5355 et

311 5392 468 5447 letali
501 5391 739 5448 vulnere
772 5391 1012 5455 afﬂicto,
1058 5391 1305 5445 vacabat
1354 5390 1426 5444 de
1472 5405 1622 5460 eque
1682 5389 1958 5459 cogitare.

312 5482 477 5537 Hunc
532 5487 723 5536 tamen
776 5496 928 5551 aegre
978 5477 1155 5549 aliqui
1206 5480 1441 5547 morati,
1511 5478 1865 5534 seminecem
1910 5479 1961 5534 ei

308 5569 691 5625 caballarium
714 5567 1060 5640 impositum
1082 5566 1563 5624 Thessalonicam
1588 5585 1723 5624 cum
1749 5568 1958 5640 depor-

304 5661 554 5722 tassent,
607 5676 741 5714 mox
788 5656 869 5711 ibi
926 5660 1223 5711 mortuum
1270 5657 1648 5727 sepelierunt.
1696 5659 1959 5714 Joannes

304 5743 542 5800 interim
571 5764 702 5802 cum
737 5747 864 5804 suis
897 5743 1083 5802 multa
1120 5744 1363 5817 impune
1415 5748 1566 5803 facta
1619 5752 1953 5803 nostrorum

2080 4761 2410 4817 Thebarum
2462 4763 2702 4817 fratrem
2750 4761 2992 4817 Joannis
3056 4762 3412 4820 Gulielmum
3455 4782 3736 4836 magnum

2080 4850 2389 4906 dominum
2422 4866 2524 4921 pro
2542 4866 2609 4905 eo
2640 4850 2968 4907 constituit.
2987 4851 3202 4907 Verum
3226 4856 3511 4911 Joannem
3534 4855 3733 4926 ipsum

2081 4941 2404 5012 imperator
2435 4940 2758 5010 honorifice
2788 4946 3131 5008 tractatum,
3165 4944 3403 5014 propria
3433 4945 3484 5001 ei
3524 4945 3644 5000 ﬁlia
3675 4948 3732 5000 in

2079 5031 2387 5102 conjugcm
2406 5030 2720 5101 promissa,
2754 5031 3198 5101 postﬁrmatum
3219 5033 3613 5105 jurejurando
3636 5036 3740 5089 fos—

2078 5118 2190 5174 dus
2219 5119 2473 5174 liberum
2505 5118 2752 5188 dimisit,
2785 5124 3029 5175 nutante
3060 5120 3255 5178 adhuc
3298 5122 3558 5196 conjugii
3604 5140 3731 5195 spe,

2077 5210 2296 5281 quippe
2350 5224 2466 5263 non
2515 5207 2670 5262 ultra
2728 5214 2901 5278 pacta
2947 5213 3005 5265 et
3064 5209 3369 5281 sponsalia
3407 5215 3727 5283 progressi.

2076 5302 2357 5355 Caeterum
2385 5297 2717 5353 destinatus
2749 5315 3005 5369 sponsus
3031 5298 3211 5354 simul
3244 5300 3496 5371 patriam
3511 5302 3725 5375 attigit,

2074 5389 2278 5444 morbo
2324 5392 2628 5458 correptus
2677 5387 2845 5455 obiit,
2906 5404 3309 5445 successorem
3358 5390 3728 5463 principatus

2071 5479 2132 5534 in
2189 5477 2443 5532 solidum
2496 5476 2752 5532 universi
2802 5477 3144 5549 relinquens
3195 5477 3554 5535 Gulielmum
3608 5482 3723 5537 fra-

2069 5572 2219 5624 trem
2251 5583 2425 5637 quem
2450 5566 2726 5638 superius
2757 5567 3017 5623 diximus
3058 5568 3305 5625 Joannis
3350 5569 3515 5625 nothi
3543 5570 3724 5627 filiam

2070 5657 2330 5725 duxisse,
2362 5655 2583 5727 quique
2614 5654 2746 5712 ideo
2775 5657 2964 5713 soceri
3009 5656 3279 5729 partibus
3328 5658 3604 5715 addictus
3631 5660 3725 5716 in-

2071 5749 2271 5805 fensus
2328 5747 2610 5805 Romanis
2669 5748 2935 5805 mansit:
2995 5766 3180 5821 quare
3234 5748 3445 5808 classis
3503 5752 3565 5808 in
3594 5752 3724 5824 ejus
