4080 6394
357 395 464 451 869

1429 395 1526 448 DE
1562 393 1938 450 MICHAELE
1975 392 2421 450 PALJEOLOGO
2458 398 2592 452 LIB.
2633 399 2703 452 V.

3679 410 3787 469 870

359 518 450 576 καὶ
483 514 644 572 οὐδὲν
681 521 764 572 εἷα
794 515 994 585 ἀνύειν,
1053 516 1501 592 περιζωσαμένου
1556 515 1654 584 τήν
1703 518 1800 570 τοῦ
1853 515 2017 589 μεγά-
2048 519 2102 585 Α
2137 512 2323 578 ἂλλως
2357 513 2542 592 λόγιον
2570 519 2661 573 καὶ
2713 519 2798 574 ἐπὶ
2855 526 2970 584 τοῖς
3026 523 3307 599 πράγμασι
3356 525 3642 604 τρίϐωνα,)
3673 531 3786 608 ἃμα

1025 609 1050 621 υ

361 610 462 665 λου
496 605 690 668 δουκὸς
751 605 897 677 ἀξίαν
958 609 1053 660 τοῦ
1111 605 1348 677 Ἰκαρίου
1386 606 1474 660 καὶ
1507 606 1597 660 τὸν
1634 601 1826 660 στόλον
1858 603 2018 680 ἃγον-

356 721 472 762 τος.

354 861 461 932 κη’.
533 862 650 913 Ἔτι
715 857 784 912 τὰ
844 855 981 911 κατᾶ
1054 856 1146 911 τὸν
1227 855 1738 930 πατριαρχεύσαντα
1814 854 2015 930 Ἰωσήφ

930 927 1021 983 καὶ
1080 929 1170 983 τὸν
1215 927 1416 984 Βέκκον
1429 927 1450 991 ᾇ,

421 1059 528 1109 Τοῖ’)
561 1054 763 1132 Ἰωσὴφ
817 1050 873 1108 δέ
931 1054 1244 1126 καθημένου
1305 1053 1357 1107 ἐν
1410 1055 1479 1126 τῇ
1537 1051 1675 1106 κατά
1729 1051 1820 1106 τον
1855 1051 2014 1106 Ἀνά-

351 1143 526 1200 πλουν
566 1146 730 1217 μονῇ,
773 1141 932 1203 νόσος
986 1141 1322 1196 ἐπεισπίπτει
1369 1145 1448 1211 τῷ
1493 1141 1713 1214 Ἰωάννῃ
1746 1160 2012 1214 πατριαρ-

349 1238 544 1310 χοῦντι
577 1230 726 1302 δεινή
751 1252 763 1264 ο
798 1232 865 1300 ἦν
927 1229 973 1284 δ’
1032 1230 1192 1292 αὐτὸς
1251 1232 1277 1283 ὁ
1338 1231 1542 1290 Βέκκος
1571 1231 1597 1282 ὁ
1628 1229 1718 1283 καὶ
1745 1229 2014 1301 προτερον

350 1320 724 1400 χαρτοφύλαξ.
781 1321 883 1376 Καὶ
945 1317 1008 1388 δὴ
1070 1318 1256 1375 πολλὰ
1314 1319 1498 1382 παθὼν
1532 1317 1622 1372 καὶ
1657 1317 2013 1392 ρα³ισας,τοῖς

351 1413 559 1487 ἰατροῖς
592 1408 746 1480 δόξαν
808 1409 858 1463 ἐν
918 1407 1132 1484 σχολῆς
1183 1407 1339 1479 τόπῳ
1397 1405 1751 1480 μετατεθέντα
1787 1406 1880 1460 τὸν
1913 1405 2012 1481 ἆῤ-

351 1501 665 1576 ῥωστοῦντα
711 1499 828 1552 κατ’
879 1496 1023 1552 ἰδίαν
1075 1496 1484 1570 θεραπεύεσθαι,
1541 1496 1615 1568 μὴ
1647 1495 1733 1548 καὶ
1837 1493 2009 1569 ἀσχοο

351 1590 444 1646 λία
472 1584 666 1664 τριϐην
725 1588 930 1661 ἐμποιῇ
988 1591 1056 1660 τῇ
1116 1588 1281 1659 νόσῳ,
1341 1585 1456 1640 ἐπεὶ
1514 1585 1604 1640 καὶ
1657 1582 1842 1659 ῥαΐσας
1873 1584 2010 1658 πρὸς

348 1685 428 1752 τῷ
461 1680 548 1734 καὶ
580 1677 735 1752 πόμα
786 1681 867 1752 [Ρ.
919 1680 1046 1750 281]
1104 1677 1430 1750 καθαρτικὸν
1487 1675 1883 1750 προσφέρεσθαι
1915 1675 2002 1742 ἦν,

351 1771 380 1824 ὁ
412 1776 512 1838 τῆς
545 1767 760 1842 Λαύρας
809 1767 946 1841 πρὸς
994 1770 1161 1820 ταῦτα
1207 1767 1375 1826 τόπος
1419 1763 1657 1834 ἐκρίνετο
1707 1766 2004 1839 χρήσιμος.

353 1860 458 1914 Καὶ
514 1858 541 1912 ὁ
605 1857 697 1929 μὲν
758 1854 1012 1930 βασιλεὺς
1071 1853 1159 1909 διὰ
1216 1860 1382 1909 ταῦτα
1436 1857 1737 1928 μεταθεῖναι
1768 1855 1861 1908 τὸν
1894 1857 2008 1908 Ἰω-

399 1948 413 1964 \
525 1941 578 1968 »ρ
630 1945 642 1963 ι
878 1945 890 1965 ρ
1041 1946 1054 1964 3
1193 1944 1204 1962 τ
1365 1945 1379 1961 \
1493 1947 1499 1955 -
1549 1944 1566 1958 κ
1717 1939 1741 1958 τι
1828 1941 1842 1956 ο
1981 1946 2004 1955 υ

355 1969 462 2024 σηφ
521 1944 799 2013 εοουλετο,
863 1966 937 2006 ως
998 1967 1100 1999 ουκ
1157 1965 1419 2019 ευπρεπες
1474 1961 1662 2005 αλΛως
1715 1966 1771 1996 ον
1825 1965 1875 1996 εν
1910 1963 2007 2014 μιᾳ

353 2040 496 2109 μονῇ
553 2029 846 2108 διατρίϐειν
906 2035 997 2088 τόν
1049 2055 1106 2088 τε
1165 2035 1328 2107 ἀργὸν
1386 2033 1445 2087 ἐκ
1494 2030 1862 2107 πατριαρχίας
1917 2030 2005 2085 καὶ

323 2122 578 2194 ιτὸνῆδη
623 2122 1112 2198 πατριαρχεύοντα.
1175 2121 1330 2177 Ἀλλ’
1391 2124 1418 2175 ὁ
1473 2122 1722 2190 Ἰωάννης
1767 2124 1878 2193 ἅμα
1913 2121 2004 2193 μέν

349 2213 510 2276 εἶ’δὼς
540 2214 602 2268 τὸ
655 2217 751 2268 τοῦ
809 2215 1007 2290 Ἰωσὴφ
1068 2211 1282 2286 ἱλαρὸν,
1336 2213 1425 2266 καὶ
1468 2213 1540 2272 ὡς
1601 2211 1764 2265 αύτοῦ
1813 2208 2009 2284 σχεδὸν

347 2302 732 2381 ψηφισαμένου
801 2301 1003 2363 ἐκεῖνος
1066 2302 1134 2356 τα
1199 2298 1448 2372 πηδάλια
1509 2308 1610 2369 τῆς
1679 2299 2008 2368 Ἑκκλησίας

348 2388 626 2465 ἐλάμϐανε
656 2391 769 2462 (καὶ
802 2392 906 2466 γὰρ
963 2392 1060 2459 τήν
1123 2390 1214 2444 ἀπ’
1274 2390 1480 2444 ἐκείνου
1533 2387 1738 2465 βουλὴν
1777 2387 2008 2451 θέλωνό

1609 2476 1631 2494 Ν

344 2486 560 2556 κρατῶν
653 2475 952 2553 λαμϐάνειν
1035 2480 1159 2555 περὶ
1235 2480 1534 2555 προσώπου
1605 2475 2008 2547 διεπυνθάνετο,

343 2573 593 2633 κάκεῖνος
648 2574 840 2625 τοῦτον
897 2571 1044 2646 παρὰ
1101 2569 1230 2632 τοὺς
1285 2567 1532 2630 πολλοὺς
1594 2565 1870 2643 ἐξελέγετο
1933 2566 2009 2628 ὡς

2135 603 2228 676 μὲν
2291 603 2384 658 οὖν
2443 605 2533 662 διὰ
2579 613 2765 680 ταῦτα,
2827 608 2939 683 ἅμα
3000 609 3055 667 δὲ
3113 617 3201 668 καὶ
3252 621 3332 689 τῷ
3387 619 3486 686 τῆς
3529 624 3786 697 σφετέρας

2126 693 2356 768 γνώμης
2399 695 2667 751 πιστεύων
2721 697 3002 773 εἶτρηνικῷ,
3068 699 3366 760 διεκώλυσε
3417 709 3510 778 μὲν
3544 711 3634 764 τὸν
3669 713 3786 768 Ἰω·

2127 783 2235 858 σὴς)
2301 785 2706 856 μετατίθεσθαι,
2766 788 2908 842 οὕτω
2968 788 3014 843 δ’
3068 789 3222 855 ὄντος
3281 794 3453 851 ἐκεῖσε
3504 798 3594 853 καί
3627 801 3792 860 αὐτὸς

2124 875 2191 943 τῇ
2230 876 2370 946 μονῇ
2406 872 2654 946 ἐνδημεῖ,
2686 877 2775 930 καὶ
2807 879 2872 946 ἦν
2933 880 2993 934 τὸ
3038 880 3142 936 ἀπὸ
3191 883 3350 938 τοῦδε
3378 886 3469 940 καὶ
3502 909 3790 962 προσαπο-

2128 960 2370 1015 στέλλων
2403 965 2539 1034 πρὸς
2594 967 2814 1043 Ἰωσὴφ,
2876 968 2964 1022 καὶ
3023 971 3118 1032 τας
3179 973 3270 1026 ἀπ’
3319 974 3524 1031 ἐκείνου
3554 979 3786 1055 ἀποκρί-

2127 1071 2235 1112 σεις
2286 1050 2637 1130 φιλοφρόνως
2693 1057 2781 1109 καὶ
2840 1060 2974 1130 μετὰ
3031 1064 3362 1134 προσηνείας
3411 1066 3589 1136 πάσης
3625 1067 3790 1144 8576-

2128 1160 2306 1210 μενος.
2378 1145 2474 1197 ἹΙν
2535 1144 2632 1217 γορ
2694 1146 2720 1198 ὁ
2791 1146 2926 1220 ἀνήρ
2987 1148 3190 1213 ἐκεῖνος
3248 1152 3523 1225 εἰρηνικός
3579 1179 3636 1211 τε
3695 1157 3789 1212 καί

2123 1226 2337 1302 “esse,
2881 1240 2949 1309 τῇ
3188 1242 3516 1312 suam;
3592 1247 3781 1322 πράξει

2124 1317 2405 1392 ἀπήχθετο
2439 1320 2575 1374 ὥστε
2612 1321 2739 1393 μηδ’
2789 1324 3139 1400 αἰσχύνεσθαι
3187 1328 3458 1394 πολλάκις
3492 1335 3783 1406 ὁμολονεῖν

2119 1406 2210 1460 τὸν
2249 1407 2408 1482 ὅρκον
2437 1409 2678 1485 γενέσθαι
2712 1410 2980 1486 κωλύμην
3037 1422 3133 1469 τοῦ
3165 1418 3254 1472 καὶ
3286 1419 3444 1475 αὐτὸν
3481 1422 3531 1476 ἐν
3559 1425 3776 1488 τούτοις

2123 1497 2277 1562 εἶναι,
2312 1497 2424 1552 ἐπεὶ
2483 1498 2650 1555 πλέον
2709 1503 2807 1556 οὐκ
2859 1505 2925 1571 ἦν
2980 1505 3225 1580 γενέσθαι
3255 1513 3364 1563 τῶν
3398 1513 3778 1586 πραχθέντων,

2122 1585 2194 1644 ὡς
2256 1583 2653 1661 ὑπελάμϐανεν.
2713 1592 2800 1646 Ἐν
2879 1593 3098 1656 τούτοις
3169 1594 3372 1671 διοίγων
3435 1602 3462 1655 ὁ
3523 1603 3778 1672 Ἰωάννης

2121 1673 2306 1729 πολ-λεὶ
2338 1677 2433 1748 μὲν
2473 1679 2792 1754 γραμμάτια
2846 1681 2922 1746 εἷς
2977 1683 3168 1760 Χεῖρας
3222 1687 3338 1761 εἶχε
3391 1686 3711 1763 λαμϐάνων,
3747 1693 3777 1747 ἃ

2124 1761 2188 1832 δη
2223 1766 2312 1818 καὶ
2345 1767 2396 1819 οἱ
2454 1769 2775 1842 σχιζόμενοι
2833 1771 3122 1845 ὲξετίθουν,
3183 1773 3486 1841 δεικνύντες
3517 1783 3614 1850 τὴν
3649 1787 3784 1856 πρᾶ-

2122 1853 2196 1922 ξιν
2248 1854 2322 1916 ὡς
2378 1855 2646 1930 σφαλερὰν
2703 1859 2790 1912 καὶ
2851 1866 2983 1914 Θεοῦ
3039 1863 3227 1939 πόρῥω
3292 1865 3627 1940 βάλλουσαν,
3665 1873 3778 1943 ἅμα

2120 1941 2174 1996 δὲ
2203 1944 2292 1996 καὶ
2323 1944 2450 2006 τοὺς
2485 1947 2727 2009 Ἰταλοῦς
2781 1950 3009 2025 ἐνόχους
3059 1952 3324 2028 αἱρέσεσιν
3381 1958 3443 2011 οὐ
3499 1980 3776 2014 συνεσκια-

2120 2032 2341 2103 σμέναις
2402 2033 2588 2096 ἄλλως
2644 2038 2732 2090 καὶ
2789 2036 3147 2114 ἀμφιϐόλοις,
3208 2043 3334 2098 ἀλλ’
3393 2047 3648 2123 ἐμφανέσι
3687 2048 3778 2104 καὶ

2699 2123 2738 2142 Νι

2121 2118 2426 2195 λαμπραῖς.
2463 2125 2631 2198 Εἶχον
2695 2123 2749 2178 δέ
2807 2127 2897 2180 καὶ
2952 2128 3056 2182 ἀπὸ
3109 2137 3332 2208 Γραξιῶν
3387 2136 3458 2196 ὡς
3495 2135 3652 2205 δῆθεν
3687 2137 3776 2200 τὰς

2123 2207 2438 2283 ὑποδείξεις,
2474 2214 2534 2275 ἅς
2583 2216 2668 2267 καὶ
2730 2218 3165 2290 κατεστρώννυον
3227 2225 3632 2298 συνεγέστερον,
3683 2228 3779 2280 κάν

2120 2299 2225 2352 πού
2283 2322 2336 2353 τι
2389 2301 2477 2354 καὶ
2539 2302 2712 2378 ἁγίοις
2774 2304 2979 2379 ἐρῥῆοη
3035 2306 3430 2381 θεληματικὸν,
3483 2311 3625 2367 εἶ”ποι
3673 2336 3777 2379 τις,

2121 2387 2210 2441 καὶ
2242 2390 2303 2442 τὸ
2337 2390 2472 2444 κατα
2528 2398 2662 2465 σφᾶς
2720 2396 2982 2468 παριστάν
3047 2395 3224 2468 ἰδίως,
3274 2401 3348 2462 ὡς
3395 2401 3519 2477 πἐρῖ
3552 2403 3777 2476 εἰρήνης

2941 2483 2962 2502 ᾗ

2123 2479 2236 2531 οἷον
2273 2478 2348 2537 ὡς
2377 2479 2712 2553 εἰρηνευτέον
2779 2483 2871 2555 μὲν
2937 2483 3074 2540 ὅπου
3137 2489 3212 2560 μή
3246 2490 3373 2543 Θεὸν
3408 2491 3777 2564 ζημιούμεοα,

2121 2567 2210 2620 καὶ
2244 2566 2591 2640 πολεμητέον
2655 2572 2806 2635 αὖθις
2865 2574 3001 2629 ὅπου
3063 2580 3391 2648 ζημιοῦσθαι
3425 2581 3554 2635 Θεὸν
3589 2580 3782 2636 κινδυ-

346 2795 562 2846 terram
624 2787 944 2860 quotannis
993 2787 1222 2843 invecta
1271 2803 1400 2842 eam
1445 2785 1734 2853 vastabat,
1780 2782 2046 2838 damnis-
2125 2784 2282 2853 quod
2314 2785 2442 2854 ejus
2467 2788 2782 2858 tranquillo
2804 2794 2859 2845 et
2881 2791 3146 2849 studioso
3171 2797 3331 2865 pacis
3363 2795 3596 2868 ingenio
3629 2815 3778 2854 con-

350 2878 616 2936 afﬁciens
666 2877 1050 2950 ingentibus;
1101 2893 1205 2932 nec
1249 2875 1539 2931 Gulielmo
1573 2875 1828 2946 spatium
1864 2890 2001 2944 pro-

354 2985 520 3040 spere
551 2967 874 3039 quidquam
907 2966 1117 3039 agendi
1169 2983 1233 3021 ac
1285 2984 1356 3021 ne
1406 2965 1732 3036 respirandi
1766 2964 2000 3035 quidem

357 3057 533 3112 dabat
574 3055 758 3111 hostis
791 3055 843 3110 ei
873 3056 1181 3127 oppositus
1227 3055 1480 3126 impiger
1531 3053 1771 3118 Icarius,
1801 3053 2000 3123 magni

352 3148 471 3217 iam
505 3146 669 3202 ducis
700 3148 986 3216 potestate
1017 3144 1265 3200 classem
1301 3147 1570 3200 ductans.

417 3291 506 3345 28.
541 3292 746 3346 Rursus
774 3288 839 3344 de
867 3289 1264 3360 expatrz’archa
1299 3287 1527 3359 Josepho
1559 3294 1608 3342 et
1641 3285 1705 3341 de
1740 3291 1929 3342 Vacca.

413 3415 754 3472 Diversante
786 3431 976 3488 porro,
1007 3417 1072 3470 ut
1105 3414 1326 3469 dictum
1360 3417 1466 3484 est,
1499 3413 1755 3484 Josepho
1790 3412 1845 3466 in
1877 3429 2006 3466 mo-

343 3505 604 3560 nasterio
638 3505 710 3560 ad
741 3505 1035 3576 Anaplum
1088 3504 1226 3569 sito,
1259 3504 1462 3557 morbo
1495 3503 1811 3573 corripitur
1841 3502 2001 3573 gravi

339 3595 602 3649 Joannes
660 3592 1014 3664 patriarcha,
1057 3593 1280 3647 Veccus
1336 3593 1641 3660 nimirum,
1693 3591 1848 3645 idem
1901 3592 2002 3662 qui

343 3683 766 3755 chartophylax
795 3684 957 3754 prius
983 3683 1186 3738 fuerat.
1213 3682 1318 3736 Pcr
1339 3698 1469 3735 eum
1496 3681 1840 3750 languorem
1867 3698 1999 3735 cum

345 3773 535 3829 multa
565 3772 656 3828 vel
689 3775 848 3827 414
877 3790 908 3826 a
940 3771 1094 3827 malo
1127 3773 1252 3842 ipso
1284 3771 1372 3824 vel
1407 3787 1438 3825 a
1470 3770 1744 3825 remediis
1791 3786 2003 3841 passus

347 3863 698 3919 meliuscule
740 3864 865 3932 jam
923 3862 1135 3917 habere
1185 3862 1499 3931 videretur,
1536 3861 1778 3916 medicis
1809 3860 2000 3915 visum

344 3954 654 4010 transferri
684 3970 904 4024 aegrum
938 3957 1202 4024 oportere
1233 3953 1291 4006 in
1317 3953 1622 4006 seductum
1651 3967 1683 4004 a
1705 3951 1880 4006 turba
1903 3969 2001 4006 ne-

343 4043 639 4114 gotiorum
666 4041 882 4108 locum,
909 4041 1009 4096 ubi
1042 4041 1230 4096 curari
1267 4058 1367 4112 per
1398 4041 1581 4096 otium
1616 4039 2002 4111 posset,nulla

339 4131 757 4204 interpellante
815 4130 1085 4186 molestia
1143 4131 1619 4202 quotidianarum
1674 4130 2002 4200 occupatio-

343 4239 510 4277 num.
535 4225 920 4276 Decreverant
949 4225 1146 4275 autem
1172 4221 1230 4274 in
1254 4221 1367 4274 ista
1388 4219 1437 4274 ei
1463 4220 1656 4290 quiete
1690 4219 2000 4290 propinare

339 4310 659 4384 purgantia
691 4310 962 4381 quaedam
996 4310 1334 4380 pharmaca,
1363 4309 1552 4364 morbi
1583 4309 1852 4363 videlicet
1875 4308 2003 4363 reli-

338 4401 513 4474 quias
547 4404 603 4455 et
632 4399 838 4455 noxios
886 4398 1168 4453 humores
1199 4399 1327 4468 ejus
1360 4415 1568 4453 causas
1603 4399 1870 4452 funditus
1901 4414 1998 4452 cx-

335 4492 646 4546 haustura.
682 4491 960 4545 Secessus
994 4504 1164 4558 porro
1197 4489 1268 4543 ad
1298 4504 1425 4543 eam
1473 4505 1594 4542 rem
1651 4488 1998 4558 aptissimus

335 4582 532 4636 Laura
553 4579 874 4652 putabatur
890 4578 1094 4632 eadem
1119 4575 1219 4629 illa
1243 4577 1339 4630 ubi
1365 4575 1616 4648 degebat
1639 4578 1734 4646 qui
1761 4578 1998 4648 patriar-

332 4669 448 4725 cha
505 4649 695 4724 fuerat
742 4667 1053 4738 Josephus,
1088 4681 1261 4736 quem
1312 4665 1441 4719 ideo
1493 4665 1812 4735 imperator
1855 4666 1993 4720 alibi
2029 4649 2070 4714 D

332 4758 622 4816 collocare
652 4755 1126 4821 statuerat,haud
1149 4760 1609 4809 consentaneum
1643 4755 1990 4810 existimans

331 4850 540 4906 eodem
603 4846 886 4918 hospitari
946 4843 1241 4900 domicilio
1290 4845 1653 4899 decessorem
1689 4860 1989 4898 successo-

330 4953 578 5008 remque
608 4935 1063 5008 patriarchatus.
1094 4934 1302 4988 Verum
1335 4933 1594 4988 Joannes
1628 4933 1805 4988 simul
1839 4950 1993 4988 com-

328 5026 817 5100 pertam-habens
850 5039 1074 5080 comem
1115 5023 1483 5094 hilaremque
1531 5023 1765 5092 Josephi
1819 5023 1988 5078 indo-

324 5115 656 5183 lem,simul
682 5114 953 5170 conscius
977 5113 1104 5185 ipso
1127 5117 1356 5168 tantum
1381 5130 1495 5167 non
1512 5111 1665 5167 clare
1680 5112 1990 5184 palamque

326 5207 692 5278 suffragante
725 5221 854 5260 sese
881 5220 1069 5273 nuper
1092 5203 1162 5256 ad
1187 5201 1458 5257 Ecclesiae
1490 5203 1672 5256 fuisse
1704 5201 1990 5273 guberna-

324 5296 462 5352 cula
493 5299 828 5367 promotum
848 5292 1090 5362 (etenim
1123 5291 1364 5362 Josephi
1398 5290 1746 5346 sententiam
1767 5291 1837 5345 de
1855 5307 1988 5345 suc-

323 5401 561 5442 cessore
620 5383 820 5438 volens
881 5382 1200 5452 imperator
1254 5381 1576 5452 explorare,
1609 5380 1989 5434 consuluerat

320 5493 462 5533 cum
495 5477 566 5530 de
601 5489 851 5545 persona
882 5487 1058 5541 quam
1094 5470 1143 5525 ci
1180 5470 1408 5526 muneri
1443 5476 1640 5541 aptam
1667 5470 1981 5541 judicaret;

319 5573 378 5624 et
409 5563 708 5636 Josephus
738 5560 994 5617 Veccum
1043 5578 1160 5632 prae
1212 5561 1410 5616 multis
1442 5562 1512 5614 ad
1548 5561 1603 5614 id
1640 5560 1893 5632 elegerat
1926 5571 1985 5615 ut

318 5660 380 5712 et
407 5653 630 5725 alioqui
653 5653 943 5707 disertum
963 5667 1028 5705 ac
1047 5651 1591 5723 doctum,prreterea
1613 5651 1980 5721 negotiorum

318 5741 835 5802 administratione
892 5741 1119 5811 tritum,
1172 5741 1428 5813 denique
1489 5745 1698 5812 praeter
1754 5744 1979 5808 caetera,

2113 2872 2513 2942 fideret),hazc,
2531 2877 2794 2948 inquam,
2809 2880 3068 2936 Joannes
3085 2889 3364 2954 reputans
3379 2886 3738 2958 obstititquo
3757 2917 3769 2929 -

2116 2962 2312 3018 minus
2345 2964 2477 3020 inde
2508 2965 2802 3038 Josephus
2822 2973 3532 3046 amoveretur.llloigitur
3553 2976 3773 3033 ibidem

2115 3060 2516 3125 permanente,
2579 3057 2782 3111 eodem
2853 3064 2908 3114 et
2964 3059 3086 3130 ipse
3146 3063 3399 3133 divertit,
3461 3067 3768 3122 missitans

2114 3141 2365 3196 subinde
2396 3145 2690 3200 ofﬁciosas
2725 3147 2793 3200 ad
2829 3164 2963 3203 eum
3007 3149 3411 3222 salutationes,
3446 3159 3502 3209 et
3533 3161 3773 3211 mutuas

2119 3231 2190 3284 ab
2211 3230 2336 3302 ipso
2361 3233 2651 3289 comitatis
2679 3236 3122 3293 humanissimas
3147 3240 3610 3312 signiﬁcationes
3626 3246 3772 3300 reci-

2122 3319 2450 3390 piens.Erat
2472 3322 2627 3377 enim
2650 3325 2944 3396 Josephus
2969 3329 3111 3383 adeo
3137 3330 3391 3400 pacifica:
3412 3332 3774 3405 placidaeque

2118 3414 2360 3475 naturae,
2396 3416 2459 3466 ut
2488 3429 2553 3466 eo
2594 3415 2747 3484 quod
2798 3414 3081 3472 hactenus
3138 3418 3395 3474 Ecclesia
3442 3431 3638 3492 egerat
3695 3425 3768 3478 ad

2118 3515 2312 3569 pacem
2376 3501 2627 3557 oblatam
2691 3503 3135 3560 disturbandam
3196 3509 3608 3581 offenderetur,
3664 3529 3770 3567 nec

2114 3590 2336 3644 veritus
2369 3591 2578 3646 fuisset
2610 3593 2776 3648 fateri
2809 3595 3024 3665 smpius
3057 3612 3139 3662 se,
3178 3597 3287 3650 nisi
3324 3605 3768 3671 przeoccupatus

2107 3679 2429 3747 juramenti
2461 3697 2494 3733 a
2526 3697 2587 3735 se
2637 3681 2828 3751 palam
2891 3684 3030 3738 editi
3089 3686 3371 3757 religione
3429 3689 3657 3758 fuisset,
3691 3693 3760 3745 ad

2114 3767 2312 3820 omnia
2371 3769 2550 3823 fuisse
2609 3788 3039 3829 assensurum:
3076 3792 3180 3829 nec
3239 3776 3394 3830 enim
3446 3780 3596 3835 415
3641 3781 3764 3849 jam

2113 3857 2530 3926 suspicabatur
2587 3861 2744 3929 quod
2803 3867 2972 3916 antea
3028 3864 3327 3932 timuerat,
3365 3883 3482 3921 rem
3521 3867 3769 3923 ulterius

2114 3962 2520 4016 processuram
2576 3965 2752 4018 quam
2804 3967 2920 4020 quo
2965 3957 3121 4005 esset
3167 3953 3448 4009 hactenus
3478 3965 3768 4027 promota.

2112 4036 2190 4089 Eo
2214 4035 2393 4106 igitur
2426 4036 2678 4107 hospitio
2709 4039 2964 4094 Joannes
2997 4048 3190 4107 utens,
3217 4043 3433 4098 multos
3466 4047 3519 4099 in
3555 4065 3766 4105 manus

2111 4126 2367 4195 sumpsit
2396 4125 2654 4196 legitque
2684 4127 2908 4183 libellos
2936 4130 3006 4184 ab
3036 4130 3104 4184 iis
3131 4133 3489 4202 compositos
3513 4138 3611 4204 qui
3639 4155 3770 4208 per-

2112 4215 2453 4269 severabant
2486 4215 2543 4269 in
2579 4217 2934 4281 schismate;
2983 4236 3236 4289 quorum
3269 4231 3388 4276 erat
3421 4240 3636 4295 scopus
3669 4245 3766 4283 os-

2110 4307 2344 4361 tendere
2377 4314 2718 4379 suspcctum
2754 4309 2858 4364 hoc
2892 4315 3076 4365 totum
3108 4311 3265 4382 pacis
3289 4314 3586 4383 negotium
3614 4335 3767 4386 csse,

2113 4397 2393 4467 longeque
2425 4415 2456 4450 a
2491 4403 2600 4452 Deo
2655 4416 2721 4454 ac
2753 4416 2885 4455 vera
2942 4401 3216 4469 religione
3266 4421 3371 4458 nos
3419 4406 3764 4473 abduce-ns;

2111 4491 2388 4555 praeterea
2438 4487 2610 4543 Italos
2659 4489 2952 4545 haereseon
3008 4492 3192 4546 teneri
3245 4509 3396 4563 reos,
3440 4511 3764 4567 earumque

2108 4593 2222 4630 non
2255 4577 2611 4631 occultarum
2650 4584 2750 4632 aut
2782 4579 2901 4634 ullo
2930 4582 3101 4636 modo
3135 4582 3476 4652 dubiarum,
3507 4587 3605 4640 sed
3640 4588 3764 4640 evi-

2106 4665 2370 4721 dentium
2405 4671 2460 4720 ct
2491 4667 2815 4723 meridiana
2848 4669 3109 4725 claritate
3159 4678 3612 4743 compcrtarum.
3647 4677 3764 4730 Ta-

2102 4754 2245 4809 lium
2270 4761 2631 4811 assertorum
2666 4759 3020 4814 documenta
3051 4777 3112 4814 sc
3144 4761 3357 4816 habere
3388 4763 3611 4819 scilicet
3643 4766 3764 4819 aie-

2100 4845 2243 4899 bant
2302 4845 2617 4901 manifesta
2665 4847 2950 4918 planeque
2982 4850 3388 4919 convincentia
3421 4853 3762 4908 testimonia

2101 4936 2457 5006 scriptorum
2493 4935 2992 5004 authenticorum,
3028 4955 3158 5008 qua:
3187 4943 3242 4992 et
3270 4939 3585 4995 ambitiose
3617 4960 3759 4998 con-

2102 5028 2360 5079 texentes
2393 5025 2784 5096 proferebant.
2809 5027 2888 5080 Ac
2921 5028 2968 5079 si
3002 5028 3157 5097 quod
3194 5034 3530 5084 sanctorum
3566 5049 3761 5086 asser-

2103 5117 2227 5168 tum
2264 5113 2322 5168 in
2357 5115 2714 5169 contrarium
2767 5121 3180 5186 opponeretur,
3216 5116 3473 5188 primum
3507 5121 3759 5193 excipie-

2098 5203 2242 5257 bant
2272 5203 2671 5271 arbitrarium,
2703 5209 2765 5258 ut
2817 5203 2950 5275 quis
2983 5205 3216 5272 dixerit,
3251 5207 3309 5261 id
3343 5225 3495 5275 esse,
3529 5209 3638 5267 hoc
3669 5217 3759 5267 est

2102 5309 2204 5364 pro
2237 5293 2362 5347 sola
2404 5292 2703 5348 voluntate
2755 5293 2881 5363 paci
2929 5295 3296 5350 studentium
3327 5298 3397 5351 ad
3435 5301 3757 5355 concordiae

2100 5383 2304 5436 oblata:
2339 5382 2877 5452 comprobationem
2911 5387 3761 5444 accommodari.Deindecon-

2099 5472 2384 5526 cedebant
2442 5470 2770 5524 faciendam
2828 5487 2968 5525 sane
3028 5489 3247 5542 pacem,
3281 5476 3380 5530 sed
3433 5481 3573 5530 tunc
3623 5483 3755 5531 tan-

2096 5567 2248 5629 tum,
2281 5560 2514 5629 quando
2548 5576 2664 5614 non
2699 5560 3027 5629 exigeretur
3055 5579 3383 5620 consensus
3420 5565 3477 5618 in
3529 5565 3586 5619 id
3639 5583 3756 5635 quo

2100 5653 2278 5706 Deum
2311 5649 2524 5705 offendi
2557 5655 2852 5706 constaret
2883 5665 2899 5706 :
2933 5669 3120 5723 neque
3169 5654 3326 5709 enim
3385 5655 3478 5708 Dei
3522 5656 3754 5724 jactura

2093 5742 2242 5796 bene
2273 5739 2766 5811 tranquillitatem
2813 5741 2978 5809 emi;
3035 5742 3341 5814 satiusque
3384 5743 3572 5801 multo
3625 5761 3754 5803 esse
