4080 6390
351 355 456 411 871

1661 344 1962 403 GEORGII
1998 345 2463 407 ΡΔΟΗΥΜΕΒΒ

3674 351 3801 408 872

350 480 600 555 νεῦομεν,
629 479 782 535 ταῦτ’
809 476 1007 534 ἐκεῖνοι
1035 475 1173 554 πρὸς
1231 474 1293 529 τὸ
1343 470 1785 546 καθολικώτερον
1823 489 1997 543 μετα·
2030 476 2086 544 Α
2115 491 2206 547 γεν
2264 472 2469 538 ἐκεῖνος
2519 474 2663 549 τότε,
2727 476 2823 541 τὰς
2877 480 2986 533 τῶν
3056 475 3398 555 σχιζομένων
3469 471 3796 552 λαμϐάνων

354 572 630 649 φέροντες,
686 567 777 624 καὶ
835 565 983 623 ἄλλα
1038 564 1267 621 πλεῖστα
1321 565 1550 620 τοιαῦτα
1602 558 2007 636 παρενεῖροντες

351 666 473 722 ταῖς
531 663 679 737 σφῶν
759 661 1117 734 σιργγραφαῖς,
1178 653 1453 727 παρέστων
1508 652 1608 721 τήν
1666 651 1857 727 πρᾶξιν
1928 650 2002 713 ὡς

354 748 645 824 σφαλερὰν.
699 750 801 804 Ἦν
860 745 917 801 δὲ
965 747 1027 801 τὸ
1086 745 1352 817 ἑπόμενον
1409 740 1459 815 ἐξ
1509 740 1750 816 ἀνάγκης
1779 738 2002 817 γράφειν

350 840 597 895 κάκεῖνον
650 839 740 892 καὶ
796 836 1187 911 ἀπολογεῖσθαι
1243 832 1324 910 ἐφ’
1380 830 1589 904 ἑκάστῳ
1619 835 1724 885 τῶν
1766 828 2004 905 λεγομέ-

346 950 478 984 νων.
510 925 664 983 Ἀλλ’
699 923 859 986 εἷδὼς
893 923 1151 998 αἰρόμενα
1181 918 1458 976 σκάνδαλα
1490 920 1563 979 ὡς
1605 916 1786 994 λόγων
1818 915 2004 993 λόγοις

352 1018 708 1093 μαχομένων,
739 1012 791 1085 ἐξ
835 1015 907 1067 ὧν
960 1012 1059 1067 οὐκ
1109 1005 1220 1065 ἔστι
1266 1006 1670 1083 διαδιδράσκειν
1701 1008 1735 1076 ἢ
1772 1004 1931 1062 οὖσαν
1965 1006 2001 1076 ἢ

346 1105 609 1161 δοκοῦσαν
643 1102 980 1178 κατηγορίαν
1022 1101 1110 1156 έπὶ
1144 1094 1445 1174 παραϐάσει
1476 1101 1583 1151 τῶν
1617 1096 1880 1171 μειζόνων
1911 1098 2004 1152 τὸν

342 1197 635 1275 γράφοντα,
669 1193 853 1268 ἔμενεν
882 1195 1126 1269 ἠρεμων.
1161 1190 1266 1249 Καὶ
1312 1213 1376 1266 γε
1405 1195 1483 1262 τῷ
1513 1187 1812 1275 Ξιφιλίνιρ,
1844 1185 2001 1264 ἀνδρὶ

346 1273 563 1363 γεραρῷ
593 1285 680 1339 καὶ
718 1282 943 1358 μεγάλῳ
973 1282 1252 1354 οἰκονόμῳ
1271 1287 1371 1349 τῆς
1398 1276 1727 1347 Ἐκγλησίας
1751 1273 1887 1345 ὄντι,
1915 1278 1997 1348 [Ρ.

341 1378 468 1448 282]
501 1375 927 1448 καθυπισχνεῖτο
964 1371 1040 1443 μὴ
1072 1368 1133 1424 ἂν
1175 1369 1266 1423 καὶ
1316 1368 1519 1443 γράψαι
1550 1365 1682 1421 ποτὶ
1714 1363 1787 1427 εἷς
1818 1364 2001 1442 ἀντίρ-

346 1464 505 1541 ῥησιν
539 1461 723 1533 δηθεν,
785 1485 813 1511 ‹‹
866 1462 960 1529 Μή
1022 1457 1287 1532 δόξωμεν,
1350 1456 1508 1533 φησὶ,
1564 1460 1681 1517 τοῖς
1728 1455 2004 1528 κειμένοις

345 1556 843 1629 παρεγχειροῦντες
895 1546 992 1603 κάν
1053 1550 1083 1602 ὅ
1135 1569 1187 1602 τι
1244 1546 1521 1623 λέγοιμεν.
1588 1545 1856 1605 Έκείνοις
1909 1545 2003 1617 μὲν

345 1641 565 1697 δοκοῦσι
617 1642 971 1712 νεωτερισμῷ
1026 1658 1131 1691 τινι
1193 1636 1280 1691 ἐπὶ
1347 1640 1463 1697 τοῖς
1529 1631 2003 1704 έκκλησιαστικοῖς

346 1730 516 1802 ὁμόσε
542 1734 747 1805 χωρεῖν
781 1728 871 1782 καὶ
928 1725 1141 1801 ἀνέχειν
1190 1726 1496 1794 πειρᾶσθαι,
1542 1723 1638 1777 κάν
1670 1720 1722 1776 εἷ’
1744 1743 1795 1777 τι
1824 1727 1999 1801 φαῖεν,

345 1817 713 1897 κάμψανερῶς
770 1816 862 1871 καὶ
918 1821 1034 1878 τοῖς
1088 1813 1361 1888 κειμένοις
1418 1812 1811 1889 προσκρούοιεν
1869 1809 1998 1887 δόγ-

345 1930 527 1982 μασιν,
591 1906 864 1981 αὐτάρκης
920 1905 1173 1980 ἀποφυγῆ
1230 1904 1294 1958 τὸ
1354 1903 1486 1977 ὑπὲρ
1536 1898 1997 1971 τῆςἘκκλησίας

342 1994 799 2067 δῆθενῖστασϐαι,
848 1995 941 2050 καὶ
989 1996 1089 2063 τήν
1138 2000 1238 2061 τῆς
1290 1987 1615 2068 ἐργολαϐίας
1648 1995 1834 2064 πεῖραν
1868 1988 1994 2066 ῥᾷον

340 2085 643 2142 έκκλίνοιεν
686 2083 768 2139 ἂν·
820 2087 956 2158 ἡμῖν
992 2080 1070 2149 δὲ,
1127 2084 1223 2136 κάν
1282 2080 1351 2135 τὰ
1409 2080 1680 2158 φανότατα
1711 2076 1993 2155 λέγοιμεν,

342 2178 622 2253 ἀγαπητὸν
685 2174 734 2229 εἷ’
795 2176 871 2247 μὴ
923 2171 1336 2250 προσεήοίμεοα
1396 2171 1587 2244 μαίνον,
1620 2168 1764 2225 ἀλλᾶ
1798 2171 1872 2242 μή
1908 2168 1996 2224 καὶ

345 2267 470 2343 περὶ
502 2270 712 2341 τροπῆς
768 2267 877 2317 τῶν
935 2261 1196 2335 κειμένων
1245 2259 1559 2337 φεύγοιμεν.
1611 2282 1639 2312 ››
1691 2256 1996 2314 Ταῦτ’ἓλε-

344 2488 667 2549 decertare,
693 2482 790 2537 nbi
822 2499 894 2538 ne
924 2498 957 2536 a
988 2482 1105 2537 Deo
1138 2496 1388 2551 veraque
1427 2478 1710 2550 religione
1767 2480 2002 2536 excida-

342 2592 477 2631 mus
528 2589 784 2645 praesens
834 2570 1158 2642 periculum
1208 2569 1302 2625 sit.
1336 2568 1503 2624 Talia
1532 2568 1616 2623 illi
1651 2569 1710 2623 in
1743 2568 1996 2625 maxime

341 2665 692 2721 catholicam
751 2662 1187 2717 conformantes
1218 2659 1473 2731 speciem
1507 2658 1846 2713 scribebant
1874 2659 1994 2714 dis-

339 2755 749 2824 serebantque,
778 2750 962 2805 multa
983 2749 1043 2804 in
1066 2766 1195 2803 eam
1220 2747 1571 2804 sententiam
1596 2748 1882 2803 accuratis
1904 2747 1991 2803 lu-

340 2841 787 2901 cubrationibus
849 2836 1242 2911 plausibiliter
1317 2841 1722 2909 congerentes,
1776 2838 1994 2907 quibus

341 2936 648 3004 appareret
696 2944 912 3000 anceps
960 2927 1119 2981 istud
1154 2930 1341 2981 totum
1376 2942 1443 2981 ac
1475 2925 1718 2996 periculi
1752 2924 1988 2996 plenum

337 3020 518 3076 videri
552 3019 764 3074 debere
795 3016 1115 3088 negotium.
1156 3016 1234 3070 Ea
1262 3014 1362 3069 ille
1417 3014 1638 3086 legens,
1673 3017 1991 3069 necessita-

337 3114 453 3165 tem
486 3108 687 3163 subire
709 3107 1016 3161 videbatur
1048 3104 1419 3159 manifestam
1450 3103 1686 3175 scriptis
1717 3103 1829 3159 ista
1855 3120 1990 3158 con-

334 3199 534 3255 trariis
559 3194 857 3253 refellendi
893 3193 1432 3267 respondenditque
1456 3192 1760 3265 sigillatim
1786 3194 1855 3247 ad
1878 3191 1991 3247 sin-

335 3288 493 3361 gula.
547 3287 657 3343 Sed
716 3285 870 3339 idem
931 3283 1245 3355 providens
1302 3299 1372 3338 ex
1429 3282 1542 3337 isto
1603 3280 1883 3337 aientium
1935 3287 1993 3337 et

337 3377 676 3449 negantium
701 3374 977 3430 conflictu
1009 3372 1366 3444 scriptorum
1387 3376 1666 3443 eruptura
1693 3370 1991 3441 scandala,

336 3466 489 3523 raris
518 3464 833 3520 lectoribus
863 3478 931 3516 ea
963 3460 1091 3515 luce
1127 3460 1307 3515 animi
1339 3459 1699 3531 vigentibus,
1729 3468 1787 3514 ut
1821 3458 1992 3515 blan-

338 3556 594 3612 dientem
616 3553 895 3622 utrinque
916 3551 976 3605 in
1000 3548 1334 3604 commissis
1353 3548 1601 3604 invicem
1625 3549 1993 3621 argumentis

338 3641 686 3699 altercantiu
700 3656 752 3693 m
766 3637 1313 3693 verisimilitudinis
1330 3638 1581 3710 speciem
1608 3655 1752 3693 sane
1774 3638 1991 3710 judicio

336 3734 760 3797 discernerent,
792 3744 897 3783 nec
940 3727 1108 3783 facile
1164 3728 1431 3799 scriptori
1492 3729 1761 3799 quamvis
1822 3734 1990 3783 cauto

335 3822 457 3878 fore
471 3836 600 3876 eam
626 3820 684 3873 in
702 3817 805 3872 tali
827 3817 1131 3873 tractando
1156 3822 1505 3889 argumento
1530 3818 1991 3873 moderationem

335 3916 554 3978 tenere,
588 3913 653 3963 ut
683 3908 827 3963 satis
857 3923 983 3963 sese
1015 3906 1389 3962 subtraheret
1438 3906 1852 3978 plerorumque
1898 3922 1990 3962 re—

336 3997 853 4073 prehensionibus,
886 3997 1042 4051 416
1073 4013 1273 4051 verum
1307 3995 1358 4051 ei
1388 4001 1489 4051 aut
1520 4013 1810 4068 apparens
1842 4013 1989 4068 prae-

336 4087 708 4144 varicationis
737 4088 797 4142 in
826 4086 1001 4141 rebus
1036 4085 1311 4141 maximis
1343 4084 1565 4141 crimen
1619 4085 1989 4156 impacturis,

334 4177 667 4235 sustinebat
706 4192 767 4231 se
816 4193 844 4231 a
898 4175 1209 4230 scribendo
1264 4174 1614 4246 quietusque
1669 4175 1989 4246 perstabat.

330 4267 479 4334 Quin
512 4271 570 4321 et
598 4263 894 4337 Xiphilino
916 4264 1041 4321 viro
1064 4263 1250 4336 gravi,
1276 4280 1491 4335 magno
1522 4268 1664 4319 tunc
1691 4281 1991 4319 oeconomo

329 4356 612 4422 ecclesiae,
635 4353 1008 4410 confirmavit
1035 4370 1097 4408 se
1119 4353 1277 4408 haud
1305 4368 1604 4425 quaquam
1630 4358 1992 4408 commenta-

330 4446 437 4503 riis
489 4446 621 4516 ejus
675 4443 909 4515 generis
961 4441 1379 4497 elucubrandis
1437 4458 1672 4514 operam
1731 4458 1990 4513 unquam

329 4539 608 4593 daturum
634 4550 646 4587 :
673 4537 754 4587 Ne
775 4531 1099 4597 videamur,
1123 4530 1450 4602 inquiebat,
1470 4530 1648 4586 semel
1671 4532 1994 4589 constituta

2110 561 2211 617 ἀνὰ
2265 569 2455 640 χεῖρας
2512 567 2750 645 γραφὰς,
2807 570 2893 630 αῖς
2952 565 3098 624 πολὺ
3156 566 3219 623 τὸ
3274 567 3467 643 ςαθρὸν
3509 566 3789 644 ἐχούσαις

2111 649 2196 707 ἐπὶ
2231 651 2374 709 πολὺ
2407 657 2492 717 οἷς
2546 653 2736 732 ἔλεγον
2796 654 3057 713 ἐϐούλετο
3117 657 3212 730 μὲν
3267 656 3589 733 ἀντιλέγειν,
3623 657 3789 713 ἐπεί-

2112 759 2243 817 χετο
2303 740 2380 816 δὲ,
2439 742 2535 800 κᾶν
2585 743 2749 811 τέλος
2801 747 2901 816 τὴν
2958 752 3149 821 πεῖραν
3183 745 3245 801 οὐ
3277 744 3482 822 διέδρα,
3543 743 3666 811 ὅθεν
3698 745 3779 817 δὴ

2106 830 2196 886 καὶ
2251 832 2492 895 πολλοῖς
2549 836 2980 909 περιπεπιτώκει
3032 840 3149 897 τοῖς
3209 834 3501 911 χαλεποῖς.
3557 842 3697 890 Τοτε
3730 834 3789 891 δ’

2112 919 2193 997 ἐφ’
2222 921 2458 997 ἡμέραις
2507 925 2577 996 τῇ
2631 923 2820 998 Λαύρᾳ
2865 925 3353 999 προσκαρτερήσας
3381 923 3473 980 καὶ
3519 928 3789 999 καθαρῶς

2111 1009 2330 1085 ὑγιάνας
2406 1010 2482 1073 εἰς
2570 1014 3145 1071 Κωνσταντινούπολιν
3221 1014 3601 1092 έπανέστρεφε,
3693 1018 3787 1087 τῷ

2107 1101 2312 1174 Ἰωσὴφ
2347 1101 2465 1173 μεθ’
2494 1099 2824 1177 ἱλαρότητος
2852 1103 3268 1177 συνταξάμενος.

2285 1245 2382 1300 κθ“.
2415 1247 2628 1302 Ἔτιτὰ
2656 1247 2793 1302 κατά
2833 1247 2928 1302 τὸν
2979 1249 3328 1326 πατριάρχην
3362 1250 3587 1329 Ἰωσηφ.

2174 1367 2291 1424 Οὔκ
2320 1366 2449 1438 ἦνδὲ
2477 1390 2626 1432 τινας
2673 1372 2902 1445 ἠρεμεῖν
2950 1370 3213 1445 ἐντεῦθεν,
3246 1372 3386 1428 ὥστε
3413 1374 3504 1428 καὶ
3530 1374 3622 1429 τὸν
3656 1376 3790 1432 ’Ῐωο

2106 1457 2216 1534 σήφ
2265 1455 2437 1512 ἐκεῖσε
2490 1460 2801 1533 καθήμενον
2860 1461 3251 1533 ἀναπαύεσθαι,
3306 1460 3436 1519 ἀλλ’
3496 1465 3782 1539 ὁσημέραι

2104 1551 2546 1622 προσφοιτῶντες
2574 1548 2870 1626 ἠνώχλουν
2924 1551 3017 1605 τὸν
3069 1548 3239 1627 ἂνδρα
3285 1551 3375 1607 καὶ
3410 1559 3640 1628 συχναῖς
3674 1574 3781 1608 πε-

2106 1630 2398 1708 ριέϐαλλον
2433 1635 2750 1713 ἀσχολίαις,
2796 1639 2890 1694 τὸν
2942 1640 3109 1695 αὐτοῦ
3163 1640 3329 1711 ζῆλον
3369 1641 3616 1718 (καὶγὰρ
3649 1645 3779 1698 κατ’

2106 1724 2292 1802 ὀλίγον
2325 1726 2628 1801 κατέψυκτο
2661 1732 2729 1803 τῇ
2760 1732 2868 1784 τῶν
2899 1750 3118 1802 τροπων
3152 1729 3449 1805 ἁπλότητι)
3480 1731 3775 1801 ἀναζωπυο

2111 1819 2328 1890 ροῦντες
2362 1817 2479 1870 οἷον
2508 1815 2600 1871 καὶ
2650 1818 2786 1893 πρὸς
2837 1820 2919 1892 [Ρ.
2970 1822 3097 1893 283]
3145 1820 3240 1875 τὸν
3288 1822 3615 1897 θερμότερον
3652 1820 3777 1877 διε-

2104 1904 2397 1981 γείροντες.
2429 1906 2531 1962 Ἦν
2559 1905 2660 1981 γάρ
2714 1908 2741 1962 ὁ
2802 1909 2938 1984 ἀνὴρ
3005 1908 3093 1964 ἐπὶ
3148 1914 3407 1965 τοσοῦτον
3456 1909 3647 1978 ἱλαρὸς
3677 1911 3777 1966 καὶ

2112 1993 2358 2067 μέτριος,
2420 1991 2558 2050 ὥστε
2614 1996 2703 2050 καὶ
2764 1994 2913 2072 εἴπερ
2973 1998 3133 2074 χρεία
3188 2000 3396 2074 γεγόνει
3453 2002 3603 2062 τινάς
3659 2005 3779 2056 τῶν

2104 2087 2174 2157 τῇ
2230 2083 2534 2156 Ἐκκλησία
2588 2086 2999 2142 κοινωνούντων
3059 2094 3394 2166 προσφοιτᾷν
3452 2090 3664 2162 ἐκείνῳ,
3716 2092 3778 2146 οἱ

2109 2169 2155 2226 δ’
2213 2171 2411 2241 ἤθελον
2466 2172 2835 2249 εὐλογεῖσθαι,
2899 2178 3062 2250 μένον
3117 2179 3183 2248 ἦν
3242 2177 3477 2243 ἐκείνους
3521 2182 3778 2253 προσπί-

2108 2282 2259 2318 πτειν
2288 2261 2377 2317 καὶ
2408 2264 2508 2334 τήν
2559 2263 2807 2342 εὐλογίαν
2869 2265 3169 2340 ἐπιζητεῖν,
3225 2268 3316 2324 καὶ
3373 2268 3530 2325 αὐτὸν
3569 2269 3776 2335 εὐθέως

2110 2483 2439 2553 captatione
2494 2484 2862 2556 declinanda,
2896 2503 3013 2559 qua
3050 2492 3354 2561 utcunque
3412 2506 3513 2562 pro
3560 2497 3774 2550 nostra

2111 2579 2275 2644 parte
2296 2573 2629 2630 clarissima
2649 2582 2999 2647 argumenta
3021 2579 3509 2648 proferamus,vix
3527 2598 3774 2654 sperare

2110 2679 2430 2733 possumus
2460 2669 2836 2721 assecuturos
2885 2683 2993 2721 nos
3037 2671 3103 2722 ut
3150 2684 3281 2739 quas
3310 2669 3770 2741 allegaverimus

2107 2756 2329 2807 attente
2382 2759 2852 2825 cognoscantur;
2888 2754 3074 2812 multo
3132 2763 3330 2813 autem
3381 2760 3773 2821 verisimilius

2108 2841 2317 2896 timere
2348 2858 2669 2914 possumus
2695 2860 2766 2899 ne
2795 2844 2964 2900 nobis
2991 2844 3316 2918 imputetur
3345 2849 3565 2907 reﬁctio
3595 2869 3771 2908 revo-

2108 2929 2375 3001 catioque
2400 2930 2455 2985 in
2484 2931 2730 2986 dubium
2763 2932 2945 2989 semel
2976 2936 3135 2990 omni
3168 2935 3445 2994 ﬁrmitate
3474 2941 3735 2998 constitu
3756 2975 3773 2985 -

2104 3024 2299 3074 terum
2333 3020 2680 3090 dogmatum
2713 3038 2727 3090 ;
2762 3023 2917 3093 quod
2952 3023 3215 3081 odiosius
3240 3032 3297 3081 et
3330 3029 3501 3085 nobis
3534 3030 3772 3102 fugien-

2101 3108 2243 3162 dum
2277 3106 2365 3162 vel
2400 3108 2649 3164 maxime
2703 3109 2923 3167 crimen
2957 3121 3063 3169 est.
3100 3113 3176 3170 Ea
3209 3120 3347 3171 tunc
3380 3116 3477 3174 ille
3510 3119 3769 3190 diccbat,

2107 3197 2338 3268 quoties
2378 3196 2435 3252 in
2471 3214 2683 3253 manus
2714 3206 2974 3257 sumeret
3004 3201 3351 3262 herentium
3382 3206 3576 3263 adhuc
3607 3210 3768 3266 schi-

2107 3285 2283 3341 smati
2316 3289 2771 3344 commentarios
2802 3295 3151 3361 auctorum;
3186 3309 3334 3366 quos
3377 3299 3574 3353 tamen
3624 3316 3763 3356 cum

2108 3374 3047 3447 deindelegeret,animadvertens
3073 3382 3317 3439 multam
3340 3401 3541 3442 eorum
3571 3387 3765 3447 labem

2108 3464 2816 3538 fraudemque,impetum
2837 3468 3132 3527 interdum
3164 3473 3433 3545 capiebat
3462 3477 3763 3537 refutandi

2107 3553 2412 3623 splendide
2430 3572 2558 3627 qua:
2578 3557 2938 3613 mendaciter
2965 3560 3436 3632 afﬁrmabantur,
3458 3573 3516 3623 et
3547 3569 3764 3627 fucatis

2106 3643 2649 3701 ratiocinationibus
2670 3646 3012 3703 detrahendi
3034 3649 3275 3707 larvam.
3292 3654 3401 3710 Sed
3426 3658 3762 3727 tenebatur,

2105 3748 2179 3788 ne
2211 3733 2268 3787 id
2303 3733 2533 3804 faceret,
2568 3752 2636 3790 ea
2681 3752 2859 3807 quam
2907 3737 3028 3793 dixi
3076 3741 3343 3813 ratione;
3393 3762 3515 3817 qua
3561 3753 3763 3806 tamen

2105 3839 2389 3878 excussus
2421 3824 2493 3878 ad
2520 3828 2847 3881 extremum
2881 3832 2990 3897 est,
3021 3829 3219 3887 venire
3251 3848 3490 3891 coactus
3538 3838 3613 3893 ad
3662 3856 3763 3895 ex-

2106 3912 2497 3982 perimentum
2548 3913 2769 3985 scripto
2820 3915 3162 3988 disputandi
3217 3922 3501 3980 adversus
3555 3933 3768 3985 contra

2105 3999 2460 4070 sentientes;
2496 4003 2649 4058 unde
2681 4002 2739 4058 in
2770 4003 2988 4061 multas
3017 4012 3075 4062 et
3103 4024 3309 4081 graves
3341 4014 3590 4087 contigit
3619 4033 3762 4074 eum

2104 4089 2412 4160 angustias
2444 4090 2719 4148 incidere.
2755 4093 2918 4150 Tunc
2966 4102 3162 4154 autem
3196 4106 3288 4156 sat
3316 4103 3518 4160 multis
3545 4105 3764 4164 diebus

2105 4178 2436 4235 diversatus
2486 4182 2643 4250 apud
2690 4185 2965 4253 Lauram,
2992 4192 3051 4242 et
3074 4187 3197 4257 jam
3229 4189 3401 4261 plene
3448 4194 3763 4253 restitutus

2103 4266 2446 4333 valetudini,
2478 4267 3048 4345 Constantinopolim
3100 4280 3355 4348 revertit,
3389 4280 3644 4341 salutato
3696 4285 3762 4342 in

2082 4355 2368 4429 “digressu
2394 4358 2824 4417 humanissime
2850 4362 3132 4437 Josepho.

2256 4498 2347 4552 29.
2379 4498 2562 4555 Adhuc
2589 4501 2656 4556 de
2681 4503 2917 4576 Josepho
2947 4508 3223 4583 quondam
3251 4514 3599 4581 patriarcha.

330 4643 539 4683 rursus
580 4624 639 4679 in
692 4623 942 4678 dubium
994 4637 1219 4687 vocare,
1255 4621 1423 4692 quasi
1473 4638 1600 4694 qum
1651 4622 1831 4678 semel
1877 4623 1992 4678 fixa
2023 4607 2068 4672 D
2170 4624 2321 4678 417
2372 4628 2453 4680 De
2504 4625 2731 4697 reliquo
2758 4626 2914 4686 haud
2950 4636 3220 4703 poterant
3248 4638 3492 4710 quidam
3523 4644 3611 4701 vel
3640 4644 3761 4716 ipsi

329 4722 527 4774 tenere
560 4712 948 4779 decrevimus,
973 4727 1038 4766 eo
1064 4710 1191 4782 ipso
1223 4710 1279 4765 in
1314 4712 1767 4767 concertationis
1796 4711 1985 4768 aleam

331 4806 402 4861 de
450 4821 598 4860 novo
649 4801 966 4874 jaciamus,
1012 4800 1166 4872 quod
1227 4816 1361 4855 cum
1413 4800 1484 4855 iis
1534 4800 1635 4872 qui
1694 4802 1987 4857 contraria

331 4895 524 4968 palam
577 4892 842 4949 sentiunt
872 4905 1139 4964 quosque
1171 4906 1275 4961 pro
1308 4890 1687 4946 novatoribus
1717 4891 1777 4946 in
1812 4891 1986 4948 rebus

329 4982 742 5041 ecclesiasticis
772 4982 1085 5048 habemus,
1122 4980 1277 5035 ultro
1309 4979 1738 5037 descendemus
1776 4980 1833 5034 in
1866 4996 1987 5037 cer-

330 5076 527 5128 tamen
579 5072 783 5127 audire
832 5085 1303 5141 eognoscereque
1336 5068 1700 5124 sustinentes
1727 5069 1870 5140 quid
1902 5069 1987 5125 illi

329 5179 436 5235 pro
486 5178 548 5217 se
598 5160 871 5231 allegent.
906 5160 1053 5216 Cum
1113 5160 1270 5215 enim
1332 5158 1710 5214 manifestum
1763 5159 1840 5214 sit
1888 5175 1988 5216 eos

332 5249 514 5306 semel
573 5254 794 5305 statuta
852 5254 1096 5321 rataque
1153 5248 1351 5303 habita
1408 5248 1604 5303 conari
1665 5248 1988 5305 convellere

332 5340 630 5409 dogmata,
657 5354 840 5392 unum
876 5338 1043 5394 nobis
1075 5339 1349 5411 idemque
1386 5338 1686 5393 sufficiens
1709 5340 1987 5395 adversus

332 5426 648 5483 instantias
671 5442 873 5481 eorum
895 5443 1120 5493 omnes,
1144 5426 1206 5481 in
1229 5427 1520 5483 contrario
1552 5428 1861 5500 palamque
1884 5445 1986 5501 pro

332 5514 502 5572 nobis
551 5519 742 5571 stante
797 5513 1060 5569 Ecclesiae
1108 5530 1418 5585 consensa,
1471 5521 1632 5589 patet
1679 5517 1984 5590 effugium,

331 5620 449 5676 quo
481 5602 712 5659 abunde
734 5601 985 5669 securis,
1010 5601 1170 5657 nullo
1190 5604 1303 5660 fine
1332 5604 1768 5661 miscendarum
1793 5605 1988 5663 litium

331 5708 399 5748 ac
425 5691 782 5764 jurgiorum,
826 5692 961 5748 licet
992 5691 1162 5748 nobis
1193 5695 1608 5765 compendium
1642 5696 1830 5753 facere
1860 5695 1986 5753 dis-

2096 4712 2393 4784 quiescere
2414 4712 2502 4769 vel
2524 4715 2826 4787 quiescere
2848 4719 3040 4777 sinere
3064 4723 3356 4784 fruentem
3382 4731 3493 4786 isto
3515 4712 3757 4792 secessu

2094 4801 2550 4875 Josephum,sed
2575 4805 2941 4877 quotidianis
2960 4810 3263 4871 heminam
3286 4818 3605 4878 turbabant
3621 4840 3760 4880 eon-

2097 4892 2423 4965 gressibus,
2446 4892 2698 4950 multum
2729 4896 2780 4951 ei
2814 4900 3034 4971 negotii
3057 4902 3439 4977 lacessentes,
3459 4911 3600 4967 dum
3625 4915 3761 4985 ejus

2097 4980 2601 5053 languescentem,
2628 4987 2691 5039 ut
2710 4987 3131 5062 querebantur,
3160 4993 3338 5053 nimis
3362 5014 3595 5056 morum
3618 4980 3766 5059 sim-

2099 5070 2357 5142 plicitate
2386 5070 2577 5127 zelum
2611 5073 2865 5131 excitare
2896 5094 2963 5132 ac
2993 5081 3166 5152 quasi
3210 5084 3495 5158 subjectis
3527 5091 3761 5149 facibus

2098 5161 2418 5216 accendere
2440 5162 2764 5220 tentabant.
2791 5165 2925 5221 Erat
2946 5174 3143 5226 autem
3170 5173 3217 5228 is
3241 5179 3361 5230 tam
3396 5179 3654 5236 remissaa
3684 5199 3759 5239 ac

2097 5249 2283 5306 comis
2316 5255 2537 5306 natura:
2570 5252 2677 5318 vir,
2704 5258 2769 5309 ut
2809 5256 2859 5311 si
2891 5257 2985 5313 cui
3019 5276 3221 5317 eorum
3257 5263 3358 5335 qui
3387 5282 3523 5322 cum
3561 5269 3755 5327 Eccle-

2098 5340 2187 5395 sia
2217 5339 2732 5398 cemmunicabant
2760 5361 2941 5402 causa
2970 5344 3279 5407 incidisset
3310 5355 3567 5412 adeundi
3600 5361 3758 5431 ejus,

2097 5432 2155 5485 et
2181 5427 2281 5518 qui
2307 5430 2636 5501 accedebat,
2669 5431 2839 5489 vellet
2888 5436 3316 5498 benedictionis
3345 5443 3537 5515 ipsius
3569 5427 3760 5518 parti;

2097 5534 2234 5589 ceps
2259 5517 2402 5586 ﬁeri,
2428 5537 2542 5575 non
2565 5537 2713 5592 opus
2741 5523 2854 5579 alio
2887 5525 3129 5583 haberet
3161 5547 3338 5601 quam
3373 5517 3672 5604 procidere
3694 5546 3762 5596 et

2097 5606 2559 5665 benedictionem
2619 5616 2819 5682 petere
2852 5630 2866 5668 :
2900 5616 3101 5673 statim
3146 5618 3305 5676 enim
3337 5638 3759 5700 quemcunque

2100 5696 2171 5753 ad
2205 5698 2681 5758 communionem
2730 5702 3063 5763 admissum
3105 5708 3327 5781 prolixe
3375 5696 3762 5787 impertiebat
