4080 6420
462 392 570 448 875

1773 393 2075 450 GEORGII
2114 394 2578 458 PACHYMEBE

3764 409 3866 468 876

465 514 524 570 δὲ
576 536 639 603 γε
700 514 946 591 μοναχὸν
1006 515 1238 586 ’Ῑασίτην
1291 514 1417 573 Ἰὼϐ
1471 515 1522 571 ἐν
1582 510 1792 587 Καϐαίᾳ
1835 516 2118 594 (φρούριον
2153 519 2634 596 Απραγματείας,
2695 519 2841 577 ἀλλά
2897 523 2986 577 καὶ
3047 528 3155 580 τῶν
3217 527 3513 583 Βενετικῶν
3578 527 3786 603 πλούτῳ
3818 553 3867 589 τε

466 607 517 660 ὀ⁹
574 602 708 675 αὓτη
771 605 910 679 πρὸς
964 609 1044 676 τῷ
1104 606 1377 679 Σαγγάρει
1437 605 1688 679 κείμενον
1742 610 1999 679 ποταμῷ)
2033 607 2121 661 ὑπ’

468 696 501 751 ἆ
530 693 814 773 σφαλείαις
846 697 1063 768 πεμψας
1087 694 1405 770 περιορίζει,

466 846 534 903 λ’.
612 849 798 909 Ὅπως
872 844 1000 907 τοὺς
1073 847 1208 899 κατά
1266 847 1364 913 τὴν
1424 844 1587 901 πόλιν
1656 846 1939 911 Γενουΐτας
2000 847 2121 903 ἐτα-

1014 919 1203 972 πείνου
1232 919 1259 971 ὁ
1293 918 1567 993 βασιλεύς.

532 1048 663 1105 Τότε
725 1052 819 1123 μὲν
888 1047 980 1104 οὖν
1035 1050 1126 1104 καὶ
1186 1052 1213 1103 ὁ
1276 1051 1531 1126 βασιλεὺς
1598 1051 1967 1127 ἐκστρατεύειν
2039 1052 2119 1107 ἐπ’

462 1138 806 1216 Ὀρεστιοὶδος
864 1140 1442 1214 παρασκευαζόμενος,
1496 1140 1623 1201 τοὺς
1680 1140 1960 1204 Γενουίτας
2018 1164 2120 1196 πα-

459 1227 886 1305 ρακινουμένους
922 1229 973 1298 ἐξ
1008 1226 1281 1291 ἀναιδείας
1330 1234 1618 1284 ταπεινοῦν
1651 1226 1932 1286 ἐϐούλετο.
1978 1232 2122 1305 Πρό-

455 1340 609 1395 τερον
649 1320 744 1391 μὲν
776 1319 879 1393 γαρ
936 1318 1138 1391 πολλῷ
1196 1326 1464 1395 προεῖχον
1524 1326 1671 1398 σφῶν
1734 1322 2119 1376 Βενετικοὶκαὶ

455 1411 515 1465 τὸ
547 1408 683 1465 κατὰ
736 1415 869 1487 σφᾶς
930 1407 1206 1486 συνέδριον
1257 1409 1485 1483 πλούτῳ
1522 1432 1581 1465 τε
1639 1412 1729 1465 καὶ
1789 1411 1988 1487 ἅρμασι
2029 1414 2118 1467 καὶ

456 1505 820 1573 παρασκευαῖς
878 1499 1131 1567 ἁπάσαις,
1192 1496 1284 1554 ἅτε
1340 1501 1427 1554 καὶ
1505 1504 1575 1573 τῇ
1645 1499 1889 1575 θαλάσσῃ
1948 1523 2116 1577 προσ-

460 1589 781 1663 χρωμένους
831 1585 998 1641 πλεον
1062 1586 1305 1656 ἐκείνων,
1391 1588 1481 1643 καὶ
1546 1594 1778 1664 μακραῖς
1830 1592 1983 1644 ναυσὶ
2052 1593 2118 1645 τὰ

456 1676 667 1751 πελάγη
720 1674 1270 1754 διαπιραιουμὲνους,
1315 1680 1405 1732 καὶ
1467 1685 1836 1752 προσκτᾶσθαι
1890 1680 2118 1735 πλείονα

456 1764 622 1843 κέρδη
700 1762 1008 1822 συνέϐαινεν
1086 1769 1159 1821 ὧν
1240 1770 1292 1821 οἱ
1382 1773 1659 1823 Γενούῖται
1735 1775 2116 1845 προσεκτῶντο

457 1862 845 1933 πραγματειῶν
906 1859 1295 1930 μετακομίσεσι
1354 1858 1444 1912 καὶ
1504 1861 1797 1928 κινήσεσιν.
1852 1862 1935 1931 Ἐξ
1987 1862 2113 1914 ὅτου

460 1943 519 2000 δὲ
573 1949 670 1999 τοῦ
727 1945 980 2018 Εὐξείνου
1036 1944 1303 2021 πεκοὶγους
1373 1945 1649 2021 ἐγκρατεῖς
1708 1946 1958 2021 ἐγένοντο
2015 1954 2113 2001 Γε-

460 2040 669 2090 νουῖται
734 2033 1004 2111 βασιλέως
1066 2031 1312 2097 διδόντος
1375 2036 1463 2089 καὶ
1525 2035 1575 2090 ἒν
1637 2034 1916 2112 ἐλευθερίά
1970 2039 2115 2111 πάσῃ

462 2124 553 2178 καὶ
584 2122 819 2196 ἀτελείᾳ,
869 2125 957 2177 καὶ
1018 2120 1374 2196 κατετόλμων
1432 2126 1600 2179 αὐτοῦ
1659 2124 1746 2179 καὶ
1803 2125 1966 2197 μέσου
1998 2146 2116 2200 χει-

469 2217 651 2286 μῶνος
708 2212 760 2267 ἐν
820 2210 1279 2286 συστελλομέναις
1353 2219 1489 2267 κατᾶ
1564 2221 1739 2287 μῆκος
1794 2214 1999 2285 ναυσὶν,
2059 2215 2117 2276 ἃς

466 2300 668 2356 ἐκεῖνοι
720 2300 939 2375 ταρίτας
998 2300 1244 2376 λέγουσι,
1302 2300 1585 2369 πλέοντες,
1635 2305 1709 2375 μή
1768 2305 1933 2375 μόνον
1983 2306 2118 2356 Ῥω-

467 2390 652 2464 μαίοις
682 2390 1003 2446 ἀπέκλεισαν
1060 2391 1156 2453 τὰς
1212 2393 1349 2446 κατὰ
1409 2390 1679 2447 θάλασσαν
1708 2393 1998 2455 κελεύθους
2028 2394 2117 2446 καὶ

455 2613 531 2665 At
562 2610 917 2666 monachum
931 2610 1156 2666 Jasiten
1177 2609 1394 2665 Jobum
1413 2610 1743 2677 Chabisam,
1762 2627 1889 2681 quae
1914 2627 2015 2665 arx
2028 2614 2117 2665 est

453 2700 523 2755 ad
555 2704 873 2771 Sangarem
903 2714 1139 2754 amnem
1174 2699 1309 2769 sita,
1342 2700 1461 2753 fida
1503 2700 1583 2754 ibi
1606 2699 1873 2755 custodia
1904 2706 2112 2754 tenen-

458 2789 598 2845 dum
628 2788 813 2844 misit.

447 2950 621 3006 30.Ut
655 2950 1025 3005 Genuensium
1068 2950 1125 3003 in
1177 2950 1406 3020 propria
1455 2951 1704 3020 ipsorum
1754 2950 1890 3005 urbe
1912 2950 2109 3021 degen-

738 3023 879 3076 tium
909 3023 1118 3091 fastum
1143 3021 1473 3091 depresseri't
1493 3021 1819 3085 imperator.

521 3145 688 3201 Circa
716 3145 829 3201 hoc
859 3150 1092 3217 tempus
1116 3145 1437 3216 imperator
1456 3145 1880 3218 expeditionem
1897 3146 1953 3199 in
1970 3146 2109 3201 Ore-

2144 1908 2192 1971 B

2231 608 2320 663 καὶ
2392 616 2755 683 παρασκευαῖς
2834 613 3155 689 ὑπερὶσχον.
3234 615 3331 670 Διά
3386 619 3548 671 τοῦτο
3616 614 3864 689 ξυνέϐαινε

2233 696 2379 776 σφίσι
2429 701 2515 753 καὶ
2576 698 3101 770 καταλαζονεύεσθαι
3165 706 3239 776 μὴ
3307 706 3470 778 μόνον
3527 710 3636 759 τῶν
3667 712 3757 761 τοῦ
3785 712 3862 784 γε·

2230 809 2355 850 νους
2415 788 2650 859 ἐκείνων,
2701 788 2847 846 ἀλλὰ
2901 790 2990 846 καί
3052 794 3345 866 Ῥωμαίων
3396 795 3598 852 αὐτῶν.
3640 802 3865 872 Προσπε-

2232 876 2595 953 φιλοτίμηται
2652 880 2745 953 μὶν
2799 880 2889 934 οὖν
2949 881 3202 952 βασιλεὺς
3256 881 3404 947 ἰδίως
3432 884 3521 938 καὶ
3552 906 3654 939 τινι
3687 887 3868 961 εὐγενεῖ

2231 968 2516 1041 Γενουῒτῃ,
2549 969 2816 1038 Μανουήλ
2871 970 3152 1047 λεγομένῳ
3207 978 3303 1027 τοῦ
3358 974 3650 1048 Ζαχαρίου,
3695 975 3755 1029 τὰ
3776 980 3862 1045 τῆς

2230 1057 2345 1107 κατ’
2378 1056 2647 1125 ἀνατολὴν
2706 1061 2963 1121 Φωκαίας
3026 1062 3109 1131 [Ρ.
3160 1064 3286 1134 285]
3347 1063 3549 1135 ὀρεινὰ,
3610 1062 3857 1136 μέταλλον

2232 1145 2475 1217 στύψεως
2526 1144 2747 1219 ἔχοντα³
2808 1146 2885 1222 ἐφ’
2944 1150 3014 1202 ὧν
3082 1148 3147 1218 δὴ
3202 1154 3530 1221 κατοικήσας
3561 1153 3769 1226 πύναμα
3794 1159 3860 1225 τῷ

2232 1231 2355 1305 ἰδίῳ
2388 1234 2507 1306 λαῷ
2549 1235 2849 1311 εἰργάζετο.
2913 1238 3015 1293 Καὶ
3076 1237 3264 1294 πολλὰ
3318 1247 3417 1308 τῆς
3472 1240 3716 1316 ἐργασίας
3746 1243 3861 1297 ἀπο-

2244 1320 2472 1393 νάμενος
2502 1323 2589 1376 καί
2622 1322 2785 1377 πλὲον
2819 1324 3011 1393 ’ἤθελεν
3049 1325 3195 1401 ἔχειν
3251 1327 3309 1382 ἐκ
3358 1336 3457 1398 τῆς
3509 1334 3603 1383 τοῦ
3628 1336 3863 1403 κρατοῦν-

2226 1432 2317 1471 τος
2375 1412 2510 1484 πρὸς
2567 1411 2768 1468 ἐκεῖνον
2830 1413 3106 1486 εὐμενείας
3179 1416 3267 1469 καὶ
3328 1415 3640 1479 διαθέσεως.
3698 1419 3857 1489 Ἠξίου

2227 1505 2352 1573 γοῦν
2392 1502 2467 1572 μὴ
2500 1502 2738 1555 ἀνεῖσθαι
2791 1502 3093 1566 Γενουίταις
3155 1506 3213 1559 ἐκ
3271 1511 3378 1560 τῶν
3424 1508 3535 1560 ἂνω
3586 1512 3752 1582 μερῶν
3785 1506 3858 1561 διὰ

2227 1589 2503 1661 Θαλάσσης
2558 1592 2814 1661 Εὐξείνου
2873 1594 3123 1669 κατάγειν
3196 1596 3531 1671 στυπτηρίας
3584 1595 3854 1670 μέταλλον,

2229 1680 2342 1732 ἐπεὶ
2375 1679 2567 1752 πολλῇ
2597 1702 2702 1735 τινι
2738 1688 2978 1756 χρῶνται
3025 1685 3190 1757 ταύτῃ
3228 1685 3294 1739 τὰ
3320 1684 3373 1754 ἐξ
3407 1684 3565 1757 ἐρίων
3596 1687 3854 1762 ὑφάσματα

2232 1770 2533 1842 μιαίνοντες
2565 1774 2823 1845 χρώμασι
2877 1769 3183 1848 διαφόροις,
3236 1774 3309 1835 ὡς
3363 1774 3490 1849 ὁρᾷν
3543 1768 3725 1846 ἔξεστι.
3768 1774 3854 1830 Καὶ

2227 1859 2253 1911 ὁ
2289 1857 2541 1932 βασιλεὺς
2600 1859 2899 1914 κατανεύων
2960 1859 3261 1917 ἐπέταττεν.
3324 1863 3391 1918 Οἱ
3454 1862 3547 1935 μὲν
3591 1863 3678 1917 οὗν
3722 1862 3767 1917 ἒν
3795 1866 3851 1935 τῇ

2223 1946 2383 2001 πόλει
2428 1954 2703 2002 Γενουῖται
2738 1950 2851 2021 ἅμα
2908 1950 3001 2021 μεν
3060 1949 3377 2022 αἰδούμενοι
3430 1953 3531 2020 τήν
3589 1949 3847 2026 βασιλικήν

2227 2037 2536 2108 πρόσταξιν,
2572 2038 2685 2109 ἅμα
2744 2035 2801 2091 δὲ
2858 2038 2946 2093 καὶ
3010 2039 3085 2101 ὡς
3136 2041 3232 2107 τήν
3296 2038 3463 2094 πόλιν
3512 2042 3608 2109 τήν
3642 2040 3849 2113 ἐσχάτην

2227 2122 2491 2179 ἀπόϐασιν
2554 2122 2797 2201 ἔχοντες,
2859 2126 3048 2199 ἔμενον
3110 2128 3196 2182 ἐπὶ
3254 2128 3465 2203 τρόπου
3521 2134 3616 2183 τοῦ
3661 2129 3721 2183 τὰ
3746 2127 3846 2182 ἐπε-

2228 2213 2503 2288 σταλμένα
2544 2216 2821 2290 πληρῶν.
2874 2216 3075 2274 Ἀλλοι
3125 2216 3183 2272 δέ
3229 2239 3376 2280 τινες
3410 2218 3468 2273 ἐκ
3499 2218 3714 2279 Γενούας
3744 2217 3850 2289 παρ’

2230 2302 2379 2358 οὐδὲν
2413 2306 2513 2372 τὴν
2556 2303 2843 2379 πρόσταξιν
2899 2306 3137 2378 θέμενοι,
3187 2307 3674 2382 ναυπηγησάμενοι
3708 2305 3847 2379 μείζω

2230 2390 2458 2469 φορτίδα
2490 2392 2838 2469 στρογγύλην
2893 2398 3000 2447 τῶν
3066 2395 3596 2473 βαρυφορτηγουσῶν
3630 2391 3844 2465 ἐξέπλεον

2236 2610 2611 2677 insolescere,
2646 2628 2761 2666 non
2796 2610 2926 2666 aliis
2958 2612 3131 2667 modo
3181 2613 3410 2669 Latinis
3460 2631 3572 2686 pra:
3613 2629 3671 2668 se
3715 2625 3845 2681 sper-

2226 2699 2458 2764 nendis,
2503 2700 2603 2753 sed
2638 2700 2921 2754 Romanis
2957 2700 3131 2755 etiam
3168 2701 3225 2754 in
3258 2701 3497 2757 Oriente
3528 2698 3842 2756 dominanti-

2222 2788 2727 2844 bus.Attribuerat
2741 2794 2935 2845 autem
2970 2788 3197 2844 liberali
3226 2791 3532 2863 privilegio
3561 2792 3841 2861 imperator

2220 2877 2455 2931 cuidam
2488 2876 2783 2932 Genuensi
2825 2877 3029 2947 nobili,
3067 2879 3160 2932 cui
3191 2880 3449 2935 Manueli
3481 2895 3683 2934 nomen
3714 2880 3833 2940 erat,

2218 2965 2505 3021 Zachariae
2564 2966 2702 3034 filio,
2777 2967 3022 3021 Phocaeae
3091 2978 3328 3024 monata
3404 2986 3528 3040 qua;
3577 2966 3831 3022 Orientem

2219 3056 2730 3126 spectant,quibus
2764 3056 2970 3111 insunt
3029 3056 3313 3114 aluminis
3358 3060 3583 3113 fodinae.
3642 3054 3714 3110 Ibi
3760 3051 3833 3105 ille

2218 3144 2497 3199 habitans
2530 3162 2663 3199 cum
2698 3146 2808 3199 sibi
2839 3146 3106 3216 subjecta
3127 3164 3441 3219 operarum
3486 3141 3823 3202 multitudine

453 3235 704 3292 stiadem
762 3235 1079 3301 adornans,
1136 3234 1536 3290 Genuensium
1599 3252 1727 3290 sese
1788 3234 2110 3289 insolenter
2140 3250 2182 3317 α
2218 3234 2509 3289 indefessa
2543 3234 2849 3289 laborabat
2892 3237 3149 3291 eruenda
3207 3236 3691 3303 distrahendaque
3737 3230 3825 3283 ista

449 3324 817 3381 ati‘erentium
842 3324 1060 3379 fastum
1094 3324 1422 3395 deprimere
1441 3324 1772 3380 constituit.
1806 3324 1909 3378 His
1935 3328 2107 3379 antea

449 3414 684 3486 quidem
708 3413 907 3469 Veneti
931 3412 1085 3467 haud
1111 3412 1287 3467 dubie
1310 3414 1755 3484 praecelluerant
1771 3413 1982 3484 opibus
1998 3430 2103 3468 cae-

445 3508 687 3575 teroque
719 3502 1051 3574 splendore,
1084 3501 1166 3556 ita
1224 3506 1289 3555 ut
1346 3502 1557 3557 horum
1609 3518 1899 3572 proceres,
1950 3504 2105 3557 unde

446 3591 763 3649 concilium
796 3590 1100 3662 publicum
1134 3594 1192 3646 et
1214 3591 1406 3662 gentis
1438 3596 1679 3646 senatus
1711 3590 2104 3660 constat,divi-

448 3682 572 3746 tiis,
606 3680 787 3736 armis
819 3685 876 3734 et
907 3679 1127 3750 reliquo
1159 3685 1445 3751 apparatu
1480 3679 1673 3734 omnis
1722 3679 1952 3749 generis
1985 3681 2100 3735 Ge-

445 3769 963 3841 nuensibuslonge
994 3769 1352 3842 copiosiores
1384 3773 1948 3841 apparerent.Causa
1976 3775 2102 3825 erat

443 3859 802 3930 diﬂ'erentiai,
835 3860 987 3931 quod
1037 3858 1246 3914 Veneti
1300 3857 1433 3930 plus
1468 3858 1612 3913 mari
1674 3863 1996 3929 uterentur,
2043 3864 2099 3915 et

446 3949 695 4006 navibus
726 3948 919 4021 longis
951 3948 1195 4004 assidue
1228 3947 1380 4002 ultro
1402 3947 1668 4019 citroque
1698 3953 2095 4003 commeantes

446 4037 972 4111 quaastuosissimis
1003 4035 1375 4093 commerciis
1404 4037 1525 4092 vim
1545 4036 1803 4108 pecuniae
1824 4052 2095 4108 congere-

443 4128 754 4195 rent,haud
789 4126 963 4198 paulo
995 4126 1279 4195 majorem
1313 4142 1489 4197 quam
1543 4130 1827 4196 quantam
1879 4125 2093 4181 lucrari

444 4217 809 4289 contingeret
831 4215 1245 4271 Genuensibus
1277 4215 1432 4270 intra
1455 4216 1601 4271 ﬁnes
1634 4215 2005 4287 angustiores
2036 4220 2093 4271 et

441 4306 612 4378 quasi
636 4306 907 4361 timidius
932 4305 1475 4376 negotiantibus.Ex
1506 4322 1620 4375 quo
1653 4310 1847 4359 autem
1881 4305 2089 4359 Euxini

435 4400 706 4470 potentes
736 4395 940 4464 maris,
973 4395 1326 4450 concedente
1371 4395 1743 4465 imperatore,
1778 4395 1937 4450 fuere
1980 4400 2085 4452 Ge-

434 4501 691 4543 nuenses
725 4502 859 4540 cum
877 4482 1520 4555 plenalibertateatque
1551 4484 1928 4540 immunitate
1952 4502 2088 4555 por—

429 4575 717 4632 toriorum
749 4579 807 4628 et
828 4571 1203 4644 vectigalium
1237 4573 1778 4643 quorumvis,tanta
1810 4581 1864 4629 et
1894 4580 2081 4629 atten-

427 4664 589 4721 tione
621 4667 679 4718 et
700 4660 1050 4718 assiduitate
1082 4661 1141 4715 in
1175 4678 1298 4716 rem
1332 4660 1753 4730 incubuere,ut
1787 4679 1857 4717 ne
1892 4664 2084 4717 media

426 4752 666 4824 quidem
691 4752 883 4807 hieme
897 4752 1052 4807 420
1066 4751 1397 4807 dubitarem
1411 4751 1661 4806 Pontum
1685 4753 2081 4823 transfretare,

426 4846 656 4899 utentes
690 4842 759 4898 ad
794 4842 851 4896 id
885 4858 1002 4897 non
1032 4840 1267 4913 penitus
1299 4840 1589 4909 rotundis,
1635 4841 1732 4895 sed
1770 4844 2082 4897 contractae

424 4932 813 5005 longitudinis
844 4930 1280 5001 navibus,quas
1310 4930 1423 5001 ipsi
1447 4930 1678 4984 Taritas
1711 4936 1938 4985 vocant.
1964 4931 2079 4986 Hac

422 5021 507 5077 illi
536 5022 883 5077 strenuitate
902 5037 969 5075 ac
990 5019 1300 5091 diligentia
1320 5036 1435 5073 non
1461 5019 1633 5073 modo
1653 5018 1931 5073 Romanis
1953 5035 2077 5074 ma-

421 5110 630 5165 ritimis
667 5108 1085 5180 negotiationis
1117 5108 1242 5165 vias
1273 5124 1480 5163 omnes
1514 5106 1915 5177 interclusere,
1953 5109 2076 5163 fru-

418 5203 699 5269 ctumque
748 5215 814 5253 ac
836 5198 1066 5254 lucrum
1099 5199 1170 5253 ad
1205 5214 1267 5253 se
1299 5203 1526 5253 traxere
1556 5197 1781 5252 navalis
1814 5200 2072 5253 universi

416 5288 752 5345 commercii
787 5305 801 5343 :
835 5306 1035 5345 verum
1091 5288 1266 5344 etiam
1327 5288 1384 5342 id
1438 5287 1734 5342 consecuti
1794 5292 1956 5353 sunt,
2005 5293 2071 5344 ut

409 5395 657 5435 numero
689 5380 976 5451 pecuniae,
1009 5388 1063 5434 et
1098 5380 1253 5449 quod
1309 5379 1446 5433 inde
1488 5376 1836 5449 plerumque
1867 5394 2069 5433 conse-

408 5469 631 5541 quitur,
655 5467 816 5524 cultu
845 5486 911 5523 ac
944 5469 1079 5523 luxu
1116 5472 1361 5523 ornatus
1393 5467 1535 5522 varii
1582 5483 1920 5538 pompaque
1952 5470 2065 5523 do—

404 5558 647 5613 mestica
672 5558 949 5630 speciosis
982 5557 1369 5628 pretiosusque
1394 5556 1780 5627 supellectilis
1814 5561 2066 5613 Venetos

393 5648 520 5717 jam
552 5646 712 5718 ipsos
744 5650 877 5717 post
907 5662 968 5701 se
1001 5644 1422 5714 relinquerent.
1454 5645 1604 5700 Hinc
1639 5662 1801 5701 more
1838 5647 2059 5717 ingenii

398 5734 647 5793 humani
676 5736 922 5808 contigit
954 5734 1099 5808 ipsis
1140 5734 1345 5791 efferre
1393 5752 1522 5792 sese
1574 5737 1949 5808 arrogantius
2003 5743 2061 5791 et

2115 4623 2160 4687 D

2219 3338 2409 3377 merce
2439 3341 2451 3389 ;
2496 3339 2561 3377 ac
2585 3339 2716 3377 cum
2748 3324 2881 3377 inde
2910 3324 3234 3394 plurimum
3270 3324 3659 3396 congessiSset
3687 3314 3826 3375 lucri,

2214 3416 2412 3483 gustu,
2448 3417 2512 3466 ut
2545 3413 2630 3477 fit,
2664 3418 2927 3482 quaestus
2958 3413 3015 3468 in
3048 3414 3306 3486 amplius
3354 3409 3663 3469 ditescendi
3689 3404 3821 3462 sitim

2213 3518 2494 3555 accensus
2527 3502 2642 3556 voti
2672 3518 2731 3556 se
2764 3503 2942 3573 hujus
2976 3504 3094 3557 fore
3125 3508 3457 3574 compotem
3490 3496 3741 3573 speravit,
3786 3489 3820 3542 si

2212 3590 2570 3659 benignitate
2602 3592 2994 3663 imperatoris,
3045 3610 3218 3664 quem
3256 3594 3368 3648 sibi
3422 3594 3692 3647 faventem
3721 3583 3815 3638 erat

2209 3685 2503 3750 expertus,
2539 3679 2788 3736 ulterius
2848 3681 2930 3735 uti
2987 3688 3271 3753 pergeret.
3318 3688 3455 3737 Cum
3488 3680 3657 3751 igitur
3682 3685 3815 3741 expo-

2208 3770 2424 3823 suisset
2456 3786 2636 3840 prono
2656 3770 2725 3823 ad
2759 3770 2840 3823 illi
2875 3772 3816 3843 gratiﬁcandumAugustoaccom-

2208 3859 2461 3914 modatis
2492 3860 2711 3913 simum
2746 3861 2814 3913 ad
2850 3861 2938 3915 sui
2974 3863 3305 3931 compendii
3333 3861 3584 3916 rationes
3617 3855 3737 3914 fore.
3776 3842 3811 3897 εί

2206 3952 2445 4019 negaret
2474 3949 2749 4018 deinceps
2771 3948 2901 4003 aliis
2924 3949 3343 4006 Genuensibus
3386 3946 3697 4003 facultatem
3727 3936 3809 3988 ἰω-

2204 4037 2475 4109 portandi
2508 4036 2744 4093 alumen
2778 4055 2811 4092 a
2842 4038 3249 4109 superioribus
3282 4057 3385 4112 per
3414 4039 3652 4092 Pontum
3675 4020 3808 4080 Euxi-

2203 4145 2341 4182 num
2379 4126 2665 4197 partibus,
2693 4127 2827 4182 inde
2858 4129 3151 4198 siquidem
3197 4130 3312 4183 vim
3340 4127 3547 4182 inferre
3578 4123 3806 4205 magnai“

2199 4215 2283 4271 illi
2315 4221 2738 4271 consueverant
2769 4216 2945 4271 istius
2976 4217 3191 4272 mercis
3210 4214 3521 4273 vendibilis
3545 4212 3599 4263 in
3622 4203 3805 4277 primis.

2200 4305 2476 4378 quoniam
2515 4304 2829 4376 plurimus,
2865 4311 3036 4374 prout
3093 4306 3387 4377 hodieque
3415 4298 3677 4357 cernitur,
3706 4287 3804 4379 eius

2199 4410 2342 4449 usus
2372 4397 2460 4447 est
2490 4392 2546 4445 in
2583 4389 3532 4463 panniselanatextacolorevario
3558 4373 3800 4464 fucandlfly

2194 4482 2529 4555 impetravit
2560 4482 2714 4551 quod
2752 4481 2963 4548 voluit;
2998 4487 3052 4537 et
3085 4484 3273 4537 edicto
3316 4474 3562 4549 Augusti
3606 4466 3698 4522 rite
3735 4473 3796 4555 si-

2192 4580 2365 4645 gnato
2387 4573 2765 4627 interdictum
2800 4590 2867 4626 ea
2890 4572 3284 4643 negotiatione
3307 4550 3794 4647 Genuensibusesi-

2194 4664 2294 4720 Isti
2330 4665 2583 4729 decreto,
2618 4661 2716 4716 ubi
2750 4662 2997 4731 enotuit,
3041 4678 3108 4716 ea
3153 4662 3390 4732 quidem
3443 4645 3790 4732 Genuensiqu

2196 4770 2353 4825 pars,
2389 4769 2516 4822 quae
2549 4722 2915 4805 domicilium
2966 4722 3472 4817 donstantinopoli
3504 4722 3793 4825 babeb‘zitit

2192 4814 2329 4898 sede
2362 4843 2731 4897 fortunarum
2754 4841 2879 4909 jam
2928 4839 3047 4893 illic
3098 4840 3422 4895 constituta
3478 4843 3583 4884 non
3629 4814 3787 4909 gallum:

2190 4932 2326 4986 alibi
2363 4930 2591 5000 uspiam
2616 4933 2911 4998 receptum
2937 4944 2998 4982 se
3015 4926 3229 4982 habere
3248 4907 3788 5000 seutiebat,refrﬂgff’_l

2189 5019 2528 5076 auctoritati
2560 5016 2869 5089 principis,
2904 5016 2962 5070 in
2994 5017 3166 5086 cujus
3199 5013 3449 5070 dictione
3471 4994 3784 5089 νὶνεξθξνῗίῖη

2186 5108 2483 5176 ausa,talis
2506 5107 2781 5177 deinceps
2799 5105 3125 5159 invectione
3148 5093 3509 5159 mercimonii
3530 5083 3660 5143 421
3679 5072 3783 5177 tib-5'

2182 5198 2362 5253 tinuit
2419 5196 2683 5264 obnoxie,
2744 5194 3044 5249 mandatis
3104 5185 3473 5265 imperatoris

2180 5304 2338 5342 rans.
2360 5286 2576 5341 Verum
2612 5283 2713 5339 alii
2735 5283 2979 5355 quidam
3003 5300 3071 5337 ex
3102 5300 3169 5337 ea
3193 5285 3365 5355 gente
3398 5248 3779 5362 dOWFPillngi'

2179 5338 2986 5446 nium’habentesmraiscripto
3021 5338 3392 5444 imperatoris
3408 5353 3562 5416 nihili
3594 5338 3776 5446 bullit”

2177 5466 2442 5523 fabricati
2456 5482 2660 5520 navem
2678 5464 2975 5534 ingentem
2993 5463 3256 5516 rotundae
3274 5434 3774 5554 Γοινωωρηθΐδοῗῗὲἕ

2173 5574 2203 5611 e
2256 5555 2491 5627 proprio
2524 5554 2816 5609 siilventcs
2876 5556 3042 5623 portu
3074 5551 3221 5605 etin
3280 5522 3769 5629 Thraciuminvii:l

2178 5606 2201 5611 -
2876 5606 2890 5623 ⁸

2172 5647 2494 5716 Bosporum
2530 5661 2632 5715 P6P
2655 5644 2819 5698 Ponti
2874 5644 3071 5696 fauces
3124 5641 3180 5695 in
3236 5632 3511 5716 Euxinum
3543 5606 3746 5716 pelliti?

2172 5694 2280 5702 ..η
2334 5694 2493 5700 πη,
2530 5694 2622 5715 Γ-
2655 5694 2677 5698 _
2708 5694 2795 5697 τήν
3126 5694 3129 5695 ν

2170 5694 2329 5805 runtr,
2364 5734 2524 5790 nulla
2555 5750 2696 5789 cura
2727 5736 2828 5787 aut
2860 5731 3082 5787 ratione
3115 5727 3317 5785 habita
3337 5717 3420 5777 vel
3446 5694 3765 5777 imperator!s
