4080 6402
335 340 451 398 877

338 551 607 626 Βοσπόρῳ
640 551 894 611 διέπλεον
925 556 992 612 τὰ
1018 561 1175 614 στενά
1214 566 1312 616 τοῦ
1362 551 1593 637 Ηόντου,
1630 569 2000 644 ἀφροντίστως

336 640 558 716 ἔχοντες
591 642 679 697 καὶ
718 644 989 718 βασιλέως
1044 650 1135 703 καὶ
1192 656 1288 705 τοῦ
1347 655 1481 708 κατὰ
1526 661 1659 734 σφᾶς
1692 661 1955 728 συνήθους
1981 679 1994 693 ⁸

343 728 484 804 μηδὲ
540 731 644 806 γὰρ
704 734 837 787 εἶναι
892 738 983 791 τὸν
1043 740 1417 815 προσίσχοντα
1470 751 1586 807 τοῖς
1643 746 1893 813 ἐνταυθοῖ
1940 751 2000 805 ἐκ

337 820 589 890 Γενούας,
643 822 769 896 πρὶν
832 822 892 878 ἄν
948 826 1085 902 πρὸς
1143 834 1264 891 ταῖς
1322 833 1667 908 Βλαχέρναις
1707 840 1999 912 γενόμενον

340 907 571 985 βασιλέα
600 932 658 965 τε
690 911 957 989 εὐφημεῖν
1018 918 1083 971 τὰ
1143 919 1324 974 εἰκότα
1372 922 1461 975 καὶ
1509 932 1855 998 προσκυνεῖν,
1892 928 1998 983 ἐτέ-

336 1000 473 1073 ρωθι
505 998 813 1074 τρέπεσθαι.
864 1005 1000 1060 Τότε
1048 1006 1228 1062 τοίνυν
1280 1008 1476 1065 ἐκεῖνοι
1525 1012 1616 1067 καῖ
1666 1014 1838 1070 αὐτῶν
1874 1039 1998 1071 συν-

336 1091 528 1151 θεσιῶν
592 1094 698 1142 τῶν
752 1093 887 1145 κατά
938 1100 1073 1172 σφᾶς
1124 1098 1523 1169 ἀμελήσαντες,
1577 1103 1744 1177 οὐρίῳ
1786 1106 1997 1180 χρησά-

340 1198 487 1250 μενοι
538 1183 619 1249 τῷ
666 1178 725 1232 ἐκ
768 1179 930 1235 νότου
979 1183 1244 1258 πνεύματι
1294 1188 1563 1266 ἀνήγοντο
1606 1193 1994 1269 ἀφροντίστως,

338 1264 428 1318 καὶ
478 1264 539 1318 τὸ
590 1262 768 1338 στόμα
818 1264 1124 1334 διεκϐάντες
1172 1277 1268 1327 τοῦ
1320 1276 1533 1332 Πόντου
1580 1282 1716 1351 πρὸς
1747 1288 1864 1345 τοῖς
1899 1285 1995 1359 βα-

337 1352 504 1426 ρείοις
530 1360 634 1423 τῆς
665 1353 941 1428 θαλάσσης
996 1358 1211 1433 λιμέσιν
1264 1363 1547 1440 ἐνὼρμων.
1598 1370 1852 1426 Κάκεῖνοι
1898 1352 1991 1447 μὲν

333 1442 398 1495 τὰ
429 1441 615 1497 πολλά
645 1442 731 1498 ἐπὶ
767 1446 966 1520 χρόνον
1008 1453 1419 1526 πειρατεόοντες
1474 1454 1770 1517 διετέλουν,
1804 1464 1991 1517 Ὕστε-

335 1551 426 1605 ρον
485 1531 575 1586 καὶ
637 1542 1103 1611 φορταγωγοῦσαν
1166 1539 1490 1615 ληϊσάμενοι
1549 1551 1698 1617 ναῦν,
1736 1551 1836 1604 οὐκ
1867 1551 1989 1606 ὀλί-

327 1640 425 1694 γον
462 1620 627 1695 μὲρος
683 1627 782 1677 τοῦ
842 1627 1045 1702 φόρτου
1100 1632 1190 1684 καὶ
1248 1635 1578 1709 στυπτηρίαν
1636 1634 1889 1713 ἔχουσαν,
1936 1640 1988 1696 ἐν

326 1708 498 1783 ταύτῃ
553 1711 620 1765 τὰ
677 1711 843 1768 πάντα
902 1718 1243 1790 νηησάμενοι
1303 1726 1420 1777 κατ’
1499 1725 1794 1803 ἀσφάλειαν
1858 1732 1987 1807 θαρ-

333 1796 551 1873 ροῦντες
579 1798 899 1861 κατέπλεον.
954 1806 1222 1871 Βασιλεὺς
1274 1808 1331 1866 δὲ
1377 1814 1686 1887 πυθόμενος
1737 1818 1839 1886 τήν
1872 1817 1987 1874 διά-

333 1881 488 1941 ϐασιν
518 1888 571 1943 ἐν
625 1886 784 1963 δεινῷ
843 1894 942 1961 τὴν
996 1900 1395 1975 καταφρόνησιν
1459 1902 1716 1977 ἐποιεῖτο,
1775 1907 1863 1962 καὶ
1898 1908 1985 1964 ἐπὶ

336 1972 624 2051 λογισμῶν
726 1976 948 2059 ἔστρεφε
1022 1990 1139 2048 πῶς
1215 1986 1276 2043 ἄν
1354 1990 1622 2066 ἐγγὲνοιτο
1699 1995 1749 2050 ἐν
1827 1998 1987 2074 χερσὶ

334 2065 461 2127 τοὺς
492 2073 1005 2146 καταφρονήσαντας
1037 2085 1344 2152 περισχεῖν.
1383 2065 1542 2137 Ἀλλ’
1592 2082 1705 2138 οὐδ’
1759 2085 1985 2151 ἐκείνοις

328 2156 575 2231 ἠγνόητο
606 2160 666 2213 τὸ
707 2161 958 2235 παράπαν
990 2167 1025 2234 ἡ
1057 2172 1158 2220 τοῦ
1211 2171 1482 2243 βασιλέως
1528 2172 1773 2245 θὲλησις.
1821 2179 1987 2251 Ἀμέ-

327 2243 411 2300 λει
439 2266 524 2300 τοι
556 2248 645 2302 καὶ
683 2246 771 2303 διὰ
822 2252 1106 2328 φροντίδος
1156 2256 1442 2315 ἐποιοῦντο
1480 2270 1580 2332 τῆς
1616 2264 1677 2319 οὐ
1707 2266 1988 2342 τυχούσης

319 2334 411 2388 τὸν
444 2334 618 2391 πλοῦν
682 2338 939 2410 εὐοδῆσαι
994 2344 1141 2422 σφίσι
1195 2350 1285 2403 καὶ
1339 2350 1532 2415 αὐτοὺς
1582 2351 1863 2431 διαδρᾶναι
1894 2358 1983 2414 τὸν

316 2422 594 2497 κίνδυνον,
651 2426 708 2483 ὅν
773 2429 1133 2496 ἐπυνθάνοντο
1194 2437 1531 2514 ἐπηρτῆςθαι
1586 2443 1805 2509 τούτοις
1839 2448 1985 2521 παρὰ

328 2511 621 2587 βασιλέως.
656 2517 745 2579 Ὧς
803 2523 932 2593 γοῦν
994 2520 1195 2589 ἐκεῖθεν
1242 2511 1467 2583 πλέουσι
1516 2533 1583 2586 τὰ
1626 2540 1727 2602 τῆς
1783 2511 1984 2590 ἀνατο-

326 2745 413 2801 vel
448 2750 703 2822 antiquae
726 2757 1181 2813 consuetudinis
1206 2760 1617 2837 ipsorum,qua
1643 2766 1801 2823 soliti
1830 2773 1984 2825 eate-

326 2852 440 2890 nus
467 2839 829 2913 fuerant,ubi
853 2847 1113 2915 primum
1148 2857 1567 2924 comparebant
1590 2858 1650 2912 in
1684 2858 1776 2915 his
1803 2861 1982 2931 parti-

328 2923 463 2989 bus,
497 2927 659 2983 adire
688 2937 838 2987 recta
872 2935 1153 3005 palatium
1188 2923 1783 3013 Blacbernarummec
1803 2923 1980 3021 quid-

329 3028 507 3082 quam
540 3023 705 3072 antea
737 3036 930 3077 rerum
963 3042 1162 3096 gerere
1214 3036 1313 3085 aut
1343 3048 1642 3106 quoquam
1677 3037 1979 3107 divertere,

333 3116 510 3171 quam
542 3104 619 3160 ibi
653 3125 823 3165 suum
856 3113 1208 3185 obsequium
1240 3120 1581 3193 imperatori
1617 3128 1863 3196 professi
1892 3146 1980 3184 so-

326 3189 504 3246 lemni
537 3195 958 3257 acclamatione
990 3222 1055 3261 ac
1087 3211 1458 3267 veneratione
1509 3215 1778 3272 fuissent.
1812 3219 1976 3274 Tunc
2007 3202 2052 3267 θ

318 3278 503 3351 igitur
534 3283 605 3340 iis
631 3288 908 3345 omnibus
951 3299 1325 3368 contemptis,
1388 3318 1454 3357 ac
1513 3305 1740 3361 cunctis
1800 3308 1976 3364 officii

326 3371 746 3446 modestiaque
781 3380 1109 3439 rationibus
1136 3403 1359 3459 susque
1390 3392 1581 3463 deque
1614 3395 1973 3466 babitis,au-

320 3464 443 3515 stro
474 3460 720 3521 intrante
750 3468 877 3524 vela
906 3471 1097 3529 valido
1131 3492 1334 3533 secure
1364 3482 1719 3552 trajecerunt
1738 3505 1841 3557 per
1869 3506 1972 3544 an-

312 3550 542 3619 gustias
575 3552 847 3629 Bospori,
881 3565 938 3615 et
967 3561 1025 3616 in
1058 3550 1553 3635 Septentrionales
1581 3550 1754 3630 Ponti
1771 3582 1973 3647 portus

322 3638 536 3694 invecti
570 3659 683 3697 non
718 3662 826 3701 sua
856 3650 1050 3706 solum
1082 3652 1202 3708 illic
1232 3672 1335 3727 per
1364 3659 1549 3716 otium
1582 3665 1812 3735 negotia
1853 3670 1975 3722 tra-

315 3731 573 3798 ctarunt,
628 3734 729 3788 sed
764 3738 975 3806 pradis
1006 3743 1248 3812 agendis
1278 3750 1335 3801 et
1392 3749 1640 3817 piratica
1662 3731 1819 3809 'toto
1876 3754 1972 3811 illo

320 3817 463 3871 mari
500 3818 771 3877 facienda
797 3841 911 3880 non
948 3845 1154 3899 parum
1190 3836 1470 3906 temporis
1504 3839 1974 3900 triverunt.Tan-

315 3904 447 3961 dem
477 3907 534 3962 in
558 3912 887 3969 onerariam
914 3916 1284 3978 incurrentes
1314 3940 1588 3997 magnam
1616 3934 1672 3985 et
1701 3933 1973 4002 pretiosis

312 4009 552 4065 gravem
590 4001 906 4072 mercibus,
944 4023 1197 4077 quarum
1232 4029 1367 4084 pars
1421 4023 1546 4073 erat
1599 4036 1711 4075 non
1764 4024 1974 4095 exigua

313 4086 550 4182 pondus
582 4088 791 4161 ingens
823 4093 1127 4167 aluminis,
1162 4116 1230 4156 ea
1281 4112 1614 4177 expugnata
1662 4086 1974 4185 praedaque

312 4171 591 4231 universa
622 4177 677 4231 in
713 4196 882 4237 suam
914 4201 1117 4243 navem
1151 4193 1385 4250 condita
1432 4201 1584 4253 retro
1634 4216 1868 4270 proram
1912 4205 1972 4260 in

312 4263 569 4331 patriam
601 4274 922 4339 verterunt,
975 4279 1286 4336 transituri
1347 4285 1538 4342 denuo
1597 4292 1972 4352 securissime

306 4356 521 4447 prater
551 4356 757 4414 urbem
788 4376 853 4415 ac
874 4369 1108 4434 portum
1134 4367 1829 4447 Constantinopolis,sine
1854 4384 1969 4441 ullo

309 4439 663 4513 cujusquam
703 4456 882 4519 metu,
917 4470 1019 4523 per
1045 4473 1344 4516 summum
1380 4463 1650 4522 Romana
1701 4474 1968 4541 potentia

312 4535 738 4605 contemptum.
764 4539 903 4609 Ejus
934 4545 1188 4601 audacia
1220 4554 1625 4627 superbiaque
1646 4535 1857 4618 certior
1886 4564 1968 4619 fa-

309 4622 412 4674 tus
442 4620 763 4695 imperator
791 4629 1227 4706 indignissime,
1262 4644 1326 4695 ut
1356 4658 1462 4712 par
1490 4651 1636 4715 erat,
1678 4649 1959 4720 injuriam

305 4706 471 4778 tulit;
504 4710 879 4786 decrevitque
912 4738 1025 4777 non
1085 4728 1458 4786 committere
1493 4739 1557 4788 ut
1605 4752 1667 4791 se
1725 4739 1967 4813 impune

305 4800 542 4855 tantum
576 4819 755 4861 ausos
777 4807 1013 4879 gloriari
1039 4813 1453 4875 Genuensibus
1482 4821 1701 4882 liceret.
1728 4800 1967 4903 Disqui-

305 4885 477 4943 rebat
508 4895 703 4948 autem
739 4898 980 4955 modum
1014 4918 1128 4973 quo
1154 4904 1264 4961 isto
1288 4908 1399 4963 sub
1420 4926 1661 4969 manum
1684 4934 1749 4972 ac
1773 4885 1964 4990 potes-

309 4978 489 5081 tatem
518 4994 687 5036 suam
713 4986 974 5059 redigere
996 4996 1427 5067 contemptores
1451 5008 1667 5070 posset.
1683 5008 1757 5062 At
1773 4978 1969 5081 neque

311 5061 403 5118 bis
420 5063 683 5137 ignotum
700 5079 825 5130 erat
838 5082 1033 5135 votum
1049 5061 1435 5158 studiumque
1451 5061 1844 5162 imperatoris:
1858 5061 1969 5156 ita:

300 5168 419 5249 que
442 5170 645 5250 curam
669 5178 734 5217 ac
757 5164 1122 5239 diligentiam
1148 5190 1261 5229 non
1287 5176 1573 5250 vulgarem
1610 5184 1967 5245 adhibebant

306 5240 365 5295 in
401 5247 759 5314 expediendo
791 5270 964 5312 cursu
1001 5262 1464 5337 explicandaque
1496 5286 1624 5327 sese
1643 5274 1714 5330 ab
1736 5275 1965 5335 insidiis

300 5332 459 5388 4‘22
486 5338 877 5399 Romanarum
916 5351 1432 5425 navium,quarum
1467 5365 1795 5421 rectoribus
1819 5369 1965 5425 scie-

296 5420 446 5476 bant
476 5425 547 5479 ab
576 5427 930 5501 imperatore
964 5441 1307 5500 mandatum
1350 5451 1411 5500 ut
1443 5447 1756 5509 observare
1805 5457 1965 5528 ipsos

1418 354 1511 411 DE
1548 355 1925 415 MICHABLE
1967 363 2417 430 PALEOLOGO
2452 378 2586 434 LIB.
2620 382 2689 437 ν.

333 468 434 532 τῆς
492 464 773 541 σφετέρας,
831 466 923 521 καὶ
982 465 1049 539 δὴ
1103 474 1183 543 τῷ
1241 478 1493 548 Θρᾳκικῷ
1533 478 1997 553 προσοκείλαντες
2024 487 2081 555 Α
2112 483 2217 557 λῆς
2245 496 2635 572 κατεφαίνοντο
2690 505 2815 577 ὃρη,

338 551 821 577 ,κη-ληίηνγ
968 556 981 576 κ
1152 561 1165 575 ς
1283 566 1308 577 -
1362 564 1440 577 η,
1639 569 1654 577 -
1845 569 1855 577 .

3660 401 3767 457 878

2873 509 2964 564 καὶ
3020 510 3089 580 ἦν
3150 514 3245 584 μὲν
3305 516 3493 581 αὐτοῖς
3551 524 3684 578 ποτὶ
3715 524 3765 598 ἐξ

3046 577 3053 580 .
3150 577 3160 584 .
3480 577 3489 581 ’
3670 577 3677 578 7
3719 577 3765 598 ’Ἴ

2111 577 2314 651 οὗρίων
2348 584 2557 659 πλέειν,
2591 593 2723 647 ποτὲ
2755 591 2812 649 δὲ
2862 600 2951 651 καὶ
3002 597 3262 676 λεχρίους
3310 607 3448 680 πρὸς
3477 609 3569 663 τὸν
3599 610 3769 684 ἐμπί-

2109 689 2311 726 πτοντα
2340 672 2558 750 ἄνεμον,
2614 681 2763 747 ὅπως
2814 683 2873 739 ἄν
2934 690 3083 767 σφίσι
3144 691 3300 769 ῥέποι
3350 696 3412 750 τὸ
3444 704 3678 773 πνεῦμα,
3712 702 3763 758 ἐν

2110 755 2202 773 ,μκ
2380 766 2391 773 .
2505 766 2529 773 υ

2979 755 2989 767 ι
3145 755 3153 769 ι
3583 755 3592 773 ι
3666 755 3678 771 ⁷
3719 755 3726 756 7
3747 755 3754 758 Ἴ

2108 755 2301 823 ἃλλοις
2339 766 2434 836 μὲν
2466 766 2725 844 αὔταρκες
2787 775 2855 843 ἦν
2912 779 2972 831 τὸ
3028 786 3278 837 τοιοῦτον
3324 787 3414 839 καὶ
3448 788 3594 866 σφίσι
3628 790 3765 846 ἀπο-

2113 865 2142 866 η
2211 848 2222 866 ι
2434 854 2457 866 ν
2667 862 2675 866 -
2805 861 2829 866 -”
2881 862 2891 866 ⁸

3494 848 3503 866 .

2110 848 2375 921 χρώντως
2410 854 2524 930 εἶχε
2582 862 2716 933 πρὸς
2774 861 3059 936 εὔπλοιαν,
3121 874 3187 944 τῇ
3244 872 3414 948 Φάρῳ
3465 873 3521 930 δὲ
3570 880 3766 954 προσί-

2107 956 2331 1012 σχουσιν
2364 941 2415 997 ἔν
2448 946 2538 1000 καὶ
2574 949 2735 1021 μόνον
2781 952 3139 1029 ἐδοκιμάζετο
3190 967 3404 1035 πνεῦμα
3451 975 3765 1042 χρησιμεῦ-

2107 1045 2198 1079 σον
2226 1028 2288 1081 τὸ
2317 1037 2412 1084 τοῦ
2449 1035 2642 1111 βοῤῥᾶ,
2703 1045 2787 1111 [Ρ.
2837 1047 2965 1118 286]
3024 1046 3169 1116 πλὴν
3231 1051 3331 1105 οὐκ
3359 1052 3639 1129 ἀνειμένον
3672 1062 3765 1115 καὶ

2104 1118 2682 1197 καταρῥᾳοιδμημὲνως
2735 1134 2831 1185 ἅον
2893 1135 2965 1195 ὡς
3024 1138 3113 1190 καὶ
3172 1139 3247 1202 εἰς
3295 1144 3552 1217 νηνεμίαν
3602 1150 3767 1227 ἀμφι-

2106 1200 2237 1227 ρνπη
2322 1221 2339 1227 -
2474 1214 2486 1227 ι
2593 1220 2620 1227 ~
2666 1217 2708 1227 --
2992 1225 2999 1227 -

3234 1200 3242 1202 ι
3347 1200 3356 1211 ,
3426 1200 3436 1217 ,
3608 1200 3677 1221 μγ-
3729 1200 3738 1203 -

2105 1200 2402 1272 ϐάλλεσθαι
2434 1214 2496 1267 τὸ
2528 1220 2623 1269 τοῦ
2655 1217 2812 1293 ἀέρος
2870 1225 3195 1299 κατάστημα
3252 1230 3312 1284 ἐκ
3362 1237 3456 1286 τοῦ
3486 1237 3551 1288 τὰ
3582 1200 3750 1317 λαίφη

2103 1295 2190 1348 καὶ
2228 1297 2389 1369 μόνον
2420 1302 2655 1379 ψαίρειν,
2692 1306 2818 1362 ἀλλ’
2863 1309 2919 1365 ὃν
2973 1311 3075 1388 ἄρα
3118 1318 3207 1371 καὶ
3252 1322 3521 1393 Ταναῖτην
3558 1295 3763 1400 ὀνομίοὶ-

2103 1386 2218 1439 σετέ
2247 1408 2330 1449 τις
2361 1395 2466 1443 τῶν
2512 1401 2777 1451 ναυτικῶν
2807 1418 2818 1430 ’
2878 1400 3063 1474 τούτῳ
3119 1408 3219 1480 γὰρ
3278 1408 3369 1463 καὶ
3420 1413 3573 1485 μόνῳ
3605 1414 3759 1491 εἶχον

2103 1473 2115 1491 ,
2279 1476 2323 1491 ,μ
2390 1481 2411 1491 ,
2547 1484 2559 1491 ,
2654 1483 2669 1491 ,
2811 1487 2819 1491 -

3039 1473 3044 1474 ,
3133 1473 3142 1480 _
3191 1473 3199 1480 .
3420 1473 3430 1483 .
3544 1473 3554 1485 .
3659 1473 3685 1491 η

2103 1473 2497 1554 ἰσχυρίζεσθαι,
2535 1483 2911 1555 ἀπηλπικότες
2955 1496 3061 1546 τῶν
3116 1492 3322 1566 ἄλλων,
3355 1501 3493 1575 πρὸς
3520 1504 3613 1558 τὸν
3647 1505 3753 1561 ἀπό

2097 1569 2194 1618 τοῦ
2230 1567 2499 1641 βασιλέως
2534 1570 2706 1649 λόχον
2741 1583 2861 1639 ταῖς
2906 1582 3156 1655 πορείαις
3200 1585 3377 1642 αὐτῶν
3412 1589 3752 1663 ἐφιζάνοντα.

2099 1655 2203 1708 Καὶ
2260 1658 2311 1732 γ’
2367 1656 2447 1735 ἐφ’
2506 1664 2743 1737 ἡμέραις
2798 1667 3185 1742 προσδοκῶσιν
3255 1655 3533 1750 ἀσμένοις*
3571 1682 3752 1759 σφίσιν

2845 1741 2848 1742 ν
3328 1741 3338 1750 1
3501 1741 3506 1743 ⁷
3617 1741 3626 1759 Ι

2097 1741 2291 1816 ἐπέστη
2324 1749 2413 1801 καὶ
2448 1748 2703 1829 λαμπρὸς
2738 1752 2907 1827 ἔπνει,
2960 1761 3044 1815 καὶ
3100 1761 3152 1833 ἐξ
3202 1765 3403 1840 οὐρίων
3446 1768 3509 1823 τὸ
3539 1776 3755 1845 πνεῦμα

2097 1828 2113 1845 ιι
2348 1840 2374 1845 .-
2479 1840 2486 1845 -
2676 1841 2690 1845 ι

2019 1863 2064 1928 Β
2089 1828 2278 1887 ’ίστατο
2310 1840 2376 1909 τῇ
2408 1840 2517 1907 νηῒ.
2553 1846 2618 1921 ᾫ
2673 1841 2736 1913 δή
2792 1846 3159 1922 θαρρήσαντες
3208 1828 3304 1916 τάξ
3352 1854 3565 1929 τόλμας
3595 1860 3757 1938 ἐθάρ-

2864 1921 2869 1922 ,
2901 1921 2904 1922 ,
3463 1921 3472 1929 .
3694 1921 3701 1938 .

2099 1921 2253 1998 ῥυνον
2287 1926 2380 1988 τὰς
2439 1926 2599 2000 ἰδίας,
2660 1936 2748 1989 καὶ
2804 1936 2931 2001 τοὺς
2992 1941 3289 2016 φώσσωνας
3347 1945 3537 2002 αὐτίκα
3569 1946 3756 2023 διαπε-

2096 2012 2347 2078 τάσαντες
2381 2019 2545 2082 ὅλους
2580 2024 2714 2079 κατά
2767 2025 2892 2101 ῥοῦν
2944 2028 3224 2107 ἐφέροντο,
3282 2036 3498 2092 πίσυνοι
3536 2040 3631 2111 μὲν
3663 2042 3755 2097 καὶ

2096 2107 2164 2176 τῇ
2196 2110 2292 2159 τοῦ
2350 2108 2658 2182 πνεύματος
2718 2113 3037 2192 σφοδὸτητι,
3098 2119 3158 2174 οὐ
3224 2125 3329 2195 μὴν
3384 2123 3441 2179 δὲ
3489 2107 3635 2183 ἀλλὰ
3663 2129 3757 2185 καὶ

2095 2195 2163 2249 τὰ
2192 2194 2401 2274 πλευρά
2429 2208 2528 2269 τῆς
2562 2204 2695 2272 νηὸς
2752 2206 2905 2279 βόαις
2961 2205 3115 2272 αῦαις
3150 2194 3404 2287 ἐξήρτυον
3433 2218 3520 2271 καὶ
3556 2218 3755 2283 ὅπλοις

2096 2293 2559 2361 κατεκοσμοῦντο,
2649 2293 2724 2357 ὡς
2808 2296 3184 2373 ἀποχρώντως
3270 2302 3596 2377 ἀνθεξοόσης
3658 2310 3752 2382 μὲν

2096 2376 2230 2449 πρὸς
2264 2381 2368 2450 πῦρ
2410 2379 2497 2434 καὶ
2538 2386 2642 2436 πᾶν
2690 2384 2752 2438 τὸ
2806 2386 3151 2461 βαλλόμενον
3183 2394 3282 2461 τῆς
3314 2394 3472 2467 νεὼς,
3504 2376 3758 2470 πολεμη-

2096 2464 2297 2519 σόντων
2333 2464 2389 2522 δὲ
2418 2469 2509 2522 καὶ
2542 2470 2740 2541 αὐτῶν,
2793 2473 2848 2528 εἶ’
2876 2497 3017 2538 τινες
3050 2476 3109 2532 ἐκ
3142 2478 3415 2555 βασιλέως
3454 2484 3746 2551 ἐπίθοιντο.

2094 2554 2177 2611 Τὰ
2209 2556 2305 2628 μὲν
2335 2555 2426 2611 οὖν
2468 2559 2591 2633 περὶ
2620 2561 2829 2617 τούτων
2877 2564 2905 2619 ὁ
2960 2565 3218 2641 βασιλεὺς
3262 2572 3575 2646 πυθόμενος
3605 2575 3748 2631 ἀπο-

2095 2771 2203 2826 cile
2237 2773 2329 2828 usi
2360 2779 2634 2847 sunt,ope
2667 2778 2810 2836 artis
2840 2782 3749 2863 nautica,vento,qualiscunque

2094 2864 2236 2916 tunc
2268 2862 2549 2933 spirabat,
2573 2883 2687 2920 non
2713 2867 2883 2939 plane
2915 2870 3217 2941 adversus,
3252 2874 3421 2932 illum
3468 2894 3625 2934 nunc
3659 2897 3751 2936 re.

2094 2954 2186 3005 cta
2219 2953 2499 3022 oppansis
2531 2954 2863 3022 velis,nunc
2895 2958 3216 3031 obliquatis
3249 2966 3750 3040 capientes,prout

2094 3057 2242 3111 opus
2282 3047 2404 3096 erat
2449 3044 2519 3098 ad
2554 3044 2839 3102 ﬂectenda
2866 3052 3367 3119 promontoria:ad
3397 3058 3551 3127 quod
3578 3059 3744 3114 suffi-

2091 3130 2280 3187 ciebat
2309 3149 2452 3186 aura
2475 3134 2726 3192 modica.
2756 3138 2901 3210 Ergo
2930 3139 3012 3195 sic
3049 3143 3345 3214 progressi
3370 3148 3744 3205 continenter

2095 3226 2234 3275 sunt
2264 3222 2334 3275 ad
2368 3222 2621 3279 Pharum
2656 3242 2862 3297 usque,
2913 3228 3012 3283 ubi
3058 3231 3369 3288 subductis
3417 3236 3744 3295 rationibus

2081 3308 2334 3366 instituti
2367 3329 2578 3369 cursus
2612 3319 2670 3370 et
2704 3316 3029 3387 periculum
3073 3319 3565 3394 impendentium,
3613 3332 3739 3384 sta-

2080 3403 2323 3457 tuerunt
2353 3403 2629 3477 deinceps
2664 3423 2780 3461 non
2812 3425 3227 3481 quemcunque
3258 3413 3369 3469 sibi
3423 3432 3455 3471 a
3506 3418 3741 3488 Septen-

2080 3490 2272 3547 trione
2302 3498 2539 3549 ventum
2564 3496 2709 3551 satis
2742 3497 2885 3566 fore;
2912 3499 3013 3569 qui
3044 3501 3200 3557 enim
3233 3506 3373 3559 tunc
3396 3504 3744 3565 ﬂabatlenis

2078 3586 2224 3647 erat,
2260 3582 2514 3638 molliter
2545 3584 2733 3640 solum
2762 3588 3082 3660 stringens,
3118 3608 3233 3646 non
3284 3591 3458 3664 pleno
3508 3596 3735 3669 impetu

2078 3668 2389 3740 impellens
2420 3672 2565 3741 vela,
2600 3679 2664 3729 ut
2696 3675 2955 3731 malacia
2983 3680 3250 3750 proprior
3269 3681 3398 3737 coeli
3431 3668 3623 3742 status
3646 3688 3733 3741 vi-

2080 3759 2522 3833 deretur.Egere
2555 3780 2617 3818 se
2647 3769 2844 3821 autem
2878 3768 2950 3822 ad
2983 3767 3332 3827 eluctandos
3366 3790 3516 3845 quos
3546 3777 3738 3846 provi-

2079 3849 2297 3904 debant
2328 3867 2676 3909 occursuros
2705 3855 2899 3912 obices
2925 3857 3258 3915 vehementi
3286 3866 3468 3919 Borea
3492 3882 3506 3933 ;
3543 3867 3736 3935 qualis

2077 3944 2167 3995 est
2195 3939 2292 3995 ille
2316 3958 2489 4012 quem
2514 3943 2818 3999 Tanaitem
2846 3953 3037 4002 nauta
3060 3952 3734 4029 vocant.Huic,inquam,

2079 4031 2369 4086 confidere
2401 4032 2501 4086 uni
2535 4050 2597 4087 se
2627 4038 2964 4091 statuerunt
2994 4054 3188 4108 posse;
3223 4042 3323 4111 qui
3361 4042 3474 4097 nisi
3505 4047 3734 4102 contin-

2078 4125 2257 4191 geret,
2287 4121 2459 4191 plane
2491 4123 2884 4194 desperabant
2911 4126 3164 4183 insidias
3212 4146 3276 4184 se
3327 4135 3729 4190 Romanarum

2077 4226 2247 4281 posse
2276 4213 2509 4268 navium
2545 4214 2820 4286 effugere.
2854 4218 2998 4272 Ecce
3027 4222 3224 4273 autem
3256 4226 3573 4293 postquam
3625 4226 3738 4283 ali-

2079 4306 2221 4371 quot
2250 4302 2329 4356 ibi
2354 4304 2478 4358 dies
2501 4304 2841 4373 substitere,
2876 4309 3251 4364 commodum
3288 4309 3385 4365 ille
3416 4311 3543 4381 ipse
3567 4320 3736 4387 opta-

2076 4394 2175 4446 tus
2206 4396 2415 4447 ventus
2449 4394 2672 4464 spirare
2704 4395 2776 4450 ab
2808 4402 2966 4453 arcto
2999 4397 3315 4455 vehemens
3377 4401 3571 4474 capit;
3630 4422 3737 4462 nec

2077 4481 2329 4536 cunctati
2361 4482 2630 4538 videlicet
2662 4484 2748 4539 illi
2782 4492 2924 4542 sunt
2981 4491 3137 4544 totos
3198 4487 3281 4543 illi
3341 4488 3735 4550 libentissime

2002 4571 2049 4637 Ι)
2084 4569 2670 4640 penderelinteorum
2698 4576 2888 4643 sinus,
2920 4577 3319 4650 audacterque
3361 4580 3574 4637 invecti
3632 4601 3737 4655 spe

2072 4661 2296 4731 optima
2324 4660 3026 4729 ferebantur,evolaturos
3058 4683 3187 4723 sese
3218 4668 3327 4723 rati
3350 4668 3405 4723 vi
3425 4687 3580 4727 aura
3610 4676 3731 4729 tam

2082 4766 2371 4820 prospera
2403 4754 2566 4807 trans
2584 4752 2912 4823 quamlibet
2934 4755 3182 4811 infestos
3201 4755 3613 4815 insidiantium
3636 4778 3735 4819 co-

2082 4842 2274 4893 natus.
2312 4839 2487 4895 Navis
2519 4839 2703 4896 latera
2737 4841 2877 4912 quin
2910 4843 3085 4898 etiam
3120 4844 3293 4900 siccis
3325 4847 3503 4903 boum
3559 4851 3735 4909 coriis

2083 4928 2444 4996 munierunt,
2482 4936 2548 4985 ut
2579 4930 2651 4985 ab
2686 4930 2818 5002 igne
2838 4931 2990 4988 forte
3016 4932 3231 5004 injecto
3263 4939 3366 4990 aut
3393 4936 3509 4991 alia
3526 4943 3733 5010 quavis

2082 5018 2153 5072 ab
2186 5016 2462 5073 hostibus
2493 5019 2785 5090 ejaculata
2818 5026 2980 5091 peste
3010 5026 3138 5077 tuta
3173 5024 3380 5080 forent.
3417 5032 3595 5084 Arma
3621 5029 3737 5102 ipsi

2081 5107 2488 5177 expedierunt,
2519 5108 2633 5164 vim
2702 5109 2981 5180 repellere
3014 5111 3203 5182 parati
3251 5129 3617 5189 quacunque
3663 5122 3736 5177 ab

2080 5196 2453 5267 imperatoris
2487 5197 2823 5254 inferretur.
2877 5199 2981 5255 His
3038 5199 3358 5271 imperator
3415 5210 3735 5280 compertis

2082 5285 2542 5357 423imperavit
2564 5288 2975 5345 Genuensibus
2997 5294 3202 5345 Peraa
3229 5291 3580 5364 degentibus
3601 5300 3733 5355 mit-

2082 5379 2202 5430 tere
2215 5376 2313 5446 qui
2336 5376 2728 5433 sisterenthos
2753 5377 3065 5450 populares
3089 5387 3315 5451 suos,et
3334 5382 3407 5439 iis
3423 5387 3739 5444 suaderent

2079 5481 2194 5519 non
2225 5465 2311 5519 sic
2343 5465 2662 5521 insalutato
2696 5468 3051 5539 imperatore
3085 5470 3399 5541 praterire.
3454 5475 3740 5532 Fecerunt

2077 5553 2131 5607 id
2170 5552 2255 5607 illi
2288 5555 2570 5623 studiose;
2606 5557 2708 5611 sed
2738 5558 2885 5612 nihil
2919 5559 3311 5630 profecerunt,
3339 5565 3740 5633 perstantibus

2079 5643 2212 5697 aliis
2242 5643 2299 5697 in
2335 5644 2632 5715 proposito
2664 5651 2721 5701 et
2754 5647 2979 5703 monita
3011 5648 3272 5704 convicio
3296 5650 3736 5721 repellentibus.

2078 5732 2269 5796 Quare
2294 5732 2401 5801 illi,
2436 5751 2507 5790 ne
2538 5734 2651 5792 sibi
2684 5736 2879 5793 fraudi
2914 5742 3074 5794 esset
3103 5737 3297 5794 aliena
3346 5744 3738 5815 contumacia,
