4080 6430
351 404 459 463 879

1664 402 1971 465 GEORGII
2006 400 2471 463 PACHYMEBE

3673 408 3788 470 880

353 525 601 585 στὲλλων
660 527 995 603 προσέταττε
1048 534 1167 594 τοῖς
1223 527 1361 586 κατὰ
1418 527 1643 606 περαίαν
1695 520 2006 586 Γενουΐταις
2037 525 2094 593 Α
2123 522 2422 600 φώσσωνας
2476 527 2567 583 καὶ
2649 523 2971 592 πολυοποῦς
3050 527 3357 585 ποιούντων
3425 530 3488 587 τὸ
3547 530 3779 610 υτερρίὸν

352 617 587 691 πέμπειν
621 615 748 680 τοὺς
780 614 1152 687 κωλύσοντας,
1199 617 1252 674 οτί
1299 620 1388 675 καὶ
1422 615 1657 695 συχνοὺς
1696 613 2008 689 πέμποντες

348 707 480 768 τοὺς
537 707 872 780 ἀπεροῦντας
936 708 1012 780 μή
1072 704 1233 763 πλεῖν
1305 707 1640 785 προσωτέρω
1698 704 1799 760 οὐκ
1856 704 2003 779 εἶχον

351 796 555 854 πείθεν.
612 795 678 854 Οἳ
738 793 785 850 δ’
844 796 1173 873 ἆπεστύγουν
1249 798 1344 871 μὲν
1396 799 1532 874 πρὸς
1588 797 1688 866 τήν
1745 793 2005 860 ἔνστασιν,

357 887 511 961 ὅμως
569 885 632 940 τὸ
685 883 767 963 ἐφ’
823 887 1029 941 ἑαυτῶν
1082 889 1470 963 προορώμενοι
1532 886 1693 961 μόνον
1755 883 1829 947 εἷ’ς
1859 904 1919 938 τε
1945 883 2008 937 τὸ

352 977 491 1052 πρὸς
550 975 818 1051 βασιλέως
874 971 1060 1031 εὔνουν
1109 977 1201 1032 καὶ
1261 976 1337 1041 είς
1392 977 1491 1045 τήν
1550 976 1689 1052 πρὸς
1744 974 1805 1028 τὸ
1851 973 2007 1047 γενος

348 1064 700 1141 ἐπιστροφὴν,
746 1062 943 1142 ἠφίουν
990 1064 1054 1120 τὸ
1107 1071 1212 1121 πᾶν
1262 1065 1347 1121 ἐπ’
1396 1065 1605 1138 ἐκείνῳ.
1638 1065 1699 1119 Ὁ
1733 1063 1918 1137 μεντοι
1947 1082 2009 1135 γε

353 1153 608 1231 βασιλεὺς
667 1151 905 1229 ἐσχάτην
951 1155 1344 1230 περιφρόνησιν
1407 1155 1778 1230 ἡγησάμενος,
1827 1151 1916 1206 καὶ
1958 1152 2009 1226 γ’

349 1245 425 1308 είς
452 1243 671 1318 ἀτιμίας
723 1243 972 1317 μείζονος
1027 1243 1214 1320 λόγον,
1267 1244 1315 1299 εἷ’
1365 1244 1752 1323 καθυφεικότος
1785 1238 2010 1296 ἐκπλεύο

349 1355 514 1402 σειαν,
574 1332 842 1410 ἐπαγείρει
904 1334 998 1407 μὲν
1057 1335 1152 1397 τὰς
1207 1336 1345 1390 κατὰ
1399 1337 1500 1403 τὴν
1561 1332 1725 1388 πόλιν
1779 1331 2009 1407 εὑρεθεί-

352 1445 445 1487 σας
481 1420 743 1495 ὁλκάδας,
774 1424 1131 1499 περισυνάγει,
1184 1420 1242 1478 δὲ
1297 1422 1387 1479 καὶ
1445 1424 1622 1485 καθώς
1654 1444 1734 1484 τις
1765 1420 2007 1495 ἐπακτὴρ

349 1513 515 1575 κύνας
572 1514 635 1567 τὸ
694 1512 795 1567 ἀνὰ
847 1514 946 1581 τὴν
1008 1511 1174 1567 πόλιν
1238 1511 1645 1586 Γασμουλικὸν,
1705 1511 1892 1589 ἐφιστᾷ
1951 1507 2009 1563 δὲ

350 1602 568 1666 τούτοις
592 1602 686 1656 τὸν
751 1601 1056 1678 βεστιάριον
1114 1600 1361 1673 Ἀλὲξιον
1419 1603 1511 1657 τὸν
1571 1600 1862 1672 Ἀλυάτην.
1907 1599 2008 1653 Κὰ-

350 1697 530 1753 κεῖνος
560 1689 675 1763 ἅμα
713 1695 831 1753 τοῖς
889 1690 1014 1767 περὶ
1072 1689 1230 1746 αὐτὸν
1288 1692 1380 1746 τὸν
1440 1691 1724 1767 Βόσπορον
1783 1690 1857 1751 ὡς
1889 1691 2008 1764 εἶχε

355 1778 773 1854 διαπεραιωθεὶς
830 1780 978 1835 δεινὰ
1034 1780 1208 1835 ἐποίει
1263 1779 1657 1857 προστάσσων·
1709 1778 1797 1835 καὶ
1848 1776 1892 1833 εἰ
1928 1779 2004 1851 μὴ

2115 610 2265 668 ἐνίκα
2292 617 2390 670 τοῦ
2438 616 2766 690 πνεύματος,
2822 617 2911 672 καὶ
2971 620 3315 693 προσεχώρει
3376 623 3563 692 μεῖζον
3595 622 3631 692 ἢ
3665 619 3786 677 ὥστ

2116 700 2471 778 ἐπισχεθῆναι
2527 711 2645 769 τοῖς
2701 710 2781 779 [Ρ.
2814 708 2941 781 287]
2993 707 3230 771 κάτωθεν
3264 705 3647 780 ἐμποδίζουσι,
3682 709 3782 765 καὶ

2113 793 2231 846 κατ’
2272 790 2460 868 ὀλίγον
2514 792 2959 858 ὃιολισθαίνουσα
3004 792 3325 875 διεφύγγανε
3369 796 3498 860 τοὺς
3536 796 3783 854 ἐπιτιθε-

2119 882 2309 954 μένους
2365 883 2576 957 κύκλῳ,
2635 883 2883 947 πολλοὺς
2938 885 3075 960 πρὸς
3134 883 3360 961 ὀλίγους
3408 883 3589 950 ὄντας.
3623 889 3689 946 Ὁ
3721 885 3785 943 δὲ

2120 970 2377 1047 βασιλεὺς
2407 970 2507 1044 ἔξω
2564 995 2671 1029 που
2723 976 3032 1048 καθήμενος
3089 970 3282 1053 ἕσφυζε
3337 976 3431 1038 τὰς
3474 978 3655 1053 ὁρμὰς
3686 976 3786 1033 ἐν-

2117 1066 2258 1135 ορῶν
2291 1063 2386 1124 τὰς
2445 1063 2755 1141 ἀποφυγὰς,
2811 1063 2901 1118 καὶ
2960 1062 3194 1139 συχνοὺς
3254 1061 3516 1139 ἔπεμπεν,
3560 1064 3786 1130 ἀλλους

2116 1149 2497 1227 ἐπεθάῤῥυνεν,
2559 1150 2768 1215 ἄλλους
2828 1151 3068 1208 κελεύων
3126 1152 3215 1208 καὶ
3279 1153 3784 1230 προσαπειλούμε-

2113 1258 2221 1300 νος.
2257 1239 2326 1294 At
2359 1237 2592 1295 σπουδαὶ
2628 1238 2675 1296 δ’
2704 1242 2842 1311 ἦσαν
2887 1240 3165 1312 ἀνόνητοι,
3221 1244 3313 1297 καὶ
3368 1246 3480 1299 τῶν
3512 1242 3791 1300 σπευδόν-

2114 1349 2220 1381 των
2277 1328 2372 1390 τὰς
2432 1334 2624 1404 χεῖρας
2677 1334 2757 1402 τῷ
2816 1329 2990 1407 ούρίῳ
3040 1335 3139 1385 τοῦ
3197 1331 3507 1405 πνεύματνς
3555 1335 3591 1403 ἡ
3642 1338 3787 1397 ναῦς

2114 1414 2523 1493 ἀπεδίδρασκεν.
2556 1420 2643 1482 Ὣς
2692 1422 2822 1494 γοῦν
2884 1418 3078 1475 ἐκεῖνοι
3139 1421 3233 1493 μὲν
3266 1419 3317 1476 ἐν
3353 1416 3584 1496 ἀπόροις
3610 1422 3783 1494 ἦσαν,

2115 1507 2142 1562 ὁ
2178 1505 2431 1583 βασιλεὺς
2463 1505 2510 1563 δ’
2567 1507 2617 1564 ἐν
2680 1510 2885 1583 ἀθυμίᾳ
2937 1506 3105 1584 δεινῇ,
3168 1507 3378 1586 χλεύην
3431 1511 3496 1566 τὸ
3538 1517 3785 1588 πρᾶγμα

2116 1596 2369 1670 οἰόμενος
2417 1596 2506 1653 καὶ
2551 1596 2802 1675 ἄντικρυς
2844 1598 3080 1675 γέλωτα,
3133 1599 3336 1675 εἷ’σάγει
3379 1620 3464 1665 τις
3489 1604 3600 1657 τῶν
3629 1601 3783 1679 ἀμφ’

2112 1686 2273 1742 αὐτὸν
2332 1686 2540 1762 βουλὴν
2596 1685 2860 1743 δοκοῦσαν
2917 1689 3207 1748 συνοίσειν.
3266 1690 3329 1746 Ἣ
3370 1688 3417 1744 δ’
3444 1690 3512 1759 ἦν
3542 1710 3782 1766 χρησα-

2116 1773 2306 1849 μένους
2335 1777 2483 1852 παρά
2534 1776 2860 1832 Καταλάνων
2918 1781 2987 1852 τῇ
3050 1781 3197 1856 σφῶν
3256 1777 3366 1850 νηΐ,
3406 1778 3629 1855 μεγίστῃ
3656 1784 3773 1834 τῶν

351 1870 577 1931 τούτους
633 1866 1123 1938 καταλωνίσονται,
1183 1868 1300 1925 ἴσον
1343 1869 1508 1934 ἐτίθει
1555 1869 1645 1925 καὶ
1671 1874 1749 1939 τῷ
1777 1873 1875 1933 τῆς
1909 1868 2002 1940 ἀρ·
2036 1886 2086 1954 Β
2112 1863 2299 1921 ἃλλων
2334 1862 2496 1941 οὔσῃ,
2531 1861 2784 1936 ἐπιϐῆναι
2830 1866 2959 1929 τοὺς
3011 1866 3295 1944 αὐτάρκεις
3346 1868 3778 1945 πολεμάρχους,

352 1966 465 2037 χῆς
521 1957 817 2032 στέρεσθαι.
882 1959 1283 2032 Συνταξάμενοι
1341 1962 1633 2035 τοιγαροῦν
1667 1958 1719 2012 οἱ
1777 1956 2002 2011 ἐπὶτῶν

351 2046 520 2121 νηῶν,
578 2047 632 2102 οὶ
686 2045 745 2102 δὶ
790 2046 882 2103 καὶ
933 2046 1023 2103 ἐπὶ
1079 2045 1176 2103 τοῦ
1235 2047 1493 2123 αἰγιαλοῦ
1544 2045 2006 2122 παραταξάμενοι,

349 2141 451 2209 τὴν
484 2139 756 2217 φορτηγὸν
805 2143 1093 2193 κατιοῦσαν
1144 2136 1425 2213 ἐδέχοντο.
1487 2138 1589 2194 Καὶ
1623 2137 1675 2191 οἱ
1710 2137 1803 2211 μὶν
1838 2156 2005 2211 προσ-

353 2226 642 2289 πίπτοντες
698 2227 787 2281 καὶ
841 2247 902 2303 γε
957 2224 1148 2299 κύκλῳ
1200 2227 1691 2302 περιπτυσσόμενοι
1735 2229 2001 2301 μαχητῶν

353 2314 511 2393 ἔργον
541 2314 840 2391 ἐπλήρουν,
872 2313 1001 2371 ἀλλ’
1059 2315 1159 2371 οὐκ
1212 2316 1380 2386 ¹ίῇνυον
1427 2317 1490 2371 τὸ
1539 2316 1794 2391 παράπαν
1822 2336 1835 2347 ο
1880 2314 1915 2383 ἢ
1946 2335 2005 2369 τε

350 2406 456 2483 γὰρ
488 2404 539 2476 ἐξ
572 2404 757 2480 οὐρίας
817 2405 965 2480 ὁρμὴ
1017 2405 1108 2460 καὶ
1155 2406 1218 2461 τὸ
1270 2405 1700 2481 ὑπερανεστηκὸς
1739 2407 1839 2470 τῆς
1868 2403 2001 2474 νηὸδ

349 2495 575 2558 ἐκείνοις
632 2492 688 2557 ἐς
745 2494 830 2549 δτι
892 2492 1132 2566 μάλιστα
1183 2489 1425 2565 ἐϐοήθει,
1479 2494 1571 2549 καὶ
1632 2492 1861 2567 μάταιος
1883 2497 2000 2555 τοῖς

345 2582 758 2656 ἆνθισταμένοις
784 2582 853 2652 ἧν
901 2585 937 2653 ἠ
989 2580 1225 2654 σπουδήο
1279 2583 1382 2641 Καὶ
1433 2583 1485 2638 οἱ
1531 2582 1625 2657 μὶν
1662 2582 1884 2657 ἐπεῖχον
1914 2582 2004 2655 ὁρ-

346 2679 553 2747 μῶντες
585 2672 809 2751 ἐφέξειν,
857 2673 908 2728 οἱ
959 2669 1006 2727 δ’
1064 2672 1149 2728 ἐπὶ
1208 2676 1306 2742 τῆν
1368 2674 1500 2745 νηὸς
1543 2671 1891 2745 κατημέλουν
1925 2673 1999 2735 ὡς

347 2760 515 2839 μηδὲν
568 2764 872 2820 ἀνυσοντων
901 2782 914 2796 ·
976 2766 1196 2839 συχνῶν
1271 2764 1376 2838 γὰρ
1456 2761 1810 2818 ὁϊστευόντων
1872 2760 2002 2824 τοὺς

344 2983 672 3042 retulerant
699 2981 1040 3054 imperatori
1070 2998 1133 3038 se
1155 2982 1310 3054 quod
1342 2998 1589 3038 suarum
1611 2983 1734 3037 erat
1749 2980 2004 3052 partium

349 3072 554 3130 sedulo
587 3072 800 3144 egisse,
833 3071 1031 3126 dolere
1064 3076 1257 3126 autem
1292 3072 1446 3142 quod
1482 3070 1538 3125 hi
1581 3069 1673 3126 sui
1703 3069 1857 3124 cives
1887 3068 2001 3122 sibi

350 3161 622 3231 morigeri
652 3178 769 3217 non
801 3159 1043 3216 fuerint:
1074 3164 1365 3216 coerceret
1395 3175 1494 3215 eos
1552 3158 1679 3231 ipse
1732 3174 1837 3230 pro
1895 3173 2002 3213 sua

348 3251 628 3325 potentia,
662 3266 766 3305 nec
792 3248 1163 3322 peccantium
1194 3250 1430 3320 culpam
1457 3248 1778 3318 imputaret
1797 3246 1997 3301 inson-

2116 1956 2206 2011 καὶ
2237 1954 2410 2017 οὕτως
2445 1950 2856 2028 ἐπεμϐαλόντας
2912 1955 3041 2020 τοὺς
3097 1955 3307 2028 ἐκείνης
3365 1959 3665 2035 φώσσωνας
3694 1964 3782 2033 τῷ

2116 2041 2550 2119 προσαράσσοντι
2616 2043 2886 2113 πνεύματι
2968 2045 3041 2107 ὡς
3106 2046 3341 2122 πρώτως
3435 2047 3779 2122 μετέχοντας

2115 2133 2242 2195 τοὺς
2324 2132 2459 2187 τὲως
2543 2133 2964 2208 ώργυιωμὲνους
3048 2132 3404 2209 ἐπιτειχίσαι,
3484 2135 3623 2191 ὣστε
3680 2136 3780 2192 καί

2116 2224 2357 2293 ἀπνοεῖν,
2413 2221 2505 2275 καὶ
2562 2220 2705 2276 οὕτω
2759 2226 2856 2287 τῆς
2906 2223 3088 2296 ὁρμῆς
3130 2225 3453 2301 καθυφεῖσαν
3504 2225 3588 2279 ἐπ’
3625 2224 3773 2280 ἐκεί-

2116 2334 2214 2383 νην
2295 2310 2470 2385 ὀρμᾷν
2540 2309 2670 2375 τοὺς
2727 2310 2816 2366 ἐπὶ
2874 2313 3100 2387 θατὲρας
3159 2307 3333 2377 ὄντας.
3394 2316 3569 2371 Τοῦτο
3638 2319 3780 2392 γοῦν

2123 2400 2410 2477 βουλευθέν
2472 2400 2584 2473 ἅμα
2636 2400 2715 2473 τῷ
2765 2399 2916 2477 λόγῳ
2971 2402 3033 2456 τὸ
3086 2397 3240 2479 ἔργον
3295 2402 3513 2473 ἠνύετο,
3565 2404 3656 2459 καὶ
3702 2401 3775 2474 δή

2115 2491 2215 2560 τήν
2271 2487 2536 2565 ταχίστην
2596 2484 2858 2562 ἐμϐάντες
2914 2489 2973 2545 ἐκ
3038 2491 3291 2565 πρύμνης
3372 2491 3611 2569 γίνονται
3667 2500 3777 2563 τῆς

2114 2580 2504 2654 κπταγομὲνης
2533 2598 2544 2610 ·
2592 2576 2755 2653 ἔτυχε
2801 2579 2904 2655 γὰρ
2953 2579 3042 2635 καὶ
3091 2583 3125 2649 ἡ
3179 2584 3307 2645 ναῦς
3348 2581 3526 2659 ἐγγὺς,
3556 2583 3646 2638 καὶ
3679 2584 3779 2638 εὖ·

2114 2671 2287 2744 χερὴς
2323 2668 2390 2737 ἦν
2453 2670 2840 2743 μετενεχθῆναι
2897 2669 3034 2745 πρὸς
3088 2669 3155 2725 τὰ
3209 2671 3620 2747 προηγούμενα.
3654 2672 3776 2729 Κά-

2112 2756 2300 2828 κείνης
2356 2756 2633 2827 πεσούσης
2694 2759 2925 2833 πρόσθεν
3002 2760 3058 2813 αἱ
3128 2765 3230 2830 τῆς
3290 2757 3543 2836 δευτὲρας
3601 2762 3770 2818 πνοαὶ

2114 2975 2301 3034 nihilo
2351 2974 2547 3031 secius
2580 2975 2770 3031 facere
2799 2977 3140 3048 pergebant,
3170 2979 3509 3035 abundante
3537 2981 3593 3035 vi
3613 2998 3777 3039 aura

2113 3066 2405 3139 propitias;
2430 3081 2547 3136 qua
2568 3064 2804 3135 longius
2851 3071 2990 3121 ante
3025 3084 3059 3121 a
3102 3071 3267 3140 tergo
3308 3073 3778 3141 sequenteseﬂ‘e-

2112 3154 2413 3221 rebantur,
2450 3168 2622 3224 quam
2660 3158 2724 3208 ut
2764 3159 2921 3210 esset
2949 3154 3273 3225 periculum
3307 3174 3379 3213 ne
3402 3173 3436 3213 a
3466 3175 3769 3231 quoquam

2112 3260 2316 3299 eorum
2348 3258 2528 3314 prope
2560 3242 2954 3309 adiri,nedum
2990 3246 3118 3316 capi
3153 3250 3254 3300 aut
3284 3248 3471 3303 teneri
3503 3256 3770 3319 possent.

350 3305 529 3412 iitum,
570 3344 673 3396 aut
701 3339 894 3412 gentis
929 3339 1214 3394 universas
1246 3337 1548 3409 proprium
1583 3352 1712 3392 esse
1762 3336 1998 3391 duceret
2027 3305 2073 3369 Ο
2112 3334 2246 3397 Quae
2278 3347 2411 3386 vero
2428 3345 2605 3386 naves
2637 3346 2671 3385 a
2694 3330 2979 3387 lateribus
3010 3333 3400 3403 incurrerent,
3435 3305 3532 3393 eas
3563 3343 3775 3410 utpote

347 3428 949 3503 paucorum'crimen.
986 3426 1087 3482 His
1134 3426 1452 3498 imperator
1501 3424 1723 3482 auditis
1754 3440 1998 3479 summae

342 3519 456 3575 sibi
487 3518 609 3574 fore
638 3515 979 3589 ignominiaa
1006 3519 1289 3585 reputans
1318 3518 1438 3569 tam
1463 3519 1729 3585 proterve
1759 3529 1823 3568 se
1869 3529 2000 3567 con-

338 3606 524 3663 temni
550 3606 787 3676 sibique
816 3602 987 3659 illudi
1019 3602 1517 3669 sinere,immittit
1542 3601 1605 3657 in
1638 3618 1735 3658 eos
1762 3606 1999 3673 repente

339 3704 628 3768 quantum
655 3693 1063 3765 expediturum
1097 3692 1158 3746 in
1190 3690 1499 3746 navalibus
1521 3698 1579 3746 et
1602 3691 1886 3761 portubus
1910 3708 1997 3746 re-

338 3788 574 3856 pertum
599 3785 691 3838 est
719 3780 978 3838 navium.
1016 3781 1108 3836 Hae
1131 3796 1337 3836 omnes
1368 3780 1660 3836 universis
1691 3794 1722 3835 e
1750 3780 1996 3835 Gasmu-

336 3872 454 3928 lica
484 3871 674 3928 navali
706 3868 1041 3942 militia,qui
1063 3874 1191 3925 tum
1215 3869 1720 3941 Constantinopoli
1739 3871 1995 3935 fuerunt,

341 3959 770 4035 plenae,canum
787 3959 977 4015 instar
996 3959 1360 4014 irritatorum
1377 3965 1587 4015 coortas
1601 3960 1659 4013 in
1682 3963 1917 4014 transeu
1929 3976 1995 4012 n-

341 4054 432 4107 tes
462 4050 803 4106 Genuenses
836 4051 977 4104 sunt
1008 4048 1291 4120 undique,
1331 4047 1854 4105 vehementissime
1903 4047 1995 4102 in-

341 4143 587 4196 stantes.
621 4138 942 4210 Impositus
956 4138 1028 4192 ad
1044 4137 1154 4193 hoc
1168 4137 1285 4192 dux
1306 4136 1455 4208 ipsis
1479 4139 1667 4193 fuerat
1685 4136 1996 4192 vestiarius

337 4228 577 4286 Alexius
609 4227 892 4300 Alyattes,
926 4226 1026 4299 qui
1057 4243 1191 4283 cum
1242 4225 1369 4283 suis
1400 4226 1709 4282 confestim
1756 4225 1997 4295 trajecto

339 4318 594 4391 Bosporo
627 4315 775 4372 nihil
801 4316 914 4372 sibi
949 4315 1159 4385 reliqui
1193 4315 1263 4371 ad
1297 4331 1527 4370 omnem
1559 4313 1995 4370 contentionem

334 4406 607 4474 faciebat,
640 4406 934 4462 mandans
967 4408 1146 4475 atque
1177 4404 1492 4475 instigans,
1531 4404 1733 4474 sicque
1762 4403 1820 4457 in
1869 4403 1993 4458 ani-

332 4514 498 4553 mum
530 4493 897 4559 inducens,sl
930 4509 1047 4547 non
1079 4499 1441 4563 expugnaret
1464 4492 1566 4548 tali
1592 4492 1718 4547 loco
1742 4497 1992 4547 temera-

331 4586 451 4642 rios
482 4583 920 4658 piratas.nihilo
954 4582 1068 4637 sibi
1096 4583 1296 4638 minus
1318 4582 1374 4635 id
1398 4584 1517 4638 fore
1540 4583 1795 4637 dedecus
1815 4599 1989 4654 quam

2107 3420 2454 3477 humiliores
2476 3424 2533 3476 et
2564 3419 2824 3477 minores
2853 3420 3177 3478 ludibunde
3208 3423 3528 3495 repellebat
3554 3426 3770 3500 ingens

2106 3510 2262 3566 mole
2290 3514 2348 3564 et
2376 3509 2570 3581 plenis
2592 3508 2736 3565 velis
2768 3510 3037 3566 oneraria
3094 3513 3425 3583 pervolans.
3475 3514 3773 3574 Cernebat

2106 3600 2227 3656 haec
2260 3600 2581 3671 imperator
2609 3615 2677 3654 ex
2709 3599 2864 3655 edito
2895 3598 3068 3672 longe
3100 3602 3360 3670 intuens,
3384 3603 3531 3661 alios
3562 3606 3768 3663 missi-

2102 3694 2235 3746 tans
2268 3706 2447 3762 super
2463 3688 2632 3759 alios,
2667 3689 3009 3758 adhortans,
3034 3691 3541 3760 jubens,minans.
3575 3697 3687 3751 Sed
3713 3703 3774 3753 et

2102 3779 2293 3851 ipsius
2326 3778 2595 3849 jubentis
2628 3782 2685 3834 et
2716 3779 3052 3850 parentium
3081 3784 3427 3837 cunctorum
3452 3784 3768 3855 mqueina-

2103 3868 2203 3924 nia
2236 3867 2562 3937 etfectuque
2592 3883 2760 3923 cassa
2791 3868 2989 3924 studia
3036 3873 3224 3936 erant,
3284 3870 3551 3929 evolante
3609 3874 3775 3932 inter

2103 3973 2320 4014 manus
2347 3960 2481 4012 navi
2515 3957 2797 4012 beneﬁcio
2858 3960 3015 4013 venti
3076 3961 3364 4032 prosperi.
3416 3965 3564 4018 Cum
3627 3980 3771 4038 ergo

2104 4046 2325 4103 milites
2357 4045 2597 4118 quidem
2628 4061 2745 4116 quo
2776 4062 2840 4102 se
2867 4050 3157 4103 verterent
3187 4047 3401 4120 ignari,
3437 4050 3772 4123 imperator

2104 4142 2299 4192 autem
2335 4135 2424 4191 sui
2458 4138 2798 4205 contemptu
2851 4135 3230 4209 ludibrioque
3278 4143 3447 4195 tanto
3496 4140 3557 4195 in
3609 4142 3767 4199 iram

2100 4226 2321 4281 irratus
2353 4224 2697 4292 maximam,
2731 4225 2910 4294 varie,
2945 4226 3045 4281 sed
3076 4226 3368 4283 inutiliter
3414 4232 3766 4300 zestuarent,

2101 4315 2214 4370 fuit
2244 4315 2342 4385 qui
2370 4317 2633 4383 Augusto
2665 4314 2979 4369 consilium
3011 4332 3043 4370 e
3074 4332 3135 4370 re
3166 4321 3303 4371 nata
3323 4334 3435 4373 non
3458 4318 3766 4390 improba-

2100 4403 2216 4459 bile
2239 4405 2603 4474 suggereret.
2639 4402 2696 4456 Id
2727 4406 2851 4457 erat
2882 4408 2947 4457 ut
2990 4404 3048 4458 in
3083 4408 3423 4475 quamdam,
3470 4423 3601 4479 qua;
3635 4425 3767 4465 ma-

2100 4507 2217 4565 gna
2271 4495 2328 4546 et
2357 4490 2664 4562 praevalida
2724 4492 2869 4547 forte
2909 4492 3027 4548 illic
3083 4494 3294 4561 stabat,
3351 4495 3765 4554 Catelanorum

2103 4597 2308 4636 navem
2342 4581 2712 4635 commodato
2743 4598 2777 4635 a
2808 4581 3064 4638 dominis
3113 4590 3439 4655 acceptam,
3494 4585 3766 4644 inductis

330 4675 381 4732 si
415 4674 766 4747 praefectura
793 4671 1189 4745 ignominiose
1213 4671 1827 4743 privaretur.0rdinati
1852 4687 1990 4742 ergo
2021 4662 2067 4728 D
2100 4674 2339 4741 repente
2372 4675 2518 4741 quot
2556 4685 2625 4725 ea
2656 4675 2853 4741 posset
2884 4686 3092 4742 capere
3112 4672 3660 4744 militibus,juberet
3685 4675 3763 4731 il-

333 4764 472 4820 hino
505 4763 746 4836 quidem
777 4762 837 4816 in
858 4760 1000 4816 foris
1030 4760 1437 4825 navium,hinc
1455 4766 1513 4816 et
1532 4760 1769 4816 terrain
1796 4760 1987 4817 littore

332 4854 578 4925 milites,
599 4868 703 4925 pro
735 4867 797 4907 se
826 4850 1078 4923 quisque
1100 4850 1148 4921 ej
1159 4849 1446 4906 aculando
1466 4850 1836 4922 impetebant
1849 4866 1987 4906 one-

330 4943 574 4999 rariam.
607 4943 719 4999 Sed
749 4957 882 4998 cum
913 4938 1062 4995 nihil
1099 4941 1298 4997 minus
1326 4957 1505 5012 quam
1563 4949 1851 5013 quantum
1912 4942 1985 4996 ab

329 5032 571 5104 optimis
583 5031 910 5103 exspectari
927 5029 1218 5085 militibus
1244 5035 1476 5102 poterat
1497 5030 1599 5086 tali
1621 5035 1884 5101 tempore
1898 5031 1982 5086 fa-

327 5125 545 5189 cerent,
581 5121 799 5177 frustra
838 5122 1009 5177 erant
1039 5124 1265 5188 tamen,
1300 5119 1508 5190 utique
1536 5119 1817 5175 adversus
1844 5136 1986 5175 one-

324 5209 540 5265 rariam
575 5210 948 5267 exstantibus
981 5209 1119 5276 alte,
1167 5208 1363 5279 iisque
1396 5209 1665 5275 munitis,
1701 5208 1987 5265 lateribus

325 5303 673 5372 protectam,
707 5304 765 5355 et
792 5299 986 5354 valido
1018 5314 1053 5353 a
1085 5297 1224 5368 pupi
1266 5298 1581 5369 impulsam
1635 5303 1826 5365 vento,
1879 5300 1984 5355 sic-

327 5405 439 5460 que
464 5405 736 5460 prorsum
770 5386 1136 5442 irrevocabili
1173 5395 1442 5444 ruentem
1476 5403 1677 5454 cursu,
1703 5390 1985 5459 strepitus

321 5479 485 5534 424
512 5478 643 5533 vani
675 5477 896 5531 circum
925 5474 1418 5532 tumultuantium
1444 5477 1673 5549 egregie
1691 5492 1981 5533 securam.

318 5567 609 5622 Ridebant
622 5565 948 5638 igiturejus
963 5568 1229 5620 vectores
1243 5572 1490 5622 conatus
1504 5566 1763 5622 hostium
1782 5568 1984 5622 inanes

315 5661 374 5710 et
404 5672 537 5711 cum
570 5656 833 5711 distenta
852 5657 1025 5709 vento
1057 5654 1308 5711 carbasa
1339 5656 1563 5712 crebris
1594 5657 1986 5727 undecunque

318 5742 551 5815 sagittis
583 5743 1042 5815 perforarentur,
1073 5742 1145 5799 iis
1170 5747 1467 5818 utcunque
1496 5746 1757 5817 pertusis
1776 5747 1983 5817 pedem

2094 4759 2214 4815 lam
2247 4758 2527 4815 continuo
2558 4759 2834 4830 expansis
2860 4760 3052 4814 eidem
3098 4766 3269 4817 vento
3317 4764 3458 4818 totis
3496 4765 3642 4820 velis
3703 4766 3764 4821 in

2097 4849 2342 4922 puppim
2378 4849 2658 4920 fugientis
2688 4848 2971 4917 invehi,et
3005 4848 3088 4903 sic
3121 4849 3374 4907 infracta
3390 4852 3615 4908 visuras
3636 4854 3765 4910 via-

2098 4957 2212 5012 que
2241 4940 2432 4995 Boreaa
2463 4939 3165 5005 obstructa,velocitatem
3199 4941 3555 4999 imminuere
3571 4962 3763 5000 ruen—

2095 5030 2174 5085 tis
2205 5044 2567 5100 cursumque
2593 5028 3151 5085 retardare.Dictum
3180 5030 3237 5085 in
3260 5048 3410 5104 opus
3433 5034 3762 5091 confertur.

2095 5119 2395 5175 Memento
2428 5133 2489 5173 se
2505 5118 2574 5172 ad
2587 5121 2779 5171 movet
2794 5118 3156 5190 a425tergo
3174 5119 3524 5177 inumbrans
3546 5126 3604 5178 et
3620 5140 3765 5179 ven-

2094 5213 2215 5264 tum
2230 5207 3409 5278 intercipiensoneraria,latitudinevaste
3430 5212 3761 5282 patentium

2096 5299 2325 5355 alarum
2342 5296 2567 5352 obicem
2593 5312 2896 5366 opponens
2924 5301 3092 5352 vento
3119 5298 3465 5370 prepellenti
3485 5305 3764 5358 Genuen-

2095 5405 2218 5444 sem
2253 5403 2482 5453 navem;
2518 5403 2645 5457 qua:
2674 5383 2755 5440 sic
2787 5387 3073 5441 destituta
3104 5388 3389 5455 constitit,
3450 5391 3761 5461 otiumque

2095 5477 2349 5534 admotis
2396 5474 2671 5530 hostibus
2730 5475 2892 5529 dedit
2921 5474 2978 5529 in
3040 5474 3362 5532 insiliendi.
3425 5480 3766 5549 Adjuvabat

2100 5567 2157 5621 id
2191 5570 2433 5637 agentes
2463 5581 2494 5617 e
2517 5563 2788 5619 Catelano
2824 5565 2981 5635 paris
3013 5564 3322 5621 alitudinis
3372 5567 3604 5640 navigio
3647 5586 3760 5625 va-

2096 5656 2223 5711 rius
2253 5659 2309 5709 et
2342 5654 2661 5709 vehemens
2695 5655 3620 5726 undiqueconatushumiliorum
3644 5676 3761 5716 un—

2095 5745 2271 5816 dique
2284 5742 2527 5800 navium
2541 5744 2704 5799 omni
2719 5759 2787 5799 ex
2807 5748 2978 5816 parte
2995 5744 3531 5805 adorientium.Nec
3543 5749 3763 5806 obsisti
