4080 6396
361 413 464 470 881

1430 416 1528 468 DE
1566 414 1941 470 MICHAELE
1978 416 2424 478 PALBOLOGO
2459 426 2594 480 LIB.
2633 427 2704 480 V.

3679 437 3788 493 882

359 534 652 611 εμπαίουσι
711 534 780 608 τῇ
833 535 1095 609 προτέρᾳ,
1157 534 1246 588 καὶ
1298 537 1360 624 to
1421 535 1566 591 πολὺ
1623 536 1850 613 φύσημα
1905 541 2012 592 τῶν
2047 541 2099 607 Α
2135 539 2236 612 μὸς
2281 541 2488 617 αἴρεται
2549 549 2667 604 κατ’
2729 547 2971 620 ἐκείνων,
3029 552 3117 607 καὶ
3173 556 3252 624 τῷ
3309 553 3783 624 ΜουζάλωνιΜα-

358 626 670 703 ιρωσσώνων
704 645 806 693 της
833 621 1111 696 πολεμίας
1171 624 1246 684 εἷς
1305 623 1491 699 ὀλίγον
1533 626 1788 699 περιστὰν
1823 628 2018 682 αὐτίκα

358 715 613 784 ὀκίνητον
667 713 764 780 τήν
825 714 950 766 ναῦν
1005 713 1364 788 ἐνειργάζετο.
1429 715 1852 786 Ἐμπιπτουσῶν
1896 738 2016 771 τοι·

352 807 553 879 γαροῦν
595 803 799 880 ἀμφοῖν
862 801 920 856 ἐκ
977 801 1199 875 θατέρας
1259 801 1608 877 ἐκθοροῦντες
1660 803 1732 866 εἷς
1777 803 2012 878 ἐκείνην,

350 891 439 947 καὶ
485 895 594 947 τῶν
646 893 886 954 κάτωθεν
937 886 1420 964 προσϐοηθουσῶν,
1478 892 1752 968 μεγίσταις
1802 906 2013 966 προθυ-

355 982 506 1054 μίαις
558 975 781 1036 ἔϐαλον.
839 982 936 1034 Καῖ⁵
993 979 1166 1042 οὕτως
1227 979 1309 1034 ἐπ’
1368 981 1555 1044 αὐτοῖς
1609 980 1774 1036 ἄλλοι
1805 982 1893 1036 καὶ
1928 982 2014 1037 ἐπ’

352 1069 580 1131 ικείνοις
636 1066 810 1141 ἕτεροι
867 1064 1313 1142 ἐπεμϐαίνοντες,
1370 1073 1469 1124 τοῦ
1532 1070 1799 1146 βασιλέως
1836 1091 2008 1146 παρα-

352 1157 715 1234 θαρρύνοντος
775 1153 993 1228 ἔξωθεν,
1051 1164 1283 1234 κρατερᾷ
1341 1158 1492 1234 μάχῃ
1551 1158 1637 1215 ἐπὶ
1707 1158 1851 1215 πολὺ
1911 1167 2010 1229 τῆς

349 1245 630 1318 Θαλάσσης
686 1252 1061 1323 προελθοῦσαν
1123 1250 1334 1317 αἱροῦσι
1386 1252 1486 1319 τὴν
1543 1254 1692 1305 ναῦν.
1728 1251 1832 1306 Καὶ
1879 1249 2009 1304 ταύ-

347 1359 448 1408 την
488 1338 582 1411 μὲν
615 1339 752 1413 πρὸς
808 1341 888 1409 τῷ
951 1334 1199 1413 βασιλκῷ
1256 1338 1468 1413 νεωρίῳ
1526 1341 1702 1394 ἱστᾶσι
1740 1341 2004 1412 κατάξαν-

344 1447 457 1497 τες,
491 1425 686 1489 αύτοῦς
734 1424 791 1481 δὲ
836 1432 956 1488 ταῖς
1019 1427 1188 1497 ὁξίαις
1249 1424 1422 1489 δίκαις
1485 1424 1854 1492 ὑποϐαλόντες
1897 1428 2004 1484 ἐτι-

351 1517 592 1591 μώρουν.
654 1515 902 1580 Πολλοῖς
960 1514 1006 1570 δ’
1064 1515 1282 1571 ἐκείνων
1343 1517 1432 1570 καὶ
1491 1516 1617 1580 τοὺς
1682 1517 2003 1595 ὀφθαλμοὺς

343 1605 640 1682 ἰξώρυττον
699 1611 814 1668 τοῖς
889 1611 1262 1681 προστυχοῦσι
1335 1606 1658 1676 πασσάλοις,
1721 1607 2003 1662 ἀντίποινα

342 1701 445 1762 τῆς
503 1693 638 1768 πρὸς
693 1694 785 1749 τὸν
848 1693 1076 1770 βασιλέα
1150 1697 1636 1770 καταφρονήσεως.
1694 1697 2000 1768 Ηαρεοικὸς

341 1782 523 1854 τούτῳ
553 1782 845 1856 ξυμπίπτει
903 1783 991 1838 καὶ
1050 1781 1191 1839 ἄλλο
1249 1806 1322 1850 τι,
1382 1784 1471 1839 καὶ
1533 1790 1654 1850 τοῖς
1690 1784 2000 1849 Γενουίταις

2125 630 2300 700 νουὴλ
2356 635 2547 691 αὐτίκα
2624 641 2952 712 προστάσσει
3028 643 3088 697 τὸ
3159 642 3318 717 γένος
3394 644 3779 715 ἐξαναστατοῦν

2125 719 2262 774 ἅπαν
2315 722 2486 795 μηδὲν
2540 726 2914 800 μελλήσαντα.
2969 737 3218 802 Συνῆκτο
3266 733 3445 788 τοίνυν
3493 734 3544 790 ἐν
3591 735 3783 809 ἀκαρεῖ

2118 809 2180 862 τὸ
2213 817 2622 890 στρατιωτικὸν,
2657 817 2780 873 ὅσον
2837 819 2903 888 ἦν
2952 819 3004 875 έν
3052 825 3122 894 τῇ
3173 821 3335 878 πόλει
3367 825 3453 878 καὶ
3491 825 3615 880 ὅσον
3647 825 3780 897 ἔξω·

2120 909 2206 993 θεν
2265 906 2644 993 προσεγένετο.
2710 907 2806 964 Καὶ
2866 911 2979 984 ἅμα
3031 906 3261 988 φοϐεροὶ
3327 915 3423 986 μὲν
3482 912 3638 982 ἰδεῖν,
3680 937 3775 993 φο-

2116 981 2409 1065 ϐερώτεροι
2445 991 2490 1048 δ’
2522 994 2797 1062 ἐπιθέσθαι
2828 999 2923 1062 τὰς
2972 1001 3223 1056 ἁπάντων
3272 1002 3450 1066 οἰκίας
3487 1005 3777 1074 κυκλοῢσι,

2114 1076 2203 1130 καὶ
2253 1081 2389 1154 πρὸς
2438 1087 2515 1155 τῷ
2564 1085 2836 1163 ἐγχειρεῖν
2886 1089 3048 1162 ἦσαν,
3099 1096 3199 1161 τῆν
3231 1091 3466 1148 ἀπὸτοῦ
3503 1095 3774 1169 βασιλέως

2114 1163 2467 1261 ἀναμένοντες
2519 1174 2785 1234 κέλευσιν.
2842 1179 2910 1236 Οἱ
2971 1177 3027 1234 δὲ
3077 1185 3157 1253 τῷ
3215 1177 3434 1259 φοϐερῷ
3484 1163 3774 1261 ἐκπλαγέν-

2111 1275 2221 1323 τες,
2251 1257 2343 1312 καὶ
2392 1262 2511 1315 καθ’
2567 1265 2691 1319 ὅσον
2753 1266 2869 1322 οἴύν
2927 1290 2985 1323 τε
3044 1257 3416 1335 συστείλαντες
3444 1274 3506 1328 τὸ
3536 1257 3773 1353 ἔμφυτον

2111 1349 2207 1400 τοῦ
2265 1348 2462 1423 θυμοῦ,
2518 1351 2858 1424 ἀπηνεοῢντο
2916 1359 3053 1434 πρὸς
3128 1361 3194 1415 τὰ
3251 1363 3620 1436 πραττόμενα,
3679 1364 3770 1419 καὶ

2109 1437 2212 1500 τῆς
2265 1441 2401 1492 κατά
2458 1447 2592 1518 σφᾶς
2648 1445 2841 1521 ἰσχύος
2904 1447 3160 1522 ἀμείνους
3213 1455 3280 1524 τῇ
3343 1450 3629 1508 ὑποκλίσει
3679 1453 3769 1508 καὶ

2108 1528 2188 1596 τῷ
2239 1533 2480 1602 ταπεινῷ
2558 1535 2806 1608 σχήματι
2892 1540 3288 1616 κατεφάνησαν,
3345 1539 3434 1595 καὶ
3508 1539 3574 1611 δὴ
3633 1543 3771 1617 πρὸς

2110 1613 2316 1679 ἱκεσίας
2374 1617 2692 1692 ἐτράποντο,
2770 1626 2858 1680 καὶ
2935 1627 3374 1704 προσελιπάρουν
3443 1635 3550 1686 τῶν
3615 1629 3765 1687 ἰδίων

2107 1705 2408 1780 τραχήλων
2444 1709 2766 1783 ἐκδήσαντες
2826 1716 2916 1772 ἐαυ
2972 1719 3099 1782 τοὺς
3132 1717 3185 1782 ἐς
3219 1718 3250 1774 ὅ
3288 1743 3340 1776 τι
3382 1720 3469 1776 καὶ
3508 1721 3764 1796 βούλεται

2109 1792 2371 1866 ὁκρατῶν
2420 1802 2750 1875 χρήσασθαι,
2807 1804 3213 1884 ὁμολογοῦντες
3257 1811 3454 1880 ἥττους
3499 1792 3632 1866 εἶναι
3663 1819 3765 1881 τῆς

344 1867 729 1948 προστρίϐεται
781 1870 1061 1947 ἔγκλημα.
1110 1875 1265 1936 Τινὸς
1307 1876 1411 1949 γὰρ
1463 1874 1680 1930 ἐκείνω)
1717 1877 1998 1973 ὑπερηιιραο
2029 1903 2074 1968 Β
2113 1867 2726 1960 βασιλικῆςηέξουσίας,
2784 1867 2873 1949 καὶ
2929 1895 2959 1951 ὅ
3005 1867 3063 1952 ⁵τι
3111 1867 3443 1973 προστάσσοι
3501 1900 3764 1956 εὐπαθεῖν

345 1961 674 2036 νιυσαμένου
719 1962 1081 2036 προσελῶντι,
1131 1964 1218 2018 καὶ
1275 1964 1522 2027 εἶπὸντος
1572 1966 1630 2030 ὑς
1680 1989 1707 2016 ‹‹
1738 1967 1801 2021 Ἡ
1831 1961 1996 2029 πὸλις

341 2050 432 2104 καὶ
481 2049 648 2106 πάλιν
694 2049 840 2107 ἔσται
888 2058 1009 2114 τοῖς
1057 2054 1372 2127 ἡμετέροις,
1410 2079 1436 2105 )›
1492 2053 1743 2123 ζηλὼσας
1794 2054 1997 2117 ἐκεῖνος

344 2138 540 2214 βάλλει
588 2141 725 2196 κατὰ
774 2140 979 2217 κόρρης
1035 2141 1124 2196 καὶ
1182 2142 1271 2196 τὸν
1337 2141 1622 2220 ὀφθαλμὸν
1671 2142 1892 2217 ἀχρειοῖ
1917 2147 1996 2215 τῷ

338 2229 581 2301 Λατίνῳ,
641 2229 731 2284 καὶ
786 2228 940 2294 εὐθὺς
996 2235 1076 2302 τῷ
1156 2228 1424 2301 πλήξαντι
1485 2233 1511 2285 ὁ
1573 2229 1662 2286 διὰ
1723 2232 1995 2307 μαχαίρας

335 2313 682 2390 ἐσχεδιάζετο
741 2317 988 2381 Θάνατος.
1049 2322 1226 2376 Τοῦτο
1286 2320 1468 2392 μαθὼν
1530 2318 1786 2396 βασιλεὺς
1847 2319 1995 2376 δεινᾶ

334 2403 531 2474 ἐποίει,
581 2406 671 2461 καὶ
721 2407 810 2462 τὸν
871 2405 1011 2463 ἴδιον
1073 2411 1405 2486 προσερέτην
1466 2410 1563 2465 οὐκ
1619 2409 1752 2465 ἀνίει
1789 2415 1990 2480 ζητῶν.

332 2496 418 2565 [Ρ.
447 2498 574 2570 288]
607 2497 694 2560 Ὠς
729 2494 776 2552 δ’
809 2497 908 2554 ούκ
965 2497 1184 2556 ἐδίδουν
1241 2497 1392 2574 (οὔδε
1422 2499 1526 2576 γάρ
1555 2501 1673 2573 ἦν,)
1705 2499 1863 2565 εὐθὺς
1894 2502 1988 2554 θυ-

335 2713 563 2769 diutius
583 2714 914 2785 potuit.Alii
937 2732 1116 2788 super
1136 2715 1282 2772 alios
1305 2715 1486 2771 irrum
1499 2732 1606 2787 pen
1617 2719 1700 2772 tes
1718 2733 1996 2788 perrupe-_

335 2805 723 2859 runttandem
741 2804 968 2860 aditum
986 2824 1000 2872 ;
1017 2804 1466 2876 etpostlongam
1486 2810 1862 2877 atrocemque
1884 2825 1988 2878 pu-

338 2905 535 2963 gnam,
568 2891 920 2949 adhortante
960 2910 1099 2949 suos
1131 2910 1160 2948 e
1194 2894 1316 2949 loco
1342 2895 1658 2966 conspicuo
1709 2902 1989 2965 praesente

341 2977 712 3050 imperatore,
744 2987 910 3054 capta
939 2983 1179 3039 tandem
1213 2984 1482 3039 oneraria
1514 2985 1572 3038 in
1607 2984 1771 3040 urbis
1790 2984 1992 3041 navale

348 3067 600 3122 deducta
627 3075 733 3139 est,
765 3078 1020 3127 vectores
1049 3078 1244 3128 autem
1290 3074 1415 3144 ejus
1463 3073 1691 3129 meritis
1741 3076 1990 3145 subjecti

346 3157 760 3228 pcenis.Multis
791 3162 949 3216 enim
965 3179 1165 3218 eorum
1183 3163 1380 3219 effossi
1405 3168 1543 3219 sunt
1563 3164 1713 3219 oculi
1740 3166 1989 3222 sudibus

340 3245 486 3302 forte
508 3250 752 3319 repertis
776 3251 885 3305 sub
911 3251 1257 3308 miserorum
1277 3254 1988 3326 palpebrasinfixis,debi-
2019 3249 2062 3318 C
2105 3267 2257 3323 male
2289 3278 2626 3343 comparato

332 3337 414 3401 to,
453 3340 511 3390 ut
531 3338 1618 3415 exprobrabant,supplicio,despectui
1638 3345 1853 3401 habere
1874 3364 1989 3402 non

324 3424 532 3480 veritis
567 3432 895 3500 Augustam
931 3431 1586 3506 majestatem.Contigit
1616 3439 1672 3489 et
1702 3435 1986 3506 quiddam

327 3511 474 3568 alias
510 3514 645 3570 huic
684 3533 799 3572 non
851 3519 1147 3585 absimile,
1201 3521 1358 3577 unde
1407 3523 1601 3594 gravis
1656 3523 1716 3578 in
1751 3526 1985 3580 eosdem

325 3600 669 3661 Genuenses
700 3609 756 3662 et
778 3606 1000 3664 invidia
1024 3608 1330 3680 publicaet
1352 3611 1680 3683 indignatio
1701 3613 1987 3684 principis

329 3693 570 3748 exarsit.
623 3695 768 3752 Cum
822 3697 978 3752 enim
1032 3698 1271 3769 quidam
1324 3699 1590 3771 ipsorum
1627 3703 1986 3770 jactabunde

329 3781 656 3839 Proselonti
689 3785 974 3841 dixisset:
1005 3809 1026 3835 ιι
1068 3788 1282 3844 Iterum
1307 3806 1338 3842 a
1357 3790 1574 3844 nostris
1602 3790 1742 3845 urbs
1765 3791 1987 3846 obtine-

331 3871 551 3941 bitur,»
587 3873 903 3945 indignans
927 3875 1022 3931 ille
1053 3876 1287 3948 infregit
1309 3877 1619 3949 colaphum
1653 3883 1773 3934 tam
1798 3880 1986 3936 valide

330 3963 536 4016 Latino
567 3965 632 4017 ut
663 3963 814 4018 oculi
844 3963 896 4019 ei
930 3980 1106 4021 usum
1159 3967 1464 4034 ademerit,
1518 3986 1630 4023 non
1690 3968 1932 4041 impune
1967 3987 1978 4026 :

326 4064 467 4105 nam
484 4051 684 4107 statim
709 4068 1021 4123 percussor
1037 4053 1232 4126 gladio
1252 4057 1558 4111 confossus
1583 4056 1984 4123 interiit.Qua-

326 4138 466 4194 dam
495 4139 625 4210 ejus
677 4140 760 4196 rei
813 4142 967 4196 fama
1016 4159 1224 4215 sparsa
1272 4151 1604 4201 commotus
1663 4147 1984 4219 imperator

323 4227 480 4284 hanc
510 4233 667 4284 certo
709 4230 931 4286 factum
963 4232 1305 4303 explorandi
1339 4235 1625 4290 rationem
1657 4236 1980 4294 init.Suum

321 4317 488 4372 reddi
522 4319 634 4373 sibi
667 4320 950 4392 remigem
985 4339 1016 4377 a
1048 4321 1461 4380 Genuensibus
1485 4327 1692 4397 poscit,
1725 4328 1984 4397 graviter

318 4406 381 4462 id
425 4423 664 4480 urgens,
699 4413 755 4464 et
781 4408 840 4464 ni
872 4409 1089 4467 faciant
1121 4413 1372 4469 minans.
1404 4414 1476 4470 Ut
1518 4419 1714 4471 autem
1745 4417 1829 4472 illi
1864 4435 1980 4474 non

320 4496 645 4552 reddebant
693 4499 821 4569 (nec
871 4518 1012 4556 sane
1063 4507 1328 4570 poterant
1377 4521 1512 4559 eum
1565 4512 1979 4577 repraesentare

2111 1970 2566 2049 ὑπισχνούμενοι,
2612 1981 2743 2054 μηδ’
2793 1985 3071 2064 ἀναφυγήν
3132 1990 3263 2043 εἶναι
3297 1991 3449 2064 σφίσι
3480 1989 3626 2059 πλὴν
3658 1993 3757 2060 τὴν

2107 2059 2212 2114 ἀπὸ
2261 2069 2355 2116 τοῦ
2409 2067 2678 2140 βασιλέως
2735 2074 3090 2147 συμπάθειαν.
3152 2077 3310 2134 Οὕτω
3339 2079 3762 2145 ταπεινωθέντες

2104 2152 2182 2241 ’ξῷ
2215 2146 2370 2226 φόϐῳ
2402 2153 2614 2226 πλῆθος
2649 2146 2843 2233 ἄθρουν
2897 2167 3033 2227 πρὸς
3082 2166 3145 2221 τὸ
3196 2166 3556 2241 κελευόμενον
3587 2165 3757 2223 ἐνεδί-

2106 2234 2255 2308 δουν,
2288 2240 2378 2296 καὶ
2417 2244 2617 2318 πολλῷ
2649 2250 2863 2324 χρυσίῳ
2910 2234 3509 2329 προστιμηθέντεςτὴν
3543 2255 3761 2332 βασιλι-

2103 2326 2405 2426 κῆνβργὴν
2471 2335 2635 2402 μόλις
2689 2326 3190 2417 καταμαλάττουσι,
3245 2345 3446 2420 πολλῷ
3468 2326 3583 2417 siit;
3612 2350 3757 2426 σφῶν

2102 2415 2361 2513 κορύζης,
2428 2422 2639 2513 έκείνην
2716 2429 3128 2510 ἀνυσιμωτέραν
3175 2415 3597 2513 γγνωρίσοιντές·
3657 2415 3760 2494 Καὶ

2102 2508 2274 2561 ταῦτα
2309 2511 2404 2582 μὲν
2437 2512 2489 2567 ἐν
2511 2514 2752 2581 τούτοις.

2101 2721 2265 2781 bant.
2300 2729 2494 2804 Fregit
2523 2735 2643 2791 haac
2674 2739 2899 2810 species
2931 2745 3305 2811 quantumvis
3336 2747 3588 2803 audaces
3609 2748 3756 2804 alias

2102 2819 2354 2887 animos,
2401 2829 2459 2879 et
2496 2830 2797 2886 tumentes
2869 2831 3004 2889 licet
3047 2833 3210 2891 intus
3282 2836 3518 2904 innatas,
3567 2839 3756 2897 offen-

2101 2907 2266 2965 sione
2317 2929 2465 2969 nova
2514 2915 2755 2974 irritatae
2801 2922 3028 2977 ferocia
3079 2925 3426 2996 compressit
3477 2927 3748 2998 spiritus.

2102 2996 2244 3052 Cum
2271 3001 2428 3057 enim
2448 3006 2722 3062 sedatiori
2741 3014 2936 3066 mente
2958 3017 3296 3083 reputarent
3318 3031 3496 3086 quam
3512 2996 3576 3072 in
3605 3033 3754 3088 prae-

2102 3085 2266 3158 cipiti
2300 3106 2392 3144 res
2423 3109 2478 3148 er
2495 3111 2625 3150 rum
2662 3097 2942 3171 salusque
2979 3085 3453 3172 penderet,facile
3481 3085 3754 3162 vide-runt

2101 3192 2217 3231 non
2251 3195 2380 3234 esse
2413 3182 2468 3236 id
2503 3190 2734 3257 tempus
2778 3190 3264 3260 experiendarum
3314 3194 3552 3263 virium,
3606 3211 3754 3267 quas

2682 3278 3001 3336 certamine
3047 3282 3480 3352 succubituras,
3523 3283 3574 3340 si
3618 3300 3751 3340 cum

2099 3356 2472 3426 imperatoris
2501 3367 2764 3434 potentia
2812 3369 3345 3440 committerentur,
3380 3373 3540 3428 haud
3594 3378 3752 3430 esset

2099 3448 2368 3506 dubium.
2402 3457 2493 3508 Ira
2522 3471 2658 3527 ergo
2691 3459 2926 3529 propria
2957 3460 3015 3514 in
3072 3466 3360 3532 potestate
3407 3463 3632 3531 habita,
3676 3467 3749 3522 ad

2099 3536 2372 3606 alienam,
2407 3543 2562 3599 unde
2596 3551 3378 3615 metuerent,exarmandam
3404 3553 3749 3609 efﬁcacissi-

2099 3643 2260 3683 mum
2296 3631 2747 3691 delinimentum
2782 3638 3102 3696 adhibuere
3134 3641 3418 3713 supplicis
3440 3643 3750 3700 demissio-

2098 3716 2210 3785 nis,
2252 3718 2548 3792 siquidem
2594 3723 2808 3780 humili
2854 3728 3144 3798 provoluti
3191 3730 3396 3787 habitu
3451 3733 3520 3788 ad
3572 3733 3748 3804 pedes

2097 3806 2404 3878 principis,
2437 3815 2494 3866 et
2531 3813 2771 3870 funibus
2803 3816 2860 3871 in
2895 3835 3031 3875 suas
3063 3819 3174 3890 ipsi
3229 3821 3482 3877 cervices
3514 3822 3746 3893 injectis

2097 3901 2464 3968 apparentes,
2499 3901 2964 3960 misericordiam
3009 3906 3429 3978 implorabant,
3463 3910 3746 3967 obnoxios

2094 3999 2155 4072 se
2188 3983 2825 4061 ferentes,paratosque
2851 3993 2921 4048 ad
2945 3994 3178 4064 quidvis
3193 3997 3568 4054 subeundum
3591 4001 3742 4072 quod

2093 4070 2431 4128 decerneret
2464 4082 2786 4148 Augustus,
2821 4083 2992 4148 cujus
3025 4087 3313 4152 potestate
3344 4102 3407 4142 se
3436 4070 3742 4142 inferiores

2094 4164 2573 4230 agnoscerent'et
2623 4167 2921 4237 majestati
2971 4169 3357 4227 obsecuturos
3408 4173 3479 4227 ad
3531 4177 3744 4228 nutum

2093 4255 2294 4305 sancte
2326 4251 2759 4321 pollicerentur.
2793 4256 2986 4313 Unum
3019 4258 3132 4314 sibi
3163 4263 3355 4315 tutum
3391 4261 3449 4315 in
3491 4261 3744 4317 clemen-

2091 4336 2173 4390 tia
2205 4337 2329 4408 ejus
2364 4357 2395 4395 a
2424 4339 2590 4398 clade
2623 4343 2969 4402 imminente
3014 4347 3212 4404 videre
3263 4349 3596 4422 perfugium
3630 4367 3643 4405 :
3679 4349 3739 4406 in

2092 4424 2146 4480 id
2184 4444 2245 4481 se
2276 4430 2682 4503 confugere,ac
2715 4450 2785 4489 ne
2819 4435 2915 4491 illo
2948 4436 3338 4494 excludantur
3366 4439 3544 4495 etiam
3569 4445 3743 4509 atque

2090 4514 2264 4572 etiam
2299 4534 2482 4573 orare.
2519 4521 2610 4576 Sic
2642 4527 2797 4578 metu
2832 4523 2891 4579 in
2947 4526 3296 4583 modestiam
3329 4530 3574 4585 subacta
3603 4544 3740 4584 con-

324 4585 429 4657 qui
463 4603 758 4658 nusquam
779 4588 904 4688 jam
937 4591 1243 4663 esset),pro
1275 4591 1558 4649 convictis
1591 4595 1699 4688 hoc
1732 4595 1858 4666 ipso
1883 4615 1978 4669 pa-
2011 4617 2059 4682 D
2089 4605 2236 4661 ferta
2270 4608 2368 4663 illa
2400 4609 2564 4681 plebs
2587 4612 2969 4682 pertinaciam
2995 4616 3226 4674 remisit
3249 4618 3416 4688 prius
3438 4623 3738 4674 ostensam

319 4680 490 4732 tratae
522 4679 698 4735 caedis
730 4695 827 4735 eos
867 4680 1114 4748 habens,
1153 4699 1255 4738 nec
1288 4685 1594 4740 ferendum
1641 4687 1698 4741 id
1751 4688 1976 4745 facinus

319 4768 773 4836 ratus,Manueli
798 4769 1087 4825 Muzaloni
1113 4771 1310 4827 subito
1334 4772 1766 4844 imperat,4‘£6
1789 4782 1976 4833 exter-

324 4855 512 4911 minct
529 4856 658 4914 sine
681 4875 845 4916 mora.
866 4876 1054 4931 genus
1076 4861 1416 4916 universum
1442 4863 1976 4922 Genuensium.llle

321 4951 647 5014 momento,
683 4953 974 5018 quantum
1005 4955 1131 5005 erat
1162 4950 1221 5005 in
1253 4953 1417 5021 urbe,
1444 4957 1731 5024 quantum
1766 4955 1824 5010 in
1842 4957 1976 5011 sub-

320 5033 551 5092 urbana
580 5036 791 5094 vicinia
817 5038 1095 5106 militum,
1131 5040 1304 5110 cogit.
1340 5041 1627 5099 Adstabat
1660 5044 1812 5100 acies
1845 5046 1974 5102 visu

317 5123 449 5195 ipso
471 5126 962 5194 terribilis,minis
991 5136 1047 5183 et
1067 5129 1365 5199 procinctu
1394 5132 1666 5187 saeviendi
1694 5135 1973 5191 formido-

320 5211 504 5268 losior
535 5213 744 5284 multo,
779 5215 851 5272 iis
885 5215 1089 5288 utique
1121 5217 1339 5290 quibus
1372 5235 1630 5290 praesens
1683 5222 1974 5293 pernicies

315 5301 750 5360 intentabatur.
776 5306 1157 5363 Circumeunt
1183 5309 1473 5380 extemplo
1505 5317 1850 5368 cunctorum
1878 5315 1974 5370 do-

310 5407 466 5460 mos,
504 5392 794 5450 ferventes
826 5395 1050 5467 impetu
1087 5395 1352 5468 proximo
1385 5397 1496 5452 diri
1531 5400 1834 5457 adoriendi
1868 5419 1972 5459 ne-

306 5481 482 5553 gotii,
518 5482 586 5539 ad
621 5483 778 5556 quod
812 5489 1023 5542 nutum
1061 5487 1231 5544 modo
1256 5486 1628 5559 imperatoris
1659 5498 1966 5565 exspecta-

2089 4702 2356 4767 prompte
2391 4700 2542 4769 quod
2597 4703 2995 4759 mandabatur
3046 4721 3388 4776 exsequens.
3444 4707 3737 4762 Indictum

2087 4782 2244 4839 enim
2277 4785 2472 4840 multae
2506 4789 2743 4845 nomine
2775 4808 3059 4864 magnum
3084 4794 3211 4849 auri
3236 4797 3466 4866 pondus
3487 4795 3740 4851 exsolve-

2088 4878 2246 4936 runt.
2281 4873 2442 4931 lucro
2477 4895 2591 4932 non
2627 4895 2804 4949 parvo
2838 4881 3202 4954 imputantes
3251 4884 3341 4940 vel
3389 4885 3473 4940 sic
3505 4886 3736 4957 placare

2087 4965 2262 5033 atque
2293 4981 2324 5018 a
2356 4966 2608 5037 propriis
2659 4968 2950 5040 capitibus
3005 4972 3320 5042 quantovis
3367 4973 3734 5030 fortunarum

2086 5052 2297 5108 damno
2339 5061 2596 5112 avertere
2645 5060 2908 5129 potuisse
2959 5061 3336 5132 imperatoris
3381 5063 3552 5132 iram,
3605 5081 3734 5120 eam

2079 5141 2200 5211 jam
2234 5145 2467 5199 tandem
2503 5153 2884 5217 agnoscentes
2914 5151 3301 5208 efﬁcaciorem
3335 5153 3406 5208 ad
3439 5153 3740 5210 vindican-

2084 5231 2226 5286 dum
2260 5233 2452 5289 scelus
2477 5253 2656 5307 quam
2681 5243 2835 5294 esset
2857 5241 3117 5311 ipsorum
3143 5243 3213 5297 ad
3244 5243 3585 5300 audendum
3611 5260 3740 5315 per-

2083 5321 2556 5393 petrandumque
2589 5326 2846 5397 projecta
2895 5329 3219 5386 temeritas.
3255 5331 3325 5389 Et
3353 5331 3475 5388 haec
3497 5332 3736 5405 quidem

2085 5408 2172 5464 sic
2204 5425 2266 5464 se
2297 5408 2572 5468 habuere.
