4080 6386
329 423 435 479 883

1638 424 1940 481 GEORGII
1980 426 2447 486 PACHYMERB

3649 425 3771 481 884

1970 598 2114 698 Ω².

336 759 400 809 α’.
454 754 649 814 Ὅπως
704 752 792 832 καὶ
841 752 906 805 lt
962 750 1134 832 ποίῳ)
1182 752 1291 804 τῶν
1345 751 1533 832 aint-{iv
1586 750 1654 805 τὰ
1708 753 1845 806 κατά
1895 753 1986 807 τὸν
2021 761 2261 828 Αοντας
2313 756 2521 832 ἔλεγεν,
2581 758 2633 813 ἐν
2686 754 2846 831 δεινῷ
2905 754 2962 812 δὲ
3017 757 3325 830 ποιουμένη
3379 754 3470 810 καὶ
3524 756 3630 824 τὴν
3661 761 3777 823 τῆς

694 826 873 895 Αἷμον
905 822 994 875 καὶ
1024 820 1176 883 αὖθις
1218 826 1631 897 παρεκινοῦντο,

412 934 495 1004 [Ρ.
528 933 654 1004 292]
694 928 921 986 Βασιλεῖ
970 926 1027 983 ’ὀὶ
1077 930 1165 983 καὶ
1224 928 1375 990 αὖθις
1434 928 1737 1007 φροντίδων
1769 931 1900 1005 ἦρξε
1928 931 1995 985 τὰ

340 1022 477 1077 κατά
533 1020 625 1073 τὸν
684 1020 864 1091 Αἷμον
920 1018 1235 1090 κινούμενα.
1296 1017 1361 1071 Δί
1418 1020 1518 1094 γὰρ
1578 1021 1844 1073 συνθεσίαι
1898 1024 1994 1073 τοῦ

338 1106 747 1166 Κωνσταντίνου
795 1106 885 1161 καὶ
931 1106 1019 1161 ἐπὶ
1076 1111 1156 1179 τῷ
1211 1104 1367 1176 κήδει
1410 1106 1639 1162 σπονδαι
1670 1108 1994 1183 συνεχέοντο

335 1197 471 1271 ἤδη,
528 1204 629 1266 τῆς
687 1195 902 1271 Μαρίας
957 1196 1216 1265 κινούσης
1268 1196 1359 1249 τὸν
1422 1195 1591 1269 ἄνδρα
1621 1199 1758 1271 πρὸς
1790 1194 1992 1272 ἔχθραν

336 1285 416 1364 ἐφ’
447 1289 530 1348 οἷς
561 1286 650 1341 καὶ
691 1283 1251 1357 παιδοποιησαμὲνων
1302 1286 1394 1339 τὸν
1443 1285 1675 1360 Μιχαὴλ
1707 1286 1759 1342 ἐν
1802 1282 1997 1342 ἀναϐο-

333 1374 457 1439 λαῖς
480 1376 547 1429 τὰ
588 1376 711 1449 περὶ
771 1377 872 1443 τήν
937 1370 1316 1449 Μεσὲμϐρειαν
1379 1375 1538 1443 ἦσαν,
1587 1375 1677 1430 καὶ
1727 1374 1899 1445 δῆλος
1928 1377 1997 1445 ἦν

338 1465 593 1541 βασιλεὺς
641 1466 868 1527 ἐκείνοις
919 1464 1297 1539 πλαττόμενος
1344 1465 1595 1543 ἀφορμὰς
1648 1471 1742 1521 τοῦ
1794 1468 1869 1540 μὴ
1918 1463 1997 1521 δι-

338 1552 490 1610 δόναι
523 1557 556 1609 ἆ
585 1556 674 1610 καὶ
707 1556 945 1627 καθάπαξ
980 1553 1186 1609 διδόναι
1240 1555 1337 1609 οὐκ
1381 1556 1447 1623 ἦν
1504 1554 1829 1631 βουλομένῳ
1860 1556 1998 1611 ἐκεί-

339 1666 438 1717 νῳ.
474 1644 809 1721 Ἀνερῥίπιζε
863 1644 921 1699 δὲ
976 1644 1039 1699 τὸ
1100 1634 1258 1717 μῖσος
1314 1645 1405 1699 καὶ
1461 1648 1495 1714 ἡ
1554 1648 1690 1719 πρὸς
1733 1646 2000 1720 βασιλέως

340 1740 441 1803 τῆς
505 1735 712 1809 μητρὸς
772 1733 979 1804 ἐκείνης
1034 1732 1299 1807 Εὐλογίας
1360 1734 1678 1809 παρόρασις.
1712 1737 1783 1789 Τὸ
1841 1732 1886 1789 δ’
1920 1734 2000 1788 αἶ’-

339 1844 455 1877 τιον
490 1825 524 1891 ἢ
558 1824 681 1895 περὶ
738 1828 845 1877 τῶν
903 1822 1206 1899 γεγονότων
1265 1827 1334 1896 τῇ
1398 1822 1697 1895 Ἐκκλησία
1748 1822 1998 1902 διαφορὰ,

345 1912 420 1974 ὡς
480 1912 556 1973 εἰς
613 1911 811 1988 ἐχθρὰν
874 1911 1181 1985 λογίζεσθαι
1241 1916 1320 1983 τῷ
1373 1917 1659 1987 κρατοῦντι
1723 1914 1799 1985 μὴ
1851 1909 2000 1973 ὅπως

342 2002 510 2071 αὐτὴν
547 2000 884 2076 σχιζομένην
916 2008 1013 2070 τῆς
1066 2003 1204 2074 πρὸς
1262 2003 1361 2070 τήν
1427 2002 1753 2072 Ἐκκλησίαν
1804 2023 2003 2055 κοινω-

2104 848 2313 923 μητρὸς
2364 849 2501 923 πρὸς
2562 845 2831 923 βασιλέως
2894 846 3207 922 ἀπέχθειαν.
3270 847 3431 909 ’Ὁθεν
3484 844 3575 899 καὶ
3625 845 3778 918 πρὸς

2102 933 2189 989 ἴσα
2222 934 2471 991 δεικνῦσα
2498 938 2561 991 τὸ
2616 933 2785 1011 ’ἑχθος
2845 943 3093 1011 πειρᾶται
3154 936 3406 1011 πράττειν
3440 934 3531 989 καὶ
3565 939 3768 1006 μεῖζον

2101 1025 2135 1093 ἢ
2168 1026 2305 1080 κατὰ
2333 1032 2559 1100 γυναῖκα
2592 1045 2602 1058 ·
2659 1027 2754 1081 τὸν
2803 1026 2907 1101 γὰρ
2954 1027 3157 1102 Ἰωσὴφ
3209 1024 3301 1079 σὺν
3357 1022 3573 1094 ἄλλοις,
3605 1018 3668 1077 ὅν
3701 1020 3781 1091 δὴ

2100 1115 2191 1170 καὶ
2250 1116 2495 1191 Καθαρὸν
2555 1115 2865 1188 ὠνόμαζον,
2924 1114 3129 1187 πέμπει
3188 1114 3328 1189 πρὸς
3386 1112 3775 1183 Παλαιστίνην

2104 1206 2215 1278 ἅμα
2276 1207 2369 1278 μὲν
2427 1209 2508 1276 τῷ
2564 1212 2663 1275 τῆς
2715 1204 2916 1267 Αἱλίας
2966 1203 3282 1279 πατριάρχῃ
3331 1204 3397 1257 τὰ
3445 1202 3779 1278 πραχθὲντοι

2106 1292 2539 1371 ὃιασαφήσοντα,
2585 1293 2700 1367 ἅμα
2757 1292 2815 1349 δὲ
2873 1294 2963 1350 καὶ
3020 1294 3113 1349 τὸν
3174 1292 3407 1348 σουλτὰν
3438 1293 3576 1347 κατὰ
3608 1292 3780 1368 βασι-

2106 1380 2246 1447 λέως
2277 1384 2352 1447 ὡς
2381 1384 2497 1438 ἐνὸν
2545 1383 2734 1456 ἐκείνῳ
2786 1387 3251 1459 παρακινήσοντα,
3307 1382 3436 1436 ὥσθ’
3482 1384 3596 1455 ἅμα
3625 1380 3783 1435 ἐκεῖ·

2104 1495 2194 1527 νον
2247 1474 2341 1545 μὲν
2389 1469 2558 1542 ἔνθεν,
2620 1472 2967 1549 ΒουΛγοὶρους
3019 1471 3066 1527 δ’
3125 1471 3362 1535 ἐντεῦθεν
3412 1468 3787 1531 συνελθόντας

2104 1565 2203 1630 τήν
2238 1563 2426 1637 χώραν
2462 1567 2558 1617 τοῦ
2613 1562 2885 1637 βασιλέως
2942 1566 3143 1617 κακοῦν
3171 1583 3182 1594 ’
3241 1562 3376 1615 εἶναι
3430 1560 3535 1635 γὰρ
3566 1560 3661 1614 καὶ
3692 1564 3785 1631 τῷ

2107 1651 2243 1722 Θείῳ
2296 1652 2696 1726 ἀπηχθημένον
2755 1653 2845 1707 τὸν
2908 1650 3135 1726 βαςιλὲα
3183 1652 3257 1713 ὡς
3308 1645 3624 1722 παραϐάντα
3670 1650 3781 1716 τὴν

2106 1742 2243 1815 πρὸς
2278 1742 2477 1796 ἐκεῖνον
2540 1742 2851 1814 θρησκείαν,
2912 1740 3071 1796 οὐδὲν
3134 1738 3179 1795 δ’
3240 1739 3380 1796 ἀλλο
3426 1739 3652 1794 εἶναιτὸ
3684 1760 3783 1792 κι-

2106 1836 2230 1885 νοῦν
2264 1833 2393 1885 Θεὸν
2426 1831 2509 1886 ἐπ’
2543 1832 2863 1907 ἄνθρώπους
2924 1831 2959 1900 ἢ
3013 1832 3075 1885 τὸ
3135 1825 3447 1905 παραϐῆναι
3498 1834 3630 1906 σφᾶς
3661 1830 3772 1896 τὴν

2108 1920 2243 1991 πρὸς
2308 1920 2510 1974 ἐκεῖνον
2566 1920 2939 1993 νομιζομένην
3002 1917 3157 1990 δόξαν
3218 1920 3482 1995 ἀρχῆθεν,
3536 1921 3630 1989 Τῷ
3675 1918 3780 1989 μὲν

2111 2008 2201 2065 οῦν
2260 2011 2583 2085 πατριάρχῃ
2665 2011 2716 2063 οἱ
2790 2010 2937 2084 παρά
3010 2017 3109 2078 τῆς
3171 2009 3385 2082 Μαρίας
3439 2009 3787 2083 πεμφθέντες

340 2091 481 2161 νίας,
515 2090 662 2146 ἀλλά
692 2092 781 2145 καὶ
834 2087 1083 2151 πολλοὺς
1130 2094 1236 2144 τῶν
1290 2091 1638 2165 σχιζομένων
1682 2096 2005 2166 περιποιοῦ-
2037 2100 2279 2188 Βπιστᾶ
2311 2097 2492 2173 λέγειν
2544 2096 2792 2171 ἐδόκουν,
2852 2099 2942 2153 καὶ
2996 2100 3123 2174 παρ’
3183 2096 3371 2153 ἄλλων
3426 2098 3654 2170 μαθόντι
3706 2097 3783 2150 τὰ

342 2202 437 2235 σαν
498 2179 587 2234 καὶ
645 2178 1103 2251 περιθάλπουσαν.
1163 2181 1329 2242 Ταῦθ’
1402 2182 1437 2249 ἡ
1499 2180 1685 2255 Μαρία
1736 2192 2007 2244 πυνθανο-

350 2270 480 2344 μένη
539 2274 650 2323 τῶν
710 2265 982 2344 ὁσημέραι
1040 2273 1166 2345 παρ’
1223 2271 1389 2339 αὐτὴν
1466 2270 1780 2348 φοιτώντων
1853 2271 2009 2343 (ἦσαν

344 2359 447 2435 γὰρ
506 2357 597 2413 καὶ
652 2363 760 2414 τῶν
816 2364 1070 2434 μοναχῶν
1132 2360 1232 2415 οὐκ
1288 2361 1467 2435 ὀλίγοι
1519 2362 1619 2430 τήν
1672 2362 1748 2425 εἰς
1798 2360 2006 2432 ἐκείνην

347 2448 657 2520 στέρξαντες
706 2446 956 2522 ἱκετείαν)
1016 2445 1165 2503 δεινά
1223 2448 1453 2522 ἐμελέτα
1508 2452 1646 2505 κατὰ
1701 2455 1798 2504 τοῦ
1840 2450 2007 2523 θείου,

348 2540 620 2612 στυγοῦσα
653 2537 747 2610 μὲν
779 2536 870 2591 καὶ
917 2538 1018 2607 τήν
1073 2539 1287 2613 πρᾶξιν,
1350 2541 1425 2604 ὡς
1476 2540 1613 2613 πρὸς
1639 2538 1767 2601 τοὺς
1798 2539 2006 2595 ἱκετεύ-

2116 2188 2415 2261 γεγονότα·
2479 2189 2595 2242 ὃθεν
2653 2188 2743 2242 καὶ
2828 2190 2974 2263 παρὰ
3064 2189 3228 2261 μόνον
3312 2187 3376 2241 τὸ
3463 2185 3778 2261 μεγεθύνειν

2118 2279 2507 2346 προστιθέντας
2562 2279 2624 2332 τὸ
2682 2282 2907 2353 πρᾶγμα
2966 2275 3263 2347 ἀληθινοὺς
3321 2270 3575 2349 πρέσϐεις
3634 2275 3780 2348 εἶχεν

2120 2365 2341 2420 καὶούκ
2393 2365 2871 2443 ἐπολυπραγμόνει
2917 2368 3009 2421 τὸν
3057 2368 3365 2440 πέμψαντα.
3407 2364 3687 2419 Ἐπίστευε
3719 2360 3786 2417 δὲ

2118 2453 2247 2516 τοὺς
2306 2456 2430 2531 περὶ
2512 2458 2603 2511 τὸν
2686 2454 3104 2530 Ἀλεξανδρείας
3190 2455 3505 2512 Ἀθανάσιον
3563 2452 3655 2508 καὶ
3713 2473 3787 2527 γε

2120 2545 2212 2598 τὸν
2256 2545 2597 2621 Ἀντιοχείας
2654 2545 2933 2619 Εὐθύμιον
2986 2544 3159 2600 ἐκεῖνο
3216 2546 3471 2620 πράττειν
3500 2541 3530 2598 ὅ
3557 2542 3647 2597 καὶ
3684 2542 3791 2615 μό-

1977 2675 2130 2771 VI.

354 2820 407 2875 1.
445 2818 509 2876 ω
538 2821 591 2874 et
620 2818 816 2889 quibus
844 2816 911 2872 de
951 2817 1133 2872 causis
1163 2816 1234 2871 ad
1292 2819 1534 2889 montem
1582 2818 1828 2873 Hamum
1885 2823 2009 2873 tur-

913 2889 1036 2943 bari
1060 2904 1177 2960 pax
1205 2888 1450 2959 coeperit.

424 2999 576 3053 427
604 2996 1241 3068 Caterumimperatori
1264 3013 1547 3052 novarum
1572 2996 1807 3051 initium
1834 3014 2008 3053 cura-

357 3105 489 3144 rum
522 3086 848 3143 attulerunt
878 3102 970 3142 res
1002 3087 1156 3157 apud
1198 3086 1461 3141 Haemum
1494 3086 1707 3142 iterum
1739 3088 2006 3144 turbatae.

356 3183 506 3236 Nam
568 3176 983 3233 conventiones
1042 3176 1417 3233 Constantini
1484 3180 1542 3231 et
1606 3176 1706 3232 illa
1770 3176 2012 3245 fadera,

359 3266 610 3340 nuptiali
643 3271 944 3339 utcunque
994 3266 1431 3322 necessitudine
1464 3266 1840 3337 ﬁrmata,jam
1872 3284 2012 3322 con-

361 3357 778 3425 fundebantur,
827 3356 1013 3414 Maria
1060 3356 1249 3411 virum
1315 3356 1374 3409 in
1444 3355 1656 3411 hostile
1731 3358 2012 3411 adversus

2119 2822 2311 2879 sinere
2336 2823 2587 2880 inultam
2639 2839 2699 2879 se
2751 2841 2866 2879 non
2920 2840 3090 2895 posse
3138 2822 3291 2879 428
3343 2820 3710 2877 aversionem
3743 2838 3782 2876 a

2121 2918 2307 2968 matre
2340 2930 2448 2969 sua
2494 2930 2671 2985 quam
2726 2931 2842 2985 pra
2891 2930 2953 2969 se
3005 2913 3225 2969 ferebat
3277 2912 3645 2984 imperator;
3681 2912 3782 2966 cui

2120 3002 2363 3073 proinde
2389 3019 2586 3074 parem
2621 3003 2738 3057 odii
2763 3019 3101 3057 mensuram
3129 3002 3447 3073 rependere
3469 3016 3776 3071 aggressa,

2120 3090 2246 3161 plas
2280 3108 2489 3147 nocere
2523 3099 2730 3147 conata
2759 3097 3050 3163 estquam
3086 3089 3475 3146 verisimiliter
3500 3093 3783 3162 potuerat

2121 3196 2155 3235 a
2185 3180 2429 3235 muliere
2470 3180 2688 3247 timeri,
2738 3180 3032 3252 siquidem
3078 3180 3401 3251 Josephum
3453 3179 3775 3250 quemdam

2122 3274 2505 3337 COgnomento
2537 3269 2853 3325 Catharum
2894 3285 3029 3325 cum
3103 3268 3234 3323 aliis
3283 3269 3341 3322 in
3402 3267 3778 3322 Palastinam

2124 3358 2305 3427 misit,
2350 3358 2561 3430 partim
2615 3363 2680 3414 ut
2726 3359 2882 3414 IElia
2929 3357 3272 3430 patriarcha
3324 3356 3784 3412 manifestarent

363 3455 659 3507 Romanos
689 3450 889 3505 odium
924 3455 1191 3504 movente
1222 3464 1288 3504 eo
1329 3449 1646 3515 efficacius,
1682 3467 1796 3521 quo
1826 3450 2014 3522 pluris
2044 3461 2088 3530 α
2128 3465 2256 3519 qua
2285 3452 2413 3503 aeta
2446 3448 2697 3517 fuerant,
2730 3448 2945 3520 partim
2977 3452 3043 3501 ut
3074 3447 3253 3517 hujus
3285 3463 3483 3518 opera,
3518 3445 3785 3501 collabo-

367 3556 433 3595 ea
479 3554 611 3595 esse
660 3538 815 3610 apud
870 3538 1067 3607 ipsum
1119 3542 1369 3608 caperet
1417 3537 1573 3593 edito
1628 3537 1679 3592 ei
1740 3538 1881 3605 ﬁlio,
1915 3540 2015 3611 qui

371 3626 617 3682 Michael
647 3632 738 3681 est
767 3625 983 3695 dictus,
1020 3630 1288 3681 cessante
1327 3627 1564 3681 interim
1618 3626 2016 3699 imperialium

366 3716 796 3788 promissorum
838 3715 970 3770 ﬁde.
1022 3714 1166 3770 Nam
1219 3731 1351 3770 cum
1405 3718 1592 3787 pactis
1640 3717 2015 3788 sponsalibus

362 3803 685 3876 recepisset
712 3804 1037 3876 imperator
1067 3804 1496 3861 Mesembream
1537 3807 1919 3863 Constantino
1952 3824 2015 3863 se

362 3908 692 3961 cessurum,
725 3894 985 3948 nondum
1020 3910 1146 3949 eam
1170 3895 1523 3964 tradiderat;
1558 3900 1613 3951 et
1645 3897 1790 3951 satis
1832 3914 2012 3968 appa-

362 3984 530 4039 rebat
575 3981 963 4038 deliberatum
1034 4000 1162 4040 esse
1210 3984 1323 4055 ipsi
1380 3984 1543 4039 nullo
1604 4002 1863 4057 unquam
1897 3985 2012 4040 ﬁne

360 4072 728 4128 comminisci
763 4077 1071 4142 pratextus
1104 4089 1216 4128 non
1252 4074 1430 4129 dandi
1494 4075 1647 4144 quod
1711 4074 2007 4130 amitteret

356 4160 770 4218 invitissimus.
811 4161 1070 4233 Subjecit
1112 4162 1238 4233 jam
1290 4180 1392 4233 per
1441 4179 1501 4217 se
1545 4162 1773 4217 ardenti
1822 4162 2007 4219 offen-

358 4251 509 4307 sioni
556 4252 856 4307 ﬂammam
877 4267 1026 4306 nova
1075 4251 1295 4320 injuria
1346 4250 1625 4324 neglecta
1675 4257 2007 4325 spretaque

358 4342 429 4398 ab
477 4340 835 4414 imperatore
893 4341 1172 4413 Eulogia,
1226 4358 1353 4413 qua
1408 4346 1594 4397 mater
1641 4351 1761 4398 erat
1810 4342 2008 4398 uxoris

354 4431 745 4488 Constantini.
777 4430 971 4486 Causa
1000 4432 1156 4485 inter
1186 4445 1286 4485 eos
1327 4431 1560 4486 dissidii
1615 4432 1722 4487 fuit
1757 4432 2008 4504 Eulogia

354 4519 650 4576 declarata
681 4518 995 4592 propensio
1027 4520 1086 4574 in
1120 4536 1216 4575 eas
1248 4536 1373 4591 qua
1418 4521 1617 4577 minus
1668 4520 2006 4593 imperatori

353 4610 759 4682 probabantur
823 4607 1143 4663 factionum
1208 4608 1735 4667 ecclesiasticarum
1788 4616 2003 4682 partes,

353 4715 533 4772 quam
565 4697 663 4752 ille
705 4697 838 4752 odio
889 4698 1105 4753 sororis
1158 4698 1216 4751 in
1259 4715 1320 4753 se
1369 4700 1600 4756 cuidam
1651 4701 2004 4771 imputabat.

352 4791 505 4845 Sane
537 4790 817 4843 matrona
858 4785 1040 4857 hujus
1085 4787 1143 4842 in
1177 4804 1243 4843 ea
1294 4805 1353 4844 re
1404 4788 1487 4845 ita
1535 4790 1833 4846 eminebat
1882 4794 2007 4845 stu-

352 4879 540 4945 dium,
575 4883 786 4933 utnon
835 4881 1112 4932 contenta
1160 4894 1223 4933 se
1272 4878 1463 4949 ipsam
1511 4896 1544 4934 a
1592 4879 2005 4935 communione

355 4967 849 5023 consentientium
885 4965 1047 5021 fratri
1081 4969 1340 5040 Augusto
1362 4968 2006 5041 segregare,plerosque

356 5058 532 5113 etiam
563 5059 831 5112 auctores
865 5055 1305 5129 participesque
1327 5056 1669 5114 schismatis
1693 5057 2005 5114 conciliare

357 5145 709 5200 demerendo
740 5143 853 5199 sibi
879 5144 1187 5217 fovereque
1211 5147 1534 5217 patrocinio
1558 5146 1752 5218 palam
1774 5147 2004 5203 affecta-

356 5238 464 5289 ret.
499 5234 630 5289 Hac
660 5233 842 5289 Maria
874 5234 1235 5305 quotidianis
1264 5236 1511 5291 audiens
1544 5236 1770 5291 nuntiis
1802 5236 2006 5308 (cursi-

354 5325 564 5380 tabant
596 5322 752 5378 enim
784 5322 936 5378 inter
967 5329 1218 5379 matrem
1270 5324 1568 5396 ﬁliamque
1603 5325 2004 5381 nundinandis

352 5414 413 5469 in
447 5430 689 5469 causam
722 5412 1061 5467 schismatis
1087 5412 1432 5470 mulieribus
1468 5414 1765 5487 suffragiis
1799 5413 2007 5470 intenti

356 5503 632 5560 monachi
656 5519 769 5559 non
790 5502 983 5572 pauci)
1016 5503 1215 5571 gravia
1235 5502 1295 5557 in
1312 5505 1658 5559 avueculum
1682 5503 2006 5559 machinari

358 5610 494 5649 orsa
525 5592 829 5659 est,invita
860 5590 990 5660 ipsa
1011 5589 1250 5659 quidem
1290 5596 1347 5646 et
1377 5592 1699 5648 abhorrens
1732 5593 1805 5648 ab
1826 5592 2006 5664 impio

355 5681 416 5737 in
452 5682 705 5754 speciem
741 5680 909 5744 facto,
945 5682 1009 5731 ut
1044 5678 1237 5734 dicere
1269 5680 1493 5736 solebat
1550 5682 2007 5753 implorantibus

359 5772 489 5843 ejus
516 5789 683 5843 opem
718 5784 867 5840 quos
909 5766 1027 5822 dixi
1076 5770 1399 5839 monachis,
1455 5774 1650 5827 tamen
1696 5787 2007 5834 excusans.

2130 3540 2327 3589 rantes
2359 3534 2561 3589 eodem
2594 3539 2650 3589 et
2679 3534 2792 3606 ipsi
2825 3550 2928 3605 pro
2958 3533 3135 3601 virili,
3184 3532 3476 3588 sultanem
3524 3531 3642 3586 illic
3675 3532 3787 3586 do-

2125 3624 2448 3678 minantem
2498 3624 2554 3677 in
2599 3624 3009 3694 imperatorem
3061 3625 3457 3688 concitarent;
3510 3637 3627 3692 quo
3678 3620 3783 3675 illo

2122 3712 2278 3782 inde,
2315 3712 2583 3785 Bulgaria
2613 3729 2681 3768 ex
2713 3718 2878 3785 parte
2912 3712 3025 3768 alia
3063 3712 3553 3783 irrumpentibus,
3586 3710 3777 3781 impe-

2120 3802 2297 3857 ratori
2334 3804 2609 3873 subjecta
2660 3802 2970 3875 provincia
3014 3802 3257 3873 ancipiti
3309 3801 3587 3872 utrinque
3620 3799 3779 3855 malo

2117 3896 2484 3949 vexarentur.
2518 3892 2664 3947 Nam
2706 3908 2948 3947 exosum
2994 3908 3125 3947 esse
3151 3891 3355 3962 utique
3405 3890 3522 3945 Deo
3583 3889 3776 3960 impe-

2118 3986 2371 4037 ratorem
2404 3982 2478 4036 ob
2510 3998 2576 4036 ea
2606 3998 2732 4052 qua
2766 3987 2966 4037 contra
2988 3982 3139 4037 ritus
3162 3982 3384 4052 patrios
3408 3979 3464 4033 in
3490 3977 3778 4050 religione

2117 4070 2493 4126 immutasset
2525 4088 2538 4126 :
2573 4088 2689 4126 una
2721 4088 2781 4126 re
2803 4075 2997 4127 autem
3023 4069 3278 4125 maxime
3310 4068 3528 4125 moveri
3550 4073 3608 4123 et
3630 4084 3778 4123 con-

2118 4160 2281 4216 citari
2314 4161 2498 4216 Deum
2532 4161 2812 4217 adversus
2845 4161 3138 4229 homines,
3172 4160 3220 4216 si
3253 4176 3353 4215 eos
3404 4158 3599 4214 videat
3629 4158 3777 4214 olim

2115 4250 2344 4305 sancita
2372 4249 2781 4306 ecclesiastica
2804 4251 3080 4305 doctrina
3104 4250 3381 4321 dogmata
3409 4246 3775 4319 legitimum-

2117 4360 2229 4413 que
2263 4359 2432 4398 usum
2467 4358 2770 4398 sacrorum
2813 4359 3191 4414 corrumpere
3237 4342 3471 4397 intrusa
3513 4340 3777 4397 novitate

2114 4449 2232 4488 non
2262 4432 2468 4488 vereri.
2502 4433 2579 4487 Ac
2611 4432 2954 4504 patriarcha
2998 4433 3239 4503 quidem
3286 4430 3455 4486 missi
3505 4447 3538 4485 a
3588 4430 3777 4486 Maria

2113 4521 2280 4577 facile
2312 4527 2730 4593 persuaserunt
2762 4539 2888 4593 qua
2916 4525 3253 4592 narrarunt,
3287 4525 3487 4591 utpote
3519 4519 3774 4591 ipsijam

2114 4612 2186 4665 ab
2219 4610 2351 4666 aliis
2392 4611 2631 4681 audita;
2681 4612 2879 4683 itaque
2931 4628 3065 4667 cum
3107 4610 3166 4667 hi
3218 4610 3349 4665 novi
3398 4609 3770 4679 cognitarum

2114 4704 2283 4756 antea
2314 4716 2508 4756 rerum
2543 4700 2735 4756 nuntii
2760 4700 2907 4755 nihil
2932 4700 3045 4756 nisi
3069 4703 3486 4772 exaggerarent
3518 4698 3771 4770 indigni-

2116 4794 2297 4846 tatem
2325 4791 2480 4846 fama
2502 4792 2627 4861 jam
2663 4790 2979 4845 celebrium
3015 4793 3303 4860 actorum,
3350 4805 3453 4861 pro
3496 4788 3646 4844 veris
3668 4804 3772 4843 eos

2122 4884 2176 4936 et
2208 4881 2433 4936 sincere
2466 4880 2775 4953 agentibus
2827 4879 3035 4950 legatis
3084 4879 3312 4946 habuit,
3367 4876 3515 4933 nihil
3538 4876 3775 4933 curiose

2120 4970 2410 5041 indagans
2443 4969 2598 5025 circa
2648 4972 2903 5024 mentem
2938 4969 3067 5039 ejus
3118 4985 3153 5024 a
3199 4984 3311 5037 quo
3358 4967 3771 5031 mittebantur,

2120 5064 2221 5114 aut
2252 5058 2670 5131 inquirendum
2706 5058 3034 5129 suspiciose
3081 5058 3304 5113 ducens
3337 5056 3407 5111 de
3448 5060 3567 5111 toto
3600 5055 3775 5110 istius

2118 5148 2427 5221 legationis
2459 5147 2942 5219 consilio,ecquid
2978 5145 3176 5203 arcani
3208 5145 3514 5219 quidpiam
3540 5144 3775 5200 artiﬁcii

2120 5243 2179 5293 et
2230 5237 2597 5309 politicarum
2650 5238 3087 5307 privatarumve
3138 5236 3437 5290 rationum
3509 5232 3776 5305 specioso

2122 5325 2225 5381 zeli
2279 5343 2381 5397 pro
2434 5326 2716 5397 religione
2776 5325 3018 5381 obtentu
3071 5326 3309 5380 celaret.
3365 5324 3569 5395 Itaque
3611 5327 3777 5379 tanto

2123 5417 2318 5471 studio
2353 5416 2408 5470 in
2445 5415 2741 5487 negotium
2772 5414 3064 5481 incubuit,
3099 5418 3162 5469 ut
3200 5413 3287 5469 vel
3327 5414 3376 5468 si
3410 5413 3778 5484 contingeret

2120 5504 2583 5560 Alexandrinum
2608 5504 2998 5559 Athanasium
3022 5509 3078 5558 et
3097 5502 3528 5559 Antiochenum
3550 5501 3775 5571 Euthy—

2121 5594 2305 5649 mium
2342 5593 2675 5665 imperatori
2718 5592 3017 5659 assentiri,
3064 5593 3434 5665 profiteretur
3484 5592 3673 5649 solum
3709 5608 3775 5648 se

2120 5699 2235 5737 non
2270 5683 2680 5737 dubitaturum
2713 5682 3328 5739 obsistere.Sultanem
3350 5681 3503 5753 quod
3538 5681 3774 5749 attinet,

2118 5770 2693 5843 inexspectatissima
2740 5770 2864 5827 hac
2912 5770 2964 5828 ei
3008 5771 3221 5828 accidit
3266 5768 3501 5844 legatio,
3552 5769 3775 5843 quippe
