4080 6410
372 417 487 471 885

1442 421 1541 473 DE
1577 417 1956 475 MICHAELE
1994 417 2441 473 PALEOLOGO
2475 417 2614 471 LIB.
2655 416 2751 469 VI.

3694 408 3805 464 886

367 561 460 604 νος
489 541 713 612 ἠξιοῦτο
775 542 859 615 [Ρ.
892 543 1019 616 293]
1051 546 1249 600 ποιεῖν.
1281 545 1373 616 Τῷ
1403 541 1460 598 δέ
1506 565 1566 618 γε
1615 539 1846 598 σουλτᾶν
1900 541 2027 616 παρ’
2057 543 2113 611 Α
2143 537 2432 615 λεσμένοις
2490 541 2710 601 ἐπιστὰς
2764 533 2942 614 ἔκρινε
2997 533 3105 592 δεῖν
3165 538 3490 612 ἡσυχάζειν,
3549 537 3646 590 τοῦ
3707 533 3801 606 μὶν

369 629 638 703 ἐλπισμὸν
699 629 766 699 ἦν
827 632 999 686 πάντα
1054 634 1089 701 ἡ
1164 630 1375 687 ἐκείνων
1435 627 1693 705 πρεσϐεία
1755 634 1828 694 ὡς
1893 627 2033 704 μηδέ

369 720 488 775 ποτ’
549 718 752 775 ἄλλοτε
798 722 1062 794 γενομένη
1113 727 1226 784 τοῖς
1269 723 1373 798 πρὸ
1417 724 1585 777 αὐτοῦ
1617 728 1715 792 τῆς
1747 721 2028 795 Αἰγύπτου

369 811 623 885 ἄρχουσι·
677 808 900 883 προσέτι
946 809 1002 866 δὲ
1059 812 1148 866 καὶ
1198 813 1258 866 τὸ
1314 807 1467 873 ἔθνος
1523 816 1630 866 τῶν
1694 808 2028 886 Βουλγοίρων

371 901 446 971 μή
503 899 792 977 περιφανὲς
824 900 880 953 δν
917 898 1172 955 ὥστεκαὶ
1233 899 1309 965 είς
1364 903 1542 976 ἀρχὴν
1608 900 1915 976 ἀνάγεσθαι,
1973 898 2026 954 ἐν

370 989 651 1050 ὑπονοίαις
709 991 808 1058 την
858 985 1147 1062 πρεσϐείαν
1198 989 1391 1057 ἐποίει,
1446 992 1536 1044 καὶ
1586 989 1834 1066 σιγηλῶς
1895 989 2028 1044 ἀπέ-

367 1099 574 1150 πεμπε.
633 1079 710 1134 Τὸ
772 1079 950 1151 μέντοι
1001 1101 1060 1153 γε
1091 1077 1283 1134 δοκοῦν
1326 1085 1405 1152 τῷ
1451 1086 1550 1150 τῆς
1585 1079 1784 1141 Λίλίας
1834 1099 2027 1153 πατρι-

370 1167 680 1243 αρχεύοντι.
733 1167 1020 1243 Γρηγορίῳ
1063 1171 1152 1223 καὶ
1202 1167 1320 1223 λίαν
1368 1169 1633 1239 ἀληθινὸν
1675 1170 1764 1237 ἦν.
1815 1169 1876 1224 Ὁ
1925 1169 2027 1242 γὰρ

369 1257 709 1332 Ἀντιοχείας
784 1256 873 1310 καὶ
951 1256 1378 1332 προεπεδήμησε
1448 1257 1515 1332 τῇ
1592 1264 2029 1326 Κωνσταντινου,

370 1343 584 1422 ῥυσθεὶς
641 1349 750 1400 τῶν
799 1350 896 1400 τοῦ
951 1346 1120 1422 ῥηγὸς
1167 1346 1459 1422 Ἀρμενίας
1509 1350 1732 1422 χειρῶν.
1791 1349 2029 1408 Ἐκεῖνος

365 1434 465 1511 γὰρ
515 1429 678 1510 ἔχθος
707 1440 788 1507 τῷ
818 1435 1130 1511 πατριάρχῃ
1182 1441 1365 1509 τηρῶν
1417 1435 1506 1490 καὶ
1556 1435 1728 1490 θέλων
1781 1432 2025 1488 ἐκποδὼν

365 1527 616 1591 ποιῆσαι,
671 1524 785 1578 ἐπεὶ
847 1524 945 1578 ἀνά
1004 1529 1191 1600 χεῖρας
1243 1525 1359 1601 εἶχε
1407 1526 1498 1580 τὸν
1547 1522 1735 1600 ἄνδρα,
1771 1521 2022 1578 ἐκδίδωσι

361 1618 478 1675 τοῖς
510 1613 798 1684 ἀπάξουσιν
898 1610 963 1681 δὴ
999 1613 1089 1666 καὶ
1122 1610 1430 1667 ἀπολλύναι
1487 1611 1545 1666 ἐκ
1590 1615 1687 1666 τοῦ
1733 1617 2030 1686 παραχρῆ-

368 1722 442 1773 μα
473 1695 733 1773 ξυμϐαίη.
779 1703 874 1755 Καὶ
913 1703 963 1756 οἱ
1010 1697 1272 1763 λαϐόντες
1324 1700 1588 1779 ἀμφιάλῳ
1640 1700 2021 1756 κατεπίστευον

365 1791 558 1864 πέτρᾳ,
617 1789 810 1864 ἐρήμῳ
863 1788 1003 1865 ὀὔσῃ
1049 1790 1136 1844 καὶ
1187 1791 1536 1866 ἀπανθρώπῳ
1592 1791 1658 1844 τὰ
1717 1791 1792 1853 εἰς
1850 1790 2025 1863 παρά-

2143 629 2449 705 συμπρᾶξαι
2481 627 2764 690 παντελῶς
2823 625 3065 702 ἀπέχων,
3123 625 3186 682 τὸ
3241 623 3287 680 δ’
3345 625 3612 681 ἀνακινεῖν
3673 624 3801 677 καθα

2142 724 2345 776 εστῶτα
2373 719 2684 796 ἡγούμενος
2718 717 2839 774 tim.
2848 739 2963 793 ρον.

2147 884 2207 955 β’.
2283 884 2474 946 ’Όπως
2539 885 2574 952 ἡ
2652 879 2834 958 Μαρία
2854 876 3298 1016 Θὶίιαέτεσοφίσατο
3373 877 3466 931 τὸν
3542 873 3806 950 Σφεντίσ-

2926 973 2958 1007 α
3000 972 3080 1007 ον.

2926 972 3056 1007 αοον
3067 995 3080 1007 .

2212 1079 2292 1152 [Ρ.
2329 1080 2548 1150 294]Ἣ
2612 1080 2797 1152 μέντοι
2856 1097 2919 1153 γε
2975 1073 3160 1150 Μαρία
3213 1072 3450 1149 Μιχαὴλ
3479 1073 3573 1128 τὸν
3628 1069 3800 1128 παῖδα

2139 1167 2228 1222 καὶ
2307 1169 2454 1244 παρά
2519 1169 2618 1238 την
2671 1165 2892 1237 ἡλικίαν
2948 1165 3183 1238 στέψασα
3249 1162 3553 1239 βασιλικῶς
3613 1159 3803 1241 ἔτρεφε

2136 1257 2224 1310 καὶ
2289 1257 2473 1331 ἀνῆγε,
2533 1259 2632 1327 τήν
2693 1255 2964 1336 εὐφημίαν
3037 1255 3173 1330 μετὰ
3230 1254 3466 1329 πατέρας
3510 1257 3592 1326 τῷ
3644 1250 3802 1308 παιδὶ

2137 1347 2473 1422 παρέχουσα.
2532 1347 2818 1411 ’Υπόπτως
2869 1344 2926 1402 δὲ
2954 1351 3032 1414 τῷ
3067 1338 3494 1423 Σφεντισθλάὸῳ
3532 1340 3622 1396 καὶ
3679 1338 3802 1397 λίαν

2137 1431 2361 1510 ἔχουσα,
2396 1434 2633 1511 δεσπότῃ
2667 1457 2730 1512 γε
2761 1432 2898 1504 ὄντι,
2935 1436 3278 1489 ὑποποιεῖται
3311 1430 3368 1488 δὲ
3407 1429 3612 1493 δολίως
3657 1429 3806 1485 ἐκεῖ·

2133 1547 2220 1579 νον
2255 1545 2269 1558 ⁸
2357 1525 2422 1581 τὰ
2475 1530 2572 1582 τοῦ
2630 1525 3046 1582 Κωνσταντίνου
3129 1523 3368 1584 ἀσθενῶς
3425 1519 3652 1597 ἔχοντος
3700 1519 3801 1595 γὰρ

2136 1614 2306 1669 ἐποίει
2363 1620 2590 1670 τοιαῦτα
2627 1615 3039 1684 κατασκευάζειν
3072 1612 3196 1687 περὶ
3247 1615 3328 1683 τῷ
3372 1607 3527 1665 παιδὶ
3577 1606 3800 1663 δειλιῶ-

2137 1726 2268 1760 σαν.
2327 1705 2593 1779 Πέμψασα
2645 1709 2820 1781 γοῦν,
2877 1703 3064 1780 ὅρκοις
3128 1703 3204 1775 μή
3266 1693 3654 1755 ἐπιϐουλεῦσαί
3722 1699 3796 1768 οἵ,

2134 1795 2306 1849 πείθει
2366 1793 2760 1871 παραγενέσθαι
2816 1794 2906 1849 τὸν
2975 1783 3411 1872 Σφεντίσθλαϐον
3445 1788 3574 1863 παρ’
3602 1785 3794 1856 αὖτήν.

365 1879 584 1949 κλησιν.
645 1879 804 1935 Ἀλλ’
855 1879 1063 1943 ἐκεῖνος
1121 1879 1354 1955 ῥυσθεὶς,
1411 1881 1484 1942 ὡς
1542 1875 1717 1954 ἔλεγε,
1777 1885 1898 1941 ταῖς
1927 1882 2023 1933 τοῦ
2057 1884 2188 1975 ΒὉ
2247 1881 2305 1937 δὲ
2356 1889 2471 1945 τοῖς
2529 1885 2714 1960 ὅρκοις
2773 1883 3048 1961 θαρρήσας
3109 1882 3186 1943 εἷς
3235 1873 3512 1956 Τέρνοϐον
3535 1878 3658 1947 ἧκε,
3707 1876 3799 1931 καὶ

367 1970 784 2045 θαυματουργοῦ
844 1969 1126 2026 Νικολάου
1172 1969 1530 2036 ἐπιστασίαις,
1591 1969 1808 2045 βασιλεῖ
1854 1989 2018 2042 προσ-

371 2059 557 2134 τρέχει
613 2059 908 2134 καταχθεὶς
964 2059 1043 2121 εἷς
1100 2059 1285 2116 πόλιν.
1347 2061 1408 2116 Ὁ
1441 2057 1495 2113 δέ
1527 2079 1590 2133 γε
1617 2055 2025 2130 Ἀλεξανδρείας

370 2149 459 2203 καὶ
518 2147 680 2212 αὐτὸς
736 2148 959 2223 ὕστερος
1017 2152 1123 2204 τῶν
1184 2145 1540 2224 πραχθέντων
1588 2147 1848 2224 γεγονὼς,
1899 2148 2028 2201 ἀνα-

371 2235 520 2292 λύειν
585 2239 678 2311 μὲν
730 2239 832 2293 οὐκ
881 2239 994 2314 εἶχε
1040 2239 1102 2292 τὸ
1145 2239 1394 2314 γεγονὸς,
1446 2239 1598 2310 ὅμως
1633 2234 1678 2290 δ’
1729 2237 2024 2311 εἶρήνευεν,

368 2323 624 2399 ἐμποδὼν
686 2324 831 2401 ἔχων
890 2327 990 2395 τὴν
1041 2327 1294 2399 ξενιτείαν
1350 2331 1447 2381 τοῦ
1503 2331 1673 2382 ταῦτα
1706 2329 1909 2395 ζητεῖν.
1944 2326 2025 2382 Οὐ

369 2414 472 2490 γὰρ
499 2414 881 2490 προσκέκλητο
907 2414 993 2470 ἐπὶ
1036 2417 1234 2490 τούτῳ,
1285 2413 1416 2470 ἀλλ’
1460 2415 1621 2478 αυτὸς
1673 2415 1810 2470 κατά
1857 2435 2028 2490 παρα-

371 2504 565 2577 μυθίαν
599 2503 672 2559 ὧν
705 2504 940 2580 ἔπασχεν
981 2502 1246 2582 λυπηρῶν
1303 2505 1354 2560 ἐν
1413 2510 1532 2567 τοῖς
1587 2505 1765 2566 ἀθέοις
1824 2502 2024 2580 διάγων

364 2593 438 2656 ὡς
477 2594 564 2650 ἐπὶ
620 2593 824 2668 λιμένα
869 2596 960 2650 τὸν
999 2593 1228 2672 βασιλέα
1277 2595 1592 2672 κατέφευγε,
1644 2594 1734 2649 καὶ
1784 2593 2025 2648 ἐπιτετε-

373 2815 605 2888 qualem
637 2815 860 2871 nullam
881 2833 1142 2888 unquam
1165 2818 1341 2872 fando
1363 2820 1518 2872 esset
1539 2816 1808 2872 auditum
1827 2817 2026 2871 deces-

377 2922 538 2960 sores
569 2920 703 2960 suos
733 2905 959 2978 Egypti
997 2907 1290 2978 principes
1323 2907 1640 2979 accepisse.
1691 2905 2032 2961 Oil'endebat

382 2994 557 3048 etiam
590 2994 917 3049 obscuritas
951 2995 1260 3066 Bulgarica}
1284 2998 1473 3068 gentis
1504 3012 1712 3067 parum
1747 2995 2030 3050 hactenus

387 3081 631 3136 celebris
688 3083 838 3139 429
873 3101 976 3139 nec
1013 3083 1260 3140 multum
1294 3102 1467 3156 posse
1493 3085 1812 3156 judicatae;
1848 3100 2029 3155 quare

384 3171 455 3227 ab
497 3171 622 3241 ipso
680 3177 800 3228 tota
831 3190 922 3229 res
945 3191 1046 3245 pro
1071 3180 1348 3246 suspecta
1379 3179 1714 3246 contempta
1743 3174 2031 3246 est,lega-

378 3259 537 3330 tique
568 3259 802 3317 silentio
833 3263 1086 3345 dimissi.
1113 3263 1394 3319 Caeterum
1443 3265 1599 3319 Eliae
1643 3263 2029 3336 patriarcham

377 3365 487 3405 sua
514 3350 757 3406 minime
806 3351 1011 3408 fefellit
1059 3353 1255 3424 Opinio
1305 3354 1676 3426 Gregorium,
1711 3355 1769 3408 in
1799 3354 1870 3408 iis
1902 3371 2029 3424 qua:

375 3439 447 3494 de
506 3439 638 3495 aliis
695 3441 926 3497 duobus
983 3443 1336 3513 patriarcbis
1401 3448 1830 3499 autumaverat.
1885 3443 2031 3498 Nam

376 3528 782 3585 Antiochenus
813 3530 1053 3602 quidem
1094 3533 1220 3603 jam
1271 3537 1399 3588 tum
1459 3532 2030 3604 Constantinopolim

375 3617 710 3687 advenerat,
758 3620 1042 3676 liberatus
1092 3638 1122 3676 e
1177 3623 1453 3677 manibus
1509 3621 1664 3693 regis
1717 3621 2030 3676 Armenia.

379 3706 483 3761 Hic
513 3705 670 3761 enim
704 3723 802 3762 rex
833 3709 885 3763 ei
918 3709 1260 3780 patriarchae
1304 3710 1594 3775 infensus,
1654 3715 1710 3765 et
1765 3725 2034 3765 amovere

381 3795 451 3849 de
483 3795 677 3850 medio
711 3796 908 3864 ipsum
941 3797 1209 3870 cupiens,
1245 3800 1393 3853 forte
1417 3799 1770 3853 incidentem
1802 3799 1858 3853 in
1893 3814 2033 3853 suas

382 3900 598 3940 manus
631 3887 951 3942 tradiderat
969 3885 1496 3943 certishominibus
1529 3888 1931 3943 abducendum
1967 3903 2033 3942 eo

383 3973 482 4027 ubi
514 3974 706 4044 perire
734 3973 904 4030 illum
943 3975 1100 4031 brevi
1144 3993 1380 4032 necesse
1437 3981 1606 4033 esset.
1667 3977 1734 4031 Et
1789 3975 1876 4030 illi
1936 3993 2035 4032 ac-

381 4066 614 4134 ceptum
648 4064 778 4135 rupi
840 4065 1080 4120 desertae
1113 4067 1261 4120 mari
1312 4067 1674 4122 circumﬂua-3
1721 4067 2032 4122 commise-

380 4155 515 4206 rant
557 4151 642 4205 ‘ad
692 4155 915 4208 certum
969 4155 1235 4223 exitium,
1296 4156 1454 4212 omni
1515 4156 1734 4228 quippe
1791 4154 2037 4226 humani

381 4240 632 4295 subsidii
663 4243 1117 4315 commerciique
1149 4244 1444 4300 destitutae
1491 4245 1785 4300 facultate.
1817 4245 2035 4300 Verum

378 4327 476 4384 ille
506 4328 788 4386 liberatus
819 4332 976 4399 inde,
1011 4338 1075 4388 ut
1106 4333 1317 4406 aiebat,
1353 4335 1572 4390 caelesti
1617 4334 1832 4390 auxilio
1862 4334 2032 4389 thau-

381 4419 633 4490 maturgi
683 4419 924 4490 Nicolai,
957 4423 1027 4476 ad
1081 4422 1498 4494 imperatorem
1555 4423 1833 4494 confugit,
1889 4424 2035 4478 Con-

380 4507 827 4580 stantinOpolim
863 4527 924 4566 se
979 4513 1302 4568 conferens.
1348 4512 1782 4569 Alexandrinus
1814 4518 2034 4581 autem,

380 4601 515 4668 post
542 4598 620 4653 ita
655 4615 782 4670 quas
810 4600 881 4655 de
940 4601 1224 4671 religione
1280 4618 1469 4673 nuper
1519 4603 1744 4658 sancita
1794 4603 2036 4674 quidam

2136 1969 2246 2043 ἤδη
2279 1969 2640 2048 παρηϐηκότα
2689 1975 3050 2036 υἱοποιεῖσθαι
3083 1971 3262 2042 ἠξίου.
3315 1971 3414 2023 Καὶ
3461 1965 3528 2036 δὴ
3579 1966 3660 2022 ἐπ’
3711 1964 3800 2020 ἐκ·

2138 2060 2370 2129 κλησίας
2421 2065 2730 2138 περιφανῶς
2786 2065 2855 2135 τῇ
2916 2059 3098 2136 Μαρίᾳ
3154 2057 3359 2119 ἐκεῖνος
3415 2051 3798 2125 υἱοπεποίητο·

2141 2150 2274 2220 μετά
2303 2149 2406 2225 γὰρ
2437 2149 2532 2212 τὰς
2581 2155 2678 2205 τοῦ
2737 2151 2926 2223 ἱερέως
2978 2147 3240 2218 ἐντεύξεις
3290 2143 3382 2201 καὶ
3439 2142 3508 2198 τὰ
3561 2141 3646 2197 ἐπ’
3701 2140 3800 2196 αὐ-

2133 2243 2252 2300 ταῖς
2303 2243 2474 2316 φῶτα,
2509 2238 2814 2314 διασχοῦσα
2851 2239 2944 2294 τὸν
2997 2235 3290 2306 ἐπενδύτην
3341 2231 3508 2311 ἄμφω
3557 2229 3796 2306 Μιχαὴλ

2135 2327 2224 2382 καὶ
2275 2324 2708 2406 Σφεντίσθλαϐον
2766 2329 2892 2404 παρ’
2951 2327 3178 2402 ἑκάτερα
3229 2327 3337 2380 τῶν
3400 2322 3569 2391 αὐτῆς
3625 2321 3795 2396 ἀγκαο

2137 2415 2248 2471 λῶν
2307 2417 2491 2486 ἐτίθει,
2545 2418 2636 2473 καὶ
2695 2421 2986 2481 συνθεσιῶν
3022 2417 3332 2493 γενομένων
3383 2408 3650 2467 ἀπελύετο
3711 2409 3795 2463 ἐπ’

2138 2503 2296 2559 οἷ’κου
2355 2507 2470 2567 υίὸς
2521 2507 2866 2579 κεκλημένος
2893 2512 2994 2576 τῆς
3050 2508 3159 2560 τῶν
3215 2499 3550 2576 Βουλγάρων
3581 2495 3795 2553 δεσποί-

2137 2613 2232 2664 νης
2295 2596 2431 2668 μετά
2485 2595 2723 2670 Μιχαὴλ
2781 2596 2810 2649 ὁ
2861 2587 3339 2672 Σφεντίσθλαϐος.
3390 2585 3562 2647 Οἰςπω
3619 2585 3796 2648 πολὺς

2141 2816 2444 2873 abstinens
2479 2822 2672 2874 tamen
2705 2818 2926 2874 diserta
2953 2815 3430 2888 comprobatione
3464 2814 3587 2885 jam
3643 2815 3797 2869 aeto-

2141 2923 2296 2975 rum,
2340 2923 2546 2962 verum
2603 2907 2676 2964 iis
2734 2908 3291 2981 quomodocumque
3343 2902 3522 2960 semel
3557 2901 3796 2959 statutis

2141 2996 2621 3067 intempestivum
2657 3013 2814 3052 nunc
2837 2997 3078 3070 quidem
3125 2993 3473 3051 existimans
3505 3007 3538 3048 a
3567 3006 3630 3047 se
3658 3006 3796 3046 con-

2142 3088 2488 3142 troversiam
2523 3088 2764 3142 moveri.

2343 3231 2398 3286 2.
2435 3233 2498 3288 Ut
2523 3235 2714 3287 Maria
2743 3230 3258 3303 Sphentisthlabum
3288 3228 3586 3299 deceperit.

2218 3356 2458 3412 Interim
2488 3356 2671 3413 Maria
2703 3356 3048 3413 Michaelem
3081 3354 3266 3410 ﬁlium
3288 3355 3455 3409 aetate
3475 3351 3798 3406 immatura

2140 3445 2405 3501 coronari
2428 3446 2956 3518 curavit,regieque
2984 3445 3122 3500 inde
3153 3443 3344 3500 alebat
3365 3441 3796 3511 educabatque,

2141 3536 2200 3590 in
2250 3535 2774 3592 acclamationibus
2807 3534 3060 3608 publicis
3101 3534 3294 3590 locum
3347 3532 3502 3587 430
3558 3529 3610 3586 ei
3665 3530 3798 3601 post

2143 3630 2412 3695 parentes
2445 3626 2734 3681 tribuens.
2769 3625 2878 3681 Sed
2912 3624 3002 3680 bis
3028 3623 3192 3678 illam
3223 3623 3509 3677 intentam
3557 3621 3795 3675 contur-

2140 3713 2320 3770 babat
2353 3732 2384 3768 a
2408 3714 2892 3786 Sphentisthlabo
2924 3713 3168 3770 molesta
3198 3709 3578 3782 suspicio,jus
3599 3707 3801 3778 utique

2144 3819 2259 3856 non
2283 3803 2664 3858 inverisimile
2689 3805 2760 3858 ad
2803 3803 3092 3875 Bulgaria:
3121 3801 3516 3874 principatum
3532 3796 3798 3866 babenti,

2142 3907 2246 3945 nec
2277 3893 2703 3948 contemnenda
2735 3891 2804 3947 ad
2834 3892 2890 3946 id
2923 3892 3210 3948 tuendum
3238 3888 3502 3962 potentia
3525 3885 3798 3956 subnixo,

2143 3982 2358 4052 qniPPe
2389 3980 2488 4052 qui
2523 3982 2767 4053 despota
2791 3982 2916 4050 jam
2950 3986 3126 4048 esset;
3159 3995 3341 4051 quare
3364 3977 3654 4050 optimum
3682 3992 3795 4047 pu-

2141 4068 2283 4124 tavit
2314 4068 2464 4124 dolis
2495 4069 2658 4125 illum
2681 4069 2952 4142 aggredi,
2970 4073 3254 4141 praatextu
3279 4066 3502 4122 fraudis
3533 4065 3796 4120 indidem

2144 4163 2380 4229 sumpto
2414 4159 2568 4214 unde
2600 4176 2779 4214 causa
2810 4159 2922 4230 ipsi
2956 4175 3056 4231 pro
3090 4173 3269 4229 puero
3325 4153 3576 4210 timendi
3609 4154 3801 4224 major

2142 4252 2287 4314 erat,
2317 4264 2346 4302 e
2372 4249 2572 4304 morbo
2605 4248 2876 4304 videlicet
2898 4247 3052 4320 regis
3082 4253 3136 4302 et
3164 4245 3270 4300 viri
3304 4243 3396 4299 sui
3424 4241 3795 4298 Constantini

2145 4337 2270 4392 sine
2305 4353 2406 4409 spe
2438 4337 2862 4394 decumbentis.
2895 4336 3078 4392 Mittit
3107 4351 3244 4407 ergo
3275 4336 3466 4389 certos
3527 4329 3798 4386 homines

2144 4427 2214 4480 ad
2248 4426 2819 4498 Sphentisthlabum,
2882 4427 2981 4499 qui
3033 4431 3345 4498 postquam
3368 4419 3725 4495 juramentis
3746 4420 3800 4475 ei

2145 4532 2322 4587 quam
2357 4516 3070 4587 religiosissimissincerze
3103 4514 3162 4570 in
3187 4515 3382 4586 ipsum
3405 4510 3597 4569 Mariae
3620 4510 3798 4565 bene-

2141 4604 2406 4660 volentiae
2439 4607 2613 4661 ﬁdem
2655 4606 3059 4678 plenissimam
3092 4604 3389 4672 fecissent,
3421 4617 3601 4673 quam
3623 4597 3796 4654 blan-

377 4686 794 4757 improbabant
827 4694 1059 4745 evectus
1090 4689 1151 4744 in
1183 4690 1487 4758 thronum,
1550 4695 1807 4747 retexere
1868 4692 2030 4763 prius
2061 4679 2110 4743 D
2143 4695 2388 4750 dissime
2417 4700 2688 4768 rogarent
2717 4696 2914 4750 venire
2940 4695 3012 4749 ad
3065 4694 3253 4766 ipsam
3303 4707 3374 4748 ne
3431 4691 3797 4762 gravaretur.

381 4778 514 4831 acta
545 4786 660 4832 no'n
695 4781 956 4848 curavit;
1010 4796 1190 4852 quare
1222 4781 1457 4851 quietus
1518 4782 1916 4851 permanebat,
1970 4797 2036 4837 eo

381 4869 651 4925 securius
676 4871 831 4942 quod
867 4870 1384 4944 propterlocorum
1421 4871 1522 4927 ubi
1552 4871 2038 4944 degebatlongin-

382 4959 670 5030 quitatem
705 4979 737 5016 a
791 4962 1296 5035 Constantinopoli
1329 4963 1571 5019 minime
1603 4963 2035 5036 aspergendum

379 5064 507 5104 sese
560 5050 879 5108 conﬁderet
935 5051 1331 5124 qualicunque
1389 5053 1611 5108 invidia
1669 5069 1864 5107 rerum
1915 5051 2035 5106 illic

376 5141 840 5212 transactarum,
877 5143 1198 5214 prtesertim
1234 5143 1305 5198 ad
1356 5160 1601 5213 quarum
1631 5143 1758 5215 ipse
1789 5142 2036 5197 consilia

372 5231 621 5283 vocatus
654 5246 770 5286 non
804 5231 1027 5288 fuisset.
1079 5231 1406 5287 Accedebat
1464 5233 1620 5303 quod
1672 5231 1896 5295 multis,
1932 5231 2033 5286 ubi

373 5320 501 5370 erat
533 5315 688 5372 inter
720 5322 1003 5377 Barbaros
1051 5338 1199 5376 verm
1247 5319 1546 5392 religionis
1578 5321 1777 5376 hostes
1810 5321 2032 5387 vivens,

376 5405 640 5463 adversis
673 5411 1062 5478 conﬂictatus,
1123 5412 1426 5467 obstruere
1463 5410 1570 5466 sibi
1620 5429 1794 5482 quem
1846 5427 2030 5466 unum

380 5493 603 5551 habeat
634 5498 704 5553 ad
739 5500 1080 5574 confugium
1116 5504 1385 5571 paratum
1422 5507 1655 5570 portum
1688 5500 1886 5572 gratiae
1919 5499 2032 5554 im-

379 5588 670 5655 peratoris
702 5604 732 5644 e
765 5606 824 5646 re
853 5607 962 5646 sua
991 5607 1107 5646 non
1140 5587 1616 5662 putabat.1taque
1637 5589 1954 5646 obnoxium
1970 5605 2032 5645 se

380 5672 470 5728 illi
505 5690 538 5729 a
572 5691 688 5746 quo
720 5677 999 5736 solatium
1028 5681 1390 5751 exspectaret
1419 5679 1687 5750 praebuit,
1720 5679 1865 5735 nihil
1897 5695 2030 5735 sue-

383 5777 636 5821 eenaens
667 5767 740 5824 ab
771 5783 838 5826 eo
870 5767 1338 5835 constitutis,sed
1371 5767 1625 5840 quietem
1645 5768 2028 5842 amplectens,

2146 4787 2476 4841 Persuasus
2529 4785 2626 4841 ille
2686 4801 2752 4841 ac
2815 4786 2997 4841 fretus
3059 4783 3338 4855 religione
3379 4776 3798 4851 jurisjurandi,

2143 4875 2480 4930 Ternobum
2515 4891 2578 4932 se
2607 4876 2851 4931 confert.
2896 4873 3015 4929 Nec
3073 4871 3153 4927 ibi
3215 4873 3565 4942 aspernatus
3622 4881 3799 4922 senex

2145 4979 2407 5020 annosus
2437 4967 2526 5021 est
2557 4964 2868 5020 ridiculam
2900 4981 2933 5020 a
2957 4964 3123 5018 tanto
3144 4957 3370 5032 juniori
3391 4957 3613 5014 femina
3637 4954 3795 5011 obla-

2142 5055 2264 5107 tam
2297 5054 2698 5125 adoptionem,
2735 5071 2862 5126 qus:
2895 5052 3133 5106 fratrem
3192 5047 3389 5116 illum,
3441 5053 3499 5102 et
3555 5045 3792 5119 quidem

2145 5139 2677 5212 minorem,faceret
2701 5139 2928 5214 pueruli
2959 5137 3254 5195 lactentis.
3311 5136 3424 5192 Res
3483 5135 3675 5208 palam
3728 5133 3790 5188 in

2141 5229 2386 5286 ecclesia
2413 5231 2707 5288 celebrata
2755 5231 2840 5287 sic
2871 5233 2980 5286 est.
3023 5231 3160 5283 Post
3190 5225 3483 5282 adhibitos
3516 5242 3550 5281 a
3598 5239 3792 5280 sacer-

2141 5318 2276 5373 dote
2307 5319 2601 5377 solemnes
2626 5321 2684 5375 in
2713 5319 2932 5375 talibus
2964 5333 3243 5373 occursus
3278 5314 3717 5372 benedictiones
3735 5313 3792 5366 et

2143 5407 2288 5463 ritus
2322 5413 2580 5476 caeteros,
2615 5425 2828 5482 magno
2876 5406 3165 5463 allucente
3197 5403 3487 5460 funalium
3521 5415 3789 5464 numero,

2140 5497 2319 5552 Maria
2351 5498 2575 5570 regium
2618 5500 2902 5554 diducens
2934 5496 3178 5570 pallium
3212 5494 3415 5550 ambos
3444 5492 3580 5547 hinc
3611 5495 3790 5560 atque

2137 5586 2275 5642 inde
2297 5587 2456 5643 ulnis
2487 5583 3116 5658 admovit,Michaelem
3150 5583 3456 5656 pusionem
3489 5597 3556 5638 ac
3583 5592 3784 5637 senem

2138 5676 2716 5749 Sphentisthlabum;
2747 5696 2778 5735 θ
2830 5677 3050 5751 quibus
3079 5673 3176 5730 hic
3233 5672 3294 5728 in
3340 5672 3500 5728 hune
3543 5669 3785 5725 modum

2138 5765 2350 5824 fcedere
2381 5769 2626 5838 sancito,
2660 5769 2901 5828 domum
2932 5762 3135 5823 retulit
3164 5775 3377 5819 novum
3407 5759 3649 5818 titulum
3681 5757 3791 5816 ﬁlii
