4080 6402
294 375 402 430 887

1606 380 1906 434 GEORGII
1945 381 2410 436 ΡΔΟΗΥΜΕΒΕ

3613 371 3726 427 888

296 499 505 578 χρόνος
535 499 964 578 τήνᾼυίοποιίαν
1016 499 1363 575 παρεμέτρει,
1413 502 1504 555 καὶ
1553 497 1950 574 δολιευσαμένη
1983 507 2039 572 Α
2069 503 2287 578 χοίροις
2359 503 2422 556 τὸ
2493 501 2745 573 παράπαν
2825 496 3269 574 ἐκδεδιῃτημένη)
3341 496 3434 552 καὶ
3505 497 3726 574 ἀφελῶς

295 577 491 633 κτείνει
557 581 594 649 ἡ
645 576 809 649 δῆθεν
870 582 1053 656 μήτηρ
1085 585 1174 634 τὸν
1219 581 1581 643 υἱοποιεῖσθαι
1640 581 1956 636 πιστεύσαν-

297 688 386 724 τα.
447 665 606 725 Ἀλλ’
657 670 693 738 ἡ
729 667 859 739 Δίκη
921 669 1028 745 οὐχ
1087 668 1268 744 ὥσπερ
1329 667 1447 733 ἔθος
1501 669 1637 742 αὐτῇ
1673 669 1958 727 τὰπολλὰ

295 756 621 830 κατημέλει,
656 756 780 812 ἀλλ’
839 759 1027 828 ἀνιστᾷ
1082 760 1172 813 τὸν
1209 759 1577 829 ἐκζητήσοντα
1600 763 1662 815 τὸ
1694 764 1831 834 αἷμα
1860 766 1956 816 τοῦ

296 844 502 909 ἀδίκως
532 845 952 924 πεφονευμένου.
997 847 1099 904 Καὶ
1147 848 1175 901 ὁ
1226 847 1394 923 λόγος
1445 850 1643 913 ἄνωθει
1702 850 1955 926 βούλεται

305 935 584 1009 μεθελθεῖν
616 934 683 989 τὰ
709 942 808 1004 τῆς
840 932 1168 1010 διηγήσεως.

300 1097 368 1171 γ’.
429 1095 503 1150 Τὰ
569 1096 704 1150 κατά
731 1098 859 1175 μτὸν
914 1103 1168 1173 Λαχανᾶν
1223 1101 1488 1175 ἀρχῆθεν,
1537 1102 1625 1157 καὶ
1667 1102 1815 1165 ὅπως
1865 1105 1955 1160 τὸν

731 1172 1138 1228 Κωνσταντῖνον
1182 1172 1528 1249 πεφόνευκεν.

370 1295 468 1351 Ἠν
501 1294 740 1371 ἀγρότης
783 1297 954 1353 ἐκεῖσε
1008 1302 1205 1372 μισθοῦ
1256 1300 1464 1376 βόσκων
1518 1303 1767 1378 χοίρους,
1823 1310 1958 1379 Κορ-

303 1379 568 1446 δόκουϐας
647 1385 1012 1461 κεκλημένος·
1086 1390 1147 1444 τὸ
1221 1387 1269 1444 δ’
1341 1385 1514 1462 ὄνομα
1581 1394 1616 1460 ἡ
1675 1391 1958 1463 Ἑλλήνων

299 1471 522 1548 γλῶσσα
549 1475 625 1537 εἰς
659 1474 900 1551 λάχανον
949 1474 1300 1552 ἐκλαμϐάνει,
1351 1480 1440 1534 καὶ
1489 1487 1742 1557 Λαχανᾶς
1787 1481 1963 1538 ἐντεῦ-

301 1567 386 1618 θεν
438 1564 764 1640 φημίζεται.
828 1567 1002 1630 Οὗτος
1053 1573 1161 1622 τῶν
1222 1570 1427 1644 χοίρων
1488 1570 1770 1644 ἐπιμελῶς
1817 1567 1959 1647 ἔχων

309 1654 500 1708 ἑαυτοῦ
547 1652 873 1728 κατημέλει,
936 1655 1046 1711 οὔτ’
1088 1657 1174 1712 ἐπὶ
1229 1665 1457 1734 τροφαῖς
1508 1657 1621 1714 οὔτ’
1668 1661 1750 1714 ἐπ’
1808 1659 1962 1716 ἐνδύ-

308 1762 468 1814 μασιν
517 1742 956 1818 ἀσχολούμενος,
991 1748 1070 1820 [Ρ.
1106 1749 1231 1820 285]
1290 1749 1442 1821 μόνῳ
1470 1746 1512 1802 δ’
1549 1748 1696 1825 ἄρτῳ
1743 1750 1959 1820 ἀποζῶν

304 1831 392 1886 καὶ
455 1833 666 1908 ἀγρίοις
721 1832 988 1910 λαχάνοις
1043 1836 1346 1911 ἀπερίττως
1399 1839 1514 1914 εἶχε
1571 1839 1658 1893 καὶ
1719 1839 1956 1916 ἀφελῶς,

305 1921 396 1974 καὶ
454 1921 590 1998 πρὸς
650 1922 774 1985 τοὺς
850 1923 1094 2000 ἑταίρους
1161 1926 1247 1980 καὶ
1321 1926 1515 1990 αὐτοὺς
1579 1931 1694 1984 κατ’
1751 1930 1952 1985 ἐκεῖνον

305 2003 464 2073 ὄντας
517 2014 600 2075 οἷς
660 2010 860 2087 διεξῄει
916 2013 1212 2083 πολλάκις,
1275 2013 1444 2083 δῆλος
1490 2017 1556 2086 ἦν
1592 2017 1802 2092 μεγάλα
1831 2021 1956 2093 περὶ

304 2099 494 2154 ἑαυτοῦ
547 2098 972 2177 φανταζόμενος.
1031 2105 1094 2158 Οἱ
1139 2101 1196 2158 δὲ
1228 2102 1334 2181 οὒχ
1380 2106 1542 2174 ἧττον
1585 2107 1886 2183 κατεγελων
1919 2110 1954 2180 ἢ

303 2189 410 2261 μὴν
461 2187 760 2247 ἐπίστευον.
819 2192 1091 2256 Ἐντεῦθεν
1138 2191 1341 2256 ἐκεῖνος
1389 2195 1668 2258 τοιαύταις
1717 2195 1815 2251 οὐκ
1854 2195 1956 2252 οἶδ’

296 2275 492 2342 ὁπόθεν
553 2279 737 2335 ἐλπίσι
802 2281 1137 2356 μετεωρίσας
1165 2283 1255 2337 τὸν
1287 2288 1406 2338 νοῦν
1461 2284 1634 2359 ἐαυτῷ
1664 2292 1954 2362 προσεῖχε,

289 2365 379 2420 καὶ
440 2367 607 2443 εὐχὰς
658 2367 920 2425 ἀπεδίδου
978 2376 1094 2442 Θεῷ
1152 2371 1228 2433 ὡς
1262 2371 1406 2448 ἔχων
1468 2371 1646 2450 ἔτυχε·
1691 2380 1798 2430 ποῦ
1855 2379 1955 2452 γὰρ

290 2452 479 2530 ἐκείνῳ
541 2459 701 2530 μετὸν
770 2459 859 2514 καὶ
915 2459 1074 2522 θείων
1135 2459 1337 2538 λογίων
1396 2459 1492 2517 κᾶν
1550 2462 1638 2517 ἐπὶ
1696 2469 1844 2536 νοῦν,
1906 2465 1956 2520 ἐν

288 2549 407 2607 τοῖς
467 2545 658 2622 ἀγροῖς
710 2545 804 2603 ’ίσα
869 2549 959 2604 καὶ
1017 2554 1138 2612 τοῖς
1197 2551 1322 2625 παρ’
1375 2551 1540 2607 αὐτοῦ
1601 2554 1955 2629 βοσκομένοις

294 2769 959 2842 dominzeBulgarorum
984 2788 1017 2825 a
1047 2770 1333 2828 Michaele
1359 2789 1537 2846 puero
1563 2775 1956 2831 secundi.Non

297 2859 552 2916 multum
578 2859 650 2916 ab
684 2859 788 2916 hac
821 2860 1136 2932 adoptione
1159 2864 1392 2934 tempus
1425 2869 1958 2935 processerat,cum

299 2949 767 3005 circumventum
798 2949 1055 3019 insidiis,
1089 2967 1154 3004 eo
1187 2950 1421 3006 facilius
1454 2953 1609 3022 quod
1651 2969 1682 3007 a
1713 2952 1825 3008 sibi
1859 2969 1958 3008 ca—

300 3038 490 3092 vendo
522 3037 740 3091 ﬁducia
768 3053 902 3092 eum
937 3054 1098 3092 novm
1153 3043 1464 3096 contractas
1505 3041 1960 3098 necessitudinis

301 3129 610 3191 averterat,
643 3126 878 3198 egregia
915 3135 1100 3182 mater
1134 3128 1478 3200 adoptatum
1503 3131 1732 3186 occidit.
1767 3131 1841 3186 At
1867 3131 1959 3185 di-

298 3214 433 3278 vina
480 3213 717 3284 justitia
762 3231 878 3270 non
937 3233 1053 3287 qua
1076 3217 1224 3273 solet
1254 3217 1312 3274 in
1342 3218 1633 3291 plerisque
1666 3219 1947 3291 patientia

297 3303 535 3359 sceleris
567 3303 745 3376 hujus
779 3320 1010 3375 pmnam
1035 3307 1287 3362 distulit.
1321 3308 1529 3364 Statim
1554 3309 1825 3364 excitavit
1848 3308 1950 3379 qui

293 3393 641 3465 sanguinem
677 3393 856 3466 impie
904 3396 1038 3451 caesi
1071 3397 1418 3468 requireret.
1478 3398 1657 3469 Cujus
1706 3402 1951 3454 eventus

293 3483 549 3540 narratio
581 3482 756 3554 paulo
789 3482 967 3540 altius
993 3487 1311 3556 repetenda
1342 3490 1448 3542 est.

294 3624 347 3677 3.
394 3623 568 3680 Initia
616 3623 905 3692 Laelianas,
955 3634 1008 3682 et
1053 3630 1114 3680 ut
1155 3627 1210 3754 is
1263 3626 1692 3684 Constantinum
1719 3631 1954 3701 interfe-

1045 3714 1198 3753 cert.

1045 3714 1198 3753 ceru.

373 3839 509 3894 Erat
535 3839 596 3894 in
631 3839 703 3895 iis
719 3840 982 3912 partibus
997 3843 1254 3898 rusticus
1269 3845 1506 3915 quidam
1531 3847 1796 3903 mercede
1813 3864 1948 3920 por-

302 3943 403 3984 cos
433 3929 1082 4000 pascens,Cordocubas
1115 3932 1466 4005 appellatus,
1517 3935 1605 3990 cui
1638 3937 1762 3991 voci
1820 3954 1951 3993 cum

301 4017 568 4088 quaedam
625 4018 846 4076 inesset
904 4037 1016 4076 usu
1057 4021 1360 4094 popularis
1409 4022 1528 4078 illic
1561 4026 1704 4080 48]
1741 4025 1952 4099 linguas

300 4105 476 4162 oleris
531 4107 712 4178 notio,
761 4109 944 4166 Graeci
999 4111 1099 4181 qui
1158 4111 1290 4168 olus
1350 4111 1663 4169 lachanum
1725 4120 1952 4183 vocant,

299 4195 502 4262 istum,
553 4197 655 4252 ubi
704 4200 872 4271 ccepil
915 4201 1307 4266 innotescere,
1343 4202 1636 4258 hominem
1672 4203 1954 4260 Lachanaa

298 4284 580 4341 vocabulo
612 4285 1188 4344 celebraveruntﬂic
1221 4288 1303 4343 ita
1333 4287 1578 4346 sollicite
1607 4291 1819 4347 suibus
1842 4291 1954 4348 sibi

299 4375 729 4431 commendatis
791 4379 1058 4432 attendat
1145 4382 1208 4432 ut
1272 4393 1401 4432 sese
1453 4378 1794 4451 negligeret,
1839 4399 1952 4437 non

302 4479 518 4519 curans
549 4465 689 4535 quid
723 4465 950 4521 vestiret
981 4469 1084 4520 aut
1138 4482 1256 4536 quo
1315 4473 1666 4540 vesceretur,
1701 4470 1954 4526 naturali

303 4551 747 4624 simplicissime
779 4555 1107 4623 defungens
1129 4554 1310 4623 victu,
1345 4556 1468 4610 solo
1492 4574 1638 4628 pane
1669 4563 1726 4614 et
1756 4559 1957 4615 herbis

2061 590 2286 668 ἔχοντι;
2350 592 2588 654 Σύννους
2641 590 2731 644 οὖν
2789 589 2858 644 τὰ
2914 587 3101 643 πολλὰ
3154 585 3379 662 διάγων,
3423 584 3515 640 καὶ
3564 582 3722 640 οὐδὲν

2061 677 2343 756 προῦργου
2394 681 2678 754 τιθέμενος
2709 686 2809 746 τῆς
2866 679 3003 753 πρὸς
3059 677 3240 753 ἀρχήν
3284 697 3409 731 τινα
3456 676 3725 730 καταστά-

2063 793 2216 842 σεως,
2271 771 2543 836 πολλάκις
2572 773 2639 826 τά
2670 770 2804 825 αὐτά
2852 768 3051 844 διεξῄει
3099 773 3216 830 τοῖς
3271 766 3532 842 ἀγρόταις
3584 765 3726 822 ἐκεί-

2061 884 2177 925 νοις
2229 862 2320 918 καὶ
2378 857 2702 938 συφορϐοῖς,
2733 860 2904 935 ἁγίων
2961 859 3108 920 τινὰς
3144 858 3394 933 ἐντυχίας
3428 855 3602 933 λέγων
3633 861 3727 912 καί

2061 953 2453 1026 παρακινήσεις
2509 952 2604 1012 τὰς
2662 951 2790 1024 παρ’
2847 948 3065 1004 ἐκείνων
3099 948 3174 1010 εἰς
3207 947 3236 1002 ὃ
3288 953 3576 1016 κινηθῆναι
3631 945 3726 1000 καὶ

2063 1037 2251 1104 ἔθνους
2315 1040 2490 1114 ἄρξαι.
2550 1041 2732 1096 Ταῦτα
2789 1035 3066 1098 πολλάκις
3121 1035 3330 1107 διεξιὼν
3388 1033 3724 1090 ἐπιστεύετο.

2065 1131 2165 1186 Καὶ
2199 1128 2306 1199 ἤδη
2342 1129 2528 1192 ἄλλως
2563 1134 2865 1204 προσεῖχον
2905 1125 3053 1199 αὐτῷ
3084 1127 3118 1197 ἢ
3151 1126 3224 1188 ὡς
3255 1122 3452 1180 ἐδόκει·
3485 1125 3584 1194 τήν
3617 1125 3726 1198 γὰρ

2063 1217 2400 1293 προθεσμίαν
2454 1218 2614 1296 ἐγγὺς
2652 1216 2856 1289 ἐδήλου
2914 1221 3011 1272 τοῦ
3058 1217 3373 1286 κινηθῆναι.
3431 1216 3576 1278 Μιᾶς
3630 1212 3726 1270 οὖν

2061 1307 2124 1365 τὸ
2182 1310 2283 1378 τῆς
2343 1311 2523 1385 ὁρμῆς
2575 1309 2828 1381 σύνθημα
2886 1306 3062 1382 λέγων
3123 1301 3336 1375 λαϐεῖν,
3367 1303 3543 1360 αὐτίκ’
3575 1303 3729 1360 ἐκεί-

2063 1420 2186 1460 νους
2245 1398 2523 1478 ἐφέλκεται
2556 1398 2693 1474 πρὸς
2742 1398 2842 1466 τὴν
2889 1398 3080 1450 ἑαυτοῦ
3133 1393 3444 1471 θεραπείαν,
3491 1392 3730 1466 κάκείνῳ

2063 1485 2285 1544 ἕπονται
2345 1489 2419 1553 ὡς
2477 1489 2619 1563 μέγα
2664 1509 2714 1542 τι
2775 1486 3088 1556 ἐλπίζοντες
3137 1484 3378 1560 πράξειν.
3411 1482 3722 1559 Ἀπέρχον-

2063 1599 2151 1633 ται
2191 1582 2323 1651 γοῦν
2379 1578 2457 1639 εἷς
2505 1578 2718 1652 χώραν,
2771 1577 2860 1630 καὶ
2920 1577 2981 1630 τὸ
3037 1579 3134 1630 τοῦ
3190 1567 3468 1652 συφορϐοὖ
3515 1571 3727 1646 κηρύτ-

2064 1686 2250 1720 τουσιν
2309 1661 2504 1738 ὄνομα,
2569 1667 2642 1726 ὡς
2695 1663 2874 1728 θεόθεν
2916 1665 3016 1732 ἧκέ
3042 1664 3094 1718 οἱ
3132 1665 3230 1718 τοῦ
3262 1659 3414 1736 ἄρξαι
3447 1660 3723 1734 σύνθημα.

2068 1755 2169 1812 Καὶ
2252 1755 2364 1827 ἅμα
2441 1753 2693 1830 λέγοντες
2768 1750 3020 1822 ἔπειθον,
3100 1752 3192 1807 καὶ
3277 1750 3730 1823 προσεπετίθεντο

1987 1841 2294 1948 Βπλείους
2346 1845 2612 1914 ἑκάστης.
2678 1843 2938 1905 Κάκεῖνος
2995 1843 3132 1918 πρὸς
3189 1841 3252 1896 τὸ
3312 1840 3732 1915 εὐσταλέστερον

2071 1929 2459 2006 μετεϐάλλετο,
2518 1933 2842 2007 ἀμπεχόνην
2901 1934 2947 1986 τ’
3007 1929 3376 1986 ἐνεδιδύσκετο
3429 1929 3519 1986 καὶ
3577 1931 3730 1984 σπά-

2067 2033 2167 2092 θην
2243 2022 2636 2094 περιεζώννυτο
2699 2020 2876 2076 τίππου
2931 2027 2977 2076 τ’
3035 2016 3301 2092 ἐπέϐαινε,
3358 2019 3447 2074 καὶ
3508 2018 3731 2097 ἐθάρῥει

2065 2113 2201 2182 πρὸς
2255 2107 2382 2188 ἔργα
2446 2112 2616 2184 μείζω
2679 2113 2714 2182 ἢ
2746 2113 2862 2167 κατ’
2892 2110 3078 2168 αὐτόν.
3135 2113 3248 2168 Τοῦ
3278 2115 3404 2185 γοῦν
3440 2113 3729 2167 Κωνσταν-

2064 2199 2214 2254 τίνου
2271 2201 2507 2262 ἀσθενῶς
2552 2205 2649 2255 τοῦ
2698 2201 2956 2274 σώματος
3015 2197 3245 2275 ἔχοντος
3279 2200 3361 2273 (τὸ
3393 2199 3495 2273 γὰρ
3529 2197 3732 2262 σκέλος

2064 2290 2327 2364 κατεαγὸς
2374 2283 2517 2365 ἔχων
2551 2289 2805 2360 ἀκίνητος
2855 2290 2948 2359 ἦν,
3006 2286 3103 2343 κάν
3164 2309 3274 2342 που
3330 2288 3421 2342 καὶ
3471 2285 3733 2351 ἀπελθεῖν

2063 2373 2194 2445 ἔδει,
2225 2378 2306 2452 ἐφ’
2341 2379 2551 2452 ἁμάξης
2605 2379 2824 2456 ἐφέρετο
2856 2378 3055 2456 φόρτος
3083 2377 3255 2450 κενὸς)
3308 2375 3515 2433 πολλοὶ
3554 2397 3738 2431 κατω-

2066 2466 2372 2542 λιγώρουν,
2420 2469 2511 2524 καὶ
2547 2466 2761 2542 μᾶλλον
2790 2468 2841 2522 οἱ
2872 2467 3160 2542 πρόσοικοι
3208 2465 3476 2542 Τόχαροι,
3536 2462 3732 2541 ἐκδρο-

2070 2558 2173 2632 μὰς
2235 2559 2464 2628 ἑκάστης
2506 2562 2791 2620 ποιοῦντες
2837 2557 2928 2612 καὶ
2977 2561 3174 2614 Μυσῶν
3235 2551 3406 2619 ὅντως
3454 2553 3601 2611 λείαν
3657 2555 3734 2612 τὰ

2068 2779 2269 2833 tuendi
2301 2779 2691 2851 principatus,
2717 2795 2892 2849 quem
2927 2776 3096 2850 quasi
3131 2777 3200 2832 ad
3235 2791 3478 2847 scopum
3510 2778 3638 2831 acta
3673 2780 3736 2832 et

2070 2868 2492 2923 meditamenta
2521 2872 2732 2923 cuncta
2762 2884 2870 2922 sua
2895 2866 3190 2938 dirigeret.
3241 2863 3622 2934 Habebatque
3651 2863 3731 2921 de

2070 2954 2289 3010 talibus
2321 2958 2390 3011 ad
2427 2973 2566 3012 suos
2600 2955 2732 3012 illos
2764 2955 2995 3011 sodales
3027 2954 3281 3010 rusticos
3329 2957 3385 3009 et
3442 2951 3728 3008 subulcos

2070 3045 2256 3102 serios
2288 3063 2438 3117 saepe
2465 3061 2789 3114 sermones,
2822 3061 3158 3100 memorans
3192 3043 3342 3099 mira
3391 3041 3568 3098 etiam
3597 3040 3730 3098 visa

2070 3139 2129 3188 et
2159 3134 2444 3204 quaedam
2470 3133 2866 3206 apparitiones
2895 3139 3259 3200 sanctorum,
3295 3149 3329 3188 θ,
3359 3130 3577 3202 quibus
3609 3130 3726 3184 im-

1980 3244 2024 3312 C
2064 3222 2198 3295 pelli
2235 3240 2294 3278 se
2328 3223 2519 3278 aiebat
2549 3224 2621 3278 ad
2648 3224 2857 3295 jugum
2883 3223 3298 3312 excutiendum
3321 3225 3373 3278 et
3402 3219 3515 3275 sibi
3544 3236 3726 3312 usuro

2064 3313 2321 3384 pandum
2343 3313 2536 3385 gentis
2567 3313 2902 3385 imperium.
2938 3311 3243 3383 Ejusmodi
3267 3316 3388 3366 tam
3420 3326 3574 3382 saepe
3605 3309 3729 3365 dis-

2062 3401 2265 3473 seruit,
2295 3407 2359 3457 ut
2390 3403 2771 3472 quantumvis
2800 3400 3236 3457 incredibilium
3271 3400 3449 3455 ﬁdem
3483 3399 3724 3454 faceret.

2060 3491 2310 3563 Jamque
2339 3490 2452 3547 alio
2485 3491 2534 3547 ei
2563 3491 2827 3564 plerique
2858 3489 3050 3546 studio
3099 3506 3275 3560 quam
3312 3490 3480 3561 prius
3530 3490 3723 3544 atten-

2061 3579 2557 3649 debant,maxime
2578 3596 2712 3634 cum
2745 3579 3000 3635 ediceret
3020 3578 3193 3634 fatale
3210 3583 3445 3649 tempus
3475 3577 3727 3633 decretae

2061 3668 2175 3723 sibi
2207 3667 2491 3725 divinitus
2523 3668 2796 3740 potentias
2827 3667 3158 3739 imminere,
3204 3683 3455 3738 moxque
3485 3682 3548 3722 se
3571 3666 3726 3736 {eru-

2061 3764 2298 3831 pturum
2335 3761 2395 3816 in
2418 3761 2544 3830 ejus
2563 3759 2906 3830 arripienda
2929 3762 3410 3830 conatum,quem
3439 3773 3723 3830 prospero

2061 3866 2336 3906 successu
2370 3849 2791 3906 fortunandum
2824 3849 3018 3904 sciret.
3052 3848 3142 3904 Ad
3170 3848 3293 3904 hac
3335 3846 3581 3904 arrectis
3611 3845 3725 3902 ali-

2061 3940 2324 4011 quandiu
2355 3939 2550 3996 subito
2572 3939 2726 3995 diem
2760 3937 3182 4010 pronuntiavit,
3234 3954 3352 4009 qua
3390 3936 3485 3992 die
3517 3935 3720 4009 prodi-

2059 4033 2232 4085 turus
2286 4033 2442 4085 esset
2498 4045 2528 4084 e
2578 4028 2819 4084 latebris
2867 4031 2924 4082 et
2971 4030 3203 4082 maturo
3253 4028 3379 4098 jam
3439 4024 3724 4096 praeclaro

2061 4123 2246 4188 ccepto
2281 4117 2414 4174 felix
2443 4122 2684 4174 auctore
2705 4123 2817 4173 Deo
2848 4115 3180 4188 auspicium
3218 4117 3488 4172 daturus.
3538 4115 3726 4172 Nemo

2064 4208 2353 4263 dubitavit
2381 4212 2484 4263 aut
2515 4206 2725 4262 renuit.
2759 4204 3214 4262 Conclamarunt
3243 4221 3449 4260 omnes
3481 4205 3727 4259 duceret

2063 4314 2179 4369 quo
2200 4295 2412 4367 vellet;
2457 4313 2519 4352 se
2578 4295 2851 4352 alacriter
2906 4293 2967 4350 in
3020 4294 3250 4352 cunctis
3309 4295 3723 4350 obsecuturos.

2063 4385 2179 4441 Nec
2213 4385 2366 4442 facta
2397 4386 2571 4440 dictis
2603 4383 3020 4441 abfuere.432
3054 4384 3296 4440 Addunt
3325 4382 3729 4452 addicuntque

2063 4475 2176 4546 ipsi
2209 4491 2272 4530 se
2307 4475 2657 4546 frequentes,
2690 4474 2922 4547 magnis
2953 4474 3089 4530 elati
3113 4473 3730 4546 spebus.Cursantper

2070 4563 2370 4634 regionem
2400 4564 2837 4636 proclamantes
2869 4561 3184 4618 subulcum
3209 4579 3242 4618 a
3295 4561 3414 4617 Deo
3447 4560 3725 4624 missum,

308 4623 1411 4712 agrestibuscontentus.Familiaribus
1444 4623 1720 4702 utebatur
1746 4648 1959 4709 indolis
1989 4623 2037 4688 D
2069 4623 2226 4708 etvad
2257 4623 2520 4721 {manum
2573 4653 2698 4724 jam
2756 4652 3071 4707 conﬂatam
3127 4651 3422 4723 ingenlem
3473 4623 3726 4706 certatin

310 4735 369 4787 et
399 4731 766 4789 educationis
797 4733 1006 4789 similis
1039 4732 1434 4803 homunculis;
1457 4737 1674 4806 quibus
1704 4736 1960 4809 plerum-

316 4835 430 4891 que
462 4837 678 4894 magua
702 4824 770 4878 de
801 4839 864 4879 se
887 4826 1153 4896 quaedam
1187 4827 1326 4885 olim
1352 4830 1546 4884 futura
1577 4828 1746 4898 quasi
1765 4827 1959 4882 vatici-

314 4912 763 4982 nansjactabat,
779 4930 934 4985 saepe
955 4914 1957 4989 illisirridentibus,nonnnunquam

311 4999 487 5056 etiam
513 5018 630 5057 non
663 5001 832 5072 plane
863 5005 1332 5063 detrectantibus
1390 5009 1642 5064 credere.
1703 5009 1805 5063 His
1862 5008 1960 5064 ille

313 5088 508 5144 nescio
540 5091 696 5146 unde
725 5093 943 5165 spebus
974 5093 1237 5164 inﬂatus,
1291 5099 1636 5169 gravitatem
1693 5097 1960 5152 affectare

311 5179 486 5249 cmpit
514 5178 1306 5258 insolitam,componereque
1329 5204 1390 5243 se
1411 5187 1470 5242 in
1503 5186 1758 5260 speciem
1791 5202 1959 5242 sanc-

309 5269 880 5344 timoniaa,colligens
912 5275 1163 5331 subinde
1196 5277 1547 5348 animum,et
1578 5279 1760 5333 Deum
1795 5278 1956 5333 invo-

311 5374 452 5413 cans
485 5361 700 5430 quibus
736 5364 819 5418 uti
878 5369 1108 5436 poterat
1153 5369 1426 5438 precibus
1478 5368 1649 5424 homo
1691 5369 1959 5424 funditus

313 5447 927 5508 omnisinstitutionis
954 5455 1363 5529 rudis,quippe
1409 5459 1469 5513 in
1514 5459 1670 5531 agris
1730 5474 1962 5528 semper

311 5540 581 5593 versatus
598 5541 1184 5610 pascendisintentus
1211 5547 1962 5620 porcis.Apparebatigitur

319 5623 444 5679 fere
475 5630 931 5700 cogitabundus,
955 5633 1146 5686 verbis
1177 5650 1329 5705 sape
1361 5637 1704 5709 signiﬁcans
1733 5637 1961 5693 volvere

311 5726 381 5770 se
404 5714 598 5774 animo
631 5717 827 5778 nescio
847 5737 1026 5792 quam
1057 5722 1555 5786 machinationem
1585 5726 1716 5784 novi
1748 5724 1964 5782 consti-

2072 4742 2333 4814 undique
2362 4741 2796 4798 accurrentium
2848 4745 3166 4814 aggregent
3213 4757 3552 4797 numerum.
3585 4739 3722 4796 Cre-

2070 4832 2270 4888 scebat
2301 4833 2358 4889 in
2385 4832 2509 4889 dies
2531 4831 2870 4897 multitudo,
2911 4835 2968 4886 et
3009 4847 3193 4887 novus
3224 4832 3342 4886 dux
3371 4831 3443 4886 ad
3474 4844 3725 4886 consen-

2070 4926 2312 4979 taneum
2352 4928 2669 4994 assumpta;
2713 4920 2988 4994 dignitati
3031 4936 3092 4976 se
3144 4919 3377 4993 ﬁngens
3423 4919 3722 4987 habitum,

2071 5011 2316 5082 abjectis
2359 5009 2707 5067 centonibus
2753 5007 3154 5064 honestiorem
3211 5008 3410 5064 induit
3456 5011 3720 5075 vestem;

2071 5116 2327 5172 ensequc
2351 5100 2712 5165 succinctus,
2744 5114 2894 5170 equo
2926 5097 3219 5166 inscenso,
3271 5099 3341 5154 ad
3389 5113 3566 5170 opera
3597 5112 3723 5152 ma-

2065 5193 2198 5262 jora
2227 5207 2400 5261 quam
2429 5191 2558 5260 ejus
2587 5189 2876 5244 hactenus
2903 5187 3137 5244 fortuna
3160 5193 3398 5260 caperet
3427 5187 3622 5259 palam
3658 5201 3721 5242 se

2073 5279 2398 5335 accinctum
2433 5283 2727 5334 ostentare
2757 5294 2938 5333 ausus
2969 5283 3077 5333 est.
3109 5276 3459 5333 Valetudine
3489 5277 3720 5339 tum.ut

2073 5368 2299 5424 dictum
2332 5377 2440 5433 est,
2493 5367 2914 5425 Constantinus
2945 5366 3181 5422 inﬁrma
3225 5366 3547 5422 utebatur:
3588 5381 3726 5420 nam

2073 5475 2242 5513 crure
2271 5459 2496 5514 dudum
2531 5457 2710 5513 fracto
2743 5455 3079 5512 facultatem
3129 5455 3398 5511 incessus
3426 5454 3728 5521 amiserat,

2073 5551 2132 5603 et
2164 5548 2215 5602 si
2245 5547 2522 5620 quopiam
2538 5549 2693 5603 esset
2721 5560 2960 5602 necesse
2978 5543 3474 5616 proﬁcisci,curru
3493 5542 3728 5617 pondus

2073 5636 2232 5692 iners
2259 5636 2712 5694 trahebatur.Ea
2742 5650 2837 5691 res
2867 5637 3273 5706 contemptum
3297 5631 3730 5690 illiconciliavit

2072 5724 2487 5798 plurimorum.
2515 5726 2582 5784 In
2607 5725 2702 5792 his
2753 5721 3000 5782 Tochari
3049 5722 3310 5796 ﬁnitimi,
3343 5725 3468 5798 fera
3491 5737 3640 5798 gon!
3665 5725 3726 5793 et
