4080 6394
325 373 436 432 889

1387 380 1484 433 DE
1522 377 1898 434 MICHAELB
1934 377 2380 437 PALEOLOGO
2416 385 2552 439 LIB.
2592 387 2688 439 VI.

3650 384 3758 441 890

327 500 531 558 Μασῶν
561 499 818 563 τιθέντες.
852 497 1101 576 Φάλαγγι
1153 503 1281 577 γοῦν
1332 501 1605 577 Τοχάρων
1659 500 1977 578 προσκρούει
2009 506 2063 573 Α
2093 501 2277 578 πάγων
2335 504 2533 581 βαίνων
2592 513 2673 581 τῷ
2735 507 2971 584 βασιλεῖ,
3003 505 3094 563 καὶ
3147 509 3434 582 συμπεσὼν
3505 508 3694 582 ἐκείνῳ
3727 511 3754 564 6

327 609 423 652 σας
475 588 503 643 6
559 593 815 664 Λαχανᾶς
863 587 1123 662 ἐμπίπτει
1182 589 1328 668 σφίσι
1394 592 1509 664 μεθ’
1562 592 1634 646 ὧν
1685 587 1995 668 ἐπεφέρετο,

322 675 414 732 καὶ
471 676 609 732 κατὰ
648 678 847 752 κράτος
904 682 1048 748 νικᾷ,
1103 677 1193 732 καὶ
1256 679 1406 742 αὖθις
1476 677 1648 754 ἄλλῃ,
1705 680 1796 733 καὶ
1851 676 1993 732 οὕτω

323 767 463 842 πρὸς
527 767 590 820 τὸ
673 764 1096 842 μεγαλειότερον
1169 766 1249 822 ἐπ’
1315 768 1378 822 οὐ
1437 767 1678 830 πολλαῖς
1757 768 1992 843 ἡμέραις

325 853 640 919 καθίστατο.
705 861 894 930 Χωραι
952 855 1138 910 τοίνυν
1199 857 1576 931 προσετίθεντό
1621 858 1694 929 οἱ,
1754 856 1846 911 καὶ
1906 856 1992 911 ἐπ’

325 945 478 1017 αὐτῷ
509 942 684 1000 πολὺν
735 945 830 1000 τὸν
891 949 990 1000 τοῦ
1023 943 1079 1000 εὖ
1111 946 1330 1018 πράξειν
1381 943 1651 1018 ἐλπισμὸν
1701 945 1985 1020 ἀραρότως

326 1034 500 1109 εἶχον.
553 1033 658 1090 Καὶ
705 1035 733 1088 6
777 1040 1036 1109 Λαχανᾶς
1083 1033 1261 1097 πολὺς
1310 1036 1376 1105 ἦν
1430 1036 1811 1109 φημιζόμενος
1857 1055 1990 1088 παν-

329 1126 528 1198 ταχῶ-
558 1119 685 1178 οὐδὲ
723 1124 826 1198 γάρ
885 1125 1067 1196 ἡμέρα
1114 1121 1366 1201 ἐφίστατο
1421 1125 1540 1188 καθ’
1570 1122 1634 1193 ἣν
1669 1123 1730 1178 οὐ
1764 1121 1990 1186 πλείους

322 1218 432 1269 τῶν
492 1215 773 1289 προτέρων
839 1213 958 1288 εἶχε
1013 1213 1104 1268 καὶ
1178 1211 1508 1289 ἠνδραγάθει
1589 1208 1984 1288 προσϐάλλων.

316 1307 494 1360 Τοῦτο
570 1297 872 1378 ἐθορύϐησι
952 1302 1046 1375 μὲν
1120 1303 1218 1358 καὶ
1291 1304 1386 1358 τὸν
1451 1306 1859 1361 Κωνσταντῖνον
1919 1303 1986 1359 τὰ

315 1391 570 1463 πλεῖστα,
605 1391 871 1469 ἀγγελθὲν
915 1389 972 1447 δὲ
1021 1393 1169 1467 παρὰ
1214 1392 1372 1466 δόξαν
1424 1395 1514 1450 καὶ
1570 1393 1728 1450 αὐτὸν
1765 1391 1987 1469 θορυϐεῖ

321 1481 570 1560 βασιλέα’
616 1484 679 1537 τὸ
727 1481 828 1558 γὰρ
887 1480 1062 1544 οὕτως
1124 1482 1351 1548 ἐπελθὸν
1403 1485 1532 1558 παρ’
1591 1483 1737 1556 ἀξίαν
1799 1483 1899 1538 οὐκ
1927 1481 1985 1540 ἄν

318 1573 566 1632 δπελθιῖν
601 1573 647 1630 εἰ
681 1574 758 1648 μὴ
792 1573 880 1629 ἐπὶ
918 1573 1196 1650 μεγίστοις
1244 1575 1386 1630 τισὶν
1417 1571 1610 1648 ᾤοντο.
1651 1579 1730 1650 [Ρ.
1765 1577 1891 1647 296]
1921 1576 1981 1634 Ὁ

321 1667 415 1740 μὶν
467 1664 559 1720 οὖν
609 1671 1016 1729 Κωνσταντῖνος
1082 1667 1248 1740 μόνον
1316 1668 1547 1740 ταράξας
1594 1666 1661 1720 τὰ
1710 1665 1847 1721 κατά
1891 1667 1982 1720 τὸν

316 1754 476 1831 ζυγὸν
541 1755 837 1830 μετήνεγκε
895 1755 989 1810 τὸν
1040 1759 1165 1810 νοῦν
1229 1755 1368 1832 πρὸς
1429 1756 1490 1810 τὸ
1549 1752 1980 1827 ἀπροσδοκήτως

313 1843 474 1919 φανὲν
505 1843 598 1897 καὶ
630 1842 704 1904 ὡς
737 1842 843 1896 οὐκ
876 1842 934 1897 ἂν
993 1844 1069 1915 μὴ
1121 1840 1204 1898 ὅτι
1235 1845 1286 1916 γ’
1319 1842 1502 1914 οὗτος,
1550 1839 1680 1896 ἀλλ’
1727 1839 1845 1897 οὐδ’
1875 1840 1979 1897 ἅλ-
2009 1881 2053 1945 Β

314 1927 335 1945 ς
607 1930 620 1945 .
657 1933 698 1945 ._
917 1930 927 1945 .
1015 1933 1066 1945 ρ,
1126 1930 1168 1945 λ.
1232 1932 1259 1945 η
1360 1930 1379 1945 ς
1427 1929 1438 1945 ς
1605 1929 1632 1938 υ
1796 1931 1810 1945 .
1956 1933 1967 1945 .

314 1927 414 1992 λος
444 1951 531 1994 τις
589 1930 744 2002 ᾠήθη
798 1930 954 1986 ποτέο
1015 1933 1071 1986 Ὁ
1123 1930 1180 1986 δὲ
1231 1929 1485 2007 βασιλεὺς
1539 1929 1700 1986 τοῦτο
1756 1931 1850 2004 μὲν
1884 1933 1970 1986 καὶ

311 2018 465 2074 τάκεῖ
544 2027 877 2088 καταστῆσαι
956 2019 1152 2091 θέλων,
1228 2024 1390 2074 τοῦτο
1447 2017 1508 2075 δὲ
1556 2019 1645 2075 καὶ
1707 2021 1843 2093 πρὸς
1907 2021 1972 2074 τὰ

310 2108 639 2173 ἀκουσθέντα
696 2107 1119 2186 διαταραχθεὶς,
1193 2105 1492 2186 προλαϐεῖν
1553 2109 1810 2182 ἠπείγετο
1880 2110 1968 2163 καὶ

305 2198 402 2261 τὰς
452 2198 623 2274 ἄκρας
679 2204 1048 2275 κατοχυροῦν.
1110 2201 1209 2256 Καὶ
1248 2197 1314 2269 δὴ
1372 2198 1604 2270 ἐξελθὼν
1657 2205 1756 2268 τῆς
1812 2199 1968 2254 Κων-

308 2288 590 2344 σταντίνου
653 2287 738 2342 ἐπ’
828 2286 1173 2364 Ὀρεστιάδος
1255 2288 1490 2358 ἤλαυνεν
1547 2287 1665 2360 ὅλῳ
1751 2287 1968 2362 ῥυτῆρι,

301 2377 592 2452 Χειμῶνος
649 2375 696 2433 δ’
753 2378 987 2449 ἐξελθὼν
1047 2380 1136 2434 καὶ
1200 2379 1393 2453 πάγοις
1444 2377 1612 2432 ἐπιὼν
1671 2376 1873 2452 πάσχει
1915 2398 1970 2432 τι

302 2466 393 2521 καὶ
422 2470 531 2522 τῶν
564 2467 900 2539 ἀνηκέστων·
966 2463 1358 2542 συμποδίζεται
1414 2466 1516 2542 γὰρ
1563 2467 1591 2521 ὁ
1641 2462 1814 2528 ἵππος
1875 2463 1961 2519 ἐπὶ

305 2690 547 2745 assueta
576 2690 743 2759 rapto
771 2686 982 2757 vivere,
999 2685 1148 2742 nihil
1171 2702 1204 2742 a
1224 2685 1436 2742 claudo
1460 2684 1965 2757 principeltimen-

299 2777 723 2834 tesliberrimis
737 2777 796 2831 in
815 2775 1066 2848 Mysiam
1080 2774 1528 2832 excursionibus
1551 2773 1804 2846 agebant
1818 2773 1963 2828 fere-

304 2865 568 2938 bantque
591 2865 812 2938 passim
837 2869 1068 2933 cuncta,
1091 2869 1148 2920 et
1175 2864 1352 2920 veteri
1387 2864 1711 2920 celebratas
1734 2878 1962 2934 prover-

302 2953 403 3009 bio
467 2955 691 3026 praedas
738 2953 1039 3024 Mysorum
1095 2953 1337 3025 impune
1378 2952 1846 3024 frequentabant.
1897 2951 1960 3006 In

304 3040 517 3098 borum
539 3059 714 3098 unam
744 3059 985 3098 manum
1009 3043 1317 3098 incurrens
1349 3058 1482 3096 cum
1511 3041 1637 3097 suis
1660 3040 1960 3096 Lachanas

299 3147 432 3187 eam
457 3130 850 3188 internecione
877 3131 1050 3189 delet.
1081 3131 1206 3189 Alia
1228 3131 1322 3188 die
1340 3129 1766 3204 deprehensam
1793 3129 1957 3186 simi-

291 3216 433 3272 liter
463 3218 761 3276 cohortem
797 3223 1043 3278 istorum
1088 3221 1334 3277 alteram
1377 3226 1442 3276 ut
1474 3220 1726 3292 priorem
1772 3219 1953 3275 inter-

290 3304 436 3362 ﬁcit.
468 3307 616 3364 Hinc
647 3310 852 3382 paucis
884 3311 1096 3367 diebus
1124 3310 1348 3366 celebre
1380 3311 1447 3366 ﬁt
1477 3310 1606 3382 ejus
1629 3325 1865 3376 nomen,
1899 3311 1956 3364 et

287 3393 560 3452 videlicet
589 3414 705 3453 non
736 3399 930 3470 parvis
952 3404 1009 3456 et
1041 3399 1241 3471 populi
1263 3403 1320 3454 et
1342 3399 1647 3471 regionum
1671 3396 1953 3455 accessio-

290 3483 472 3540 nibus
502 3501 644 3558 opes
670 3488 802 3558 ejus
832 3492 1178 3560 augescunt,
1213 3488 1444 3544 cunctis
1477 3505 1581 3560 pro
1631 3503 1694 3544 se
1723 3503 1955 3560 quoque

289 3589 459 3644 spem
491 3573 552 3630 in
583 3591 649 3632 eo
671 3593 971 3633 summam
1031 3577 1386 3634 emendandi
1437 3575 1674 3648 publica
1727 3576 1955 3632 incom-

291 3662 469 3718 moda
499 3663 944 3722 collocantibus.
981 3667 1175 3722 Famis
1190 3665 1427 3721 interim
1459 3665 1771 3721 ambitioso
1805 3681 1952 3736 prae-

290 3751 458 3808 conio
512 3752 817 3811 Lachanas
871 3755 1092 3827 ubique
1140 3754 1590 3810 buccinabatur.
1645 3753 1761 3809 Nec
1825 3753 1951 3809 dies

288 3841 624 3912 praeteribat
651 3859 770 3914 qua
801 3860 920 3900 non
951 3852 1006 3900 et
1035 3845 1166 3915 ejus
1198 3860 1443 3900 numero
1475 3846 1761 3900 cresceret
1789 3859 1953 3898 exer-

286 3929 466 3998 citus,
496 3935 555 3987 et
583 3947 700 4004 qua
723 3949 836 3988 non
870 3932 997 4006 ipse
1028 3933 1229 4005 aliqua
1258 3948 1318 3990 se
1374 3931 1596 4005 insigni
1656 3932 1726 3988 de
1784 3933 1950 3988 hoste

285 4018 533 4076 victoria
561 4024 1019 4080 commendaret.
1052 4023 1492 4081 Conturbarunt
1522 4022 1644 4079 haec
1686 4039 1802 4079 non
1845 4039 1949 4094 pa-

283 4125 421 4165 rum
435 4111 970 4169 subindenuntiata
982 4113 1458 4170 Constantinum.
1476 4115 1675 4184 Ipsum
1695 4127 1947 4185 quoque,

283 4198 386 4254 ubi
421 4199 564 4258 ﬁdes
596 4201 832 4258 tandem
865 4219 982 4259 non
1008 4203 1164 4260 488
1195 4202 1436 4260 creditis
1477 4203 1667 4274 primo
1715 4201 1950 4257 indiciis

285 4287 456 4343 famae
485 4291 820 4346 constantia
851 4293 1004 4348 facta
1033 4296 1124 4348 est
1151 4292 1373 4363 ipsum,
1403 4292 1670 4364 inquam,
1714 4307 1950 4364 quoque

284 4376 1007 4449 inopinatissimanovitas
1019 4380 1397 4438 vehementer
1417 4380 1735 4437 commovit
1762 4382 1948 4452 impe-

283 4471 561 4524 ratorem.
592 4469 760 4525 Hunc
781 4487 890 4526 sua
921 4475 1266 4543 suspectare
1321 4469 1635 4542 prudentia
1680 4470 1947 4543 cogebat,

281 4570 360 4611 ne
391 4557 664 4614 subesset
696 4557 790 4615 his
823 4559 1127 4632 quidpiam
1168 4559 1516 4632 incomperti
1565 4559 1705 4616 mali
1735 4577 1748 4616 :
1803 4576 1948 4631 quo-

2103 587 2481 666 ἐποχοόμενος
2509 599 2712 668 πτῶμα
2769 593 2942 650 δεινὸν
2976 595 3168 670 χεῖράς
3226 617 3283 651 τε
3339 597 3430 652 καὶ
3461 597 3758 672 πρόσωπον

2102 676 2411 752 δρόπτεται,
2443 682 2584 739 οὕτω
2645 683 2908 761 χαλεπῶς
2961 687 3034 748 ὡς
3095 683 3225 758 μηδ’
3258 687 3480 762 ἀρκέσαι
3514 687 3603 740 τὸν
3660 689 3760 751 τῆς

2101 767 2438 844 ἐκστρατείας
2516 772 2644 828 ὅλον
2727 775 2922 848 χρόνον
3010 773 3310 847 ἀπαλεῖψαι
3386 774 3453 828 τὲι
3506 772 3755 848 τραύμα-

2094 878 2180 925 τα,
2213 857 2339 914 ἀλλ’
2379 857 2456 914 ἔτι
2501 859 2730 934 λείψανα
2783 867 2890 917 τῶν
2930 860 3158 936 πληγῶν
3223 861 3475 936 ἐμμένειν
3537 861 3762 919 ἐπανελ-

2097 945 2245 1009 Οόντι
2326 954 2404 1022 τῷ
2482 949 2718 1025 βασιλεῖ.
2797 955 2946 1023 ’Ἅμα
3002 951 3147 1025 ’γοῦν
3227 947 3392 1021 ἐπέϐη
3453 953 3480 1004 6
3538 956 3753 1028 κρατῶν

2092 1041 2194 1103 τῆς
2227 1034 2538 1109 Ἀδριανοῦ,
2598 1041 2684 1094 καὶ
2749 1040 2862 1112 ἅμα
2892 1042 2926 1108 ἡ
2961 1041 3138 1117 σφαγὴ
3179 1045 3276 1095 τοῦ
3336 1043 3752 1097 Κωνσταντίνου

2095 1126 2439 1202 ἀγγέλλεται.
2492 1131 2580 1192 Ὡς
2639 1133 2744 1208 γὰρ
2803 1133 3063 1204 ηὐξάνετο
3123 1134 3480 1208 καθ’ἡμέραν
3511 1135 3538 1188 ὁ
3571 1141 3757 1208 Λαχα-

2095 1222 2191 1279 νᾶς
2223 1218 2312 1272 καὶ
2344 1218 2550 1274 πολλοὶ
2602 1223 2994 1295 προσεχώρουν
3031 1219 3219 1294 ἐκείνῳ
3249 1221 3754 1297 κατολιείωροῦντες

2091 1310 2192 1360 τοῦ
2226 1311 2372 1383 σφῶν
2419 1305 2712 1382 βασιλέως,
2770 1307 3016 1364 ἐκποδὼν
3053 1307 3099 1363 δ’
3130 1309 3195 1376 ἦν
3252 1308 3360 1379 ἤδη
3395 1311 3484 1364 καὶ
3520 1312 3547 1364 ὁ
3582 1318 3752 1388 Σφεν-

2089 1388 2386 1457 τίσθλαϐος
2420 1399 2526 1449 τῶν
2561 1393 2737 1451 δόλων
2798 1398 3140 1470 ἀπονάμενος
3185 1401 3286 1463 τῆς
3341 1397 3574 1474 Μαρίας,
3613 1399 3664 1452 οἱ
3697 1396 3752 1453 δέ

2087 1503 2151 1558 γε
2201 1485 2695 1558 προσῳκειωμένοι
2750 1492 2830 1558 τῷ
2883 1487 3282 1558 Κωνσταντίνῳ
3338 1485 3388 1560 ἐξ
3447 1487 3746 1561 ἀνθρώπων

2085 1573 2222 1641 ἦσαν
2279 1578 2398 1635 ταῖς
2457 1578 2555 1638 τῆς
2620 1574 2827 1650 Μαρίας
2885 1575 3305 1652 κακεοτρεχείας
3352 1581 3748 1651 κατειργασμέ-

2084 1682 2190 1730 νοι,
2225 1663 2340 1716 ὅσοι
2404 1660 2460 1717 δὲ
2519 1663 2609 1718 καὶ
2671 1672 2960 1739 περιῆσαν,
2996 1666 3046 1719 οἱ
3083 1665 3177 1738 μὲν
3208 1665 3334 1740 παρ’
3385 1663 3602 1718 ἐκείνων
3663 1662 3750 1718 ἐπὶ

2083 1747 2353 1812 δυσνοίαις
2409 1753 2844 1824 ὑπωπτεόοντο,
2904 1755 2958 1807 οἱ
3024 1751 3080 1808 δὲ
3137 1753 3226 1808 καὶ
3286 1758 3404 1814 ταῖς
3463 1751 3748 1822 ἀληθείαις

2084 1836 2388 1908 ἐδυσνόουν,
2431 1840 2592 1911 μόνος
2625 1841 2659 1910 ἢ
2696 1843 2811 1914 μετ’
2871 1841 3070 1917 ὀλίγων
3107 1841 3546 1919 ἐγκαταλειφθεὶς
3605 1848 3748 1895 Κον-

2084 1934 2365 1990 σταντῖνος
2399 1930 2545 2004 ὁρμᾷ
2580 1930 2859 2002 μετελθεῖν
2903 1933 2993 1985 τὸν
3027 1929 3136 2002 ἤδη
3171 1931 3260 1986 καὶ
3306 1930 3467 1985 αὐτοῦ
3521 1928 3756 1984 κατολι-

2081 2021 2388 2092 γωροῦντα.
2447 2019 2544 2073 Καὶ
2597 2017 2664 2088 δὴ
2718 2021 3112 2093 συνταξάμενος
3170 2021 3264 2083 τὰς
3319 2021 3576 2092 δυνάμεις
3628 2019 3745 2098 ἐφέ-

2082 2126 2204 2178 ρετο
2241 2107 2338 2179 μὲν
2371 2106 2451 2184 ἐφ’
2509 2107 2742 2180 ἀμάξης,
2804 2109 2866 2162 0".
2901 2107 2957 2163 δὲ
2988 2110 3067 2170 οἷς
3101 2109 3302 2170 ἐκεῖνος
3359 2108 3603 2163 ἐπίστευε
3649 2108 3745 2168 τὰς

2083 2196 2213 2270 ὑπὲρ
2271 2195 2479 2251 ἐκείνου
2559 2199 2734 2272 ὁρμάς
2807 2198 3150 2252 κατεκλῶντο
3188 2242 3199 2253 .
3255 2200 3314 2254 Ὁ
3375 2195 3431 2251 δὲ
3487 2201 3740 2272 Λαχανᾶς

2080 2284 2251 2357 ὁμόσε
2282 2287 2546 2359 χωρήςας
2609 2284 2818 2358 ἐκείνῳ,
2867 2287 2980 2359 ἅμα
3038 2286 3220 2364 φανεὶς
3277 2285 3613 2340 ἐπεισπίπτει
3645 2284 3738 2339 καὶ

2075 2374 2212 2428 κατά
2269 2373 2464 2449 κράτος
2521 2375 2697 2450 αἱρεῖ,
2757 2375 3004 2430 κάκεῖνον
3069 2373 3238 2450 μηδὲν
3295 2375 3433 2430 κατὰ
3488 2374 3736 2448 πόλεμον

2076 2461 2347 2538 πράξαντα
2399 2462 2681 2539 βασιλείας
2754 2462 2900 2538 ἄξιον
2962 2461 3120 2536 δίκην
3179 2462 3382 2540 ἱερείου
3430 2463 3734 2540 κατασφάτ-

2077 2680 2360 2751 ﬁrmaret;
2391 2681 2607 2753 partim
2643 2686 2705 2739 ut
2727 2683 2826 2756 qui
2863 2684 2932 2740 ab
2974 2683 3078 2740 illa
3135 2688 3302 2757 parte
3358 2685 3638 2758 patebant
3668 2686 3731 2742 in

2077 2769 2404 2826 Romanam
2437 2770 2720 2828 ditionem
2745 2774 2963 2838 aditus,
2997 2790 3101 2844 per
3148 2790 3297 2844 quos
3327 2791 3400 2830 ne
3430 2773 3735 2832 Lachanas

2074 2857 2325 2914 irrueret
2357 2859 2555 2914 audita
2581 2861 2650 2914 de
2680 2861 2781 2916 illo
2813 2861 3018 2917 timere
3067 2862 3378 2934 cogebant,
3439 2863 3734 2934 praesidiis

2075 2951 2132 3003 et
2165 2948 2595 3004 munitionibus
2625 2948 2853 3005 idoneis
2887 2959 3332 3024 prmoccuparel.
3374 2951 3490 3006 Hoc
3535 2951 3736 3008 animo

2074 3040 2215 3093 dum
2246 3037 2440 3094 citatis
2472 3039 2641 3110 equis
2673 3056 2880 3095 versus
2903 3040 3266 3097 Orestiadem
3302 3040 3602 3096 contendit
3633 3057 3735 3112 per

2073 3133 2375 3182 concretos
2408 3129 2596 3197 rigida
2646 3128 2839 3184 hieme
2895 3130 3026 3202 gelu
3087 3147 3326 3203 campos
3385 3147 3728 3202 properans,

2069 3216 2316 3288 contigit
2346 3221 2402 3272 ct
2429 3217 2546 3288 pati
2579 3234 2712 3272 cum
2747 3225 2802 3274 et
2835 3219 3148 3290 periclitari
3183 3220 3549 3291 gravissime.
3581 3219 3726 3275 Nam

2068 3322 2257 3376 equus
2289 3323 2403 3378 quo
2434 3307 2756 3364 vehebatur
2785 3309 2990 3380 lapsus
3021 3309 3078 3364 in
3121 3309 3327 3380 glacie,
3363 3326 3496 3364 eum
3539 3325 3732 3364 sesso-

2063 3411 2187 3450 rem
2220 3395 2445 3461 eﬂudit,
2482 3400 2606 3451 tum
2641 3414 2820 3468 supra
2850 3397 3046 3468 ipsum
3081 3402 3197 3453 tota
3230 3397 3384 3453 mola
3415 3396 3730 3453 concidens

2063 3487 2292 3539 tantum
2331 3502 2446 3540 non
2480 3487 2794 3557 oppressit,
2828 3486 3198 3542 vulneratum
3248 3487 3306 3541 in
3365 3485 3639 3542 manibus
3670 3491 3728 3541 et

2061 3573 2228 3628 vultu
2256 3573 2400 3628 adeo
2433 3591 2549 3630 non
2583 3574 2807 3641 leviter,
2833 3580 2895 3629 ut
2927 3575 3022 3629 vix
3052 3575 3234 3631 totius
3256 3576 3384 3646 ejus
3435 3576 3725 3630 diuturnas

2062 3662 2455 3733 expeditionis
2489 3665 2677 3734 spatio
2711 3664 3015 3736 persanari
3050 3664 3226 3735 plagae
3260 3665 3576 3736 potuerint,
3626 3668 3727 3719 aut

2057 3750 2212 3806 efﬁci
2245 3751 2385 3821 quin
2419 3751 2731 3807 luculentas
2777 3752 3083 3808 cicatrices
3114 3754 3390 3808 reducem
3431 3753 3628 3825 ipsum
3661 3753 3720 3808 in

2061 3840 2268 3895 urbem
2321 3839 2512 3896 adhuc
2562 3841 2980 3898 deformarent.
3016 3842 3303 3899 Caeterum
3339 3846 3480 3898 tunc
3537 3841 3618 3896 illi
3659 3859 3726 3899 eo

2063 3927 2268 3984 itinere
2298 3928 2740 4000 Adrianopolim
2777 3930 3108 3986 advenienti
3143 3931 3397 3987 occurrit
3429 3934 3622 3988 certus
3655 3934 3727 3989 de

2060 4018 2217 4074 caede
2233 4017 2605 4073 Constantini
2633 4018 2900 4074 nuntius.
2923 4019 3066 4074 Cum
3100 4021 3256 4075 enim
3282 4021 3640 4076 adolesceret
3666 4021 3724 4076 in

2059 4107 2186 4163 dies
2229 4108 2488 4178 potentia
2533 4108 2838 4175 Lachanse,
2886 4117 2938 4163 et
2986 4107 3222 4181 Bulgari
3272 4110 3495 4180 passim
3528 4127 3561 4166 a
3590 4127 3728 4182 rege

2059 4213 2167 4253 suo
2202 4195 2345 4267 ipsis
2371 4195 2567 4268 spreto
2600 4197 2669 4252 ad
2705 4195 3021 4252 subulcum
3069 4198 3408 4264 deﬁcerent,
3464 4215 3569 4253 nec
3623 4199 3724 4270 qui

2059 4286 2349 4359 potuisset
2375 4286 2662 4341 obsistere
2693 4285 3219 4358 Sphentisthlabus
3251 4287 3406 4342 434
3447 4303 3721 4357 superes-

2059 4376 2480 4449 set,insidiosis
2511 4377 2702 4434 Maria:
2764 4376 3167 4433 delinimentis
3226 4377 3402 4433 miser
3461 4377 3724 4433 lucratus

2058 4467 2327 4536 exitium,
2362 4484 2672 4540 procerum
2705 4485 2838 4525 vero
2889 4467 3082 4539 gentis
3135 4469 3232 4540 qui
3289 4468 3542 4524 maxime
3573 4466 3720 4522 Con-

2060 4558 2321 4613 stantino
2357 4557 2728 4620 studuerant,
2760 4558 2976 4628 partim
3011 4556 3312 4613 sceleratis
3333 4557 3523 4614 Mevia;
3555 4555 3722 4612 moli-

279 4646 456 4701 modo
488 4647 648 4704 enim
683 4647 857 4704 homo
905 4653 1028 4706 tam
1060 4647 1196 4705 vilis
1229 4653 1350 4705 tam
1400 4665 1604 4705 secure
1662 4648 1944 4721 prodiret,
1976 4625 2023 4692 D
2057 4647 2316 4705 tionibus
2353 4649 2642 4704 interfecti
2677 4647 2950 4712 fuissent,
2985 4649 3086 4722 qui
3115 4665 3253 4706 vero
3314 4648 3508 4705 adhuc
3562 4647 3720 4702 vive-

281 4733 403 4790 nisi
431 4737 753 4807 productus
779 4738 994 4794 ﬁducia
1022 4754 1199 4810 opum
1251 4755 1366 4794 non
1425 4738 1858 4810 apparentium,
1889 4743 1948 4794 et

283 4823 476 4881 multo
506 4827 798 4897 majorum
830 4844 1012 4899 quam
1045 4844 1173 4900 quas
1205 4831 1608 4895 cernerentur,
1643 4827 1756 4884 sibi
1809 4843 1947 4882 con-

281 4911 444 4970 scius
474 4913 689 4971 virium
711 4915 740 4972 ?
771 4917 1055 4974 Caeterum
1102 4917 1162 4974 in
1223 4917 1524 4973 communi
1560 4915 1949 4972 admiratione

284 5002 598 5060 amborum
630 5005 1054 5064 Constantinus
1086 5005 1273 5075 solus,
1337 5022 1510 5077 quem
1560 5003 1809 5078 periculi
1859 5004 1946 5060 vis

285 5093 679 5165 propinquior
694 5100 908 5166 ureret,
935 5096 1180 5168 trepidis
1197 5097 1412 5168 raptim
1432 5095 1644 5152 habitis
1666 5097 1786 5152 toto
1801 5094 1946 5166 jugo

282 5179 635 5250 delectibus,
669 5184 1098 5242 admovendam
1133 5189 1372 5242 strenue
1419 5185 1647 5258 putavit
1703 5199 1944 5239 manum

283 5272 548 5328 remedio
571 5273 711 5330 mali
734 5273 906 5348 longe
923 5275 1078 5332 ultra
1098 5292 1276 5347 quam
1301 5275 1620 5347 quisquam
1635 5271 1947 5346 imaginari

285 5362 578 5435 potuisset
606 5363 1080 5435 inopinatissime
1131 5363 1430 5420 nascentis
1491 5363 1944 5434 crescentisque.

284 5455 466 5508 Porro
513 5451 840 5525 imperptor
895 5455 1158 5512 nondum
1217 5453 1316 5510 ille
1364 5453 1603 5526 quidem
1660 5450 1950 5525 expedivit

281 5539 602 5598 consilium
629 5541 908 5599 bellandi:
942 5548 1138 5599 tamen
1170 5543 1284 5598 sibi
1308 5542 1799 5613 proﬁciscendum
1820 5558 1947 5598 ver-

281 5646 390 5690 sus
421 5629 604 5688 istum
633 5629 887 5689 limitem
920 5631 1248 5700 constituit,
1281 5631 1497 5705 partim
1525 5635 1592 5688 ut
1617 5647 1684 5688 ex
1705 5631 1947 5704 propin-

283 5733 404 5792 quo
435 5726 816 5794 cognosceret
839 5723 1055 5780 certius
1083 5723 1163 5792 et,
1187 5719 1239 5779 si
1273 5718 1416 5796 quid
1433 5717 1516 5778 ibi
1538 5717 1781 5790 labaret,
1809 5735 1949 5779 oon-

2056 4737 2201 4794 bant
2233 4739 2447 4810 partim
2483 4738 2630 4793 falso
2663 4742 3149 4810 suspectarentur
3179 4739 3346 4810 quasi
3401 4737 3723 4793 rebellibus

2057 4827 2339 4897 faverent,
2372 4825 2586 4899 partim
2623 4843 2821 4882 revera
2853 4828 3238 4898 regnantibus
3271 4827 3475 4882 offensi
3509 4827 3723 4898 pende-

2057 4919 2188 4971 rent
2217 4915 2275 4970 in
2328 4914 2838 4987 praevalescentem
2903 4915 3242 4983 factionem,
3304 4915 3723 4969 Constantinus

2058 5005 2241 5060 ferme
2272 5004 2433 5062 solus
2465 5003 2524 5060 in
2559 5004 2751 5060 medio
2784 5002 3024 5060 relictus
3047 5003 3165 5060 acri
3189 5003 3536 5060 necessitate
3559 5019 3718 5058 com-

2057 5093 2269 5166 pulsus
2298 5099 2388 5150 est
2415 5098 2640 5150 tentare
2681 5110 2815 5149 cum
2851 5091 3056 5164 paucis
3109 5109 3286 5164 opum
3338 5092 3713 5165 antiquarum

2058 5183 2328 5254 reliquiis
2359 5182 2544 5239 aleam
2579 5181 2716 5238 belli
2749 5189 2802 5238 et
2831 5199 2893 5239 se
2917 5181 3199 5238 Lachanae
3218 5183 3344 5254 jam
3367 5182 3564 5255 ipsum
3585 5200 3718 5239 con-

2058 5271 2344 5328 temnenti
2376 5271 2650 5344 objicere.
2687 5271 3039 5327 Instructam
3069 5288 3202 5342 ergo
3230 5277 3431 5328 contra
3461 5271 3716 5327 inferens

2057 5362 2240 5418 aciem
2265 5362 2390 5434 ipse
2422 5363 2477 5418 in
2513 5379 2687 5418 curru
2721 5369 2944 5428 vectus,
2977 5367 3035 5418 et
3064 5363 3164 5418 ﬁdi
3213 5363 3265 5418 ei
3299 5363 3469 5434 pauci
3529 5363 3710 5434 repri-

2059 5469 2218 5510 mere
2249 5452 2507 5526 impetus
2535 5453 2777 5525 impune
2816 5453 3102 5510 hactenus
3149 5455 3546 5525 grassantium
3577 5455 3718 5508 sunt

2059 5542 2266 5598 adorti.
2300 5547 2378 5598 At
2405 5541 2709 5599 Lachanas
2741 5547 2946 5600 contra
2986 5559 3049 5600 se
3105 5543 3476 5600 venientibus
3509 5557 3714 5598 occur-

2058 5647 2215 5702 rens,
2248 5630 2428 5688 simul
2466 5631 2636 5701 vidit,
2669 5631 2845 5690 simul
2904 5633 3184 5698 admovit,
3245 5630 3426 5688 simul
3482 5646 3712 5688 vaesano

2057 5717 2290 5778 irruens
2323 5719 2548 5795 impetu
2584 5721 2752 5780 cadit
2779 5719 3101 5781 exercitum
3135 5725 3193 5779 et
3220 5719 3392 5795 plene
3422 5717 3620 5792 vincit;
3643 5737 3710 5778 ac
