4080 6394
346 399 451 454 891

1662 386 1962 444 GEORGII
2000 382 2467 442 PACHYMERB

3668 386 3784 443 892

346 544 449 580 τει.
507 519 668 583 Τινᾶς
725 518 784 576 δὲ
848 523 956 576 τῶν
1034 517 1240 574 ἐκείνου
1314 510 1829 590 καταγωνισάμενος
1881 510 2000 572 τοῖς
2031 509 2087 577 Α
2116 508 2230 581 ἅμα
2286 505 2345 564 δὶ
2397 509 2489 565 καὶ
2541 506 2609 564 τὰ
2665 509 2872 586 ἀρχαῖα
2922 511 3414 588 προσαφαιρεῖσθαι
3481 510 3780 569 κλίνουσαν

351 611 573 674 λοιποῖς
605 612 680 674 ὡς
709 608 985 688 σφετέροις
1028 607 1253 683 ἐχρῆτο.
1300 604 1403 662 Καὶ
1451 601 1561 674 ἤδη
1618 596 1852 678 βεϐαίως
1882 597 2004 688 ἐπι-

353 702 502 777 σχὼν
570 701 667 767 τὴν
734 687 921 773 ’χώραν
967 696 1055 751 καὶ
1086 693 1298 750 πόλεων
1359 693 1590 762 ἥπτετο,
1644 690 1733 745 καί
1761 690 1810 765 γ’
1842 687 2007 750 αὐτὰς

355 791 524 862 αἱρῶν
554 789 656 844 οὐκ
686 787 820 842 ἀνίει
854 787 925 847 ὡς
956 784 1139 860 ἅρχων
1173 783 1261 837 καὶ
1316 779 1573 857 βασιλεὺς
1610 778 2003 857 ρημιζόμενος.

356 878 530 936 Ἀλλᾶ
557 880 623 933 τὰ
657 877 749 950 μὲν
782 877 899 930 κατ’
929 874 1130 929 ἐκεῖνον
1179 872 1345 943 οὕτω,
1377 872 1467 927 καὶ
1528 871 1703 932 οὕτως
1735 866 2007 942 ὁσημέραι

354 967 521 1024 πλέον
555 965 915 1041 ἐμεγαλύνετο
936 963 1027 1018 καὶ
1060 961 1418 1035 εὐοδοῦμενος
1446 957 1717 1015 ἐπεδίδου.

461 1170 524 1229 δ’.
574 1176 764 1234 ’Ὁπως
784 1173 822 1245 ,ὁ
853 1168 1109 1245 βασιλεὺς
1138 1170 1224 1245 ’τῇ
1253 1165 1474 1245 θυγατρὶ
1508 1164 1717 1239 Εὶρήνῃ
1775 1163 1870 1218 τὸν

781 1240 946 1297 Ἀσὰν
977 1241 1053 1304 εἷς
1085 1241 1261 1315 γάμον
1296 1240 1561 1313 ἥρμοσεν.

427 1417 510 1488 [Ρ.
542 1416 668 1488 297]
699 1415 760 1470 Ὁ
794 1410 850 1467 δὲ
885 1409 1140 1488 βασιλεὺς
1189 1413 1268 1480 τῷ
1333 1408 1426 1480 μὲν
1481 1407 1626 1481 παρὰ
1659 1402 1812 1474 δόξαν
1865 1423 2006 1475 συμ-

355 1500 508 1559 ϐάντι
566 1504 639 1564 ὡς
698 1502 842 1565 είκὸς
898 1498 1249 1575 ἔπαλ-γήσας,
1308 1498 1375 1550 τὰ
1433 1493 1491 1549 δὲ
1545 1495 1664 1549 καθ’
1712 1492 1872 1547 αὑτὸν
1931 1490 2006 1553 ὠς

354 1593 477 1663 ἐνῆν
510 1590 1075 1669 κατασφαλιζόμενος,
1109 1587 1232 1642 ὅσον
1288 1583 1546 1661 ἀσφαλῶς
1573 1584 1716 1657 εἶχεν
1763 1582 1823 1637 ἐκ
1851 1588 2004 1635 Κων-

357 1681 633 1738 σταντίνου
672 1680 953 1747 πεσόντος,
1016 1678 1263 1746 ἐπαύζειν
1318 1673 1486 1744 ἤθελε
1542 1679 1662 1734 ταῖς
1720 1672 1857 1746 πρὸς
1912 1671 2003 1725 τὸν

360 1776 613 1848 Λαχανᾶν
673 1768 1025 1846 ἀγχιστείαις.
1088 1767 1185 1820 Καὶ
1244 1766 1465 1838 πεμψας
1533 1764 1625 1835 μὲν
1686 1760 2007 1848 ἐπεπειρᾶτο

2111 598 2178 653 τὰ
2234 597 2403 675 ζυγὰ,
2461 600 2626 675 ἀρετῇ
2685 595 2744 654 δὶ
2797 596 2889 654 καί
2942 598 3006 654 τὸ
3064 600 3504 676 προσγενόμενον
3565 598 3780 657 οῗκεῖον

2110 687 2198 741 καὶ
2257 688 2321 741 τὸ
2372 687 2774 762 ἀπογενόμενον
2857 687 2958 743 οὐκ
3041 686 3367 745 ἀνέλπιστον
3405 732 3420 758 ,
3476 690 3774 745 ὑπώπτευε

2110 777 2176 832 τά
2204 774 2392 832 πολλὰ
2414 778 2513 845 τὴν
2542 797 2740 853 τυχην,
2777 779 2853 850 μή
2894 775 3065 833 δοῦσα
3125 778 3342 855 μεγάλα
3392 777 3649 857 ἐξαίφνης
3707 780 3779 834 τὸ

2111 872 2214 921 πᾶν
2263 869 2477 943 ταχέως
2534 866 2824 945 ἀφέληται,
2857 866 2947 923 καὶ
3006 868 3208 942 ἂρετῆσ
3260 869 3336 942 μὴ
3400 865 3568 940 οὔσης
3630 866 3782 941 μηδὲ

2117 956 2297 1033 βραχὺ
2316 959 2405 1011 καὶ
2452 957 2514 1012 τὸ
2554 959 2679 1030 παρ’
2732 955 2944 1028 ἐκείνης
3001 955 3285 1031 διδόμενον
3343 958 3664 1035 ἀμαυρῷτο,
3701 960 3785 1019 ὡς

2118 1048 2192 1120 μή
2224 1046 2438 1124 φθάνειν
2493 1046 2926 1123 ἐπιτυγχάνοντα
2981 1049 3349 1121 θαυμάζεσθαι
3382 1048 3473 1102 καὶ
3505 1046 3783 1102 ἐλεεῖσθαι

2111 1136 2576 1213 ἀποτυγχάνοντα.
2612 1137 2710 1192 Διὰ
2736 1140 2900 1192 τοῦτο
2945 1137 3035 1192 καὶ
3066 1140 3236 1193 ταῦτα
3293 1138 3520 1215 στρέφον
3550 1136 3639 1193 ἐπὶ
3675 1137 3783 1193 λο-

2110 1231 2345 1302 γισμῶν,
2372 1225 2581 1301 βουλὴν
2610 1225 2867 1301 συνέλεγε
2893 1228 3023 1289 τοὺς
3072 1226 3209 1304 ἀμφ’
3259 1227 3423 1282 αὐτὸν
3457 1224 3783 1301 συγκαλῶν.

2111 1310 2353 1369 Ἔϐλεπε
2381 1315 2485 1391 γὰρ
2515 1315 2614 1384 τὴν
2647 1318 2755 1370 τῶν
2787 1314 3128 1392 Βουλγάρων
3155 1316 3335 1392 ἀρχὴν
3394 1315 3492 1371 τοῦ
3518 1336 3781 1391 προστα-

2111 1406 2374 1475 τήσοντος
2428 1404 2743 1479 χρῄζουσαν
2803 1404 2852 1478 ἐξ
2915 1405 3178 1479 ἀνάγκης,
3235 1404 3514 1482 παρετίθει
3576 1402 3637 1460 δὲ
3677 1405 3785 1460 καὶ

2110 1497 2191 1565 τῷ
2222 1498 2448 1569 Λαχανᾷ
2472 1494 2564 1548 τὸν
2597 1492 2656 1548 ἐκ
2710 1498 2811 1548 τοῦ
2869 1496 3059 1563 Μυτζὴ
3113 1495 3387 1566 Ἰωάννην,
3419 1495 3510 1550 καὶ
3539 1498 3619 1566 τῷ
3677 1494 3787 1567 μὲν

2111 1582 2290 1656 τύχην
2325 1581 2414 1636 καὶ
2449 1582 2644 1655 θράσος
2672 1583 2762 1637 καὶ
2793 1582 2857 1637 τὸ
2890 1582 2978 1638 ἐπὶ
3001 1586 3110 1638 τῶν
3142 1584 3478 1659 πραγμάτων
3528 1583 3663 1637 εἶναι
3694 1583 3785 1645 εἷς

2112 1666 2413 1746 πρόσϐασιν
2444 1674 2543 1740 τῆς
2589 1672 2768 1746 ἀρχῆς
2828 1671 3215 1727 συντελέσοντα
3272 1672 3551 1748 ἐγίνωσκε,
3585 1672 3784 1728 Ἰωάν-

2112 1781 2207 1829 νην
2239 1757 2296 1813 δὲ
2324 1759 2387 1813 τὸ
2416 1758 2567 1835 γένος
2614 1760 2704 1814 καί
2744 1762 2845 1829 τὴν
2889 1761 2976 1838 ἀφ’
3009 1762 3178 1815 αὐτοῦ
3209 1761 3461 1835 σύναρσιν
3520 1778 3779 1834 κατοχυ-

356 1844 484 1914 τοί-ξ’
508 1844 806 1935 βαρϐάρρο,
868 1857 947 1934 ἐφ’
978 1854 1023 1927 ᾧ
1054 1856 1145 1909 καὶ
1194 1858 1386 1928 γνῶναι
1415 1852 1457 1907 εἰ
1490 1853 1686 1911 ἱκανῶς
1747 1844 1870 1923 ἔχοι
1917 1849 2007 1902 καὶ
2043 1869 2090 1934 Β
2123 1855 2247 1924 ροῦν
2282 1849 2357 1911 εἷς
2390 1848 2568 1924 ἀρχὴν
2620 1849 2712 1904 οἶά
2756 1851 2805 1905 τ’
2837 1845 2967 1905 ὄντα
2996 1851 3087 1905 καὶ
3132 1849 3344 1923 μᾶλλον
3380 1847 3634 1924 διέκρινε.
3671 1849 3788 1906 Καὶ

356 1950 492 2022 πρὸς
520 1950 581 2003 τὸ
613 1948 801 2023 πρόσω
834 1950 1060 2022 χωρεῖν,
1111 1943 1283 2004 οὕτως
1316 1941 1611 2017 ἀρξάμενος
1664 1940 1757 2012 μὲν
1793 1940 2012 2011 ἀπεριτ-

358 2060 486 2099 τως.
531 2039 597 2092 τὰ
659 2038 887 2111 μέγιστα
946 2032 993 2089 δ’
1050 2032 1370 2107 εὐτυχηκὼς
1430 2031 1487 2085 ἐκ
1537 2033 1635 2084 τοῦ
1697 2027 1882 2104 ῥᾷστα.
1915 2026 2015 2081 Καί

361 2147 425 2202 γε
477 2127 566 2181 καὶ
619 2122 869 2202 γαμϐρὸν
927 2123 1013 2177 ἐπὶ
1076 2119 1315 2196 θμγατρῖ
1368 2116 1633 2173 διενοεῖτο
1692 2121 1907 2185 ποιεῖν,
1969 2114 2018 2169 εἷ’

362 2216 513 2291 σφίσι
566 2212 762 2284 δόξειεν
824 2212 1217 2283 ἐνικανωμὲνος
1275 2208 1363 2263 καὶ
1419 2208 1553 2282 πρὸς
1583 2205 1750 2274 αὐτὴν
1779 2206 1878 2273 τήν
1909 2208 2016 2258 τῶν

364 2302 694 2379 Βουλγάρων
726 2302 932 2376 ἀρχήν.
959 2301 1151 2372 ⁸Ὀμως
1186 2295 1232 2352 δ’
1261 2296 1460 2381 ἐνορῶν
1494 2296 1583 2350 καί
1614 2295 1676 2349 τὸ
1705 2301 1807 2363 τῆς
1834 2295 2013 2367 τύχης

359 2392 587 2447 ἄστατον
620 2435 634 2462 ,
685 2392 761 2454 ὡς
815 2390 929 2463 ἅμα
990 2389 1083 2462 μὲν
1134 2386 1449 2463 χαρίζεσθαι
1488 2385 1578 2439 καὶ
1630 2385 1697 2438 τὰ
1761 2384 2011 2459 μέγιστα,

355 2624 551 2681 regem
584 2607 804 2679 ipsum,
838 2603 940 2676 qui
975 2602 1121 2658 nihil
1153 2618 1220 2658 eo
1249 2600 1447 2673 praelio
1482 2599 1637 2654 fama
1667 2598 1913 2670 dignum
1946 2611 2012 2651 ac

350 2698 497 2753 tanti
522 2694 781 2751 nominis
798 2692 1030 2765 fastigio
1049 2691 1526 2764 egisset,misera
1544 2688 1735 2742 instar
1762 2684 2012 2740 victima

355 2786 541 2841 victor
588 2786 920 2851 obtruncat,
972 2780 1233 2853 reliquos
1290 2780 1416 2836 suis
1448 2776 1741 2848 adjungit.
1774 2774 1843 2830 Et
1891 2774 2015 2844 jam

359 2878 571 2947 aperta
603 2872 773 2945 plene
804 2871 1062 2945 regionis
1096 2873 1322 2941 potens,
1355 2869 1425 2923 ad
1454 2868 1630 2923 urbes
1653 2864 1763 2921 sibi
1826 2863 2016 2933 subji-

361 2963 601 3021 ciendas
631 2964 916 3018 convertit
943 2960 1233 3027 animum,
1268 2958 1441 3014 solito
1476 2971 1757 3012 successu
1802 2970 1816 3008 :
1860 2968 2019 3006 nunc

361 3054 520 3109 enim
550 3053 723 3118 hanc,
759 3067 914 3105 nuuc
968 3049 1128 3103 illam
1188 3047 1495 3124 capiebat;
1556 3060 1661 3098 nec
1710 3043 2021 3114 quieturus

360 3143 690 3209 videbatur,
726 3140 917 3212 quoad
952 3154 1053 3194 rex
1072 3138 1255 3193 totius
1286 3135 1442 3191 haud
1502 3132 1679 3188 dubie
1735 3129 2021 3202 Bulgaria

2123 1939 2361 1999 πολλοῖς
2392 1959 2452 2014 γε
2479 1935 2707 2013 ἤρεσκεν
2740 1941 2774 2008 ἠ
2812 1938 3014 2014 βουλὴ,
3041 1939 3134 1994 τὸν
3164 1943 3261 1995 τοῦ
3310 1944 3498 2009 Μυτζῆ
3533 1939 3649 1993 υἱὸν
3706 1938 3796 2003 εἴς

2126 2022 2371 2104 γαμϐρὸν
2421 2026 2663 2101 γενέσθαι
2711 2031 2792 2100 τῷ
2851 2028 3114 2101 βασιλεῖ,
3198 2029 3289 2082 καὶ
3340 2027 3511 2090 οὕτως
3569 2026 3661 2082 ἰπὶ
3710 2031 3790 2102 ’τῇ

2124 2117 2352 2191 πρόσθεν
2417 2116 2668 2192 βασιλειᾳ
2723 2116 3061 2172 καταστάντα
3117 2124 3504 2193 συνεγερθῆναι
3564 2117 3655 2172 καὶ
3687 2116 3794 2171 ἀπ’

2126 2205 2287 2260 αὐτοῦ
2318 2212 2399 2283 [Ρ.
2430 2208 2558 2278 298]
2592 2205 2885 2281 βασιλέως,
2947 2207 3062 2280 ἅμα
3125 2208 3219 2279 μὶν
3281 2205 3370 2261 διὰ
3412 2207 3476 2262 τὸ
3506 2207 3644 2280 πρὸς
3698 2210 3791 2278 τῷ

2126 2296 2318 2368 Μυτζῇ
2350 2292 2562 2350 δίκαιον
2595 2295 2684 2349 καὶ
2718 2296 2780 2349 τὸ
2810 2296 2918 2350 ἀπὸ
2963 2299 3071 2350 τῶν
3133 2297 3381 2370 πατέρων
3440 2294 3605 2350 αὐτοῦ
3636 2294 3793 2369 πρὸς

2124 2389 2260 2461 σφᾶς
2285 2381 2502 2459 ἱλαρὸν,
2539 2384 2654 2457 ἅμα
2684 2381 2742 2439 δὶ
2769 2383 2861 2439 καὶ
2907 2381 2997 2439 διὰ
3024 2385 3123 2454 τήν
3181 2388 3279 2439 τοῦ
3341 2381 3611 2460 βασιλέως
3644 2382 3800 2457 πρὸς

2122 2613 2242 2652 rem
2276 2598 2668 2655 conditionem
2702 2615 2769 2654 ac
2801 2602 3099 2668 naturam,
3151 2598 3246 2654 cui
3296 2602 3355 2655 et
3401 2614 3530 2671 qua
3570 2597 3797 2657 insunt

2123 2686 2273 2742 bona
2303 2703 2436 2743 vere
2485 2689 2717 2760 propria
2777 2688 3249 2745 inamissibiliter
3295 2688 3699 2760 possidentur,
3732 2695 3801 2747 et

2126 2793 2254 2850 qua
2284 2778 2500 2834 desunt
2522 2776 2919 2835 verisimiliter
2947 2782 3285 2849 sperantur,
3316 2776 3507 2834 vereri
3536 2793 3798 2850 magno-

2126 2884 2261 2939 pere
2293 2868 2467 2940 coepit
2516 2884 2587 2923 ne
2643 2871 2855 2924 cuncta
2912 2867 3034 2925 hac
3089 2868 3267 2924 sortis
3326 2866 3613 2924 beneficia
3671 2868 3801 2924 cita

2127 2957 2414 3028 ejusdem,
2450 2962 2678 3013 mature
2710 2957 2994 3029 pcnnitere
3018 2958 3307 3013 donorum
3340 2956 3549 3025 solita,
3600 2961 3803 3012 muta-

2128 3046 2285 3101 tione
2311 3048 2703 3113 auferrentur;
2737 3050 2794 3101 et
2821 3045 2910 3100 vel
2954 3046 3003 3100 si
3062 3050 3522 3118 perseverarent,
3586 3050 3800 3101 tamen

2133 3136 2285 3207 quod
2301 3135 2534 3191 virtutis
2557 3152 2628 3191 ne
2650 3135 2942 3190 modicum
2961 3135 3201 3206 quidem
3249 3136 3542 3204 subesset,
3581 3136 3801 3191 eadem

360 3231 582 3302 ubique
609 3227 1152 3285 acclamaretur.Sic
1184 3242 1246 3281 se
1276 3240 1366 3279 res
1390 3223 1674 3278 Lachaua
1701 3221 2021 3286 habebant,
2054 3236 2097 3304 ρ
2134 3226 2292 3281 brevi
2317 3242 2482 3281 mora
2507 3227 2822 3281 obscurata
2848 3223 3301 3292 obsolescerent,
3331 3240 3581 3297 seroque
3615 3223 3805 3279 inte]-

357 3318 721 3391 quotidianis
754 3316 1123 3389 proficientes
1173 3311 1573 3377 successibus,
1621 3315 1679 3366 et
1727 3310 1797 3366 ad
1857 3325 2022 3365 sum-

358 3426 518 3466 mam
550 3408 734 3477 brevi,
767 3412 835 3462 ut
887 3405 1229 3478 apparebat,
1282 3400 1606 3474 potentiam
1638 3403 1999 3471 perventum

362 3572 417 3627 4.
493 3571 559 3628 Ut
613 3569 924 3640 imperator
989 3565 1124 3699 ﬁli:
1147 3565 1364 3699 dlrena
1445 3564 1675 3618 Asanem
1741 3562 2031 3635 conjugem

1115 3660 1145 3699 ϐ
1181 3652 1311 3699 erat.

1115 3652 1212 3701 ede
1218 3652 1311 3699 νιι.

438 3776 763 3846 Imperator
819 3786 952 3827 vero
1007 3767 1261 3825 indoluit
1317 3766 1582 3839 quidem,
1623 3770 1691 3822 ut
1745 3784 1850 3839 par
1881 3753 2033 3822 erat’

372 3862 680 3935 inopinato
702 3861 866 3935 casui
894 3878 906 3915 :
940 3865 1211 3915 caeterum
1236 3856 1541 3913 securitati
1560 3872 1757 3913 rerum
1788 3870 2031 3911 suarum

375 3934 553 4025 quam
586 3951 710 4007 ﬂeri
743 3934 962 4022 optime
987 3952 1214 4021 poterat
1265 3948 1509 4002 studens
1559 3943 1890 4014 consulere,
1936 3960 2030 3999 co-

376 4042 641 4098 nandum
663 4039 1019 4097 existimavit
1048 4038 1102 4093 id
1127 4037 1283 4111 quod
1309 4052 1378 4092 ex
1395 4034 1626 4108 Bulgari
1655 4032 2030 4090 ditioneolim

380 4135 790 4204 usurpaverat,
850 4131 1023 4201 cujus
1079 4126 1515 4201 possessionem
1574 4126 1868 4179 ﬁrmatam
1917 4122 2031 4179 sibi

375 4222 610 4279 videbat
643 4219 1010 4276 Constantini
1069 4220 1275 4283 morte,
1336 4214 1449 4270 sibi
1482 4213 1700 4269 certius
1747 4227 2031 4279 asserere,

376 4311 703 4384 quinetiam
728 4326 963 4381 augere,
997 4305 1364 4363 conciliando
1395 4320 1462 4358 ac
1483 4301 2034 4375 jungendosibiper

375 4400 725 4455 afﬁnitatem
749 4397 1040 4454 Lachana.
1075 4394 1235 4451 Misit
1263 4392 1441 4464 igitur
1471 4391 1570 4462 qui
1592 4394 1886 4447 tentarent
1907 4390 2033 4446 ani-

374 4505 537 4544 mum
566 4487 832 4552 Barbari,
855 4490 911 4542 et
941 4485 1145 4541 eadem
1177 4481 1329 4538 435
1364 4497 1541 4553 opera
1585 4481 2034 4536 dissimulanter

371 4577 746 4650 explorarent
775 4576 928 4631 vires
960 4589 1215 4646 opesque
1247 4572 1397 4643 ejus,
1457 4570 1661 4643 ecquid
1722 4574 1922 4636 tanta,
1964 4584 2030 4672 ac
2062 4608 2108 4672 D

370 4675 580 4727 catera
608 4671 735 4741 ejus
767 4668 964 4725 omnia
985 4665 1089 4722 tali
1120 4664 1246 4721 loco
1303 4668 1525 4730 essent,
1577 4667 1643 4719 ut
1697 4661 2020 4734 exspectari

364 4762 500 4832 jure
533 4764 730 4831 posset
760 4774 897 4815 eum
929 4756 1029 4829 qui
1061 4761 1182 4811 tam
1213 4754 1414 4810 tenuia
1454 4752 1625 4809 initia
1684 4756 2030 4824 protentosa

375 4849 674 4907 fclicitatis
692 4846 1104 4920 multiplicatis
1120 4845 1406 4900 hactenus
1431 4842 1806 4898 successibus
1823 4858 2001 4897 cumu
2018 4868 2033 4880 -

373 4939 616 5005 laverat,
650 4938 773 5010 pari
803 4937 1082 5008 deinceps
1113 4948 1346 5005 quoque
1406 4930 1770 5003 profectuum
1830 4934 2031 4985 tenore

375 5028 447 5083 ad
478 5026 715 5084 culmen
746 5027 995 5084 fortuna
1027 5037 1329 5080 summum
1352 5026 1787 5092 perventurum.
1813 5018 2031 5084 Quodsi

375 5117 583 5172 horum
608 5115 788 5171 relatu
824 5113 1195 5188 cognovisset
1216 5127 1333 5165 non
1364 5107 2030 5165 esseilluminidoneum

375 5220 552 5276 regno
577 5204 877 5275 Bulgaria,
913 5220 1015 5260 nec
1049 5202 1336 5273 imparem
1360 5197 1489 5268 ejus
1544 5196 1802 5252 nominis
1839 5197 2029 5252 susti-

376 5294 581 5349 nenda
604 5298 904 5364 utcunque
926 5289 1238 5363 majestati,
1298 5287 1762 5357 haudquaquam
1815 5287 2031 5343 abhor-

376 5384 542 5439 rebat
572 5400 606 5437 υ.
635 5381 989 5454 cogitatione
1018 5394 1300 5451 generum
1333 5375 1445 5432 sibi
1475 5374 1643 5430 illum
1706 5375 2031 5431 asciscendi

377 5470 746 5545 propriaipsi
765 5468 1104 5526 collocanda
1124 5465 1499 5523 filia.Tamen
1528 5468 1810 5536 reputans
1843 5469 2032 5521 atten-

374 5561 497 5616 tius
548 5575 682 5614 cum
730 5557 1188 5613 inconstantiam
1250 5554 1496 5609 fortuna
1546 5553 1726 5609 simul
1775 5554 2035 5610 maxima

372 5644 768 5718 indulgentis,
787 5645 965 5703 simul
996 5645 1191 5703 subita
1221 5640 1606 5700 inclinatione
1635 5643 1822 5700 lancis
1853 5643 2031 5699 etiam

379 5732 629 5803 antiqua
659 5733 983 5810 eripientis,
1015 5737 1142 5791 tum
1171 5730 1405 5789 virtutis
1436 5733 1599 5790 tanto
1649 5729 2033 5804 prastabilio-

2139 3314 2423 3388 ligaretur
2452 3330 2568 3369 non
2591 3314 2776 3370 fuisse
2821 3315 3252 3387 properandum
3280 3317 3341 3368 in
3391 3313 3648 3370 nimium
3682 3314 3804 3368 mi-

2139 3405 2324 3460 rando
2357 3408 2737 3461 consecutum
2759 3404 2895 3472 ista,
2928 3408 3030 3459 aut
3058 3420 3124 3460 eo
3157 3403 3255 3474 qui
3304 3402 3523 3459 talibus
3572 3406 3813 3459 careret

2141 3493 2355 3549 misero
2387 3494 2668 3565 putando.
2701 3494 2891 3559 Quare
2921 3491 3229 3565 perpensis
3259 3491 3390 3548 istis
3416 3491 3534 3549 alio
3561 3497 3810 3548 vertens

2140 3582 2432 3650 animum,
2464 3582 2803 3639 convocavit
2832 3583 2984 3638 viros
3007 3582 3295 3655 pudentes
3326 3598 3476 3653 quos
3531 3580 3806 3637 habebat

2140 3688 2363 3742 secum,
2394 3672 2588 3745 iisque
2619 3688 2917 3744 exponens
2938 3672 3134 3728 videre
3170 3688 3236 3727 se
3294 3671 3597 3728 necesario
3656 3687 3800 3742 pro-

2138 3762 2457 3818 videndum
2491 3761 2811 3834 principem
2843 3761 3150 3833 Bulgaria,
3184 3762 3331 3818 duos
3362 3759 3799 3834 proposuitqui

2138 3855 2187 3910 ei
2221 3855 2439 3927 pratici
2489 3871 2663 3927 posse
2700 3854 3063 3922 viderentur,
3117 3853 3448 3909 Lachanam
3487 3857 3545 3909 et
3590 3853 3798 3925 Mytza

2139 3944 2327 3999 ﬁlium
2357 3945 2639 4000 Joannem
2674 3963 2688 4013 ;
2722 3943 2886 3998 etilli
2944 3943 3181 4014 quidem
3242 3944 3539 3999 fortunam
3587 3942 3804 3997 suifra-

2138 4034 2285 4106 gari,
2310 4032 2505 4089 inesse
2534 4032 2801 4089 animum
2833 4032 3111 4098 audendi,
3143 4032 3495 4105 magnisque
3525 4046 3632 4086 nec
3673 4030 3799 4086 im-

2139 4123 2435 4197 prosperis
2466 4122 2673 4194 captis
2699 4122 2995 4177 munitum
3020 4122 3254 4177 abunde
3272 4121 3387 4193 ipsi
3410 4120 3593 4176 videri
3614 4134 3799 4191 posse

2139 4213 2251 4269 iter
2281 4213 2351 4268 ad
2377 4227 2670 4269 summam
2698 4211 2876 4267 isthic
2898 4212 3238 4283 potentiam.
3267 4210 3479 4267 Joanni
3500 4215 3703 4266 tamen
3726 4213 3799 4264 ut

2139 4318 2253 4358 non
2285 4301 2718 4373 desperandum
2749 4300 3017 4356 videatur
3046 4315 3220 4372 posse
3252 4301 3325 4355 od
3356 4304 3624 4372 Optatum
3657 4316 3796 4356 suc-

2138 4390 2342 4446 cedere
2365 4393 2638 4446 conatum
2654 4391 2807 4445 istuc
2824 4390 3148 4463 aspriandi.
3174 4390 3361 4447 facere
3392 4405 3579 4463 genus
3600 4389 3799 4462 ipsius

2138 4484 2195 4535 et
2218 4484 2427 4534 caetera
2477 4479 2535 4534 in
2594 4480 2723 4551 ipso
2776 4480 2889 4535 sita
2911 4480 3065 4535 bona
3122 4479 3534 4551 prasidiaque,
3569 4479 3797 4551 quibus

2139 4568 2293 4624 haud
2332 4569 2509 4625 dubie
2540 4568 2906 4625 attolleretur
2927 4570 2998 4624 ad
3021 4585 3186 4641 spem
3210 4586 3326 4625 non
3352 4569 3794 4638 imprudentem

2150 4658 2207 4714 in
2241 4674 2307 4714 eo
2340 4657 2712 4731 pravalendi,
2745 4658 2790 4714 si
2826 4663 3097 4715 tentaret.
3120 4658 3361 4714 Addidit
3387 4657 3447 4713 in
3481 4658 3639 4715 hunc
3664 4674 3798 4713 ma-

2142 4748 2235 4821 gis
2253 4764 2382 4804 esse
2405 4749 2789 4820 prependere,
2819 4747 3149 4820 meliusque
3169 4748 3574 4805 collocandum
3597 4749 3657 4804 in
3681 4749 3799 4806 hoc

2142 4837 2538 4909 promovendo
2560 4837 2831 4893 arbitrari
2862 4853 3121 4909 operam.
3150 4838 3310 4894 Idem
3343 4838 3639 4911 plerisque
3661 4838 3800 4910 plac

2141 4925 2286 4995 cuit,
2306 4941 2633 4998 magnoque
2655 4942 2901 4981 assensu
2920 4927 3234 4998 probatum
3259 4927 3633 5000 imperatoris
3652 4944 3801 4984 con-

2142 5015 2343 5072 silium
2371 5020 2461 5071 est
2492 5015 2818 5071 asciscendi
2844 5016 2999 5071 486
3019 5015 3305 5073 Joannem
3338 5017 3399 5073 in
3421 5022 3804 5090 generum,et

2133 5106 2236 5175 jus
2265 5104 2315 5160 ei
2343 5120 2549 5175 genere
2581 5121 2647 5160 ac
2676 5105 3047 5161 hareditaria
3093 5105 3317 5161 ratione
3347 5111 3688 5179 competens
3720 5109 3800 5165 ad

2140 5193 2321 5249 istum
2356 5195 2754 5267 principatum
2804 5194 3036 5267 imperii
3065 5194 3296 5251 viribus
3327 5195 3629 5252 fulciendi.
3676 5195 3802 5253 Nec

2137 5283 2326 5339 videri
2356 5284 2746 5339 dubitandum
2772 5284 2917 5356 quin
2940 5300 3007 5340 eo
3040 5284 3227 5354 magis
3257 5283 3613 5340 inclinarent
3652 5284 3799 5342 Bul-

2141 5373 2288 5445 gari,
2324 5389 2389 5428 ac
2415 5373 2583 5429 facile
2606 5373 2947 5445 praferrent
2967 5374 3214 5429 barbaro
3242 5372 3490 5430 subulco
3517 5375 3800 5445 juvenem

2146 5461 2610 5533 nobilissimum,
2641 5467 2769 5519 tum
2798 5462 2981 5534 patris
3011 5464 3140 5534 ejus
3171 5462 3371 5536 Mytza
3404 5467 3670 5536 respectu
3707 5464 3807 5521 cui

2141 5567 2390 5623 regnum
2416 5551 2703 5625 Bulgaria
2717 5553 2981 5608 debitum
3008 5551 3189 5609 fuisse
3208 5551 3642 5619 meminissent,
3668 5558 3803 5611 tum

2142 5640 2426 5697 memoria
2459 5640 2620 5698 mitis
2640 5641 2700 5697 in
2729 5641 2892 5715 ipsos
2920 5641 3157 5714 latique
3202 5640 3438 5714 imperii
3500 5643 3801 5714 maiorum

2143 5730 2271 5802 ejus
2301 5735 2666 5803 caterorum,
2699 5733 2827 5787 tum
2859 5730 3113 5803 denique
3143 5739 3299 5787 metu
3325 5729 3519 5804 palam
3540 5730 3595 5789 si
3620 5730 3805 5789 fade-
