4080 6402
331 421 439 479 893

1389 433 1488 486 DE
1524 432 1899 488 MICHAELE
1935 433 2385 489 PALEOLOGO
2419 435 2554 488 LIB.
2596 435 2696 489 VI.

3651 435 3758 491 894

333 545 494 602 αὐτὸν
551 543 910 622 κηδεμονίαν,
941 547 1042 605 ὅσα
1081 549 1172 606 καὶ
1220 553 1482 628 πενθεροῦ
1530 553 1670 628 πρὸς
1698 547 1976 629 γαμϐρόν.
2014 558 2069 624 Α
2097 552 2271 624 τολῆς
2328 555 2637 610 ἐπισκόπων
2696 560 2968 630 παρῆσαν,
3001 556 3053 610 οἱ
3089 555 3182 627 μὶν
3240 554 3438 620 ἐκεῖθεν
3471 554 3668 625 ῗόντες,
3701 558 3755 610 οἱ

333 635 496 698 Εἰκὸς
530 632 589 691 δὲ
617 637 708 691 καὶ
737 638 831 693 τὸν
880 644 1136 715 Λαχανᾶν
1188 638 1248 695 ὲκ
1299 641 1476 718 τύχης
1517 641 1772 721 ἐξαίφνης
1823 665 1994 720 φυση-

333 723 509 796 θέντα,
565 724 990 802 ὑποχαλάσαντα
1040 730 1136 792 τὰς
1206 730 1381 804 ὁρμὰς
1436 736 1701 809 φανεισῶν
1751 732 1992 805 Ῥωμαϊ-

333 818 442 868 κῶν
475 813 648 870 ἐκεῖσε
696 813 975 889 δυνάμεων
1026 818 1060 887 ἢ
1111 820 1246 894 πρὸς
1295 817 1545 875 δουλείαν
1611 823 1897 876 ὑποπεσεῖν
1956 821 1991 891 ἢ

337 904 445 976 μὴν
474 901 565 958 καΐ
595 925 701 959 που
756 903 1024 980 κρυϐῆναι
1054 907 1340 984 φεύγοντα,
1397 910 1472 982 μὴ
1504 907 1705 985 ἔχοντα
1749 913 1856 981 ὅπη
1892 911 1992 986 ἄρα

331 993 422 1048 καὶ
457 993 824 1069 ἴσχυρίσαιτο.
859 996 1072 1072 Μαρίαν
1121 995 1179 1052 δὲ
1233 998 1324 1053 καὶ
1374 996 1544 1054 παῖδα
1599 999 1801 1069 ταύτης
1862 999 1988 1075 ῥᾷον

330 1081 460 1144 τοὺς
520 1079 849 1158 Τερνοϐίτας
917 1084 1262 1160 προδοῦναι·
1323 1089 1390 1142 τὰ
1444 1088 1544 1164 γὰρ
1605 1091 1740 1163 πρὸς
1795 1089 1990 1152 αὐτοὺς

329 1171 540 1242 ὲκείνης
570 1175 711 1229 κακὰ
740 1174 802 1229 ού
828 1180 1087 1231 τοσοῦτον
1151 1178 1320 1253 μικρά
1376 1177 1513 1233 ὥστε
1567 1178 1657 1233 καὶ
1703 1177 1848 1254 λήθῃ
1906 1175 1990 1232 δι-

332 1258 506 1316 δόναι.

328 1419 385 1475 ε’.
417 1419 605 1480 Ὅπως
636 1421 664 1474 ὁ
700 1420 957 1501 βασιλεὺς
988 1422 1077 1501 επὶ
1107 1422 1287 1501 τούτῳ
1317 1424 1536 1501 πεμψας
1569 1425 1746 1496 ἐζήτει
1784 1425 1990 1501 βουλὴν

757 1492 848 1547 καὶ
879 1495 1027 1570 παρᾶ
1065 1500 1161 1550 τοῦ
1190 1492 1558 1572 πατριάργου.

401 1616 558 1671 Ταῦτ’
615 1617 643 1672 ὁ
698 1616 952 1692 βασιλεὺς
1005 1618 1468 1695 βουλευσάμενος,
1503 1624 1593 1676 καὶ
1625 1623 1721 1691 τὴν
1757 1622 1863 1678 ἀπὸ
1891 1628 1988 1678 τοῦ

330 1705 678 1779 πατριάρχου
736 1705 942 1779 βουλὴν
1001 1708 1220 1782 πέμψας
1275 1709 1326 1763 ἐν
1390 1710 1726 1786 ἀποῤῥήτοις
1786 1711 1984 1781 ἐζήτει.

330 1791 433 1848 Καὶ
493 1794 553 1857 ’ὃς
608 1796 674 1848 τὰ
729 1793 918 1850 πολλά
942 1797 1078 1871 πρὸς
1108 1798 1203 1852 τὸν
1234 1802 1452 1867 Μυτζῆν
1488 1796 1697 1874 ἕρῥεπε,
1731 1800 1818 1854 καὶ
1851 1801 1987 1876 γρά-

331 1903 447 1986 φων
611 1883 794 1986 ὲπίτῇ
831 1884 1013 1961 βουλῇ
1031 1886 1222 1986 κρὀπήν
1252 1885 1453 1942 ἐδίδου·
1483 1887 1652 1942 Τοῦτο
1683 1888 1772 1942 καὶ
1814 1889 1986 1963 Πρίγ-
2020 1923 2067 1986 Β

332 1973 432 2044 κιψ
464 1972 492 2026 ὁ
523 1972 891 2050 ἱερομὸναχος
921 1973 1228 2047 Θεοδόσιος,
1263 1976 1510 2047 ἀξιωθεὶς
1539 1976 1627 2031 καὶ
1661 1978 1820 2040 οὗτος
1852 1978 1987 2052 πρὸς

337 2055 657 2133 συμϐουλὴν
688 2065 787 2132 τήν
821 2065 945 2137 περὶ
975 2065 1207 2134 τούτων,
1259 2064 1510 2144 ἔγραφεν,
1556 2064 1665 2137 ἤδη
1701 2069 1776 2128 εἰς
1805 2070 1985 2144 ψῆφον

331 2145 405 2202 ὢν
467 2151 864 2228 πατριαρχείου
900 2172 914 2186 ⁶
975 2155 1003 2208 ὁ
1060 2154 1159 2230 γὰρ
1220 2155 1499 2228 Εὖθύμιος
1555 2154 1830 2226 ἐτεθνήκει
1886 2163 1987 2226 τῆς

326 2238 713 2305 Θεουπόλεως.
753 2243 823 2297 Τὸ
855 2240 900 2297 δ’
931 2244 1081 2306 ὅπως
1115 2246 1175 2299 οὐ
1236 2251 1424 2320 χεῖρον
1459 2243 1650 2300 εἰπεῖν.
1687 2247 1988 2321 Κεχήρωτο

330 2329 425 2402 μὲν
486 2331 578 2385 οὖν
629 2331 694 2386 τὸ
741 2337 1158 2408 πατριαρχεῖον,
1211 2334 1302 2388 καὶ
1334 2333 1541 2389 πολλοὶ
1587 2338 1696 2389 τῶν
1727 2341 1828 2404 τῆς
1857 2333 1988 2389 ἀνα-

331 2549 444 2607 rati
475 2555 720 2623 tamque
751 2555 877 2607 arto
909 2555 967 2608 et
1005 2551 1313 2608 insolubili
1363 2551 1601 2623 pietatis
1651 2554 1984 2610 domestica

327 2638 564 2696 vinculo
593 2640 1052 2697 irrevocabiliter
1081 2641 1986 2714 adstrictiimperatoris,quanta

329 2728 483 2785 inter
514 2745 783 2785 socerum
816 2734 873 2785 et
902 2747 1184 2802 generum
1216 2731 1527 2787 intercedit
1566 2732 1940 2788 necessitudo
1967 2752 1982 2803 ;

331 2833 398 2874 ex
431 2835 547 2890 quo
577 2819 717 2876 certi
749 2824 947 2875 essent
972 2821 1112 2876 totis
1138 2837 1272 2876 eum
1305 2821 1538 2893 imperii
1559 2822 1783 2877 viribus
1814 2823 1982 2892 adju-

331 2910 618 2976 vandum;
644 2909 796 2981 quod
825 2909 1124 2965 videntem
1157 2911 1488 2965 Lachanam
1521 2915 1643 2965 erat
1670 2909 1984 2966 verisimile

341 2996 732 3054 remissurum
762 2999 962 3055 statim
1023 2998 1276 3054 multum
1329 3000 1401 3056 de
1431 2999 1699 3070 audacia,
1733 3004 1788 3056 et
1821 3017 1982 3055 com-

337 3100 542 3156 presso
569 3091 793 3142 tumore
823 3105 940 3160 quo
972 3088 1292 3160 aspirantis
1335 3089 1576 3144 fortunae
1626 3106 1768 3144 aura
1798 3089 1982 3144 levem

336 3173 620 3231 hactenus
676 3176 976 3234 hominem
1027 3177 1311 3243 inflasset,
1361 3180 1523 3234 fuere
1573 3183 1695 3234 tam
1744 3177 1988 3234 licenter

329 3265 680 3333 desiturum,
713 3271 891 3338 atque
922 3267 1023 3322 ubi
1053 3270 1349 3324 Romanas
1394 3269 1548 3324 acies
1607 3269 1664 3322 in
1716 3285 1822 3323 suo
1871 3267 1985 3323 sibi

325 3353 448 3409 solo
479 3353 701 3411 videret
728 3356 1051 3428 oppositas,
1086 3362 1188 3413 aut
1218 3357 1557 3414 servitutem
1609 3358 1980 3430 relapsurum

326 3443 663 3514 pristinam,
697 3449 801 3500 aut
833 3446 972 3518 fuga
1012 3451 1267 3513 matura,
1300 3447 1595 3502 damnatis
1629 3446 1980 3518 praevalendi

324 3533 564 3604 spebus,
600 3532 855 3590 latebras
889 3535 1104 3592 alicubi
1132 3537 1775 3608 captaturum.Mariam
1809 3554 1979 3610 porro

323 3621 634 3694 ﬁliumque
661 3623 792 3694 ejus
831 3624 998 3681 facile
1048 3626 1379 3697 prodendos
1429 3643 1463 3681 a
1512 3626 1868 3698 Ternobitis,
1919 3627 1979 3681 in

324 3727 579 3782 quorum
611 3717 810 3769 essent
843 3718 1090 3787 uterque
1122 3719 1431 3786 potestate,
1471 3714 1786 3771 verisimile
1815 3731 1883 3792 ex
1913 3732 1979 3770 eo

322 3814 473 3867 esse,
509 3802 662 3873 quod
697 3806 871 3858 tanta:
904 3820 970 3860 ac
994 3808 1117 3859 tam
1149 3807 1416 3860 rec-entes
1455 3809 1749 3860 exstarent
1778 3803 1981 3860 mulie-

319 3889 406 3945 ris
427 3891 558 3961 ejus
590 3891 650 3946 in
685 3894 844 3964 ipsos
878 3893 1204 3964 injuriaa,ut
1232 3911 1436 3950 earum
1469 3894 1773 3966 ipsosjam
1807 3895 1980 3967 plane

321 3977 537 4036 oblitos
569 3981 843 4038 credibile
875 3999 992 4039 non
1022 3987 1197 4040 esset.

317 4140 376 4196 5.
428 4141 494 4198 Ut
540 4141 860 4214 imperator
904 4143 970 4198 de
1008 4145 1287 4216 afﬁnitate
1333 4144 1574 4216 cogitata
1621 4143 1913 4200 consilium
1944 4160 1981 4199 α

635 4217 963 4286 patriarcha
987 4231 1086 4288 per
1127 4217 1323 4274 missos
1354 4218 1654 4289 quaesierit.

400 4338 527 4393 Haec
560 4355 691 4394 cum
716 4357 749 4394 a
781 4340 1027 4396 concilio
1069 4341 1225 4397 dicta
1268 4345 1487 4411 essent,
1530 4341 1851 4413 imperator
1877 4358 1977 4412 pa-

317 4425 591 4482 triarchae
633 4445 807 4500 super
844 4445 910 4485 ea
941 4447 1002 4487 re
1032 4431 1384 4488 sententiam
1417 4431 1836 4504 exquirendam
1869 4448 1977 4502 pu-

318 4517 488 4584 tavit,
545 4518 779 4574 arcanis
824 4535 929 4591 per
985 4519 1141 4576 viros
1194 4521 1438 4577 idoneos
1483 4519 1682 4577 missis
1741 4520 1976 4576 litteris.

323 4603 507 4661 lllein
540 4605 790 4679 Mytzam
823 4613 1031 4681 sponte
1063 4609 1285 4666 dudum
1320 4627 1428 4666 sua
1477 4627 1827 4682 propensus,
1884 4626 1974 4665 ce-

2099 639 2156 698 δὲ
2197 644 2286 698 καὶ
2338 642 2562 707 ἐνταῦθα
2615 648 2734 705 ταῖς
2790 643 3000 698 ἐκείνου
3059 650 3399 718 προτροπαῖς
3446 643 3752 717 γενόμενοι·

2105 727 2131 752 ,ν
2231 754 2242 762 η
2369 732 2382 750 κ
2528 733 2540 750 κ
2642 733 2665 767 11
2919 733 2932 750 κ
3133 738 3159 748 α.
3223 735 3234 754 ν
3402 735 3413 750 ι

2096 751 2292 806 ηρεσνιε
2321 753 2424 807 γαρ
2456 733 2542 786 ἐπι
2573 753 2790 796 τοδτοις
2845 755 2933 787 και
2989 735 3016 802 ἦ
3067 754 3163 787 του
3240 728 3558 807 Λναζαρϐου
3615 740 3753 787 Θεο-

2099 817 2350 896 δωρήτου
2387 822 2586 897 βουλὴ,
2621 821 2695 883 εἷς
2725 822 2884 876 νόσον
2917 819 3026 891 ἤδη
3059 820 3338 884 κλιθὲντος
3371 827 3467 877 τοῦ
3498 825 3758 897 πατριάρ-

2098 929 2232 984 χου,
2292 911 2418 972 τοὺς
2471 911 2688 972 ἱκανοὺς
2743 911 2800 964 ἐκ
2856 913 3174 987 προτροπῆς
3232 910 3439 966 ἐκείνου
3491 911 3755 988 γίνεσθαι,

2098 997 2178 1076 ἐφ’
2235 1001 2280 1071 ᾦ
2337 1001 2427 1055 τὸν
2488 1003 2602 1072 μετ’
2657 1000 2855 1056 ἐκεῖνον
2899 999 3464 1075 προσκληθησόμενον
3497 1001 3759 1071 ἀνεπιλή-

2098 1111 2247 1150 πτως
2307 1091 2380 1150 ὡς
2434 1091 2635 1151 ἱκανῶς
2691 1092 3037 1167 ψηφίζοιντο.
3097 1091 3186 1151 Ὠς
3242 1095 3372 1165 γοῦν
3423 1090 3669 1159 ἐζητεῖτο
3729 1092 3756 1145 ὁ

2096 1179 2516 1253 χρησιμεύσων,
2573 1183 2673 1253 [Ρ.
2733 1183 2859 1252 299]
2918 1181 3009 1234 καὶ
3071 1177 3248 1241 οὐδεὶς
3304 1183 3400 1234 τοῦ
3451 1178 3751 1256 Πρίγκιπος

2097 1267 2480 1342 ἀπεγίνωσκεν,
2556 1269 2623 1338 ἦν
2708 1270 2797 1322 οὖν
2876 1268 3030 1330 εὐθὺς
3108 1269 3198 1324 καὶ
3273 1270 3602 1346 ψηφίζεσθαι
3659 1269 3750 1322 καὶ

2094 1355 2522 1432 προσκαλεῖσθαι
2571 1358 2661 1412 τὸν
2710 1355 2897 1433 ἄνδρα.
2949 1358 3112 1412 Ἀλλ’
3159 1359 3186 1411 ὁ
3221 1356 3478 1432 βασιλεὺς
3507 1357 3669 1436 σοφόν
3702 1379 3753 1412 τι

2097 1446 2455 1522 συνορῶνέπῖ
2512 1446 2726 1508 τούτοις
2759 1447 3044 1501 ὑπώπτευε
3071 1449 3170 1516 τήν
3223 1446 3456 1521 χλεύην,
3514 1447 3604 1501 καὶ
3660 1449 3751 1502 τὸν

2093 1535 2435 1609 κρεμάμενον
2469 1535 2527 1590 ἐκ
2556 1544 2656 1605 τῆς
2689 1536 2922 1608 ὑποψίας
2952 1535 3267 1610 κατάγελων
3307 1539 3504 1608 μήπως
3539 1536 3755 1613 ὀφλήσῃ

2093 1625 2367 1701 προύνόει.
2401 1625 2476 1682 Τὸ
2509 1626 2608 1700 γὰρ
2640 1624 2918 1700 Ηρίγκιπα
2971 1625 3045 1698 μὴ
3101 1623 3174 1679 δι’
3216 1624 3350 1678 ὅλου
3400 1630 3465 1698 τῇ
3519 1625 3754 1694 Ἐκκλη-

2093 1716 2183 1786 σία
2213 1715 2501 1787 ἑνούμενον
2541 1713 2629 1769 διὰ
2656 1717 2722 1769 τὰ
2755 1710 3037 1786 συμϐάντα
3069 1711 3182 1768 οὐδ’
3238 1712 3385 1777 ὅλως
3431 1713 3642 1787 ἠγνόει,
3692 1715 3754 1768 τὸ

2094 1802 2150 1859 δὲ
2200 1802 2686 1867 συνυποκλίνεσθαι
2743 1804 2880 1858 κατᾶ
2937 1805 3104 1876 τιμὴν
3167 1803 3469 1876 ὑπερτάτην
3529 1823 3752 1872 προτει-

2095 1895 2329 1964 νομένην
2381 1890 2517 1966 ᾤετο
2574 1895 2690 1966 μὲν,
2741 1893 2840 1947 ούκ
2885 1894 2999 1966 εἶχε
3048 1890 3091 1946 δ’
3129 1893 3409 1965 ἀραρότως
3460 1891 3753 1949 πιστεύειν,

2099 1981 2163 2038 Εἰ
2191 1986 2321 2056 γοῦν
2358 1983 2648 2059 ψηφισθεῖς
2699 1984 2908 2056 ἀπερεῖ,
2961 1981 3093 2036 εἶναι
3132 1983 3224 2052 μὲν
3289 1979 3474 2052 ἐκείνῳ
3529 1981 3629 2048 τήν
3673 1981 3756 2034 ὅτι

2097 2071 2186 2124 καὶ
2242 2071 2562 2142 ἀξιούμενος
2623 2071 2729 2146 οὐχ
2776 2073 3076 2139 ὑπήκουσεν
3126 2069 3364 2143 αὐτάρκη
3404 2068 3753 2142 τιμὴν,τοὺς

2101 2157 2158 2213 δὲ
2185 2181 2246 2235 γε
2276 2158 2606 2221 καλέσαντας
2649 2159 2697 2232 ἐξ
2751 2159 2985 2234 ἀνάγκης
3032 2159 3395 2233 ἀποφέρεσθαι
3452 2159 3514 2212 τὸ
3563 2157 3751 2225 ἦττον,

2099 2247 2182 2304 ὅτι
2237 2248 2325 2303 καὶ
2384 2249 2654 2319 ἀξιοῦντες
2713 2249 2776 2302 ού
2848 2245 3316 2323 προσεδέχθησαν.
3371 2245 3569 2323 Γράφει
3625 2251 3752 2319 γοῦν

2098 2338 2188 2393 καὶ
2243 2343 2412 2393 ταῦτα
2481 2337 2532 2394 ἐν
2595 2337 2931 2415 ἀπορρήτοις
3005 2342 3083 2410 τῷ
3135 2335 3452 2412 πατριάρχῃ
3490 2379 3504 2405 ,
3561 2339 3752 2410 πειρᾷν

2096 2560 2266 2614 antea
2295 2575 2330 2613 a
2359 2557 2604 2629 degente
2634 2555 2754 2611 illic
2791 2555 3104 2628 Euthymio
3144 2553 3354 2622 vocati,
3398 2554 3542 2609 ‘huic
3590 2553 3749 2610 enim

2095 2663 2164 2702 ex
2194 2646 2398 2702 morbo
2431 2662 2546 2717 quo
2578 2645 2828 2701 decessit
2868 2643 3242 2700 decumbenti
3277 2647 3657 2715 persuaserat
3701 2642 3750 2698 ei

2097 2735 2792 2791 assistensTheodoritus
2850 2734 3161 2805 epiSCOpus
3219 2733 3592 2801 Anazarbi,e
3660 2733 3752 2787 sui

2094 2823 2531 2895 patriarchatus
2585 2823 2940 2896 prmsulibus
2997 2822 3277 2877 idoneum
3337 2821 3407 2876 ad
3462 2837 3590 2876 sese
3621 2821 3749 2891 jam

2095 2930 2254 2968 nunc
2286 2930 2524 2969 evocare
2555 2929 2890 2982 numerum,
2925 2910 3026 2983 qui
3069 2910 3363 2981 videlicet,
3414 2910 3462 2965 si
3515 2910 3655 2980 quid
3697 2907 3750 2965 ei

2095 3002 2306 3057 deinde
2337 3002 2679 3073 contigisset
2728 3001 3097 3070 humanitus,
3155 3001 3286 3070 eius
3343 3013 3745 3053 successorem

2091 3091 2268 3161 justis
2297 3098 2531 3162 possent
2563 3091 2860 3162 suffragiis
2883 3089 3110 3161 eligere.
3168 3089 3325 3143 Inter
3373 3087 3480 3142 hos
3534 3087 3745 3158 Euthy-

2095 3180 2214 3235 mio
2238 3181 2362 3250 jam
2399 3186 2626 3235 mortuo
2659 3181 2730 3234 de
2762 3178 3175 3234 substituendo
3220 3176 3272 3232 ei
3322 3177 3444 3231 viro
3479 3178 3602 3230 loco
3635 3176 3748 3230 isto

2097 3270 2272 3339 digno
2304 3269 2698 3340 disceptantes
2739 3269 2884 3323 satis
2941 3267 3250 3322 constabat
3294 3265 3749 3335 cunctorumju-

2096 3359 2248 3416 dicio
2281 3359 2552 3415 concordi
2587 3359 2880 3414 neminem
2914 3356 3168 3427 Principi
3213 3356 3394 3410 videri
3431 3354 3745 3426 praeferen-

2088 3449 2376 3506 dum.Nec
2404 3447 2526 3503 ulla
2556 3465 2659 3520 per
2702 3464 3060 3520 quemquam
3110 3445 3374 3516 ipsorum
3417 3460 3582 3498 mora
3620 3446 3746 3498 erat

2089 3538 2233 3609 quin
2268 3539 2540 3610 protinus
2573 3538 2928 3609 perferretur
2956 3537 3251 3590 decretum
3279 3532 3593 3590 evectionis
3614 3533 3742 3602 ejus

2086 3627 2146 3682 in
2177 3627 2527 3698 dignitatem
2570 3628 2768 3695 istam,
2830 3626 2994 3696 isque
3051 3625 3112 3678 in
3161 3640 3290 3679 eam
3349 3623 3456 3678 rite
3501 3627 3743 3677 vocatus

2083 3715 2561 3788 inauguraretur,
2596 3715 2708 3770 nisi
2750 3715 3052 3786 paulisper
3102 3711 3472 3784 supersederi
3523 3709 3742 3766 delibe-

2085 3805 2490 3875 rationemque
2533 3805 2816 3876 suspendi
2842 3803 3491 3874 jussissetimperator.
3557 3799 3735 3854 Vere-

2083 3896 2260 3949 batur
2299 3894 2373 3960 is,
2407 3910 2512 3965 pro
2536 3910 2603 3948 ea
2644 3910 2761 3964 qua
2800 3892 3026 3948 solebat
3057 3891 3335 3947 intimum
3384 3906 3580 3945 rerum
3641 3905 3738 3944 oc-

2083 3982 2449 4038 currentium
2521 3982 2805 4052 profunde
2871 3981 3203 4052 perspicere
3271 3978 3604 4051 prudentia,
3667 3993 3740 4032 ne

2081 4071 2194 4128 sibi
2226 4069 2427 4142 obrepi
2460 4069 2750 4141 illudique
2781 4070 2837 4123 in
2873 4069 2982 4123 hoc
3031 4069 3264 4140 negotio
3315 4068 3554 4130 sineret,
3617 4082 3739 4122 me-

2081 4162 2310 4232 ritoque
2352 4159 2720 4232 sapientibus
2777 4159 2960 4213 risum
3013 4159 3265 4223 deberet,
3328 4156 3379 4210 si
3430 4154 3736 4210 hominem

2081 4251 2235 4305 circa
2266 4267 2394 4305 eam
2428 4266 2555 4320 quae
2577 4252 2719 4304 tunc
2759 4247 3028 4318 ﬂagrarei
3077 4245 3138 4300 in
3183 4244 3445 4300 Ecclesia
3505 4247 3736 4299 contro-

2079 4342 2334 4397 versiam
2368 4359 2402 4397 a
2431 4357 2492 4396 se
2526 4342 2756 4397 diversa
2786 4339 3375 4406 sentientem,contra
3397 4350 3459 4389 se
3491 4349 3745 4405 aequam

2081 4435 2317 4504 putaret
2348 4429 2650 4485 meliorem
2685 4445 2948 4494 causam,
3001 4432 3162 4483 tanta
3217 4429 3458 4496 repente
3513 4422 3736 4478 armari

2081 4520 2428 4576 auctoritate
2461 4519 2847 4592 permitteret.
2872 4518 3156 4573 Caeterum
3193 4513 3331 4587 quia
3360 4511 3626 4568 eumdem
3665 4509 3735 4563 il-

2083 4608 2209 4665 lum
2239 4609 2566 4675 Principem
2596 4609 2679 4662 ita
2731 4609 2965 4663 videbat
3010 4623 3127 4661 non
3176 4600 3585 4659 dissimulasse
3644 4599 3737 4652 in-

321 4695 433 4750 leri
466 4695 746 4767 rescripto
776 4695 835 4751 id
889 4697 1207 4753 consilium
1258 4699 1479 4771 prolixe
1523 4699 1976 4765 commendavit,
2009 4670 2056 4735 D
2091 4699 2472 4755 clinationem
2541 4697 2834 4770 prepriam
2903 4696 2963 4750 in
3041 4695 3352 4750 factionem
3419 4691 3740 4747 schismate

319 4787 383 4840 et
407 4783 674 4841 videlicet
694 4787 1077 4859 praerogativa
1105 4791 1277 4843 tantae
1310 4788 1673 4844 auctoritatis
1695 4787 1973 4843 ultimum

318 4873 384 4928 in
417 4889 546 4930 eam
580 4877 804 4946 partem
846 4876 1130 4947 pendenti
1159 4875 1564 4933 deliberationi
1607 4880 1972 4933 momentum

319 4962 572 5020 addidit.
622 4964 838 5019 Eodem
892 4981 1136 5022 concors
1185 4965 1435 5022 accessit
1464 4966 1752 5037 judicium
1782 4964 1973 5020 hiero-

317 5051 594 5108 monachi
625 5052 937 5110 Theodosii
973 5060 1362 5126 cognomento
1388 5054 1703 5127 Principis:
1735 5070 1872 5110 nam
1902 5053 1972 5109 ad

314 5139 476 5196 hunc
510 5157 747 5213 quoque
779 5142 1103 5213 imperator
1132 5145 1450 5200 consilium
1491 5143 1800 5216 postulans
1832 5142 1974 5198 scri-

313 5232 538 5302 pserat,
573 5233 773 5300 utpote
815 5233 969 5288 487
1023 5233 1188 5305 justo
1243 5233 1659 5306 suffragiorum
1726 5248 1972 5288 numero

313 5317 696 5390 designatum
757 5321 1150 5392 patriarcham
1201 5324 1261 5378 in
1311 5324 1507 5381 locum
1568 5321 1974 5393 TheOpolitani

313 5405 624 5479 Euthymii
644 5408 771 5478 jam
804 5411 1045 5466 mortui.
1069 5415 1192 5477 Quo
1215 5415 1287 5469 de
1309 5417 1428 5469 toto
1460 5412 1686 5484 negotio
1720 5429 1834 5466 non
1869 5409 1973 5465 abs

314 5512 380 5554 re
412 5498 590 5554 fuerit
621 5497 960 5556 distinctius
993 5501 1087 5558 hic
1146 5503 1368 5576 aliquid
1432 5519 1667 5576 ponere.
1727 5501 1976 5558 Viduata

313 5589 553 5660 pastore
585 5587 962 5659 patriarchali
1012 5591 1336 5649 Antiochiae
1368 5593 1504 5648 sede
1535 5593 1776 5647 aderant
1808 5589 1974 5646 multi

317 5674 714 5732 Orientalium
742 5677 1098 5749 antistitum,
1134 5682 1378 5754 quidam
1411 5699 1479 5739 ea
1526 5697 1706 5738 causa
1762 5696 1792 5735 θ
1849 5679 1975 5735 suis

314 5761 585 5822 ecclesiis
615 5763 1187 5843 Constantinopolim
1236 5770 1500 5845 profecti,
1547 5765 1816 5828 nonnulli
1844 5769 1972 5841 jam

2086 4789 2378 4859 avulsam,
2409 4792 2473 4843 ut
2498 4792 2697 4843 tamen
2733 4803 2848 4842 non
2880 4789 3001 4840 tam
3035 4784 3094 4839 in
3147 4799 3216 4837 eo
3269 4782 3420 4836 ﬁxus
3449 4781 3737 4833 irrevoca-

2088 4878 2348 4950 bilisque
2395 4877 2696 4932 videretur
2749 4874 2892 4947 quin
2953 4871 3176 4945 sperari
3221 4873 3420 4942 posset
3471 4865 3738 4922 transitio

2083 4969 2212 5041 ejus
2244 4969 2302 5023 in
2337 4971 2535 5040 partes
2566 4982 2768 5021 eorum
2800 4963 2900 5036 qui
2933 4960 3193 5034 supremi
3225 4961 3351 5029 ejus
3375 4956 3612 5012 honoris
3643 4972 3738 5010 vo-

2080 5057 2348 5113 luntaria
2377 5055 2666 5112 delatione
2699 5053 2848 5108 nihil
2880 5068 2997 5108 non
3029 5050 3100 5106 ab
3133 5065 3199 5104 eo
3227 5046 3604 5115 meruissent,
3637 5061 3740 5100 ne—

2085 5147 2408 5202 cessarium
2442 5161 2571 5201 esse
2626 5143 2872 5198 credidit
2901 5142 3082 5212 hujus
3113 5139 3236 5211 spei
3273 5137 3483 5209 pignus
3515 5139 3740 5190 anteca-

2085 5251 2221 5308 pere
2252 5252 2355 5291 nec
2398 5250 2522 5290 rem
2553 5237 2779 5288 tantam
2809 5230 2985 5287 nimis
3045 5226 3370 5301 periculose
3403 5225 3539 5280 aleae
3573 5241 3738 5279 com-

2087 5325 2338 5381 mittere.
2379 5323 2524 5388 Quid
2561 5322 2610 5378 si
2639 5321 2796 5377 enim
2829 5319 3000 5376 aliter
3031 5318 3127 5374 ille
3162 5319 3283 5390 jam
3347 5312 3740 5386 proclamatus

2085 5419 2142 5470 et
2198 5413 2589 5485 inauguratus
2636 5409 2972 5482 patriarcha
3026 5424 3203 5481 quam
3255 5409 3556 5478 speratum
3614 5404 3740 5456 erat

2085 5506 2316 5575 saperet
2343 5522 2356 5570 ;
2396 5505 2453 5557 et
2483 5499 2790 5573 dignitatis
2821 5516 3088 5565 summae,
3121 5513 3294 5568 quam
3327 5512 3359 5550 a
3390 5490 3569 5548 stulte
3599 5505 3736 5544 oon-

2084 5592 2406 5647 ﬁdentibus
2437 5589 2780 5660 accepisset,
2831 5592 2954 5645 toto
2995 5589 3252 5662 pondere
3281 5579 3648 5640 incumberet
3675 5577 3732 5632 in

2084 5680 2528 5754 depressionem
2561 5680 2828 5751 ipsorum
2880 5679 3222 5736 eorumdem
3252 5673 3354 5748 qui
3404 5670 3491 5727 sic
3544 5668 3738 5740 ipsum

2085 5767 2450 5844 inexplorato
2498 5766 2654 5827 488
2715 5762 3208 5842 promovissent?
3261 5762 3362 5821 His
3419 5759 3492 5816 de
3538 5757 3735 5815 causis
