4080 6410
319 393 428 451 895

1629 393 1931 449 GEORGII
1971 395 2437 450 PACHYMERE

3645 380 3767 443 896

321 515 611 592 πρότερον,
670 515 765 579 εἶθ’
823 512 965 569 οὕτω
1020 513 1111 568 καὶ
1159 512 1363 592 ἐφιέναι
1410 514 1760 588 ψηφίζεσθαι.
1794 514 1858 572 Ἦ
1920 509 1977 567 δὲ
2007 518 2062 587 Α
2093 511 2309 580 πληθὺν
2365 506 2710 589 θριαμϐεύων
2765 504 3031 581 τοῦνομα,
3080 506 3172 564 καὶ
3231 503 3384 567 δίκας
3439 503 3762 579 προστιθεὶς

321 626 482 678 πειρα
538 608 604 673 ἦν
661 602 749 659 διὰ
807 609 903 659 τυῦ
962 605 1361 681 συγγράφοντος
1420 601 1589 658 τάδε·
1659 603 1817 667 οὗτος
1872 602 1973 679 γὰρ

324 696 607 764 συνήθειαν
659 689 805 768 ἔχων
839 692 913 755 εἰς
944 692 1144 747 ἐκεῖνον
1201 695 1300 761 τήν
1368 692 1629 765 μεγίστην
1661 694 1748 747 καὶ
1784 692 1871 747 ἐπὶ
1906 695 1976 766 τῇ

321 780 483 855 πείρᾳ
532 779 705 855 ταύτῃ
764 785 872 835 τών
931 779 1115 835 ἄλλων
1177 779 1540 855 προύκρίνετο
1576 825 1589 837 .
1648 780 1786 838 Τότε
1840 785 1976 856 γοῦν

322 870 459 924 κατὰ
485 870 553 924 τὰ
581 870 632 923 ἐν
666 868 1000 945 ἀπορῥήτοις
1048 868 1420 941 ἐπεσταλμένα
1484 871 1577 943 μὲν
1639 871 1776 943 πρὸς
1825 870 1981 945 βασι-

326 957 423 1014 λέα
477 963 556 1029 τῷ
588 960 921 1033 πατριάρχῃ,
983 956 1357 1032 ἐπεσταλμένα
1415 956 1472 1013 δὲ
1527 960 1674 1035 παρὰ
1717 958 1983 1035 πατριάρ-

324 1067 430 1123 χου
460 1052 538 1119 τῷ
569 1052 883 1123 συγγραφεῖ,
944 1053 1148 1125 φοιτῶν
1206 1047 1394 1122 ὲκείνῳ
1455 1048 1713 1125 συχνάκις
1770 1048 1860 1103 καὶ
1916 1050 1984 1104 τὰ

323 1136 446 1209 περὶ
519 1139 616 1191 τοῦ
693 1135 1095 1212 πατριαρχείου
1152 1137 1625 1213 προτεινόμενος,
1685 1135 1843 1200 εἷ’δὼς
1905 1140 1982 1211 μὴ

326 1222 494 1281 εἰδότι
544 1227 636 1280 τὸν
694 1230 819 1280 νοῦν
863 1226 1159 1300 ἐθηρώμην
1211 1229 1298 1282 καὶ
1330 1228 1429 1296 τήν
1463 1229 1690 1302 γνώμην
1724 1225 1983 1301 ἐνεχύρα-

327 1320 440 1384 ζον,
492 1314 581 1369 καί
639 1316 688 1389 γ’
720 1313 1139 1393 ἐπληροφόρουν
1172 1316 1701 1392 πληροφορούμενος
1735 1316 1809 1378 ὡς
1844 1314 1987 1383 κλη-

323 1401 432 1466 θεὶς
463 1402 784 1457 ὑπακούσειε
841 1404 932 1458 καὶ
963 1405 1062 1473 τὴν
1117 1404 1193 1467 είς
1241 1405 1302 1459 τὸ
1351 1410 1744 1480 πατριαρχεῖον
1790 1403 1986 1473 κλῆσιν

324 1493 681 1566 προσήσεται.
742 1492 935 1567 Γέγονε
984 1498 1172 1561 ταῦτα,
1232 1493 1323 1547 καὶ
1360 1494 1433 1554 ὡς
1469 1493 1774 1571 ὑποψηφίῳ
1818 1492 1988 1546 ἐντεῦ-

327 1592 413 1645 θεν
446 1582 892 1658 προσφερόμενος
940 1582 968 1636 ὁ
999 1587 1210 1656 κρατῶν
1242 1583 1308 1637 τὰ
1340 1582 1532 1659 φιλικά
1577 1603 1636 1637 τε
1692 1580 1987 1637 ἐπέστελλε

326 1671 417 1726 καί
449 1691 509 1746 γε
537 1677 645 1725 τῶν
682 1672 981 1747 ἀναγκαίων
1027 1673 1163 1727 κατά
1216 1670 1424 1748 βουλὴν
1477 1673 1740 1727 κοινωνὸν
1793 1671 1984 1739 ἐποίει,

332 1760 472 1817 Τότε
530 1760 711 1815 τοίνυν
760 1762 856 1823 τὰς
918 1761 1093 1815 αὐτῶν
1154 1760 1442 1834 δεξάμενος
1498 1757 1837 1835 συμϐουλὰς,
1895 1761 1986 1816 καὶ

331 1850 437 1925 πρό
468 1871 528 1925 γε
556 1850 767 1905 τούτων
826 1852 926 1920 τήν
955 1858 1054 1920 τῆς
1110 1849 1424 1923 δεσποίνης,
1454 1847 1596 1928 ἔργῳ
1625 1853 1693 1906 τὰ
1721 1858 1819 1921 τῆς
1856 1851 1987 1927 βου-

333 1944 437 2006 λῆς
492 1936 761 2014 ἐπλήρου,
821 1940 910 1994 καὶ
970 1939 1190 2013 πεμψας
1250 1937 1366 2016 ἄγει
1421 1961 1481 1995 τε
1537 1940 1613 2002 είς
1659 1940 1848 1995 ἑαυτὸν
1897 1940 1990 1995 τὸν

331 2025 585 2097 Ἰωάννην
644 2027 703 2082 ἐκ
752 2032 860 2082 τῶν
919 2030 1058 2083 κατὰ
1113 2027 1469 2101 Σκάμανδρον
1528 2031 1795 2105 Τρωϊκῶν
1857 2028 1992 2100 (ἐκεῖ

330 2116 435 2191 γὰρ
491 2117 584 2171 καὶ
636 2117 731 2179 τὰς
790 2113 1073 2193 διατριϐὰς
1121 2119 1386 2185 ἐποιεῖτο,
1418 2117 1699 2195 αὐτάρκως
1751 2123 1858 2172 τῶν
1916 2119 1990 2181 sic

332 2205 593 2281 πρόνοιαν
641 2202 810 2281 ἔχων)
865 2206 953 2261 καί
1025 2207 1510 2284 μετασχηματίσας
1559 2203 1810 2283 γαμϐρὸν
1869 2207 1996 2264 ἐκά-

336 2295 424 2349 λει
452 2294 541 2348 καὶ
580 2293 809 2369 βασιλέα
838 2294 1195 2370 Βουλγάρων.
1240 2298 1518 2352 ΜετετίΘει
1551 2295 1610 2351 δὶ
1655 2297 1745 2351 καὶ
1802 2302 1992 2352 τοῦτον

337 2384 414 2449 εἰς
468 2385 531 2439 τὸ
585 2381 683 2439 τοῦ
740 2387 965 2440 πάππου
1026 2385 1187 2441 Ἀσάν
1212 2386 1311 2441 ἀνὰ
1349 2392 1523 2442 πᾶσαν
1553 2388 1653 2457 τήν
1680 2385 1805 2463 περὶ
1835 2387 1993 2443 αὐτὸν

343 2600 921 2674 scripsitimperator
969 2618 1180 2659 arcano
1220 2602 1567 2674 patriarcha
1618 2602 1803 2659 videri
1851 2620 1883 2659 e
1937 2620 1999 2660 re

341 2690 484 2755 fore,
516 2689 564 2746 si
599 2691 943 2764 priusquam
995 2691 1300 2748 destinata
1350 2691 1657 2748 electionis
1720 2692 2000 2749 monachi

340 2777 631 2850 Principis
670 2779 731 2836 in
769 2780 1164 2852 patriarcham
1198 2780 1486 2837 indicium
1527 2784 1855 2849 emanaret,
1904 2795 2001 2836 ex-

340 2867 736 2940 perimentum
770 2873 1003 2942 caperet
1034 2872 1162 2940 ejus
1204 2869 1469 2940 animi,et
1496 2871 1579 2927 sic
1601 2875 1836 2926 tantum
1872 2886 1998 2941 per-

343 2955 477 3012 ferri
510 2957 765 3013 faventia
790 2959 902 3031 ipsi
937 2959 1218 3031 suffragia
1269 2958 1656 3030 permitteret,
1711 2960 1762 3015 si
1803 2959 2003 3031 qualia

350 3045 569 3102 vellent
597 3052 655 3101 et
679 3047 750 3101 ad
788 3048 1055 3103 Ecclesia
1118 3064 1321 3120 pacem
1354 3047 1674 3120 expediret,
1710 3049 2000 3104 facturum

351 3150 486 3190 eum
518 3140 675 3192 certo
704 3136 1080 3193 constitisset.
1128 3138 1243 3193 Hoc
1301 3153 1473 3208 porro
1528 3137 1998 3208 experimentum

2088 602 2182 664 τὰς
2241 602 2388 673 ἀξίας
2444 607 2561 664 τοῖς
2616 621 2678 676 γε
2733 601 2809 672 μὴ
2869 596 3044 660 οὕτως
3074 594 3304 671 λέγουσι
3331 595 3469 651 κατά
3495 613 3619 648 τινα
3653 613 3758 667 με-

2092 693 2386 765 μνημένοις
2431 691 2667 766 χρείαν.
2733 687 2830 743 Καὶ
2893 691 3001 742 τῶν
3064 684 3397 761 Βουλγάριυν
3455 681 3585 744 τοὺς
3649 682 3753 755 μὲν

2087 785 2437 857 προσχωρεῖν
2469 779 2707 853 ἑτοίμως
2757 775 2940 832 ἐκάλει
2994 776 3069 838 ὡς
3112 772 3306 830 αὐτίκα
3353 771 3757 849 εὐεργετήσων,

2086 870 2212 932 τοὺς
2270 868 2329 925 δέ
2382 892 2434 926 τι
2493 869 2584 924 καὶ
2636 870 3007 945 προνοοῦντας
3064 869 3161 920 τοῦ
3200 861 3479 941 ἀσφαλοῦς
3510 860 3753 936 πέμπων

2091 956 2290 1034 δώροις
2326 960 2419 1032 μὲν
2452 955 2715 1033 ἤγαλλεν,
2748 955 3082 1034 ἀνερῥώννυε
3114 951 3171 1009 δὲ
3221 959 3340 1015 ταῖς
3397 950 3618 1008 ἐλπίσιν
3672 949 3759 1014 ὡς

2091 1049 2147 1104 εὖ
2177 1049 2476 1123 πράξοντας
2510 1047 2555 1102 εἰ
2586 1047 2679 1103 τὸν
2731 1043 2990 1115 Ἰωᾶννην
3041 1042 3278 1114 δέξοιντο
3333 1041 3563 1119 βασιλέα
3610 1040 3764 1094 ἀπο-

2093 1139 2308 1201 στάντες
2366 1137 2597 1214 Μαρίας.
2650 1140 2829 1191 Ταῦτα
2880 1134 2975 1209 μὶν
3036 1134 3127 1190 οὗν
3184 1132 3246 1189 ἐκ
3301 1133 3401 1201 τῆς
3462 1127 3765 1204 Ἀδριανοῦ

2093 1227 2388 1299 ᾠκονόμει,
2423 1227 2503 1300 [Ρ.
2536 1227 2687 1298 3ΟΟ],
2732 1224 2822 1280 καί
2850 1244 3003 1285 τινας
3032 1220 3224 1277 αὐτίκα
3253 1220 3390 1295 πρὸς
3425 1217 3599 1292 μόνην
3650 1218 3762 1286 τὴν

2094 1317 2288 1389 φήμην
2325 1318 2803 1392 προσχωροῦντας
2855 1313 2912 1367 εὗ
2962 1308 3111 1387 ἔδρα,
3159 1308 3251 1365 καὶ
3296 1304 3767 1381 κατεδημαγώγει

2094 1403 2438 1481 Βουλγάρους
2468 1408 2586 1465 ταῖς
2620 1401 2999 1477 ὑποσχέσεσιν.

2096 1566 2140 1631 ς’
2172 1608 2185 1621 .
2243 1566 2433 1628 Ὃπως
2477 1562 2567 1620 καὶ
2622 1560 2715 1617 τὸν
2759 1558 3016 1631 -Μιχαήλ
3077 1558 3136 1615 ἐκ
3196 1556 3397 1621 δόσεως
3454 1554 3768 1620 ἐπελθόντα

2627 1629 2878 1710 γαμϐρὸν
2888 1629 3213 1704 ὶποιήσατυ.

2172 1759 2548 1819 Ἐπανελθόντι
2581 1758 2630 1816 δ’
2661 1762 2713 1823 ἐς
2745 1761 2907 1816 πόλιν
2950 1756 3262 1835 ἠγγέλλετο
3310 1756 3399 1812 καὶ
3430 1758 3467 1826 ἡ
3524 1759 3622 1810 τοῦ
3652 1759 3770 1812 Μι-

2097 1849 2251 1926 χαὴλ
2283 1849 2343 1905 ἐκ
2370 1855 2477 1905 τῶν
2512 1848 2742 1906 δυτικῶν
2800 1849 2924 1904 ὅσον
2955 1848 3054 1905 οὐκ
3077 1845 3184 1918 ἤδη
3222 1844 3419 1921 ἄφιξις.
3467 1844 3529 1902 Ὁ
3588 1841 3634 1897 δ’
3688 1843 3768 1911 ἦν

2102 1942 2129 1995 ὁ
2159 1944 2256 1995 τοῦ
2289 1938 2525 2016 Μιχαὴλ
2563 1939 2827 1997 δεσπότου
2865 1938 2982 2002 υἱὸς
3028 1937 3274 2006 ὕστατος,
3308 1935 3628 2008 Δημήτριος
3664 1932 3772 2005 μὲν

2099 2030 2160 2084 τὸ
2218 2031 2332 2084 κατ’
2393 2030 2571 2105 ἀρχὰς
2626 2030 2954 2105 λεγόμενος,
3013 2025 3270 2086 θανόντος
3328 2021 3385 2078 δὲ
3413 2026 3508 2076 τοῦ
3559 2021 3779 2094 πατρὸς

2099 2116 2345 2191 τοῦνομα
2398 2119 2536 2174 κατὰ
2595 2120 2821 2192 μνήμην
2881 2116 3089 2172 ἐκείνου
3141 2110 3638 2185 ἀνταλλαξάμενος.
3696 2111 3778 2187 ’ῼ

2105 2205 2172 2276 δὴ
2230 2210 2321 2263 καὶ
2383 2213 2549 2283 μοῖρα
2576 2212 2683 2262 τῶν
2723 2212 2821 2262 τοῦ
2851 2206 3055 2282 πατρὸς
3088 2208 3292 2281 χωρῶν
3320 2197 3776 2274 προσκεκληρωι-

2109 2297 2243 2372 μένη
2279 2298 2380 2353 οὐκ
2411 2299 2715 2373 ἀποχρῶσα
2742 2301 2823 2369 τῷ
2857 2296 3067 2372 μεγέθει
3111 2300 3211 2364 τῆς
3241 2293 3361 2348 κατ’
3392 2290 3552 2346 αὐτὸν
3585 2287 3772 2359 ἀξίας,

2107 2388 2176 2458 ἧς
2230 2389 2377 2464 παρὰ
2430 2394 2528 2445 τοῦ
2602 2392 2932 2463 κρατοῦντος
2989 2385 3280 2464 ἐτύγχανεν
3339 2380 3451 2455 ἤδη
3510 2374 3781 2457 γαμϐρὸς

2108 2604 2341 2678 pradiis
2356 2605 2426 2661 ad
2446 2604 2669 2661 victum
2681 2603 2909 2661 cultum
2924 2618 3036 2674 que
3049 2599 3431 2675 splendidum
3445 2599 3738 2671 proventu
3758 2636 3779 2665 ,

2110 2696 2334 2751 mutato
2376 2693 2583 2750 habitu
2616 2692 2773 2750 439
2800 2707 3084 2766 generum
3143 2687 3325 2746 simul
3354 2702 3552 2755 suum,
3581 2685 3779 2741 simul

2109 2800 2300 2858 regem
2328 2783 2716 2857 Bulgarorum
2749 2780 3066 2855 appellavit
3094 2797 3109 2849 ;
3133 2782 3593 2853 cognomentum
3626 2792 3785 2848 quo-

2110 2889 2222 2945 que
2255 2873 2372 2946 ipsi
2424 2872 2651 2929 addidit
2672 2873 2744 2929 ab
2796 2888 2902 2928 avo
2952 2875 3168 2939 Asane,
3228 2872 3286 2926 et
3335 2867 3602 2924 universo
3658 2882 3780 2922 suo

2110 2962 2439 3027 comitatui,
2476 2979 2625 3018 novo
2658 2962 2771 3017 isto
2803 2960 2970 3016 illum
3003 2960 3308 3017 celebrans
3349 2956 3610 3021 nomine,
3646 2971 3780 3010 ma-

2109 3052 2323 3125 gniﬁce
2355 3051 2692 3117 ostentavit,
2726 3050 2909 3123 panis
2930 3050 3107 3106 etiam
3141 3048 3391 3105 decretis
3422 3046 3482 3102 in
3512 3061 3613 3101 eos
3636 3044 3772 3116 qui,

2111 3157 2465 3214 quocunque
2496 3141 2792 3197 incidente
2824 3157 2937 3197 usu
2970 3138 3328 3196 mentionem
3351 3134 3780 3208 ejusdeinceps

344 3241 454 3316 per
477 3224 825 3295 scriptorem
861 3226 1040 3297 hujus
1074 3225 1334 3281 historia
1360 3231 1600 3298 captum
1633 3227 1805 3282 est:is
1838 3227 1995 3282 enim
2028 3247 2073 3316 (ε
2115 3232 2385 3298 faciendi,
2407 3231 2575 3285 aliter
2596 3246 2777 3302 quam
2835 3232 3087 3285 Asanem
3121 3234 3177 3284 et
3222 3241 3420 3299 regem
3479 3223 3774 3296 Bulgaria

342 3327 410 3367 ex
440 3310 613 3385 longo
640 3313 1144 3371 familiarissimus
1170 3313 1428 3387 Principi
1459 3314 1531 3369 ad
1574 3317 1689 3370 ista
1734 3313 1994 3386 explora-

338 3401 497 3456 tione
528 3402 777 3457 ﬁdeliter
808 3404 1169 3474 feliciterque
1213 3403 1577 3475 {ungendum
1608 3403 1855 3458 idoneus
1879 3420 1994 3474 pra

340 3491 569 3545 cunctis
599 3492 1035 3564 estjudicatus.
1073 3492 1219 3547 Huic
1250 3508 1387 3564 ergo
1441 3491 1776 3563 patriarcha
1826 3492 1997 3562 juxta

342 3579 698 3635 sententiam
744 3596 973 3636 arcana
1024 3580 1401 3652 imperatoris
1461 3580 1723 3651 epistola
1781 3596 1997 3635 arcana

342 3668 562 3739 scripto
593 3670 720 3740 ipse
750 3685 981 3741 quoque
1005 3671 1285 3725 mandata
1316 3685 1451 3724 cum
1475 3668 1865 3734 misisset,ille
1891 3685 1995 3741 pro

342 3755 600 3812 amicitia
659 3758 874 3831 sapius
940 3759 1145 3815 adiens
1216 3757 1545 3829 Principem
1615 3757 1992 3825 monachum,

343 3847 393 3901 ei
427 3846 701 3918 subinde,
734 3848 903 3920 quasi
931 3849 1066 3905 ﬁcta
1096 3846 1394 3902 sermonis
1435 3863 1614 3902 causa
1640 3846 1991 3913 conditione,

344 3935 705 3992 mentionem
738 3936 1192 4009 patriarchatus,
1228 3936 1431 4008 ignaro
1462 3935 1603 4007 quid
1644 3936 1714 3991 de
1742 3952 1803 3992 se
1834 3934 1995 4008 cogi-

343 4027 589 4096 taretur,
622 4027 813 4082 sciens
844 4026 969 4098 ipse
999 4025 1081 4081 ita
1134 4024 1358 4095 intulit,
1400 4028 1466 4081 ut
1524 4029 1679 4081 certo
1729 4025 1995 4098 expisca-

344 4119 508 4170 retur
564 4115 1002 4188 penitissimum
1036 4114 1163 4186 ejus
1192 4131 1437 4170 sensum
1469 4114 1690 4182 animi;
1728 4113 1829 4185 qui
1862 4130 1995 4168 cum

344 4202 481 4260 talis
512 4209 667 4261 esset
698 4204 935 4278 qualem
986 4204 1306 4276 imperator
1362 4212 1417 4259 et
1461 4203 1794 4275 patriarcha
1849 4202 1996 4258 Con-

346 4294 908 4367 stantinopolitanus
938 4293 1239 4366 optabant,
1282 4297 1339 4348 et
1395 4293 1631 4365 utrique
1679 4309 1999 4365 persuasus

347 4382 513 4454 prius
545 4400 650 4457 ego
682 4385 1106 4457 persuasissem
1134 4383 1327 4451 illum,
1361 4382 1410 4437 si
1454 4381 1787 4454 patriarcha
1811 4381 2001 4439 decla-

345 4477 595 4541 raretur,
630 4478 976 4529 secuturum
1036 4488 1152 4529 non
1181 4471 1430 4527 invitum
1482 4489 1597 4544 quo
1631 4474 1703 4528 ab
1733 4474 1998 4544 Augusto

343 4568 402 4617 et
425 4562 588 4617 urbis
628 4561 960 4634 patriarcha
989 4561 1492 4617 consentientibus
1514 4562 1998 4627 vocnretur,itum

2107 3324 2402 3378 vocarent.
2438 3318 2722 3391 Bulgaros
2781 3335 3013 3390 quoque
3044 3320 3331 3389 quotquot
3386 3315 3447 3370 in
3507 3328 3777 3385 prasens

2101 3410 2287 3481 parati
2321 3410 2390 3465 ad
2425 3409 2824 3464 accedendum
2856 3412 3000 3464 sunt
3029 3406 3266 3478 reperti,
3301 3422 3406 3477 spe
3454 3401 3780 3459 beneﬁcio-

2101 3515 2231 3554 rum
2267 3498 2467 3554 statim
2501 3515 2534 3555 a
2565 3514 2627 3555 se
2658 3497 3174 3570 percipiendorum
3204 3494 3491 3552 evocavit:
3512 3492 3586 3547 ad
3623 3490 3776 3547 alios

2104 3590 2206 3662 qui
2229 3589 2422 3645 adhuc
2441 3587 3103 3654 deliberarent,idoneos
3134 3586 3236 3658 qui
3266 3584 3569 3642 allicercnt
3598 3579 3774 3636 misit

2104 3677 2275 3734 donis
2298 3695 2396 3734 eos
2421 3679 2547 3750 jam
2579 3694 2738 3734 nunc
2768 3676 3079 3742 deliniens,
3139 3675 3199 3731 in
3232 3679 3534 3746 posterum
3559 3675 3769 3727 autem

2104 3768 2324 3840 spebus
2371 3767 2763 3824 corroborans
2819 3766 2993 3837 quasi
3044 3768 3471 3821 consecuturos
3549 3762 3773 3816 cuncta

2105 3874 2231 3928 qua
2262 3861 2544 3930 cuperent
2574 3856 2647 3912 ad
2668 3856 2798 3913 vita
2847 3856 3155 3911 ﬂorentem
3207 3857 3450 3917 statum,
3511 3850 3564 3905 si
3613 3849 3773 3904 deﬁ-

2104 3947 2322 4002 cientes
2355 3962 2388 4001 a
2419 3944 2603 4001 Maria
2632 3944 2920 4000 Joannem
2954 3959 3151 4016 regem
3192 3941 3578 4013 accepissent.
3630 3937 3773 3995 Hac

2103 4052 2172 4090 ex
2204 4032 2574 4105 Adrianopoli
2605 4032 2895 4104 providit;
2930 4036 2986 4087 et
3037 4031 3329 4103 quosdam
3375 4029 3448 4084 ad
3506 4027 3773 4099 primam

2106 4122 2312 4179 talium
2346 4122 2562 4179 famam
2594 4121 2796 4179 statim
2828 4128 3243 4179 concurrentes
3290 4115 3592 4175 beneﬁciis
3621 4116 3772 4173 aﬂ'e-

2105 4214 2204 4278 cit,
2229 4218 2590 4283 caterosque
2620 4210 2910 4282 Bulgaros
2940 4208 3174 4282 magnis
3232 4205 3775 4281 pollicitationibus

2102 4300 2338 4358 trahere
2367 4300 2427 4356 in
2459 4305 2655 4373 partes
2685 4298 3049 4374 populariter
3078 4297 3311 4371 sategit.

2103 4461 2159 4516 6.
2195 4463 2257 4518 Ut
2285 4460 2611 4517 Michaelem
2632 4464 2803 4517 etiam
2835 4478 2907 4517 ex
2939 4459 3237 4518 Occidente
3265 4459 3337 4516 ad
3366 4474 3423 4514 se
3446 4460 3773 4531 profectum

2510 4534 2812 4605 imperator
2836 4548 3099 4605 generum
3127 4535 3342 4604 fecerit.

344 4613 2001 4724 i'é.{.ﬁ..§.‘1;;.ii.;3;.;arma;aagag';a;"a
2031 4613 2080 4678 Β
2181 4657 2433 4715 Reverso
2467 4664 2598 4730 post
2627 4657 2749 4714 haec
2781 4658 2841 4714 ίη
2871 4660 3075 4714 ιιι-ωσι
3126 4656 3470 4729 imperator,
3521 4655 3772 4712 nuntia-

346 4740 828 4812 conspirantibus
858 4740 1124 4814 legitimo
1166 4756 1414 4797 numero
1459 4739 1701 4796 calculis
1750 4741 1859 4795 rite
1911 4742 2001 4795 est

341 4827 545 4886 electio
570 4830 808 4903 perlata.
846 4830 940 4886 His
974 4830 1054 4886 ita
1085 4829 1267 4902 gestis
1300 4830 1623 4902 imperator
1670 4829 1997 4885 Theodosio

344 4920 577 4992 utijam
618 4920 800 4978 electo
850 4924 907 4977 et
951 4920 1258 4991 designato
1314 4919 1657 4990 patriarcha
1718 4919 1996 4975 honorem

344 5010 589 5076 habens,
639 5016 696 5066 et
741 5011 928 5066 amice
989 5009 1246 5065 scribere
1303 5012 1359 5064 et
1410 5006 1845 5065 communicare
1898 5009 1995 5064 de-

342 5098 745 5163 liberationem
771 5099 843 5155 de
870 5101 1048 5153 rebus
1073 5098 1272 5171 magni
1306 5098 1376 5153 ad
1406 5097 1835 5168 rempublicam
1866 5113 1995 5152 mo-

343 5189 618 5253 menti,in
649 5206 766 5260 qua
803 5191 1168 5258 versabatur,
1201 5188 1448 5259 ejusque
1479 5203 1659 5259 super
1696 5186 1769 5243 iis
1800 5187 1993 5243 consi-

338 5276 487 5333 lium
513 5279 818 5350 exquirere
849 5278 1067 5335 bonum
1100 5278 1256 5333 factu
1292 5277 1542 5332 censuit.
1601 5275 1823 5331 Horum
1854 5281 1995 5333 tunc

346 5382 516 5437 porro
549 5367 847 5439 responsis
905 5384 1008 5439 per
1055 5365 1255 5422 omnia
1298 5365 1767 5438 congruentibus
1827 5383 1996 5422 acce-

345 5454 484 5526 ptis,
513 5460 570 5511 et
599 5456 786 5529 ipsius
813 5456 874 5512 in
907 5452 1135 5528 primis,
1171 5471 1349 5526 quam
1390 5455 1535 5511 item
1593 5453 1991 5525 consuluerat,

345 5544 637 5614 Augusta,
665 5544 980 5602 consilium
1038 5542 1097 5597 in
1153 5560 1277 5601 rem
1313 5544 1584 5601 contulit.
1624 5546 1994 5601 Accersitum

342 5631 500 5688 enim
532 5649 562 5690 e
592 5631 954 5693 Scamandro
978 5634 1036 5688 et
1056 5631 1280 5689 Troicis
1313 5633 1652 5707 regionibus
1680 5633 1996 5704 Joannem,
2038 5650 2041 5651 '

342 5714 447 5771 ubi
478 5714 573 5778 ille
603 5722 768 5798 prius
796 5718 1159 5789 morabatur,
1194 5718 1534 5803 abundante
1563 5722 1678 5809 ipsi
1709 5720 1881 5781 ssuis
1910 5720 1995 5779 ibi

2108 4749 2205 4802 tus
2238 4750 2328 4802 est
2359 4747 2650 4820 appulsus
2674 4763 2807 4803 mox
2829 4746 3453 4803 futurusadventantis
3473 4749 3774 4802 Constan-

2110 4834 2418 4907 tinopolim
2452 4852 2521 4891 ex
2551 4837 2805 4892 Occiduo
2849 4840 3042 4892 tractu
3100 4834 3427 4891 Michaelis.
3475 4834 3614 4891 Erat
3674 4833 3777 4890 hic

2112 4922 2408 4980 Michaelis
2426 4923 2681 4996 despota
2722 4925 2881 4981 ﬁlius
2913 4928 3053 4980 natu
3087 4922 3400 4991 minimus,
3432 4921 3773 4978 Demetrius

2108 5031 2143 5069 a
2172 5013 2460 5085 principio
2490 5015 2863 5082 vocatus,sed
2897 5014 3081 5088 patris
3138 5016 3343 5085 postea
3398 5011 3615 5068 mortui
3658 5028 3772 5067 no-

2111 5119 2244 5158 men
2277 5102 2346 5157 ad
2379 5104 2508 5174 ejus
2542 5104 2889 5159 memoriam
2921 5103 3143 5159 omisso
3176 5102 3412 5175 proprio
3444 5117 3771 5173 usurpave-

2108 5191 2321 5260 rat;cui
2352 5208 2485 5248 cum
2514 5209 2641 5264 qua
2677 5193 2811 5264 jure
2855 5192 3181 5265 contigerat
3231 5191 3601 5248 hareditario
3661 5208 3771 5263 pa-

2103 5284 2285 5336 terna
2317 5278 2557 5336 ditionis
2591 5298 2725 5353 pars
2758 5280 3027 5337 sufﬁcere
3060 5298 3176 5337 non
3207 5279 3504 5336 videretur
3534 5278 3773 5351 magni-

2104 5368 2300 5425 tudini
2333 5369 2692 5427 sustinenda
2720 5387 2880 5427 novae
2911 5387 3086 5443 quam
3121 5374 3249 5426 tum
3283 5369 3541 5443 primum
3576 5367 3778 5424 inibat

2104 5458 2415 5530 dignitatis
2447 5459 2646 5533 generi
2669 5459 3044 5533 imperatoris
3066 5460 3179 5529 (sic
3209 5459 3368 5516 enim
3399 5474 3533 5515 esse
3560 5461 3619 5514 et
3649 5474 3770 5529 ap-

2105 5546 2450 5620 pellarijam
2482 5554 2752 5621 coeperat,
2783 5547 3034 5622 Augusti
3064 5547 3188 5605 ﬁlia
3216 5547 3330 5621 ipsi
3362 5564 3399 5605 a
3441 5550 3609 5621 patre
3657 5545 3770 5603 de-

2103 5638 2369 5709 sponsa),
2401 5653 2469 5694 ea
2508 5636 2711 5696 relicta
2758 5652 2822 5696 se
2854 5638 2927 5695 ad
2956 5636 3372 5711 imperatorem
3430 5632 3767 5703 transtulit,

2105 5720 2604 5803 conﬁsuslitteris
2646 5725 2774 5799 ejus
2811 5725 3205 5801 jurejurando
3250 5722 3527 5785 ﬁrmatis.
3576 5721 3770 5783 Erant
