4080 6420
336 393 445 450 897

1390 389 1488 443 DE
1524 385 1900 446 MICHAELE
1937 384 2386 443 PALBOLOGO
2420 387 2557 442 LIB.
2597 384 2674 445 Vl
2688 428 2700 446 .

3651 397 3758 453 898

339 516 730 593 ὑπεσχημένος
776 515 1042 589 γενέσθαι,
1093 509 1352 585 οὐδαμῶς
1397 508 1595 566 ἐδόκει.
1645 511 1734 582 Τῷ
1775 531 1860 566 τοι
1892 509 2074 582 κᾶ-Α
2110 509 2316 565 τούτων
2374 509 2715 582 σκεψομένης
2785 508 2875 563 καὶ
2948 516 3046 581 τῆς
3116 517 3243 591 παρ’
3299 517 3471 587 αὐτῆς
3531 516 3758 584 λῦσεως.

337 610 524 679 κείνην
583 606 734 683 ἀφεὶς
797 604 1013 682 βασιλεῖ
1069 603 1438 679 προσεχώρει,
1498 602 1767 657 πιστεύων
1819 600 1999 678 γράμ-

346 719 507 774 μασιν
563 695 750 772 ὅρκοις
810 691 1372 770 κατησφαλισμένοις.
1433 693 1599 746 ἿΙσαν
1661 692 1754 765 μὶν
1791 689 1880 745 οὖν
1920 695 1998 762 τῷ

346 784 566 862 βασιλεῖ
623 784 892 857 ἑκατέρων
949 785 1056 836 τῶν
1117 780 1419 855 θυγατέρων
1477 780 1720 850 Εἰρήνης
1765 781 1879 852 ἅμα
1907 778 1997 833 καὶ

343 879 544 942 Ἀννης
599 874 655 947 (ἡ
709 872 814 946 γὰρ
873 867 1105 927 Εύδοκία
1171 869 1338 944 μικρά
1393 869 1461 937 ἦν
1518 869 1606 922 καὶ
1648 863 1748 940 ἔτι)
1780 869 1834 921 αὶ
1864 869 2001 941 πρὸς

341 965 467 1026 τοὺς
523 961 793 1039 νυμφίους
851 959 1210 1032 συναρμόσεις
1288 955 1701 1031 έμπρόθεσμοιο
1762 955 1887 1012 ἀλλ’
1946 957 1996 1010 οἱ

340 1058 439 1119 τῆς
499 1053 742 1127 Εἱρήνης
798 1050 972 1123 γάμοι
1023 1052 1100 1119 τῷ
1151 1044 1261 1116 ἤδη
1347 1045 1562 1122 βασιλεῖ
1635 1045 1998 1124 ψηφιζομένῳ

343 1141 680 1218 Βουλγάρων
741 1139 904 1196 ’Λσὰν
965 1135 1252 1192 ἐτελοῦντο
1313 1137 1787 1213 περιφανέστερον.
1848 1141 1998 1207 Συμ-

343 1230 533 1294 ϐόλοις
587 1230 689 1306 γὰρ
747 1228 956 1303 ἐχρῆτο
1022 1227 1351 1300 βασιλικοῖς,
1411 1225 1463 1294 ἐξ
1523 1223 1680 1298 ἐρίων
1747 1225 1840 1296 μὲν
1880 1225 1998 1278 κατ’

344 1317 678 1400 έφεστρίδας,
720 1323 838 1379 τοῖς
893 1315 939 1370 δ’
988 1313 1184 1375 ἄλλοις
1231 1319 1350 1375 τοῖς
1399 1314 1584 1376 αὐτοῖς
1621 1312 1872 1387 βασιλεῖ’
1907 1315 1995 1368 καὶ

343 1399 616 1469 συνθεσίαι
671 1411 833 1479 ἦσαν,
877 1405 922 1461 εἷ
976 1407 1070 1479 μέν
1128 1401 1402 1459 εύοδοῖντο
1461 1399 1752 1458 ἐπὶϐαίνειν
1803 1404 2002 1477 Τερνό-

348 1499 448 1558 ϐου
480 1500 692 1572 σύναμα
721 1497 811 1552 καὶ
840 1501 960 1558 ταῖς
986 1495 1082 1550 τοῦ
1117 1494 1386 1570 βασιλέως
1420 1491 1732 1566 δυνάμεσιν.
1771 1496 1850 1568 [Ρ.
1874 1496 1998 1567 301]

349 1593 394 1647 εἷ
427 1589 472 1645 δ’
505 1587 619 1660 οὖν,
653 1586 820 1657 ἀλλὰ,
851 1585 940 1640 καὶ
973 1583 1126 1648 αὖθις
1160 1583 1238 1645 εὶς
1273 1580 1536 1645 δεσπότας
1563 1588 1662 1651 τῆς
1690 1580 2000 1656 Ῥωμαΐδος

348 1679 717 1754 σεμνύνεσται.
777 1679 940 1737 Τοῖς·
1005 1674 1098 1748 μὲν
1159 1671 1250 1726 οὖν
1324 1671 1704 1744 τετελεσμένοι
1757 1672 1894 1741 ἦσαν
1952 1673 2003 1727 οὶ

346 1770 538 1848 γάμοι,
586 1768 676 1822 καὶ
739 1763 934 1842 βουλαὶ
995 1762 1355 1837 προύτίθεντο
1413 1766 1658 1837 συνεχεῖς
1711 1757 1861 1824 ὅπως
1917 1760 2003 1816 ἅν-

349 1859 442 1916 καὶ
495 1858 562 1912 τὰ
612 1856 800 1930 πρόσω
859 1855 974 1908 κατ’
1034 1852 1322 1927 εὐμάρειαν
1381 1856 1752 1925 προχωροῖεν.
1787 1855 1916 1913 Τοῖς
1948 1849 2005 1906 δὲ

348 1953 447 2003 τοῦ
480 1939 708 2020 Μιχαὴλ
738 1944 938 2019 γάμοις
998 1941 1090 1995 καὶ
1145 1943 1246 2005 τῆς
1306 1937 1555 2013 δευτέρας
1593 1944 1700 1994 τῶν
1741 1939 2004 2014 βασιλέως

353 2037 658 2112 θυγατέρων
691 2037 891 2101 "Aw-qr;
932 2029 1261 2106 προσίστατό
1291 2051 1344 2084 τι
1373 2033 1480 2084 τῶν
1530 2035 1631 2097 τῆς
1675 2027 2003 2100 Ἐκκλησίας

351 2127 620 2192 κανόνων,
682 2121 774 2186 οὕς
833 2119 900 2188 δὴ
963 2119 1199 2180 Σισίνιος
1272 2117 1441 2173 πάλαι
1500 2119 1610 2182 θεὶς
1673 2120 2003 2196 ἆιρορισμοῖς

343 2215 624 2293 ἐκράτυνεν
667 2209 981 2289 ἀσφαλέσιν.
1032 2215 1092 2263 Ἡ
1155 2209 1247 2281 μὲν
1311 2207 1401 2261 οὖν
1452 2213 1548 2263 τοῦ
1600 2205 1861 2262 δεσπότου
1902 2215 2001 2265 Νι·-

339 2304 591 2381 κηφόρου
646 2303 811 2357 ’Ἄννα
864 2305 963 2367 τῆς
1017 2298 1112 2352 τοῦ
1178 2295 1448 2371 βασιλέως
1505 2297 1770 2372 θυγατρὸς
1802 2299 2001 2366 ’Ἂννης

343 2391 636 2467 αύτανεψία
663 2391 755 2460 ἦν,
787 2387 1109 2463 Νικηφόρος
1160 2383 1216 2440 δὲ
1259 2385 1348 2440 καὶ
1400 2385 1634 2461 Μιχαὴλ
1668 2384 1999 2464 αὐτοὶδελιροι

345 2483 583 2538 πάντων.
623 2479 1052 2554 Περιισταμένου
1101 2479 1229 2550 γοῦν
1266 2479 1362 2529 τοῦ
1413 2477 1523 2529 κατ’
1576 2474 1771 2529 αὐτοὺς
1823 2496 2002 2530 συνοι-

347 2570 532 2628 κεσίου
565 2570 642 2632 εἰς
676 2567 828 2623 ἕκτον
882 2566 1091 2643 βαθμὸν
1141 2565 1233 2619 τὸν
1275 2575 1414 2628 ενθεν
1477 2565 1571 2636 μὲν
1617 2562 1676 2618 ἐκ
1703 2565 1998 2640 τεσσάρων,

343 2663 368 2718 ἒ
432 2669 454 2679 ”
643 2661 654 2681 ’
730 2680 742 2690 α
865 2657 878 2678 ε
1148 2654 1162 2696 0'
1214 2676 1233 2696 ς
1423 2651 1476 2673 ’Μ
1701 2654 1712 2672 ’
1919 2676 1939 2686 ι-
1980 2656 1994 2676 ‘

369 2664 546 2718 κειθεν
607 2657 634 2714 δ
705 2658 764 2714 ἐκ
824 2655 918 2713 δυο
979 2676 1354 2732 συγκε.μ-νον,
1422 2668 1528 2708 εοει
1587 2652 1817 2709 συνοδου
1875 2676 1995 2730 περι

349 2883 534 2955 igitur
563 2881 829 2948 Augusto
851 2877 1160 2932 ambarum
1195 2873 1451 2930 ﬁliarum
1485 2877 1682 2930 Irenes
1731 2879 1787 2930 et
1834 2876 2008 2930 Anna:

356 2974 521 3043 (nam
549 2967 803 3024 Eudocia
829 2965 1072 3039 parvula
1125 2965 1284 3020 440
1315 2963 1508 3018 adhuc
1567 2965 1711 3032 erat)
1767 2965 2008 3020 decretae

355 3062 480 3132 jam
512 3061 571 3113 et
600 3057 659 3112 in
692 3056 987 3127 procinctu
1008 3054 1274 3125 expedito
1306 3053 1547 3124 nuptiae.
1581 3053 1862 3107 Caaterum
1889 3053 2008 3107 Ire-

359 3165 464 3205 nes
506 3163 636 3202 cum
689 3144 983 3201 declarato
1021 3145 1143 3215 jam
1193 3143 1384 3214 palam
1437 3157 1573 3213 rege
1622 3141 2008 3214 Bulgarorum

359 3240 546 3294 Asane
571 3234 875 3290 illustriori
905 3234 1245 3289 celebritate
1279 3231 1721 3286 matrimonium
1770 3249 2009 3303 perage-

355 3329 552 3398 batur,
585 3343 685 3382 rex
715 3325 1005 3396 siquidem
1040 3339 1218 3394 gener
1247 3323 1586 3393 insignibus
1621 3322 2010 3390 utebatur,re-

361 3417 678 3490 giis,quod
711 3415 964 3470 colorem
997 3413 1236 3484 quidem
1285 3410 1476 3466 solum
1525 3411 1584 3465 in
1645 3412 1903 3482 phaleris
1960 3417 2019 3467 et

364 3507 567 3562 stratis
615 3503 1016 3577 equestribus,
1058 3518 1182 3572 quae
1237 3517 1305 3555 ex
1364 3500 1499 3555 lana
1547 3505 1774 3554 tantum
1827 3505 2013 3571 erant,

368 3600 426 3652 in
458 3595 681 3652 caeteris
715 3599 907 3648 autem
940 3591 1150 3646 iisdem
1185 3589 1356 3661 plane
1387 3605 1520 3643 cum
1559 3589 1688 3659 ipso
1730 3591 2013 3661 Augusto.

367 3685 831 3742 Conventionum
864 3680 1222 3752 nuptialium
1277 3679 1397 3733 bam
1452 3682 1620 3733 erant
1659 3679 1871 3749 capita,
1921 3696 2018 3734 ex-

368 3774 670 3847 peditione
731 3773 790 3827 in
845 3770 1175 3825 Ternobum
1238 3767 1796 3837 communijunctis
1839 3767 2018 3823 Asani

360 3864 549 3934 capiis
580 3859 978 3931 imperatoris,
1010 3857 1207 3912 conari
1241 3857 1536 3911 civitatem
1567 3855 1731 3910 illam
1773 3860 1832 3910 et
1881 3872 2016 3911 cum

360 3970 430 4010 ea
463 3951 747 4023 Bulgaria:
779 3964 1024 4021 regnum
1059 3962 1205 4002 novo
1261 3944 1512 4017 Augusti
1568 3961 1779 4017 genero
1811 3946 2014 4017 acqui-

361 4059 513 4099 rere:
566 4042 614 4096 si
669 4041 903 4096 fortuna
951 4042 1138 4109 coepto
1197 4053 1312 4091 non
1376 4035 1776 4106 responderet,
1829 4036 2016 4090 eidem

362 4133 424 4187 in
454 4131 590 4186 aula
638 4127 1018 4200 imperatoria
1063 4127 1316 4197 despotte
1371 4126 1647 4179 honorem
1699 4125 2021 4180 auctorita—

360 4224 607 4291 temque
638 4217 913 4274 conferri.
966 4216 1028 4270 In
1062 4215 1186 4270 haec
1242 4219 1414 4286 pacta
1469 4213 1724 4284 peractis
1777 4215 2021 4286 nuptiis,

364 4310 664 4365 continuae
707 4309 830 4378 jam
885 4304 1348 4360 consultationes
1407 4308 1575 4359 erant
1629 4321 1747 4374 qua
1803 4305 2027 4376 optima

364 4403 425 4455 et
458 4398 738 4454 facillima
770 4395 996 4451 ratione
1030 4395 1587 4466 possentdestinata
1603 4394 1756 4448 circa
1778 4411 2024 4464 regnum

361 4487 654 4557 Bulgaria:
701 4486 771 4539 ad
806 4489 1008 4538 votum
1042 4481 1274 4536 confici.
1322 4481 1623 4536 Michaelis
1663 4499 1798 4536 cum
1846 4482 2030 4538 altera

368 4577 630 4631 filiarum
662 4571 1039 4646 imperatoris
1074 4577 1241 4624 Anna
1271 4570 1564 4625 connubio
1607 4571 1877 4626 nonnihil
1925 4573 2029 4628 ob-

2032 1899 2080 1964 B

2107 599 2256 655 Ἐπεὶ
2309 597 2354 654 δ’
2413 599 2756 670 ἐσκέπτοντο,
2817 600 2906 653 καὶ
2958 603 3024 654 τὰ
3087 605 3192 657 τῶν
3262 604 3528 680 βασιλέων
3565 607 3762 663 συναλ-

2107 686 2362 764 λάγματα
2393 689 2465 750 ὡς
2493 688 2570 750 εἷς
2604 687 2821 763 εἰρήνην
2857 690 3118 764 γινόμενα
3177 691 3398 750 ἐδόκουν
3446 696 3623 752 πλείω
3663 700 3760 768 τὴν

2106 773 2280 831 ἄνεσιν
2315 773 2461 853 ἔχειν
2506 778 2540 846 ἢ
2600 775 2666 846 δὴ
2719 778 2786 832 τὰ
2841 782 2948 833 τῶν
3006 778 3214 851 ἄλλων,
3251 784 3666 854 ἀντισηκοῦσθαι
3696 787 3759 842 τὸ

2108 864 2182 926 ὡς
2211 862 2370 934 δῆθεν
2416 867 2562 942 παρὰ
2603 867 2830 931 κανόνας
2884 869 3170 944 γινόμενον
3211 876 3292 944 τῷ
3322 874 3458 946 πρὸς
3490 873 3618 937 τοὺς
3653 873 3766 930 δεο-

2111 955 2304 1026 μένους
2362 953 2498 1010 ἐλέει
2545 961 2740 1018 κοινῶς
2790 954 2988 1016 ἐδόκει.
3050 959 3152 1014 Καὶ
3210 957 3363 1016 τόνδε
3418 964 3510 1018 τὸν
3559 963 3760 1040 τρόπον

2103 1049 2199 1097 τοῦ
2225 1045 2655 1119 προσισταμένου
2686 1046 2942 1110 λυθέντος
2998 1047 3242 1105 ἐτάττετο
3295 1052 3392 1123 μὲν
3443 1052 3520 1117 εἷς
3559 1051 3754 1108 δεσπό-

2104 1152 2198 1194 τας
2231 1135 2258 1187 ὁ
2287 1134 2541 1209 Μιχαὴλ.
2574 1139 2642 1209 τῇ
2675 1136 2842 1209 τἈννῃ
2873 1134 2930 1190 δὲ
2973 1136 3214 1212 βασιλίδι
3247 1138 3380 1215 οὔσῃ
3413 1163 3474 1215 γε
3505 1144 3754 1211 συνεζεύ-

2105 1244 2280 1296 γνυτο.
2341 1223 2452 1279 Καὶ
2508 1226 2574 1293 ἦν
2634 1224 2871 1279 ἐντεῦθεν
2930 1227 2956 1280 ὁ
3019 1227 3112 1300 μὲν
3176 1229 3409 1304 Μιχαὴλ
3476 1228 3755 1306 βασιλεῦσι

2111 1311 2305 1374 δοῦλος
2338 1312 2389 1366 έν
2423 1314 2630 1388 ὃρκοις,
2682 1316 2708 1368 ὁ
2763 1314 2808 1369 δ’
2859 1317 3115 1386 Ἰωάννης
3163 1311 3455 1382 ἔνσπονδος
3498 1318 3568 1374 δι’
3598 1317 3754 1393 ὅλου,

2109 1402 2153 1458 εἷ
2191 1402 2506 1478 βασιλεύσοι
2550 1402 2898 1479 Βουλγοὶρων,
2929 1406 3223 1477 Ῥωμαίοις
3252 1406 3302 1460 έν
3334 1408 3539 1481 ὅρκοις,
3590 1410 3636 1464 εἰ
3687 1408 3756 1464 δι’

2109 1490 2220 1560 οὖν,
2256 1490 2403 1546 ἀλλά
2449 1492 2538 1546 καὶ
2587 1493 2746 1554 αὐτὸς
2801 1492 2984 1569 ὅρκοις
3042 1499 3247 1558 πιστῶς
3300 1495 3607 1553 δουλεύσων
3637 1504 3755 1560 τοῖς

2113 1579 2446 1657 βασιλεῦσιν,
2483 1582 2586 1636 ὑπὸ
2615 1582 2828 1644 τούτοις
2860 1583 3126 1655 δεσπότης
3155 1585 3506 1659 ταττόμενος.

2108 1765 2152 1806 ς.
2208 1745 2292 1801 Τὰ
2347 1745 2483 1798 κατὰ
2536 1746 2634 1813 τήν
2715 1745 2948 1829 Μαρίαν,
3031 1747 3123 1801 καὶ
3177 1747 3328 1812 ὅπως
3385 1756 3466 1824 τῷ
3534 1760 3758 1829 Λαχανᾷ

2791 1817 3092 1891 συνῴκησε.

2187 1937 2487 1999 Ἐϐούλετο
2542 1940 2596 1996 δὲ
2660 1943 2911 2018 βασιλεὺς
2968 1942 3378 2020 προλαμϐάνειν
3415 1950 3645 2026 Μαρίαν,
3684 1955 3759 2027 μὴ

2113 2031 2204 2086 καὶ
2235 2034 2408 2107 φθάσῃ
2464 2033 2530 2086 τὰ
2587 2034 2704 2087 καθ’
2755 2032 2922 2102 αὐτὴν
2985 2033 3040 2088 εὖ
3098 2036 3292 2108 θεμένη
3336 2037 3548 2113 ἀλιώσῂ
3578 2062 3637 2095 τε
3666 2043 3765 2110 τήν

2119 2120 2386 2196 βασιλέως
2421 2118 2652 2196 βουλὴν,
2710 2121 2801 2175 καὶ
2858 2122 3184 2179 κατέσπευδε
3243 2130 3479 2201 συχνοὺς
3511 2128 3590 2182 ἐπ’
3625 2128 3765 2183 έκεὶ-

2111 2231 2211 2279 νην
2245 2209 2500 2282 πέμπων,
2559 2209 2620 2264 οὐ
2676 2212 2834 2265 τόσον
2893 2212 3047 2266 τάκεῖ
3102 2215 3569 2290 καταστρέψοντας
3631 2217 3754 2273 ὅσον

2112 2300 2336 2374 ἡμέρως
2387 2300 2941 2375 μεταχειριουμένους
2999 2300 3078 2380 ἐφ’
3129 2304 3174 2375 ᾦ
3229 2303 3522 2377 παραδοῖεν
3553 2307 3762 2382 Μαρίαν

2110 2389 2201 2442 καὶ
2258 2387 2385 2450 τοὺς
2433 2394 2530 2442 τοῦ
2584 2387 2856 2463 βασιλέως
2912 2389 3160 2465 δέχοιντο
3209 2392 3425 2457 παῖδας.
3461 2398 3522 2451 Ἠ
3578 2397 3762 2469 μέντοι

2113 2499 2176 2553 γε
2207 2483 2388 2551 Μαρια
2420 2476 2471 2532 έν
2506 2477 2764 2556 ἀφύκτοις
2813 2477 2950 2554 ἔγνω
3003 2481 3269 2555 γενομένη
3330 2483 3420 2538 καὶ
3481 2482 3629 2539 δυοῖν
3664 2486 3763 2558 μέ-

2114 2589 2206 2622 σον
2260 2565 2708 2640 ἐναπειλημμένη
2763 2573 2992 2624 κακοῖν
3055 2573 3139 2642 [Ρ.
3174 2575 3302 2641 320]
3355 2571 3496 2628 ἔνθεν
3541 2576 3636 2647 μὲν
3661 2577 3763 2651 γὰρ

2112 2655 2175 2709 τὸ
2234 2654 2393 2732 φανὲν
2452 2652 2512 2708 ἐκ
2569 2660 2690 2709 νέου
2748 2656 2911 2710 κακὸν
2973 2658 3000 2710 ὁ
3058 2663 3312 2734 Λαχανᾶς
3369 2663 3762 2737 προσκείμενος

2119 2875 2410 2930 ﬁrmanda
2437 2879 2790 2945 speraretur,
2815 2892 3054 2932 causam
3087 2895 3216 2934 esse
3245 2881 3464 2951 justam
3487 2883 3765 2939 facienda:

2121 2963 2296 3034 regiis
2328 2965 2562 3034 sponsis
2594 2965 2795 3035 gratiae
2834 2967 3121 3020 obstaculi
3171 2969 3455 3034 canonici,
3507 2987 3623 3042 quo
3673 2987 3765 3026 eo-

2123 3071 2254 3108 rllzn
2289 3053 2626 3122 conjunctio
2659 3055 2981 3121 vetabatur,
3021 3073 3234 3128 magno
3284 3076 3570 3115 consensu
3617 3061 3767 3117 itum

2126 3147 2214 3198 est
2261 3142 2318 3196 in
2352 3143 2697 3197 sententiam
2735 3143 3260 3214 permittendarum
3296 3149 3656 3219 nuptiarum,
3701 3167 3769 3205 ex

2122 3231 2339 3302 quibus
2370 3232 2526 3302 quod
2561 3233 2928 3288 nasciturum
2963 3237 3282 3306 apparebat
3311 3237 3559 3308 publicae
3602 3241 3768 3310 quie-

2126 3321 2203 3375 tis
2234 3323 2878 3386 commodum,abunde
2913 3325 3769 3399 przeponderaretindecentiae,

2123 3411 2170 3466 si
2205 3427 2322 3481 qua
2351 3409 2570 3465 inesset
2599 3427 2668 3466 ex
2699 3412 2994 3468 canonicis
3040 3416 3397 3486 praescriptis
3447 3418 3506 3472 in
3547 3435 3768 3473 connu-

2123 3501 2217 3558 bio
2249 3503 2395 3554 441
2437 3517 2817 3571 personarum
2852 3502 2955 3556 tali
3007 3504 3170 3574 prius
3217 3505 3464 3560 invicem
3515 3508 3770 3563 necessi-

2123 3590 2326 3645 tudine
2357 3591 2722 3644 innexarum.
2762 3591 2948 3655 Quare
2980 3593 3277 3663 suffragiis
3309 3601 3654 3651 cunctorum
3690 3597 3770 3650 in-

2125 3678 2358 3732 dultum
2420 3678 2785 3750 principibus
2847 3681 3001 3751 quod
3065 3683 3339 3751 petebant
3371 3689 3479 3750 est,
3515 3691 3571 3738 et
3600 3685 3769 3740 titulo

2127 3767 2378 3837 despotaa
2408 3768 2655 3822 Michael
2689 3768 3007 3824 honoratus
3044 3774 3212 3824 Annae
3259 3771 3495 3843 reginae,
3553 3774 3770 3847 quippe

2131 3855 2503 3926 imperatoris
2550 3856 2701 3923 filiae,
2762 3858 2870 3912 rite
2931 3860 3306 3916 matrimonio
3359 3863 3606 3931 junctus
3667 3868 3772 3919 est.

2127 3945 2266 3999 Inde
2301 3944 2546 4000 Michael
2580 3945 2731 3999 idem
2788 3953 3152 4002 sacramento
3177 3951 3429 4020 Augusti
3484 3951 3544 4005 in
3605 3950 3782 4007 clien-

2126 4032 2302 4087 telam
2339 4034 2619 4104 obligavit
2647 4034 3106 4090 ﬁdem.Joannes
3129 4043 3324 4092 autem
3357 4041 3510 4094 Asan
3538 4041 3779 4110 juratus

2130 4122 2405 4195 promisit
2436 4140 2496 4177 se
2530 4124 2715 4178 foedus
2749 4139 2882 4177 cum
2918 4123 3196 4179 Romanis
3248 4128 3544 4182 societatis
3587 4147 3780 4185 serva-

2130 4217 2353 4275 turum,
2414 4212 2460 4265 si
2526 4211 2815 4282 Bulgarici
2865 4212 2977 4266 sibi
3038 4213 3199 4282 regni
3245 4231 3452 4269 secura
3485 4219 3782 4286 possessio

2135 4304 2543 4373 contingeret.
2601 4302 2701 4356 Sin
2748 4303 2802 4356 id
2855 4319 2967 4357 non
3030 4304 3408 4368 succederet,
3467 4303 3791 4362 clientelari

2136 4409 2283 4445 nexu
2320 4392 2622 4445 subditum
2653 4406 3105 4460 permansurum
3136 4393 3436 4463 Augustis,
3469 4395 3652 4464 gradu
3676 4395 3787 4450 sub

2140 4481 2286 4551 ipsis
2319 4480 2577 4534 inferiori
2615 4481 2892 4551 despotae,
2924 4481 3096 4552 cujus
3125 4481 3300 4537 titulo
3351 4482 3678 4555 dignitatis,
3740 4485 3790 4539 si

2137 4570 2302 4640 regni
2337 4567 2623 4639 Bulgarici
2660 4585 2793 4639 spes
2826 4586 2942 4622 non
2967 4571 3791 4645 succederent,insigniendus

367 4666 569 4737 stabat
639 4643 1024 4718 ecclesiastici
1095 4658 1506 4729 impedimenti
1563 4675 1632 4714 ex
1706 4643 2312 4716 canonibusDesset.

369 4753 676 4824 quondam
709 4768 743 4806 a
794 4748 1045 4805 Sisinios
1068 4746 1311 4818 perlatis
1328 4751 1384 4801 et
1403 4749 2032 4804 excommunicationis

375 4844 450 4899 ad
513 4841 852 4896 ﬁrmitatem
915 4853 1149 4893 omnem
1211 4836 1672 4892 comminatione
1743 4838 2029 4893 munitis.

365 4931 599 4988 Etenim
641 4927 954 4999 Nicephori
986 4928 1252 4997 despotaa
1284 4941 1429 4980 uxor
1449 4927 1615 4980 Anna
1662 4924 1790 4980 ﬁliae
1840 4927 2032 4997 impe-

373 5020 587 5076 ratoris
618 5021 796 5074 Annae
827 5015 1183 5072 consobrina
1210 5018 1354 5080 erat,
1389 5014 1606 5085 quippe
1658 5018 1789 5069 nata
1821 5031 1888 5070 ex
1936 5033 2032 5071 so-

372 5126 500 5166 rore
531 5106 907 5180 imperatoris
941 5105 1209 5174 ejusdem
1247 5120 1259 5156 :
1317 5103 1683 5174 Nicephorus
1721 5110 1918 5159 autem
1976 5111 2035 5161 et

368 5197 620 5255 Michael
679 5193 944 5266 germani
1006 5193 1248 5248 omnino
1307 5193 1536 5246 fratres.
1594 5194 2034 5256 Intercedebant

366 5304 508 5358 ergo
542 5287 691 5343 inter
738 5284 943 5340 ambos
1004 5283 1341 5353 designatos
1372 5284 1653 5351 conjuges
1686 5298 1786 5336 sex
1816 5285 2035 5353 gradus

367 5375 704 5438 aﬂinitatis,
738 5391 808 5428 ex
841 5389 959 5426 una
989 5371 1231 5442 quidem
1265 5376 1431 5442 parte
1490 5375 1762 5441 quatuor,
1795 5375 1910 5428 duo
1969 5391 2036 5431 ex

365 5465 574 5531 altera;
608 5470 846 5534 etopus
887 5465 1014 5516 erat
1071 5461 1294 5533 synodo
1326 5462 1396 5515 ad
1458 5459 1570 5514 rite
1631 5461 1700 5514 de
1755 5461 1866 5517 isto
1923 5464 2035 5518 im-

367 5556 710 5629 pedimento
766 5550 1242 5620 cognoscendum
1302 5550 1572 5620 illudque
1630 5549 2033 5619 relaxandum,

371 5645 424 5702 si
457 5640 1138 5715 expedirejudicaretur.
1174 5639 1286 5694 Sed
1320 5638 1421 5694 ubi
1476 5639 1751 5694 Patribus
1801 5643 2036 5698 consul-

373 5734 643 5790 tantibus
673 5731 893 5800 visum,
926 5732 1164 5800 propter
1212 5728 1434 5785 bonum
1495 5728 1656 5800 pacis
1715 5746 1841 5801 quae
1901 5733 2038 5788 inde

2425 4783 2481 4836 7.
2513 4782 2588 4836 De
2611 4783 2810 4851 Μανία,
2841 4789 2901 4837 ut
2942 4783 3207 4838 Laelianas
3237 4785 3508 4857 nupserit.

2215 4925 2503 4980 Studebat
2534 4927 2732 4979 autem
2766 4923 3089 4997 imperator
3132 4928 3267 4980 ante
3332 4928 3532 4982 omnia
3588 4944 3797 5000 capere

2144 5016 2414 5079 Mariam,
2451 5031 2522 5070 ne
2553 5013 2656 5068 illa
2686 5015 2942 5085 spatium
2978 5012 3230 5070 liberum
3283 5015 3394 5070 sibi
3445 5017 3798 5073 consulendi

2144 5111 2317 5158 nacta
2351 5122 2440 5158 res
2473 5120 2614 5157 suas
2647 5105 2792 5156 bene
2824 5103 3207 5158 constitueret
3239 5103 3584 5176 obicemque
3616 5105 3800 5178 impe-

2147 5193 2491 5248 netrabilem
2529 5195 2848 5263 opponeret
2878 5192 3140 5247 consiliis
3159 5194 3442 5264 etspebus
3475 5195 3794 5268 imperato-

2146 5284 2248 5338 ris.
2285 5283 2429 5354 Ergo
2464 5282 2512 5336 is
2565 5281 2881 5335 festinabat
2913 5281 3058 5337 alios
3116 5284 3369 5339 subinde
3417 5291 3593 5356 atque
3651 5285 3798 5341 alios

2147 5378 2349 5429 contra
2371 5373 2561 5442 ipsam
2589 5370 2839 5434 mittere,
2879 5387 2993 5425 non
3025 5376 3143 5426 tam
3178 5371 3463 5429 hostiliter
3489 5374 3610 5430 illic
3633 5391 3796 5446 gras-

2148 5468 2380 5518 saturos
2413 5464 2517 5514 aut
2573 5462 2907 5514 vastaturos
2965 5461 3286 5532 regionem,
3347 5477 3524 5533 quam
3585 5461 3798 5517 blande

2146 5554 2498 5625 pellecturos
2525 5549 2803 5620 Bulgaros
2829 5555 2891 5603 ut
2922 5551 3166 5606 Mariam
3200 5553 3477 5608 dederent
3525 5557 3581 5606 et
3620 5567 3799 5624 gene-

2145 5659 2276 5698 rum
2306 5640 2604 5710 liliamque
2656 5638 3034 5710 imperatoris
3069 5642 3126 5696 in
3189 5658 3440 5714 regnum
3494 5641 3621 5697 loco
3669 5641 3800 5712 ejus

2147 5729 2502 5802 acciperent.
2539 5728 2666 5783 Haec
2695 5727 2880 5784 Maria
2920 5729 3254 5801 intelligens
3304 5731 3574 5786 redactas
3604 5729 3666 5786 in
3715 5747 3802 5786 ar-
