4080 6402
341 383 447 442 899

1648 364 1952 427 GEORGII
1986 362 2452 420 PACHYMEBE

3657 356 3787 416 900

341 509 568 582 ἠρήμου
597 507 696 576 τήν
729 504 915 581 χώραν
974 502 1065 558 καὶ
1126 499 1460 576 προσεκτᾶτο
1517 492 1585 549 τὰ
1630 492 1783 568 πέριξ
1814 509 1990 582 προσ·
2024 490 2080 559 Α
2110 484 2200 544 οὖν
2232 489 2340 582 τῶν
2373 485 2480 582 άπὸ
2533 484 2806 563 βασιλέως
2853 483 2970 582 καὶΔ
2996 480 3212 558 μᾶλλον
3263 481 3464 545 ἱκανῶς
3492 481 3773 559 ἀπεγίνω-

604 578 794 669 μόνον,
825 578 1042 656 *ἐκεῖθεν
1100 587 1147 644 δ’
1207 589 1260 642 αἱ
1315 584 1570 658 δυνάμεις
1595 585 1693 637 τοῦ
1728 578 2000 656 βασιλέως

344 686 592 742 ἐπιοῦσαι
640 683 868 744 πλείους
927 679 1091 749 δῆλαι
1147 677 1281 746 ἦσαν
1336 674 1398 729 τὸ
1461 673 1556 746 μὲν
1599 670 1845 726 ταπεινὸν
1897 671 1989 723 καὶ

342 776 466 833 ὅσον
528 774 681 836 ἐκτὸς
744 774 1093 844 ζημιοῦντες,
1149 767 1211 820 τὸ
1268 763 1324 821 δὲ
1383 763 1532 824 ivro:
1581 761 1672 816 καὶ
1702 757 1996 835 περιφανὲς

347 866 407 920 ἐκ
461 862 660 922 παντὸς
718 858 926 934 τρόπου
986 852 1442 925 ὐποποιούμενοι.
1502 852 1662 913 ’Όθεν
1727 847 1818 902 καὶ
1867 850 2000 922 περί

347 952 514 1023 ἑαυτῇ
537 971 593 1004 τε
632 949 718 1003 καὶ
768 950 849 1018 τῷ
902 942 1055 999 παιδὶ
1112 938 1539 1018 τετρεμαινούσῃ
1579 935 1747 992 δειναὶ
1780 934 1999 1013 φροντί-

350 1039 435 1103 δες
469 1039 756 1114 ἐτάραττον
794 1036 891 1102 τὴν
942 1035 1153 1108 ψυχὴν,
1209 1032 1297 1086 καὶ
1352 1031 1487 1105 πρὸς
1520 1027 1803 1106 ἀμφότερα
1859 1025 1999 1099 μέρη

352 1131 425 1203 μή
460 1129 718 1192 σθένουσα
745 1125 995 1179 ἳστασθαι
1045 1123 1267 1195 θάτερον
1318 1118 1614 1193 ἐξημεροῦν
1659 1115 1817 1193 ἔγνω,
1851 1114 1999 1183 πλὴν

345 1217 469 1273 ὅσον
555 1215 645 1270 καὶ
730 1213 933 1283 ταύτην
1009 1209 1308 1273 ἀπόνασθαι
1366 1213 1473 1262 τῶν
1541 1207 1659 1261 καθ’
1716 1203 1998 1279 ἡμέρωσιν

343 1306 697 1381 πραχθέντων
755 1303 825 1358 τὰ
885 1302 1077 1373 μείζω.
1127 1299 1204 1356 Τὸ
1264 1299 1359 1371 μὲν
1417 1295 1513 1350 οὖν
1572 1295 1708 1371 πρὸς
1769 1290 2002 1369 βασιλέα

343 1396 546 1452 κλίνειν
576 1398 685 1449 τῶν
718 1390 943 1447 εἶκδτων
990 1389 1085 1463 μὲν
1135 1383 1337 1464 ἔκρινε,
1384 1385 1473 1441 καὶ
1520 1383 1707 1444 ἄλλως
1741 1380 2003 1457 εὐπρεπὲς

345 1486 509 1557 ἑαυτῇ
542 1479 794 1554 σωζούσῃ
852 1478 947 1551 μὲν
994 1478 1063 1532 τὰ
1108 1482 1212 1545 τῆς
1263 1471 1621 1551 σωφροσύνης
1651 1470 1739 1525 καὶ
1767 1470 1834 1523 τὰ
1864 1467 2003 1544 πρὸς

341 1573 434 1628 τὸν
469 1570 843 1646 ἀποιχόμενον
878 1565 1064 1621 δίκαια
1108 1561 1313 1638 (δίκαια
1363 1560 1421 1616 δὲ
1458 1565 1673 1622 πάντως
1712 1558 1788 1632 μὴ
1820 1577 2002 1611 συνοι-

344 1667 457 1717 κεῖν
504 1664 584 1732 cfp
627 1645 865 1733 σφαγεῖ,)
919 1654 1155 1726 ζητούση
1201 1650 1258 1707 δὲ
1304 1652 1432 1727 παρ’
1482 1649 1689 1705 ἐκείνου
1740 1645 2002 1715 σώζεσθαι

344 1750 471 1826 παρ’
504 1748 564 1803 ού
597 1745 664 1815 δὴ
697 1747 788 1800 καὶ
816 1746 916 1813 τὴν
957 1745 1129 1815 τιμήν
1185 1740 1476 1811 ἐκτήσατο.
1533 1741 1631 1801 Διά
1673 1740 1843 1791 ταῦτα
1870 1738 2001 1811 γοῦν

2106 598 2219 646 σκε,
2270 577 2332 633 τὸ
2378 573 2436 631 δὲ
2483 576 2620 651 πρὸς
2677 577 2769 631 τὸν
2831 569 3103 651 βάρϐαρον
3162 574 3399 647 πέμπειν
3442 572 3534 629 καὶ
3582 573 3772 644 ἀξιοῦν

2107 662 2473 739 σπενδομένην
2517 667 2636 720 καθ’
2684 665 2852 734 αὐτὴν
2905 660 3172 719 διατελεῖν
3221 666 3318 718 τοῖ’)
3346 656 3533 724 ἔθνους
3561 659 3778 739 ἃρχου-

2071 776 2223 824 .σαν,
2275 751 2388 810 οὔτ’
2432 752 2578 830 ἔχειν
2631 752 2798 828 λόγον
2845 753 2944 822 τὴν
2994 751 3213 823 ἀξίωσιν
3265 747 3480 826 ἔκρινε·
3533 751 3626 806 τὸν
3662 750 3773 827 γὰρ

2107 844 2289 919 ἀρχῆς
2328 842 2532 915 ταύτης
2585 843 3041 915 ἀντιποιούμενον
3100 837 3421 905 σπένδεσθαι
3470 841 3609 915 πρὸς
3661 842 3770 908 τήν

2104 933 2440 1007 κατέχουσαν
2488 934 2690 1003 ταύτην
2741 928 3025 987 ἀδύνατον.
3076 929 3181 987 Καὶ
3230 930 3296 984 τὰ
3344 929 3453 985 ἀπὸ
3494 929 3784 1006 βασιλέως

2107 1026 2435 1076 συννοοῦσαν
2488 1020 2791 1096 φροντίζειν
2845 1019 3036 1075 έποίει¹
3087 1016 3230 1093 μηδὲ
3266 1019 3371 1095 γὰρ
3400 1019 3631 1093 ἠρεμεῖν
3669 1019 3785 1094 βα-

2107 1111 2263 1166 σιλέα
2294 1107 2430 1181 ἅπαξ
2466 1111 2599 1185 ὑπὲρ
2649 1107 2861 1164 παίδων
2912 1108 3037 1182 περὶ
3087 1115 3189 1177 τῆς
3238 1108 3419 1183 ἀρχῆς
3468 1106 3777 1183 ἀρξάμενον

2106 1196 2472 1277 διαφέρεσθαι.
2506 1201 2693 1273 Ἔγνω
2740 1197 2916 1253 τοίνυν
2968 1193 3216 1272 παριδεῖν
3273 1196 3367 1269 μὲν
3392 1195 3459 1251 τὰ
3485 1196 3583 1251 τοῦ
3610 1195 3787 1251 ἀποι-

2107 1289 2350 1365 χομένου
2401 1286 2616 1357 δίκατα,
2663 1285 2910 1363 παριδεῖν
2964 1284 3022 1342 δὶ
3068 1286 3161 1341 καὶ
3189 1286 3493 1350 ἀνθοώπων
3526 1286 3783 1359 νέμεσιν,

2108 1379 2155 1434 εί
2215 1378 2443 1449 τοιαύτη
2499 1399 2583 1439 τις
2642 1374 2774 1433 οὖσα
2817 1375 3055 1449 τοιούτῳ
3111 1376 3307 1445 ἑαυτὴν
3362 1372 3577 1447 ἐκδοιη,
3635 1375 3785 1449 πρὸς

2112 1466 2272 1540 μόνον
2304 1464 2363 1521 δὲ
2388 1466 2451 1521 τὸ
2500 1464 2693 1522 δοκοῦν
2742 1470 2991 1521 συνοῖσον
3047 1463 3185 1539 αὺτῇ
3235 1485 3294 1519 τε
3321 1465 3413 1519 καὶ
3446 1461 3603 1519 παιδὶ
3635 1484 3774 1517 συν-

2113 1554 2265 1613 ίδεῖν.
2299 1557 2377 1613 Τὸ
2406 1554 2452 1610 δ’
2482 1557 2574 1626 ἧν,
2607 1556 2681 1618 ὡς
2712 1553 2911 1626 ἐδόκει,
2959 1553 3095 1625 ὅλην
3148 1554 3345 1625 έαυτήν
3371 1551 3656 1630 ἐπιῤῥίψαι
3686 1556 3777 1625 τῷ

2110 1641 2388 1724 συφορϐᾦ,
2434 1646 2524 1700 καὶ
2599 1646 2880 1715 ὑπανοῖξαι
2929 1643 3095 1718 θύρας
3147 1643 3295 1716 αὐτῷ
3346 1640 3631 1718 βασιλείας
3678 1640 3781 1696 καὶ

2108 1734 2350 1807 πόλεως,
2399 1734 2547 1807 αύτῷ
2591 1755 2650 1789 τε
2698 1738 2933 1788 συνεῖναι
2983 1732 3075 1788 καὶ
3127 1737 3395 1787 συνοικεῖν
3437 1731 3515 1795 ὡς
3549 1729 3784 1807 βασιλεῖ

348 1840 412 1895 τὸ
455 1838 593 1913 πρὸς
646 1834 871 1909 βασιλέα
917 1832 1151 1906 πέμπειν
1205 1830 1296 1885 καὶ
1345 1826 1601 1884 ξ’κετεύειν
1631 1830 1742 1880 τῶν
1774 1823 1999 1879 δικαίων
2035 1852 2083 1917 Β
2114 1821 2396 1878 δέσποινα.
2423 1826 2607 1881 Ταῦτα
2672 1820 3078 1895 διανοησαμένη
3126 1821 3320 1877 αὐτίκα
3369 1821 3573 1895 πέμπει
3623 1818 3790 1894 (οὐδὲ

354 1924 581 2003 ἔκρινεν.
612 1926 775 1981 ⁸Οσον
827 1921 885 1977 δὲ
933 1923 995 1976 τὸ
1044 1921 1163 1976 καθ’
1214 1919 1383 1988 αὐτὴν
1433 1922 1676 1971 συνοῖσον
1724 1916 1842 1977 καθ’
1878 1911 1908 1967 ὅ
1936 1911 2004 1978 ἦν

360 2001 698 2092 βουλομένη,
745 2012 836 2067 καὶ
887 2010 1005 2066 λίαν
1076 2007 1281 2080 ἀπᾷδον
1348 2007 1671 2081 ἐγίνωσκεν⁸
1725 2002 1862 2076 αὐτῇ
1915 2001 2009 2074 μὲν

352 2087 455 2182 ifde
485 2106 584 2173 τὴν
615 2103 785 2175 τιμὴν
817 2103 1160 2175 κατοχυροῦν
1196 2096 1331 2170 αὐτῇ
1373 2117 1432 2149 τε
1461 2093 1551 2149 καὶ
1590 2089 1745 2147 παιδὶ
1776 2087 2009 2164 Μιχαὴλ

353 2193 443 2250 διὰ
492 2191 735 2263 σπουδῆς
787 2196 946 2263 εῖναι⁷
1010 2187 1236 2264 βασιλέα
1298 2184 1356 2241 δὶ
1410 2182 1540 2259 μηδ’
1588 2186 1648 2239 ἄν
1713 2183 1765 2238 ἐν
1817 2181 2010 2244 ὒπνοις

355 2283 581 2353 θελῆσαι
640 2280 839 2359 ἀφέντα
911 2277 1040 2342 τοὺς
1095 2274 1316 2350 παῖδας,
1375 2274 1468 2338 οὕς
1524 2271 1591 2342 δὴ
1651 2272 1742 2327 καὶ
1808 2272 2010 2347 ἤρξατο

358 2376 640 2444 καθιστᾷν,
691 2370 918 2431 ἐκείνοις
964 2372 1268 2444 περιποιεῖν
1318 2366 1418 2434 τὴν
1466 2363 1669 2439 ἀρχήν.
1715 2358 1874 2420 Οὕτω
1917 2361 2009 2433 μὲν

370 2599 497 2651 tum
531 2608 625 2648 res
656 2607 798 2648 suas
830 2588 1140 2655 sentiebat,
1175 2585 1408 2642 duobus
1438 2584 1499 2639 in
1557 2599 1620 2639 se
1650 2597 1830 2637 unam
1883 2578 2021 2634 hinc

371 2690 548 2754 atque
578 2682 714 2736 inde
762 2677 1177 2752 ingruentibus
1207 2674 1400 2731 malis.
1439 2673 1586 2729 Hinc
1623 2672 1781 2727 enim
1831 2684 2021 2737 nuper

367 2776 567 2829 exorta
596 2769 777 2843 pestis
812 2767 1114 2823 Lachanas
1161 2762 1502 2819 victricibus
1557 2761 1788 2817 instans
1834 2756 2019 2830 copiis

372 2860 671 2933 regionem
702 2857 1023 2925 desolabat,
1056 2868 1410 2926 quocunque
1439 2849 1776 2906 intenderat
1807 2851 2020 2903 cuncta

367 2950 566 3006 statim
603 2948 855 3002 adventu
890 2944 1080 3017 primo
1112 2941 1371 3014 capiens,
1406 2949 1458 2995 et
1485 2938 1567 2995 sic
1604 2939 2018 3010 plerorumque

364 3039 520 3094 circa
549 3037 884 3092 Ternobum
930 3033 1190 3088 locorum
1241 3032 1362 3101 jam
1414 3027 1694 3083 dominus
1751 3026 2014 3081 eﬂ‘ectus.

363 3127 447 3182 Ex
476 3126 658 3181 altera
687 3141 818 3179 vero
853 3127 1015 3195 parte
1047 3120 1229 3192 copiae
1263 3119 1334 3174 ab
1402 3117 1756 3188 imperatore
1816 3114 2015 3186 plures

2118 1915 2223 1989 γὰρ
2271 1914 2497 1987 ἠρεμεῖν
2551 1912 2677 1967 εἷων
2723 1913 2776 1967 αἱ
2821 1916 2918 1967 τοῦ
2966 1908 3241 1987 βασιλέως
3286 1910 3614 1984 ἆποστολαι)
3645 1909 3785 1973 τοὺς

2121 2000 2554 2081 διασαφήσοντας
2599 2005 2677 2074 τῷ
2739 1995 2996 2077 βαρϐάρῳ
3043 1999 3110 2055 τὰ
3166 2006 3266 2071 τῆς
3319 2000 3527 2076 βουλῆς
3575 2020 3637 2054 τε
3681 1999 3785 2054 καὶ

2120 2093 2418 2163 ἀξιώσεως.
2462 2091 2566 2147 Καί
2593 2090 2654 2154 ὅς
2683 2091 2919 2155 ἀκούσας
2968 2094 3185 2164 πρῶτον
3244 2091 3338 2162 μὲν
3388 2090 3794 2164 καθυπερηφα-

2118 2181 2303 2236 νεύετο
2357 2179 2513 2251 δῆθεν
2560 2181 2651 2236 καὶ
2699 2186 2819 2243 τοῖς
2864 2177 3297 2253 ἀπεσταλμένοις
3357 2177 3794 2252 ἀπεσεμνύνετο,

2122 2268 2587 2344 διαθρυπτόμενος
2618 2272 2756 2337 οἷον,
2788 2269 2833 2325 εἶ
2865 2269 3046 2344 ἀρχὴν
3088 2270 3216 2323 ὅσον
3248 2263 3402 2323 οὔπω
3431 2265 3791 2340 κτησομὲνην

2121 2358 2269 2432 αὐτῷ
2297 2359 2473 2434 σπάθῃ
2499 2360 2590 2414 καὶ
2624 2357 2845 2433 δυνάμει
2873 2361 2953 2432 [Ρ.
2986 2360 3113 2432 303]
3134 2356 3404 2434 κρείττονι
3437 2355 3615 2427 ἐκείνη
3644 2356 3795 2433 φθά-

2131 2581 2487 2652 quaestuosis
2519 2579 2848 2636 rationibus
2887 2578 3141 2635 deﬁxam
3201 2580 3460 2634 mentem
3512 2573 3799 2635 mulieris

2131 2670 2430 2726 mordicus
2461 2687 2569 2725 sua
2598 2668 2883 2739 tenentis,
2913 2671 2972 2724 et
3000 2665 3153 2723 nihil
3186 2683 3301 2722 non
3335 2681 3507 2738 agere
3556 2681 3622 2720 ac
3680 2682 3797 2738 pa-

2128 2760 2268 2815 cisci
2302 2763 2474 2815 certae
2517 2774 2621 2829 pro
2654 2760 2812 2812 statu
2847 2772 2913 2811 ac
2944 2770 3124 2827 regno
3175 2754 3286 2810 sibi
3320 2753 3561 2825 filioque
3614 2769 3787 2809 asse-

2130 2849 2345 2907 rendis.
2371 2848 2455 2904 Ab
2485 2846 2597 2902 hoc
2629 2850 2828 2901 autem
2862 2843 3164 2917 proposito
3225 2858 3510 2915 perquam
3561 2840 3791 2897 abhor-

2128 2958 2265 2997 reus
2293 2937 2609 2996 consilium
2637 2940 2765 2991 erat
2795 2932 3174 3005 confugiendi
3206 2932 3278 2987 ad
3338 2931 3800 3002 imperatorem,

2127 3032 2299 3102 cujus
2331 3026 2511 3084 menti
2548 3023 2792 3091 nullam,
2825 3039 2898 3078 ne
2929 3038 3033 3094 per
3062 3020 3359 3077 somnium
3393 3019 3656 3093 quidem,
3686 3019 3802 3075 ob-

2126 3123 2490 3175 versaturam
2550 3130 2816 3186 unquam
2875 3112 3294 3183 cogitationem
3325 3110 3648 3182 apparebat
3703 3125 3799 3164 re-

364 3213 842 3288 supervenientes
875 3209 1307 3310 increscebant,
1337 3223 1590 3280 quarum
1651 3204 1901 3313 ducibus
1927 3204 2010 3313 .in
2049 3246 2092 3313 ϐ
2131 3211 2231 3284 gni
2265 3205 2559 3279 Bulgarici
2592 3204 2784 3259 Mariae
2816 3200 3203 3272 Michaelique
3253 3215 3434 3273 puero
3485 3198 3797 3266 servandi,

366 3306 687 3377 apparebat
706 3319 835 3358 esse
866 3299 1259 3373 prOpositum,
1295 3302 1359 3351 ut
1388 3302 1551 3352 extra
1582 3294 1789 3349 urbem
1843 3292 2016 3364 quid-

370 3393 510 3467 quid
545 3393 849 3448 inﬁrmum
884 3394 942 3446 et
989 3387 1315 3460 expositum
1371 3384 1603 3455 injuriae
1642 3382 1882 3453 jacebat
1931 3383 2023 3438 de-

365 3485 772 3556 praedarentur
794 3484 1032 3552 agentes
1058 3474 1619 3545 ferentesque,intra
1642 3473 1831 3544 ipsam
1850 3489 2019 3545 porro

364 3573 662 3628 civitatem
696 3569 1021 3641 praecipuos
1049 3580 1318 3637 quosque
1350 3579 1656 3634 procerum
1708 3562 2020 3633 promissis

368 3662 438 3716 ad
468 3659 854 3715 defectionem
886 3656 1040 3711 442
1075 3652 1411 3708 delinirent.
1445 3651 1634 3715 Quare
1688 3649 1773 3705 illi
1806 3666 1908 3722 pro
1958 3666 2021 3707 se

369 3766 437 3805 ac
469 3748 588 3803 ﬁlio
628 3746 876 3803 sollicite
907 3742 1147 3813 trepidae
1175 3758 1328 3796 cura;
1361 3756 1522 3795 acres
1580 3740 1842 3794 animum
1896 3744 2018 3794 tur—

365 3838 687 3894 babant.Ac
718 3850 851 3890 cum
896 3833 1191 3888 ambobus
1223 3829 1405 3886 simul
1442 3829 1711 3884 hostibus
1735 3828 2021 3884 obsistere

371 3926 661 3998 nequiret,
698 3923 928 3996 placare
960 3923 1009 3977 si
1062 3924 1260 3992 posset
1318 3920 1565 3974 alterum
1621 3917 1897 3973 decrevit.
1957 3917 2018 3974 In

367 4033 482 4089 quo
517 4013 914 4070 festinandum
944 4011 1273 4083 judicabat,
1309 4025 1379 4063 ne
1413 4008 1549 4071 s'ibi,
1581 4008 1724 4063 dum
1758 4006 1878 4062 haec
1928 4024 2023 4079 pa-

365 4106 557 4175 rat,nb
582 4105 764 4159 altero
796 4102 1028 4157 interim
1061 4101 1312 4155 duorum
1344 4098 1721 4153 vehementer
1746 4097 2023 4168 utrinque

367 4194 725 4250 instantium
757 4188 1225 4262 irreparabiliter
1251 4202 1551 4259 oppressae
1582 4201 1779 4240 serum
1806 4185 2022 4242 deinde

372 4283 518 4339 talia
548 4281 829 4339 moliendi
852 4279 1171 4336 consilium
1211 4283 1269 4332 et
1298 4281 1544 4332 conatus
1576 4274 1779 4329 irritus
1812 4276 2022 4330 evade-

371 4378 474 4428 ret.
512 4374 574 4427 In
609 4371 717 4426 hac
748 4369 835 4423 illi
866 4367 1288 4423 deliberatione
1315 4364 1561 4419 dubium
1586 4379 1699 4417 non
1733 4370 1857 4418 erat
1879 4364 2021 4435 quin

365 4461 559 4533 ipsam
594 4458 870 4516 ofﬁcium
925 4461 982 4511 et
1014 4456 1200 4526 pudor
1231 4454 1301 4508 ad
1357 4453 1773 4524 imperatorem
1832 4452 2024 4524 potius

365 4550 666 4606 traheret.
722 4548 846 4613 Quo
910 4545 1066 4599 enim
1140 4542 1483 4612 decentius,
1542 4558 1658 4612 quo
1718 4541 2023 4596 honestius

2125 3301 2343 3375 quippe
2368 3295 2526 3369 quod
2558 3292 2953 3365 regnumjam
2987 3305 3090 3362 spe
3121 3306 3295 3345 avara
3326 3287 3579 3360 propriis
3612 3303 3798 3358 pren-

2127 3408 2261 3448 sare
2283 3388 2672 3454 addicereque
2711 3381 2852 3436 filiis
2871 3377 3211 3451 cmperat,in
3243 3377 3300 3433 id
3323 3375 3802 3433 irrevocabiliter

2125 3478 2502 3540 incumbens;
2545 3478 2609 3527 ut
2664 3485 2878 3543 genero
2937 3467 3085 3522 illud
3138 3466 3390 3538 {iliaque
3446 3465 3792 3536 subjiceret.

2126 3572 2316 3637 Quare
2345 3567 2403 3620 id
2436 3561 2677 3636 quidem
2706 3558 2930 3614 miserae
2966 3556 3302 3629 perfugium
3336 3554 3638 3627 praeclusit
3691 3554 3798 3610 de-

2124 3655 2381 3730 speratio
2410 3653 2549 3709 inde
2610 3646 2969 3720 impetrandi
3027 3646 3184 3719 quod
3241 3652 3514 3717 emptum
3572 3644 3790 3715 quovis

2125 3748 2308 3821 pretio
2342 3740 2740 3801 volebat.Inde
2774 3741 2973 3793 autem
2996 3734 3234 3807 repulsa
3263 3750 3382 3806 quo
3403 3750 3468 3790 se
3499 3736 3792 3790 verteret?

2127 3853 2261 3893 nam
2296 3853 2330 3892 a
2361 3834 2633 3890 Lachana
2661 3844 2763 3900 per
2791 3826 3015 3898 legatos
3046 3840 3287 3897 poscere
3317 3828 3383 3879 ut
3409 3838 3612 3879 secum
3648 3826 3791 3878 tan-

2125 3943 2301 4000 quam
2334 3921 2621 3996 Bulgariae
2671 3918 2875 3988 regina
2929 3915 3005 3970 iis
3063 3913 3502 3970 conditionibus
3562 3911 3787 3985 pacisci

2123 4017 2279 4072 443
2308 4012 2503 4081 vellet,
2536 4025 2664 4080 quae
2712 4006 3004 4077 integram
3036 4003 3122 4058 illi
3179 4007 3238 4059 et
3266 4000 3533 4060 Michaeli
3598 4018 3791 4074 puero

2126 4112 2462 4176 certamque
2495 4097 2893 4169 relinquerent
2915 4093 3353 4166 possessionem
3388 4090 3796 4165 principatus,

2126 4196 2330 4270 petitio
2361 4196 2487 4248 erat
2516 4195 2637 4245 tam
2671 4204 2706 4242 a
2735 4201 2838 4257 spe
2868 4183 3029 4241 omni
3089 4182 3526 4240 consecutionis
3581 4184 3801 4255 procul

2128 4289 2373 4349 remota,
2410 4288 2473 4337 ut
2502 4295 2610 4335 nec
2642 4274 2886 4350 proponi
2931 4275 3173 4347 dignam
3223 4273 3411 4330 Maria
3456 4272 3589 4344 ipsa
3626 4272 3801 4342 judi-

2128 4378 2327 4431 caret:
2388 4368 2624 4443 quando
2682 4365 2841 4421 enim
2896 4367 3000 4419 aut
3052 4361 3273 4434 quibus
3318 4361 3380 4417 in
3434 4361 3495 4417 id
3556 4359 3802 4418 illectus

2128 4462 2317 4538 pactis
2342 4460 2528 4515 fretus
2559 4471 2828 4521 numero,
2864 4453 3025 4509 ferox
3054 4452 3434 4508 successibus
3474 4450 3800 4518 barbarus,

2134 4566 2377 4625 regnum
2415 4547 2574 4621 quod
2609 4544 2803 4618 palam
2830 4542 3147 4609 affectarat,
3179 4540 3354 4611 cujus
3385 4544 3615 4613 partem
3658 4538 3798 4610 jam

363 4656 542 4711 quam
575 4638 644 4692 ad
680 4632 1036 4691 ανυηουιυῑῐι
1063 4632 1276 4703 neptis,
1311 4632 1379 4686 ad
1434 4630 1692 4685 amicum
1751 4631 1859 4684 Viri
1918 4631 2017 4685 de-
2052 4604 2100 4668 Β
2136 4604 2382 4710 tegeret,
2417 4604 2714 4709 [imprium
2770 4632 2831 4689 in
2862 4631 3118 4689 solidum
3178 4629 3251 4686 iis
3281 4604 3515 4686 cederet
3569 4628 3799 4700 quibus

365 4727 551 4785 functi
581 4726 762 4782 vidua
811 4724 1152 4791 confugeret
1181 4720 1209 4775 ‘I
1240 4720 1437 4775 Potius
1496 4719 1698 4791 utique
1728 4718 1884 4790 (cum
1937 4719 2019 4774 al-

363 4822 557 4874 terum
586 4814 755 4870 vitari
791 4830 907 4869 non
936 4810 1157 4884 posset)
1188 4825 1367 4880 quam
1419 4807 1777 4863 interfectori
1831 4808 2022 4863 mariti

365 4923 429 4963 se
460 4906 719 4971 dederet,
750 4907 808 4960 et
838 4918 973 4958 cum
1007 4915 1245 4956 summa
1276 4897 1490 4967 injuria
1519 4896 1780 4952 defuncti
1813 4899 2020 4969 conju-

365 4997 458 5070 gis
480 5000 676 5050 torum
712 4993 840 5064 ejus
881 4989 1264 5063 prostitueret
1320 4984 1655 5042 subsessori
1713 5002 1745 5040 a
1802 4986 2022 5042 recenti

368 5083 561 5140 adhuc
590 5082 752 5138 illius
780 5082 935 5138 caede
977 5093 1184 5135 cruore
1241 5075 1529 5132 mananti.
1588 5074 1760 5130 Prius
1819 5074 2021 5148 igitur,

367 5177 435 5229 ut
461 5190 569 5245 par
598 5170 730 5242 fuit,
756 5188 824 5228 eo
855 5168 1262 5242 propendit,ut
1294 5164 1365 5221 ab
1398 5163 1498 5219 illo
1521 5162 1772 5219 salutem
1794 5181 2020 5235 quaere-

369 5267 459 5318 ret
486 5279 519 5317 a
549 5277 667 5333 quo
696 5259 1044 5331 dignitatem
1075 5258 1464 5327 acceperat,et
1483 5254 1553 5307 ad
1579 5253 2018 5327 imperatorem,

366 5368 469 5423 per
497 5364 674 5424 quem
705 5364 771 5404 se
799 5346 1148 5402 meminerat
1179 5344 1237 5399 in
1268 5358 1518 5415 regnum
1578 5341 1861 5415 Bulgariae
1897 5361 2022 5416 pro.

368 5438 849 5510 vectam,legatos
879 5434 1180 5506 supplices
1209 5434 1443 5489 mittere
1473 5437 1699 5487 rectum
1723 5437 1779 5487 et
1808 5448 2023 5489 conve-

369 5529 540 5585 niens
571 5525 819 5600 putavit.
851 5523 965 5581 Sed
995 5523 1253 5594 aequitati
1285 5521 1701 5594 honestatique
1733 5522 1886 5578 acris
1917 5524 2026 5579 ad-

367 5616 628 5673 versaria
666 5614 724 5671 in
784 5611 1147 5669 contrarium
1200 5611 1554 5667 incumbens
1612 5611 2027 5668 obluctabatur

364 5700 790 5789 punmgtm
819 5703 1089 5758 avertens
1141 5697 1400 5756 deditam
1446 5698 1665 5772 spebus
1720 5700 1913 5757 avaris
1968 5707 2028 5760 et

2130 4732 2186 4787 id
2233 4744 2467 4785 summa
2509 4723 2886 4781 contentione
2927 4725 3053 4776 tum
3102 4734 3239 4775 cum
3291 4717 3549 4774 maxime
3597 4722 3805 4773 extor-

2131 4835 2312 4894 quere
2341 4813 2696 4873 conabatur?
2731 4812 2921 4869 Unum
2953 4825 3093 4882 ergo
3124 4807 3404 4877 restabat,
3436 4810 3609 4880 turpe
3659 4806 3807 4878 qui-

2132 4910 2263 4966 dem
2297 4912 2357 4963 et
2386 4905 2761 4978 probrosum,
2785 4900 2884 4957 sed
2910 4896 3058 4954 nihil
3092 4914 3209 4953 non
3240 4914 3348 4970 pro
3369 4912 3550 4970 regno
3577 4894 3809 4968 pacisci

2131 5001 2348 5071 parata:
2379 4992 2801 5055 necessarium,
2834 4987 2959 5045 vale
3020 4986 3226 5043 honori
3258 5002 3323 5042 ac
3375 4986 3546 5042 fama
3606 4983 3804 5054 dicto,

2132 5086 2346 5159 spretis
2371 5082 2609 5155 juribus
2640 5079 2811 5151 regies
2858 5074 3181 5141 viduitatis,
3226 5073 3524 5132 maculata
3575 5071 3806 5130 nobili-

2131 5181 2252 5231 tate
2282 5169 2644 5245 imperatorii
2674 5166 3005 5241 sanguinis,
3036 5165 3389 5239 prostituere
3419 5180 3484 5221 se
3520 5162 3806 5233 subulco,

2131 5265 2352 5337 vilique
2384 5279 2450 5318 ac
2478 5262 2719 5317 cruento
2748 5257 2975 5313 latrone
3005 5254 3187 5311 simul
3236 5254 3294 5309 in
3358 5252 3654 5309 civitatem
3715 5251 3807 5307 si-

2136 5353 2257 5410 mul
2287 5352 2347 5407 in
2380 5355 2577 5407 torum
2610 5346 2971 5404 admittendo
2999 5343 3245 5417 pudoris
3301 5347 3359 5398 et
3402 5340 3807 5398 existimatio-

2135 5443 2227 5500 nis
2259 5440 2574 5513 quantovis
2604 5437 2821 5492 damno
2853 5432 3165 5491 ambitioni
3198 5431 3386 5488 litare.
3429 5430 3601 5487 Tanti
3655 5445 3810 5501 ergo

2136 5532 2439 5599 arbitrata,
2475 5532 2539 5585 ut
2570 5526 2769 5599 regina
2797 5525 2949 5597 ipsa,
2993 5526 3060 5579 ut
3088 5528 3281 5579 mater
3314 5519 3610 5593 designati
3660 5517 3813 5575 Bul-

2133 5636 2408 5695 garorum
2445 5618 2599 5691 regis
2629 5616 2742 5671 dici
2777 5616 3068 5687 pergeret,
3118 5610 3406 5668 Lachanae
3462 5625 3613 5666 uxor
3666 5623 3811 5664 esse

2132 5711 2471 5782 vocarique,
2504 5707 2716 5780 cupide
2747 5721 2815 5761 ac
2850 5702 3069 5776 raptim
3122 5703 3279 5774 (nam
3313 5700 3384 5757 ab
3434 5699 3806 5773 imperatore
