4080 6384
313 371 416 431 901

1386 381 1486 435 DE
1522 381 1900 438 MICHAELE
1938 381 2386 440 PALEOLOGO
2421 384 2555 438 LIB.
2598 384 2692 440 VI.

3626 383 3735 438 902

314 517 397 552 νοι
429 496 769 572 χαρίζεσθαι.
803 501 998 573 ’Ὀμως
1015 503 1106 556 καὶ
1134 501 1201 556 τὰ
1219 505 1316 557 106
1337 501 1540 578 λέχους
1572 502 1848 578 προσίετο,
1879 525 1973 558 πο-
2001 507 2057 575 Α
2089 504 2232 568 ὅλως
2249 505 2338 560 καὶ
2367 505 2624 582 ὑποσχεῖν
2677 504 2878 560 ἐκεῖνον
2938 503 3290 581 ἐπιϐρίσασαν
3347 506 3406 561 ἐκ
3461 506 3730 583 Τοχάρων

317 591 499 656 νηρῶς
533 585 662 661 ἄγαν
692 588 779 643 καὶ
813 589 1039 663 βαθέως,
1065 591 1172 666 οὐχ
1195 591 1268 655 ὥς
1284 614 1365 656 τις
1393 590 1452 646 ἂν
1489 593 1632 647 εἷ’ποι
1665 592 1968 667 φιλογύνης

321 676 410 730 καὶ
443 682 542 744 τῆς
571 676 1018 752 γυναικωνίτιδος
1050 680 1300 756 ἐραστής·
1341 681 1404 735 τὸ
1449 681 1548 758 γὰρ
1587 680 1878 754 μαλάττειν
1906 685 1971 736 τὰ

318 763 429 837 ἤθη
464 770 571 820 τῶν
635 764 936 840 δεξομένων
995 770 1085 822 καὶ
1146 769 1264 824 λίαν
1326 771 1400 833 ὡς
1449 771 1968 847 καταφρονησάντων

321 855 513 910 αὐτίκα
545 851 954 933 διεφυλάττετο,
984 855 1170 920 ἄλλως
1223 857 1279 912 δὲ
1334 861 1450 913 κατ’
1510 859 1732 934 εἰρήνην
1763 860 1851 914 καὶ
1879 866 1973 914 106

325 946 401 1016 μή
434 946 631 1019 χέσθαι
690 945 983 1023 ἐμφυλίοις
1041 948 1311 1021 πολέμοις
1366 947 1568 1020 α’ίματα
1627 948 1972 1024 κατεδέχετο,

323 1035 398 1096 ὡς
429 1034 590 1110 χάριν
644 1031 861 1106 διδοὺς,
893 1035 955 1090 06
990 1032 1309 1110 λαμϐάνων.
1360 1041 1572 1113 Ὅρκιον
1607 1037 1697 1093 οὖν
1746 1042 1976 1116 γενομέη

320 1146 422 1178 νων
464 1124 550 1178 καὶ
611 1126 894 1194 συνθηκῶν
945 1125 995 1198 ἐξ
1030 1127 1296 1202 ἑκατέρων
1336 1128 1679 1204 ὑπανοίγνυσί
1730 1149 1786 1183 τε
1829 1129 1975 1202 αὐτῷ

319 1214 416 1275 τὰς
463 1212 640 1276 πύλας
678 1258 690 1282 ,
746 1214 836 1268 καὶ
909 1213 1056 1277 ἐντὸς
1117 1213 1378 1288 δεξαμένη
1439 1215 1587 1271 τελεῖ
1660 1218 1824 1292 ἑαυτῇ
1887 1218 1978 1273 σὺν

311 1303 512 1375 ἐκείνῳ
550 1302 677 1364 τοὺς
739 1304 976 1377 γάμους,
1035 1305 1125 1360 καὶ
1177 1306 1270 1368 τὰς
1325 1309 1630 1370 ταινιώσεις
1685 1315 1784 1375 τῆς
1821 1309 1976 1383 βασι-

323 1391 476 1454 λείας
505 1391 593 1446 καὶ
627 1392 782 1454 αὖθις
833 1393 1046 1464 σύναμα
1106 1391 1384 1469 δέχονται,
1427 1397 1515 1450 καί
1548 1418 1608 1472 γε
1637 1397 1976 1469 παρασκευά-

327 1486 524 1552 ζειτῷ
588 1479 805 1556 βασιλεῖ
864 1481 1188 1552 ἀντίπαλον,
1227 1484 1299 1545 ὡς
1329 1481 1489 1556 ᾤετο,
1547 1485 1749 1542 ἱκανόν.
1811 1491 1978 1541 T0610

328 1565 538 1642 συμϐάν
571 1591 627 1623 τε
652 1569 740 1624 καὶ
802 1572 1060 1636 ἀκουσθέν
1119 1573 1209 1627 τὸν
1273 1573 1499 1648 βασιλέα
1558 1573 1837 1650 αὐτάρκως
1883 1577 1980 1629 ’καὶ

325 1663 399 1724 ὡς
431 1661 551 1732 ἐνῆν
597 1659 926 1736 διετάραξεν,
981 1663 1299 1738 ὑπεκρίνετό
1350 1686 1408 1720 τε
1458 1669 1705 1729 κακεῖνος
1744 1669 1818 1740 μὴ
1855 1669 1979 1721 ἀθυ-

312 1757 447 1823 μεῖν
508 1750 886 1828 σφαλλόμενος
945 1756 1054 1806 τῶν
1116 1751 1379 1822 ἐλπίδων,
1441 1752 1586 1809 ἀλλὰ
1643 1763 1851 1832 στυγεῖν
1905 1762 1984 1828 τῷ

323 1843 454 1916 παρ’
503 1840 648 1910 ἀξίαν
709 1839 918 1911 ἐκείνης
977 1842 1297 1915 πταίσματι,
1355 1844 1494 1898 ὥστε
1558 1851 1652 1899 καῖ
1707 1847 1770 1901 τὸ
1828 1847 1979 1922 γένος

2079 592 2413 668 ὃύμαμινῆν
2465 596 2609 656 εἰκὸς
2669 594 3063 666 ἐπεισπίπτειν,
3123 595 3234 668 ἅμα
3271 595 3363 668 μὲν
3424 596 3496 657 ὡς
3531 594 3726 671 ἐχθρὸν

2078 691 2353 762 προφανῆ,
2403 686 2514 756 ἅμα
2571 682 2626 738 δὲ
2679 684 2768 738 καὶ
2818 686 2966 760 παρά
3023 689 3132 739 τῶν
3193 683 3407 739 οἰκείων
3463 705 3735 762 καταφρο-

2079 773 2372 845 νούμενον.
2396 776 2580 829 Ταῦτα
2613 772 2785 850 λέγων
2818 775 2920 828 06/.
2950 775 3088 828 ἀνίει
3145 774 3235 828 καὶ
3296 772 3446 836 αὖθις
3502 774 3734 847 πέμπων

2079 884 2136 916 τε
2185 860 2438 935 δυνάμεις
2499 863 2905 938 ἀγωνιουμένας
2963 865 3053 918 καὶ
3106 866 3174 919 τὰ
3229 865 3367 938 πρὸς
3422 860 3737 934 καταϐολὴν

2081 953 2289 1028 Μαρίας
2341 953 2893 1026 κατασκευαζόμενος.
2951 956 3007 1007 Ὀ
3064 953 3240 1009 τοίνυν
3297 962 3551 1031 Λαχανᾶς
3601 957 3737 1032 πρὸς

2081 1043 2174 1104 τὰς
2206 1050 2306 1111 τῆς
2333 1043 2583 1118 γυναικὸς
2641 1043 2862 1119 θρύψεις
2918 1045 3007 1098 καὶ
3068 1045 3352 1119 ἀπηχθετο
3409 1045 3498 1099 καὶ
3535 1041 3740 1121 βαρϐα-

2085 1136 2252 1207 ρικῶς
2279 1131 2442 1200 ’ἤθελε
2476 1131 2688 1206 διαζῇ-ι,
2733 1138 2860 1195 τοῦς
2919 1134 3056 1210 ἀμφ’
3086 1133 3243 1187 αὐτὸν
3298 1135 3386 1188 καὶ
3443 1134 3565 1188 λίαν
3603 1136 3739 1189 ὑπο-

2081 1221 2434 1294 ποιούμενος·
2493 1217 2629 1298 ἔγνω
2692 1224 2794 1297 γὰρ
2850 1222 3236 1298 ἀμφοτέρωθεν
3301 1222 3734 1297 ἐξαρτυομένους

2081 1308 2365 1382 πολέμους
2421 1312 2508 1364 καὶ
2564 1312 2659 1374 τὰς
2721 1311 2976 1384 βλακείας
3041 1309 3209 1384 μηδέν
3291 1309 3405 1373 οἵας
3463 1334 3520 1367 τε
3572 1311 3736 1375 οὔσας

2083 1400 2420 1469 κατευνάζειν
2453 1404 2576 1462 τοῦς
2640 1401 2701 1455 ἐκ
2755 1406 2862 1455 τῶν
2917 1399 3182 1473 πολέμων
3239 1400 3542 1471 κινδύνους,
3603 1402 3742 1457 ὣστε

2087 1491 2177 1544 καὶ
2210 1490 2484 1554 πολλάκις
2542 1492 2678 1566 πρὸς
2737 1490 2946 1560 ἐκείνην
3006 1488 3516 1568 ’διαφιλοκθεικοῦντα
3573 1492 3742 1548 ἐντεί-

2086 1601 2196 1633 νειν
2230 1578 2475 1654 πληγάς.
2509 1580 2684 1641 Αὐτὸς
2745 1578 2802 1633 δὲ
2859 1581 3089 1654 κρείττω
3147 1581 3324 1650 πάσης
3380 1579 3744 1655 ἀσχολίαςτά

2087 1667 2276 1741 κύκλῳ
2351 1675 2780 1741 συνανιστάμενα
2860 1669 3059 1744 κρίνων
3149 1670 3462 1724 ὑπεποιεῖτὸ
3522 1693 3578 1726 τε
3617 1671 3743 1734 τοὺς

2091 1759 2362 1831 ἄρχοντας
2392 1762 2498 1812 τῶν
2541 1757 2895 1834 Βουλγάιετων,
2945 1759 3034 1812 καὶ
3084 1759 3219 1829 πρὸς
3272 1757 3555 1831 πολέμους
3587 1763 3746 1830 ἡτοι-

2097 1850 2293 1919 μάζετο
2323 1847 2451 1908 τοὺς
2479 1849 2595 1902 κατ’
2647 1846 2834 1918 ἄμφω,
2877 1845 3016 1904 Οὐδὲ
3047 1849 3150 1922 γὰρ
3206 1849 3273 1916 ἦν
3309 1847 3432 1902 οὕτε
3464 1849 3748 1924 Τοχάροις

323 1935 682 2006 καταισχῦναι
713 1932 799 1984 καὶ
853 1932 950 2000 τήν
1007 1931 1188 2006 ἀρχὴν
1242 1933 1696 2007 προσαπολλύναι
1754 1941 1833 2007 τῷ
1869 1959 1977 2008 μη-
2008 1906 2054 1970 Β
2089 1933 2178 1990 ’ὀιά
2206 1938 2274 1991 τὰ
2310 1939 2620 2012 πραχθέντα
2653 1934 2967 2000 σπένδεσθαι
3023 1934 3145 1991 οὕτε
3172 1937 3298 1998 τοὸς
3337 1942 3435 1991 106
3471 1939 3743 2013 βασιλέως

331 2017 480 2082 Ξενὸς
560 2019 691 2092 ἀξίῳ
767 2022 1276 2096 κανεγχειρίσασαν’
1371 2022 1512 2097 μηδὲ
1584 2025 1684 2100 γὰρ
1741 2024 1974 2096 ἀνθέξειν

329 2247 523 2298 metus
555 2239 820 2297 cunctari
863 2256 977 2295 non
1009 2241 1270 2311 sinebat)
1304 2241 1485 2296 mittit
1532 2244 1603 2297 ad
1655 2243 1982 2298 Barbarum

328 2333 426 2404 qui
461 2348 603 2386 suas
634 2331 720 2385 illi
764 2330 1004 2400 nuptias
1052 2345 1187 2384 cum
1240 2329 1421 2384 dotali
1477 2332 1751 2386 offerrent
1782 2349 1981 2402 regno.

333 2423 417 2478 Ad
451 2439 518 2477 ea
551 2420 650 2476 ille
681 2419 939 2491 primum
979 2419 1434 2490 aspernabundo
1483 2420 1696 2475 similis
1728 2420 1862 2476 talis
1896 2422 1987 2475 in-

329 2517 618 2583 terpretes
651 2509 886 2564 foederis
916 2508 1303 2579 superciliose
1331 2507 1669 2579 repellebat,
1705 2508 1986 2564 cavillans

336 2599 584 2656 ridicule
610 2599 808 2654 offerri
838 2598 992 2668 quod
1025 2598 1230 2666 majori
1278 2614 1346 2652 ex
1394 2603 1555 2667 parte
1579 2599 1705 2669 jam
1738 2603 1984 2668 teneret,

337 2690 658 2763 gratiaeque
721 2687 1006 2758 imputari
1069 2686 1280 2757 reginae
1335 2687 1646 2756 quaesitum
1696 2688 1824 2757 jam
1873 2687 1986 2742 sibi

337 2779 520 2834 armis
568 2777 948 2847 victoriisque
981 2775 1398 2846 principatum.
1431 2777 1648 2832 Tamen
1702 2794 1773 2832 ne
1803 2777 1988 2832 durus

342 2867 522 2923 nimis
572 2868 844 2938 ferusque
891 2865 1208 2932 videretur,
1257 2866 1493 2936 nuptias
1555 2866 1690 2921 talis
1737 2867 1987 2921 foeminaz

344 2956 798 3026 admisit,astute
825 2955 882 3010 id
915 2955 1112 3026 ipsum
1137 2955 1534 3025 tamen,quasi
1566 2955 1772 3010 alienae
1793 2955 1988 3010 indul-

344 3046 531 3116 gendo
562 3045 868 3114 voluntati,
902 3061 1013 3099 non
1048 3045 1295 3116 propriae
1330 3045 1710 3116 obsequendo
1734 3045 1986 3116 libidini,

340 3135 692 3200 annuens,in
715 3151 824 3205 quo
847 3138 974 3189 erat
997 3133 1340 3205 profundior
1359 3136 1488 3205 ejus
1513 3135 1778 3204 quaedam
1804 3152 1983 3205 quam

2089 2027 2337 2081 ὁπωσοῦν
2390 2027 2644 2100 ἀναρτᾷν.
2702 2027 2799 2080 Διὰ
2847 2032 3007 2081 τοῦτο
3057 2028 3174 2081 καθ’
3229 2026 3352 2082 ὅσον
3389 2025 3573 2103 ἴσχυεν
3608 2028 3753 2083 ἀντι-

2097 2243 2444 2312 dignitatem
2474 2260 2540 2298 ac
2558 2260 2772 2298 nomen
2796 2243 3022 2315 regium
3047 2246 3343 2317 perditum
3369 2246 3569 2300 ivisset
3593 2266 3606 2314 ;
3631 2263 3747 2318 quo

2096 2333 2224 2402 ipso
2275 2348 2410 2386 mox
2462 2333 2765 2403 privanda,
2812 2349 3062 2388 sensura
3128 2340 3282 2390 esset
3350 2334 3640 2390 inutiliter
3689 2351 3752 2390 se

2098 2437 2392 2490 peccasse,
2424 2423 2566 2475 dum
2599 2423 2656 2475 id
2689 2421 2885 2476 scelus
2922 2439 3024 2493 spe
3059 2428 3183 2478 tuto
3216 2425 3500 2495 regnandi
3531 2424 3750 2479 consci-

2096 2510 2260 2565 verit.
2293 2511 2439 2566 Nam
2492 2527 2738 2582 regnum
2799 2515 2952 2582 quod
3015 2512 3240 2568 homini
3302 2513 3466 2568 nulla
3515 2530 3576 2568 re
3630 2514 3747 2569 nisi

2097 2600 2253 2654 mala
2284 2601 2460 2671 digno
2485 2600 3207 2670 turpissimetradidisset,
3240 2602 3354 2670 ipsi
3387 2620 3522 2658 mox
3551 2607 3748 2658 extor-

2098 2691 2396 2758 quendum
2419 2706 2448 2742 a
2473 2689 3034 2759 Tocharis,quorum
3055 2692 3325 2760 potentias
3354 2692 3745 2762 irruptionem

2098 2778 2156 2831 in
2215 2775 2550 2847 Bulgariam
2609 2779 2948 2847 parantium
3011 2777 3157 2831 nihil
3208 2788 3405 2848 posset
3450 2778 3748 2836 Lachanas

2099 2883 2392 2937 opponere
2451 2866 2606 2934 quod
2694 2882 2797 2935 par
2856 2866 3181 2921 resistendo
3233 2869 3394 2920 foret.
3459 2868 3751 2924 Tocharos

2101 2961 2315 3023 autem,
2349 2960 2413 3009 ut
2439 2971 2670 3009 movere
2703 2955 3142 3025 quamprimum
3177 2955 3234 3009 in
3269 2956 3598 3012 Lachanam
3634 2975 3752 3014 non

2101 3045 2457 3110 omitterent,
2493 3045 2620 3098 dum
2649 3062 2838 3098 causa)
2885 3043 3213 3099 incitabant
3268 3061 3279 3098 :
3323 3045 3538 3100 etenim
3593 3049 3750 3118 quod

2099 3151 2196 3189 eos
2238 3134 2395 3206 prior
2439 3135 2535 3188 ille
2577 3133 2974 3189 lacessiviss‘t
3005 3151 3208 3188 eorum
3244 3135 3442 3205 copias
3501 3137 3750 3205 credens,

337 3225 408 3278 ab
442 3223 678 3279 homine
711 3225 796 3280 sic
829 3231 966 3279 nato
1015 3241 1282 3295 sperares
1314 3226 1641 3296 prudentia.
1679 3226 1987 3294 Vitandam
2020 3213 2062 3278 C
2096 3223 2415 3279 ulciscendi
2447 3224 2674 3278 hostem
2714 3227 2979 3293 apertum
3017 3223 3360 3278 necessitate
3400 3225 3470 3278 ad
3504 3242 3625 3279 eam
3651 3242 3746 3280 ex-

336 3313 491 3368 cnim
537 3319 689 3369 recte
740 3315 968 3385 putavit
1017 3319 1428 3386 contemptum
1503 3314 1616 3386 ipsi
1665 3315 1989 3385 parituram

335 3403 492 3472 apud
540 3419 681 3458 suos
732 3402 1070 3473 opinionem
1122 3403 1310 3456 uxorii
1364 3408 1420 3457 et
1451 3403 1509 3456 in
1560 3403 1889 3474 voluptates
1921 3422 1990 3458 ex

336 3491 547 3547 bellica
577 3491 794 3547 ferocia
823 3491 1075 3547 emolliri
1123 3490 1314 3547 facilis
1344 3491 1474 3546 viri.
1511 3491 1658 3556 Quin
1691 3497 1747 3547 et
1777 3492 1990 3548 huma-

338 3581 542 3635 nitatis
574 3582 789 3635 famam
825 3597 1130 3650 aucupans
1157 3580 1373 3635 moveri
1409 3597 1524 3651 prae
1557 3597 1619 3634 se
1657 3580 1792 3634 tulit
1823 3583 1990 3636 mise-

336 3669 559 3724 ratione
593 3669 873 3724 fundendi
905 3669 1116 3738 civilis,
1157 3668 1206 3723 si
1251 3686 1364 3738 qua
1411 3673 1666 3740 coeperat
1700 3670 1984 3737 tenderet,

336 3758 668 3829 sanguinis.
723 3759 800 3812 Ad
849 3763 1174 3813 extremum
1209 3775 1276 3812 ea
1324 3757 1634 3812 verborum
1678 3756 1988 3827 voltusque

333 3849 627 3918 gravitate
653 3865 770 3918 qua
795 3865 908 3902 non
928 3849 1188 3918 accipere
1220 3847 1416 3918 ipsum
1440 3847 1764 3917 quidquam
1790 3848 1987 3917 gratias

333 3939 435 3992 sed
489 3937 758 3992 beneﬁcii
808 3937 934 3993 loco
993 3938 1254 3992 tribuere
1317 3953 1378 3991 se
1422 3936 1803 4006 significaret,
1859 3953 1987 4006 quas

333 4026 734 4082 oii'erebantur
756 4027 1358 4097 accepit.Scribuntur
1381 4043 1515 4080 mox
1547 4025 1985 4093 conventiones,

334 4120 492 4171 444
541 4122 712 4187 pacta
750 4117 1140 4187 jurejurando
1192 4115 1468 4186 utrinque
1516 4116 1650 4170 dato
1702 4115 1986 4170 muniun-

332 4210 450 4261 tur.
475 4205 590 4261 Nec
615 4207 798 4261 Maria
818 4222 1041 4260 moram
1076 4205 1213 4261 fecit
1235 4205 1680 4277 aperiendarum
1713 4204 1987 4259 Lachanaa

334 4301 638 4366 portarum
672 4295 944 4364 Ternobi,
989 4311 1168 4366 seque
1227 4294 1341 4367 ipsi
1401 4295 1621 4366 nuptiis
1671 4294 1984 4366 jungendi.

333 4384 740 4440 Coronationis
771 4385 908 4439 inde
940 4401 1223 4440 novorum
1276 4385 1595 4455 conjugum
1641 4384 1989 4439 caaremonia

332 4474 643 4544 splendide
701 4473 1052 4542 celebratur,
1123 4472 1447 4528 acclamata
1519 4474 1710 4528 denuo
1781 4473 1984 4546 regina

332 4562 618 4652 Bulgaria).
651 4563 834 4619 Maria
866 4580 1013 4618 novo
1049 4561 1218 4617 titulo
1252 4563 1450 4652 uxoris
1497 4562 1776 4652 Lachanae
1806 4565 1983 4652 regis.
2015 4590 2062 4652 D

325 4652 424 4708 Sic
453 4651 556 4706 illa
587 4669 649 4707 se
680 4667 1054 4722 comparasse
1083 4667 1318 4720 gravem
1368 4650 1766 4704 adversarium
1802 4651 1984 4722 impe-

325 4741 510 4796 ratori
543 4740 832 4796 avunculo
865 4739 1130 4812 putabat.
1156 4739 1278 4802 Quo
1304 4755 1416 4794 non
1441 4756 1678 4810 parvam
1712 4740 1761 4793 ei
1790 4757 1986 4795 revera

327 4847 437 4887 nec
477 4849 685 4902 parum
733 4829 1040 4887 molestam
1093 4828 1308 4900 adjecit
1355 4844 1582 4884 curam.
1629 4832 1982 4900 Quanquam

326 4920 430 4976 ille
476 4920 714 4993 quidem
766 4920 971 4975 audita
1017 4922 1253 4990 repente
1314 4918 1398 4972 rei
1464 4918 1642 4984 fama,
1694 4918 1986 4973 dissimu-

329 5009 552 5065 latione
610 5026 672 5065 se
727 5008 902 5064 solita
951 5008 1273 5077 involvens,
1334 5005 1649 5077 diligenter
1698 5005 1848 5061 cavit
1913 5022 1985 5061 ne

329 5116 574 5155 causam
620 5097 862 5168 doloris,
929 5115 1046 5168 quo
1091 5096 1300 5152 intime
1347 5097 1649 5164 urebatur,
1699 5095 1984 5150 veriorem

328 5189 814 5262 praecipuamque
847 5187 1140 5260 proderet,
1174 5187 1330 5258 quod
1383 5185 1664 5240 nimirum
1697 5184 1986 5240 excidisse

324 5295 393 5335 se
425 5280 577 5333 votis
600 5283 657 5334 et
691 5279 1046 5332 interversas
1096 5276 1209 5332 sibi
1260 5291 1394 5347 spes
1438 5274 1701 5346 proxime
1744 5275 1862 5344 iam
1915 5275 1984 5329 ad

323 5367 552 5423 exitum
589 5368 908 5439 perductas
941 5364 1556 5422 cerneret.Ostentavit
1586 5370 1782 5419 autem
1817 5362 1986 5434 plau-

320 5457 628 5513 sibiliores
659 5456 806 5512 alias
830 5458 902 5511 de
929 5457 1079 5511 facto
1107 5455 1218 5510 isto
1251 5454 1486 5509 dolendi
1522 5455 1802 5521 rationes,
1836 5453 1984 5508 infa-

317 5547 503 5602 miam
536 5545 806 5600 videlicet
839 5562 1020 5616 quam
1042 5545 1145 5599 illa
1177 5542 1530 5599 infelixistis
1561 5547 1717 5598 esset
1745 5543 1986 5615 ﬂagitiis

319 5636 648 5708 promerita
677 5636 1024 5702 maximam,
1064 5635 1265 5707 generi
1317 5650 1384 5689 ac
1437 5632 1671 5688 familiae
1705 5634 1986 5702 probrum

320 5725 723 5782 faadissimum
787 5726 1050 5782 inurens.
1096 5723 1284 5780 Simul
1328 5727 1525 5780 autem
1583 5739 1718 5778 cum
1765 5721 1986 5780 honore

2098 3314 2451 3385 peditionem
2487 3311 2943 3383 impellebantur
2970 3338 2982 3377 ;
3013 3317 3072 3366 et
3105 3311 3183 3366 rei
3217 3313 3287 3366 ad
3325 3313 3379 3366 id
3406 3314 3747 3368 audendum

2096 3403 2376 3458 facilitate
2409 3401 2985 3471 incitabantur,quod
3015 3401 3339 3455 Lachanam
3373 3419 3504 3457 esse
3528 3403 3748 3458 scirent

2097 3493 2392 3547 hominem
2448 3491 2643 3558 nihili,
2696 3507 2937 3544 exosum
2989 3496 3046 3545 et
3095 3496 3362 3561 spretum
3411 3491 3585 3546 etiam
3624 3493 3752 3547 suis

2094 3581 2386 3652 Bulgaria.
2422 3581 2588 3636 Talia
2619 3581 2836 3651 passim
2873 3579 3026 3650 apud
3066 3579 3379 3635 familiares
3435 3581 3756 3652 imperator

2095 3671 2540 3734 disserens,non
2575 3670 2844 3724 cessabat
2876 3669 3111 3722 interim
3141 3670 3286 3723 alias
3313 3687 3491 3740 super
3524 3669 3667 3726 alias
3694 3671 3754 3726 in

2096 3758 2434 3829 Bulgariam
2457 3759 2655 3828 copias
2672 3759 3280 3828 rnittere,omnemque
3301 3760 3608 3814 admovere
3627 3777 3750 3816 ma-

2095 3849 2328 3904 chinam
2347 3849 2416 3902 ad
2439 3849 2828 3917 dejiciendam
2848 3864 2914 3902 eo
2934 3865 3110 3918 regno
3128 3848 3368 3903 Mariam
3383 3851 3473 3903 .At
3495 3850 3750 3905 Lachaas

2095 3939 2208 3993 cito
2241 3943 2525 4009 pertaesus
2556 3937 2697 4006 regii
2732 3937 2904 3990 luxus
2944 3941 3000 3991 et
3049 3937 3395 3992 deliciarum
3447 3940 3755 4009 uxoris,iis

2095 4045 2236 4083 cum
2289 4025 2589 4082 stomacho
2641 4027 2892 4096 rejectis,
2946 4025 3319 4080 immundam
3366 4027 3752 4100 illautamque

2096 4116 2388 4172 barbarici
2427 4115 2595 4181 ritus,
2629 4114 2722 4168 cui
2755 4115 2980 4168 dudum
3037 4113 3520 4182 insueverat,vitae
3553 4117 3753 4173 ferinae

2093 4208 2243 4263 445
2283 4206 2564 4260 rationem
2600 4203 2943 4274 usurpabat,
2988 4203 3096 4257 hoc
3129 4202 3321 4273 ipsum
3355 4204 3623 4259 videlicet
3643 4223 3750 4261 aes-

2093 4296 2310 4351 timans
2344 4294 2485 4349 utile
2517 4293 2886 4348 demerendis
2937 4291 3049 4346 sibi
3085 4290 3465 4347 familiarium
3502 4310 3747 4351 suorum

2093 4385 2402 4440 affectibus
2436 4388 2492 4437 et
2525 4381 2758 4447 studiis,
2794 4399 3044 4452 quorum
3079 4380 3304 4436 alenda:
3347 4383 3749 4454 augendaaque

2091 4474 2148 4528 in
2203 4491 2330 4529 sese
2380 4471 2792 4527 benevolentiae
2842 4477 3058 4526 cuncta
3101 4487 3227 4542 quas
3259 4472 3329 4525 ad
3378 4471 3435 4525 id
3487 4474 3750 4528 conferre

2093 4563 2434 4619 viderentur
2463 4562 2666 4616 sedulo
2700 4560 3036 4615 adhibebat.
3069 4559 3224 4614 Satis
3253 4560 3407 4614 enim
3460 4561 3748 4634 intellige-

2099 4653 2196 4706 bat
2228 4658 2512 4723 quantam
2549 4650 2838 4719 indigeret
2875 4666 3076 4703 eorum
3110 4666 3305 4720 opera,
3360 4649 3564 4720 utique
3617 4667 3750 4706 cum

2096 4743 2205 4797 sibi
2238 4741 2456 4813 duplici
2492 4756 2559 4793 ex
2592 4744 2755 4810 parte
2796 4738 3029 4792 diversa
3078 4743 3134 4793 et
3188 4755 3405 4810 magna
3438 4740 3742 4797 imminere

2097 4831 2248 4886 bella
2275 4835 2555 4885 cerneret.
2591 4829 2715 4891 Qua
2745 4827 2870 4898 ipsa
2898 4843 2964 4881 ex
2987 4843 3165 4881 causa
3196 4828 3542 4884 muliebrem
3562 4829 3750 4886 victus

2095 4920 2406 4990 cultusque
2428 4917 2736 4973 mollitiem
2756 4916 3069 4971 exercitam
3088 4915 3462 4988 oblatamque
3478 4918 3547 4972 ab
3573 4936 3752 4975 uxore

2095 5011 2518 5065 contumaciter
2550 5008 2692 5062 adeo
2744 5005 3116 5076 reprobabat,
3151 5005 3383 5060 noxiam
3426 5007 3755 5066 criminans

2095 5104 2151 5154 et
2182 5099 2525 5152 enervandae
2557 5101 2698 5150 tunc
2731 5094 2983 5150 maxime
3011 5096 3355 5151 necessarias
3388 5096 3607 5152 beilicae
3637 5100 3750 5154 vir-

2094 5189 2206 5244 tuti
2232 5187 2768 5252 accomodatam,ut
2793 5201 2859 5240 eo
2885 5185 3121 5240 nomine
3143 5185 3385 5241 Mariam
3413 5203 3524 5242 non
3555 5187 3747 5244 solum

2095 5278 2443 5349 plerumque
2477 5277 2803 5345 increparet
2833 5275 3163 5343 verbis,sed
3197 5277 3538 5333 verberibus
3569 5284 3745 5334 etiam

2097 5384 2162 5422 ac
2193 5365 2382 5437 plagis
2429 5365 2706 5419 miseram
2757 5364 3166 5433 contunderet,
3211 5366 3471 5421 intentus
3523 5367 3746 5424 interea

2096 5473 2258 5523 sane,
2296 5459 2466 5525 prout
2497 5470 2589 5508 res
2624 5454 2923 5524 poscebat,
2953 5452 3201 5508 sollicite
3237 5457 3466 5510 cunctis
3500 5473 3601 5527 per
3631 5457 3745 5512 cir-

2097 5545 2320 5600 cuitum
2355 5543 2627 5614 parandis
2653 5545 2721 5597 ad
2747 5542 3531 5616 excipiendosingruentium
3560 5546 3748 5601 utrin-

2097 5651 2212 5706 que
2244 5635 2501 5704 impetus
2521 5631 3000 5698 hostium.Quam
3030 5633 3100 5688 ad
3134 5651 3254 5689 rem
3291 5639 3412 5689 arte
3444 5651 3560 5706 qua
3589 5641 3750 5706 pote-

2099 5729 2191 5780 rat
2229 5723 2491 5780 maxima
2538 5721 2784 5779 delinire
2833 5739 2899 5779 ac
2944 5723 3255 5781 conciliare
3296 5722 3410 5779 sibi
3452 5726 3755 5797 satagebat
