4080 6406
382 391 492 449 903

1702 387 2005 445 GEORGII
2043 384 2508 443 PACHYMERE

3704 381 3829 444 σοι

382 514 743 590 παρετάττετο
790 515 853 569 τὸ
918 516 1010 587 μὶν
1072 514 1231 583 ἑκὼν,
1291 515 1354 569 τὸ
1389 510 1435 568 δ’
1466 511 1633 571 ἄκων.
1693 513 1903 587 Ἀρχὴν
1934 510 2037 586 γὰρ
2070 511 2125 579 Α
2152 530 2259 581 τες,
2299 507 2519 585 βασιλεῖ
2572 508 2631 567 δὶ
2660 510 3112 587 προσγίνόμενοι.
3144 514 3271 573 Τοῖς
3306 506 3352 565 δ’
3384 510 3628 565 ἐντεῦθεν
3674 508 3829 565 ἀπα-

384 601 568 660 λαϐὼν
603 604 668 672 ἢν
704 603 802 658 οὐκ
832 602 1087 675 ἤλπιζεν,
1121 600 1343 658 ἔσπευδε
1378 604 1453 675 μὴ
1488 602 1653 675 μόνον
1689 599 1856 676 ἔχειν,
1894 598 2041 654 ἀλλὰ

381 695 471 749 καὶ
505 698 771 763 συνιστᾷν.
811 694 1237 766 Ἐπιτιθεμένων
1270 691 1314 746 δ’
1349 690 1536 755 ἄλλως
1564 690 1654 745 καὶ
1683 695 1790 745 τῶν
1848 687 2039 760 ἔξωθεν

380 784 649 858 ὁσημέραι
706 784 795 837 καὶ
852 784 994 837 ἅκων
1064 782 1500 858 κατηναγκάζετο
1574 780 1862 855 μάχεσθαι’
1920 775 2040 849 ᾔδει

380 874 484 947 γὰρ
545 874 633 925 καὶ
696 866 968 945 βάρϐαρος
1031 866 1102 924 ὤν
1152 872 1548 942 πολεμήσοντα
1580 867 1630 938 ἐξ
1665 869 1904 942 ἀνάγκης
1950 867 2040 921 τὸν

388 963 462 1033 μή
497 960 727 1015 θέλοντα
758 958 1047 1031 πολεμεῖν.
1098 961 1195 1013 Διὰ
1248 963 1415 1013 ταῦτα
1469 962 1596 1032 γοῦν
1633 957 1698 1010 τὰ
1754 957 1870 1011 κατ’
1903 954 2041 1009 ἐκεί-

386 1070 482 1103 νου
534 1047 721 1103 εὐώδει
776 1044 1235 1123 παραϐολώτερον
1271 1046 1716 1120 συμπλεκόμενα.
1750 1042 1888 1103 Οὔτε
1942 1043 2042 1119 γὰρ

393 1140 445 1193 οἱ
480 1139 859 1210 ἀνθιστάμενοι
896 1136 1089 1211 ῗίσχυον
1127 1140 1206 1209 [Ρ.
1242 1139 1368 1209 304]
1426 1137 1622 1210 ὁρμαῖς
1686 1132 2040 1194 ἀτακτούσαις

388 1230 683 1303 ἀντισχεῖν,
728 1227 816 1282 καὶ
857 1228 919 1280 τὸ
955 1225 1265 1280 διευτονοῦν
1323 1222 1673 1300 κατιυρῥώδει
1729 1225 1828 1292 τὴν
1882 1224 2042 1277 ἀπέν-

383 1318 556 1387 τευξιν
594 1318 671 1378 ὡς
716 1317 792 1389 μή
824 1321 1009 1378 καλῶς
1051 1312 1403 1390 χρησομένου
1458 1317 1554 1367 τοῦ
1613 1312 2040 1387 περιγεγονότος.

380 1408 450 1460 Τὸ
488 1406 592 1481 γὰρ
625 1405 702 1466 εἷς
756 1410 948 1478 χεῖρας
1003 1403 1247 1477 γενέσθαι
1278 1408 1357 1473 τῷ
1391 1406 1618 1476 Λαχανᾷ
1673 1399 1760 1455 ἷ⁷σα
1816 1402 1902 1455 καὶ
1938 1402 2039 1454 θά-

384 1516 545 1559 νατος
572 1496 638 1563 ἦν
674 1494 935 1562 ἀπηνείας
964 1490 1118 1547 ἕνεκα
1174 1499 1273 1560 τῆς
1336 1490 1595 1565 ἐσχάτης·
1659 1484 1904 1565 βάρϐαρα
1934 1489 2037 1565 γὰρ

382 1584 489 1655 ἤθη
523 1585 589 1639 τὰ
618 1583 676 1638 ἐκ
707 1584 884 1657 τύχης
919 1581 1124 1637 ἐλεεινὰ
1187 1578 1483 1653 μαλάσσειν
1515 1576 1614 1633 οόκ
1671 1576 1841 1634 οἶδεν.
1874 1580 2034 1634 ’Όθεν

376 1674 467 1728 καὶ
499 1671 772 1732 πολλάκις
801 1678 920 1733 ταῖς
975 1668 1212 1741 τόλμαις
1260 1688 1674 1743 περιγενομενοι
1735 1668 2038 1741 παραυτίκα

380 1768 459 1834 τῷ
515 1767 621 1816 τῶν
685 1759 873 1816 δεινῶν
938 1758 1216 1832 ἐλπισμῷ,
1252 1757 1296 1811 εἰ
1346 1757 1544 1829 ἀλῷεν,
1607 1755 2034 1829 συστελλόμενοι

383 1852 805 1923 ἀπηντεύκτουν.
852 1848 1095 1910 Πολλαῖς
1127 1848 1219 1920 μὶν
1256 1845 1345 1901 οὖν
1376 1852 1494 1907 ταῖς
1556 1846 1693 1923 ἀμφὶ
1726 1847 1816 1900 τὸν
1875 1846 2033 1902 Ἀσάν

383 1940 638 2014 δυνάμεσι
716 1940 1205 2013 περιεστοιχίζετοο
1267 1935 1415 2005 πλὴν
1479 1937 1529 1989 οἱ
1585 1935 1785 1990 ἐκεῖθεν
1868 1935 2040 1990 ἐνίοτε

380 2032 469 2085 καὶ
502 2029 720 2092 ἄκοντες
752 2028 1115 2101 ἁλισκόμενοι
1148 2026 1199 2080 ἐν
1234 2030 1426 2086 καλοῖς
1456 2025 1598 2093 ἦσαν
1632 2021 1722 2078 διὰ
1750 2024 1813 2078 τὸ
1862 2045 2037 2099 προσ-

382 2121 600 2175 πίπτειν
625 2118 840 2187 αὐτίκα,
876 2120 950 2179 ὡς
1002 2115 1161 2186 δῆθεν
1222 2114 1487 2188 τυράννου
1550 2112 1643 2186 μέν
1700 2110 2042 2190 ἀπαλλαγέν-

381 2338 671 2409 primores
735 2332 1035 2405 principes
1105 2330 1515 2402 Bulgarorum,
1582 2333 1647 2384 ut
1708 2344 1907 2383 eorum
1962 2328 2032 2381 ad

381 2427 622 2491 bellum,
659 2424 815 2495 quod
847 2424 1127 2493 utrinque
1159 2427 1319 2476 atrox
1352 2419 1717 2491 expectabat,
1747 2419 1863 2472 {ida
1895 2422 2036 2472 stre-

379 2531 617 2587 nuaque
649 2514 731 2569 uti
765 2529 941 2584 opera
981 2514 1199 2583 posset.
1260 2511 1384 2565 Non
1436 2510 1594 2564 enim
1644 2508 1695 2563 ei
1731 2510 2036 2578 supererat

377 2622 513 2677 spes
546 2603 753 2657 salutis
790 2601 1027 2655 aliunde
1070 2599 1190 2653 ulla
1226 2616 1402 2669 quam
1449 2615 1517 2653 ex
1546 2597 1600 2651 vi
1644 2600 1864 2667 aperta,
1897 2612 2032 2651 cum

377 2698 534 2749 esset
558 2691 933 2747 manifestum
960 2704 1147 2759 neque
1172 2704 1304 2741 cum
1327 2686 1623 2751 Tocharis,
1650 2702 1795 2755 quos
1820 2684 2033 2756 impla-

377 2782 648 2838 cabiliter
678 2780 936 2834 irritatos
971 2777 1200 2849 magnis
1232 2795 1266 2832 a
1298 2793 1359 2831 se
1376 2775 1599 2846 accepit
1628 2775 1896 2829 cladibus
1919 2774 2031 2829 soi-

375 2878 685 2943 ret,neque
702 2887 835 2923 cum
851 2869 927 2923 im
939 2872 1405 2939 peratore,quem
1424 2866 1758 2920 domesticas
1774 2864 2030 2919 rationes

376 2962 446 3017 ad
480 2957 1276 3028 irrevocabiliterurgendam
1301 2956 1499 3027 generi
1535 2953 1784 3024 ﬁliaeque
1809 2953 1867 3007 in
1896 2953 2026 3008 Bul-

371 3051 543 3123 gariee
576 3065 821 3120 regnum
853 3046 1215 3102 evectionem
1249 3043 1701 3114 compellebant,
1728 3044 2026 3097 tractatio-

374 3157 507 3196 nem
540 3139 676 3193 iniri
713 3136 892 3191 ullam
925 3141 1027 3191 aut
1054 3136 1139 3191 vel
1167 3134 1380 3191 tentari
1413 3132 1829 3188 conventiones
1856 3133 2024 3187 fcede-

368 3231 450 3284 ris
480 3245 668 3300 posse.
701 3228 982 3289 Quocirca
1022 3230 1312 3295 quantum
1365 3222 1597 3277 valebat
1648 3221 1898 3277 maxime
1949 3221 2016 3276 ad

369 3320 600 3374 fortiter
630 3317 1027 3372 resistendum
1062 3331 1123 3368 se
1156 3312 1418 3384 parabat,
1443 3310 1619 3365 vellet
1652 3310 1831 3364 nollet
1860 3327 1926 3364 eo
1950 3309 2022 3363 i1-

373 3409 494 3462 lum
527 3409 796 3475 adigente
827 3402 1180 3459 necessitate
1224 3398 1427 3453 tuendi
1462 3399 1621 3467 regni
1654 3419 1673 3464 ;
1704 3399 1854 3466 quod
1890 3415 2022 3452 cum

368 3512 675 3568 capessere
708 3510 889 3548 ausus
921 3497 1094 3557 esset,
1132 3506 1247 3543 non
1283 3489 1455 3541 modo
1488 3494 1706 3555 tenere,
1740 3487 1882 3540 illud
1919 3487 2019 3540 sed

367 3588 548 3641 etiam
602 3583 710 3637 sibi
762 3583 997 3635 ﬁrmare
1047 3584 1223 3648 atque
1294 3591 1556 3631 asserere
1609 3575 2016 3630 contendebat.

359 3680 507 3731 Cum
540 3679 735 3727 autem
768 3670 1010 3725 assidue
1035 3668 1207 3722 modo
1234 3666 1341 3721 hac
1367 3667 1537 3720 modo
1562 3665 1695 3720 illac
1725 3665 1922 3720 hostes
1949 3665 2021 3717 ir-

372 3766 735 3831 rumperent,
771 3759 1062 3815 Lachanas
1105 3757 1319 3829 raptim
1358 3757 1423 3810 ad
1460 3755 1658 3810 omnia
1709 3771 2017 3810 occurrens

362 3851 613 3923 prazliari
660 3851 840 3904 ferme
892 3846 1149 3918 quotidie
1199 3846 1535 3915 cogebatur.
1600 3846 1659 3898 Id
1708 3844 2019 3915 ipsumque

361 3941 631 3996 alacriter
662 3941 891 4011 agebat,
925 3938 1143 4009 quippe
1175 3935 1547 4007 quantumvis
1593 3934 1770 3989 homo
1802 3933 2017 3988 barba—

362 4048 484 4098 rus,
521 4030 664 4085 satis
690 4028 899 4099 judicii
932 4027 1186 4082 habebat
1229 4026 1299 4079 ad
1353 4023 1806 4096 intelligendum
1858 4022 2013 4094 quod

357 4124 447 4175 est
472 4120 866 4186 verissimum,
904 4125 1303 4189 pugnaturum
1344 4130 1477 4169 eum
1533 4129 1669 4167 cum
1722 4130 1834 4166 non
1867 4111 2017 4166 volet

358 4210 457 4281 qui
490 4227 604 4264 non
641 4217 859 4279 pugnat
883 4223 1014 4261 cum
1044 4206 1340 4275 potest.Ac
1374 4208 1611 4274 propter
1642 4202 1815 4257 istam
1842 4200 2016 4271 impi-

357 4316 522 4371 gram
556 4298 862 4353 audaciam
916 4297 985 4350 ad
1046 4293 1262 4364 quaevis
1299 4294 1451 4345 ultro
1505 4289 1764 4361 pericula
1808 4306 2015 4343 occur-

357 4388 522 4442 rendi
558 4388 788 4442 favebat
818 4384 867 4440 ei
902 4384 1247 4454 plerumque
1271 4382 1503 4435 fortuna
1536 4378 2014 4447 belli,vehemen-

361 4478 548 4542 tibus,
600 4475 734 4530 licet
780 4471 1157 4534 inordinatis,
1209 4469 1403 4524 ruenti
1455 4467 1833 4532 incursibus;
1867 4484 2010 4536 quos

356 4561 970 4636 seepe,ine1uctabiles
1016 4559 1235 4631 experti
1290 4558 1511 4612 milites
1560 4557 1767 4622 nostri,
1802 4573 2009 4627 parum

350 4656 474 4725 jam
508 4653 767 4708 fidebant
797 4649 1123 4719 disciplina:
1146 4653 1320 4719 atque
1368 4645 1556 4701 ordini
1607 4662 1782 4716 quem
1805 4646 2006 4701 obser-

354 4760 488 4798 vare
517 4744 575 4797 in
610 4742 733 4797 acie
760 4739 1108 4804 didicerant,
1148 4755 1212 4791 ac
1256 4736 1476 4808 passim
1529 4735 1848 4789 horrebant
1877 4751 2010 4790 cum

354 4851 420 4888 eo
453 4830 749 4905 congredi,
784 4827 1106 4900 praesertim
1140 4826 1295 4896 quod
1343 4822 1611 4893 exempla
1642 4823 2008 4879 crudelitatis

364 4940 490 4994 quae
523 4922 700 4976 homo
740 4921 900 4975 ferus
932 4923 990 4972 et
1022 4915 1300 4971 immanis
1330 4914 1389 4967 in
1439 4911 1588 4967 bello
1620 4912 1809 4983 captis
1840 4914 2011 4968 edere

357 5012 600 5075 solebat,
636 5012 750 5066 late
776 5007 1014 5081 vulgata
1047 5005 1460 5076 refrigerarent
1512 5002 1766 5072 impetus
1797 5002 2006 5058 misso-

357 5118 489 5155 rum
522 5110 721 5155 conlra
771 5115 905 5153 eum
957 5096 1215 5150 militum
1272 5097 1629 5159 nostrorum,
1682 5093 1836 5147 446
1874 5092 2007 5149 inde

357 5194 540 5244 morte
584 5190 752 5261 pejus
799 5186 1163 5241 horrentium
1241 5198 1455 5237 manus
1506 5197 1637 5234 cum
1687 5180 1786 5234 tali
1842 5181 2007 5238 hoste

352 5295 677 5344 conserere,
712 5293 886 5346 quem
935 5274 1100 5329 nulla
1153 5272 1559 5328 calamitatum
1610 5269 2003 5327 humanarum

348 5366 757 5422 misericordia
783 5362 1040 5417 molliret
1072 5363 1140 5415 ad
1180 5359 1605 5416 sublevandam
1638 5358 2008 5433 indulgentia

343 5456 431 5511 vel
465 5456 712 5510 minima
744 5469 944 5505 eorum
979 5456 1375 5521 sortem,quos
1408 5449 1467 5503 in
1493 5449 1623 5518 ejus
1655 5454 2003 5517 potestatem

344 5547 498 5601 Mars
552 5544 751 5598 varius
802 5539 1017 5594 infelici
1071 5556 1211 5594 casu
1272 5537 1617 5604 redegisset.
1668 5537 1813 5592 Huic
1853 5546 2004 5595 certe

344 5652 534 5691 causa:
566 5630 989 5704 imputabatur,
1025 5628 1181 5700 quod
1225 5627 1437 5696 majori
1496 5644 1651 5696 saepe
1701 5629 2003 5686 commissi

347 5724 609 5795 potentia
652 5722 979 5778 Lachanam
1027 5734 1143 5773 non
1190 5715 1516 5785 vincerent,
1548 5716 1689 5786 quia
1718 5717 2003 5777 nimirum

2148 599 2413 673 γομένοις
2446 599 2558 653 ἐκεῖ
2588 599 2687 654 οὐκ
2732 600 2799 669 ἦν
2846 601 3221 670 ὑπονοηθῆναι
3250 598 3313 654 τὸ
3346 602 3544 669 σῶζον,
3577 595 3709 653 ἀλλ’
3744 600 3827 661 ὡς

2149 688 2337 762 ἐχθροὶ
2383 687 2733 757 ἐκολάζοντο.

2258 833 2327 900 η’.
2359 833 2545 893 Ὅπως
2578 831 2760 907 Μαρία
2796 831 2889 904 μὲν
2924 828 3201 904 παρεδόθη
3242 829 3483 905 βασιλεῖ,
3518 829 3705 888 Ἀσάν.

2219 960 2299 1029 [Ρ.
2334 960 2458 1030 305]
2509 953 2821 1031 Ἐτρίϐοντο
2886 958 2980 1029 μὲν
3016 952 3105 1011 οὖν
3140 956 3378 1012 ἐντεῦθεν
3428 958 3497 1011 τὰ
3553 957 3831 1032 πράγμα-

2147 1067 2232 1113 τα,
2268 1045 2446 1115 ἄλλην
2480 1044 2524 1100 δ’
2565 1044 2891 1118 ἀπαλλαγὴν
2930 1047 3037 1101 τῶν
3082 1051 3262 1100 κακῶν
3325 1046 3425 1100 οὐκ
3479 1049 3545 1114 ἦν
3577 1044 3820 1115 ἐλπίζε-

2149 1135 2266 1187 σθαι
2323 1132 2371 1187 εἴ
2426 1136 2501 1207 μή
2532 1138 2628 1189 τοῦ
2686 1130 2963 1210 βαρϐάρου
3024 1133 3373 1209 ἀπαλλαγήν.
3407 1139 3510 1196 Ἶῐς
3564 1135 3658 1188 καὶ
3715 1156 3824 1189 τα-

2150 1228 2294 1297 χέως
2328 1222 2642 1293 ἐξελθόντος
2671 1223 2964 1294 ἐπιστάσης
2998 1223 3080 1297 (τὸ
3136 1224 3236 1297 γὰρ
3296 1218 3656 1297 παλίμϐολον
3704 1232 3822 1294 τῆς

2148 1312 2324 1387 τύχης
2356 1312 2478 1365 ὅσον
2514 1309 2666 1366 οὔπω
2699 1313 2797 1366 οὐκ
2854 1314 2921 1381 ἦν
2978 1311 3223 1389 ἐκφυγεῖν
3283 1312 3506 1380 ἐκεῖνον,
3537 1313 3628 1366 καὶ
3665 1312 3825 1385 μᾶλ-

2150 1413 2243 1455 λον
2267 1401 2567 1478 φυσηθέντα
2598 1403 2658 1456 τὸ
2707 1406 2810 1456 πᾶν
2867 1401 2928 1456 ἐκ
2972 1402 3176 1476 τύχης,
3236 1400 3353 1455 ὅθεν
3404 1401 3493 1455 καὶ
3541 1401 3816 1476 Τοχάρων

2146 1489 2456 1562 ἡττημένος
2486 1489 2813 1565 ἠγγέλλετο)
2842 1495 2965 1553 ταῖς
3018 1488 3219 1551 ἐκεῖ’θεν
3281 1492 3493 1566 φήμαις
3548 1488 3820 1562 ἐμπίπτει

2147 1574 2503 1653 Τερνοϐίταις
2526 1580 2718 1655 καιρὸς
2753 1580 3116 1654 ὡρμημένοις
3147 1577 3321 1633 πάλαι
3372 1578 3511 1633 κατὰ
3568 1580 3817 1652 Μαρίας,

2144 1670 2232 1722 καὶ
2266 1670 2379 1741 ἅμα
2426 1666 2581 1723 παιδὶ
2639 1667 2960 1743 προδιδόναι
3018 1668 3221 1737 ταύτην
3282 1666 3516 1741 ἔγνωσαν
3561 1674 3681 1731 τοῖς
3712 1673 3821 1723 τοῦ

2149 1756 2436 1833 βασιλέως,
2468 1759 2559 1812 τὸν
2620 1758 2779 1814 Ἀσᾶν
2838 1756 2896 1812 δὲ
2950 1755 3219 1826 δεσπότην
3279 1755 3539 1831 ἐδέχοντο
3597 1757 3691 1812 καὶ
3724 1758 3820 1812 ὅτι

2144 1847 2233 1901 καὶ
2267 1846 2325 1901 ἐκ
2354 1845 2591 1902 παλαιοῦ
2614 1848 2862 1922 προσῆκέ
2888 1848 2940 1901 οἱ
2972 1848 3037 1901 τὰ
3092 1844 3428 1922 Βουλγάρων
3488 1850 3819 1923 πράγματα.

2152 1938 2214 1993 Ἡ
2279 1937 2371 2009 μὶν
2426 1936 2515 1991 οὖν
2577 1937 2756 2011 Μαρία
2793 1933 3069 2011 ἔμφορτος
3109 1934 3240 1990 οὖσα
3268 1941 3347 2007 τῷ
3380 1936 3486 1991 ἀπὸ
3540 1941 3640 1991 τοῦ
3677 1937 3822 2011 βαρ-

2153 2022 2324 2101 ϐάρου
2383 2029 2663 2099 κυήματι,
2715 2029 2829 2100 ἅμα
2881 2024 3036 2082 παιδὶ
3094 2026 3335 2101 Μιχαὴλ
3384 2027 3521 2102 πρὸς
3584 2025 3825 2101 βασιλέα

2155 2114 2445 2189 (ἐπεδήμει
2502 2117 2603 2192 γὰρ
2665 2121 2733 2191 τῇ
2811 2114 3102 2192 ’Λδριανοῦ
3161 2118 3223 2171 τὸ
3283 2114 3556 2191 δεύτερον)
3619 2114 3827 2191 ἤγετο,

2147 2333 2288 2386 totis
2320 2332 2449 2387 suis
2481 2331 2703 2386 viribus
2736 2350 2849 2386 non
2886 2336 3210 2399 uterentur,
3243 2335 3301 2387 et
3330 2332 3571 2389 horrore
3615 2334 3823 2405 capti-

2146 2422 2349 2476 vitatis
2381 2421 2565 2475 nimio
2592 2422 2893 2476 constricti
2913 2422 3356 2477 retardarentur
3385 2439 3419 2477 a
3451 2422 3819 2479 connitendo

2148 2515 2430 2580 quantum
2467 2515 2727 2581 possent.
2764 2511 2826 2564 In
2861 2510 2970 2565 hor.
3001 2516 3126 2564 tum
3184 2512 3337 2567 nodo
3387 2511 3650 2567 hisrebat
3680 2512 3815 2567 bel-

2145 2597 2291 2663 lum,
2322 2601 2434 2654 cito
2485 2599 2699 2670 alioqui
2743 2600 3093 2654 ﬁniendum.
3146 2600 3291 2655 Nam
3346 2604 3404 2656 et
3449 2600 3717 2671 plurima:
3754 2605 3819 2657 et

2144 2688 2573 2743 ﬂorentissimis
2623 2690 3019 2761 undecunque
3069 2688 3417 2745 conclusum
3467 2690 3816 2748 Lachanam

2142 2778 2357 2833 Asanis
2388 2778 2566 2849 copiae
2596 2779 2915 2848 tenebant;
2969 2795 3072 2834 nec
3122 2783 3320 2833 tamen
3371 2778 3817 2847 debellabatur,

2142 2871 2293 2922 metu
2319 2867 2602 2937 perculsis
2629 2868 2910 2922 Romanis
2934 2867 3225 2923 militibus
3243 2869 3315 2923 ob
3331 2867 3583 2923 nimium
3607 2869 3812 2925 diver-

2140 2973 2267 3011 sam
2303 2958 2698 3012 conditionem
2733 2957 3011 3028 utrinque
3043 2956 3667 3029 captivorum.Nempe
3692 2959 3811 3029 qui

2139 3064 2174 3101 a
2204 3047 2419 3102 nostris
2454 3046 2604 3101 bello
2636 3045 3253 3117 capiebantur,felices
3288 3046 3603 3117 dupliciter
3624 3054 3808 3105 erant

2138 3140 2262 3189 tum
2298 3136 2453 3206 quod
2487 3135 2721 3189 saevitiae
2753 3136 2860 3189 diri
2896 3136 3151 3207 tyranni,
3177 3135 3271 3190 cui
3304 3137 3811 3199 servierant,sub-

2135 3224 2303 3279 tracti
2336 3228 2554 3290 essent,
2588 3228 2711 3278 tum
2746 3224 2904 3295 quod
2936 3224 2995 3277 in
3041 3223 3232 3279 lenem
3265 3229 3442 3296 atque
3466 3226 3807 3284 humanam

2132 3315 2489 3371 transissent
2521 3318 2872 3384 potestatem
2898 3312 3206 3369 clementis
3240 3314 3527 3385 principis
3562 3332 3575 3369 :
3609 3332 3812 3372 econ-

2132 3404 2310 3457 trario
2343 3403 2443 3472 qui
2476 3420 2509 3457 a
2537 3404 2819 3457 Lachanas
2854 3401 3146 3457 militibus
3179 3402 3806 3472 abducebantur,cer-

2132 3496 2257 3546 tum
2275 3492 2612 3547 habebantn
2625 3491 2803 3546 ullam
2822 3506 3130 3561 superesse
3144 3491 3356 3546 salutis
3371 3508 3560 3564 spem;
3575 3493 3809 3565 quippe

2130 3581 2331 3637 statim
2344 3586 2427 3648 ,ut
2456 3579 3031 3646 hostes,inexorabili
3057 3580 3286 3636 feritate
3318 3582 3735 3637 trucidabantu
3748 3602 3802 3638 r.

2128 3744 2179 3797 8.
2217 3744 2280 3799 Ut
2310 3742 2489 3796 Maria
2519 3740 2744 3810 quidem
2777 3739 2987 3793 tradita
3017 3739 3370 3809 imperatori,
3423 3740 3569 3796 Asan
3600 3745 3803 3798 autem

2450 3814 2598 3867 intra
2631 3812 2933 3877 Temobum
2960 3811 3238 3866 admissus
3265 3811 3457 3883 fuerit.

2198 3937 2449 3993 Extracti
2482 3954 2587 4009 per
2618 3938 2724 3992 has
2756 3953 2950 3992 moras
2982 3937 3041 3991 in
3075 3936 3311 4009 longius
3343 3953 3509 4009 aequo
3548 3940 3801 4011 tempus

2124 4027 2261 4081 belli
2295 4027 2593 4097 Bulgaridi
2626 4044 2740 4080 non
2775 4025 3011 4081 aliunde
3031 4043 3065 4081 a
3088 4026 3572 4097 prudentioribus
3592 4028 3801 4087 exitus

2121 4118 2566 4186 exspectabatur
2597 4132 2769 4185 quam
2805 4132 2837 4169 a
2862 4115 3026 4170 clade
3058 4115 3372 4183 Lachanae;
3410 4116 3647 4188 qualem
3675 4120 3797 4173 fuit

2120 4205 2279 4259 brevi
2300 4208 2643 4273 ssperventu
2654 4220 2776 4257 ram
2796 4202 3057 4273 aliquam
3076 4203 3419 4259 verisimilis
3444 4222 3580 4276 spes
3598 4211 3790 4273 esset,

2120 4294 2273 4365 quod
2307 4293 2356 4348 is
2388 4292 2863 4361 frequentissime
2887 4292 3789 4365 periculosissimequedimica-

2120 4387 2227 4449 ret,
2279 4399 2383 4437 nec
2433 4398 2666 4452 semper
2709 4387 3130 4452 superaturum
3184 4389 3491 4454 appareret
3540 4390 3790 4456 propter

2118 4473 2352 4529 solitam
2384 4473 2849 4527 inconstantiam
2885 4472 3086 4540 sortis,
3134 4474 3463 4545 praesertim
3517 4491 3655 4530 cum
3690 4477 3789 4531 in-

2116 4563 2293 4617 ﬂatus
2326 4562 2700 4617 successibus
2725 4560 2913 4617 multa
2938 4569 3153 4618 temere
3174 4562 3627 4635 inconsulteque
3651 4580 3787 4619 sus-

2072 4650 2080 4693 l
2116 4653 2354 4722 ciperet.
2385 4652 2445 4705 Id
2500 4668 2613 4706 non
2650 4650 2798 4705 falso
2850 4651 3155 4723 provisum
3200 4652 3359 4708 haud
3408 4653 3600 4710 multo
3647 4658 3791 4725 post

2121 4741 2407 4807 constitit,
2477 4740 2635 4795 fama
2690 4756 2828 4796 vera
2901 4740 3147 4812 vulgata
3204 4741 3338 4798 victi
3400 4760 3434 4798 a
3491 4742 3786 4800 Tooharis

2119 4830 2317 4901 prmlio
2356 4830 2652 4886 Lachanze.
2686 4831 2810 4895 Quo
2852 4829 3063 4885 nuntio
3114 4830 3285 4887 exciti
3332 4832 3671 4888 Ternobitae
3700 4834 3783 4890 ad

2120 4922 2469 4991 captandam
2495 4921 2527 4975 d
2539 4920 2719 4975 udum
2733 4924 2994 4990 optatam
3009 4920 3378 4976 occasionem
3393 4922 3783 4991 excutiendas,

2122 5010 2449 5064 cervicibus
2501 5010 2661 5062 fmdse
2697 5009 2963 5079 tyrannis
3024 5008 3333 5080 Mariaeque
3396 5010 3781 5077 ulciscendis.

2118 5100 2178 5154 in
2212 5116 2389 5169 quam
2425 5099 2685 5169 antiquis
2716 5097 2867 5152 odiis
2917 5098 3265 5168 ﬂagrabant,
3318 5100 3532 5156 dedere
3576 5100 3777 5170 ipsam

2118 5191 2503 5244 decreverunt
2534 5204 2652 5241 una
2680 5189 2831 5242 447
2867 5203 3003 5242 cum
3036 5186 3154 5242 ﬁlio
3198 5188 3450 5243 ducibus
3480 5190 3781 5245 exercitus

2116 5276 2513 5348 imperatoris,
2544 5278 2917 5346 Asanemque
2948 5276 3008 5331 in
3039 5277 3350 5332 dominum
3388 5278 3779 5349 recipere,cui

2108 5368 2210 5437 jus
2232 5370 2363 5421 vetu
2378 5384 2403 5421 s
2434 5365 2807 5437 competebat
2828 5381 2897 5420 ex
2916 5382 3129 5437 genere
3153 5367 3225 5423 ad
3251 5367 3687 5423 successionem
3713 5368 3782 5424 in

2116 5472 2364 5527 regnum
2398 5455 2805 5523 Bulgarorum.
2833 5456 3018 5510 Maria
3056 5455 3240 5526 igitur
3288 5461 3526 5511 uterum
3560 5473 3780 5529 gerens

2113 5563 2183 5601 ex
2215 5546 2461 5599 barbaro
2496 5544 2790 5612 Lachana,
2834 5544 3015 5600 simul
3056 5562 3190 5601 cum
3240 5545 3524 5603 Michaele
3565 5562 3777 5618 puero,

2113 5636 2366 5692 deducta
2398 5638 2469 5690 ad
2499 5635 2914 5708 imperatorem
2942 5636 3387 5709 Adrianopolim
3422 5641 3513 5693 est
3540 5638 3620 5709 (in
3639 5654 3777 5695 eam

2116 5724 2271 5782 enim
2326 5725 2532 5780 urbem
2582 5726 2906 5796 imperator
2949 5725 3209 5783 secundo
3259 5726 3620 5800 advenerat),
3670 5728 3780 5785 ubi
