4080 6422
317 454 436 510 905

313 665 403 722 καὶ
461 665 556 719 σὺν
611 663 844 739 Εΐρήνῃ,
905 662 1014 738 οὐχ
1074 663 1208 736 ἅμα,
1268 659 1415 716 ἀλλὰ
1478 661 1611 734 μετά
1661 660 1755 714 τὸν
1816 658 1980 713 Ἀσάν

315 753 518 824 ἐκείνη,
586 749 853 826 βασιλέως
910 753 1046 827 πρὸς
1102 749 1267 806 πόλιν
1325 749 1583 813 ἐλθόντος
1634 745 1821 818 ἀνέδην
1857 745 1984 802 ἐπέ·

315 839 502 898 ὅαινον
557 836 830 915 Τερνόϐου
876 842 966 895 καὶ
1027 840 1270 917 βασιλεῖς
1329 838 1685 916 ἐφημίζοντο.
1718 839 1816 892 Ἦν
1852 834 1898 890 δ’
1930 837 1981 890 ἐν

311 938 431 997 τοῖς
465 931 703 1005 μάλιστα
740 935 850 985 τῶν
883 929 1246 1005 προύχόντων
1300 928 1390 982 καὶ
1451 931 1748 1002 Τερτερῆς,
1810 925 1855 998 ᾧ
1915 922 1981 993 δὴ

316 1022 406 1077 καὶ
442 1019 701 1095 μεγάλως
749 1020 812 1074 τὸ
843 1018 1222 1092 Βουλγαρικὸν
1257 1022 1522 1092 προσεῖχε
1565 1017 1653 1070 καὶ
1687 1015 1811 1088 παρ’
1847 1012 1982 1067 ὲκεί-

317 1131 433 1172 νοις
479 1107 861 1184 ἐμεγαλίζετο.
917 1112 1119 1162 Τοῦτον
1167 1101 1428 1161 ἐϐούλετο
1466 1106 1559 1178 μὲν
1595 1102 1850 1179 βασιλεὺς
1907 1106 1986 1173 τῷ

317 1201 477 1255 Ἀσᾶν
524 1200 662 1254 κατὰ
711 1197 872 1272 γένος
924 1197 1182 1271 συνείρειν
1232 1195 1322 1251 καὶ
1370 1199 1534 1267 τιμᾷν
1569 1194 1860 1266 ἀξιώμασι·
1923 1192 1984 1245 τὸ

319 1295 420 1366 γὰρ
481 1290 717 1366 ὑφέρπον
771 1287 862 1340 ἀπ’
913 1285 1123 1340 ἐκείνου
1181 1285 1319 1360 πρὸς
1373 1282 1650 1360 βασιλείαν
1699 1280 1843 1337 πολὺ
1892 1281 1982 1348 ἦν,

321 1376 436 1432 ἐπεὶ
489 1375 579 1430 καὶ
639 1379 958 1449 στρατηγῶν
995 1372 1166 1444 δῆλος
1194 1373 1260 1442 ἦν
1322 1377 1418 1426 τοῦ
1473 1370 1720 1444 μείζονος
1769 1370 1985 1442 ἐφιέμε-

319 1488 434 1528 νος.
469 1463 761 1538 Ἐμποδὼν
797 1462 843 1518 δ’
905 1464 971 1533 ἦν
1003 1470 1120 1525 τοῖς
1175 1461 1598 1539 βουλευομένοις
1647 1464 1681 1530 ἡ
1733 1459 1982 1534 σύζυγοςδ

318 1557 382 1612 τὸ
436 1556 536 1632 γὰρ
592 1554 795 1623 ταύτην
853 1551 1055 1628 ἔχοντα
1103 1553 1366 1626 τιμᾶσθαι
1442 1548 1609 1624 μηδὲν
1668 1555 1748 1621 τῷ
1825 1549 1981 1604 Ἀσᾶιν

319 1646 456 1701 κατᾶ
482 1646 638 1719 γενος
669 1644 1008 1698 συνάπτοντα
1057 1637 1441 1714 λαμϐάνοντος
1477 1639 1690 1713 μᾶλλον
1721 1640 1788 1708 ἦν
1850 1639 1985 1714 πρὸς

319 1737 418 1803 τὴν
472 1737 579 1789 τῶν
641 1733 1062 1804 ὑπονοουμένων
1117 1729 1309 1805 ἄναψιν
1338 1728 1596 1784 πλεῖστον
1657 1730 1780 1783 ὅσον
1811 1727 1983 1801 ἐμπύ-

324 1845 517 1901 ρευμα.
555 1823 650 1877 Διά
677 1827 841 1878 τοῦτο
890 1823 979 1877 καὶ
1033 1821 1307 1891 Δεσπότην
1357 1820 1626 1895 προτείνει
1676 1825 1875 1886 ποιεῖν,
1938 1817 1985 1871 εἲ

1382 451 1480 504 DE
1514 447 1887 504 MICHAELE
1924 446 2372 503 PALJEOLOGO
2407 450 2540 502 LIB.
2583 450 2680 501 VI.

316 578 408 633 καὶ
441 573 712 652 φυλακαῖς
765 579 886 637 ταῖς
948 572 1362 650 προσηκούσαις
1414 568 1650 626 ἐδίδοτοο
1713 569 1871 626 Ἀσάν
1926 566 1983 623 δὲ
2011 571 2065 638 Α

3643 450 3752 507 906

2183 646 2188 653 _
2271 572 2334 626 ϐ’.
2367 573 2558 632 ’Όπως
2589 572 2747 627 Ἀσᾶν
2781 569 2841 626 ἐκ
2873 568 3151 648 Τερνόϐου
3182 571 3567 649 ἀπεχώρησεν.

2164 661 2245 732 [Ρ.
2279 662 2407 733 306]
2460 660 2625 736 Εἶχεν
2687 661 2780 715 οὗν
2833 659 3067 725 ἐντεῦθεν
3111 667 3192 735 τῷ
3241 660 3418 728 δοκεῖν
3444 664 3511 716 τὰ
3545 663 3755 738 μεγάλα

2090 748 2229 823 πρὸς
2279 751 2556 824 συνεργίαν
2618 752 2644 803 ὁ
2706 750 2884 820 Ἀσσὶν,
2943 751 3032 806 καὶ
3093 751 3297 826 χρόνος
3355 751 3545 828 ὀλίγος
3605 752 3752 825 αὐτῷ

2090 837 2416 914 παρεμέτρει
2474 841 2572 908 τὴν
2632 843 2739 894 τῶν
2797 839 3131 916 Βουλγάρων
3193 842 3414 915 ἀρχήν.
3481 841 3631 896 Ἐπεὶ
3696 839 3752 898 δὲ

2089 928 2305 1002 ταχέως
2334 927 2762 1001 παρακεκίνηντο
2795 931 2952 1003 (πρὸς
2990 930 3094 1004 γάρ
3145 929 3392 984 ἀπιστίαν
3450 930 3512 984 τὸ
3570 931 3748 986 Βουλ-

2089 1017 2310 1093 γαρικὸν
2369 1015 2615 1090 ἕτοιμον,
2664 1021 2756 1073 καὶ
2813 1017 3002 1089 αὔραις
3047 1018 3157 1073 ἔστι
3216 1018 3484 1075 πιστεύειν
3531 1021 3745 1093 ἀνεμων

2097 1105 2307 1180 μᾶλλον
2365 1106 2399 1176 ἢ
2460 1112 2608 1183 σφῶν
2669 1108 2948 1182 εὐνοίαις),
3007 1109 3098 1163 καὶ
3155 1109 3222 1163 τὰ
3269 1115 3368 1178 τῆς
3417 1109 3745 1171 ἀποστασίας

2094 1193 2263 1265 δῆλον
2297 1198 2430 1267 ἦσαν
2460 1196 2520 1251 ἐκ
2548 1195 2774 1252 πολλῶν
2809 1196 3118 1270 ώδίνοντες,
3166 1197 3503 1274 ἀνεζωπύρει
3535 1197 3590 1253 δὲ
3618 1199 3749 1253 τού-

2090 1307 2208 1347 τοις
2254 1287 2350 1347 τὰς
2398 1287 2622 1361 γνώμας
2670 1288 2759 1342 καὶ
2805 1293 3069 1362 Τερτερῆς
3118 1285 3396 1365 κρυφηδόν
3454 1289 3750 1363 βασιλειῶν

2090 1373 2226 1444 ἤδη,
2256 1375 2346 1428 καὶ
2376 1372 2555 1430 τᾶλλα
2596 1376 2824 1453 φανερὸς
2854 1371 2927 1429 ὤν
2962 1375 3036 1438 εἷς
3086 1378 3184 1445 τὴν
3218 1375 3452 1450 ὑποψίαν
3493 1376 3644 1450 μόνῳ
3671 1376 3751 1450 τῷ

2092 1464 2229 1538 πρὸς
2258 1463 2348 1516 τὸν
2383 1463 2544 1519 Ἀσάν
2576 1462 2734 1534 κήδει
2767 1463 3223 1536 συνεκαλύπτετο,
3284 1464 3359 1526 ὡς
3396 1466 3471 1536 μή
3527 1463 3752 1541 προδώ-

2094 1575 2199 1606 σων
2234 1549 2389 1617 δῆθεν
2424 1554 2468 1624 ᾧ
2500 1555 2636 1608 κατά
2663 1554 2813 1630 γὲνος
2838 1556 3162 1624 συνήπτετο,
3196 1551 3426 1608 συνιδὼν
3459 1555 3558 1624 τὴν
3586 1575 3755 1629 παρα-

2091 1640 2304 1710 κίνησιν
2337 1643 2363 1696 ὁ
2422 1642 2607 1711 Ἀσᾶιν,
2656 1643 2744 1697 καὶ
2796 1641 2972 1704 δείσας
3029 1643 3103 1714 μὴ
3157 1638 3534 1715 προλαϐόντες
3588 1642 3753 1718 ἐκρή-

2093 1731 2229 1802 ξοιεν
2259 1732 2319 1785 τὸ
2353 1728 2526 1786 δεινὸν
2557 1732 2645 1787 καὶ
2695 1733 2760 1786 οὐ
2821 1732 3023 1805 φευκτὰ
3053 1727 3232 1787 ἔσοιτό
3268 1734 3319 1787 οἱ
3349 1733 3414 1786 τὰ
3443 1736 3539 1787 τοῦ
3565 1730 3755 1787 κινδύ-

2091 1841 2205 1888 νου,
2238 1822 2338 1888 τὴν
2369 1823 2543 1898 φυγὴν
2595 1821 2956 1896 εὐσχημόνως
3015 1827 3288 1886 ποιεῖσθαι
3357 1821 3609 1896 προύνόει
3659 1821 3752 1877 καὶ

323 1921 422 1983 τῆς
474 1913 732 1987 γυναικὸς
790 1912 1027 1972 ἀποστὰς
1082 1915 1150 1985 τῇ
1209 1913 1306 1965 τοῦ
1366 1909 1527 1964 Ἀσὰν
1560 1905 1874 1986 αὐταδέλφῃ
1910 1907 1984 1968 εἰς
2016 1939 2058 2001 Β
2094 1912 2229 1983 μετά
2282 1909 2526 1984 κέρδους.
2582 1913 2651 1967 ’Ὁ
2705 1910 2771 1980 δὴ
2829 1911 2918 1966 καὶ
2979 1912 3240 1986 ἐνεχώρει
3297 1909 3622 1986 κερδαίνειν·
3683 1912 3752 1966 τὰ

324 2002 498 2078 γέμον
534 2002 877 2056 συνάπτοιτο.
916 2001 1108 2074 Γέγονε
1136 2003 1325 2065 ταῦτα,
1358 1999 1446 2052 καὶ
1478 1999 1512 2066 ἡ
1562 1998 1653 2068 μὲν
1697 2001 1794 2051 τοῦ
1841 1999 1976 2070 Τερ-

323 2095 453 2166 τερῆ
488 2091 713 2166 σύζυγος
745 2090 977 2164 ἀχθεῖσα
1007 2090 1141 2165 πρὸς
1196 2087 1426 2164 βασιλέα
1474 2090 1542 2155 τῆ
1591 2086 1727 2141 κατὰ
1757 2087 1981 2140 Νίκαιαν

324 2177 538 2235 ἐδίδοτο
597 2179 814 2258 φυλακῇ
867 2179 959 2233 σὺν
1009 2180 1111 2250 υἱῷ
1160 2170 1660 2254 Ὀσφεντισθλάϐῳ,
1712 2177 1746 2243 ἡ
1799 2172 1856 2228 δὲ
1884 2177 1980 2228 τοῦ

321 2268 482 2326 Ἀσὰν
515 2266 826 2345 αὖταδὲλφη
859 2272 939 2340 τῷ
970 2266 1212 2342 Τερτερῇ
1245 2266 1620 2342 συνηρμόζετο
1653 2265 1739 2318 καὶ
1771 2268 1851 2318 τῶ
1881 2270 1981 2332 τῆς

324 2357 638 2421 δεσποτείας
667 2359 934 2431 ἀξιώματι
967 2355 1347 2430 ἐσεμνύνοντο.

325 2578 604 2636 custodia:
637 2575 1004 2632 convenienti
1039 2575 1360 2630 commissa
1377 2577 1488 2629 est.
1521 2574 1681 2629 Asan
1706 2589 1839 2628 vero
1862 2590 1979 2627 non

325 2675 466 2726 tunc
488 2668 667 2724 simul
701 2683 834 2721 cum
868 2669 1032 2721 Irene
1062 2664 1188 2737 (illa
1217 2665 1372 2720 enim
1426 2668 1559 2736 post
1607 2665 1858 2718 Asanem
1915 2679 1980 2718 eo

323 2758 505 2826 venit,
539 2758 890 2827 imperatore
926 2755 1051 2822 jam
1111 2752 1675 2824 Constantinopolim
1727 2751 1978 2822 reverso)

330 2864 542 2918 magna
575 2844 914 2900 celebritate
947 2843 1157 2898 invecti
1181 2847 1322 2898 sunt
1351 2843 1684 2897 Ternobum
1718 2845 1775 2895 et
1814 2857 1980 2911 reges

330 2935 652 2990 acclamati.
688 2935 822 2989 Erat
855 2950 1023 3004 porro
1084 2933 1237 2988 inter
1294 2948 1561 3002 proceres
1612 2929 1979 3002 dignitatein

333 3023 602 3095 Bulgaria
653 3027 959 3094 praestante
1033 3021 1275 3093 quidam
1343 3022 1634 3087 Tcrteres,
1714 3018 1981 3074 maximae

331 3113 486 3183 apud
538 3129 662 3167 eam
722 3117 955 3182 gentem
1015 3109 1472 3165 existimationis
1521 3113 1578 3163 et
1618 3108 1819 3180 gratiae
1873 3108 1979 3173 vir,

326 3201 709 3270 summisque
740 3201 812 3256 ab
845 3200 916 3256 iis
949 3200 1140 3256 efferri
1173 3204 1230 3256 et
1260 3199 1588 3255 honoribus
1619 3203 1674 3252 et
1703 3197 1980 3252 laudibus

322 3289 552 3346 solitus.
605 3294 768 3344 Hunc
826 3289 1146 3361 imperator
1195 3289 1380 3343 voluit
1435 3287 1610 3342 Asani
1672 3287 1981 3343 afﬁnitatis

317 3378 753 3434 necessitudine
775 3337 1029 3447 jungrere
1087 3385 1143 3432 et
1202 3376 1594 3448 dignitatibus
1653 3376 1962 3446 honorare,
2010 3337 2054 3406 α

317 3484 742 3540 ριιεενοῐδειιωῐῐ]
766 3483 830 3522 se
869 3472 1032 3522 ratus
1067 3467 1172 3522 hoc
1219 3470 1387 3537 pacto
1443 3465 1769 3535 periculum
1819 3465 1970 3520 insi-

316 3560 547 3614 diarum
571 3557 893 3612 imminens
926 3573 1073 3611 novo
1106 3556 1227 3627 regi
1261 3556 1332 3609 ab
1372 3555 1612 3610 homine
1645 3571 1818 3625 quem
1864 3570 1970 3625 po-

317 3654 448 3704 tens
478 3649 628 3702 facto
656 3663 900 3701 suorum
935 3646 1085 3701 clam
1137 3645 1207 3700 ad
1269 3660 1517 3714 regnum
1567 3645 1974 3715 promovebat,

318 3742 378 3793 et
417 3737 613 3809 ipsum
647 3734 867 3790 bellicae
896 3735 1115 3806 peritia:
1138 3734 1294 3788 fama
1317 3732 1625 3804 inclytum,
1651 3733 1870 3804 quique
1893 3733 1978 3788 ita

323 3825 612 3883 militares
643 3824 926 3896 gessisset
947 3824 1342 3895 praefecturas,
1373 3827 1437 3876 ut
1479 3823 1612 3893 plus
1672 3822 1976 3892 quidpiam

327 3916 552 3988 privato
585 3913 818 3984 fastigio
851 3916 1116 3985 spectare
1147 3930 1180 3967 a
1214 3912 1468 3984 penitius
1492 3911 1861 3966 intuentibus
1884 3929 1978 3966 es-

329 4009 421 4061 set
450 4004 935 4060 amimadversus.
960 4003 1244 4058 Caeterum
1272 4001 1408 4055 huic
1443 4000 1816 4071 imperatoris
1856 4005 1981 4056 stu-

335 4094 431 4150 dio
455 4092 828 4148 incommode
859 4092 1130 4146 obstabat
1187 4107 1332 4145 uxor
1363 4105 1542 4160 quam
1576 4093 1701 4143 tum
1730 4089 1985 4143 habebat

326 4183 636 4248 Terteres;
671 4181 760 4235 cui
800 4179 849 4235 si
893 4180 953 4234 in
1013 4196 1079 4234 eo
1135 4178 1324 4250 primo
1377 4177 1650 4248 conjugio
1701 4177 1985 4248 perstanti

329 4273 585 4327 honores
615 4275 673 4324 et
705 4268 990 4324 beneficia
1053 4270 1374 4339 imperator
1420 4271 1782 4339 congereret,
1839 4266 1986 4320 nihil

332 4363 589 4416 Asanem
609 4359 866 4428 juvaret,
899 4358 998 4412 sed
1031 4357 1224 4428 potius
1247 4357 1376 4426 ejus
1395 4355 1722 4428 periculum
1749 4361 1993 4427 augeret

331 4452 596 4524 potentia
627 4448 965 4520 ejusaemuli
997 4448 1162 4504 novis
1192 4464 1373 4519 opum
1400 4447 1838 4503 accessionibus
1871 4463 1993 4502 cor-

335 4541 694 4605 roboranda,
749 4547 801 4593 et
857 4537 1027 4610 quasi
1086 4535 1512 4592 accumulando
1571 4553 1717 4591 novo
1769 4537 1992 4604 fomite,

345 4645 468 4702 quo
490 4627 722 4683 facilius
753 4628 1159 4682 exardesceret
1214 4626 1545 4681 incensium
1591 4625 1992 4681 formidatum.

2089 1999 2192 2074 γὰρ
2218 2006 2316 2068 τῆς
2350 1998 2628 2073 βασιλείας
2678 2003 2786 2054 τῶν
2839 2000 3167 2075 Βουλγάρων
3223 1999 3538 2076 πράγματα,
3601 2000 3633 2055 ἃ
3678 1997 3746 2070 δὴ

2089 2090 2175 2142 καὶ
2228 2087 2478 2142 κάλλιστ’
2508 2090 2658 2163 εἶχον
2692 2087 2752 2143 ἐκ
2778 2089 3064 2162 Ῥωμαίων
3119 2085 3380 2151 λαϐόντες
3423 2091 3746 2163 ἡττημένων

2091 2177 2154 2231 τὸ
2185 2175 2357 2231 πάλαι
2389 2181 2819 2252 στρατηγοῦντος
2857 2178 2953 2232 τοῦ
3007 2177 3276 2252 βασιλέως
3334 2177 3626 2250 Ἰσαακίου,
3659 2179 3751 2233 καὶ

2093 2268 2146 2341 γ’
2206 2265 2470 2321 ἐνέκειντο
2526 2266 2996 2343 τεθησαυρισμένα
3025 2269 3143 2322 κατ’
3201 2263 3436 2342 αὔχημα
3469 2265 3683 2340 μᾶλλον
3715 2266 3752 2336 ἢ

2093 2357 2232 2411 κατὰ
2293 2356 2508 2432 χρείαν,
2565 2360 2736 2411 ταῦτα
2794 2353 2860 2425 δὴ
2920 2358 3007 2411 καὶ
3076 2355 3199 2411 ὅσον
3261 2357 3328 2426 ἦν
3388 2355 3531 2412 ἄλλο
3557 2356 3758 2438 φόρτος

2095 2575 2308 2632 tulisse
2359 2577 2700 2645 videbatur;
2754 2579 2856 2634 sed
2917 2577 3227 2632 videbatur
3285 2580 3538 2632 tantum.
3601 2576 3749 2631 Nam

2094 2670 2300 2722 eventu
2331 2683 2466 2723 mox
2497 2667 2624 2737 ipso
2655 2666 2929 2739 apparuit
2954 2684 3068 2722 non
3094 2667 3436 2722 diuturnam
3468 2681 3601 2721 eum
3620 2666 3748 2737 ejus

2095 2755 2461 2828 principatus
2484 2756 2872 2829 Bulgarorum
2902 2756 3332 2828 possessionem
3361 2755 3600 2810 adiisse.
3627 2754 3746 2810 Nu-

2092 2848 2216 2899 tarc
2273 2843 2372 2899 illa
2430 2846 2544 2900 cito
2574 2846 2748 2917 coepit
2779 2845 3160 2902 nobilissimas
3210 2845 3446 2900 levitate
3504 2844 3735 2916 gentis:

2095 2934 2326 3005 Bulgari
2357 2935 2514 2990 enim
2543 2937 2686 2992 adeo
2719 2937 2789 2990 ad
2819 2936 3125 3006 perfidiam
3169 2934 3369 2990 faciles
3421 2934 3737 2989 habentur.

2096 3028 2160 3079 ut
2215 3042 2370 3079 aurae
2416 3029 2592 3096 atque
2638 3024 3055 3081 incertissimis
3110 3025 3352 3079 ﬂatibus
3428 3029 3741 3078 ventorum

2094 3131 2270 3184 quam
2300 3113 2952 3183 horumjbenevolentim
2986 3115 3278 3169 conﬁdere
3301 3113 3377 3168 sit
3401 3112 3606 3167 tutius.
3665 3114 3744 3166 Ac

2093 3203 2477 3259 defeclionem
2511 3205 2748 3275 quidem
2781 3204 2852 3258 ab
2905 3209 3093 3258 Asane
3153 3201 3478 3259 machinari
3527 3218 3627 3258 eos
3676 3218 3746 3257 ex

2094 3293 2298 3348 multis
2330 3295 2686 3365 apparebat:
2720 3292 3010 3349 excitabat
3032 3295 3224 3347 autem
3259 3291 3526 3362 ipsorum
3560 3289 3622 3344 in
3683 3290 3740 3343 id

2092 3383 2290 3439 studia
2321 3384 2590 3439 Terteres
2621 3383 2852 3439 arcanis
2903 3381 3310 3437 molitionibus
3334 3395 3577 3452 regnum
3601 3379 3741 3433 affe-

2077 3478 2264 3529 ctans.
2301 3474 2622 3529 Exstabant
2653 3473 2889 3544 quidem
2915 3471 3132 3526 indicia
3163 3487 3278 3526 non
3310 3486 3460 3524 vana
3485 3485 3614 3540 quae
3646 3471 3733 3522 ta-

2081 3562 2154 3618 lis
2184 3563 2340 3617 hunc
2373 3562 2715 3618 ambitionis
2763 3565 3106 3631 suspectum
3167 3561 3374 3615 merito
3428 3559 3686 3613 facerent
3722 3573 3734 3612 :

2083 3651 2183 3705 sed
2217 3666 2284 3704 ea
2317 3667 2388 3704 ne
2409 3652 3020 3706 animadverterentur
3052 3648 3432 3704 inumbrabat
3478 3645 3736 3701 afﬁnitas

2084 3741 2214 3808 ejus
2245 3755 2377 3793 cum
2407 3741 2618 3794 Asane.
2669 3740 2811 3804 Quis
2870 3740 3027 3795 enim
3088 3736 3569 3792 facilecrederet
3625 3749 3731 3790 suo

2086 3828 2282 3900 ipsum
2315 3828 2584 3882 insidiari
2617 3829 2835 3899 generi,
2864 3833 2920 3883 et
2941 3829 3184 3899 prodere
3209 3843 3274 3881 ac
3297 3829 3564 3882 eventere
3585 3822 3731 3878 velle

2087 3917 2384 3972 hominem
2420 3918 2589 3987 cujus
2621 3917 2861 3973 haberet
2887 3917 2941 3971 in
2988 3915 3366 3971 matrimonio
3424 3912 3730 3970 sororem?

2089 4004 2352 4060 Tandem
2384 4008 2580 4059 tamen
2614 4004 2805 4075 erupit
2837 4021 2926 4058 res
2959 4004 3018 4056 in
3053 4003 3323 4057 notitiam
3346 4001 3590 4057 minime
3614 4002 3740 4071 jam

2093 4093 2330 4149 dubiam
2350 4092 2579 4147 Asanis.
2610 4094 2798 4156 Quare
2830 4092 2924 4147 ille
2954 4092 3178 4147 veritus
3211 4107 3281 4146 ne
3313 4091 3745 4161 opprimeretur

2092 4182 2416 4255 improviso
2435 4184 2688 4250 quodam
2723 4182 2952 4238 assultu
2987 4198 3091 4236 nec
3154 4180 3351 4234 salvus
3411 4177 3744 4250 periculum

2097 4274 2385 4340 evaderet,
2429 4289 2832 4344 praeoccupare
2897 4272 3095 4342 fugam
3139 4268 3370 4335 statuit,
3429 4267 3746 4322 honestum

2097 4367 2441 4435 pratextum
2483 4363 2808 4417 obtendens
2856 4359 3120 4427 consilio,
3156 4362 3219 4413 ut
3245 4358 3504 4422 rebatur,
3554 4371 3754 4410 neces-

2101 4454 2292 4520 sario;
2356 4453 2506 4524 quod
2569 4452 2748 4508 etiam
2807 4455 3214 4524 quaestuosum
3270 4449 3458 4502 facere
3517 4445 3752 4500 studuit

2105 4546 2297 4615 praedo
2329 4543 2577 4611 adjecta.
2613 4541 2992 4598 Occasionem
3036 4541 3191 4594 enim
3227 4537 3356 4608 ejus
3385 4536 3469 4591 rei
3503 4550 3758 4589 commo-

2108 4635 2239 4688 dam
2275 4632 2388 4687 sibi
2426 4636 2632 4686 nactus
2662 4631 2972 4686 videbatur
2994 4630 3218 4684 habens
3240 4627 3296 4681 in
3324 4629 3607 4698 potestate
3630 4623 3764 4677 the-

351 4719 542 4791 Igitur
575 4717 1021 4789 proponendum
1054 4715 1278 4770 Terteri
1325 4716 1553 4770 curavit
1579 4715 1898 4785 imperator
1942 4733 2003 4770 se
2034 4698 2079 4760 D
2113 4737 2348 4778 samum
2383 4723 2605 4793 regium
2639 4719 2946 4792 Bulgaria,
2979 4719 3035 4773 in
3071 4734 3186 4788 quo
3220 4715 3484 4788 supelleu
3537 4712 3767 4784 specio-

338 4811 650 4879 despotam
685 4823 819 4861 eum
846 4811 1212 4869 creaturum,
1246 4804 1292 4858 si
1327 4805 1660 4876 repudiata,
1684 4821 1863 4875 quam
1896 4804 2004 4858 ha-

339 4901 534 4965 beret,
567 4897 819 4967 conjuge
841 4895 1014 4950 vellet
1043 4895 1100 4948 in
1137 4911 1344 4948 novam
1405 4911 1684 4965 sponsam
1745 4895 2007 4966 accipere

343 5002 608 5043 sororem
636 4985 872 5040 Asanis.
904 4988 1078 5039 Facta
1109 4983 1229 5038 haec
1263 4987 1426 5053 sunt,
1473 4985 1588 5038 cito
1649 4984 2009 5039 assentiente

345 5076 611 5141 Tertere,
645 5074 817 5144 cujus
849 5073 1065 5142 conjux
1086 5072 1242 5143 prior
1283 5088 1412 5126 cum
1467 5071 1607 5138 filio,
1666 5071 2011 5143 Osphentis-

345 5162 576 5232 thlabo,
619 5163 797 5228 dicto,
823 5162 894 5216 ad
929 5161 1344 5232 imperatorem
1390 5161 1543 5216 448
1613 5161 1790 5216 ducta
1831 5162 2013 5231 hujus

343 5254 523 5326 jussu
561 5251 842 5307 custodiae
870 5251 1151 5305 mandata
1185 5250 1338 5320 apud
1373 5249 1624 5305 Nicaeam
1659 5254 1770 5306 est.
1805 5251 2017 5306 Asanis

348 5359 488 5398 vero
517 5356 799 5414 germena
828 5339 1074 5406 Terteri,
1109 5339 1332 5410 nupsit,
1358 5343 1415 5394 et
1437 5339 1571 5394 novi
1603 5339 1806 5410 sponsi
1850 5340 2018 5395 titulo

2115 4811 2355 4868 sissima
2384 4815 2440 4864 et
2491 4808 2914 4878 pretiosissima
2972 4807 3318 4862 servabatur
3358 4822 3426 4860 ex
3483 4802 3766 4858 Romanis

2119 4900 2260 4957 olim
2289 4905 2473 4970 parta,
2508 4899 2745 4970 quando
2777 4899 3028 4952 ducente
3051 4894 3272 4950 Isaacio
3305 4897 3570 4964 Augusto
3618 4891 3772 4946 male

2119 4991 2160 5045 ii
2193 5006 2324 5044 cum
2359 4987 2630 5059 Bulgaris
2661 4989 3093 5059 pugnaverunt,
3118 4979 3771 5052 amissisimpedimen—

2121 5081 2220 5141 tis,
2254 5079 2312 5133 in
2348 5078 2564 5148 quibus
2597 5077 2835 5132 fuerunt
2863 5076 2994 5148 ipsa
3019 5071 3278 5144 insignia
3309 5071 3539 5140 imperii
3568 5085 3581 5123 :
3643 5085 3772 5139 qua:

2123 5187 2190 5225 ex
2216 5169 2318 5224 illo
2348 5173 2615 5239 tempore
2644 5165 2876 5222 condita
2905 5163 3155 5219 Ternobi
3179 5160 3666 5216 custodiebantur
3696 5157 3768 5212 ad

2127 5257 2571 5314 ostentationem
2607 5255 2804 5327 potius
2836 5269 3014 5325 quam
3049 5251 3120 5306 ad
3155 5267 3332 5306 usum
3382 5250 3586 5306 alium;
3648 5247 3779 5302 Haec

2130 5352 2188 5403 et
2216 5346 2331 5401 alia
2351 5360 2718 5416 quaecunque
2748 5342 2901 5398 elatu
2938 5339 3135 5395 facilia
3153 5343 3387 5410 reperta
3411 5344 3535 5394 tum
3554 5339 3695 5393 sunt
3717 5336 3778 5388 in

362 5431 750 5502 despotarum
782 5426 1150 5482 cobonestati
1182 5431 1345 5481 sunt.

2133 5435 2311 5506 regiis
2343 5432 2644 5505 apothecis
2674 5431 3092 5503 Bulgarorum,
3122 5429 3272 5483 clam
3299 5427 3612 5499 compilata
3657 5438 3785 5479 sac-

2135 5525 2338 5595 cisque
2367 5522 2518 5578 449
2549 5521 2738 5576 indita
2769 5519 3060 5592 exportari
3086 5523 3265 5573 noctu
3305 5525 3465 5573 Asan
3519 5532 3588 5571 ex
3645 5511 3790 5566 urbe

2140 5613 2408 5669 Ternobo
2439 5612 2703 5667 curavit:
2736 5609 2983 5682 ipseque
3029 5624 3166 5663 mox
3189 5623 3324 5662 cum
3358 5621 3533 5660 uxere
3588 5618 3655 5657 ac
3687 5617 3788 5654 co-

2143 5703 2354 5758 mitatu
2389 5700 2555 5771 quasi
2589 5700 2770 5754 animi
2803 5699 2992 5771 gratia
3026 5697 3182 5752 ruris
3208 5695 3550 5751 amoenitate
3581 5689 3794 5746 fruitu-

2146 5810 2270 5858 rus,
2304 5807 2579 5862 egressus
2611 5790 2874 5844 indidem
2900 5802 3138 5842 summa
3169 5783 3465 5839 celeritate
3513 5784 3798 5836 Constan-

3399 5905 3476 5962 29

724 5572 779 5626 9.
817 5572 879 5628 Ut
909 5572 1057 5625 Asan
1087 5571 1324 5625 Ternobo
1358 5573 1666 5627 recesserit.

442 5698 577 5754 Haec
606 5696 862 5753 Terteris
894 5695 1154 5751 affinitas
1189 5712 1466 5768 magnam
1490 5697 1668 5752 Asani
1693 5698 2028 5755 facultatem

367 5785 683 5846 obtinendi
715 5801 921 5842 secure
952 5785 1108 5855 quod
1131 5800 1438 5856 capessere
1467 5791 1720 5859 coeperat
1750 5789 1913 5860 regni
1944 5795 2033 5844 at-

699 5907 960 5967 PATROL.
1009 5904 1116 5964 Gs.
1165 5905 1334 5964 CXLI
1349 5909 1360 5963 i
1376 5906 1419 5964 l.
