4080 6464
316 489 424 543 907

1627 467 1932 525 GEORGII
1971 460 2437 517 PACHYMRRB

3639 456 3757 513 908

317 610 665 683 εὐκόμιστος,
694 604 748 660 έν
801 602 995 680 ἀφανεῖ
1039 592 1396 672 περισχόντες
1451 592 1671 651 σάκκοις
1728 586 1818 643 καὶ
1869 592 1972 655 τῆς
2001 589 2054 652 Α
2083 581 2150 636 τὰ
2203 579 2728 683 τῇξ“;1τατριαρζίας
2761 576 3258 683 ξιαφέρῖντινκκατὰ
3290 583 3761 683 μῆναιΛηναιῷνα

319 676 537 760 πόλεως
592 676 916 751 ἐκϐαλόντες
971 685 1203 755 νυκτὸς,
1262 680 1418 737 αὐτοὶ
1474 679 1602 742 τοὺς
1663 677 1738 740 εἷς
1798 676 1971 731 ἄνεσιν

319 790 411 845 καὶ
466 786 673 864 τρυφὴν
732 783 840 837 τῶν
896 778 995 848 ἔξω
1047 794 1153 829 που
1183 778 1284 841 τῆς
1311 769 1529 834 πόλεως
1560 767 1796 864 ἐξιόντας
1830 786 1976 864 σχη-

329 856 691 955 ματισάμενοι
768 870 868 925 ἆνά
944 866 1141 942 κράτος
1208 860 1487 955 εὐθὺ-τῇς
1545 856 1976 955 μεγαλοπόλεως

326 945 548 1046 έιρευγον
587 1010 600 1023 .
652 958 757 1018 Καὶ
816 961 1033 1033 πρῶτον
1088 952 1166 1016 εἷς
1219 945 1595 1046 Μεσέμϐρειαν
1660 948 1763 1046 ὑπὸ
1824 947 1978 1023 βασι-

327 1037 478 1128 λὶκῷ
520 1052 724 1125 κόμπῳ
767 1046 857 1103 καὶ
913 1047 1091 1122 τρυιρῇ
1152 1042 1469 1120 φθάσαντες,
1530 1039 1603 1099 ὡς
1657 1037 1975 1128 “13,99,801-

325 1124 460 1211 θεῖεν
520 1142 839 1222 φεύγοντες,
899 1135 1041 1191 οὕτω
1101 1131 1345 1204 θαλάσσῃ
1402 1132 1646 1204 χρῶνται
1701 1126 1787 1181 καὶ
1830 1124 1977 1222 1πλῷ

321 1237 457 1313 πρὸς
512 1212 855 1302 τήν-πόλιν.
914 1224 1019 1281 Καὶ
1076 1221 1142 1291 δὴ
1202 1220 1569 1295 καταχθέντας
1610 1220 1678 1291 τῇ
1719 1212 1853 1270 κατὰ
1880 1213 1972 1268 τὸν

320 1303 627 1382 Ἀνάπλουν
683 1321 779 1373 τοῦ
837 1311 1288 1390 ἀρχιστρατήγου
1354 1311 1493 1381 μονῇ
1539 1306 1620 1384 ἐφ’
1667 1304 1901 1379 ἡμέραις
1947 1303 1975 1356 ὁ

317 1416 528 1490 κρατῶν
560 1410 660 1466 οὐκ
689 1404 934 1482 ἐδέχετο,
986 1403 1039 1457 ἐν
1076 1400 1229 1490 ’ὀργῇ
1271 1398 1505 1490 παντοίᾳ
1553 1394 1972 1490 τηνάποφυγήν

315 1482 671 1574 ποιούμενος,
718 1495 807 1549 καὶ
840 1494 902 1548 τὸ
933 1495 1036 1547 πᾶν
1072 1487 1253 1558 δειλίᾳ
1279 1486 1369 1541 val
1411 1482 1712 1560 κακανδρίᾳ
1758 1482 1976 1537 ἐκείνων

315 1570 540 1658 κρίνων,
572 1582 804 1642 πολλῶν
838 1582 1016 1636 πόνων
1048 1578 1139 1633 καὶ
1171 1573 1369 1650 ἐξόδων
1401 1572 1678 1629 ἀπώλειαν
1735 1570 1787 1626 ἐν
1843 1571 1975 1646 βρα-

317 1648 432 1758 χεῖ.
487 1648 574 1739 ’ςές
634 1673 679 1729 δ’
738 1672 839 1727 οὐκ
890 1670 959 1739 ἦν
1016 1668 1079 1722 τὸ
1110 1648 1338 1742 γεγονὸς
1368 1662 1712 1729 ἀναλύεσθαι,
1744 1658 1973 1758 ἐκείνοις

321 1746 415 1845 μὲν
477 1768 805 1842 ἐκχωρεῖται
861 1761 961 1830 τὴν
1007 1755 1170 1812 πόλιν
1230 1751 1568 1817 εἰσελθόντας
1626 1755 1705 1823 τῷ
1758 1746 1978 1845 βασιλεῖ

317 1837 725 1938 έμιρανίξεσθαι,
784 1853 871 1924 [Ρ.
929 1849 1062 1938 307]
1115 1846 1172 1938 ὁη
1205 1840 1292 1938 δέ*
1316 1863 1391 1938 γε.
1431 1844 1699 1938 Ἰξερτερῆς

322 1923 625 2024 βασιλείας,
660 1923 930 1996 Θελόντων
980 1934 1068 2024 καὶ
1262 1923 1974 2024 βουλγάρω.ν,.ἐπιλαξϐᾴ-

314 2012 483 2095 vetat.
542 2032 649 2091 Kal
706 2029 757 2085 ὲν
814 2025 993 2101 ὀλίγῳ
1023 2019 1381 2096 ἅμ’ἤκούετο
1427 2017 1704 2093 βασιλείας
1755 2012 1972 2071 ἐπιϐαί-

314 2148 446 2198 νων,
503 2124 591 2178 καὶ
646 2122 760 2193 ἅμα
802 2114 1183 2186 ταινιούμενος
1230 2109 1366 2165 κατά
1418 2106 1671 2184 βασιλέας
1711 2105 1973 2183 ἐγκρατὴς

313 2195 789 2285 τῶν-Βουλγάρων
822 2205 913 2274 ἦν.
964 2199 1140 2259 Ἀλλὰ
1185 2203 1352 2254 ταῦτα
1386 2199 1479 2272 μὶν
1512 2195 1565 2259 ἐς
1594 2200 1875 2267 τοσοῦτον,
1905 2198 1973 2251 τὰ

314 2302 359 2383 δ’
392 2303 631 2365 ἐντεῦθεν
668 2297 880 2361 ἐσαῦθις
914 2293 1165 2370 ἐροῦμεν·

317 2449 387 2505 ι’.
456 2449 644 2506 Ὅπως
710 2437 1041 2514 κατηγορίαι
1107 2429 1603 2514 κατεσκευάσθησαν
1672 2430 1810 2485 κατὰ
1872 2429 1970 2484 τοῦ

838 2504 1186 2584 πατριάρχου
1217 2504 1441 2561 Βὲκκου.

380 2640 525 2716 Ἤδη
580 2638 637 2696 δὲ
692 2636 907 2717 χρόνων
968 2630 1391 2710 παρῳχηκότων
1438 2628 1709 2703 τεττάρων
1738 2627 1968 2702 Ἰωάννῃ

310 2861 624 2937 tinopolim
667 2871 875 2915 versus
916 2855 1027 2910 iter
1083 2848 1355 2922 arripuit.
1409 2849 1486 2904 Ac
1543 2844 1968 2937 Mesembream

314 2934 551 3029 quidem
583 2962 771 3020 usque
800 2943 958 3014 regia
988 2957 1204 3013 pompa
1232 2937 1493 3029 luxuque
1512 2934 1771 3029 speciem
1804 2949 1966 3029 secu-

316 3023 507 3100 ritatis
530 3037 933 3096 ostentarunt:
969 3047 1096 3103 quae
1129 3026 1430 3084 simulatio
1478 3023 1812 3080 necessaria
1838 3027 1965 3079 erat

316 3151 389 3189 ne
412 3133 551 3201 fuga
580 3124 949 3199 deprehensa
977 3121 1349 3176 sisterentur.
1379 3120 1659 3170 Caaterum
1691 3110 1770 3167 ibi
1820 3130 1964 3201 nave

314 3200 637 3280 conscensa
661 3211 811 3271 mari
842 3209 1185 3281 Byzantium
1216 3206 1506 3261 feruntur.
1532 3203 1813 3273 Exceptos
1841 3200 1961 3258 illic

314 3315 504 3387 primo
534 3321 816 3366 exscensu
839 3301 1029 3358 sancti
1060 3295 1411 3367 Archangeli
1427 3291 1726 3387 Michaelis
1757 3308 1957 3387 mona-

526 3354 975 3471 prdpe—pdrtum
996 3354 1117 3444 sito
1148 3354 1470 3457 imperator
1500 3381 1725 3452 aliquot
1755 3381 1963 3437 diebus
1994 3354 2037 3420 C

321 3489 688 3549 admissione
727 3481 996 3546 exclusit,
1031 3479 1219 3533 iratus
1258 3473 1405 3546 ipsis
1461 3472 1841 3528 vehementer
1900 3472 1973 3527 ob

321 3582 525 3653 fugam
557 3591 735 3649 quam
761 3568 1067 3643 judicabat
1094 3561 1613 3653 intempestivam;
1666 3564 1976 3653 totumque

321 3649 722 3727 id_consilium
745 3675 906 3717 vanae
937 3657 1275 3728 ignavaeque
1298 3650 1594 3709 formidini
1622 3649 1973 3714 ascribebat,

325 3776 441 3831 qua
472 3756 699 3812 fructus
724 3750 993 3805 laborum
1035 3741 1589 3815 expeditionumque
1648 3738 1975 3831 multarum

323 3827 442 3905 uno
475 3844 770 3900 momento
803 3834 1146 3894 inconsultas
1188 3830 1439 3888 levitatis
1482 3831 1775 3901 jacturam
1834 3827 1975 3883 irre-

320 3932 645 4011 parabilem
702 3927 1059 4002 querebatur
1117 3922 1352 3978 factam.
1431 3917 1701 4011 Denique
1749 3921 1970 4011 tamen,

318 4005 453 4083 cum
487 4022 641 4095 quod
676 4020 896 4076 factum
917 4012 1447 4087 quomodocunque
1476 4007 1662 4063 fuerat
1687 4005 1972 4095 infectum

313 4113 441 4170 fieri
473 4093 761 4182 nequiret,
794 4101 1068 4178 permisit
1096 4100 1169 4155 iis
1195 4096 1481 4171 ingressis
1532 4095 1828 4152 civitatem
1859 4093 1972 4150 sibi

312 4223 375 4261 se
407 4204 637 4261 sistere.
666 4195 907 4255 Interim
948 4195 1212 4249 Terteres
1269 4202 1523 4244 vacuum
1563 4185 1778 4241 Asanis
1832 4185 1970 4257 fuga

307 4292 475 4366 regni
506 4291 811 4355 thronum,
844 4298 1062 4355 magna
1092 4278 1478 4366 Bulgarorum
1510 4274 1832 4343 voluntate,
1866 4292 1967 4345 pa-

302 4365 423 4439 lam
454 4378 779 4451 occupavit,
812 4386 1052 4444 unoque
1089 4368 1296 4424 nuntio
1320 4365 1560 4420 auditus
1590 4369 1679 4420 est
1709 4369 1767 4419 et
1794 4381 1965 4420 occu—

306 4488 480 4544 passe
514 4481 763 4540 regnum
787 4467 844 4519 et
868 4457 1119 4516 solemni
1150 4456 1262 4511 rilu
1296 4457 1610 4510 coronatus
1641 4453 1849 4524 sicque
1880 4454 1963 4508 .in

300 4543 477 4634 plena
514 4562 574 4614 et
605 4565 762 4611 certa
812 4548 1175 4607 constitutus
1232 4543 1611 4617 possessione
1668 4543 1961 4616 Bulgarici

302 4648 691 4723 principatus.
726 4642 857 4697 Haec
884 4644 1025 4694 tunc
1074 4636 1134 4690 in
1164 4634 1323 4690 hunc
1355 4634 1601 4723 modum
1645 4650 1709 4689 se
1741 4634 1961 4689 habue-

297 4722 459 4795 runt.
501 4736 637 4800 Quae
666 4734 869 4787 secuta
900 4730 1060 4797 sunt,
1081 4725 1140 4779 in
1178 4728 1442 4795 tempore
1469 4722 1804 4779 reddemus.

298 4837 387 4893 10.
450 4836 514 4893 Ut
569 4829 943 4889 accusationes
994 4823 1282 4880 adornatae
1330 4822 1443 4877 sint
1472 4823 1666 4876 contra
1700 4821 1955 4890 patriar.

895 4899 1060 4956 cham
1079 4898 1317 4954 Veceum.

363 5008 491 5062 .lam
515 5007 712 5061 autem
737 4996 986 5057 evolutis
1007 4994 1181 5052 annis
1203 4996 1457 5066 quatuor
1477 5007 1546 5048 ex
1566 5007 1678 5062 quo
1694 4989 1952 5048 Joannes

294 5094 735 5169 patriarcbatus
760 5090 983 5156 honor;
1019 5081 1617 5158 prmeellebat,mense
1636 5078 1948 5169 Februario

291 5168 559 5257 septimae
580 5179 946 5247 indictionis,
978 5188 1187 5249 graves
1217 5173 1274 5227 in
1309 5186 1442 5226 eum
1479 5168 1883 5226 accusationes
1914 5188 1948 5227 a

290 5273 648 5347 quibusdam
665 5288 697 5328 e
710 5271 864 5327 clero
879 5262 1549 5334 conﬂantur,mendaces
1568 5258 1679 5315 illa:
1702 5260 1941 5333 quidem

288 5382 355 5421 ac
389 5363 559 5435 plane
582 5363 812 5428 inanes,
840 5373 958 5413 non
984 5361 1182 5411 tamen
1229 5350 1524 5424 ejusmodi
1584 5366 1735 5421 quas
1792 5367 1943 5423 aegre

283 5455 605 5524 imperator
617 5444 1262 5505 admitteret.Studebat
1273 5441 1430 5498 enim
1448 5440 1546 5497 ille
1565 5438 1652 5496 vel
1689 5440 1939 5497 maxime

285 5541 550 5600 nancisci
582 5539 825 5595 modum
855 5534 1167 5591 hebetandi
1199 5532 1384 5589 aciem
1420 5532 1611 5603 nimii,
1644 5533 1800 5588 450
1822 5548 1935 5603 que

281 5633 506 5689 dudum
523 5623 1055 5691 offendebatur,zeli
1071 5622 1821 5695 patriarchas.Pupugerant
1836 5638 1934 5678 au-

278 5726 400 5778 tem
434 5735 567 5775 eum
600 5722 657 5772 et
688 5716 1303 5787 exasperaverantnon
1327 5728 1534 5782 parum
1554 5711 1658 5767 illa
1678 5727 1803 5783 quae
1829 5728 1933 5766 nu-

2079 676 2181 740 τῆς
2239 665 2486 744 ἑϐδόμης
2562 666 2899 730 ἰνδικτιῶνος
2958 665 3129 723 δειναὶ
3186 667 3517 743 κατηγορίαι
3572 667 3760 743 τούτῳ

2078 760 2226 833 παρά
2276 780 2439 815 τινων
2471 762 2569 815 τοῦ
2621 759 2835 834 κλήρου
2889 756 3317 835 συρῥάπτονται,
3377 754 3594 831 ψευδεῖς
3653 758 3753 831 μὶν

2077 847 2167 902 καὶ
2201 845 2452 919 διακενῆς
2502 849 2564 903 τὸ
2607 848 2887 923 παράπαν,
2938 846 3001 902 οὐ
3050 847 3158 921 μὴν
3211 843 3269 901 δὲ
3323 846 3412 901 καὶ
3463 843 3759 922 δυσχερεῖς

2077 941 2157 1009 τῷ
2188 941 2473 1013 κρατοῦντι
2505 934 2784 1012 δέχεσθαι.
2812 937 2913 992 Ἦν
2963 934 3068 1012 γὰρ
3120 934 3312 1008 ἐκείνῳ
3367 931 3459 990 διὰ
3506 933 3756 1005 σπουδῆς

2077 1026 2345 1097 πλείστης
2400 1024 2684 1102 ὑποχαλᾷν
2742 1025 2835 1080 τὸν
2893 1022 3050 1080 τόνον
3082 1028 3180 1079 τοῦ
3232 1022 3408 1095 ζήλου
3435 1028 3519 1097 τῷ
3546 1045 3758 1100 πατρι-

2078 1115 2246 1190 άρχῃ,
2325 1113 2415 1169 καὶ
2498 1112 2712 1187 μᾶλλον
2776 1113 2845 1170 τὰ
2902 1115 2955 1169 οἱ
3014 1107 3330 1190 πραχθέντα
3388 1113 3441 1185 ἐξ
3499 1114 3758 1191 ὑπογύου

2078 1199 2300 1278 ἔχοντα,
2359 1202 2484 1280 περὶ
2544 1204 2616 1257 ὧν
2672 1201 2927 1279 ἀνωτέρω
2979 1201 3198 1281 έῤῥέθη.
3260 1206 3442 1257 Ταῦτα
3496 1203 3595 1278 γὰρ
3655 1204 3755 1260 καὶ

2080 1288 2206 1347 ἄλλ’
2258 1290 2390 1347 ἅττα
2445 1290 2677 1349 πλεῖστα
2735 1288 3199 1365 έπισυμϐαίνοντα
3255 1292 3461 1361 ἀνῆπτε
3493 1292 3588 1365 μὲν
3641 1294 3752 1363 τὴν

2084 1378 2353 1457 βασιλέως
2407 1381 2602 1457 ὀργὴν,
2664 1382 2728 1437 οὐ
2791 1382 2898 1454 μὴν
2961 1378 3008 1436 δ’
3066 1381 3211 1456 εἶχεν
3248 1380 3399 1443 ὅπως
3431 1387 3533 1451 τῆς
3563 1381 3757 1456 ὁρμῆς

2079 1469 2278 1545 έπίσχὸ
2306 1470 2398 1525 τὸν
2428 1467 2598 1545 ἄνδρα
2639 1469 2730 1526 καὶ
2780 1469 2971 1533 ἄλλως
3023 1469 3290 1546 ὁρμηνίαν
3325 1466 3457 1525 ὄντα
3500 1469 3591 1526 καὶ
3624 1472 3756 1546 θερ-

2084 1559 2345 1634 μουργὸν,
2402 1558 2551 1629 πλὴν
2603 1560 2666 1614 οὐ
2718 1560 2786 1615 τά
2837 1560 2955 1615 καθ’
3016 1557 3176 1614 αὐτὸν
3236 1558 3466 1633 (τούτων
3517 1559 3625 1635 γὰρ
3656 1559 3757 1614 καὶ

2079 1648 2526 1725 ἀπεριμερίμνως
2558 1650 2757 1725 εἶχεν),
2807 1647 2957 1705 ἀλλὰ
3001 1647 3068 1704 τὰ
3116 1650 3233 1703 καθ’
3284 1646 3502 1723 ἑτέρους
3552 1650 3755 1704 συνοί-

2080 1759 2260 1795 σοντα.
2319 1742 2584 1809 Ζητοῦντι
2645 1743 2773 1815 γοῦν
2828 1738 3032 1815 τρόπον
3092 1738 3215 1803 καθ’
3245 1738 3303 1793 ὃν
3354 1736 3620 1811 ὑποκλίνῃ
3647 1739 3749 1795 τὸν

2079 1825 2295 1898 λέοντα,
2329 1828 2562 1904 χρήσιμ’
2610 1829 2746 1897 ἦσαν
2800 1828 2868 1882 τὰ
2922 1826 3372 1902 κατηγορημένα,
3424 1824 3613 1891 ἄλλως
3645 1827 3756 1884 οὐκ

2079 1916 2262 1987 ἀληθῆ
2314 1916 2581 1973 δοκοῦντα
2629 1915 2744 1972 οὔδ’
2796 1914 3190 1993 εὐπαράδεκτα.
3249 1918 3455 1988 Ῥοπῆς
3508 1918 3609 1993 γὰρ
3667 1916 3754 1982 εἷς

2078 2004 2333 2079 πορνείαν
2381 2005 2479 2060 κᾶν
2514 2003 2731 2075 Πηλεὺς
2764 2002 2945 2083 ὦφλεν
2975 2004 3033 2060 ἂν
3065 2003 3102 2074 ἢ
3145 2003 3371 2077 ἐκεῖνος,
3430 2003 3755 2079 ἱεροσυλίας

2080 2092 2140 2148 δὲ
2213 2090 2451 2171 ἔγκλημ’
2524 2093 2584 2149 ἂν
2644 2095 2988 2170 ἀπηνέγκατο
3056 2094 3146 2149 καὶ
3208 2094 3236 2148 ὁ
3297 2093 3381 2149 ἐπ’
3433 2093 3760 2168 ἀνθρώποις

2079 2181 2425 2259 ἆδωρότατος
2476 2182 2820 2255 Ἀριστείδης
2893 2182 3108 2256 μᾶλλον
3167 2183 3203 2252 ἢ
3264 2181 3456 2256 ἐκείνῳ
3514 2179 3757 2247 δικαίως

2079 2275 2449 2349 προσήπτετο.
2484 2273 2553 2328 Τὸ
2593 2270 2652 2328 δὲ
2702 2272 2777 2335 εἷς
2828 2269 3057 2349 βασιλέα
3104 2273 3178 2335 ὡς
3219 2276 3524 2347 καταρῷτο,
3580 2272 3755 2328 αὐτό-

2080 2373 2166 2426 θεν
2192 2363 2293 2430 τήν
2341 2363 2703 2440 συκοφαντίαν
2735 2360 3037 2438 προΐσχετο
3081 2361 3440 2437 ἀκουόμενον.
3499 2363 3759 2427 Ἐκεῖνος

2077 2450 2178 2526 γὰρ
2234 2449 2407 2506 πάλαι
2460 2446 2773 2527 πρεσϐεύων
2830 2451 2908 2515 εἲς
2964 2448 3197 2527 βασιλέα
3256 2451 3391 2527 ὑπέρ
3422 2471 3571 2514 τινος
3628 2455 3755 2506 τῶν

2079 2540 2396 2616 χρῃζόντων
2455 2540 2643 2606 ἐλέους
2690 2539 2962 2604 πολλάκις
2999 2542 3096 2615 μὲν
3147 2543 3284 2596 κατά
3328 2545 3518 2618 πεῖραν
3567 2538 3759 2618 προῦ-

2081 2648 2219 2685 τεινε
2246 2632 2315 2686 τά
2371 2631 2423 2686 οἱ
2455 2628 2720 2686 δοκοῦντα
2779 2630 3071 2703 συνοίσειν,
3128 2629 3450 2694 τοσαυτάκις
3483 2626 3541 2685 δὲ
3568 2650 3759 2709 προσ-

2077 2848 2353 2906 ardenter
2383 2847 2719 2922 patriarcha
2740 2848 2951 2918 fuerat,
2984 2852 3160 2922 prout
3207 2847 3486 2922 superius
3515 2864 3751 2907 memo-

2077 2938 2359 2995 ravimus.
2391 2939 2492 3006 Ea,
2525 2939 2793 3010 inquam,
2826 2943 2884 2994 et
2912 2937 3466 3011 alia,plurimaejus
3487 2940 3744 3011 generis

2074 3044 2204 3099 qum
2227 3028 2475 3084 subinde
2504 3033 2900 3094 occurrerant,
2927 3027 3105 3084 bilem
3137 3028 3295 3084 haud
3326 3028 3505 3085 dubie
3534 3045 3757 3085 move-

2071 3121 2210 3172 rant
2245 3134 2361 3173 non
2394 3116 2830 3190 patientissimo
2849 3116 3099 3189 principi
3124 3134 3138 3185 ;
3170 3116 3267 3174 oui
3288 3121 3487 3173 tamen
3512 3117 3582 3173 ad
3610 3134 3754 3174 ma-

2071 3223 2214 3261 num
2238 3223 2352 3263 non
2369 3210 2495 3262 erat
2517 3206 2748 3263 frenum
2774 3205 2932 3261 aliud
2948 3205 3137 3262 ullum
3155 3222 3271 3278 quo
3290 3205 3582 3279 impetum
3604 3208 3707 3279 eju
3724 3226 3759 3265 s

2074 3294 2393 3366 cohiberet,
2414 3295 2522 3351 viri
2547 3300 2685 3351 natu
2699 3311 2761 3350 ra
2781 3294 3168 3366 vehementis,
3193 3299 3409 3351 etcum
3433 3296 3505 3352 ad
3529 3312 3751 3368 aggre-

2084 3382 2364 3439 diendum
2397 3383 2582 3438 ardua
2612 3381 2822 3450 facilis,
2850 3383 3065 3439 tumin
3098 3383 3360 3456 urgendo
3381 3388 3573 3455 empta
3594 3383 3759 3441 irre-

2081 3472 2361 3527 vocabilis
2393 3471 2641 3528 ardoris.
2675 3475 2895 3527 Verum
2929 3472 3052 3528 haec
3082 3473 3140 3528 in
3186 3489 3439 3545 quorum
3500 3490 3751 3547 promo-

2081 3561 2302 3617 tionem
2326 3561 2411 3617 sic
2433 3561 2631 3617 studio
2654 3561 2946 3633 prodibat,
2961 3561 3121 3617 haud
3146 3566 3315 3619 erant
3338 3578 3471 3619 cum
3492 3565 3756 3635 privatis

2082 3652 2213 3721 ejus
2244 3650 2571 3707 rationibus
2602 3655 2704 3707 aut
2720 3655 2944 3721 quaestu
2980 3652 3218 3724 proprio
3263 3650 3571 3725 implicita.
3636 3654 3757 3710 Ta-

2083 3739 2228 3796 lium
2289 3741 2449 3797 enim
2504 3757 2689 3813 supra
2741 3740 3047 3813 vulgarem
3107 3741 3350 3797 modum
3436 3741 3759 3815 negligens

2079 3835 2224 3886 erat.
2257 3830 2688 3886 Exardescebat
2719 3834 2917 3887 autem
2961 3830 3020 3885 in
3075 3829 3147 3886 iis
3198 3831 3547 3887 accurandis
3608 3849 3754 3905 quae

2078 3916 2148 3971 ad
2183 3914 2437 3971 aliorum
2484 3914 2775 3971 utilitates
2834 3919 3190 3987 spectarent.
3249 3916 3542 3981 Quaerenti
3600 3933 3755 3990 ergo

2076 4006 2338 4075 Augusto
2400 4004 2642 4061 modum
2712 4003 2897 4075 hujus
2949 4004 3121 4077 quasi
3177 4005 3489 4077 cujusdam
3549 4006 3757 4065 leonis

2076 4094 2444 4163 exarmandi,
2492 4092 2668 4150 utiles
2730 4093 2817 4149 hae
2877 4110 3008 4150 sese
3047 4094 3472 4152 crimitationes
3529 4096 3750 4153 offere—

2074 4184 2237 4253 bant,
2297 4182 2626 4255 quamlibet
2694 4182 2915 4255 alioqui
2964 4184 3258 4239 destitutse
3312 4184 3433 4240 veri
3515 4185 3751 4258 specie,

2074 4290 2180 4329 nec
2211 4273 2401 4345 dignae
2457 4288 2709 4344 quarum
2756 4272 3070 4328 haberetur
3121 4272 3288 4329 ratio.
3339 4274 3486 4330 Nam
3532 4274 3704 4348 impu

2072 4364 2292 4421 dicitiaa
2344 4363 2732 4419 verisimilius
2782 4362 3231 4421 insimularetur
3283 4364 3494 4423 Peleus
3552 4382 3745 4438 quam

2070 4454 2169 4510 ille
2196 4473 2207 4510 :
2237 4454 2602 4526 direptarum
2636 4470 2771 4510 vero
2803 4470 3107 4510 sacrarum
3135 4470 3331 4511 rerum
3352 4454 3747 4528 plausibilius

2072 4545 2294 4601 crimen
2329 4543 2748 4617 appingeretur
2777 4543 3033 4612 Aristici,
3061 4545 3231 4615 cujus
3285 4550 3409 4602 erat
3458 4545 3519 4600 in
3574 4545 3741 4605 ultro

2071 4634 2243 4691 etiam
2268 4633 2483 4690 oblatis
2517 4632 2899 4705 repudiandis
2929 4634 3103 4690 donis
3139 4634 3497 4691 abstinentia
3552 4635 3740 4708 vulgo

1982 4713 2029 4779 D
2063 4723 2393 4780 notissima.
2420 4721 2569 4778 Male
2600 4722 2857 4795 denique
2879 4724 3732 4796 precatumAugustoVeccum

2068 4814 2170 4886 qui
2200 4811 2451 4880 dicebat,
2484 4812 2679 4867 statim
2711 4812 3022 4867 calumniis
3084 4813 3548 4870 convincebatur
3591 4814 3732 4887 ipsa

2062 4901 2318 4975 simplici
2351 4900 2688 4957 narratione
2746 4901 2905 4972 facti,
2969 4901 3125 4957 unde
3179 4902 3549 4959 occasionem
3609 4904 3731 4961 cri-

2060 4991 2325 5048 minandi
2366 4990 2592 5047 delator
2622 4995 2977 5061 sumpserat.
3003 4991 3065 5047 Id
3090 4990 3366 5048 taleftuit.
3385 4991 3730 5064 Aliquando

2058 5098 2162 5154 pro
2177 5096 2339 5137 more
2361 5096 2468 5136 suo
2484 5079 2706 5136 Veccus
2728 5079 2954 5135 adierat
2972 5079 3392 5153 imperatorem
3415 5097 3551 5138 cum
3576 5099 3730 5154 sup-

2055 5171 2205 5244 plice
2236 5169 2329 5225 cui
2353 5173 2477 5225 erat
2497 5167 2925 5241 imploraturus
2948 5170 3420 5227 misericordiam
3440 5172 3727 5244 Augusti.

2054 5263 2220 5334 Saepe
2237 5262 2297 5316 in
2320 5263 2700 5331 conspectum
2728 5259 3015 5331 producto
3037 5257 3220 5326 illius,
3243 5260 3465 5317 frustra
3481 5276 3730 5334 semper

2049 5353 2101 5409 ei
2136 5350 2456 5424 propitiare
2486 5347 2812 5420 principem
2846 5349 3095 5419 studuit,
3127 5349 3302 5405 toties
3334 5349 3408 5405 ab
3457 5366 3524 5406 eo
3578 5368 3723 5408 cum

2052 5439 2357 5499 stomacho
2381 5438 2617 5509 rejectis
2644 5454 2774 5511 quae
2797 5455 2900 5510 pro
2933 5442 3207 5511 suscepto
3229 5438 3538 5513 allegabat.
3573 5442 3730 5502 Tres

2047 5529 2431 5604 igiturlongo
2453 5531 2716 5599 tempore
2757 5546 2895 5584 suas
2943 5528 3198 5601 quisque
3256 5534 3420 5601 parte
3469 5535 3723 5590 strenue

2045 5638 2216 5696 agere
2234 5634 2610 5693 perseveraru
2621 5622 2847 5687 nt,reus
2860 5619 3115 5675 demisse
3128 5637 3192 5676 su
3204 5619 3720 5694 pplicandi,patri‘-

2043 5712 2225 5769 archa
2263 5709 2675 5783 patrocinandi
2707 5710 2982 5766 ardenter
2998 5710 3285 5784 urgendo,
3312 5711 3575 5784 denique
3595 5713 3721 5770 im-

280 5825 388 5883 per
412 5822 595 5862 ausus
612 5803 884 5875 inipsum
901 5817 1071 5875 agere
1083 5817 1152 5858 ac
1167 5817 1362 5857 coram
1378 5800 1537 5872 loqui
1559 5802 1741 5857 libere
1752 5804 1927 5872 atque
2039 5806 2295 5877 perator,
2317 5799 2792 5871 procrastinandi
2826 5817 2892 5857 ac
2915 5800 3251 5858 differendae
3277 5789 3406 5859 sine
3424 5801 3550 5860 ﬁne
3569 5819 3720 5877 gra-
