  <div class='ocr_page' id='page_1' title='image "/cluster/home/n/w/nwhite01/storage/ocr_20150623/143:no.1/coo.31924054870484/462.png"; bbox 0 0 4080 6404; ppageno 0'>
   <div class='ocr_carea' id='block_1_1' title="bbox 294 473 404 528">
    <p class='ocr_par' dir='ltr' id='par_1_1' title="bbox 294 473 404 528">
     <span class='ocr_line' id='line_1_1' title="bbox 294 473 404 528; baseline -0.009 0"><span class='ocrx_word' id='word_1_1' title='bbox 294 473 404 528; x_wconf 87' lang='lat'><strong>909</strong></span> 
     </span>
    </p>
   </div>
   <div class='ocr_carea' id='block_1_2' title="bbox 1357 472 2660 532">
    <p class='ocr_par' dir='ltr' id='par_1_2' title="bbox 1357 472 2660 532">
     <span class='ocr_line' id='line_1_2' title="bbox 1357 472 2660 532; baseline -0.004 -1"><span class='ocrx_word' id='word_1_2' title='bbox 1357 478 1455 531; x_wconf 78' lang='lat' dir='ltr'><strong>DE</strong></span> <span class='ocrx_word' id='word_1_3' title='bbox 1493 476 1866 532; x_wconf 77' lang='lat' dir='ltr'><strong>MICHAELE</strong></span> <span class='ocrx_word' id='word_1_4' title='bbox 1903 472 2351 528; x_wconf 70' lang='lat' dir='ltr'><strong>PALEOLOGO</strong></span> <span class='ocrx_word' id='word_1_5' title='bbox 2385 473 2521 526; x_wconf 89' lang='lat' dir='ltr'><strong>LIB.</strong></span> <span class='ocrx_word' id='word_1_6' title='bbox 2561 473 2660 526; x_wconf 82' lang='lat' dir='ltr'><strong>V1.</strong></span> 
     </span>
    </p>
   </div>
   <div class='ocr_carea' id='block_1_3' title="bbox 3613 478 3719 534">
    <p class='ocr_par' dir='ltr' id='par_1_3' title="bbox 3613 478 3719 534">
     <span class='ocr_line' id='line_1_3' title="bbox 3613 478 3719 534; baseline 0.019 -2"><span class='ocrx_word' id='word_1_7' title='bbox 3613 478 3719 534; x_wconf 88' lang='grc'><strong>910</strong></span> 
     </span>
    </p>
   </div>
   <div class='ocr_carea' id='block_1_4' title="bbox 295 593 3718 676">
    <p class='ocr_par' dir='ltr' id='par_1_4' title="bbox 295 593 3718 676">
     <span class='ocr_line' id='line_1_4' title="bbox 295 593 3718 676; baseline 0.001 -23"><span class='ocrx_word' id='word_1_8' title='bbox 295 594 522 654; x_wconf 80' lang='grc' dir='ltr'>ϐάλλων</span> <span class='ocrx_word' id='word_1_9' title='bbox 582 598 682 654; x_wconf 82' lang='grc' dir='ltr'><strong>οὐκ</strong></span> <span class='ocrx_word' id='word_1_10' title='bbox 733 597 896 668; x_wconf 71' lang='grc' dir='ltr'>ἥνυτε</span> <span class='ocrx_word' id='word_1_11' title='bbox 949 599 1011 653; x_wconf 83' lang='grc' dir='ltr'>τὸ</span> <span class='ocrx_word' id='word_1_12' title='bbox 1067 600 1344 674; x_wconf 86' lang='grc' dir='ltr'>παράπαν.</span> <span class='ocrx_word' id='word_1_13' title='bbox 1405 603 1587 674; x_wconf 79' lang='grc' dir='ltr'>Τριῶν</span> <span class='ocrx_word' id='word_1_14' title='bbox 1646 599 1736 654; x_wconf 79' lang='grc' dir='ltr'><strong>οὗν</strong></span> <span class='ocrx_word' id='word_1_15' title='bbox 1789 599 1816 652; x_wconf 98' lang='lat'><strong>6</strong></span> <span class='ocrx_word' id='word_1_16' title='bbox 1852 597 1945 671; x_wconf 75' lang='grc' dir='ltr'><strong>μὲν</strong></span> <span class='ocrx_word' id='word_1_17' title='bbox 1977 595 2188 666; x_wconf 79' lang='grc' dir='ltr'>Ατοὺς</span> <span class='ocrx_word' id='word_1_18' title='bbox 2231 595 2563 660; x_wconf 80' lang='grc' dir='ltr'>ἐπισκόπους</span> <span class='ocrx_word' id='word_1_19' title='bbox 2605 593 2871 670; x_wconf 84' lang='grc' dir='ltr'>γίνεσθαι,</span> <span class='ocrx_word' id='word_1_20' title='bbox 2926 598 3000 650; x_wconf 83' lang='grc' dir='ltr'><strong>ὧν</strong></span> <span class='ocrx_word' id='word_1_21' title='bbox 3035 594 3213 668; x_wconf 78' lang='grc' dir='ltr'>δήπου</span> <span class='ocrx_word' id='word_1_22' title='bbox 3271 600 3361 653; x_wconf 83' lang='grc' dir='ltr'><strong>καὶ</strong></span> <span class='ocrx_word' id='word_1_23' title='bbox 3409 601 3465 654; x_wconf 79' lang='grc' dir='ltr'>αἱ</span> <span class='ocrx_word' id='word_1_24' title='bbox 3515 600 3718 676; x_wconf 80' lang='grc' dir='ltr'>ὲνορίαι</span> 
     </span>
    </p>
   </div>
   <div class='ocr_carea' id='block_1_5' title="bbox 293 682 1949 765">
    <p class='ocr_par' dir='ltr' id='par_1_5' title="bbox 293 682 1949 765">
     <span class='ocr_line' id='line_1_5' title="bbox 293 682 1949 765; baseline -0.002 -20"><span class='ocrx_word' id='word_1_25' title='bbox 293 690 381 762; x_wconf 87' lang='grc' dir='ltr'><strong>[Ρ.</strong></span> <span class='ocrx_word' id='word_1_26' title='bbox 431 689 558 761; x_wconf 83' lang='grc'><strong>308]</strong></span> <span class='ocrx_word' id='word_1_27' title='bbox 605 682 784 742; x_wconf 75' lang='grc' dir='ltr'>ἐδέετο</span> <span class='ocrx_word' id='word_1_28' title='bbox 836 688 1246 765; x_wconf 84' lang='grc' dir='ltr'>συνεχέστερον,</span> <span class='ocrx_word' id='word_1_29' title='bbox 1290 690 1318 743; x_wconf 89' lang='grc' dir='ltr'>ὁ</span> <span class='ocrx_word' id='word_1_30' title='bbox 1353 687 1409 744; x_wconf 73' lang='grc' dir='ltr'>δὲ</span> <span class='ocrx_word' id='word_1_31' title='bbox 1441 687 1758 764; x_wconf 81' lang='grc' dir='ltr'>προσέκειτο</span> <span class='ocrx_word' id='word_1_32' title='bbox 1818 708 1949 761; x_wconf 87' lang='grc' dir='ltr'>καρ-</span> 
     </span>
    </p>
   </div>
   <div class='ocr_carea' id='block_1_6' title="bbox 292 775 1951 854">
    <p class='ocr_par' dir='ltr' id='par_1_6' title="bbox 292 775 1951 854">
     <span class='ocr_line' id='line_1_6' title="bbox 292 775 1951 854; baseline 0 -24"><span class='ocrx_word' id='word_1_33' title='bbox 292 777 617 852; x_wconf 81' lang='grc' dir='ltr'>τερώτερον,</span> <span class='ocrx_word' id='word_1_34' title='bbox 656 776 910 852; x_wconf 76' lang='grc' dir='ltr'>βασιλεὺς</span> <span class='ocrx_word' id='word_1_35' title='bbox 953 775 1010 833; x_wconf 75' lang='grc' dir='ltr'>δὲ</span> <span class='ocrx_word' id='word_1_36' title='bbox 1036 779 1220 854; x_wconf 81' lang='grc' dir='ltr'><strong>τρίτος</strong></span> <span class='ocrx_word' id='word_1_37' title='bbox 1255 777 1592 854; x_wconf 82' lang='grc' dir='ltr'>ὑπερετίθετό</span> <span class='ocrx_word' id='word_1_38' title='bbox 1622 799 1680 833; x_wconf 90' lang='grc' dir='ltr'><strong>τε</strong></span> <span class='ocrx_word' id='word_1_39' title='bbox 1709 777 1798 833; x_wconf 86' lang='grc' dir='ltr'><strong>καὶ</strong></span> <span class='ocrx_word' id='word_1_40' title='bbox 1832 779 1951 831; x_wconf 89' lang='grc' dir='ltr'>ἀνε-</span> 
     </span>
    </p>
   </div>
   <div class='ocr_carea' id='block_1_7' title="bbox 299 861 1948 946">
    <p class='ocr_par' dir='ltr' id='par_1_7' title="bbox 299 861 1948 946">
     <span class='ocr_line' id='line_1_7' title="bbox 299 861 1948 946; baseline 0.001 -26"><span class='ocrx_word' id='word_1_41' title='bbox 299 861 558 922; x_wconf 75' lang='grc' dir='ltr'>ϐάλλετο.</span> <span class='ocrx_word' id='word_1_42' title='bbox 619 867 721 922; x_wconf 72' lang='grc' dir='ltr'>Καὶ</span> <span class='ocrx_word' id='word_1_43' title='bbox 760 867 788 921; x_wconf 85' lang='grc' dir='ltr'><strong>ὁ</strong></span> <span class='ocrx_word' id='word_1_44' title='bbox 823 868 916 940; x_wconf 79' lang='grc' dir='ltr'><strong>μὲν</strong></span> <span class='ocrx_word' id='word_1_45' title='bbox 981 865 1155 922; x_wconf 83' lang='grc' dir='ltr'>ἐδέετο</span> <span class='ocrx_word' id='word_1_46' title='bbox 1213 870 1638 946; x_wconf 73' lang='grc' dir='ltr'>προσαναφέρειν</span> <span class='ocrx_word' id='word_1_47' title='bbox 1689 869 1778 922; x_wconf 85' lang='grc' dir='ltr'><strong>καὶ</strong></span> <span class='ocrx_word' id='word_1_48' title='bbox 1836 867 1948 921; x_wconf 85' lang='grc' dir='ltr'>πά·-</span> 
     </span>
    </p>
   </div>
   <div class='ocr_carea' id='block_1_8' title="bbox 298 953 1950 1033">
    <p class='ocr_par' dir='ltr' id='par_1_8' title="bbox 298 953 1950 1033">
     <span class='ocr_line' id='line_1_8' title="bbox 298 953 1950 1033; baseline -0.001 -23"><span class='ocrx_word' id='word_1_49' title='bbox 298 955 410 1027; x_wconf 90' lang='grc' dir='ltr'>λιν,</span> <span class='ocrx_word' id='word_1_50' title='bbox 463 957 490 1011; x_wconf 94' lang='lat'><strong>6</strong></span> <span class='ocrx_word' id='word_1_51' title='bbox 541 953 597 1011; x_wconf 74' lang='grc' dir='ltr'>δὲ</span> <span class='ocrx_word' id='word_1_52' title='bbox 653 958 816 1032; x_wconf 85' lang='grc' dir='ltr'>πείρᾳ</span> <span class='ocrx_word' id='word_1_53' title='bbox 878 957 1043 1030; x_wconf 70' lang='grc' dir='ltr'>γνοὺς</span> <span class='ocrx_word' id='word_1_54' title='bbox 1103 959 1201 1013; x_wconf 74' lang='grc' dir='ltr'><strong>οὐκ</strong></span> <span class='ocrx_word' id='word_1_55' title='bbox 1249 958 1458 1012; x_wconf 72' lang='grc' dir='ltr'>ἀνύσων</span> <span class='ocrx_word' id='word_1_56' title='bbox 1508 955 1651 1030; x_wconf 72' lang='grc' dir='ltr'>(ἤδει</span> <span class='ocrx_word' id='word_1_57' title='bbox 1709 957 1813 1033; x_wconf 75' lang='grc' dir='ltr'>γὰρ</span> <span class='ocrx_word' id='word_1_58' title='bbox 1861 955 1950 1011; x_wconf 79' lang='grc' dir='ltr'><strong>καὶ</strong></span> 
     </span>
    </p>
   </div>
   <div class='ocr_carea' id='block_1_9' title="bbox 297 1045 1946 1122">
    <p class='ocr_par' dir='ltr' id='par_1_9' title="bbox 297 1045 1946 1122">
     <span class='ocr_line' id='line_1_9' title="bbox 297 1045 1946 1122; baseline -0.001 -22"><span class='ocrx_word' id='word_1_59' title='bbox 297 1045 669 1122; x_wconf 83' lang='grc' dir='ltr'>παροργίσων,</span> <span class='ocrx_word' id='word_1_60' title='bbox 729 1045 779 1100; x_wconf 80' lang='grc' dir='ltr'><strong>εἷ’</strong></span> <span class='ocrx_word' id='word_1_61' title='bbox 837 1047 988 1108; x_wconf 74' lang='grc' dir='ltr'>αὖθις</span> <span class='ocrx_word' id='word_1_62' title='bbox 1044 1045 1242 1122; x_wconf 83' lang='grc' dir='ltr'>λέγοι),</span> <span class='ocrx_word' id='word_1_63' title='bbox 1302 1047 1364 1102; x_wconf 85' lang='grc' dir='ltr'>τὸ</span> <span class='ocrx_word' id='word_1_64' title='bbox 1417 1048 1538 1101; x_wconf 82' lang='grc' dir='ltr'>καθ’</span> <span class='ocrx_word' id='word_1_65' title='bbox 1588 1047 1775 1102; x_wconf 68' lang='grc' dir='ltr'>ἑαυτὸν</span> <span class='ocrx_word' id='word_1_66' title='bbox 1834 1048 1946 1100; x_wconf 81' lang='grc' dir='ltr'>οἷον</span> 
     </span>
    </p>
   </div>
   <div class='ocr_carea' id='block_1_10' title="bbox 294 1134 1950 1212">
    <p class='ocr_par' dir='ltr' id='par_1_10' title="bbox 294 1134 1950 1212">
     <span class='ocr_line' id='line_1_10' title="bbox 294 1134 1950 1212; baseline 0 -23"><span class='ocrx_word' id='word_1_67' title='bbox 294 1137 435 1210; x_wconf 81' lang='grc' dir='ltr'>πρὸς</span> <span class='ocrx_word' id='word_1_68' title='bbox 494 1137 582 1190; x_wconf 80' lang='grc' dir='ltr'>τὸν</span> <span class='ocrx_word' id='word_1_69' title='bbox 638 1136 825 1206; x_wconf 77' lang='grc' dir='ltr'>ἱκέτην</span> <span class='ocrx_word' id='word_1_70' title='bbox 887 1134 1340 1212; x_wconf 79' lang='grc' dir='ltr'>ἀπολογούμενος</span> <span class='ocrx_word' id='word_1_71' title='bbox 1401 1138 1476 1199; x_wconf 86' lang='grc' dir='ltr'><strong>ὡς</strong></span> <span class='ocrx_word' id='word_1_72' title='bbox 1520 1135 1581 1191; x_wconf 77' lang='grc' dir='ltr'><strong>οὐ</strong></span> <span class='ocrx_word' id='word_1_73' title='bbox 1613 1135 1950 1212; x_wconf 70' lang='grc' dir='ltr'>καταρρᾳθυ-</span> 
     </span>
    </p>
   </div>
   <div class='ocr_carea' id='block_1_11' title="bbox 303 1223 1946 1301">
    <p class='ocr_par' dir='ltr' id='par_1_11' title="bbox 303 1223 1946 1301">
     <span class='ocr_line' id='line_1_11' title="bbox 303 1223 1946 1301; baseline 0 -23"><span class='ocrx_word' id='word_1_74' title='bbox 303 1227 481 1298; x_wconf 72' lang='grc' dir='ltr'>μήσας</span> <span class='ocrx_word' id='word_1_75' title='bbox 526 1229 605 1298; x_wconf 79' lang='grc' dir='ltr'>τῷ</span> <span class='ocrx_word' id='word_1_76' title='bbox 641 1223 861 1300; x_wconf 85' lang='grc' dir='ltr'>βασιλεῖ</span> <span class='ocrx_word' id='word_1_77' title='bbox 909 1225 1208 1301; x_wconf 81' lang='grc' dir='ltr'>προτείνειν</span> <span class='ocrx_word' id='word_1_78' title='bbox 1238 1225 1305 1281; x_wconf 79' lang='grc' dir='ltr'><strong>τὰ</strong></span> <span class='ocrx_word' id='word_1_79' title='bbox 1335 1226 1531 1281; x_wconf 76' lang='grc' dir='ltr'>τούτου</span> <span class='ocrx_word' id='word_1_80' title='bbox 1582 1223 1787 1297; x_wconf 87' lang='grc' dir='ltr'>δίκαια,</span> <span class='ocrx_word' id='word_1_81' title='bbox 1821 1227 1946 1281; x_wconf 85' lang='grc' dir='ltr'>Θεὸν</span> 
     </span>
    </p>
   </div>
   <div class='ocr_carea' id='block_1_12' title="bbox 299 1313 1951 1392">
    <p class='ocr_par' dir='ltr' id='par_1_12' title="bbox 299 1313 1951 1392">
     <span class='ocr_line' id='line_1_12' title="bbox 299 1313 1951 1392; baseline -0.001 -22"><span class='ocrx_word' id='word_1_82' title='bbox 299 1321 601 1391; x_wconf 78' lang='grc' dir='ltr'>παρεισῆγε</span> <span class='ocrx_word' id='word_1_83' title='bbox 620 1321 721 1384; x_wconf 76' lang='grc' dir='ltr'><strong>τῆς</strong></span> <span class='ocrx_word' id='word_1_84' title='bbox 777 1313 1021 1384; x_wconf 81' lang='grc' dir='ltr'>σπουδῆς</span> <span class='ocrx_word' id='word_1_85' title='bbox 1081 1317 1330 1392; x_wconf 86' lang='grc' dir='ltr'>μάρτυρα</span> <span class='ocrx_word' id='word_1_86' title='bbox 1357 1316 1471 1383; x_wconf 83' lang='grc' dir='ltr'>καὶ,</span> <span class='ocrx_word' id='word_1_87' title='bbox 1506 1339 1535 1368; x_wconf 90' lang='grc'><strong>‹‹</strong></span> <span class='ocrx_word' id='word_1_88' title='bbox 1568 1316 1700 1377; x_wconf 87' lang='grc' dir='ltr'><strong>Θεὸς</strong></span> <span class='ocrx_word' id='word_1_89' title='bbox 1759 1317 1858 1392; x_wconf 80' lang='grc' dir='ltr'>ὁρᾷ</span> <span class='ocrx_word' id='word_1_90' title='bbox 1887 1315 1951 1369; x_wconf 76' lang='grc' dir='ltr'><strong>τὰ</strong></span> 
     </span>
    </p>
   </div>
   <div class='ocr_carea' id='block_1_13' title="bbox 296 1401 1952 1480">
    <p class='ocr_par' dir='ltr' id='par_1_13' title="bbox 296 1401 1952 1480">
     <span class='ocr_line' id='line_1_13' title="bbox 296 1401 1952 1480; baseline -0.002 -19"><span class='ocrx_word' id='word_1_91' title='bbox 296 1406 420 1479; x_wconf 86' lang='grc' dir='ltr'><strong>περὶ</strong></span> <span class='ocrx_word' id='word_1_92' title='bbox 445 1406 518 1460; x_wconf 84' lang='grc' dir='ltr'>ὧν</span> <span class='ocrx_word' id='word_1_93' title='bbox 552 1403 872 1480; x_wconf 64' lang='grc' dir='ltr'>προϐάλλῃ,</span> <span class='ocrx_word' id='word_1_94' title='bbox 913 1431 932 1456; x_wconf 75' lang='grc' dir='ltr'><strong>υ</strong></span> <span class='ocrx_word' id='word_1_95' title='bbox 970 1401 1176 1480; x_wconf 79' lang='grc' dir='ltr'>ἔλεγεν.</span> <span class='ocrx_word' id='word_1_96' title='bbox 1209 1406 1270 1462; x_wconf 91' lang='grc' dir='ltr'>Ὁ</span> <span class='ocrx_word' id='word_1_97' title='bbox 1314 1403 1361 1460; x_wconf 86' lang='grc' dir='ltr'>δ’</span> <span class='ocrx_word' id='word_1_98' title='bbox 1391 1403 1563 1460; x_wconf 79' lang='grc' dir='ltr'><strong>ἐκεῖσε</strong></span> <span class='ocrx_word' id='word_1_99' title='bbox 1613 1406 1801 1480; x_wconf 86' lang='grc' dir='ltr'>παρὼν</span> <span class='ocrx_word' id='word_1_100' title='bbox 1858 1426 1952 1458; x_wconf 91' lang='grc' dir='ltr'>συ-</span> 
     </span>
    </p>
   </div>
   <div class='ocr_carea' id='block_1_14' title="bbox 297 1491 1948 1570">
    <p class='ocr_par' dir='ltr' id='par_1_14' title="bbox 297 1491 1948 1570">
     <span class='ocr_line' id='line_1_14' title="bbox 297 1491 1948 1570; baseline -0.002 -20"><span class='ocrx_word' id='word_1_101' title='bbox 297 1496 642 1570; x_wconf 69' lang='grc' dir='ltr'>κοφαντήσας</span> <span class='ocrx_word' id='word_1_102' title='bbox 695 1493 788 1548; x_wconf 86' lang='grc' dir='ltr'><strong>τὸν</strong></span> <span class='ocrx_word' id='word_1_103' title='bbox 843 1492 1006 1570; x_wconf 88' lang='grc' dir='ltr'>λόγον</span> <span class='ocrx_word' id='word_1_104' title='bbox 1068 1492 1409 1567; x_wconf 76' lang='grc' dir='ltr'>συμπλάττει</span> <span class='ocrx_word' id='word_1_105' title='bbox 1467 1495 1528 1549; x_wconf 89' lang='grc' dir='ltr'>τὸ</span> <span class='ocrx_word' id='word_1_106' title='bbox 1586 1491 1815 1568; x_wconf 75' lang='grc' dir='ltr'>ψεῦδος,</span> <span class='ocrx_word' id='word_1_107' title='bbox 1875 1495 1948 1556; x_wconf 84' lang='grc' dir='ltr'>ὡς</span> 
     </span>
    </p>
   </div>
   <div class='ocr_carea' id='block_1_15' title="bbox 299 1582 1954 1658">
    <p class='ocr_par' dir='ltr' id='par_1_15' title="bbox 299 1582 1954 1658">
     <span class='ocr_line' id='line_1_15' title="bbox 299 1582 1954 1658; baseline -0.002 -19"><span class='ocrx_word' id='word_1_108' title='bbox 299 1585 426 1640; x_wconf 85' lang='grc' dir='ltr'><strong>Θεὸν</strong></span> <span class='ocrx_word' id='word_1_109' title='bbox 461 1583 621 1653; x_wconf 76' lang='grc' dir='ltr'>δῆθεν</span> <span class='ocrx_word' id='word_1_110' title='bbox 661 1584 799 1638; x_wconf 80' lang='grc' dir='ltr'>κατὰ</span> <span class='ocrx_word' id='word_1_111' title='bbox 847 1582 1116 1658; x_wconf 84' lang='grc' dir='ltr'>βασιλέως</span> <span class='ocrx_word' id='word_1_112' title='bbox 1168 1583 1577 1657; x_wconf 77' lang='grc' dir='ltr'>ἐκλαλουμένου</span> <span class='ocrx_word' id='word_1_113' title='bbox 1621 1587 1717 1638; x_wconf 73' lang='grc' dir='ltr'><strong>τοῦ</strong></span> <span class='ocrx_word' id='word_1_114' title='bbox 1765 1585 1954 1657; x_wconf 78' lang='grc' dir='ltr'>ἱερέως</span> 
     </span>
    </p>
   </div>
   <div class='ocr_carea' id='block_1_16' title="bbox 300 1671 1954 1748">
    <p class='ocr_par' dir='ltr' id='par_1_16' title="bbox 300 1671 1954 1748">
     <span class='ocr_line' id='line_1_16' title="bbox 300 1671 1954 1748; baseline -0.001 -20"><span class='ocrx_word' id='word_1_115' title='bbox 300 1673 376 1736; x_wconf 76' lang='grc' dir='ltr'>εἷς</span> <span class='ocrx_word' id='word_1_116' title='bbox 401 1675 500 1743; x_wconf 80' lang='grc' dir='ltr'><strong>τήν</strong></span> <span class='ocrx_word' id='word_1_117' title='bbox 532 1678 640 1729; x_wconf 85' lang='grc' dir='ltr'><strong>τῶν</strong></span> <span class='ocrx_word' id='word_1_118' title='bbox 687 1671 1060 1747; x_wconf 69' lang='grc' dir='ltr'>ἀδικουμένων</span> <span class='ocrx_word' id='word_1_119' title='bbox 1112 1671 1411 1744; x_wconf 80' lang='grc' dir='ltr'>ἐκδίκησιν.</span> <span class='ocrx_word' id='word_1_120' title='bbox 1461 1673 1684 1736; x_wconf 68' lang='grc' dir='ltr'>Τούτοις</span> <span class='ocrx_word' id='word_1_121' title='bbox 1741 1672 1954 1748; x_wconf 85' lang='grc' dir='ltr'>ὡσπερ-</span> 
     </span>
    </p>
   </div>
   <div class='ocr_carea' id='block_1_17' title="bbox 301 1762 1950 1838">
    <p class='ocr_par' dir='ltr' id='par_1_17' title="bbox 301 1762 1950 1838">
     <span class='ocr_line' id='line_1_17' title="bbox 301 1762 1950 1838; baseline -0.001 -20"><span class='ocrx_word' id='word_1_122' title='bbox 301 1763 348 1818; x_wconf 91' lang='grc' dir='ltr'><strong>εί</strong></span> <span class='ocrx_word' id='word_1_123' title='bbox 375 1786 512 1818; x_wconf 86' lang='grc' dir='ltr'>τισιν</span> <span class='ocrx_word' id='word_1_124' title='bbox 575 1763 829 1838; x_wconf 80' lang='grc' dir='ltr'>ἶσχυροὶς</span> <span class='ocrx_word' id='word_1_125' title='bbox 889 1765 1264 1826; x_wconf 84' lang='grc' dir='ltr'>κατασείσταις</span> <span class='ocrx_word' id='word_1_126' title='bbox 1325 1762 1610 1838; x_wconf 82' lang='grc' dir='ltr'>ὑποχαλᾷν</span> <span class='ocrx_word' id='word_1_127' title='bbox 1665 1764 1755 1818; x_wconf 89' lang='grc' dir='ltr'>τὸν</span> <span class='ocrx_word' id='word_1_128' title='bbox 1815 1765 1950 1836; x_wconf 81' lang='grc' dir='ltr'>πύρ-</span> 
     </span>
    </p>
   </div>
   <div class='ocr_carea' id='block_1_18' title="bbox 297 1851 1953 1931">
    <p class='ocr_par' dir='ltr' id='par_1_18' title="bbox 297 1851 1953 1931">
     <span class='ocr_line' id='line_1_18' title="bbox 297 1851 1953 1931; baseline -0.001 -23"><span class='ocrx_word' id='word_1_129' title='bbox 297 1875 396 1931; x_wconf 87' lang='grc' dir='ltr'>γον</span> <span class='ocrx_word' id='word_1_130' title='bbox 427 1861 526 1923; x_wconf 83' lang='grc' dir='ltr'><strong>τῆς</strong></span> <span class='ocrx_word' id='word_1_131' title='bbox 579 1851 788 1908; x_wconf 83' lang='grc' dir='ltr'>ἐκείνου</span> <span class='ocrx_word' id='word_1_132' title='bbox 854 1856 1040 1927; x_wconf 77' lang='grc' dir='ltr'>ψυχῆς</span> <span class='ocrx_word' id='word_1_133' title='bbox 1100 1853 1296 1925; x_wconf 83' lang='grc' dir='ltr'>ᾣοντο.</span> <span class='ocrx_word' id='word_1_134' title='bbox 1355 1855 1458 1909; x_wconf 89' lang='grc' dir='ltr'>Ἦν</span> <span class='ocrx_word' id='word_1_135' title='bbox 1510 1851 1556 1907; x_wconf 82' lang='grc' dir='ltr'>δ’</span> <span class='ocrx_word' id='word_1_136' title='bbox 1598 1853 1743 1914; x_wconf 73' lang='grc' dir='ltr'>ὀτάς</span> <span class='ocrx_word' id='word_1_137' title='bbox 1779 1853 1953 1928; x_wconf 74' lang='grc' dir='ltr'>ὁρμὰς</span> 
     </span>
    </p>
   </div>
   <div class='ocr_carea' id='block_1_19' title="bbox 2062 682 3718 762">
    <p class='ocr_par' dir='ltr' id='par_1_19' title="bbox 2062 682 3718 762">
     <span class='ocr_line' id='line_1_19' title="bbox 2062 682 3718 762; baseline 0.004 -23"><span class='ocrx_word' id='word_1_138' title='bbox 2062 685 2186 740; x_wconf 81' lang='grc' dir='ltr'>εἰσί.</span> <span class='ocrx_word' id='word_1_139' title='bbox 2219 686 2377 739; x_wconf 79' lang='grc' dir='ltr'>Ταῦτ’</span> <span class='ocrx_word' id='word_1_140' title='bbox 2407 682 2631 740; x_wconf 76' lang='grc' dir='ltr'>ἔσπευδε</span> <span class='ocrx_word' id='word_1_141' title='bbox 2685 684 2776 739; x_wconf 84' lang='grc' dir='ltr'><strong>καὶ</strong></span> <span class='ocrx_word' id='word_1_142' title='bbox 2833 689 3120 762; x_wconf 86' lang='grc' dir='ltr'>κατώρθου</span> <span class='ocrx_word' id='word_1_143' title='bbox 3161 687 3264 742; x_wconf 84' lang='grc' dir='ltr'><strong>οὐκ</strong></span> <span class='ocrx_word' id='word_1_144' title='bbox 3305 684 3463 761; x_wconf 74' lang='grc' dir='ltr'>ἄλλῳ</span> <span class='ocrx_word' id='word_1_145' title='bbox 3494 693 3573 761; x_wconf 82' lang='grc' dir='ltr'><strong>τῷ</strong></span> <span class='ocrx_word' id='word_1_146' title='bbox 3599 712 3718 762; x_wconf 83' lang='grc' dir='ltr'><strong>μη-</strong></span> 
     </span>
    </p>
   </div>
   <div class='ocr_carea' id='block_1_20' title="bbox 2060 771 3716 852">
    <p class='ocr_par' dir='ltr' id='par_1_20' title="bbox 2060 771 3716 852">
     <span class='ocr_line' id='line_1_20' title="bbox 2060 771 3716 852; baseline 0.003 -24"><span class='ocrx_word' id='word_1_147' title='bbox 2060 777 2343 850; x_wconf 81' lang='grc' dir='ltr'>χανήματι</span> <span class='ocrx_word' id='word_1_148' title='bbox 2388 773 2424 843; x_wconf 75' lang='grc' dir='ltr'><strong>ἢ</strong></span> <span class='ocrx_word' id='word_1_149' title='bbox 2481 779 2561 846; x_wconf 79' lang='grc' dir='ltr'>τῷ</span> <span class='ocrx_word' id='word_1_150' title='bbox 2621 771 2824 844; x_wconf 74' lang='grc' dir='ltr'>διιστᾷν</span> <span class='ocrx_word' id='word_1_151' title='bbox 2891 774 3163 850; x_wconf 86' lang='grc' dir='ltr'>βασιλέως</span> <span class='ocrx_word' id='word_1_152' title='bbox 3202 777 3291 831; x_wconf 88' lang='grc' dir='ltr'>τὸν</span> <span class='ocrx_word' id='word_1_153' title='bbox 3348 777 3515 852; x_wconf 73' lang='grc' dir='ltr'>ἱερέα.</span> <span class='ocrx_word' id='word_1_154' title='bbox 3575 779 3604 833; x_wconf 80' lang='grc' dir='ltr'>ὃ</span> <span class='ocrx_word' id='word_1_155' title='bbox 3649 777 3716 849; x_wconf 80' lang='grc' dir='ltr'>δὴ</span> 
     </span>
    </p>
   </div>
   <div class='ocr_carea' id='block_1_21' title="bbox 2060 861 3720 946">
    <p class='ocr_par' dir='ltr' id='par_1_21' title="bbox 2060 861 3720 946">
     <span class='ocr_line' id='line_1_21' title="bbox 2060 861 3720 946; baseline 0.002 -27"><span class='ocrx_word' id='word_1_156' title='bbox 2060 865 2148 919; x_wconf 84' lang='grc' dir='ltr'>καὶ</span> <span class='ocrx_word' id='word_1_157' title='bbox 2199 862 2369 918; x_wconf 78' lang='grc' dir='ltr'>ἐποίει</span> <span class='ocrx_word' id='word_1_158' title='bbox 2426 862 2555 925; x_wconf 70' lang='grc' dir='ltr'>τοὺς</span> <span class='ocrx_word' id='word_1_159' title='bbox 2623 868 3067 938; x_wconf 82' lang='grc' dir='ltr'>κατηγοροῦντας</span> <span class='ocrx_word' id='word_1_160' title='bbox 3125 861 3430 939; x_wconf 79' lang='grc' dir='ltr'>δεχόμενος</span> <span class='ocrx_word' id='word_1_161' title='bbox 3509 868 3601 923; x_wconf 87' lang='grc' dir='ltr'><strong>καί</strong></span> <span class='ocrx_word' id='word_1_162' title='bbox 3658 890 3720 946; x_wconf 83' lang='grc' dir='ltr'>γε</span> 
     </span>
    </p>
   </div>
   <div class='ocr_carea' id='block_1_22' title="bbox 2059 950 2927 1016">
    <p class='ocr_par' dir='ltr' id='par_1_22' title="bbox 2059 950 2927 1016">
     <span class='ocr_line' id='line_1_22' title="bbox 2059 950 2927 1016; baseline 0.002 -8"><span class='ocrx_word' id='word_1_163' title='bbox 2059 955 2194 1008; x_wconf 88' lang='grc' dir='ltr'><strong>κατά</strong></span> <span class='ocrx_word' id='word_1_164' title='bbox 2221 954 2283 1007; x_wconf 82' lang='grc' dir='ltr'>τὸ</span> <span class='ocrx_word' id='word_1_165' title='bbox 2316 950 2540 1008; x_wconf 85' lang='grc' dir='ltr'>δυνατὸν</span> <span class='ocrx_word' id='word_1_166' title='bbox 2571 951 2927 1016; x_wconf 84' lang='grc' dir='ltr'>ὑποθάλπων.</span> 
     </span>
    </p>
   </div>
   <div class='ocr_carea' id='block_1_23' title="bbox 2065 1110 3720 1191">
    <p class='ocr_par' dir='ltr' id='par_1_23' title="bbox 2065 1110 3720 1191">
     <span class='ocr_line' id='line_1_23' title="bbox 2065 1110 3720 1191; baseline 0.002 -22"><span class='ocrx_word' id='word_1_167' title='bbox 2065 1117 2150 1173; x_wconf 87' lang='grc' dir='ltr'>ια’.</span> <span class='ocrx_word' id='word_1_168' title='bbox 2234 1116 2422 1176; x_wconf 86' lang='grc' dir='ltr'>Ὃπως</span> <span class='ocrx_word' id='word_1_169' title='bbox 2512 1113 2770 1189; x_wconf 83' lang='grc' dir='ltr'>βασιλικῆ</span> <span class='ocrx_word' id='word_1_170' title='bbox 2847 1113 3010 1191; x_wconf 83' lang='grc' dir='ltr'>νεαρᾷ</span> <span class='ocrx_word' id='word_1_171' title='bbox 3096 1110 3376 1191; x_wconf 78' lang='grc' dir='ltr'>προϐαίνει</span> <span class='ocrx_word' id='word_1_172' title='bbox 3431 1115 3519 1172; x_wconf 83' lang='grc' dir='ltr'><strong>ἐπὶ</strong></span> <span class='ocrx_word' id='word_1_173' title='bbox 3603 1123 3720 1181; x_wconf 79' lang='grc' dir='ltr'>τοῖς</span> 
     </span>
    </p>
   </div>
   <div class='ocr_carea' id='block_1_24' title="bbox 2666 1187 3116 1262">
    <p class='ocr_par' dir='ltr' id='par_1_24' title="bbox 2666 1187 3116 1262">
     <span class='ocr_line' id='line_1_24' title="bbox 2666 1187 3116 1262; baseline 0.002 -21"><span class='ocrx_word' id='word_1_174' title='bbox 2666 1187 3116 1262; x_wconf 65' lang='grc' dir='ltr'>σταυροπήγίοις.</span> 
     </span>
    </p>
   </div>
   <div class='ocr_carea' id='block_1_25' title="bbox 2131 1307 3721 1388">
    <p class='ocr_par' dir='ltr' id='par_1_25' title="bbox 2131 1307 3721 1388">
     <span class='ocr_line' id='line_1_25' title="bbox 2131 1307 3721 1388; baseline 0.003 -21"><span class='ocrx_word' id='word_1_175' title='bbox 2131 1316 2216 1385; x_wconf 85' lang='grc' dir='ltr'><strong>[Ρ.</strong></span> <span class='ocrx_word' id='word_1_176' title='bbox 2250 1314 2375 1383; x_wconf 86' lang='grc'><strong>309]</strong></span> <span class='ocrx_word' id='word_1_177' title='bbox 2412 1307 2695 1386; x_wconf 76' lang='grc' dir='ltr'>Προϐαίνει</span> <span class='ocrx_word' id='word_1_178' title='bbox 2737 1312 2839 1388; x_wconf 77' lang='grc' dir='ltr'>γὰρ</span> <span class='ocrx_word' id='word_1_179' title='bbox 2889 1313 3056 1384; x_wconf 78' lang='grc' dir='ltr'>νεαρὰ</span> <span class='ocrx_word' id='word_1_180' title='bbox 3105 1312 3382 1388; x_wconf 77' lang='grc' dir='ltr'>βασίλειος</span> <span class='ocrx_word' id='word_1_181' title='bbox 3431 1312 3559 1371; x_wconf 72' lang='grc' dir='ltr'>ἄλλ’</span> <span class='ocrx_word' id='word_1_182' title='bbox 3589 1316 3721 1372; x_wconf 80' lang='grc' dir='ltr'>ἄττα</span> 
     </span>
    </p>
   </div>
   <div class='ocr_carea' id='block_1_26' title="bbox 2060 1399 3718 1476">
    <p class='ocr_par' dir='ltr' id='par_1_26' title="bbox 2060 1399 3718 1476">
     <span class='ocr_line' id='line_1_26' title="bbox 2060 1399 3718 1476; baseline 0.003 -20"><span class='ocrx_word' id='word_1_183' title='bbox 2060 1400 2290 1456; x_wconf 87' lang='grc' dir='ltr'>πλεῖστα</span> <span class='ocrx_word' id='word_1_184' title='bbox 2322 1399 2676 1476; x_wconf 83' lang='grc' dir='ltr'>διοριζομένη</span> <span class='ocrx_word' id='word_1_185' title='bbox 2734 1402 2824 1456; x_wconf 80' lang='grc' dir='ltr'>καὶ</span> <span class='ocrx_word' id='word_1_186' title='bbox 2876 1403 3168 1470; x_wconf 74' lang='grc' dir='ltr'>τάττουσα,</span> <span class='ocrx_word' id='word_1_187' title='bbox 3209 1403 3300 1457; x_wconf 80' lang='grc' dir='ltr'><strong>καὶ</strong></span> <span class='ocrx_word' id='word_1_188' title='bbox 3361 1405 3423 1459; x_wconf 89' lang='grc' dir='ltr'>τὸ</span> <span class='ocrx_word' id='word_1_189' title='bbox 3453 1407 3520 1459; x_wconf 80' lang='grc' dir='ltr'>τὰ</span> <span class='ocrx_word' id='word_1_190' title='bbox 3550 1406 3718 1460; x_wconf 85' lang='grc' dir='ltr'>ὁπου-</span> 
     </span>
    </p>
   </div>
   <div class='ocr_carea' id='block_1_27' title="bbox 2061 1488 3717 1568">
    <p class='ocr_par' dir='ltr' id='par_1_27' title="bbox 2061 1488 3717 1568">
     <span class='ocr_line' id='line_1_27' title="bbox 2061 1488 3717 1568; baseline 0.004 -24"><span class='ocrx_word' id='word_1_191' title='bbox 2061 1488 2335 1560; x_wconf 79' lang='grc' dir='ltr'>δηποτοῦν</span> <span class='ocrx_word' id='word_1_192' title='bbox 2396 1491 2795 1566; x_wconf 80' lang='grc' dir='ltr'>πατριαρχικὰ,</span> <span class='ocrx_word' id='word_1_193' title='bbox 2857 1491 2956 1546; x_wconf 79' lang='grc' dir='ltr'>ὅσα</span> <span class='ocrx_word' id='word_1_194' title='bbox 3005 1491 3057 1546; x_wconf 83' lang='grc' dir='ltr'>ἐν</span> <span class='ocrx_word' id='word_1_195' title='bbox 3107 1493 3321 1568; x_wconf 85' lang='grc' dir='ltr'>χώραις</span> <span class='ocrx_word' id='word_1_196' title='bbox 3376 1494 3465 1549; x_wconf 81' lang='grc' dir='ltr'><strong>καὶ</strong></span> <span class='ocrx_word' id='word_1_197' title='bbox 3503 1501 3717 1568; x_wconf 84' lang='grc' dir='ltr'>μοναῖς,</span> 
     </span>
    </p>
   </div>
   <div class='ocr_carea' id='block_1_28' title="bbox 2065 1578 3719 1658">
    <p class='ocr_par' dir='ltr' id='par_1_28' title="bbox 2065 1578 3719 1658">
     <span class='ocr_line' id='line_1_28' title="bbox 2065 1578 3719 1658; baseline 0.002 -23"><span class='ocrx_word' id='word_1_198' title='bbox 2065 1581 2167 1636; x_wconf 79' lang='grc' dir='ltr'><strong>ὑπὸ</strong></span> <span class='ocrx_word' id='word_1_199' title='bbox 2192 1579 2320 1642; x_wconf 83' lang='grc' dir='ltr'>τοὺς</span> <span class='ocrx_word' id='word_1_200' title='bbox 2351 1578 2685 1642; x_wconf 81' lang='grc' dir='ltr'>ἐπισκόπους</span> <span class='ocrx_word' id='word_1_201' title='bbox 2719 1582 2792 1633; x_wconf 80' lang='grc' dir='ltr'>ὧν</span> <span class='ocrx_word' id='word_1_202' title='bbox 2822 1581 2877 1634; x_wconf 72' lang='grc' dir='ltr'>αἱ</span> <span class='ocrx_word' id='word_1_203' title='bbox 2927 1579 3132 1657; x_wconf 84' lang='grc' dir='ltr'>ἐνορίαι</span> <span class='ocrx_word' id='word_1_204' title='bbox 3158 1578 3359 1638; x_wconf 83' lang='grc' dir='ltr'>τελεῖν.</span> <span class='ocrx_word' id='word_1_205' title='bbox 3415 1581 3719 1658; x_wconf 83' lang='grc' dir='ltr'>Ἑγκλημα</span> 
     </span>
    </p>
   </div>
   <div class='ocr_carea' id='block_1_29' title="bbox 2060 1669 3718 1748">
    <p class='ocr_par' dir='ltr' id='par_1_29' title="bbox 2060 1669 3718 1748">
     <span class='ocr_line' id='line_1_29' title="bbox 2060 1669 3718 1748; baseline 0.003 -25"><span class='ocrx_word' id='word_1_206' title='bbox 2060 1670 2162 1745; x_wconf 78' lang='grc' dir='ltr'><strong>γὰρ</strong></span> <span class='ocrx_word' id='word_1_207' title='bbox 2188 1669 2432 1748; x_wconf 69' lang='grc' dir='ltr'>ἐφαίνετο</span> <span class='ocrx_word' id='word_1_208' title='bbox 2463 1669 2552 1723; x_wconf 80' lang='grc' dir='ltr'><strong>καὶ</strong></span> <span class='ocrx_word' id='word_1_209' title='bbox 2602 1669 2748 1742; x_wconf 86' lang='grc' dir='ltr'><strong>παρά</strong></span> <span class='ocrx_word' id='word_1_210' title='bbox 2803 1670 3033 1728; x_wconf 80' lang='grc' dir='ltr'>κανόνας</span> <span class='ocrx_word' id='word_1_211' title='bbox 3090 1671 3153 1724; x_wconf 89' lang='grc' dir='ltr'>τὸ</span> <span class='ocrx_word' id='word_1_212' title='bbox 3183 1669 3242 1724; x_wconf 82' lang='grc' dir='ltr'>ἐκ</span> <span class='ocrx_word' id='word_1_213' title='bbox 3273 1669 3512 1726; x_wconf 85' lang='grc' dir='ltr'>παλαιοῦ</span> <span class='ocrx_word' id='word_1_214' title='bbox 3569 1674 3718 1747; x_wconf 86' lang='grc' dir='ltr'>γινό-</span> 
     </span>
    </p>
   </div>
   <div class='ocr_carea' id='block_1_30' title="bbox 2065 1760 3724 1835">
    <p class='ocr_par' dir='ltr' id='par_1_30' title="bbox 2065 1760 3724 1835">
     <span class='ocr_line' id='line_1_30' title="bbox 2065 1760 3724 1835; baseline 0.001 -21"><span class='ocrx_word' id='word_1_215' title='bbox 2065 1781 2225 1833; x_wconf 83' lang='grc' dir='ltr'>μενον</span> <span class='ocrx_word' id='word_1_216' title='bbox 2261 1802 2274 1826; x_wconf 97' lang='grc'><strong>,</strong></span> <span class='ocrx_word' id='word_1_217' title='bbox 2338 1760 2622 1835; x_wconf 83' lang='grc' dir='ltr'>ὑπερόριον</span> <span class='ocrx_word' id='word_1_218' title='bbox 2680 1761 2973 1828; x_wconf 80' lang='grc' dir='ltr'>κεκτῆσθαι</span> <span class='ocrx_word' id='word_1_219' title='bbox 3047 1761 3138 1814; x_wconf 85' lang='grc' dir='ltr'>τὸν</span> <span class='ocrx_word' id='word_1_220' title='bbox 3216 1763 3724 1817; x_wconf 82' lang='grc' dir='ltr'>Κπνσταντινουπό-</span> 
     </span>
    </p>
   </div>
   <div class='ocr_carea' id='block_1_31' title="bbox 2061 1848 3722 1928">
    <p class='ocr_par' dir='ltr' id='par_1_31' title="bbox 2061 1848 3722 1928">
     <span class='ocr_line' id='line_1_31' title="bbox 2061 1848 3722 1928; baseline 0.002 -24"><span class='ocrx_word' id='word_1_221' title='bbox 2061 1849 2202 1912; x_wconf 85' lang='grc' dir='ltr'>λεως</span> <span class='ocrx_word' id='word_1_222' title='bbox 2253 1848 2479 1918; x_wconf 78' lang='grc' dir='ltr'>δίκαιον,</span> <span class='ocrx_word' id='word_1_223' title='bbox 2517 1848 2658 1922; x_wconf 73' lang='grc' dir='ltr'><strong>μηδὲ</strong></span> <span class='ocrx_word' id='word_1_224' title='bbox 2713 1853 2860 1905; x_wconf 72' lang='grc' dir='ltr'>τοῦτ’</span> <span class='ocrx_word' id='word_1_225' title='bbox 2915 1848 3126 1913; x_wconf 78' lang='grc' dir='ltr'>εἰδότος</span> <span class='ocrx_word' id='word_1_226' title='bbox 3173 1855 3271 1906; x_wconf 82' lang='grc' dir='ltr'><strong>τοῦ</strong></span> <span class='ocrx_word' id='word_1_227' title='bbox 3332 1851 3610 1928; x_wconf 79' lang='grc' dir='ltr'>λέγοντος,</span> <span class='ocrx_word' id='word_1_228' title='bbox 3643 1854 3722 1915; x_wconf 84' lang='grc' dir='ltr'><strong>ὡς</strong></span> 
     </span>
    </p>
   </div>
   <div class='ocr_carea' id='block_1_32' title="bbox 303 1940 3718 2042">
    <p class='ocr_par' dir='ltr' id='par_1_32' title="bbox 303 1940 3718 2042">
     <span class='ocr_line' id='line_1_32' title="bbox 303 1940 3718 2042; baseline 0 -44"><span class='ocrx_word' id='word_1_229' title='bbox 303 1942 482 2021; x_wconf 78' lang='grc' dir='ltr'>σφίσιν</span> <span class='ocrx_word' id='word_1_230' title='bbox 545 1943 868 1998; x_wconf 84' lang='grc' dir='ltr'>ὑπανάπτων</span> <span class='ocrx_word' id='word_1_231' title='bbox 924 1944 951 1996; x_wconf 94' lang='lat'><strong>6</strong></span> <span class='ocrx_word' id='word_1_232' title='bbox 1009 1950 1107 2012; x_wconf 82' lang='grc' dir='ltr'><strong>τῆς</strong></span> <span class='ocrx_word' id='word_1_233' title='bbox 1165 1940 1382 2020; x_wconf 74' lang='grc' dir='ltr'>Τφὲσον</span> <span class='ocrx_word' id='word_1_234' title='bbox 1444 1945 1662 2012; x_wconf 89' lang='grc' dir='ltr'>Ἰσαάκ,</span> <span class='ocrx_word' id='word_1_235' title='bbox 1727 1943 1802 2005; x_wconf 89' lang='grc' dir='ltr'><strong>εἰς</strong></span> <span class='ocrx_word' id='word_1_236' title='bbox 1848 1964 1951 1996; x_wconf 77' lang='grc' dir='ltr'>πα·</span> <span class='ocrx_word' id='word_1_237' title='bbox 1983 1981 2029 2042; x_wconf 79' lang='grc' dir='ltr'>Β</span> <span class='ocrx_word' id='word_1_238' title='bbox 2059 1941 2281 1996; x_wconf 78' lang='grc' dir='ltr'>κολούει</span> <span class='ocrx_word' id='word_1_239' title='bbox 2311 1943 2390 2013; x_wconf 80' lang='grc' dir='ltr'>τῷ</span> <span class='ocrx_word' id='word_1_240' title='bbox 2438 1941 2760 2016; x_wconf 78' lang='grc' dir='ltr'>πατριάρχῃ</span> <span class='ocrx_word' id='word_1_241' title='bbox 2802 1942 2864 1996; x_wconf 88' lang='grc' dir='ltr'>τὸ</span> <span class='ocrx_word' id='word_1_242' title='bbox 2917 1942 3321 2015; x_wconf 82' lang='grc' dir='ltr'>οἰκουμενικὸν,</span> <span class='ocrx_word' id='word_1_243' title='bbox 3365 1944 3515 2008; x_wconf 81' lang='grc' dir='ltr'>ἐντὸς</span> <span class='ocrx_word' id='word_1_244' title='bbox 3559 1945 3718 2000; x_wconf 81' lang='grc' dir='ltr'>αὐτὸν</span> 
     </span>
    </p>
   </div>
   <div class='ocr_carea' id='block_1_33' title="bbox 302 2027 1948 2106">
    <p class='ocr_par' dir='ltr' id='par_1_33' title="bbox 302 2027 1948 2106">
     <span class='ocr_line' id='line_1_33' title="bbox 302 2027 1948 2106; baseline -0.002 -18"><span class='ocrx_word' id='word_1_245' title='bbox 302 2033 432 2106; x_wconf 77' lang='grc' dir='ltr'>τέρα</span> <span class='ocrx_word' id='word_1_246' title='bbox 460 2030 787 2106; x_wconf 68' lang='grc' dir='ltr'>τεταγμένος</span> <span class='ocrx_word' id='word_1_247' title='bbox 819 2036 897 2103; x_wconf 74' lang='grc' dir='ltr'><strong>τῷ</strong></span> <span class='ocrx_word' id='word_1_248' title='bbox 933 2031 1167 2106; x_wconf 83' lang='grc' dir='ltr'>βασιλεῖ,</span> <span class='ocrx_word' id='word_1_249' title='bbox 1202 2029 1459 2104; x_wconf 78' lang='grc' dir='ltr'>οὐδεμίαν</span> <span class='ocrx_word' id='word_1_250' title='bbox 1511 2030 1554 2086; x_wconf 87' lang='grc' dir='ltr'>δ’</span> <span class='ocrx_word' id='word_1_251' title='bbox 1598 2027 1742 2106; x_wconf 82' lang='grc' dir='ltr'>ἔχων</span> <span class='ocrx_word' id='word_1_252' title='bbox 1775 2031 1948 2086; x_wconf 74' lang='grc' dir='ltr'>αἰτίαν</span> 
     </span>
    </p>
   </div>
   <div class='ocr_carea' id='block_1_34' title="bbox 302 2118 1955 2196">
    <p class='ocr_par' dir='ltr' id='par_1_34' title="bbox 302 2118 1955 2196">
     <span class='ocr_line' id='line_1_34' title="bbox 302 2118 1955 2196; baseline -0.001 -20"><span class='ocrx_word' id='word_1_253' title='bbox 302 2121 596 2196; x_wconf 80' lang='grc' dir='ltr'>ἀπεχθείας</span> <span class='ocrx_word' id='word_1_254' title='bbox 655 2125 735 2192; x_wconf 81' lang='grc' dir='ltr'>τῷ</span> <span class='ocrx_word' id='word_1_255' title='bbox 791 2121 1108 2195; x_wconf 65' lang='grc' dir='ltr'>πατριάρχῃ</span> <span class='ocrx_word' id='word_1_256' title='bbox 1162 2121 1402 2195; x_wconf 89' lang='grc' dir='ltr'>παρόσον</span> <span class='ocrx_word' id='word_1_257' title='bbox 1455 2121 1613 2175; x_wconf 81' lang='grc' dir='ltr'>τὸτὰ</span> <span class='ocrx_word' id='word_1_258' title='bbox 1661 2118 1955 2174; x_wconf 74' lang='grc' dir='ltr'>δοκοῦντα-</span> 
     </span>
    </p>
   </div>
   <div class='ocr_carea' id='block_1_35' title="bbox 303 2208 1955 2286">
    <p class='ocr_par' dir='ltr' id='par_1_35' title="bbox 303 2208 1955 2286">
     <span class='ocr_line' id='line_1_35' title="bbox 303 2208 1955 2286; baseline 0 -22"><span class='ocrx_word' id='word_1_259' title='bbox 303 2209 666 2286; x_wconf 82' lang='grc' dir='ltr'>ξυμπράττειν</span> <span class='ocrx_word' id='word_1_260' title='bbox 699 2209 966 2285; x_wconf 72' lang='grc' dir='ltr'>αἱρεῖτθαι</span> <span class='ocrx_word' id='word_1_261' title='bbox 1018 2214 1097 2282; x_wconf 81' lang='grc' dir='ltr'>τῷ</span> <span class='ocrx_word' id='word_1_262' title='bbox 1150 2208 1388 2286; x_wconf 87' lang='grc' dir='ltr'>βασιλεῖ,</span> <span class='ocrx_word' id='word_1_263' title='bbox 1421 2211 1455 2280; x_wconf 72' lang='grc' dir='ltr'><strong>ἢ</strong></span> <span class='ocrx_word' id='word_1_264' title='bbox 1487 2214 1616 2286; x_wconf 73' lang='grc' dir='ltr'>γοῦν</span> <span class='ocrx_word' id='word_1_265' title='bbox 1649 2215 1809 2265; x_wconf 80' lang='grc' dir='ltr'>τοῦτο</span> <span class='ocrx_word' id='word_1_266' title='bbox 1845 2209 1955 2282; x_wconf 83' lang='grc' dir='ltr'><strong>μό-</strong></span> 
     </span>
    </p>
   </div>
   <div class='ocr_carea' id='block_1_36' title="bbox 300 2297 1958 2375">
    <p class='ocr_par' dir='ltr' id='par_1_36' title="bbox 300 2297 1958 2375">
     <span class='ocr_line' id='line_1_36' title="bbox 300 2297 1958 2375; baseline 0 -21"><span class='ocrx_word' id='word_1_267' title='bbox 300 2322 391 2356; x_wconf 87' lang='grc' dir='ltr'><strong>νον</strong></span> <span class='ocrx_word' id='word_1_268' title='bbox 427 2299 463 2370; x_wconf 75' lang='grc' dir='ltr'>ἤ</span> <span class='ocrx_word' id='word_1_269' title='bbox 495 2298 584 2354; x_wconf 80' lang='grc' dir='ltr'><strong>καὶ</strong></span> <span class='ocrx_word' id='word_1_270' title='bbox 629 2297 875 2375; x_wconf 72' lang='grc' dir='ltr'>δεύτερον</span> <span class='ocrx_word' id='word_1_271' title='bbox 907 2299 970 2354; x_wconf 83' lang='grc' dir='ltr'><strong>τὸ</strong></span> <span class='ocrx_word' id='word_1_272' title='bbox 1001 2301 1066 2354; x_wconf 73' lang='grc' dir='ltr'>τὰ</span> <span class='ocrx_word' id='word_1_273' title='bbox 1097 2301 1214 2354; x_wconf 86' lang='grc' dir='ltr'>κατ’</span> <span class='ocrx_word' id='word_1_274' title='bbox 1262 2299 1536 2368; x_wconf 77' lang='grc' dir='ltr'>ἀνατολὴν</span> <span class='ocrx_word' id='word_1_275' title='bbox 1582 2300 1958 2375; x_wconf 75' lang='grc' dir='ltr'>πατριάρχικιὶ</span> 
     </span>
    </p>
   </div>
   <div class='ocr_carea' id='block_1_37' title="bbox 305 2386 1954 2467">
    <p class='ocr_par' dir='ltr' id='par_1_37' title="bbox 305 2386 1954 2467">
     <span class='ocr_line' id='line_1_37' title="bbox 305 2386 1954 2467; baseline -0.002 -22"><span class='ocrx_word' id='word_1_276' title='bbox 305 2391 391 2467; x_wconf 81' lang='grc' dir='ltr'><strong>ὑφ’</strong></span> <span class='ocrx_word' id='word_1_277' title='bbox 424 2389 570 2462; x_wconf 76' lang='grc' dir='ltr'>αὐτῷ</span> <span class='ocrx_word' id='word_1_278' title='bbox 609 2388 785 2444; x_wconf 83' lang='grc' dir='ltr'>θέλειν</span> <span class='ocrx_word' id='word_1_279' title='bbox 835 2393 1132 2459; x_wconf 82' lang='grc' dir='ltr'>ποιεῖσθαι,</span> <span class='ocrx_word' id='word_1_280' title='bbox 1170 2387 1338 2462; x_wconf 76' lang='grc' dir='ltr'>μηδὲν</span> <span class='ocrx_word' id='word_1_281' title='bbox 1396 2390 1556 2462; x_wconf 80' lang='grc' dir='ltr'>ἀξιῶν</span> <span class='ocrx_word' id='word_1_282' title='bbox 1606 2387 1774 2442; x_wconf 87' lang='grc' dir='ltr'>πλέον</span> <span class='ocrx_word' id='word_1_283' title='bbox 1807 2386 1954 2463; x_wconf 82' lang='grc' dir='ltr'>ἔχειν</span> 
     </span>
    </p>
   </div>
   <div class='ocr_carea' id='block_1_38' title="bbox 302 2477 1952 2554">
    <p class='ocr_par' dir='ltr' id='par_1_38' title="bbox 302 2477 1952 2554">
     <span class='ocr_line' id='line_1_38' title="bbox 302 2477 1952 2554; baseline -0.003 -19"><span class='ocrx_word' id='word_1_284' title='bbox 302 2480 393 2535; x_wconf 86' lang='grc' dir='ltr'>τὸν</span> <span class='ocrx_word' id='word_1_285' title='bbox 425 2479 777 2554; x_wconf 85' lang='grc' dir='ltr'>πατριάρχην</span> <span class='ocrx_word' id='word_1_286' title='bbox 828 2477 902 2541; x_wconf 81' lang='grc' dir='ltr'><strong>εἷς</strong></span> <span class='ocrx_word' id='word_1_287' title='bbox 935 2478 1146 2554; x_wconf 82' lang='grc' dir='ltr'>ἐνορίαν</span> <span class='ocrx_word' id='word_1_288' title='bbox 1177 2480 1212 2550; x_wconf 75' lang='grc' dir='ltr'>ἢ</span> <span class='ocrx_word' id='word_1_289' title='bbox 1243 2481 1380 2534; x_wconf 83' lang='grc' dir='ltr'><strong>κατά</strong></span> <span class='ocrx_word' id='word_1_290' title='bbox 1441 2478 1614 2552; x_wconf 79' lang='grc' dir='ltr'>μόνην</span> <span class='ocrx_word' id='word_1_291' title='bbox 1670 2484 1952 2532; x_wconf 85' lang='grc' dir='ltr'>Κωνσταν-</span> 
     </span>
    </p>
   </div>
   <div class='ocr_carea' id='block_1_39' title="bbox 301 2566 1954 2644">
    <p class='ocr_par' dir='ltr' id='par_1_39' title="bbox 301 2566 1954 2644">
     <span class='ocr_line' id='line_1_39' title="bbox 301 2566 1954 2644; baseline -0.002 -19"><span class='ocrx_word' id='word_1_292' title='bbox 301 2569 617 2625; x_wconf 80' lang='grc' dir='ltr'>τινούπολιν</span> <span class='ocrx_word' id='word_1_293' title='bbox 678 2567 1102 2644; x_wconf 84' lang='grc' dir='ltr'>περιοριζόμενα</span> <span class='ocrx_word' id='word_1_294' title='bbox 1135 2612 1151 2642; x_wconf 90' lang='grc'><strong>,</strong></span> <span class='ocrx_word' id='word_1_295' title='bbox 1211 2569 1277 2623; x_wconf 71' lang='grc' dir='ltr'>τὰ</span> <span class='ocrx_word' id='word_1_296' title='bbox 1326 2566 1373 2623; x_wconf 87' lang='grc' dir='ltr'>δ’</span> <span class='ocrx_word' id='word_1_297' title='bbox 1430 2567 1530 2641; x_wconf 77' lang='grc' dir='ltr'><strong>ἔξω</strong></span> <span class='ocrx_word' id='word_1_298' title='bbox 1576 2567 1781 2638; x_wconf 69' lang='grc' dir='ltr'>ταύτης</span> <span class='ocrx_word' id='word_1_299' title='bbox 1853 2568 1954 2622; x_wconf 82' lang='grc' dir='ltr'>ὑπὸ</span> 
     </span>
    </p>
   </div>
   <div class='ocr_carea' id='block_1_40' title="bbox 295 2784 1955 2855">
    <p class='ocr_par' dir='ltr' id='par_1_40' title="bbox 295 2784 1955 2855">
     <span class='ocr_line' id='line_1_40' title="bbox 295 2784 1955 2855; baseline -0.003 -11"><span class='ocrx_word' id='word_1_300' title='bbox 295 2788 411 2844; x_wconf 81' lang='lat' dir='ltr'><strong>tiae.</strong></span> <span class='ocrx_word' id='word_1_301' title='bbox 465 2787 728 2852; x_wconf 85' lang='lat' dir='ltr'><strong>Quadam</strong></span> <span class='ocrx_word' id='word_1_302' title='bbox 800 2785 925 2841; x_wconf 84' lang='lat' dir='ltr'><strong>vico</strong></span> <span class='ocrx_word' id='word_1_303' title='bbox 987 2784 1250 2840; x_wconf 81' lang='lat' dir='ltr'><strong>instabat</strong></span> <span class='ocrx_word' id='word_1_304' title='bbox 1332 2784 1741 2840; x_wconf 84' lang='lat' dir='ltr'><strong>vehementius</strong></span> <span class='ocrx_word' id='word_1_305' title='bbox 1799 2785 1955 2855; x_wconf 88' lang='lat' dir='ltr'><strong>apud</strong></span> 
     </span>
    </p>
   </div>
   <div class='ocr_carea' id='block_1_41' title="bbox 300 2866 1957 2938">
    <p class='ocr_par' dir='ltr' id='par_1_41' title="bbox 300 2866 1957 2938">
     <span class='ocr_line' id='line_1_41' title="bbox 300 2866 1957 2938; baseline -0.004 -12"><span class='ocrx_word' id='word_1_306' title='bbox 300 2870 547 2926; x_wconf 85' lang='lat' dir='ltr'><strong>Veccum</strong></span> <span class='ocrx_word' id='word_1_307' title='bbox 599 2866 802 2936; x_wconf 85' lang='lat' dir='ltr'><strong>cliens,</strong></span> <span class='ocrx_word' id='word_1_308' title='bbox 873 2872 938 2921; x_wconf 89' lang='lat' dir='ltr'><strong>ut</strong></span> <span class='ocrx_word' id='word_1_309' title='bbox 997 2882 1100 2938; x_wconf 88' lang='lat' dir='ltr'><strong>pro</strong></span> <span class='ocrx_word' id='word_1_310' title='bbox 1163 2883 1226 2921; x_wconf 88' lang='lat' dir='ltr'><strong>se</strong></span> <span class='ocrx_word' id='word_1_311' title='bbox 1283 2866 1496 2920; x_wconf 83' lang='lat' dir='ltr'><strong>iterum</strong></span> <span class='ocrx_word' id='word_1_312' title='bbox 1542 2867 1957 2937; x_wconf 83' lang='lat' dir='ltr'><strong>imperatorem</strong></span> 
     </span>
    </p>
   </div>
   <div class='ocr_carea' id='block_1_42' title="bbox 298 2953 1959 3028">
    <p class='ocr_par' dir='ltr' id='par_1_42' title="bbox 298 2953 1959 3028">
     <span class='ocr_line' id='line_1_42' title="bbox 298 2953 1959 3028; baseline -0.004 -14"><span class='ocrx_word' id='word_1_313' title='bbox 298 2959 447 3014; x_wconf 77' lang='grc'><strong>451</strong></span> <span class='ocrx_word' id='word_1_314' title='bbox 503 2961 752 3028; x_wconf 77' lang='lat' dir='ltr'><strong>rogaret.</strong></span> <span class='ocrx_word' id='word_1_315' title='bbox 799 2954 898 3010; x_wconf 82' lang='lat' dir='ltr'><strong>ille</strong></span> <span class='ocrx_word' id='word_1_316' title='bbox 944 2959 1143 3010; x_wconf 89' lang='lat' dir='ltr'><strong>autem</strong></span> <span class='ocrx_word' id='word_1_317' title='bbox 1200 2953 1559 3026; x_wconf 82' lang='lat' dir='ltr'><strong>experientia</strong></span> <span class='ocrx_word' id='word_1_318' title='bbox 1580 2955 1706 3024; x_wconf 87' lang='lat' dir='ltr'><strong>jam</strong></span> <span class='ocrx_word' id='word_1_319' title='bbox 1739 2970 1959 3026; x_wconf 88' lang='lat' dir='ltr'><strong>gnarus</strong></span> 
     </span>
    </p>
   </div>
   <div class='ocr_carea' id='block_1_43' title="bbox 312 3043 1957 3116">
    <p class='ocr_par' dir='ltr' id='par_1_43' title="bbox 312 3043 1957 3116">
     <span class='ocr_line' id='line_1_43' title="bbox 312 3043 1957 3116; baseline -0.001 -15"><span class='ocrx_word' id='word_1_320' title='bbox 312 3043 974 3116; x_wconf 82' lang='lat' dir='ltr'><strong>negationidilationem</strong></span> <span class='ocrx_word' id='word_1_321' title='bbox 1025 3045 1288 3110; x_wconf 87' lang='lat' dir='ltr'><strong>obtendi,</strong></span> <span class='ocrx_word' id='word_1_322' title='bbox 1321 3060 1549 3100; x_wconf 88' lang='lat' dir='ltr'><strong>necnon</strong></span> <span class='ocrx_word' id='word_1_323' title='bbox 1601 3043 1957 3116; x_wconf 81' lang='lat' dir='ltr'><strong>intelligens,</strong></span> 
     </span>
    </p>
   </div>
   <div class='ocr_carea' id='block_1_44' title="bbox 311 3133 1960 3204">
    <p class='ocr_par' dir='ltr' id='par_1_44' title="bbox 311 3133 1960 3204">
     <span class='ocr_line' id='line_1_44' title="bbox 311 3133 1960 3204; baseline -0.001 -14"><span class='ocrx_word' id='word_1_324' title='bbox 311 3135 360 3190; x_wconf 92' lang='lat' dir='ltr'><strong>si</strong></span> <span class='ocrx_word' id='word_1_325' title='bbox 395 3135 587 3189; x_wconf 89' lang='lat' dir='ltr'><strong>denuo</strong></span> <span class='ocrx_word' id='word_1_326' title='bbox 619 3133 688 3189; x_wconf 93' lang='lat' dir='ltr'><strong>de</strong></span> <span class='ocrx_word' id='word_1_327' title='bbox 720 3133 1221 3204; x_wconf 87' lang='lat' dir='ltr'><strong>hoccompellaret</strong></span> <span class='ocrx_word' id='word_1_328' title='bbox 1251 3133 1687 3204; x_wconf 77' lang='lat' dir='ltr'><strong>imperatorem,</strong></span> <span class='ocrx_word' id='word_1_329' title='bbox 1720 3134 1778 3188; x_wconf 87' lang='lat' dir='ltr'><strong>in</strong></span> <span class='ocrx_word' id='word_1_330' title='bbox 1811 3133 1960 3188; x_wconf 90' lang='lat' dir='ltr'><strong>iram</strong></span> 
     </span>
    </p>
   </div>
   <div class='ocr_carea' id='block_1_45' title="bbox 307 3222 1960 3294">
    <p class='ocr_par' dir='ltr' id='par_1_45' title="bbox 307 3222 1960 3294">
     <span class='ocr_line' id='line_1_45' title="bbox 307 3222 1960 3294; baseline -0.001 -14"><span class='ocrx_word' id='word_1_331' title='bbox 307 3240 374 3280; x_wconf 87' lang='lat' dir='ltr'><strong>se</strong></span> <span class='ocrx_word' id='word_1_332' title='bbox 403 3222 572 3279; x_wconf 91' lang='lat' dir='ltr'><strong>illum</strong></span> <span class='ocrx_word' id='word_1_333' title='bbox 606 3223 1061 3289; x_wconf 89' lang='lat' dir='ltr'><strong>concitaturum,</strong></span> <span class='ocrx_word' id='word_1_334' title='bbox 1087 3227 1150 3278; x_wconf 92' lang='lat' dir='ltr'><strong>ut</strong></span> <span class='ocrx_word' id='word_1_335' title='bbox 1177 3222 1388 3278; x_wconf 83' lang='lat' dir='ltr'><strong>saltem</strong></span> <span class='ocrx_word' id='word_1_336' title='bbox 1420 3223 1614 3278; x_wconf 75' lang='lat' dir='ltr'><strong>clienti</strong></span> <span class='ocrx_word' id='word_1_337' title='bbox 1648 3239 1710 3277; x_wconf 93' lang='lat' dir='ltr'><strong>se</strong></span> <span class='ocrx_word' id='word_1_338' title='bbox 1746 3239 1960 3294; x_wconf 86' lang='lat' dir='ltr'><strong>purga-</strong></span> 
     </span>
    </p>
   </div>
   <div class='ocr_carea' id='block_1_46' title="bbox 2061 2029 3720 2108">
    <p class='ocr_par' dir='ltr' id='par_1_46' title="bbox 2061 2029 3720 2108">
     <span class='ocr_line' id='line_1_46' title="bbox 2061 2029 3720 2108; baseline 0.002 -24"><span class='ocrx_word' id='word_1_339' title='bbox 2061 2029 2390 2105; x_wconf 85' lang='grc' dir='ltr'>περιορίζων</span> <span class='ocrx_word' id='word_1_340' title='bbox 2421 2033 2517 2102; x_wconf 67' lang='grc' dir='ltr'><strong>τῆς</strong></span> <span class='ocrx_word' id='word_1_341' title='bbox 2551 2031 2983 2104; x_wconf 77' lang='grc' dir='ltr'>Κωνσταντίνου,</span> <span class='ocrx_word' id='word_1_342' title='bbox 3039 2030 3167 2104; x_wconf 83' lang='grc' dir='ltr'><strong>μηδ’</strong></span> <span class='ocrx_word' id='word_1_343' title='bbox 3217 2031 3427 2108; x_wconf 80' lang='grc' dir='ltr'>ένορίαν</span> <span class='ocrx_word' id='word_1_344' title='bbox 3480 2035 3580 2088; x_wconf 80' lang='grc' dir='ltr'>ὅσα</span> <span class='ocrx_word' id='word_1_345' title='bbox 3629 2035 3720 2088; x_wconf 83' lang='grc' dir='ltr'><strong>καὶ</strong></span> 
     </span>
    </p>
   </div>
   <div class='ocr_carea' id='block_1_47' title="bbox 2065 2119 3722 2196">
    <p class='ocr_par' dir='ltr' id='par_1_47' title="bbox 2065 2119 3722 2196">
     <span class='ocr_line' id='line_1_47' title="bbox 2065 2119 3722 2196; baseline 0.003 -24"><span class='ocrx_word' id='word_1_346' title='bbox 2065 2123 2162 2172; x_wconf 73' lang='grc' dir='ltr'>τοῦ</span> <span class='ocrx_word' id='word_1_347' title='bbox 2221 2119 2489 2194; x_wconf 86' lang='grc' dir='ltr'>τυχόντος</span> <span class='ocrx_word' id='word_1_348' title='bbox 2549 2119 2847 2174; x_wconf 81' lang='grc' dir='ltr'>ἐπισκόπου</span> <span class='ocrx_word' id='word_1_349' title='bbox 2901 2122 3246 2196; x_wconf 85' lang='grc' dir='ltr'>προσνέμων.</span> <span class='ocrx_word' id='word_1_350' title='bbox 3290 2120 3446 2178; x_wconf 77' lang='grc' dir='ltr'>Ἀλλ’</span> <span class='ocrx_word' id='word_1_351' title='bbox 3480 2124 3508 2177; x_wconf 92' lang='lat'><strong>6</strong></span> <span class='ocrx_word' id='word_1_352' title='bbox 3540 2123 3722 2179; x_wconf 78' lang='grc' dir='ltr'>Ἰσαὰκ</span> 
     </span>
    </p>
   </div>
   <div class='ocr_carea' id='block_1_48' title="bbox 2063 2209 3719 2286">
    <p class='ocr_par' dir='ltr' id='par_1_48' title="bbox 2063 2209 3719 2286">
     <span class='ocr_line' id='line_1_48' title="bbox 2063 2209 3719 2286; baseline 0.001 -24"><span class='ocrx_word' id='word_1_353' title='bbox 2063 2209 2187 2263; x_wconf 89' lang='grc' dir='ltr'>τότε</span> <span class='ocrx_word' id='word_1_354' title='bbox 2216 2209 2308 2263; x_wconf 88' lang='grc' dir='ltr'>τὸν</span> <span class='ocrx_word' id='word_1_355' title='bbox 2339 2211 2524 2285; x_wconf 81' lang='grc' dir='ltr'>καιρὸν</span> <span class='ocrx_word' id='word_1_356' title='bbox 2585 2216 2683 2272; x_wconf 75' lang='grc' dir='ltr'><strong>τῆς</strong></span> <span class='ocrx_word' id='word_1_357' title='bbox 2733 2210 3028 2284; x_wconf 80' lang='grc' dir='ltr'>ἀπεχθείας</span> <span class='ocrx_word' id='word_1_358' title='bbox 3084 2210 3326 2273; x_wconf 78' lang='grc' dir='ltr'>ἀρπάσας</span> <span class='ocrx_word' id='word_1_359' title='bbox 3361 2211 3435 2273; x_wconf 87' lang='grc' dir='ltr'>ὡς</span> <span class='ocrx_word' id='word_1_360' title='bbox 3463 2209 3719 2286; x_wconf 72' lang='grc' dir='ltr'>ἕρμαιον,</span> 
     </span>
    </p>
   </div>
   <div class='ocr_carea' id='block_1_49' title="bbox 2063 2297 3722 2372">
    <p class='ocr_par' dir='ltr' id='par_1_49' title="bbox 2063 2297 3722 2372">
     <span class='ocr_line' id='line_1_49' title="bbox 2063 2297 3722 2372; baseline 0.002 -20"><span class='ocrx_word' id='word_1_361' title='bbox 2063 2299 2363 2372; x_wconf 64' lang='grc' dir='ltr'>περιεποίει</span> <span class='ocrx_word' id='word_1_362' title='bbox 2421 2304 2538 2363; x_wconf 86' lang='grc' dir='ltr'>τοῖς</span> <span class='ocrx_word' id='word_1_363' title='bbox 2594 2297 2914 2360; x_wconf 71' lang='grc' dir='ltr'>ἐπισκόποις</span> <span class='ocrx_word' id='word_1_364' title='bbox 2971 2299 3140 2354; x_wconf 71' lang='grc' dir='ltr'>αὐτοῦ</span> <span class='ocrx_word' id='word_1_365' title='bbox 3175 2343 3194 2368; x_wconf 83' lang='grc'><strong>,</strong></span> <span class='ocrx_word' id='word_1_366' title='bbox 3249 2301 3442 2355; x_wconf 88' lang='grc' dir='ltr'>ταυτὸν</span> <span class='ocrx_word' id='word_1_367' title='bbox 3519 2299 3577 2356; x_wconf 75' lang='grc' dir='ltr'>δὲ</span> <span class='ocrx_word' id='word_1_368' title='bbox 3631 2301 3722 2356; x_wconf 87' lang='grc' dir='ltr'><strong>καὶ</strong></span> 
     </span>
    </p>
   </div>
   <div class='ocr_carea' id='block_1_50' title="bbox 2065 2389 3726 2465">
    <p class='ocr_par' dir='ltr' id='par_1_50' title="bbox 2065 2389 3726 2465">
     <span class='ocr_line' id='line_1_50' title="bbox 2065 2389 3726 2465; baseline 0.002 -22"><span class='ocrx_word' id='word_1_369' title='bbox 2065 2389 2238 2461; x_wconf 73' lang='grc' dir='ltr'>ἑαυτῷ</span> <span class='ocrx_word' id='word_1_370' title='bbox 2297 2389 2493 2465; x_wconf 81' lang='grc' dir='ltr'>λέγειν,</span> <span class='ocrx_word' id='word_1_371' title='bbox 2542 2391 2608 2444; x_wconf 71' lang='grc' dir='ltr'><strong>τά</strong></span> <span class='ocrx_word' id='word_1_372' title='bbox 2655 2394 2757 2455; x_wconf 82' lang='grc' dir='ltr'><strong>τῆς</strong></span> <span class='ocrx_word' id='word_1_373' title='bbox 2819 2390 3447 2454; x_wconf 86' lang='grc' dir='ltr'>Κωνσταντινουπόλεως</span> <span class='ocrx_word' id='word_1_374' title='bbox 3517 2390 3726 2463; x_wconf 85' lang='grc' dir='ltr'>δίκαια,</span> 
     </span>
    </p>
   </div>
   <div class='ocr_carea' id='block_1_51' title="bbox 2062 2478 3723 2557">
    <p class='ocr_par' dir='ltr' id='par_1_51' title="bbox 2062 2478 3723 2557">
     <span class='ocr_line' id='line_1_51' title="bbox 2062 2478 3723 2557; baseline 0.003 -25"><span class='ocrx_word' id='word_1_375' title='bbox 2062 2480 2160 2533; x_wconf 86' lang='grc' dir='ltr'><strong>Τὸν</strong></span> <span class='ocrx_word' id='word_1_376' title='bbox 2199 2481 2379 2552; x_wconf 85' lang='grc' dir='ltr'>μέντοι</span> <span class='ocrx_word' id='word_1_377' title='bbox 2410 2501 2469 2554; x_wconf 90' lang='grc' dir='ltr'>γε</span> <span class='ocrx_word' id='word_1_378' title='bbox 2505 2481 2850 2556; x_wconf 80' lang='grc' dir='ltr'>πατριάρχην</span> <span class='ocrx_word' id='word_1_379' title='bbox 2902 2481 3004 2535; x_wconf 85' lang='grc' dir='ltr'>οὐκ</span> <span class='ocrx_word' id='word_1_380' title='bbox 3055 2479 3189 2534; x_wconf 87' lang='grc' dir='ltr'>ἀνίει</span> <span class='ocrx_word' id='word_1_381' title='bbox 3249 2483 3376 2557; x_wconf 80' lang='grc' dir='ltr'>παρ’</span> <span class='ocrx_word' id='word_1_382' title='bbox 3427 2480 3594 2544; x_wconf 79' lang='grc' dir='ltr'>ὅλους</span> <span class='ocrx_word' id='word_1_383' title='bbox 3627 2478 3723 2537; x_wconf 64' lang='grc' dir='ltr'><strong>δίο</strong></span> 
     </span>
    </p>
   </div>
   <div class='ocr_carea' id='block_1_52' title="bbox 2067 2567 3726 2647">
    <p class='ocr_par' dir='ltr' id='par_1_52' title="bbox 2067 2567 3726 2647">
     <span class='ocr_line' id='line_1_52' title="bbox 2067 2567 3726 2647; baseline 0.003 -25"><span class='ocrx_word' id='word_1_384' title='bbox 2067 2570 2294 2641; x_wconf 79' lang='grc' dir='ltr'>μῆναςὸ</span> <span class='ocrx_word' id='word_1_385' title='bbox 2329 2567 2588 2646; x_wconf 79' lang='grc' dir='ltr'>βασιλεὺς</span> <span class='ocrx_word' id='word_1_386' title='bbox 2635 2589 2768 2624; x_wconf 76' lang='grc' dir='ltr'>ποτε</span> <span class='ocrx_word' id='word_1_387' title='bbox 2827 2569 2922 2642; x_wconf 73' lang='grc' dir='ltr'><strong>μὲν</strong></span> <span class='ocrx_word' id='word_1_388' title='bbox 2982 2568 3059 2632; x_wconf 73' lang='grc' dir='ltr'>εἷς</span> <span class='ocrx_word' id='word_1_389' title='bbox 3114 2569 3317 2647; x_wconf 87' lang='grc' dir='ltr'>κρίσεις</span> <span class='ocrx_word' id='word_1_390' title='bbox 3373 2571 3726 2647; x_wconf 71' lang='grc' dir='ltr'>δγκαθιστῶν,</span> 
     </span>
    </p>
   </div>
   <div class='ocr_carea' id='block_1_53' title="bbox 2067 2787 3726 2860">
    <p class='ocr_par' dir='ltr' id='par_1_53' title="bbox 2067 2787 3726 2860">
     <span class='ocr_line' id='line_1_53' title="bbox 2067 2787 3726 2860; baseline 0.007 -20"><span class='ocrx_word' id='word_1_391' title='bbox 2067 2787 2243 2840; x_wconf 73' lang='lat' dir='ltr'><strong>nariaa</strong></span> <span class='ocrx_word' id='word_1_392' title='bbox 2293 2787 2568 2858; x_wconf 85' lang='lat' dir='ltr'><strong>potestati</strong></span> <span class='ocrx_word' id='word_1_393' title='bbox 2620 2787 2966 2858; x_wconf 61' lang='lat' dir='ltr'><strong>patriarcha</strong></span> <span class='ocrx_word' id='word_1_394' title='bbox 3015 2789 3276 2860; x_wconf 88' lang='lat' dir='ltr'><strong>subjecla</strong></span> <span class='ocrx_word' id='word_1_395' title='bbox 3315 2797 3726 2852; x_wconf 87' lang='lat' dir='ltr'><strong>remanerent:</strong></span> 
     </span>
    </p>
   </div>
   <div class='ocr_carea' id='block_1_54' title="bbox 2070 2877 3726 2951">
    <p class='ocr_par' dir='ltr' id='par_1_54' title="bbox 2070 2877 3726 2951">
     <span class='ocr_line' id='line_1_54' title="bbox 2070 2877 3726 2951; baseline 0.005 -22"><span class='ocrx_word' id='word_1_396' title='bbox 2070 2893 2194 2946; x_wconf 70' lang='lat' dir='ltr'><strong>qua:</strong></span> <span class='ocrx_word' id='word_1_397' title='bbox 2221 2881 2384 2931; x_wconf 81' lang='lat' dir='ltr'><strong>extra</strong></span> <span class='ocrx_word' id='word_1_398' title='bbox 2414 2877 2619 2932; x_wconf 90' lang='lat' dir='ltr'><strong>urbem</strong></span> <span class='ocrx_word' id='word_1_399' title='bbox 2651 2882 2871 2941; x_wconf 86' lang='lat' dir='ltr'><strong>essent,</strong></span> <span class='ocrx_word' id='word_1_400' title='bbox 2905 2893 3110 2932; x_wconf 89' lang='lat' dir='ltr'><strong>eorum</strong></span> <span class='ocrx_word' id='word_1_401' title='bbox 3143 2879 3492 2936; x_wconf 86' lang='lat' dir='ltr'><strong>auctoritate</strong></span> <span class='ocrx_word' id='word_1_402' title='bbox 3523 2883 3726 2951; x_wconf 84' lang='lat' dir='ltr'><strong>subju-</strong></span> 
     </span>
    </p>
   </div>
   <div class='ocr_carea' id='block_1_55' title="bbox 2069 2965 3730 3042">
    <p class='ocr_par' dir='ltr' id='par_1_55' title="bbox 2069 2965 3730 3042">
     <span class='ocr_line' id='line_1_55' title="bbox 2069 2965 3730 3042; baseline 0.004 -20"><span class='ocrx_word' id='word_1_403' title='bbox 2069 2970 2266 3022; x_wconf 88' lang='lat' dir='ltr'><strong>cerent</strong></span> <span class='ocrx_word' id='word_1_404' title='bbox 2297 2965 2614 3037; x_wconf 65' lang='lat' dir='ltr'><strong>praesulum</strong></span> <span class='ocrx_word' id='word_1_405' title='bbox 2649 2967 2749 3038; x_wconf 88' lang='lat' dir='ltr'><strong>qui</strong></span> <span class='ocrx_word' id='word_1_406' title='bbox 2785 2967 3068 3024; x_wconf 89' lang='lat' dir='ltr'><strong>dioeceses</strong></span> <span class='ocrx_word' id='word_1_407' title='bbox 3097 2968 3198 3034; x_wconf 88' lang='lat' dir='ltr'><strong>ubi</strong></span> <span class='ocrx_word' id='word_1_408' title='bbox 3217 2973 3386 3026; x_wconf 89' lang='lat' dir='ltr'><strong>erant</strong></span> <span class='ocrx_word' id='word_1_409' title='bbox 3407 2970 3507 3026; x_wconf 85' lang='lat' dir='ltr'><strong>illa</strong></span> <span class='ocrx_word' id='word_1_410' title='bbox 3538 2972 3730 3042; x_wconf 87' lang='lat' dir='ltr'><strong>posita</strong></span> 
     </span>
    </p>
   </div>
   <div class='ocr_carea' id='block_1_56' title="bbox 2069 3055 3727 3129">
    <p class='ocr_par' dir='ltr' id='par_1_56' title="bbox 2069 3055 3727 3129">
     <span class='ocr_line' id='line_1_56' title="bbox 2069 3055 3727 3129; baseline 0.004 -19"><span class='ocrx_word' id='word_1_411' title='bbox 2069 3055 2385 3127; x_wconf 87' lang='lat' dir='ltr'><strong>episcopali</strong></span> <span class='ocrx_word' id='word_1_412' title='bbox 2413 3056 2760 3111; x_wconf 86' lang='lat' dir='ltr'><strong>auctoritate</strong></span> <span class='ocrx_word' id='word_1_413' title='bbox 2784 3057 3202 3129; x_wconf 83' lang='lat' dir='ltr'><strong>gubernarent.</strong></span> <span class='ocrx_word' id='word_1_414' title='bbox 3230 3059 3289 3113; x_wconf 93' lang='lat' dir='ltr'><strong>1d</strong></span> <span class='ocrx_word' id='word_1_415' title='bbox 3313 3058 3410 3115; x_wconf 92' lang='lat' dir='ltr'><strong>ille</strong></span> <span class='ocrx_word' id='word_1_416' title='bbox 3436 3059 3575 3116; x_wconf 90' lang='lat' dir='ltr'><strong>olim</strong></span> <span class='ocrx_word' id='word_1_417' title='bbox 3602 3077 3727 3117; x_wconf 81' lang='lat' dir='ltr'><strong>me—</strong></span> 
     </span>
    </p>
   </div>
   <div class='ocr_carea' id='block_1_57' title="bbox 2072 3145 3731 3217">
    <p class='ocr_par' dir='ltr' id='par_1_57' title="bbox 2072 3145 3731 3217">
     <span class='ocr_line' id='line_1_57' title="bbox 2072 3145 3731 3217; baseline 0.006 -20"><span class='ocrx_word' id='word_1_418' title='bbox 2072 3145 2293 3200; x_wconf 91' lang='lat' dir='ltr'><strong>ditatus</strong></span> <span class='ocrx_word' id='word_1_419' title='bbox 2323 3149 2464 3200; x_wconf 90' lang='lat' dir='ltr'><strong>tunc</strong></span> <span class='ocrx_word' id='word_1_420' title='bbox 2495 3146 2758 3217; x_wconf 83' lang='lat' dir='ltr'><strong>perfecit,</strong></span> <span class='ocrx_word' id='word_1_421' title='bbox 2793 3163 2908 3202; x_wconf 90' lang='lat' dir='ltr'><strong>non</strong></span> <span class='ocrx_word' id='word_1_422' title='bbox 2941 3146 3055 3202; x_wconf 88' lang='lat' dir='ltr'><strong>alia</strong></span> <span class='ocrx_word' id='word_1_423' title='bbox 3104 3147 3416 3205; x_wconf 83' lang='lat' dir='ltr'><strong>efﬁcaciori</strong></span> <span class='ocrx_word' id='word_1_424' title='bbox 3463 3150 3731 3207; x_wconf 88' lang='lat' dir='ltr'><strong>adhibita</strong></span> 
     </span>
    </p>
   </div>
   <div class='ocr_carea' id='block_1_58' title="bbox 2072 3234 3728 3312">
    <p class='ocr_par' dir='ltr' id='par_1_58' title="bbox 2072 3234 3728 3312">
     <span class='ocr_line' id='line_1_58' title="bbox 2072 3234 3728 3312; baseline 0.004 -24"><span class='ocrx_word' id='word_1_425' title='bbox 2072 3234 2344 3289; x_wconf 88' lang='lat' dir='ltr'><strong>machina</strong></span> <span class='ocrx_word' id='word_1_426' title='bbox 2376 3251 2552 3305; x_wconf 87' lang='lat' dir='ltr'><strong>quam</strong></span> <span class='ocrx_word' id='word_1_427' title='bbox 2585 3235 2958 3307; x_wconf 88' lang='lat' dir='ltr'><strong>imperatoris</strong></span> <span class='ocrx_word' id='word_1_428' title='bbox 2981 3253 3014 3291; x_wconf 89' lang='lat' dir='ltr'><strong>a</strong></span> <span class='ocrx_word' id='word_1_429' title='bbox 3045 3238 3379 3309; x_wconf 90' lang='lat' dir='ltr'><strong>patriarcha</strong></span> <span class='ocrx_word' id='word_1_430' title='bbox 3406 3239 3493 3295; x_wconf 89' lang='lat' dir='ltr'><strong>vel</strong></span> <span class='ocrx_word' id='word_1_431' title='bbox 3513 3256 3728 3312; x_wconf 87' lang='lat' dir='ltr'><strong>procu-</strong></span> 
     </span>
    </p>
   </div>
   <div class='ocr_carea' id='block_1_59' title="bbox 304 3313 3732 3399">
    <p class='ocr_par' dir='ltr' id='par_1_59' title="bbox 304 3313 3732 3399">
     <span class='ocr_line' id='line_1_59' title="bbox 304 3313 3732 3399; baseline 0 -30"><span class='ocrx_word' id='word_1_432' title='bbox 304 3318 394 3369; x_wconf 87' lang='lat' dir='ltr'><strong>ret</strong></span> <span class='ocrx_word' id='word_1_433' title='bbox 425 3314 572 3369; x_wconf 80' lang='lat' dir='ltr'><strong>l‘orte</strong></span> <span class='ocrx_word' id='word_1_434' title='bbox 601 3317 1009 3385; x_wconf 85' lang='lat' dir='ltr'><strong>suspectaturo</strong></span> <span class='ocrx_word' id='word_1_435' title='bbox 1040 3329 1109 3368; x_wconf 82' lang='lat' dir='ltr'><strong>ex</strong></span> <span class='ocrx_word' id='word_1_436' title='bbox 1152 3317 1360 3367; x_wconf 89' lang='lat' dir='ltr'><strong>eventu</strong></span> <span class='ocrx_word' id='word_1_437' title='bbox 1411 3313 1720 3368; x_wconf 87' lang='lat' dir='ltr'><strong>remissius</strong></span> <span class='ocrx_word' id='word_1_438' title='bbox 1765 3313 1957 3384; x_wconf 88' lang='lat' dir='ltr'><strong>egisse</strong></span> <span class='ocrx_word' id='word_1_439' title='bbox 1987 3324 2030 3392; x_wconf 75' lang='grc' dir='ltr'><strong>α</strong></span> <span class='ocrx_word' id='word_1_440' title='bbox 2067 3325 2251 3380; x_wconf 63' lang='lat' dir='ltr'><strong>rando</strong></span> <span class='ocrx_word' id='word_1_441' title='bbox 2280 3323 2368 3378; x_wconf 75' lang='lat' dir='ltr'><strong>vel</strong></span> <span class='ocrx_word' id='word_1_442' title='bbox 2400 3325 2696 3395; x_wconf 72' lang='grc' dir='ltr'>ρι-ονθῃάο</span> <span class='ocrx_word' id='word_1_443' title='bbox 2736 3325 3000 3381; x_wconf 74' lang='lat' dir='ltr'><strong>dissidio,</strong></span> <span class='ocrx_word' id='word_1_444' title='bbox 3045 3326 3208 3389; x_wconf 76' lang='lat' dir='ltr'><strong>Quod</strong></span> <span class='ocrx_word' id='word_1_445' title='bbox 3258 3327 3394 3383; x_wconf 71' lang='lat' dir='ltr'><strong>fecit</strong></span> <span class='ocrx_word' id='word_1_446' title='bbox 3423 3328 3602 3399; x_wconf 70' lang='lat' dir='ltr'><strong>hujus</strong></span> <span class='ocrx_word' id='word_1_447' title='bbox 3632 3347 3732 3386; x_wconf 67' lang='lat' dir='ltr'><strong>ac-</strong></span> 
     </span>
    </p>
   </div>
   <div class='ocr_carea' id='block_1_60' title="bbox 305 3402 1955 3476">
    <p class='ocr_par' dir='ltr' id='par_1_60' title="bbox 305 3402 1955 3476">
     <span class='ocr_line' id='line_1_60' title="bbox 305 3402 1955 3476; baseline -0.001 -17"><span class='ocrx_word' id='word_1_448' title='bbox 305 3409 647 3476; x_wconf 89' lang='lat' dir='ltr'><strong>patronum,</strong></span> <span class='ocrx_word' id='word_1_449' title='bbox 679 3403 862 3458; x_wconf 91' lang='lat' dir='ltr'><strong>Deum</strong></span> <span class='ocrx_word' id='word_1_450' title='bbox 895 3407 1102 3458; x_wconf 89' lang='lat' dir='ltr'><strong>testem</strong></span> <span class='ocrx_word' id='word_1_451' title='bbox 1135 3402 1403 3457; x_wconf 88' lang='lat' dir='ltr'><strong>adhibuit</strong></span> <span class='ocrx_word' id='word_1_452' title='bbox 1433 3402 1642 3457; x_wconf 86' lang='lat' dir='ltr'><strong>sinceri</strong></span> <span class='ocrx_word' id='word_1_453' title='bbox 1675 3403 1767 3457; x_wconf 88' lang='lat' dir='ltr'><strong>sui</strong></span> <span class='ocrx_word' id='word_1_454' title='bbox 1797 3420 1864 3457; x_wconf 89' lang='lat' dir='ltr'><strong>ea</strong></span> <span class='ocrx_word' id='word_1_455' title='bbox 1895 3403 1955 3458; x_wconf 90' lang='lat' dir='ltr'><strong>in</strong></span> 
     </span>
    </p>
   </div>
   <div class='ocr_carea' id='block_1_61' title="bbox 310 3493 1963 3561">
    <p class='ocr_par' dir='ltr' id='par_1_61' title="bbox 310 3493 1963 3561">
     <span class='ocr_line' id='line_1_61' title="bbox 310 3493 1963 3561; baseline -0.001 -13"><span class='ocrx_word' id='word_1_456' title='bbox 310 3509 489 3549; x_wconf 86' lang='lat' dir='ltr'><strong>causa</strong></span> <span class='ocrx_word' id='word_1_457' title='bbox 519 3493 724 3560; x_wconf 88' lang='lat' dir='ltr'><strong>studii,</strong></span> <span class='ocrx_word' id='word_1_458' title='bbox 775 3493 897 3547; x_wconf 87' lang='lat' dir='ltr'><strong>alta</strong></span> <span class='ocrx_word' id='word_1_459' title='bbox 943 3509 1079 3547; x_wconf 89' lang='lat' dir='ltr'><strong>voce</strong></span> <span class='ocrx_word' id='word_1_460' title='bbox 1128 3496 1462 3548; x_wconf 88' lang='lat' dir='ltr'><strong>contestans</strong></span> <span class='ocrx_word' id='word_1_461' title='bbox 1513 3497 1693 3547; x_wconf 91' lang='lat' dir='ltr'><strong>Deum</strong></span> <span class='ocrx_word' id='word_1_462' title='bbox 1735 3493 1963 3561; x_wconf 89' lang='lat' dir='ltr'><strong>utique,</strong></span> 
     </span>
    </p>
   </div>
   <div class='ocr_carea' id='block_1_62' title="bbox 308 3582 1962 3655">
    <p class='ocr_par' dir='ltr' id='par_1_62' title="bbox 308 3582 1962 3655">
     <span class='ocr_line' id='line_1_62' title="bbox 308 3582 1962 3655; baseline 0 -17"><span class='ocrx_word' id='word_1_463' title='bbox 308 3600 484 3655; x_wconf 87' lang='lat' dir='ltr'><strong>quem</strong></span> <span class='ocrx_word' id='word_1_464' title='bbox 515 3583 597 3638; x_wconf 90' lang='lat' dir='ltr'><strong>nil</strong></span> <span class='ocrx_word' id='word_1_465' title='bbox 631 3583 826 3653; x_wconf 88' lang='lat' dir='ltr'><strong>lateat,</strong></span> <span class='ocrx_word' id='word_1_466' title='bbox 855 3582 1052 3638; x_wconf 89' lang='lat' dir='ltr'><strong>videre</strong></span> <span class='ocrx_word' id='word_1_467' title='bbox 1097 3599 1214 3654; x_wconf 89' lang='lat' dir='ltr'><strong>qua</strong></span> <span class='ocrx_word' id='word_1_468' title='bbox 1249 3583 1382 3651; x_wconf 81' lang='lat' dir='ltr'><strong>fide,</strong></span> <span class='ocrx_word' id='word_1_469' title='bbox 1407 3599 1643 3654; x_wconf 89' lang='lat' dir='ltr'><strong>quoque</strong></span> <span class='ocrx_word' id='word_1_470' title='bbox 1663 3584 1870 3638; x_wconf 73' lang='lat' dir='ltr'><strong>effectu</strong></span> <span class='ocrx_word' id='word_1_471' title='bbox 1897 3599 1962 3638; x_wconf 90' lang='lat' dir='ltr'><strong>eo</strong></span> 
     </span>
    </p>
   </div>
   <div class='ocr_carea' id='block_1_63' title="bbox 307 3671 1965 3744">
    <p class='ocr_par' dir='ltr' id='par_1_63' title="bbox 307 3671 1965 3744">
     <span class='ocr_line' id='line_1_63' title="bbox 307 3671 1965 3744; baseline -0.001 -17"><span class='ocrx_word' id='word_1_472' title='bbox 307 3672 633 3744; x_wconf 84' lang='lat' dir='ltr'><strong>patrocinio</strong></span> <span class='ocrx_word' id='word_1_473' title='bbox 665 3672 1027 3744; x_wconf 84' lang='lat' dir='ltr'><strong>fungeretur.</strong></span> <span class='ocrx_word' id='word_1_474' title='bbox 1064 3673 1141 3726; x_wconf 83' lang='lat' dir='ltr'><strong>Ex</strong></span> <span class='ocrx_word' id='word_1_475' title='bbox 1169 3673 1276 3726; x_wconf 90' lang='lat' dir='ltr'><strong>bac</strong></span> <span class='ocrx_word' id='word_1_476' title='bbox 1299 3671 1398 3726; x_wconf 90' lang='lat' dir='ltr'><strong>Dei</strong></span> <span class='ocrx_word' id='word_1_477' title='bbox 1428 3673 1724 3726; x_wconf 89' lang='lat' dir='ltr'><strong>mentione</strong></span> <span class='ocrx_word' id='word_1_478' title='bbox 1747 3671 1965 3726; x_wconf 89' lang='lat' dir='ltr'><strong>calum-</strong></span> 
     </span>
    </p>
   </div>
   <div class='ocr_carea' id='block_1_64' title="bbox 305 3760 1968 3832">
    <p class='ocr_par' dir='ltr' id='par_1_64' title="bbox 305 3760 1968 3832">
     <span class='ocr_line' id='line_1_64' title="bbox 305 3760 1968 3832; baseline -0.002 -14"><span class='ocrx_word' id='word_1_479' title='bbox 305 3761 416 3818; x_wconf 73' lang='lat' dir='ltr'><strong>niae</strong></span> <span class='ocrx_word' id='word_1_480' title='bbox 443 3778 647 3818; x_wconf 88' lang='lat' dir='ltr'><strong>ansam</strong></span> <span class='ocrx_word' id='word_1_481' title='bbox 683 3761 782 3832; x_wconf 92' lang='lat' dir='ltr'><strong>qui</strong></span> <span class='ocrx_word' id='word_1_482' title='bbox 817 3777 1075 3832; x_wconf 71' lang='lat' dir='ltr'><strong>praesens</strong></span> <span class='ocrx_word' id='word_1_483' title='bbox 1126 3762 1274 3816; x_wconf 77' lang='lat' dir='ltr'><strong>forte</strong></span> <span class='ocrx_word' id='word_1_484' title='bbox 1311 3765 1454 3816; x_wconf 90' lang='lat' dir='ltr'><strong>tunc</strong></span> <span class='ocrx_word' id='word_1_485' title='bbox 1504 3760 1693 3815; x_wconf 84' lang='lat' dir='ltr'><strong>adfuit</strong></span> <span class='ocrx_word' id='word_1_486' title='bbox 1741 3761 1968 3816; x_wconf 86' lang='lat' dir='ltr'><strong>delator</strong></span> 
     </span>
    </p>
   </div>
   <div class='ocr_carea' id='block_1_65' title="bbox 307 3849 1966 3921">
    <p class='ocr_par' dir='ltr' id='par_1_65' title="bbox 307 3849 1966 3921">
     <span class='ocr_line' id='line_1_65' title="bbox 307 3849 1966 3921; baseline -0.001 -15"><span class='ocrx_word' id='word_1_487' title='bbox 307 3867 576 3918; x_wconf 89' lang='lat' dir='ltr'><strong>sumens,</strong></span> <span class='ocrx_word' id='word_1_488' title='bbox 599 3851 779 3906; x_wconf 88' lang='lat' dir='ltr'><strong>multo</strong></span> <span class='ocrx_word' id='word_1_489' title='bbox 810 3851 1023 3906; x_wconf 89' lang='lat' dir='ltr'><strong>deinde</strong></span> <span class='ocrx_word' id='word_1_490' title='bbox 1047 3850 1340 3921; x_wconf 86' lang='lat' dir='ltr'><strong>posterius</strong></span> <span class='ocrx_word' id='word_1_491' title='bbox 1370 3849 1429 3904; x_wconf 92' lang='lat' dir='ltr'><strong>in</strong></span> <span class='ocrx_word' id='word_1_492' title='bbox 1451 3850 1769 3920; x_wconf 80' lang='lat' dir='ltr'><strong>malignam</strong></span> <span class='ocrx_word' id='word_1_493' title='bbox 1795 3851 1966 3904; x_wconf 88' lang='lat' dir='ltr'><strong>istam</strong></span> 
     </span>
    </p>
   </div>
   <div class='ocr_carea' id='block_1_66' title="bbox 307 3939 1969 4011">
    <p class='ocr_par' dir='ltr' id='par_1_66' title="bbox 307 3939 1969 4011">
     <span class='ocr_line' id='line_1_66' title="bbox 307 3939 1969 4011; baseline -0.002 -15"><span class='ocrx_word' id='word_1_494' title='bbox 307 3940 745 3996; x_wconf 85' lang='lat' dir='ltr'><strong>accusationem</strong></span> <span class='ocrx_word' id='word_1_495' title='bbox 782 3939 1086 4011; x_wconf 79' lang='lat' dir='ltr'><strong>processit,</strong></span> <span class='ocrx_word' id='word_1_496' title='bbox 1119 3939 1448 3994; x_wconf 87' lang='lat' dir='ltr'><strong>criminans</strong></span> <span class='ocrx_word' id='word_1_497' title='bbox 1470 3939 1693 3994; x_wconf 90' lang='lat' dir='ltr'><strong>scilicet</strong></span> <span class='ocrx_word' id='word_1_498' title='bbox 1721 3939 1969 4010; x_wconf 88' lang='lat' dir='ltr'><strong>patriar-</strong></span> 
     </span>
    </p>
   </div>
   <div class='ocr_carea' id='block_1_67' title="bbox 308 4028 1969 4100">
    <p class='ocr_par' dir='ltr' id='par_1_67' title="bbox 308 4028 1969 4100">
     <span class='ocr_line' id='line_1_67' title="bbox 308 4028 1969 4100; baseline -0.002 -14"><span class='ocrx_word' id='word_1_499' title='bbox 308 4030 506 4099; x_wconf 90' lang='lat' dir='ltr'><strong>cham,</strong></span> <span class='ocrx_word' id='word_1_500' title='bbox 558 4031 700 4084; x_wconf 91' lang='lat' dir='ltr'><strong>dum</strong></span> <span class='ocrx_word' id='word_1_501' title='bbox 733 4028 1022 4100; x_wconf 88' lang='lat' dir='ltr'><strong>supplicis</strong></span> <span class='ocrx_word' id='word_1_502' title='bbox 1048 4043 1288 4083; x_wconf 88' lang='lat' dir='ltr'><strong>causam</strong></span> <span class='ocrx_word' id='word_1_503' title='bbox 1315 4033 1530 4099; x_wconf 87' lang='lat' dir='ltr'><strong>ageret,</strong></span> <span class='ocrx_word' id='word_1_504' title='bbox 1558 4028 1715 4083; x_wconf 90' lang='lat' dir='ltr'><strong>diras</strong></span> <span class='ocrx_word' id='word_1_505' title='bbox 1737 4030 1969 4100; x_wconf 83' lang='lat' dir='ltr'><strong>Augus-</strong></span> 
     </span>
    </p>
   </div>
   <div class='ocr_carea' id='block_1_68' title="bbox 305 4118 1967 4191">
    <p class='ocr_par' dir='ltr' id='par_1_68' title="bbox 305 4118 1967 4191">
     <span class='ocr_line' id='line_1_68' title="bbox 305 4118 1967 4191; baseline -0.002 -16"><span class='ocrx_word' id='word_1_506' title='bbox 305 4125 370 4175; x_wconf 92' lang='lat' dir='ltr'><strong>to</strong></span> <span class='ocrx_word' id='word_1_507' title='bbox 391 4120 781 4191; x_wconf 89' lang='lat' dir='ltr'><strong>imprecatum</strong></span> <span class='ocrx_word' id='word_1_508' title='bbox 822 4118 879 4172; x_wconf 92' lang='lat' dir='ltr'><strong>in</strong></span> <span class='ocrx_word' id='word_1_509' title='bbox 906 4119 1189 4174; x_wconf 89' lang='lat' dir='ltr'><strong>ultionem</strong></span> <span class='ocrx_word' id='word_1_510' title='bbox 1223 4123 1444 4190; x_wconf 77' lang='lat' dir='ltr'><strong>negatae</strong></span> <span class='ocrx_word' id='word_1_511' title='bbox 1469 4118 1718 4189; x_wconf 89' lang='lat' dir='ltr'><strong>supplici</strong></span> <span class='ocrx_word' id='word_1_512' title='bbox 1751 4118 1967 4190; x_wconf 68' lang='lat' dir='ltr'><strong>gratiae.</strong></span> 
     </span>
    </p>
   </div>
   <div class='ocr_carea' id='block_1_69' title="bbox 309 4207 1973 4281">
    <p class='ocr_par' dir='ltr' id='par_1_69' title="bbox 309 4207 1973 4281">
     <span class='ocr_line' id='line_1_69' title="bbox 309 4207 1973 4281; baseline -0.001 -15"><span class='ocrx_word' id='word_1_513' title='bbox 309 4210 414 4266; x_wconf 87' lang='lat' dir='ltr'><strong>His</strong></span> <span class='ocrx_word' id='word_1_514' title='bbox 464 4209 633 4281; x_wconf 89' lang='lat' dir='ltr'><strong>quasi</strong></span> <span class='ocrx_word' id='word_1_515' title='bbox 685 4207 1040 4279; x_wconf 89' lang='lat' dir='ltr'><strong>quibusdam</strong></span> <span class='ocrx_word' id='word_1_516' title='bbox 1089 4208 1380 4263; x_wconf 88' lang='lat' dir='ltr'><strong>machinis</strong></span> <span class='ocrx_word' id='word_1_517' title='bbox 1439 4213 1542 4263; x_wconf 87' lang='lat' dir='ltr'><strong>aut</strong></span> <span class='ocrx_word' id='word_1_518' title='bbox 1587 4208 1973 4264; x_wconf 88' lang='lat' dir='ltr'><strong>validissimis</strong></span> 
     </span>
    </p>
   </div>
   <div class='ocr_carea' id='block_1_70' title="bbox 311 4299 1974 4369">
    <p class='ocr_par' dir='ltr' id='par_1_70' title="bbox 311 4299 1974 4369">
     <span class='ocr_line' id='line_1_70' title="bbox 311 4299 1974 4369; baseline -0.001 -14"><span class='ocrx_word' id='word_1_519' title='bbox 311 4299 598 4356; x_wconf 82' lang='lat' dir='ltr'><strong>arietibus</strong></span> <span class='ocrx_word' id='word_1_520' title='bbox 630 4315 1020 4354; x_wconf 88' lang='lat' dir='ltr'><strong>concussuros</strong></span> <span class='ocrx_word' id='word_1_521' title='bbox 1051 4303 1109 4353; x_wconf 93' lang='lat' dir='ltr'><strong>et</strong></span> <span class='ocrx_word' id='word_1_522' title='bbox 1139 4299 1472 4369; x_wconf 85' lang='lat' dir='ltr'><strong>dejecturos</strong></span> <span class='ocrx_word' id='word_1_523' title='bbox 1504 4314 1634 4353; x_wconf 91' lang='lat' dir='ltr'><strong>sese</strong></span> <span class='ocrx_word' id='word_1_524' title='bbox 1664 4299 1878 4354; x_wconf 87' lang='lat' dir='ltr'><strong>turrim</strong></span> <span class='ocrx_word' id='word_1_525' title='bbox 1902 4299 1974 4354; x_wconf 88' lang='lat' dir='ltr'><strong>il-</strong></span> 
     </span>
    </p>
   </div>
   <div class='ocr_carea' id='block_1_71' title="bbox 309 4386 1974 4460">
    <p class='ocr_par' dir='ltr' id='par_1_71' title="bbox 309 4386 1974 4460">
     <span class='ocr_line' id='line_1_71' title="bbox 309 4386 1974 4460; baseline -0.001 -16"><span class='ocrx_word' id='word_1_526' title='bbox 309 4388 432 4444; x_wconf 87' lang='lat' dir='ltr'><strong>lam</strong></span> <span class='ocrx_word' id='word_1_527' title='bbox 465 4386 663 4443; x_wconf 87' lang='lat' dir='ltr'><strong>invicti</strong></span> <span class='ocrx_word' id='word_1_528' title='bbox 694 4387 874 4442; x_wconf 87' lang='lat' dir='ltr'><strong>animi</strong></span> <span class='ocrx_word' id='word_1_529' title='bbox 907 4386 1362 4442; x_wconf 86' lang='lat' dir='ltr'><strong>calumniatores</strong></span> <span class='ocrx_word' id='word_1_530' title='bbox 1413 4387 1760 4459; x_wconf 89' lang='lat' dir='ltr'><strong>nequissimi</strong></span> <span class='ocrx_word' id='word_1_531' title='bbox 1803 4392 1974 4460; x_wconf 86' lang='lat' dir='ltr'><strong>puta-</strong></span> 
     </span>
    </p>
   </div>
   <div class='ocr_carea' id='block_1_72' title="bbox 311 4477 1974 4549">
    <p class='ocr_par' dir='ltr' id='par_1_72' title="bbox 311 4477 1974 4549">
     <span class='ocr_line' id='line_1_72' title="bbox 311 4477 1974 4549; baseline -0.001 -16"><span class='ocrx_word' id='word_1_532' title='bbox 311 4477 781 4533; x_wconf 89' lang='lat' dir='ltr'><strong>bant.Incitabat</strong></span> <span class='ocrx_word' id='word_1_533' title='bbox 809 4480 1005 4531; x_wconf 91' lang='lat' dir='ltr'><strong>autem</strong></span> <span class='ocrx_word' id='word_1_534' title='bbox 1038 4493 1135 4531; x_wconf 91' lang='lat' dir='ltr'><strong>eos</strong></span> <span class='ocrx_word' id='word_1_535' title='bbox 1170 4477 1455 4533; x_wconf 87' lang='lat' dir='ltr'><strong>accedens</strong></span> <span class='ocrx_word' id='word_1_536' title='bbox 1482 4478 1553 4532; x_wconf 90' lang='lat' dir='ltr'><strong>ad</strong></span> <span class='ocrx_word' id='word_1_537' title='bbox 1586 4494 1708 4533; x_wconf 90' lang='lat' dir='ltr'><strong>rem</strong></span> <span class='ocrx_word' id='word_1_538' title='bbox 1758 4494 1974 4549; x_wconf 88' lang='lat' dir='ltr'><strong>urgen-</strong></span> 
     </span>
    </p>
   </div>
   <div class='ocr_carea' id='block_1_73' title="bbox 311 4565 1976 4638">
    <p class='ocr_par' dir='ltr' id='par_1_73' title="bbox 311 4565 1976 4638">
     <span class='ocr_line' id='line_1_73' title="bbox 311 4565 1976 4638; baseline -0.001 -15"><span class='ocrx_word' id='word_1_539' title='bbox 311 4568 451 4623; x_wconf 89' lang='lat' dir='ltr'><strong>dam</strong></span> <span class='ocrx_word' id='word_1_540' title='bbox 488 4565 699 4638; x_wconf 86' lang='lat' dir='ltr'><strong>Ephesi</strong></span> <span class='ocrx_word' id='word_1_541' title='bbox 721 4565 971 4621; x_wconf 88' lang='lat' dir='ltr'><strong>antistes</strong></span> <span class='ocrx_word' id='word_1_542' title='bbox 1004 4569 1187 4635; x_wconf 89' lang='lat' dir='ltr'><strong>Isaac,</strong></span> <span class='ocrx_word' id='word_1_543' title='bbox 1217 4581 1333 4636; x_wconf 91' lang='lat' dir='ltr'><strong>quo</strong></span> <span class='ocrx_word' id='word_1_544' title='bbox 1367 4565 1663 4638; x_wconf 88' lang='lat' dir='ltr'><strong>spirituali</strong></span> <span class='ocrx_word' id='word_1_545' title='bbox 1694 4571 1863 4622; x_wconf 89' lang='lat' dir='ltr'><strong>Patre</strong></span> <span class='ocrx_word' id='word_1_546' title='bbox 1887 4572 1976 4623; x_wconf 88' lang='lat' dir='ltr'><strong>at-</strong></span> 
     </span>
    </p>
   </div>
   <div class='ocr_carea' id='block_1_74' title="bbox 2071 3414 3728 3490">
    <p class='ocr_par' dir='ltr' id='par_1_74' title="bbox 2071 3414 3728 3490">
     <span class='ocr_line' id='line_1_74' title="bbox 2071 3414 3728 3490; baseline 0.001 -20"><span class='ocrx_word' id='word_1_547' title='bbox 2071 3418 2376 3470; x_wconf 86' lang='lat' dir='ltr'><strong>cusatores</strong></span> <span class='ocrx_word' id='word_1_548' title='bbox 2390 3414 2860 3483; x_wconf 72' lang='lat' dir='ltr'><strong>adjuvans,452</strong></span> <span class='ocrx_word' id='word_1_549' title='bbox 2879 3419 2935 3469; x_wconf 90' lang='lat' dir='ltr'><strong>et</strong></span> <span class='ocrx_word' id='word_1_550' title='bbox 2958 3420 3076 3470; x_wconf 86' lang='lat' dir='ltr'><strong>lota</strong></span> <span class='ocrx_word' id='word_1_551' title='bbox 3097 3433 3204 3470; x_wconf 87' lang='lat' dir='ltr'><strong>sua</strong></span> <span class='ocrx_word' id='word_1_552' title='bbox 3226 3416 3426 3473; x_wconf 82' lang='lat' dir='ltr'><strong>fovens</strong></span> <span class='ocrx_word' id='word_1_553' title='bbox 3448 3419 3728 3490; x_wconf 88' lang='lat' dir='ltr'><strong>potentia,</strong></span> 
     </span>
    </p>
   </div>
   <div class='ocr_carea' id='block_1_75' title="bbox 2075 3521 3734 3594">
    <p class='ocr_par' dir='ltr' id='par_1_75' title="bbox 2075 3521 3734 3594">
     <span class='ocr_line' id='line_1_75' title="bbox 2075 3521 3734 3594; baseline 0.003 -19"><span class='ocrx_word' id='word_1_554' title='bbox 2075 3522 2159 3575; x_wconf 82' lang='grc'><strong>11.</strong></span> <span class='ocrx_word' id='word_1_555' title='bbox 2197 3521 2261 3577; x_wconf 79' lang='lat' dir='ltr'><strong>Ut</strong></span> <span class='ocrx_word' id='word_1_556' title='bbox 2293 3522 2512 3594; x_wconf 72' lang='lat' dir='ltr'><strong>perlata</strong></span> <span class='ocrx_word' id='word_1_557' title='bbox 2585 3522 3052 3592; x_wconf 77' lang='lat' dir='ltr'><strong>promulgataque</strong></span> <span class='ocrx_word' id='word_1_558' title='bbox 3123 3525 3295 3592; x_wconf 80' lang='lat' dir='ltr'><strong>fuerit</strong></span> <span class='ocrx_word' id='word_1_559' title='bbox 3369 3525 3734 3594; x_wconf 77' lang='lat' dir='ltr'><strong>imperatoria</strong></span> 
     </span>
    </p>
   </div>
   <div class='ocr_carea' id='block_1_76' title="bbox 2145 3593 3735 3669">
    <p class='ocr_par' dir='ltr' id='par_1_76' title="bbox 2145 3593 3735 3669">
     <span class='ocr_line' id='line_1_76' title="bbox 2145 3593 3735 3669; baseline 0.004 -23"><span class='ocrx_word' id='word_1_560' title='bbox 2145 3593 2361 3669; x_wconf 73' lang='lat' dir='ltr'><strong>novella</strong></span> <span class='ocrx_word' id='word_1_561' title='bbox 2412 3593 2482 3669; x_wconf 67' lang='lat' dir='ltr'><strong>de</strong></span> <span class='ocrx_word' id='word_1_562' title='bbox 2533 3596 3063 3669; x_wconf 68' lang='lat' dir='ltr'><strong>stuaropegz‘z‘s_sive</strong></span> <span class='ocrx_word' id='word_1_563' title='bbox 3122 3595 3253 3651; x_wconf 79' lang='lat' dir='ltr'><strong>locis</strong></span> <span class='ocrx_word' id='word_1_564' title='bbox 3305 3593 3478 3651; x_wconf 76' lang='lat' dir='ltr'><strong>sacris</strong></span> <span class='ocrx_word' id='word_1_565' title='bbox 3507 3600 3735 3669; x_wconf 81' lang='lat' dir='ltr'><strong>proprie</strong></span> 
     </span>
    </p>
   </div>
   <div class='ocr_carea' id='block_1_77' title="bbox 2147 3663 2803 3736">
    <p class='ocr_par' dir='ltr' id='par_1_77' title="bbox 2147 3663 2803 3736">
     <span class='ocr_line' id='line_1_77' title="bbox 2147 3663 2803 3736; baseline 0.002 -17"><span class='ocrx_word' id='word_1_566' title='bbox 2147 3663 2490 3735; x_wconf 65' lang='lat' dir='ltr'><strong>patriarchae</strong></span> <span class='ocrx_word' id='word_1_567' title='bbox 2520 3666 2803 3736; x_wconf 79' lang='lat' dir='ltr'><strong>subjectis.</strong></span> 
     </span>
    </p>
   </div>
   <div class='ocr_carea' id='block_1_78' title="bbox 2149 3770 3740 3847">
    <p class='ocr_par' dir='ltr' id='par_1_78' title="bbox 2149 3770 3740 3847">
     <span class='ocr_line' id='line_1_78' title="bbox 2149 3770 3740 3847; baseline 0.006 -23"><span class='ocrx_word' id='word_1_568' title='bbox 2149 3770 2372 3824; x_wconf 90' lang='lat' dir='ltr'><strong>Prodiit</strong></span> <span class='ocrx_word' id='word_1_569' title='bbox 2403 3771 2558 3825; x_wconf 90' lang='lat' dir='ltr'><strong>enim</strong></span> <span class='ocrx_word' id='word_1_570' title='bbox 2592 3771 2974 3842; x_wconf 86' lang='lat' dir='ltr'><strong>imperatoria</strong></span> <span class='ocrx_word' id='word_1_571' title='bbox 3006 3773 3267 3840; x_wconf 89' lang='lat' dir='ltr'><strong>Novella,</strong></span> <span class='ocrx_word' id='word_1_572' title='bbox 3301 3791 3416 3847; x_wconf 90' lang='lat' dir='ltr'><strong>qua</strong></span> <span class='ocrx_word' id='word_1_573' title='bbox 3456 3793 3590 3831; x_wconf 91' lang='lat' dir='ltr'><strong>cum</strong></span> <span class='ocrx_word' id='word_1_574' title='bbox 3625 3776 3740 3834; x_wconf 85' lang='lat' dir='ltr'><strong>alia</strong></span> 
     </span>
    </p>
   </div>
   <div class='ocr_carea' id='block_1_79' title="bbox 2081 3852 3742 3936">
    <p class='ocr_par' dir='ltr' id='par_1_79' title="bbox 2081 3852 3742 3936">
     <span class='ocr_line' id='line_1_79' title="bbox 2081 3852 3742 3936; baseline 0.004 -23"><span class='ocrx_word' id='word_1_575' title='bbox 2081 3860 2552 3914; x_wconf 89' lang='lat' dir='ltr'><strong>decernebantur</strong></span> <span class='ocrx_word' id='word_1_576' title='bbox 2598 3862 2893 3930; x_wconf 82' lang='lat' dir='ltr'><strong>quaedam,</strong></span> <span class='ocrx_word' id='word_1_577' title='bbox 2923 3867 3053 3917; x_wconf 88' lang='lat' dir='ltr'><strong>tum</strong></span> <span class='ocrx_word' id='word_1_578' title='bbox 3112 3862 3258 3917; x_wconf 92' lang='lat' dir='ltr'><strong>illud</strong></span> <span class='ocrx_word' id='word_1_579' title='bbox 3311 3852 3370 3919; x_wconf 77' lang='lat' dir='ltr'><strong>in</strong></span> <span class='ocrx_word' id='word_1_580' title='bbox 3404 3866 3634 3936; x_wconf 88' lang='lat' dir='ltr'><strong>primis,</strong></span> <span class='ocrx_word' id='word_1_581' title='bbox 3680 3871 3742 3921; x_wconf 83' lang='lat' dir='ltr'><strong>ut</strong></span> 
     </span>
    </p>
   </div>
   <div class='ocr_carea' id='block_1_80' title="bbox 2083 3949 3744 4023">
    <p class='ocr_par' dir='ltr' id='par_1_80' title="bbox 2083 3949 3744 4023">
     <span class='ocr_line' id='line_1_80' title="bbox 2083 3949 3744 4023; baseline 0.005 -21"><span class='ocrx_word' id='word_1_582' title='bbox 2083 3966 2214 4020; x_wconf 70' lang='lat' dir='ltr'><strong>quae</strong></span> <span class='ocrx_word' id='word_1_583' title='bbox 2245 3949 2584 4020; x_wconf 87' lang='lat' dir='ltr'><strong>ubicunque</strong></span> <span class='ocrx_word' id='word_1_584' title='bbox 2614 3949 2702 4004; x_wconf 91' lang='lat' dir='ltr'><strong>vel</strong></span> <span class='ocrx_word' id='word_1_585' title='bbox 2733 3952 3187 4021; x_wconf 89' lang='lat' dir='ltr'><strong>cujusquemodi</strong></span> <span class='ocrx_word' id='word_1_586' title='bbox 3222 3951 3349 4008; x_wconf 87' lang='lat' dir='ltr'><strong>loca</strong></span> <span class='ocrx_word' id='word_1_587' title='bbox 3377 3954 3486 4023; x_wconf 88' lang='lat' dir='ltr'><strong>vel,</strong></span> <span class='ocrx_word' id='word_1_588' title='bbox 3535 3972 3744 4010; x_wconf 86' lang='lat' dir='ltr'><strong>mona—</strong></span> 
     </span>
    </p>
   </div>
   <div class='ocr_carea' id='block_1_81' title="bbox 2083 4038 3742 4113">
    <p class='ocr_par' dir='ltr' id='par_1_81' title="bbox 2083 4038 3742 4113">
     <span class='ocr_line' id='line_1_81' title="bbox 2083 4038 3742 4113; baseline 0.002 -17"><span class='ocrx_word' id='word_1_589' title='bbox 2083 4039 2262 4096; x_wconf 89' lang='lat' dir='ltr'><strong>steria</strong></span> <span class='ocrx_word' id='word_1_590' title='bbox 2294 4038 2636 4109; x_wconf 84' lang='lat' dir='ltr'><strong>patriarchae</strong></span> <span class='ocrx_word' id='word_1_591' title='bbox 2661 4040 2761 4093; x_wconf 92' lang='lat' dir='ltr'><strong>uni</strong></span> <span class='ocrx_word' id='word_1_592' title='bbox 2786 4042 3052 4111; x_wconf 85' lang='lat' dir='ltr'><strong>subjecla</strong></span> <span class='ocrx_word' id='word_1_593' title='bbox 3070 4048 3309 4098; x_wconf 86' lang='lat' dir='ltr'><strong>eatenus</strong></span> <span class='ocrx_word' id='word_1_594' title='bbox 3323 4045 3742 4113; x_wconf 87' lang='lat' dir='ltr'><strong>censebantur,</strong></span> 
     </span>
    </p>
   </div>
   <div class='ocr_carea' id='block_1_82' title="bbox 2084 4129 3742 4204">
    <p class='ocr_par' dir='ltr' id='par_1_82' title="bbox 2084 4129 3742 4204">
     <span class='ocr_line' id='line_1_82' title="bbox 2084 4129 3742 4204; baseline 0.002 -19"><span class='ocrx_word' id='word_1_595' title='bbox 2084 4146 2151 4185; x_wconf 87' lang='lat' dir='ltr'><strong>ea</strong></span> <span class='ocrx_word' id='word_1_596' title='bbox 2177 4129 2454 4200; x_wconf 85' lang='lat' dir='ltr'><strong>deinceps</strong></span> <span class='ocrx_word' id='word_1_597' title='bbox 2487 4129 2804 4200; x_wconf 90' lang='lat' dir='ltr'><strong>episcopis,</strong></span> <span class='ocrx_word' id='word_1_598' title='bbox 2846 4146 3096 4200; x_wconf 90' lang='lat' dir='ltr'><strong>quorum</strong></span> <span class='ocrx_word' id='word_1_599' title='bbox 3150 4130 3261 4184; x_wconf 74' lang='lat' dir='ltr'><strong>illa:</strong></span> <span class='ocrx_word' id='word_1_600' title='bbox 3304 4134 3551 4204; x_wconf 67' lang='lat' dir='ltr'><strong>prOpriaa</strong></span> <span class='ocrx_word' id='word_1_601' title='bbox 3599 4135 3742 4190; x_wconf 88' lang='lat' dir='ltr'><strong>dice-</strong></span> 
     </span>
    </p>
   </div>
   <div class='ocr_carea' id='block_1_83' title="bbox 2087 4219 3749 4291">
    <p class='ocr_par' dir='ltr' id='par_1_83' title="bbox 2087 4219 3749 4291">
     <span class='ocr_line' id='line_1_83' title="bbox 2087 4219 3749 4291; baseline 0.002 -17"><span class='ocrx_word' id='word_1_602' title='bbox 2087 4236 2248 4274; x_wconf 88' lang='lat' dir='ltr'><strong>ceses</strong></span> <span class='ocrx_word' id='word_1_603' title='bbox 2272 4223 2493 4286; x_wconf 90' lang='lat' dir='ltr'><strong>essent,</strong></span> <span class='ocrx_word' id='word_1_604' title='bbox 2514 4221 2649 4288; x_wconf 85' lang='lat' dir='ltr'><strong>jure</strong></span> <span class='ocrx_word' id='word_1_605' title='bbox 2668 4219 2963 4274; x_wconf 89' lang='lat' dir='ltr'><strong>ordinario</strong></span> <span class='ocrx_word' id='word_1_606' title='bbox 2987 4221 3378 4291; x_wconf 84' lang='lat' dir='ltr'><strong>subjacerent.</strong></span> <span class='ocrx_word' id='word_1_607' title='bbox 3405 4223 3749 4278; x_wconf 88' lang='lat' dir='ltr'><strong>Addebatur</strong></span> 
     </span>
    </p>
   </div>
   <div class='ocr_carea' id='block_1_84' title="bbox 2089 4309 3748 4379">
    <p class='ocr_par' dir='ltr' id='par_1_84' title="bbox 2089 4309 3748 4379">
     <span class='ocr_line' id='line_1_84' title="bbox 2089 4309 3748 4379; baseline 0.002 -15"><span class='ocrx_word' id='word_1_608' title='bbox 2089 4309 2304 4364; x_wconf 89' lang='lat' dir='ltr'><strong>decreti</strong></span> <span class='ocrx_word' id='word_1_609' title='bbox 2338 4309 2506 4378; x_wconf 87' lang='lat' dir='ltr'><strong>ratio,</strong></span> <span class='ocrx_word' id='word_1_610' title='bbox 2543 4325 2643 4379; x_wconf 86' lang='lat' dir='ltr'><strong>per</strong></span> <span class='ocrx_word' id='word_1_611' title='bbox 2681 4309 3124 4365; x_wconf 83' lang='lat' dir='ltr'><strong>abusumviderl</strong></span> <span class='ocrx_word' id='word_1_612' title='bbox 3159 4315 3428 4366; x_wconf 88' lang='lat' dir='ltr'><strong>etcontra</strong></span> <span class='ocrx_word' id='word_1_613' title='bbox 3447 4329 3748 4368; x_wconf 86' lang='lat' dir='ltr'><strong>sacrorum</strong></span> 
     </span>
    </p>
   </div>
   <div class='ocr_carea' id='block_1_85' title="bbox 2092 4398 3750 4474">
    <p class='ocr_par' dir='ltr' id='par_1_85' title="bbox 2092 4398 3750 4474">
     <span class='ocr_line' id='line_1_85' title="bbox 2092 4398 3750 4474; baseline 0.002 -19"><span class='ocrx_word' id='word_1_614' title='bbox 2092 4415 2380 4455; x_wconf 87' lang='lat' dir='ltr'><strong>canonum</strong></span> <span class='ocrx_word' id='word_1_615' title='bbox 2415 4398 2823 4454; x_wconf 85' lang='lat' dir='ltr'><strong>auctoritatem</strong></span> <span class='ocrx_word' id='word_1_616' title='bbox 2858 4404 3144 4456; x_wconf 89' lang='lat' dir='ltr'><strong>attentum</strong></span> <span class='ocrx_word' id='word_1_617' title='bbox 3180 4402 3234 4456; x_wconf 90' lang='lat' dir='ltr'><strong>id</strong></span> <span class='ocrx_word' id='word_1_618' title='bbox 3269 4404 3426 4472; x_wconf 88' lang='lat' dir='ltr'><strong>quod</strong></span> <span class='ocrx_word' id='word_1_619' title='bbox 3477 4419 3544 4458; x_wconf 83' lang='lat' dir='ltr'><strong>ex</strong></span> <span class='ocrx_word' id='word_1_620' title='bbox 3577 4403 3750 4474; x_wconf 84' lang='lat' dir='ltr'><strong>longo</strong></span> 
     </span>
    </p>
   </div>
   <div class='ocr_carea' id='block_1_86' title="bbox 2091 4489 3754 4564">
    <p class='ocr_par' dir='ltr' id='par_1_86' title="bbox 2091 4489 3754 4564">
     <span class='ocr_line' id='line_1_86' title="bbox 2091 4489 3754 4564; baseline 0.003 -21"><span class='ocrx_word' id='word_1_621' title='bbox 2091 4489 2379 4544; x_wconf 89' lang='lat' dir='ltr'><strong>hactenus</strong></span> <span class='ocrx_word' id='word_1_622' title='bbox 2444 4493 2706 4558; x_wconf 90' lang='lat' dir='ltr'><strong>tempore</strong></span> <span class='ocrx_word' id='word_1_623' title='bbox 2758 4489 3094 4546; x_wconf 85' lang='lat' dir='ltr'><strong>factitatum</strong></span> <span class='ocrx_word' id='word_1_624' title='bbox 3164 4491 3375 4557; x_wconf 81' lang='lat' dir='ltr'><strong>fuerat,</strong></span> <span class='ocrx_word' id='word_1_625' title='bbox 3431 4497 3495 4547; x_wconf 87' lang='lat' dir='ltr'><strong>ut</strong></span> <span class='ocrx_word' id='word_1_626' title='bbox 3543 4509 3754 4564; x_wconf 88' lang='lat' dir='ltr'><strong>nempe</strong></span> 
     </span>
    </p>
   </div>
   <div class='ocr_carea' id='block_1_87' title="bbox 2093 4578 3755 4651">
    <p class='ocr_par' dir='ltr' id='par_1_87' title="bbox 2093 4578 3755 4651">
     <span class='ocr_line' id='line_1_87' title="bbox 2093 4578 3755 4651; baseline 0.002 -18"><span class='ocrx_word' id='word_1_627' title='bbox 2093 4578 2440 4650; x_wconf 67' lang='lat' dir='ltr'><strong>patriarchae</strong></span> <span class='ocrx_word' id='word_1_628' title='bbox 2461 4579 3112 4651; x_wconf 89' lang='lat' dir='ltr'><strong>Constantinopolitano</strong></span> <span class='ocrx_word' id='word_1_629' title='bbox 3137 4581 3290 4636; x_wconf 88' lang='lat' dir='ltr'><strong>ultra</strong></span> <span class='ocrx_word' id='word_1_630' title='bbox 3311 4582 3455 4638; x_wconf 87' lang='lat' dir='ltr'><strong>lines</strong></span> <span class='ocrx_word' id='word_1_631' title='bbox 3487 4583 3755 4639; x_wconf 85' lang='lat' dir='ltr'><strong>diceeesis</strong></span> 
     </span>
    </p>
   </div>
   <div class='ocr_carea' id='block_1_88' title="bbox 313 4655 3751 4757">
    <p class='ocr_par' dir='ltr' id='par_1_88' title="bbox 313 4655 3751 4757">
     <span class='ocr_line' id='line_1_88' title="bbox 313 4655 3751 4757; baseline 0.004 -45"><span class='ocrx_word' id='word_1_632' title='bbox 313 4672 434 4729; x_wconf 85' lang='lat' dir='ltr'><strong>que</strong></span> <span class='ocrx_word' id='word_1_633' title='bbox 465 4655 1116 4757; x_wconf 48' lang='lat' dir='ltr'><strong>arbitronconacientia“:</strong></span> <span class='ocrx_word' id='word_1_634' title='bbox 1143 4658 1303 4757; x_wconf 50' lang='lat' dir='ltr'><strong>‘tUDO</strong></span> <span class='ocrx_word' id='word_1_635' title='bbox 1332 4656 1638 4757; x_wconf 41' lang='lat' dir='ltr'><strong>AUSI&#39;JStl‘lS</strong></span> <span class='ocrx_word' id='word_1_636' title='bbox 1661 4657 1976 4757; x_wconf 42' lang='grc' dir='ltr'><strong>,υῐθὶξᾶῐυξςί</strong></span> <span class='ocrx_word' id='word_1_637' title='bbox 2013 4693 2058 4757; x_wconf 80' lang='lat' dir='ltr'><strong>D</strong></span> <span class='ocrx_word' id='word_1_638' title='bbox 2095 4668 2455 4740; x_wconf 72' lang='lat' dir='ltr'><strong>proprizejus</strong></span> <span class='ocrx_word' id='word_1_639' title='bbox 2487 4673 2868 4740; x_wconf 86' lang='lat' dir='ltr'><strong>competeret.</strong></span> <span class='ocrx_word' id='word_1_640' title='bbox 2914 4670 3077 4734; x_wconf 90' lang='lat' dir='ltr'><strong>Quod</strong></span> <span class='ocrx_word' id='word_1_641' title='bbox 3117 4671 3216 4742; x_wconf 89' lang='lat' dir='ltr'><strong>qui</strong></span> <span class='ocrx_word' id='word_1_642' title='bbox 3249 4671 3502 4740; x_wconf 90' lang='lat' dir='ltr'><strong>dicebat,</strong></span> <span class='ocrx_word' id='word_1_643' title='bbox 3526 4689 3640 4728; x_wconf 89' lang='lat' dir='ltr'><strong>non</strong></span> <span class='ocrx_word' id='word_1_644' title='bbox 3661 4672 3751 4726; x_wconf 89' lang='lat' dir='ltr'><strong>in-</strong></span> 
     </span>
    </p>
   </div>
   <div class='ocr_carea' id='block_1_89' title="bbox 312 4742 1978 4817">
    <p class='ocr_par' dir='ltr' id='par_1_89' title="bbox 312 4742 1978 4817">
     <span class='ocr_line' id='line_1_89' title="bbox 312 4742 1978 4817; baseline -0.002 -15"><span class='ocrx_word' id='word_1_645' title='bbox 312 4761 433 4802; x_wconf 90' lang='lat' dir='ltr'><strong>non</strong></span> <span class='ocrx_word' id='word_1_646' title='bbox 457 4745 613 4817; x_wconf 89' lang='lat' dir='ltr'><strong>quod</strong></span> <span class='ocrx_word' id='word_1_647' title='bbox 649 4743 829 4800; x_wconf 90' lang='lat' dir='ltr'><strong>ullam</strong></span> <span class='ocrx_word' id='word_1_648' title='bbox 859 4744 988 4816; x_wconf 89' lang='lat' dir='ltr'><strong>ipse</strong></span> <span class='ocrx_word' id='word_1_649' title='bbox 1019 4742 1258 4814; x_wconf 87' lang='lat' dir='ltr'><strong>quidem</strong></span> <span class='ocrx_word' id='word_1_650' title='bbox 1292 4745 1525 4814; x_wconf 90' lang='lat' dir='ltr'><strong>proprie</strong></span> <span class='ocrx_word' id='word_1_651' title='bbox 1580 4743 1822 4800; x_wconf 90' lang='lat' dir='ltr'><strong>haberet</strong></span> <span class='ocrx_word' id='word_1_652' title='bbox 1859 4745 1978 4800; x_wconf 92' lang='lat' dir='ltr'><strong>odii</strong></span> 
     </span>
    </p>
   </div>
   <div class='ocr_carea' id='block_1_90' title="bbox 313 4832 1982 4905">
    <p class='ocr_par' dir='ltr' id='par_1_90' title="bbox 313 4832 1982 4905">
     <span class='ocr_line' id='line_1_90' title="bbox 313 4832 1982 4905; baseline -0.001 -14"><span class='ocrx_word' id='word_1_653' title='bbox 313 4851 560 4892; x_wconf 86' lang='lat' dir='ltr'><strong>causam</strong></span> <span class='ocrx_word' id='word_1_654' title='bbox 591 4834 873 4890; x_wconf 86' lang='lat' dir='ltr'><strong>adversus</strong></span> <span class='ocrx_word' id='word_1_655' title='bbox 905 4832 1433 4905; x_wconf 80' lang='lat' dir='ltr'><strong>patriarcham,sed</strong></span> <span class='ocrx_word' id='word_1_656' title='bbox 1458 4837 1522 4888; x_wconf 92' lang='lat' dir='ltr'><strong>ut</strong></span> <span class='ocrx_word' id='word_1_657' title='bbox 1552 4833 1982 4905; x_wconf 82' lang='lat' dir='ltr'><strong>gratiﬁcaretur</strong></span> 
     </span>
    </p>
   </div>
   <div class='ocr_carea' id='block_1_91' title="bbox 312 4921 1978 4996">
    <p class='ocr_par' dir='ltr' id='par_1_91' title="bbox 312 4921 1978 4996">
     <span class='ocr_line' id='line_1_91' title="bbox 312 4921 1978 4996; baseline -0.002 -15"><span class='ocrx_word' id='word_1_658' title='bbox 312 4923 660 4996; x_wconf 82' lang='lat' dir='ltr'><strong>imperatori</strong></span> <span class='ocrx_word' id='word_1_659' title='bbox 691 4922 752 4978; x_wconf 91' lang='lat' dir='ltr'><strong>in</strong></span> <span class='ocrx_word' id='word_1_660' title='bbox 793 4940 920 4980; x_wconf 89' lang='lat' dir='ltr'><strong>eam</strong></span> <span class='ocrx_word' id='word_1_661' title='bbox 953 4939 1132 4995; x_wconf 89' lang='lat' dir='ltr'><strong>quam</strong></span> <span class='ocrx_word' id='word_1_662' title='bbox 1164 4921 1266 4977; x_wconf 80' lang='lat' dir='ltr'><strong>ille</strong></span> <span class='ocrx_word' id='word_1_663' title='bbox 1296 4923 1404 4977; x_wconf 90' lang='lat' dir='ltr'><strong>hac</strong></span> <span class='ocrx_word' id='word_1_664' title='bbox 1436 4932 1559 4979; x_wconf 79' lang='lat' dir='ltr'><strong>arte</strong></span> <span class='ocrx_word' id='word_1_665' title='bbox 1599 4928 1978 4995; x_wconf 88' lang='lat' dir='ltr'><strong>procuratum</strong></span> 
     </span>
    </p>
   </div>
   <div class='ocr_carea' id='block_1_92' title="bbox 316 5011 1980 5088">
    <p class='ocr_par' dir='ltr' id='par_1_92' title="bbox 316 5011 1980 5088">
     <span class='ocr_line' id='line_1_92' title="bbox 316 5011 1980 5088; baseline 0.001 -18"><span class='ocrx_word' id='word_1_666' title='bbox 316 5015 446 5071; x_wconf 87' lang='lat' dir='ltr'><strong>ibat</strong></span> <span class='ocrx_word' id='word_1_667' title='bbox 492 5013 854 5070; x_wconf 88' lang='lat' dir='ltr'><strong>retusionem</strong></span> <span class='ocrx_word' id='word_1_668' title='bbox 906 5011 1272 5070; x_wconf 73' lang='lat' dir='ltr'><strong>conﬁdentiae</strong></span> <span class='ocrx_word' id='word_1_669' title='bbox 1318 5013 1514 5083; x_wconf 89' lang='lat' dir='ltr'><strong>Vecci,</strong></span> <span class='ocrx_word' id='word_1_670' title='bbox 1566 5029 1637 5069; x_wconf 88' lang='lat' dir='ltr'><strong>ne</strong></span> <span class='ocrx_word' id='word_1_671' title='bbox 1703 5015 1980 5088; x_wconf 89' lang='lat' dir='ltr'><strong>deinceps</strong></span> 
     </span>
    </p>
   </div>
   <div class='ocr_carea' id='block_1_93' title="bbox 319 5103 1980 5176">
    <p class='ocr_par' dir='ltr' id='par_1_93' title="bbox 319 5103 1980 5176">
     <span class='ocr_line' id='line_1_93' title="bbox 319 5103 1980 5176; baseline 0 -15"><span class='ocrx_word' id='word_1_672' title='bbox 319 5110 445 5161; x_wconf 90' lang='lat' dir='ltr'><strong>tam</strong></span> <span class='ocrx_word' id='word_1_673' title='bbox 478 5104 658 5160; x_wconf 90' lang='lat' dir='ltr'><strong>libere</strong></span> <span class='ocrx_word' id='word_1_674' title='bbox 681 5121 851 5176; x_wconf 90' lang='lat' dir='ltr'><strong>agere</strong></span> <span class='ocrx_word' id='word_1_675' title='bbox 881 5119 1082 5159; x_wconf 90' lang='lat' dir='ltr'><strong>secum</strong></span> <span class='ocrx_word' id='word_1_676' title='bbox 1114 5103 1682 5171; x_wconf 86' lang='lat' dir='ltr'><strong>auderet,efﬁcacem</strong></span> <span class='ocrx_word' id='word_1_677' title='bbox 1709 5120 1809 5174; x_wconf 85' lang='lat' dir='ltr'><strong>pro</strong></span> <span class='ocrx_word' id='word_1_678' title='bbox 1828 5105 1980 5161; x_wconf 90' lang='lat' dir='ltr'><strong>virili</strong></span> 
     </span>
    </p>
   </div>
   <div class='ocr_carea' id='block_1_94' title="bbox 317 5192 1981 5263">
    <p class='ocr_par' dir='ltr' id='par_1_94' title="bbox 317 5192 1981 5263">
     <span class='ocr_line' id='line_1_94' title="bbox 317 5192 1981 5263; baseline 0.001 -14"><span class='ocrx_word' id='word_1_679' title='bbox 317 5193 612 5250; x_wconf 81' lang='lat' dir='ltr'><strong>conferret</strong></span> <span class='ocrx_word' id='word_1_680' title='bbox 669 5210 930 5263; x_wconf 90' lang='lat' dir='ltr'><strong>operam.</strong></span> <span class='ocrx_word' id='word_1_681' title='bbox 981 5193 1328 5262; x_wconf 85' lang='lat' dir='ltr'><strong>Quanquam</strong></span> <span class='ocrx_word' id='word_1_682' title='bbox 1376 5209 1491 5246; x_wconf 91' lang='lat' dir='ltr'><strong>non</strong></span> <span class='ocrx_word' id='word_1_683' title='bbox 1549 5192 1741 5247; x_wconf 88' lang='lat' dir='ltr'><strong>aliena</strong></span> <span class='ocrx_word' id='word_1_684' title='bbox 1790 5194 1981 5250; x_wconf 90' lang='lat' dir='ltr'><strong>solum</strong></span> 
     </span>
    </p>
   </div>
   <div class='ocr_carea' id='block_1_95' title="bbox 320 5282 1985 5354">
    <p class='ocr_par' dir='ltr' id='par_1_95' title="bbox 320 5282 1985 5354">
     <span class='ocr_line' id='line_1_95' title="bbox 320 5282 1985 5354; baseline 0.001 -14"><span class='ocrx_word' id='word_1_685' title='bbox 320 5300 524 5349; x_wconf 86' lang='lat' dir='ltr'><strong>causa,</strong></span> <span class='ocrx_word' id='word_1_686' title='bbox 559 5283 660 5339; x_wconf 90' lang='lat' dir='ltr'><strong>sed</strong></span> <span class='ocrx_word' id='word_1_687' title='bbox 691 5283 910 5354; x_wconf 91' lang='lat' dir='ltr'><strong>proprii</strong></span> <span class='ocrx_word' id='word_1_688' title='bbox 943 5282 1120 5338; x_wconf 88' lang='lat' dir='ltr'><strong>etiam</strong></span> <span class='ocrx_word' id='word_1_689' title='bbox 1155 5287 1421 5352; x_wconf 88' lang='lat' dir='ltr'><strong>respectu</strong></span> <span class='ocrx_word' id='word_1_690' title='bbox 1461 5287 1719 5353; x_wconf 74' lang='lat' dir='ltr'><strong>quaestus</strong></span> <span class='ocrx_word' id='word_1_691' title='bbox 1769 5283 1826 5338; x_wconf 90' lang='lat' dir='ltr'><strong>in</strong></span> <span class='ocrx_word' id='word_1_692' title='bbox 1881 5286 1985 5342; x_wconf 90' lang='lat' dir='ltr'><strong>hoc</strong></span> 
     </span>
    </p>
   </div>
   <div class='ocr_carea' id='block_1_96' title="bbox 322 5370 1987 5444">
    <p class='ocr_par' dir='ltr' id='par_1_96' title="bbox 322 5370 1987 5444">
     <span class='ocr_line' id='line_1_96' title="bbox 322 5370 1987 5444; baseline 0.002 -15"><span class='ocrx_word' id='word_1_693' title='bbox 322 5378 555 5429; x_wconf 88' lang='lat' dir='ltr'><strong>motum</strong></span> <span class='ocrx_word' id='word_1_694' title='bbox 589 5373 1048 5444; x_wconf 88' lang='lat' dir='ltr'><strong>suspicabantur</strong></span> <span class='ocrx_word' id='word_1_695' title='bbox 1103 5370 1367 5442; x_wconf 89' lang='lat' dir='ltr'><strong>quidam,</strong></span> <span class='ocrx_word' id='word_1_696' title='bbox 1411 5371 1635 5442; x_wconf 89' lang='lat' dir='ltr'><strong>opinati</strong></span> <span class='ocrx_word' id='word_1_697' title='bbox 1685 5374 1987 5432; x_wconf 88' lang='lat' dir='ltr'><strong>studuisse</strong></span> 
     </span>
    </p>
   </div>
   <div class='ocr_carea' id='block_1_97' title="bbox 326 5460 1984 5537">
    <p class='ocr_par' dir='ltr' id='par_1_97' title="bbox 326 5460 1984 5537">
     <span class='ocr_line' id='line_1_97' title="bbox 326 5460 1984 5537; baseline 0.001 -18"><span class='ocrx_word' id='word_1_698' title='bbox 326 5481 432 5536; x_wconf 92' lang='lat' dir='ltr'><strong>per</strong></span> <span class='ocrx_word' id='word_1_699' title='bbox 463 5462 574 5519; x_wconf 90' lang='lat' dir='ltr'><strong>hoc</strong></span> <span class='ocrx_word' id='word_1_700' title='bbox 598 5462 798 5535; x_wconf 87' lang='lat' dir='ltr'><strong>ipsum</strong></span> <span class='ocrx_word' id='word_1_701' title='bbox 831 5466 998 5533; x_wconf 90' lang='lat' dir='ltr'><strong>rapta</strong></span> <span class='ocrx_word' id='word_1_702' title='bbox 1047 5465 1377 5531; x_wconf 89' lang='lat' dir='ltr'><strong>opportune</strong></span> <span class='ocrx_word' id='word_1_703' title='bbox 1425 5460 1730 5516; x_wconf 89' lang='lat' dir='ltr'><strong>occasione</strong></span> <span class='ocrx_word' id='word_1_704' title='bbox 1780 5480 1848 5518; x_wconf 88' lang='lat' dir='ltr'><strong>ex</strong></span> <span class='ocrx_word' id='word_1_705' title='bbox 1889 5483 1984 5537; x_wconf 91' lang='lat' dir='ltr'><strong>pe-</strong></span> 
     </span>
    </p>
   </div>
   <div class='ocr_carea' id='block_1_98' title="bbox 326 5549 1988 5621">
    <p class='ocr_par' dir='ltr' id='par_1_98' title="bbox 326 5549 1988 5621">
     <span class='ocr_line' id='line_1_98' title="bbox 326 5549 1988 5621; baseline 0.001 -12"><span class='ocrx_word' id='word_1_706' title='bbox 326 5550 518 5609; x_wconf 90' lang='lat' dir='ltr'><strong>riculo</strong></span> <span class='ocrx_word' id='word_1_707' title='bbox 572 5551 759 5617; x_wconf 88' lang='lat' dir='ltr'><strong>Vecci,</strong></span> <span class='ocrx_word' id='word_1_708' title='bbox 807 5568 916 5606; x_wconf 88' lang='lat' dir='ltr'><strong>suo</strong></span> <span class='ocrx_word' id='word_1_709' title='bbox 952 5550 1075 5620; x_wconf 88' lang='lat' dir='ltr'><strong>juri</strong></span> <span class='ocrx_word' id='word_1_710' title='bbox 1131 5550 1490 5621; x_wconf 86' lang='lat' dir='ltr'><strong>subjungere</strong></span> <span class='ocrx_word' id='word_1_711' title='bbox 1547 5549 1674 5604; x_wconf 90' lang='lat' dir='ltr'><strong>loca</strong></span> <span class='ocrx_word' id='word_1_712' title='bbox 1715 5553 1988 5621; x_wconf 87' lang='lat' dir='ltr'><strong>jurisdic-</strong></span> 
     </span>
    </p>
   </div>
   <div class='ocr_carea' id='block_1_99' title="bbox 328 5639 1989 5713">
    <p class='ocr_par' dir='ltr' id='par_1_99' title="bbox 328 5639 1989 5713">
     <span class='ocr_line' id='line_1_99' title="bbox 328 5639 1989 5713; baseline 0.004 -17"><span class='ocrx_word' id='word_1_713' title='bbox 328 5642 481 5698; x_wconf 88' lang='lat' dir='ltr'><strong>tioni</strong></span> <span class='ocrx_word' id='word_1_714' title='bbox 515 5641 863 5713; x_wconf 76' lang='lat' dir='ltr'><strong>patriarchze</strong></span> <span class='ocrx_word' id='word_1_715' title='bbox 895 5643 1192 5695; x_wconf 87' lang='lat' dir='ltr'><strong>reservata</strong></span> <span class='ocrx_word' id='word_1_716' title='bbox 1221 5639 1280 5693; x_wconf 88' lang='lat' dir='ltr'><strong>in</strong></span> <span class='ocrx_word' id='word_1_717' title='bbox 1313 5639 1544 5694; x_wconf 87' lang='lat' dir='ltr'><strong>cunctis</strong></span> <span class='ocrx_word' id='word_1_718' title='bbox 1567 5655 1669 5706; x_wconf 88' lang='lat' dir='ltr'><strong>per</strong></span> <span class='ocrx_word' id='word_1_719' title='bbox 1697 5641 1989 5702; x_wconf 89' lang='lat' dir='ltr'><strong>Orientem</strong></span> 
     </span>
    </p>
   </div>
   <div class='ocr_carea' id='block_1_100' title="bbox 335 5728 1991 5800">
    <p class='ocr_par' dir='ltr' id='par_1_100' title="bbox 335 5728 1991 5800">
     <span class='ocr_line' id='line_1_100' title="bbox 335 5728 1991 5800; baseline 0.003 -13"><span class='ocrx_word' id='word_1_720' title='bbox 335 5730 718 5796; x_wconf 69' lang='lat' dir='ltr'><strong>dioecesibus,</strong></span> <span class='ocrx_word' id='word_1_721' title='bbox 751 5730 834 5784; x_wconf 90' lang='lat' dir='ltr'><strong>ita</strong></span> <span class='ocrx_word' id='word_1_722' title='bbox 868 5732 932 5784; x_wconf 91' lang='lat' dir='ltr'><strong>ut</strong></span> <span class='ocrx_word' id='word_1_723' title='bbox 957 5744 1024 5783; x_wconf 89' lang='lat' dir='ltr'><strong>ea</strong></span> <span class='ocrx_word' id='word_1_724' title='bbox 1045 5731 1278 5783; x_wconf 88' lang='lat' dir='ltr'><strong>tantum</strong></span> <span class='ocrx_word' id='word_1_725' title='bbox 1309 5745 1475 5784; x_wconf 88' lang='lat' dir='ltr'><strong>sacra</strong></span> <span class='ocrx_word' id='word_1_726' title='bbox 1513 5728 1640 5783; x_wconf 88' lang='lat' dir='ltr'><strong>loca</strong></span> <span class='ocrx_word' id='word_1_727' title='bbox 1671 5746 1800 5800; x_wconf 86' lang='lat' dir='ltr'><strong>quae</strong></span> <span class='ocrx_word' id='word_1_728' title='bbox 1841 5732 1991 5792; x_wconf 79' lang='lat' dir='ltr'><strong>intra</strong></span> 
     </span>
    </p>
   </div>
   <div class='ocr_carea' id='block_1_101' title="bbox 332 5817 1992 5889">
    <p class='ocr_par' dir='ltr' id='par_1_101' title="bbox 332 5817 1992 5889">
     <span class='ocr_line' id='line_1_101' title="bbox 332 5817 1992 5889; baseline 0.001 -12"><span class='ocrx_word' id='word_1_729' title='bbox 332 5836 520 5878; x_wconf 87' lang='lat' dir='ltr'><strong>unam</strong></span> <span class='ocrx_word' id='word_1_730' title='bbox 553 5821 759 5876; x_wconf 90' lang='lat' dir='ltr'><strong>urbem</strong></span> <span class='ocrx_word' id='word_1_731' title='bbox 795 5817 1366 5888; x_wconf 84' lang='lat' dir='ltr'><strong>Constantinopolim</strong></span> <span class='ocrx_word' id='word_1_732' title='bbox 1397 5818 1512 5874; x_wconf 89' lang='lat' dir='ltr'><strong>sita</strong></span> <span class='ocrx_word' id='word_1_733' title='bbox 1561 5824 1780 5889; x_wconf 87' lang='lat' dir='ltr'><strong>essent,</strong></span> <span class='ocrx_word' id='word_1_734' title='bbox 1832 5825 1992 5879; x_wconf 87' lang='lat' dir='ltr'><strong>ordi-</strong></span> 
     </span>
    </p>
   </div>
   <div class='ocr_carea' id='block_1_102' title="bbox 2090 4756 3757 4829">
    <p class='ocr_par' dir='ltr' id='par_1_102' title="bbox 2090 4756 3757 4829">
     <span class='ocr_line' id='line_1_102' title="bbox 2090 4756 3757 4829; baseline 0.002 -17"><span class='ocrx_word' id='word_1_735' title='bbox 2090 4757 2393 4829; x_wconf 80' lang='lat' dir='ltr'><strong>telligebat</strong></span> <span class='ocrx_word' id='word_1_736' title='bbox 2413 4756 2635 4827; x_wconf 90' lang='lat' dir='ltr'><strong>eripere</strong></span> <span class='ocrx_word' id='word_1_737' title='bbox 2667 4774 2727 4812; x_wconf 91' lang='lat' dir='ltr'><strong>se</strong></span> <span class='ocrx_word' id='word_1_738' title='bbox 2750 4759 3101 4828; x_wconf 87' lang='lat' dir='ltr'><strong>patriarchae</strong></span> <span class='ocrx_word' id='word_1_739' title='bbox 3121 4759 3360 4815; x_wconf 85' lang='lat' dir='ltr'><strong>titulum</strong></span> <span class='ocrx_word' id='word_1_740' title='bbox 3383 4761 3757 4827; x_wconf 84' lang='lat' dir='ltr'><strong>cecumenici,</strong></span> 
     </span>
    </p>
   </div>
   <div class='ocr_carea' id='block_1_103' title="bbox 2091 4847 3756 4924">
    <p class='ocr_par' dir='ltr' id='par_1_103' title="bbox 2091 4847 3756 4924">
     <span class='ocr_line' id='line_1_103' title="bbox 2091 4847 3756 4924; baseline 0.001 -22"><span class='ocrx_word' id='word_1_741' title='bbox 2091 4847 2308 4920; x_wconf 90' lang='lat' dir='ltr'><strong>quippe</strong></span> <span class='ocrx_word' id='word_1_742' title='bbox 2331 4864 2505 4919; x_wconf 88' lang='lat' dir='ltr'><strong>quem</strong></span> <span class='ocrx_word' id='word_1_743' title='bbox 2530 4847 3022 4904; x_wconf 89' lang='lat' dir='ltr'><strong>circumcluderet</strong></span> <span class='ocrx_word' id='word_1_744' title='bbox 3056 4849 3199 4905; x_wconf 91' lang='lat' dir='ltr'><strong>urbe</strong></span> <span class='ocrx_word' id='word_1_745' title='bbox 3221 4850 3756 4924; x_wconf 84' lang='lat' dir='ltr'><strong>Constantinopoli,</strong></span> 
     </span>
    </p>
   </div>
   <div class='ocr_carea' id='block_1_104' title="bbox 2091 4937 3758 5012">
    <p class='ocr_par' dir='ltr' id='par_1_104' title="bbox 2091 4937 3758 5012">
     <span class='ocr_line' id='line_1_104' title="bbox 2091 4937 3758 5012; baseline 0.001 -19"><span class='ocrx_word' id='word_1_746' title='bbox 2091 4954 2198 4993; x_wconf 91' lang='lat' dir='ltr'><strong>nec</strong></span> <span class='ocrx_word' id='word_1_747' title='bbox 2219 4937 2429 4992; x_wconf 90' lang='lat' dir='ltr'><strong>saltem</strong></span> <span class='ocrx_word' id='word_1_748' title='bbox 2463 4938 2513 4992; x_wconf 89' lang='lat' dir='ltr'><strong>ei</strong></span> <span class='ocrx_word' id='word_1_749' title='bbox 2548 4938 3208 4994; x_wconf 86' lang='lat' dir='ltr'><strong>concederetdioecesim</strong></span> <span class='ocrx_word' id='word_1_750' title='bbox 3223 4943 3446 5009; x_wconf 87' lang='lat' dir='ltr'><strong>quanta</strong></span> <span class='ocrx_word' id='word_1_751' title='bbox 3476 4943 3533 4995; x_wconf 85' lang='lat' dir='ltr'><strong>et</strong></span> <span class='ocrx_word' id='word_1_752' title='bbox 3563 4941 3758 5012; x_wconf 88' lang='lat' dir='ltr'><strong>qualis</strong></span> 
     </span>
    </p>
   </div>
   <div class='ocr_carea' id='block_1_105' title="bbox 2091 5027 3758 5101">
    <p class='ocr_par' dir='ltr' id='par_1_105' title="bbox 2091 5027 3758 5101">
     <span class='ocr_line' id='line_1_105' title="bbox 2091 5027 3758 5101; baseline 0.003 -19"><span class='ocrx_word' id='word_1_753' title='bbox 2091 5028 2275 5083; x_wconf 89' lang='lat' dir='ltr'><strong>cuivis</strong></span> <span class='ocrx_word' id='word_1_754' title='bbox 2299 5027 2476 5082; x_wconf 87' lang='lat' dir='ltr'><strong>etiam</strong></span> <span class='ocrx_word' id='word_1_755' title='bbox 2505 5027 2732 5099; x_wconf 85' lang='lat' dir='ltr'><strong>vulgari</strong></span> <span class='ocrx_word' id='word_1_756' title='bbox 2765 5028 3048 5084; x_wconf 90' lang='lat' dir='ltr'><strong>tribuitur</strong></span> <span class='ocrx_word' id='word_1_757' title='bbox 3086 5029 3388 5101; x_wconf 89' lang='lat' dir='ltr'><strong>episcopo.</strong></span> <span class='ocrx_word' id='word_1_758' title='bbox 3431 5030 3648 5087; x_wconf 89' lang='lat' dir='ltr'><strong>Verum</strong></span> <span class='ocrx_word' id='word_1_759' title='bbox 3689 5031 3758 5087; x_wconf 89' lang='lat' dir='ltr'><strong>id</strong></span> 
     </span>
    </p>
   </div>
   <div class='ocr_carea' id='block_1_106' title="bbox 2093 5116 3760 5189">
    <p class='ocr_par' dir='ltr' id='par_1_106' title="bbox 2093 5116 3760 5189">
     <span class='ocr_line' id='line_1_106' title="bbox 2093 5116 3760 5189; baseline 0.002 -16"><span class='ocrx_word' id='word_1_760' title='bbox 2093 5123 2218 5173; x_wconf 87' lang='lat' dir='ltr'><strong>tum</strong></span> <span class='ocrx_word' id='word_1_761' title='bbox 2245 5116 2482 5188; x_wconf 91' lang='lat' dir='ltr'><strong>quidem</strong></span> <span class='ocrx_word' id='word_1_762' title='bbox 2517 5117 2666 5171; x_wconf 89' lang='lat' dir='ltr'><strong>nihil</strong></span> <span class='ocrx_word' id='word_1_763' title='bbox 2700 5119 2864 5189; x_wconf 91' lang='lat' dir='ltr'><strong>pensi</strong></span> <span class='ocrx_word' id='word_1_764' title='bbox 2897 5119 3125 5174; x_wconf 89' lang='lat' dir='ltr'><strong>habens</strong></span> <span class='ocrx_word' id='word_1_765' title='bbox 3158 5119 3340 5185; x_wconf 90' lang='lat' dir='ltr'><strong>Isaac,</strong></span> <span class='ocrx_word' id='word_1_766' title='bbox 3382 5124 3439 5176; x_wconf 88' lang='lat' dir='ltr'><strong>et</strong></span> <span class='ocrx_word' id='word_1_767' title='bbox 3489 5120 3548 5176; x_wconf 88' lang='lat' dir='ltr'><strong>in</strong></span> <span class='ocrx_word' id='word_1_768' title='bbox 3610 5120 3760 5177; x_wconf 89' lang='lat' dir='ltr'><strong>lucri</strong></span> 
     </span>
    </p>
   </div>
   <div class='ocr_carea' id='block_1_107' title="bbox 2096 5206 3764 5286">
    <p class='ocr_par' dir='ltr' id='par_1_107' title="bbox 2096 5206 3764 5286">
     <span class='ocr_line' id='line_1_107' title="bbox 2096 5206 3764 5286; baseline 0.003 -27"><span class='ocrx_word' id='word_1_769' title='bbox 2096 5210 2258 5277; x_wconf 88' lang='lat' dir='ltr'><strong>parte</strong></span> <span class='ocrx_word' id='word_1_770' title='bbox 2291 5221 2611 5260; x_wconf 89' lang='lat' dir='ltr'><strong>numerans</strong></span> <span class='ocrx_word' id='word_1_771' title='bbox 2663 5206 2919 5261; x_wconf 81' lang='lat' dir='ltr'><strong>oblatam</strong></span> <span class='ocrx_word' id='word_1_772' title='bbox 2967 5206 3764 5286; x_wconf 49' lang='lat' dir='ltr'><strong>occasionemgratiﬁcandi</strong></span> 
     </span>
    </p>
   </div>
   <div class='ocr_carea' id='block_1_108' title="bbox 2097 5295 3766 5371">
    <p class='ocr_par' dir='ltr' id='par_1_108' title="bbox 2097 5295 3766 5371">
     <span class='ocr_line' id='line_1_108' title="bbox 2097 5295 3766 5371; baseline 0.004 -22"><span class='ocrx_word' id='word_1_773' title='bbox 2097 5295 2392 5367; x_wconf 89' lang='lat' dir='ltr'><strong>quomodo</strong></span> <span class='ocrx_word' id='word_1_774' title='bbox 2409 5310 2639 5366; x_wconf 91' lang='lat' dir='ltr'><strong>cunque</strong></span> <span class='ocrx_word' id='word_1_775' title='bbox 2667 5295 3016 5351; x_wconf 88' lang='lat' dir='ltr'><strong>amicissuis</strong></span> <span class='ocrx_word' id='word_1_776' title='bbox 3039 5297 3516 5371; x_wconf 88' lang='lat' dir='ltr'><strong>episcopis,quos</strong></span> <span class='ocrx_word' id='word_1_777' title='bbox 3541 5301 3766 5357; x_wconf 88' lang='lat' dir='ltr'><strong>multos</strong></span> 
     </span>
    </p>
   </div>
   <div class='ocr_carea' id='block_1_109' title="bbox 2098 5385 3767 5463">
    <p class='ocr_par' dir='ltr' id='par_1_109' title="bbox 2098 5385 3767 5463">
     <span class='ocr_line' id='line_1_109' title="bbox 2098 5385 3767 5463; baseline 0.004 -22"><span class='ocrx_word' id='word_1_778' title='bbox 2098 5385 2473 5442; x_wconf 80' lang='lat' dir='ltr'><strong>oﬂ&#39;endebant</strong></span> <span class='ocrx_word' id='word_1_779' title='bbox 2493 5386 2616 5440; x_wconf 70' lang='lat' dir='ltr'><strong>istae</strong></span> <span class='ocrx_word' id='word_1_780' title='bbox 2639 5387 2698 5440; x_wconf 87' lang='lat' dir='ltr'><strong>in</strong></span> <span class='ocrx_word' id='word_1_781' title='bbox 2732 5388 2983 5458; x_wconf 86' lang='lat' dir='ltr'><strong>prepriis</strong></span> <span class='ocrx_word' id='word_1_782' title='bbox 3011 5388 3366 5446; x_wconf 81' lang='lat' dir='ltr'><strong>dicecesibus</strong></span> <span class='ocrx_word' id='word_1_783' title='bbox 3390 5391 3767 5463; x_wconf 81' lang='lat' dir='ltr'><strong>exceptiones</strong></span> 
     </span>
    </p>
   </div>
   <div class='ocr_carea' id='block_1_110' title="bbox 2097 5475 3766 5553">
    <p class='ocr_par' dir='ltr' id='par_1_110' title="bbox 2097 5475 3766 5553">
     <span class='ocr_line' id='line_1_110' title="bbox 2097 5475 3766 5553; baseline 0.001 -21"><span class='ocrx_word' id='word_1_784' title='bbox 2097 5475 2359 5532; x_wconf 89' lang='lat' dir='ltr'><strong>locorum</strong></span> <span class='ocrx_word' id='word_1_785' title='bbox 2387 5476 2825 5531; x_wconf 87' lang='lat' dir='ltr'><strong>subtractorum</strong></span> <span class='ocrx_word' id='word_1_786' title='bbox 2861 5477 3172 5533; x_wconf 70' lang='lat' dir='ltr'><strong>ordinariae</strong></span> <span class='ocrx_word' id='word_1_787' title='bbox 3191 5479 3457 5551; x_wconf 92' lang='lat' dir='ltr'><strong>ipsorum</strong></span> <span class='ocrx_word' id='word_1_788' title='bbox 3483 5479 3766 5553; x_wconf 87' lang='lat' dir='ltr'><strong>potestati</strong></span> 
     </span>
    </p>
   </div>
   <div class='ocr_carea' id='block_1_111' title="bbox 2107 5564 3773 5641">
    <p class='ocr_par' dir='ltr' id='par_1_111' title="bbox 2107 5564 3773 5641">
     <span class='ocr_line' id='line_1_111' title="bbox 2107 5564 3773 5641; baseline 0.001 -20"><span class='ocrx_word' id='word_1_789' title='bbox 2107 5583 2175 5621; x_wconf 89' lang='lat' dir='ltr'><strong>ac</strong></span> <span class='ocrx_word' id='word_1_790' title='bbox 2206 5564 2554 5637; x_wconf 65' lang='lat' dir='ltr'><strong>patriarchae</strong></span> <span class='ocrx_word' id='word_1_791' title='bbox 2588 5567 2923 5622; x_wconf 85' lang='lat' dir='ltr'><strong>auctoritati</strong></span> <span class='ocrx_word' id='word_1_792' title='bbox 2975 5569 3412 5639; x_wconf 86' lang='lat' dir='ltr'><strong>subjectorum;</strong></span> <span class='ocrx_word' id='word_1_793' title='bbox 3447 5576 3505 5625; x_wconf 90' lang='lat' dir='ltr'><strong>et</strong></span> <span class='ocrx_word' id='word_1_794' title='bbox 3549 5569 3773 5641; x_wconf 88' lang='lat' dir='ltr'><strong>passim</strong></span> 
     </span>
    </p>
   </div>
   <div class='ocr_carea' id='block_1_112' title="bbox 2103 5654 3770 5730">
    <p class='ocr_par' dir='ltr' id='par_1_112' title="bbox 2103 5654 3770 5730">
     <span class='ocr_line' id='line_1_112' title="bbox 2103 5654 3770 5730; baseline 0.001 -18"><span class='ocrx_word' id='word_1_795' title='bbox 2103 5654 2540 5712; x_wconf 84' lang='lat' dir='ltr'><strong>contendebant</strong></span> <span class='ocrx_word' id='word_1_796' title='bbox 2568 5671 2685 5710; x_wconf 88' lang='lat' dir='ltr'><strong>non</strong></span> <span class='ocrx_word' id='word_1_797' title='bbox 2719 5656 3023 5728; x_wconf 90' lang='lat' dir='ltr'><strong>plusjuris</strong></span> <span class='ocrx_word' id='word_1_798' title='bbox 3045 5657 3686 5730; x_wconf 86' lang='lat' dir='ltr'><strong>Constantinopolitaui</strong></span> <span class='ocrx_word' id='word_1_799' title='bbox 3709 5660 3770 5714; x_wconf 89' lang='lat' dir='ltr'><strong>in</strong></span> 
     </span>
    </p>
   </div>
   <div class='ocr_carea' id='block_1_113' title="bbox 2105 5743 3773 5820">
    <p class='ocr_par' dir='ltr' id='par_1_113' title="bbox 2105 5743 3773 5820">
     <span class='ocr_line' id='line_1_113' title="bbox 2105 5743 3773 5820; baseline 0.002 -20"><span class='ocrx_word' id='word_1_800' title='bbox 2105 5745 2326 5800; x_wconf 87' lang='lat' dir='ltr'><strong>alienas</strong></span> <span class='ocrx_word' id='word_1_801' title='bbox 2359 5743 2623 5800; x_wconf 86' lang='lat' dir='ltr'><strong>dioceses</strong></span> <span class='ocrx_word' id='word_1_802' title='bbox 2646 5762 2824 5816; x_wconf 88' lang='lat' dir='ltr'><strong>quam</strong></span> <span class='ocrx_word' id='word_1_803' title='bbox 2851 5747 3342 5820; x_wconf 88' lang='lat' dir='ltr'><strong>cuiqueipsorum</strong></span> <span class='ocrx_word' id='word_1_804' title='bbox 3362 5749 3773 5805; x_wconf 86' lang='lat' dir='ltr'><strong>inConstauti-</strong></span> 
     </span>
    </p>
   </div>
   <div class='ocr_carea' id='block_1_114' title="bbox 2107 5834 3775 5912">
    <p class='ocr_par' dir='ltr' id='par_1_114' title="bbox 2107 5834 3775 5912">
     <span class='ocr_line' id='line_1_114' title="bbox 2107 5834 3775 5912; baseline 0.002 -22"><span class='ocrx_word' id='word_1_805' title='bbox 2107 5834 2509 5907; x_wconf 88' lang='lat' dir='ltr'><strong>nopolitanam</strong></span> <span class='ocrx_word' id='word_1_806' title='bbox 2546 5853 2695 5893; x_wconf 83' lang='lat' dir='ltr'><strong>esse.</strong></span> <span class='ocrx_word' id='word_1_807' title='bbox 2725 5841 3007 5893; x_wconf 75' lang='lat' dir='ltr'><strong>Caeterum</strong></span> <span class='ocrx_word' id='word_1_808' title='bbox 3031 5837 3429 5910; x_wconf 89' lang='lat' dir='ltr'><strong>patriarcham</strong></span> <span class='ocrx_word' id='word_1_809' title='bbox 3460 5840 3775 5912; x_wconf 64' lang='lat' dir='ltr'><strong>imperator</strong></span> 
     </span>
    </p>
   </div>
  </div>
