4080 6494
339 489 440 544 911

1647 484 1948 542 GEORGII
1985 483 2450 540 PACHYMBRB

3659 483 3781 542 912

340 614 474 668 ποτε
505 611 563 667 δὶ
591 612 680 667 καὶ
714 612 846 687 ὑπὲρ
897 609 1106 666 ἐκείνου
1165 609 1453 682 ἱστάμενος
1503 609 1593 663 καὶ
1635 609 1744 663 τῶν
1795 605 1996 683 ἐγκλη-
2029 612 2079 676 Α
2107 628 2214 662 των
2248 605 2326 680 τῷ
2361 605 2579 683 βασιλεῖ
2605 607 2913 682 προσήγετο
2961 605 3304 684 ἐπιδορπιος.
3350 608 3513 665 -Ἐπεὶ
3545 604 3591 664 δ’
3623 609 3782 674 εἰκὸς

348 704 529 775 μάτων
567 701 826 756 ἀπολύων
861 702 937 762 ὡς
969 698 1449 776 συκοφαντούντων
1509 701 1616 751 τῶν
1675 698 1996 772 κατηγόρων

350 787 624 864 ἄντικρυς.
659 790 758 842 Ἦν
824 785 879 841 δὲ
913 785 1065 841 διττᾶ
1120 784 1360 860 στρέφων
1398 829 1412 853 ,
1444 789 1560 845 τοῖς
1613 784 1705 857 μὲν
1765 782 1998 858 κατηγό-

347 899 462 955 ροις
491 878 626 932 κατὰ
659 878 914 953 πρόωπον
974 872 1224 950 ἐγκαλεῖν
1283 872 1448 952 ἐφιεὶς
1504 871 1592 928 καί
1625 870 1782 941 δῆθεν
1845 871 1998 946 ἐλέγ-

349 988 489 1043 χειν,
523 966 724 1021 έκεῖνον
764 963 809 1019 δ’
859 963 1010 1028 αὖθις
1040 963 1103 1018 τὸ
1161 960 1324 1039 μέρος
1381 967 1633 1036 καταψῶν
1665 983 1724 1016 τε
1778 962 1868 1015 καὶ
1899 981 1998 1016 πε-

344 1057 733 1133 ριποιούμενος
761 1059 841 1126 τῷ
879 1055 928 1130 γ’
977 1052 1278 1108 ἐπικπίνειν
1332 1056 1404 1116 ὡς
1460 1056 1671 1127 πικρῶς
1731 1072 2000 1127 συκοφαν-

338 1151 484 1200 τοῖεν
527 1146 577 1198 οἱ
612 1143 888 1218 λέγοντες,
947 1143 1034 1196 καὶ
1083 1142 1128 1198 εἷ
1187 1140 1381 1210 ⁵ἤθελεν
1445 1143 1600 1203 οὗτος
1649 1139 1844 1217 λέγειν,
1899 1141 1998 1194 ούκ

343 1236 403 1289 ἄν
439 1234 801 1310 συκοφαντίας
831 1232 1124 1306 ἠνοίγοντο
1189 1231 1450 1304 στόματα.
1485 1232 1583 1284 ἹΙν
1646 1229 1693 1283 δ’
1752 1229 1997 1306 ἐμφανὴς

339 1324 578 1387 ἐντεῦθεν
622 1319 1042 1397 προσονειδίζων
1098 1325 1179 1393 τῷ
1208 1320 1522 1396 πατριάρχῃ
1549 1319 1612 1374 τὸ
1663 1320 1798 1394 πρὸς
1857 1317 1997 1373 ἐκεῖ-

336 1435 425 1467 νον
453 1412 655 1491 φίλερι·
718 1406 831 1486 ἔριν
889 1412 993 1486 γὰρ
1049 1411 1142 1464 τὸν
1209 1409 1398 1479 ζῆλον,
1429 1409 1519 1464 καὶ
1575 1410 1636 1463 τὸ
1697 1409 1830 1483 ὑπὲρ
1889 1413 1994 1463 τῶν

336 1500 708 1574 ἀδικουμένων
742 1497 919 1576 λέγειν
954 1498 1206 1574 ἐνοχλεῖν
1239 1496 1467 1572 ἔκρινεν.

337 1667 429 1741 ιβ’.
482 1665 566 1721 Τά
622 1658 905 1741 συμϐάντα
943 1666 1036 1741 ’τῷ
1084 1658 1399 1741 πατριᾶίριχςη
1456 1659 1544 1715 διὰ
1597 1661 1697 1730 τὴν
1747 1664 1855 1715 τῶν
1887 1666 1990 1714 Κο-

889 1730 1072 1789 λύϐιυν
1101 1730 1433 1802 aueo-cem.

408 1865 489 1936 [P.
517 1864 642 1936 310]
676 1861 754 1920 Ού
787 1865 978 1937 χεῖρον
1030 1859 1086 1915 δὲ
1141 1862 1232 1916 καὶ
1273 1861 1336 1915 τὸ
1393 1858 1444 1914 ἐν
1480 1860 1628 1934 ἀρχῇ
1659 1863 1767 1912 τῶν
1818 1879 1985 1928 κατη-

327 1951 660 2030 γορημάτων
696 1946 931 2024 συμϐὰν,
989 1951 1064 2012 ὡς
1095 1951 1310 2023 χάριεν,
1361 1947 1674 2024 ἱστορῆσαι,
1727 1947 1817 2002 καὶ
1871 1945 1984 2001 δεῖ·

331 2045 414 2115 ξαι
442 2041 618 2096 ὁπόσα
654 2041 898 2116 πονηρία
949 2035 1341 2112 προσλαϐοῦσα
1397 2039 1585 2112 καιρὸν
1639 2035 1809 2091 ἀνύει.
1846 2036 1984 2090 Σύν-

333 2143 464 2200 ηθες
497 2133 590 2204 μὲν
626 2131 716 2184 οὖν
777 2133 842 2198 ἦν
902 2132 1209 2206 περιφανῶς
1259 2125 1533 2190 τελεῖσθαι
1577 2131 1646 2200 τῇ
1687 2124 1986 2196 Ἐκκλησία

333 2221 434 2289 τὴν
493 2226 594 2288 τῆς
647 2219 994 2285 Ὑπαπαντῆς
1051 2217 1269 2292 έορτήν,
1330 2216 1421 2269 ἅτε
1478 2217 1594 2269 κατ’
1643 2213 1849 2285 ἐκείνην
1893 2236 1984 2268 τυ-

335 2307 536 2381 χόντος
565 2306 692 2380 παρ’
744 2307 950 2382 Ἰωσὴφ
1008 2304 1104 2358 τοῦ
1157 2308 1484 2378 κρατοῦντος
1537 2309 1637 2371 τῆς
1694 2305 1984 2377 συγχωρή-

334 2416 491 2456 σεως.
540 2395 606 2464 ἧν
643 2392 806 2448 δὲκαὶ
842 2395 989 2470 ὲφθῷ
1020 2414 1153 2465 σιτῳ
1195 2393 1405 2464 σύναμα
1461 2396 1691 2466 καρποῖς
1753 2391 1986 2466 ὀπωρῶν

333 2482 774 2557 ποικιλλομένας
857 2484 952 2546 τάς
1020 2487 1127 2535 τῶν
1188 2480 1529 2553 ἐκπωμάτων
1589 2478 1850 2542 πλατείας
1909 2479 1982 2542 εἷς

327 2573 580 2652 εὐλογίαν
614 2575 990 2650 προτίθεσθαι,
1043 2572 1116 2625 ὧν
1177 2571 1251 2633 ὡς
1310 2570 1534 2644 ἀπαρχή
1594 2572 1740 2639 τιςή
1801 2570 1985 2646 κρείτ-

321 2811 389 2851 ex
438 2810 542 2850 suo
591 2795 722 2848 voto
771 2791 867 2847 his
911 2788 1226 2846 calumniis
1267 2787 1497 2860 egregie
1527 2787 1847 2843 exercitum
1880 2803 1981 2858 per

314 2886 463 2939 duos
517 2885 672 2938 totos
719 2896 951 2936 menses
1011 2877 1241 2944 habuit,
1267 2893 1425 2932 nunc
1489 2876 1798 2931 sententiis
1841 2891 1976 2930 eum

304 2973 578 3044 judicum
613 2970 1146 3041 permittens,nunc
1178 2966 1230 3021 ei
1254 2967 1415 3021 visus
1440 2964 1749 3035 suffragari
1771 2964 1974 3019 crimi—

316 3062 613 3130 nibusque
635 3058 831 3130 ipsum
857 3056 1345 3125 solvere,mentiri
1364 3059 1736 3110 accusatores
1757 3053 1973 3107 etnihil

317 3151 431 3205 nisi
466 3163 657 3203 meras
690 3146 894 3201 att‘erre
926 3144 1258 3201 calumnias
1295 3159 1584 3198 asserens.
1635 3141 1975 3197 Sustinebat

317 3243 512 3295 autem
543 3237 604 3291 in
636 3236 746 3290 hac
777 3235 946 3306 quasi
978 3251 1154 3290 scena
1177 3249 1487 3303 personam
1512 3231 1972 3302 duplicem,hinc

309 3328 546 3399 quidem
582 3325 774 3396 palam
806 3321 1251 3379 accusatoribus
1283 3321 1630 3392 permittens
1665 3321 1964 3374 criminari

312 3415 709 3489 patriarcham
732 3417 787 3468 et
801 3413 1058 3467 eidicam
1087 3411 1144 3465 in
1161 3427 1226 3465 os
1255 3426 1452 3464 coram
1474 3408 1963 3479 impingerc,inde

311 3527 520 3566 rursus
533 3508 807 3563 eumdem
829 3520 1097 3560 seorsum
1119 3506 1469 3558 conventum
1501 3501 1810 3568 deliniens,
1835 3519 1970 3557 con-

314 3599 510 3655 dolere
530 3595 614 3652 illi
641 3593 936 3649 simulans
968 3592 1139 3664 quasi
1174 3608 1274 3662 per
1305 3590 1662 3646 calumniam
1696 3591 1966 3659 injustisc

311 3689 462 3744 sime
490 3689 714 3740 vexato.
751 3685 814 3736 In
849 3698 962 3752 quo
995 3697 1172 3752 quam
1210 3677 1358 3734 male
1388 3679 1746 3735 cohaererent
1794 3681 1968 3736 dictis

309 3778 464 3832 facta
497 3773 691 3845 palam
733 3776 878 3826 erat.
909 3770 970 3825 Si
1002 3769 1159 3824 enim
1192 3773 1312 3824 tam
1365 3773 1490 3824 erat
1520 3769 1604 3822 illi
1647 3774 1967 3840 perspecta,

310 3877 489 3934 quam
513 3858 696 3915 videri
727 3857 978 3927 volebat,
1003 3855 1337 3911 innocentia
1359 3854 1667 3922 delati,cur
1680 3855 1968 3910 delatores

312 3957 436 4007 tam
469 3949 712 4005 licenter
733 3947 1069 4018 obstrepere
1089 3949 1252 4000 tanto
1277 3949 1538 4015 tempore
1561 3944 1968 4015 sinebat,quos

315 4040 537 4096 latebat
568 4037 863 4092 neminem
897 4051 969 4090 ne
1001 4034 1227 4088 hiscere
1252 4033 1492 4104 quidem
1519 4049 1789 4100 ausuros,
1817 4034 1968 4088 sicis

314 4129 404 4185 vel
428 4125 608 4184 semel
633 4125 987 4180 declarasset
1009 4122 1328 4193 imperator
1348 4121 1458 4175 sibi
1483 4120 1793 4191 displicere
1811 4125 1966 4191 quod

316 4219 398 4274 illi
434 4215 716 4289 agerent?
746 4214 853 4268 Sed
887 4213 996 4267 hoc
1028 4212 1181 4267 453
1208 4227 1413 4266 omnes
1452 4209 1730 4264 videbant
1757 4212 1829 4264 ab
1861 4228 1966 4265 au-

314 4310 472 4362 stuto
496 4303 758 4376 principe
789 4302 867 4354 ita
898 4298 1044 4367 fieri,
1079 4305 1142 4352 ut
1175 4313 1276 4367 per
1307 4313 1368 4350 se
1409 4296 1763 4367 patriarcha,
1797 4298 1964 4352 intel-

310 4397 516 4467 ligeret
549 4393 706 4447 luere
739 4408 798 4445 se
830 4404 1063 4459 poenam
1096 4385 1472 4440 contentiosae
1495 4385 1825 4455 pcrtinaciaa
1851 4403 1967 4458 qua

303 4480 534 4555 jurgari
565 4496 699 4533 cum
732 4475 997 4548 principe
1043 4489 1156 4527 non
1191 4477 1345 4527 esset
1401 4473 1640 4528 veritus.
1691 4474 1962 4546 Jurgium

310 4573 469 4629 enim
498 4569 595 4625 ille
620 4584 686 4622 ac
718 4563 1142 4620 contentiosam
1177 4562 1606 4632 pugnacitatem
1633 4562 1966 4633 appellabat

306 4661 647 4733 religiosum
671 4654 861 4709 zelum
881 4650 1290 4723 patrocinandi
1307 4651 1723 4705 circumventis
1739 4651 1965 4707 calum-

303 4751 402 4806 nia
431 4747 520 4804 vel
551 4744 668 4800 alia
700 4740 904 4814 quavis
934 4739 1152 4810 injuria
1183 4739 1504 4810 oppressis.

369 4915 454 4969 12.
492 4909 635 4980 Quid
663 4907 957 4978 contigerit
981 4902 1327 5030 [patriarcha
1355 4917 1424 4956 ex
1453 4901 1715 4957 missione
1755 4902 1916 4977 Caly-

1014 4991 1190 5030 orum.

1014 4991 1190 5031 orum.

363 5113 488 5167 Non
529 5111 632 5164 abs
677 5123 740 5162 re
767 5103 940 5160 fuerit
981 5105 1038 5157 et
1077 5101 1230 5173 quod
1284 5098 1454 5153 initia
1484 5099 1662 5168 hujus
1713 5118 1947 5159 accusa-

291 5203 470 5258 tionis
504 5198 716 5255 accidit
741 5192 1007 5265 joculare
1039 5207 1104 5246 ac
1139 5189 1295 5245 dictu
1328 5188 1589 5259 lepidum
1619 5191 1852 5263 referre,
1886 5200 1950 5249 ut

289 5311 358 5349 ex
389 5291 498 5346 hoc
521 5286 844 5358 specimine
867 5284 1048 5340 lector
1068 5279 1614 5350 aestimetquantum
1640 5280 1749 5334 Sibi
1775 5282 1946 5340 licere

285 5380 623 5453 malignitas
653 5375 787 5431 velit
817 5379 875 5428 et
905 5371 1044 5442 quid
1080 5388 1196 5426 non
1223 5369 1528 5423 occasione
1561 5377 1792 5441 arrepta
1815 5390 1942 5444 per-

280 5471 457 5527 ficiat.
488 5469 572 5523 Ad
606 5466 953 5520 consuetum
1005 5459 1226 5531 ubique
1259 5475 1323 5513 ac
1373 5475 1607 5528 semper
1655 5459 1939 5517 celebrem

281 5562 631 5633 apparatum
656 5553 956 5619 ritumque
987 5553 1306 5618 augustum
1344 5547 1743 5602 anniversario
1777 5551 1940 5607 cultu

281 5647 637 5704 honorandae
693 5636 1082 5694 solemnitatis
1135 5637 1509 5707 Hypapantes
1560 5635 1780 5707 aliquid
1834 5640 1941 5697 hoc

281 5743 545 5809 tempore
564 5726 921 5788 caeremoniae
945 5723 1345 5795 exquisitioris
1369 5725 1632 5780 adhiberi
1657 5733 1779 5782 erat
1796 5731 1938 5785 soli-

281 5833 410 5884 tum
443 5826 503 5880 in
533 5819 784 5894 gratiam
815 5821 992 5886 atque
1039 5815 1319 5870 honorem
1347 5814 1736 5886 imperatoris,
1779 5822 1935 5893 quod

1997 3368 2038 3434 C

2106 696 2201 758 τὰς
2235 695 2450 770 χαλκᾶς
2497 695 2700 759 ἐκείνας
2751 695 3011 758 πλατείας
3046 693 3320 758 ὑποδοχὰς
3381 695 3640 762 πλείστας
3675 697 3783 754 οὔ·

2119 807 2214 849 σας
2266 780 2456 856 ἔξωθεν
2511 785 2872 860 ἐρανίζεσθαι,
2935 784 3026 840 σὺν
3083 791 3203 848 ταῖς
3289 785 3488 849 ἄλλαις
3547 789 3611 858 ἦν
3678 789 3784 862 μία

2110 872 2346 928 δοκοῦσα
2377 874 2465 930 καὶ
2497 874 2793 950 πρωτεύειν
2825 878 2904 944 τῷ
2933 872 3126 930 κάλλει
3168 875 3257 930 καὶ
3281 875 3399 948 ἀξία
3444 877 3524 948 τῷ
3552 877 3786 951 βασιλεῖ

2107 965 2514 1039 προσάγεσθαι,
2572 963 2606 1031 ἢ
2669 960 2736 1031 δὴ
2795 963 2882 1017 καὶ
2934 964 3247 1039 γράμμασιν
3307 964 3632 1038 Αἰγυπτίοις
3694 967 3778 1030 ὡς

2109 1051 2439 1126 ποικίλμασί
2497 1073 2635 1107 τισιν
2721 1051 3088 1110 ἐνεσκεύαστο.
3175 1050 3399 1108 εἷ’θιστᾶι
3487 1055 3612 1130 γὰρ,
3692 1057 3779 1120 ὡς

2105 1141 2349 1217 ἐλέγετο,
2394 1140 2716 1216 Αἷγυπτίοις
2771 1141 2880 1196 ἀντ’
2922 1138 3107 1197 ἄλλων
3163 1147 3324 1197 τινῶν
3374 1141 3772 1218 ποικιλμάτων

2106 1229 2157 1286 ἔν
2190 1253 2248 1285 τε
2268 1229 2504 1291 πέπλοις
2537 1230 2626 1285 καὶ
2669 1236 3030 1308 φωταγωγοῖς
3075 1231 3165 1286 καὶ
3218 1232 3427 1288 σκεύεσι
3488 1235 3774 1298 παντοίοις

2105 1326 2222 1383 τοῖς
2274 1321 2560 1395 γράμμασι
2621 1327 2880 1394 χρῆσθαι.
2941 1321 3180 1396 Ἔτυχον
3240 1319 3296 1376 δὲ
3349 1323 3415 1376 τὰ
3464 1325 3777 1399 γράμματα

2100 1414 2197 1464 τοῦ
2229 1410 2534 1484 καταράτου
2565 1408 2902 1483 Μαχούμετ,
2928 1410 3122 1464 ταυτὸν
3170 1409 3216 1464 δ’
3248 1410 3418 1464 εἰπεῖν
3445 1413 3534 1466 καὶ
3588 1415 3773 1470 Μωά-

2109 1511 2230 1572 μεθ,
2294 1497 2471 1571 ὄνομα
2527 1501 2706 1575 φέρειν
2766 1497 2844 1560 εἷς
2905 1493 3149 1568 ἔπαινον,
3206 1503 3386 1557 Τοῦτο
3443 1501 3634 1575 κύκλῳ
3689 1506 3772 1576 τῇ

2100 1587 2332 1658 πλατείᾳ
2412 1586 2849 1662 ἐγγεγραμμένον
2933 1587 3062 1650 τοὺς
3133 1589 3574 1665 κατήγοροῦντας
3664 1591 3776 1648 οὐκ

2099 1675 2277 1743 ἔλαθε,
2313 1677 2416 1734 Καὶ
2449 1675 2516 1745 δὴ
2567 1673 2667 1750 ἔξω
2713 1678 2970 1750 κειμένης
3027 1674 3104 1732 ἔτι
3162 1679 3288 1754 πρὶν
3352 1679 3410 1734 ἂν
3472 1679 3769 1756 εἴσαχθείη

2096 1772 2176 1839 τῷ
2207 1765 2442 1842 βασιλεῖ,
2492 1767 2641 1821 οὗτοι
2691 1769 3001 1841 πέμψαντες
3057 1765 3486 1843 ἀναγγέλλουσιν
3548 1770 3624 1834 ὡς
3658 1771 3769 1827 οὐκ

2099 1856 2267 1910 εἰσιτά
2295 1876 2354 1932 γε
2401 1855 2468 1910 τὰ
2514 1862 2612 1925 τῆς
2667 1853 2931 1918 πλατείας
2977 1857 3056 1918 εἷς
3108 1855 3336 1930 βασιλέα
3385 1858 3657 1936 φερούσης
3692 1862 3766 1916 τὸ

2096 1944 2370 2020 ἐξάγιστον
2406 1941 2602 2018 ὄνομα,
2642 1945 2731 1998 καὶ
2780 1945 2852 2006 ὡς
2902 1945 3309 2022 ὁπατριάρχης
3367 1946 3630 2019 ἐὼίτηδες
3662 1949 3765 2006 ἐν-

2097 2035 2410 2088 πενάσαιτο
2445 2033 2652 2103 ἐκείνην
2702 2035 3015 2111 πεμφθῆναι
3069 2039 3150 2108 τῷ
3209 2034 3447 2111 βασιλεῖ,
3495 2040 3638 2114 ᾗπερ
3672 2042 3762 2112 μὴ

2098 2123 2263 2197 μόνον
2297 2122 2396 2178 οὐκ
2426 2121 2678 2198 εὒλογίας
2729 2124 2887 2195 μετὸν
2947 2121 3034 2178 διὰ
3083 2129 3146 2179 τὸ
3193 2132 3294 2195 τῆς
3325 2134 3541 2201 γραφῆς
3572 2151 3762 2200 μυσα-

2098 2215 2209 2288 ρὸν,
2270 2213 2416 2268 ἀλλά
2465 2214 2553 2268 καὶ
2618 2213 2821 2286 μύσους
2877 2215 2945 2269 τὰ
3007 2213 3235 2288 μέγιστα
3303 2213 3700 2292 προεστρίϐετο
3741 2265 3758 2278 .

2093 2307 2266 2356 Ταῦτα
2296 2302 2604 2374 πυθόμενος
2638 2305 2665 2357 ὁ
2697 2301 2978 2377 βασιλεὺς,
3034 2305 3198 2380 πείρᾳ
3259 2302 3431 2359 θέλων
3482 2307 3764 2380 γνωρίσαι

2093 2393 2158 2446 τὰ
2201 2388 2547 2466 ἀγγελθέντα,
2589 2390 2637 2464 ἐξ
2687 2392 2860 2461 αὐτῆς
2917 2393 3121 2464 πέμπει
3185 2392 3277 2448 τὸν
3331 2398 3426 2448 τοῦ
3485 2400 3768 2460 κοιτῶνος

2097 2480 2595 2555 παρακοιμώμενον
2682 2480 2773 2534 τὸν
2853 2478 3137 2556 βασιλικὸν
3193 2481 3476 2539 Βασίλειον
3541 2484 3770 2555 ξυνετὸν

2094 2569 2222 2624 ὅντα
2269 2568 2607 2645 γραμμάτων
2662 2570 3008 2645 Ἀγαρηνῶν,
3065 2569 3155 2624 καὶ
3213 2571 3273 2636 ’ὀς
3325 2571 3653 2650 ἀνεγίνωσκέ
3696 2597 3766 2631 τε

2089 2787 2163 2855 is,
2196 2792 2257 2842 ut
2305 2786 2524 2842 dictum
2557 2791 2665 2856 est,
2719 2785 2818 2842 tali
2878 2786 2970 2842 die
3019 2789 3425 2844 communioni
3468 2790 3758 2850 Ecclesia;

2086 2876 2393 2931 restitutus
2409 2881 2461 2930 et
2475 2875 2848 2931 anathemate
2868 2876 3101 2933 solutus
3120 2877 3412 2950 aJosepbo
3435 2879 3755 2939 fuissetJn

2086 2963 2178 3019 his
2201 2971 2397 3020 autem
2427 2982 2553 3036 quae
2581 2982 2647 3020 ex
2673 2965 2996 3020 abundanti
3031 2967 3401 3023 addebantur
3417 2969 3488 3024 ad
3515 2973 3754 3042 passim

2085 3053 2334 3109 usitatos
2364 3055 2492 3123 ejus
2525 3055 2827 3126 religionis
2859 3055 3030 3126 ritus,
3063 3056 3205 3111 illud
3239 3062 3365 3113 erat
3389 3063 3454 3112 ut
3483 3058 3540 3113 in
3563 3061 3757 3118 lanci-

2084 3144 2196 3198 bus
2226 3144 2564 3199 encaustico
2614 3161 2788 3214 opere
2827 3145 3164 3216 variegatis,
3217 3146 3451 3216 pictura
3508 3148 3756 3206 fructus

2082 3233 2202 3288 fere
2241 3233 2615 3288 autumnales
2659 3233 3041 3304 exprimente,
3093 3235 3458 3292 frumentum
3517 3241 3751 3296 tostum

2080 3322 2423 3393 patriarchae
2456 3324 2526 3378 ad
2552 3340 2713 3378 aram
2746 3324 3015 3378 facientis
3032 3324 3441 3381 benedictione
3474 3330 3752 3384 sanctiﬁ-

2078 3411 2332 3465 candum
2357 3411 2813 3478 otferretur,tum
2833 3412 3044 3467 harum
3068 3411 3327 3470 lancium
3361 3415 3579 3472 eximia
3602 3435 3753 3488 una,

2075 3500 2472 3570 primitiarum
2497 3501 2612 3556 ritu
2629 3501 3187 3573 quodam,epulanti
3210 3510 3478 3576 Augusto
3515 3509 3755 3564 mensis

2077 3588 2354 3642 secundis
2385 3588 2716 3644 inferretur.
2744 3590 3031 3656 Quoniam
3065 3608 3196 3646 vero
3218 3609 3514 3648 aanearum
3535 3595 3748 3652 istius-

2077 3677 2234 3731 modi
2266 3678 2525 3733 lancium
2557 3679 2627 3733 ad
2662 3677 2769 3733 hos
2801 3695 2948 3735 usus
3009 3681 3306 3753 corrogari
3357 3683 3431 3737 ab
3480 3686 3747 3741 externis

2075 3765 2366 3837 plurimos
2419 3784 2658 3823 necesse
2695 3773 2840 3835 erat,
2875 3769 3025 3824 inter
3071 3770 3204 3825 illas
3239 3788 3366 3841 quae
3417 3773 3526 3828 hoc
3578 3791 3740 3831 anno

2075 3858 2460 3912 commodata:
2491 3874 2524 3911 a
2553 3857 2730 3913 variis
2764 3857 3016 3926 fuerant,
3050 3876 3170 3915 una
3214 3861 3361 3916 forte
3409 3861 3740 3934 speciosior

2072 3946 2200 4001 visa
2222 3947 2468 4011 caeteris,
2500 3953 2553 4002 et
2581 3965 2646 4002 eo
2679 3947 2855 4017 digna
2887 3966 3002 4019 prae
3034 3951 3260 4005 cunctis
3290 3967 3418 4022 quae
3471 3952 3741 4024 impera-

2073 4035 2185 4090 tori
2219 4037 2546 4103 sisteretur,
2583 4036 2840 4108 seposita
2888 4039 2959 4092 ad
3008 4038 3116 4094 hoc
3166 4040 3365 4111 ipsum
3416 4045 3526 4096 est.
3580 4042 3736 4098 Huic

2075 4141 2267 4196 porro,
2314 4132 2524 4195 praeter
2558 4130 2829 4181 caeterum
2885 4127 3107 4183 inducti
3156 4128 3454 4201 eleganter
3503 4133 3744 4187 tectorii

2074 4214 2351 4284 speciem,
2383 4216 2634 4285 Egyptli
2673 4232 2905 4287 quoque
2930 4217 3198 4290 inscripti
3221 4219 3592 4276 characteres
3613 4221 3740 4276 ine-

2075 4309 2228 4358 rant.
2261 4307 2618 4360 Consuetum
2656 4306 2893 4376 quippe,
2929 4312 2992 4361 ut
3021 4307 3209 4374 aiunt,
3241 4309 3508 4380 [Egyptis
3547 4315 3639 4365 est
3673 4313 3739 4367 in

2071 4392 2217 4447 velis
2275 4392 2643 4448 candolabris
2703 4395 2976 4467 vasisque
3043 4396 3282 4468 reliquis
3331 4398 3737 4470 insigniendis

2072 4481 2248 4536 istam
2280 4486 2336 4535 et
2363 4481 2576 4536 litteris
2609 4482 2875 4554 ipsorum
2898 4485 3163 4555 speciose
3186 4485 3354 4542 illitis
3386 4491 3729 4545 ornamenti

2070 4571 2357 4626 rationem
2387 4571 2673 4626 affectare.
2706 4577 2869 4628 Forte
2890 4579 3088 4628 autem
3108 4575 3320 4640 evenit,
3341 4581 3403 4631 ut
3425 4595 3551 4648 qua:
3575 4578 3739 4635 hanc

2071 4659 2400 4730 imperatori
2459 4661 2813 4717 destinatam
2865 4661 3093 4718 lancem
3124 4664 3414 4720 elementa
3460 4667 3735 4737 Egyptia

1991 4739 2037 4802 Ι)
2068 4749 2409 4822 pingebant,
2432 4751 2810 4806 exsecrabilis
2823 4752 2979 4808 454
3000 4752 3544 4823 Machumetis,seu,
3569 4756 3732 4826 quod

2065 4839 2222 4893 idem
2264 4843 2371 4905 est,
2417 4837 2790 4904 Mahometis,
2831 4839 3150 4896 honoriﬁce
3183 4859 3396 4897 nomen
3430 4842 3731 4913 exprime-

2065 4932 2213 4981 rent.
2270 4926 2395 4980 Non
2447 4927 2621 4982 latuit
2651 4933 3026 4984 accusatores
3057 4929 3281 4984 circum
3305 4931 3506 4986 orbem
3539 4930 3735 5002 hujus

2063 5018 2276 5086 patinae
2322 5016 2787 5071 abominandum
2832 5017 2887 5071 id
2946 5018 3300 5074 vocabulum
3351 5019 3734 5090 inscriptum.

2065 5105 2217 5159 Cum
2263 5122 2331 5160 ea
2378 5105 2553 5176 igitur
2583 5106 2774 5161 adhuc
2808 5107 2868 5161 in
2892 5107 3115 5178 templo
3143 5110 3730 5179 seposita,quemad-

2063 5196 2304 5250 modum
2337 5199 2426 5250 est
2457 5195 2699 5263 dictum,
2731 5201 2794 5250 ut
2825 5197 2892 5251 ad
2924 5197 3336 5268 imperatorem
3372 5199 3731 5268 deferretur,

2061 5289 2267 5346 staret,
2304 5284 2489 5339 misso
2516 5284 2575 5339 hi
2609 5291 2760 5341 certo
2795 5286 3034 5342 homine
3071 5287 3122 5342 ei
3162 5288 3442 5344 nuntiant
3489 5288 3730 5345 lancem

2058 5374 2170 5445 ipsi
2226 5375 2581 5430 offerendam
2632 5375 2896 5432 studiose
2943 5375 3228 5432 delectam
3287 5396 3320 5432 a
3361 5377 3729 5449 patriarcha,

2057 5480 2187 5536 quae
2217 5462 2580 5520 detestabilis
2611 5471 2768 5521 esset
2812 5465 3070 5522 nominis
3119 5467 3474 5538 ascriptione
3525 5467 3732 5536 profa-

2055 5559 2214 5618 nata,
2266 5557 2331 5608 ut
2375 5554 2642 5609 videlicet
2693 5572 2798 5626 pro
2847 5561 3117 5626 separata
3162 5562 3434 5628 Augusta
3473 5573 3542 5611 ex
3581 5558 3724 5628 ejus

2052 5642 2204 5698 sacri
2241 5643 2583 5714 apophoreti
2619 5644 3068 5716 participatione
3103 5647 3296 5717 gratia
3328 5645 3563 5702 macula
3602 5645 3727 5718 ipsi

2051 5731 2273 5786 infandi
2309 5733 2527 5803 piaculi
2557 5735 2898 5802 contagione
2933 5734 3089 5790 velut
3119 5738 3373 5808 quadam
3399 5743 3727 5794 exsecrata;

2048 5820 2494 5892 superstitionis
2526 5822 2890 5881 allineretur.
2925 5825 3055 5881 Haac
3087 5827 3336 5883 audiens
3365 5827 3727 5899 imperator,
