4080 6402
385 448 493 502 913

1449 456 1545 508 DE
1589 452 1959 509 MICHAELE
1995 450 2441 507 PALJEOLOGO
2477 453 2614 504 LIB.
2656 452 2753 505 VI.

3698 450 3808 506 914

386 572 477 628 καὶ
547 574 609 628 τὸ
685 572 887 644 ἀληθὲς
942 577 1375 652 προσεμαρτύρει
1454 582 1570 640 τοῖς
1622 577 2035 653 ἀπαγγείλασιν.
2069 571 2354 646 Ακλησία
2421 576 2685 648 ποιμένος
2716 576 3114 650 κεχηρωμένη,
3170 577 3296 648 μήτ’
3342 574 3553 630 ἐκείνου
3602 575 3805 650 παρόν-

388 665 453 719 ἸΙ
490 663 586 736 μὲν
621 661 710 716 οὗν
773 663 1007 718 πλατεῖα
1067 665 1167 720 οὐκ
1225 666 1470 742 εἰσήγετο
1524 665 1612 722 διὰ
1658 669 1757 736 τὴν
1794 664 2041 736 συνείδη-

390 774 496 821 σιν,
527 753 627 820 τήν
676 752 1054 823 ἀποστολικὴν
1114 755 1428 828 παραίνεσιν
1479 761 1576 811 τοῦ
1640 755 1910 832 βασιλέως
1940 777 2042 826 τη-

390 843 694 918 ρήσαντος·
755 842 817 898 τὸ
873 839 930 897 δὲ
980 847 1047 919 τῇ
1108 843 1229 916 ἑξῆς
1288 847 1362 910 ὡς
1419 844 1678 922 ἔγκλημα
1734 847 1820 902 καὶ
1881 849 2040 900 τοῦτο

389 929 711 1006 προύτίθετο
737 930 1014 1006 μέγιστον.

389 1093 472 1168 ιγ’.
540 1094 730 1155 Ὅπως
798 1096 1151 1172 παρῃτήσατο
1190 1168 1200 1172 _
1246 1095 1336 1172 τᾷν
1397 1094 1616 1172 ,θρόνον
1681 1098 1709 1150 6
1771 1115 2037 1172 πατριαρ-

958 1166 1136 1241 χεύων
1190 1168 1228 1222 Ἰ
1235 1167 1466 1236 ωάννὴς.

456 1292 538 1363 [Ρ.
571 1293 698 1363 311]
747 1291 836 1353 Ὣς
892 1290 1068 1346 τοίνυν
1122 1293 1187 1347 τὰ
1245 1292 1380 1348 κατὰ
1425 1294 1515 1347 τὸν
1565 1293 1911 1370 πατριάρχην
1948 1292 2036 1348 ἐπὶ

386 1379 519 1451 μησὶ
551 1377 698 1434 δυοῖν
734 1377 975 1456 ἐτρίϐετο
1005 1383 1094 1436 καὶ
1139 1379 1294 1437 οὐδὲν
1340 1384 1557 1452 ἠνύετο,
1595 1383 1758 1455 μὸνον
1795 1381 1840 1437 δ’
1871 1382 2035 1445 ὓθλος

380 1468 469 1523 καὶ
499 1467 753 1544 λοιδορία
803 1470 892 1525 καὶ
944 1477 1044 1526 πᾶν
1080 1473 1108 1526 6'
1137 1495 1187 1527 τι
1221 1472 1472 1527 κάκιστον
1524 1473 1610 1541 ἦν,
1666 1473 1773 1545 (καὶ
1814 1474 1865 1526 τί
1906 1475 2030 1548 γὰρ,

383 1555 521 1612 ὅπου
577 1559 667 1612 καὶ
721 1557 967 1632 κλίμακα
1013 1561 1148 1615 κατᾶ
1205 1561 1407 1640 φιάλης
1465 1561 1898 1624 ἐνσκευασοεῖσαν
1957 1567 2034 1634 τῷ

382 1648 698 1723 πατριάρχῃ
758 1649 894 1704 κατὰ
939 1672 1058 1705 τινα
1116 1648 1290 1706 ἄνεσιν
1351 1649 1585 1726 δένδρων
1648 1651 1820 1707 ἐκεῖσε
1866 1673 2031 1706 κατα-

386 1737 754 1814 φυτευθέντων
814 1739 1110 1813 παντοίων,
1162 1739 1299 1812 ὕλην
1354 1741 1503 1817 εἶχον
1561 1742 1649 1796 καὶ
1699 1740 1901 1812 ταύτην
1931 1748 2030 1811 τῆς

380 1829 494 1881 κατ’
529 1826 735 1882 ἐκείνου
768 1831 1150 1907 συκοφαντίας,
1210 1832 1338 1906 παρ’
1395 1828 1462 1900 ἤν
1523 1830 1700 1885 αἰτίαν
1742 1833 1830 1885 καὶ
1867 1830 2030 1904 μόνον

381 1915 614 1981 ἀκούσας
641 1918 777 1973 κατὰ
818 1924 920 1973 πᾶν
973 1918 1187 1975 ἐκέλευε
1233 1921 1322 1974 καὶ
1371 1921 1420 1996 γ’
1470 1921 1743 1995 ἀφανίζειν
1772 1919 1961 1976 τέλεον
1990 1924 2027 1994 ς)
2060 1949 2106 2013 Β

380 2006 453 2068 ὡς
486 2011 616 2083 γοῦν
645 2005 796 2063 οὐδὲν
831 2006 972 2065 ἄλλο
1012 2009 1047 2079 ἢ
1097 2008 1350 2084 λοιδορία
1396 2009 1612 2080 ἠνύετο,
1641 2011 1842 2072 σκοπὸς
1883 2009 1928 2065 δ’
1960 2011 2025 2080 ἧν

376 2093 581 2152 ἐκεῖνον
631 2097 966 2172 ἀπειρηκότα
1021 2101 1157 2176 πρὸς
1214 2101 1308 2162 τὰς
1364 2098 1628 2177 ἐπιφορὰς
1679 2105 1786 2156 τῶν
1820 2096 2024 2176 ὕϐρεων

372 2185 748 2260 παραιτεῖσθαι
808 2190 896 2242 τὸν
958 2190 1174 2265 θρόνον,
1237 2191 1405 2264 μηνὸς
1457 2191 1703 2263 Κρονίου,
1755 2192 2026 2264 μεσούσης

371 2277 642 2347 νηστείας,
676 2272 940 2334 λίϐελλον
988 2281 1208 2358 γράφειν
1269 2284 1348 2352 τῷ
1409 2287 1712 2360 συγγραφεῖ
1753 2283 2025 2356 παραιτή-

375 2385 510 2426 σεως
543 2364 837 2438 ἐπιτάττει,
885 2367 975 2421 καὶ
1033 2369 1085 2443 γ’
1144 2365 1365 2430 ἐπιδοὺς
1427 2369 1640 2444 βαςιλεῖ
1689 2390 2025 2445 προσποιου-

384 2454 528 2526 μένῳ
578 2457 653 2526 μὴ
710 2453 959 2531 δέχεσθαι
1019 2455 1423 2530 ἀπηλλάττετο,
1482 2458 1570 2512 καί
1621 2460 1893 2536 φέρωντῇ
1924 2467 2024 2529 τῆς

379 2543 770 2618 Ηαναχράντου
822 2549 960 2620 μονῇ
1010 2544 1196 2602 ἐαυτὸν
1249 2544 1493 2605 δίδωσιν.
1547 2550 1646 2602 Ἦν
1697 2549 1788 2602 οὖν
1830 2551 1864 2618 ἡ
1901 2550 2025 2606 Ἐκ-

376 2781 493 2837 quo
525 2765 598 2820 ab
625 2763 922 2836 liquidum
959 2765 1282 2837 exploraret
1313 2784 1386 2822 an
1431 2767 1514 2822 ita
1559 2766 1864 2836 baberent,
1899 2783 2030 2823 cur-

370 2853 560 2910 riculo
593 2854 775 2910 mittit
802 2855 1050 2928 Augusti
1083 2856 1333 2912 cubiculi
1367 2858 1706 2929 praefectum
1722 2857 2027 2924 Basilium,

373 2943 627 3015 peritum
651 2945 1157 3000 Sarracenicarum
1192 2945 1544 3013 litterarum,
1575 2947 1673 3018 qui
1707 2947 1806 3002 ubi
1847 2946 2025 3019 legis-

376 3035 485 3096 set,
522 3047 642 3088 rem
671 3049 801 3089 vere
831 3034 1014 3090 fuisse
1061 3035 1392 3092 nuntiatam
1424 3035 1764 3108 imperatori
1797 3035 2019 3091 retulit.

372 3122 684 3177 Prandenti
717 3137 852 3196 ergo
893 3141 1028 3180 mox
1055 3126 1316 3192 Augusto
1356 3141 1490 3179 cum
1541 3128 1698 3180 esset
1745 3125 1815 3179 de
1862 3141 2021 3180 more

367 3209 500 3265 lanx
532 3209 728 3275 allata,
757 3229 873 3268 non
901 3214 1166 3270 admissa
1196 3215 1267 3270 ab
1298 3232 1364 3271 eo
1396 3218 1503 3284 est,
1539 3214 1706 3286 quasi
1738 3213 2013 3286 religioso

368 3303 530 3354 metu
589 3302 1018 3357 conse’scendze
1085 3321 1269 3374 noxae,
1331 3308 1386 3358 et
1452 3320 1591 3358 cura
1647 3301 2011 3374 obsequendi

364 3355 1009 3460 Apostolicomandato
1043 3355 1279 3462 λιῖιζέιὶῖί
1329 3355 1616 3464 amna
1653 3355 2015 3464 ’ἐρ’έιξοκὶειιίι
2044 3355 2086 3421 C

370 3477 570 3533 cibum
605 3479 718 3551 ipsi
753 3480 1083 3550 appositum
1119 3481 1380 3537 oblatum
1413 3482 1579 3553 prius
1629 3481 1788 3536 idolo
1822 3481 2022 3549 fuisse,

368 3569 664 3626 abstinere
695 3569 856 3627 illius
887 3588 990 3627 esu
1034 3577 1271 3645 prepter
1314 3573 1757 3628 conscientiam.
1807 3571 2022 3626 Postri-

369 3657 463 3713 die
509 3676 679 3730 porro
729 3660 800 3715 ad
860 3661 1108 3716 crimina
1166 3662 1508 3734 patriarchae
1559 3662 1756 3716 aiﬁcta
1805 3677 2018 3716 novum

320 3747 326 3750 ’
364 3747 522 3804 istud
553 3753 838 3821 tanquam
871 3752 1140 3808 omnium
1188 3753 1510 3809 maximum
1560 3749 2021 3808 invidiosissime

364 3838 715 3909 adjunctum
749 3844 857 3896 est.

470 3981 636 4038 13.Ut
661 3984 989 4054 patriarcha
1008 3987 1251 4044 Joannes
1272 3988 1466 4045 throno
1481 3987 1902 4045 renuntiaverit.

431 4104 575 4162 Cum
605 4107 784 4180 igitur
814 4112 1138 4184 duobus,ut
1169 4114 1627 4184 dixi,mensibus
1652 4114 1870 4186 agitata
1891 4113 2012 4168 haec

356 4195 704 4264 patriarcha:
735 4201 1034 4257 accusatio
1066 4203 1299 4272 fuisset,
1332 4221 1437 4261 nec
1469 4204 1792 4277 quidquam
1823 4203 2008 4274 profi-

353 4290 607 4357 ceretur,
640 4290 740 4346 sed
774 4289 1120 4364 ludibrium,
1164 4294 1542 4360 contumelia,
1603 4299 1662 4350 et
1719 4291 2005 4364 quidquid

349 4373 464 4430 dici
491 4377 814 4448 pessimum
848 4387 1057 4452 potest,
1093 4383 1150 4438 in
1185 4401 1244 4440 re
1295 4388 1416 4440 tota
1455 4393 1807 4450 versaretur,
1841 4381 2004 4454 (quid

348 4465 506 4522 enim
537 4486 640 4540 pro
668 4469 820 4526 bono
852 4476 908 4528 et
937 4491 1102 4545 aquo
1135 4475 1390 4530 facturos
1415 4492 1636 4548 speres,
1672 4474 1771 4545 qui
1823 4473 2000 4528 etiam

348 4555 524 4612 scalae
582 4557 830 4616 formam
883 4563 1210 4634 peregrinis
1278 4564 1514 4631 litteris,
1561 4564 1700 4619 ludo
1748 4562 2001 4634 quodam

341 4644 586 4717 pictoris
656 4648 806 4706 inter
857 4651 1185 4724 anaglypha
1248 4653 1642 4725 implexarum
1726 4653 2000 4708 arborum

340 4752 588 4792 amoma;
620 4738 918 4796 varietatis
941 4723 1092 4799 45757
1117 4759 1218 4814 per
1241 4723 1496 4814 phialam
1521 4741 1995 4806 conscribillata,
2029 4723 2080 4786 Β

335 4824 398 4881 in
434 4831 690 4884 atrocem
719 4830 1078 4888 calumniam
1111 4833 1392 4890 traxerint
1418 4834 1588 4906 quasi
1639 4831 1852 4906 piaculi
1876 4832 1993 4887 'ne-

340 4914 530 4987 fandi,
563 4919 733 4988 cujus
765 4921 836 4976 ad
869 4921 1053 4978 solam
1102 4924 1466 4981 mentionem
1499 4923 1993 4979 conclamandum

337 5006 762 5065 exterminium
789 5015 946 5067 esset
977 5011 1248 5068 ultimum
1282 5013 1336 5069 ei
1365 5014 1702 5086 quicunque
1742 5012 1990 5068 insimu-

336 5089 568 5148 laretur
604 5098 728 5150 tam
779 5097 1056 5154 horrendi
1101 5100 1372 5157 videlicet
1416 5099 1777 5172 sacrilegii?)
1838 5115 1990 5166 cum,

329 5179 610 5253 inquam,
635 5185 934 5254 judicium
957 5188 1015 5243 id
1041 5189 1186 5244 nihil
1209 5190 1323 5246 nisi
1353 5189 1622 5263 petulans
1663 5189 1991 5246 convicium

326 5272 390 5324 et
430 5271 829 5342 ignominiosa
876 5278 1168 5334 traductio
1220 5281 1573 5351 patriarchae
1620 5281 1880 5336 nominis
1937 5284 1994 5335 et

329 5359 793 5421 existimationis
852 5372 1028 5436 esset,
1087 5369 1374 5443 facileque
1440 5381 1745 5442 appareret
1805 5385 1990 5426 unum

323 5446 480 5505 illud
547 5457 816 5523 spectare
877 5460 1147 5513 auctores
1214 5459 1542 5515 fautoresve
1608 5459 1991 5516 tumultuosae

321 5536 512 5609 hujus
545 5542 1077 5616 criminationis,ut
1095 5547 1196 5619 qui
1231 5564 1298 5604 ea
1327 5549 1714 5605 licentissime
1745 5549 1990 5606 incomi-

317 5626 622 5698 tiabatur,
650 5632 899 5690 ferendae
927 5637 1120 5708 impar
1147 5637 1480 5695 istiusmodi
1511 5639 1798 5696 vexationi
1819 5644 1994 5712 atque

316 5717 588 5776 infamia:
613 5722 813 5779 sedem
847 5724 1247 5799 honoremque
1274 5729 1710 5800 detrectaret,id
1734 5729 1988 5786 Joannes

302 5801 684 5884 intelligens,
710 5825 915 5872 mense
968 5813 1178 5874 Martio
1226 5816 1382 5875 circa
1431 5817 1696 5877 medium
1728 5819 1988 5894 quadra-

2149 685 2267 733 τος,
2299 663 2388 718 καὶ
2423 662 2593 720 ἄλλον
2627 666 3030 740 ἀντεισάγεσθαι
3085 664 3183 719 οὐκ
3229 665 3296 733 ἦν
3342 660 3488 726 ὅλως
3541 669 3620 737 τῷ
3657 667 3809 727 βασι-

2152 752 2240 809 λεῖ
2269 754 2498 826 θεΛητόν
2533 775 2544 786 ·
2606 755 2656 810 ἐν
2709 760 2789 828 τῷ
2851 755 3044 829 μεταξὺ
3098 757 3198 833 γὰρ
3261 756 3492 828 πέμπων
3523 757 3613 810 καὶ
3645 755 3803 810 αὐτὸν

2150 841 2216 913 δὴ
2284 845 2375 899 τὸν
2438 844 2601 900 αὐτοῦ
2669 845 2761 900 τὸν
2850 845 3072 919 βασιλέα
3138 843 3483 920 Ἀνδρόνικον
3549 843 3802 921 ἐπειρᾶτο

2151 932 2466 1006 μαλάττεινο

2151 1091 2230 1152 ιδ’.
2291 1095 2373 1152 Τὰ
2435 1096 2572 1150 κατᾶ
2632 1096 2760 1158 τοὺς
2828 1091 3084 1169 πρέσϐεις
3139 1100 3236 1150 τοῦ
3294 1097 3491 1151 πάππα
3549 1095 3639 1151 καὶ
3705 1097 3798 1151 τὸν

2634 1188 2772 1243 πατρ
2785 1169 2982 1245 ιάρχην
3029 1169 3304 1239 Ἰωάννην.

2215 1293 2301 1348 Ἐν
2333 1293 2581 1366 τοσούτῳ
2613 1291 2670 1348 δὲ
2718 1295 2805 1349 καὶ
2858 1290 3110 1369 πρέσϐεις
3155 1296 3217 1349 ὲκ
3269 1295 3493 1368 Ῥώμης
3524 1296 3672 1367 παρά
3700 1298 3797 1348 τοῦ

2141 1383 2336 1437 πάππα
2390 1384 2695 1461 ἐφίστανται
2757 1383 2856 1454 ἔξω
2913 1407 3020 1439 που
3077 1384 3294 1448 πόλεως
3349 1387 3446 1453 τῆς
3507 1381 3798 1459 Ἀδριανοῦ

2826 1477 2925 1530 Καὶ
2989 1475 3048 1539 ὅς
3103 1475 3272 1538 Θέλων
3312 1475 3611 1542 συσκιάζειν
3647 1473 3797 1551 σφίσι

2137 1563 2206 1618 τὰ
2234 1566 2371 1618 κατᾶ
2417 1566 2508 1619 τὸν
2559 1565 2930 1641 πατριάρχην,
2991 1565 3217 1629 ἐκείνοις
3265 1566 3358 1635 μέν
3409 1565 3582 1626 αἰτίας
3616 1563 3797 1619 πλατ-

2141 1473 2464 1542 ἐπανήκοντι
2530 1472 2688 1549 βασιλ
2698 1480 2762 1531 εῖ.

2135 1652 2366 1726 τόμενος
2421 1656 2495 1716 ὡς
2547 1655 2860 1729 ἀπειρηκὼς
2915 1650 3068 1731 ἔλεγε
3134 1655 3272 1731 πρὸς
3327 1655 3453 1718 τοὸς
3504 1654 3710 1716 πόνους
3766 1655 3792 1707 ὁ

2136 1743 2510 1819 πατριάρχης,
2541 1746 2628 1799 καὶ
2682 1745 2935 1814 ἀνεθῆναι
2997 1744 3167 1809 θέλων
3219 1745 3305 1799 ἐπὶ
3357 1742 3522 1815 πολὺ,
3556 1742 3796 1819 ἐκχωρεῖ

2135 1835 2273 1908 πρὸς
2301 1836 2486 1910 καιρὸν
2520 1840 2616 1890 τοῦ
2648 1835 3062 1911 πατριαρχείου.
3090 1837 3173 1908 [Ρ.
3197 1837 3323 1908 312]
3350 1835 3439 1889 καὶ
3469 1856 3531 1909 γε
3565 1831 3794 1906 μέλλειν

2136 1922 2381 1998 ἐντυχεῖν
2415 1928 2547 2002 σφᾶς
2595 1924 2782 1996 ἐκείνῳ
2827 1924 2972 2000 παρά
3025 1945 3136 1980 τισι
3187 1929 3294 1980 τῶν
3327 1925 3464 1979 κατά
3492 1924 3590 1992 τὴν
3624 1921 3791 1978 πόλιν

2142 2017 2359 2086 μονῶν’
2394 2011 2597 2068 ἐκεῖνον
2658 2012 2716 2069 δὲ
2763 2013 2982 2088 πέμψας
3037 2013 3194 2085 ἠξίου
3248 2014 3541 2078 ἀποθέσθαι
3594 2014 3690 2087 μὲν
3721 2011 3789 2067 τὰ

2135 2109 2235 2172 τῆς
2272 2103 2642 2179 μικροψυχίας
2690 2105 2766 2166 ὡς
2822 2101 2977 2167 ὄντος
3023 2109 3216 2180 καιροῦ
3252 2104 3462 2178 μᾶλλον
3496 2103 3531 2172 ἢ
3570 2100 3783 2177 βουλή-

2137 2214 2294 2262 σεως,
2340 2191 2593 2247 ἀπελθεῖν
2647 2190 2704 2247 δὲ
2742 2195 2878 2270 πρὸς
2925 2194 3024 2261 τήν
3081 2194 3249 2265 μονὴν
3299 2196 3406 2246 τῶν
3459 2192 3789 2267 Μαγγάνων,

2134 2281 2290 2336 κάκεῖ
2339 2288 2459 2345 τοῖς
2518 2277 2802 2358 πρέσϐεσιν
2865 2282 3110 2358 ἐντυχεῖν
3165 2281 3582 2358 παραγεγονόσι,
3620 2278 3788 2353 μηδὲν

2133 2376 2242 2426 τῶν
2311 2371 2591 2446 προτέρων
2652 2375 2994 2446 σημήναντα.
3073 2371 3263 2435 Οὕτως
3320 2369 3500 2448 ἔλεγε,
3556 2370 3647 2426 καὶ
3703 2367 3786 2443 ἄμ

2135 2461 2363 2524 ἐκείνοις
2388 2464 2487 2531 τὴν
2521 2461 2682 2518 πόλιν
2726 2461 3039 2538 εἰσήρχετο.
3093 2463 3224 2538 Πρὶν
3281 2460 3327 2516 δ’
3376 2460 3623 2537 ἐντυχεῖν
3653 2459 3795 2515 ἐκεί-

2133 2571 2262 2614 νους
2319 2549 2531 2625 συνόδῳ
2585 2552 2676 2608 καὶ
2730 2554 3073 2628 πατριάρχῃ,
3130 2554 3158 2607 6
3224 2551 3480 2628 βκσιλεὺς
3531 2549 3697 2627 γνοὺς
3730 2550 3793 2604 τὸ

2140 2769 2712 2840 genariijejunii,me
2741 2770 2920 2842 hujus
2949 2770 3205 2827 historia.-
3227 2770 3576 2843 scriptorem
3603 2769 3793 2840 jussit

2139 2857 2402 2914 libellum
2428 2859 2814 2916 abdicationis
2845 2877 2965 2916 sua
2999 2859 3402 2927 conscribere;
3438 2875 3614 2930 quem
3650 2875 3784 2914 eum

2137 2947 2478 3019 imperatori
2533 2950 2866 3014 obtulisset,
2891 2949 2991 3005 illo
3023 2950 3344 3005 simulante
3395 2966 3456 3004 se
3483 2964 3600 3003 non
3634 2948 3789 3004 acci-

2134 3054 2290 3109 pere,
2323 3040 2601 3095 continuo
2633 3041 2910 3096 recedens
2942 3040 3001 3094 in
3038 3040 3455 3095 Panachrantaa
3485 3042 3783 3094 monaste-

2131 3127 2285 3182 rium
2319 3144 2380 3183 se
2399 3128 2647 3184 abdidit.
2677 3130 2819 3185 Erat
2841 3145 2977 3201 ergo
3010 3129 3232 3185 Eclesia
3265 3133 3498 3200 pastore
3528 3128 3785 3197 viduata,

2126 3214 2236 3270 hoc
2301 3216 2536 3287 quidem
2597 3235 2711 3273 non
2763 3227 3155 3290 comparente,
3199 3223 3256 3273 et
3304 3217 3489 3273 alium
3535 3218 3594 3271 in
3653 3217 3784 3287 ejus

2124 3305 2316 3361 locum
2351 3308 2670 3379 subrogare
2702 3307 2935 3364 nolente
2965 3307 3204 3362 omnino
3229 3307 3600 3379 imperatore.
3634 3305 3782 3360 Nam

2130 3393 2286 3450 inter
2311 3395 2456 3451 alios
2493 3414 2638 3468 quos
2687 3398 2757 3453 ad
2819 3397 3214 3468 patriarcham
3269 3413 3338 3452 ex
3385 3397 3496 3451 isto
3546 3411 3780 3450 recessu

2131 3487 2519 3541 revocandum
2564 3492 2621 3541 et
2650 3491 2715 3541 ut
2737 3487 2971 3559 publico
3003 3503 3068 3542 ac
3097 3503 3204 3542 suo
3235 3485 3462 3542 muneri
3485 3500 3546 3541 se
3577 3484 3780 3540 redde-

2130 3577 2217 3628 ret
2243 3576 2528 3630 orandum
2561 3592 2665 3647 per
2694 3576 2751 3631 id
2784 3580 3018 3648 tempus
3049 3575 3343 3648 allegavit,
3375 3575 3568 3646 ipsum
3601 3575 3776 3628 etiam

2129 3661 2315 3718 ﬁlium
2351 3664 2655 3736 proprium
2678 3669 2735 3720 et
2764 3666 2996 3738 imperii
3042 3664 3326 3737 collegam
3383 3661 3774 3718 Andronicum

2126 3754 2390 3809 conferre
2420 3771 2482 3810 se
2514 3757 2586 3811 ad
2617 3756 2784 3811 illum
2818 3761 2876 3812 et
2905 3755 3104 3812 conari
3136 3753 3601 3826 exorarejussit.’

2290 3898 2379 3955 14.
2413 3900 2488 3956 De
2518 3899 2716 3968 legatis
2737 3915 2904 3972 papae
2933 3903 2984 3956 et
3007 3899 3336 3972 patriarcha
3361 3901 3592 3956 Joanne.

2189 4030 2341 4086 Dum
2377 4031 2495 4087 haec
2529 4037 2836 4105 geruntur,
2895 4033 3071 4104 legati
3125 4034 3309 4088 Roma
3352 4050 3385 4088 a
3415 4037 3575 4105 Papa
3603 4031 3772 4089 missi

2118 4125 2433 4176 occurrunt
2464 4121 2804 4193 imperatori
2853 4121 3167 4177 revertenti
3217 4121 3666 4193 Adrianopolim
3715 4127 3774 4177 et

2113 4208 2276 4264 illam
2307 4209 2605 4266 civitatem
2637 4211 2900 4266 nondum
2933 4209 3330 4282 ingresso.His
3359 4209 3534 4265 illein
3562 4209 3770 4282 primis

2115 4299 2347 4354 studuit
2375 4316 2502 4371 quae
2531 4300 2687 4356 circa
2717 4300 3113 4371 patriarcbam
3140 4316 3330 4370 nuper
3359 4303 3677 4354 evenerant
3707 4299 3768 4353 in

2111 4388 2367 4460 speciem
2419 4406 2598 4460 quam
2651 4391 2964 4445 minimum
3016 4388 3365 4444 invidiosam
3422 4388 3638 4458 fucare,
3701 4405 3766 4443 ac

2112 4479 2266 4550 quod
2303 4478 2667 4534 dissimulari
2692 4479 2978 4550 nequibat
3010 4479 3248 4546 factum,
3273 4478 3583 4534 inumbare
3604 4493 3763 4533 com-

2110 4565 2495 4622 miniscendis
2525 4568 2741 4637 causis,
2780 4584 2914 4623 cum
2947 4567 3166 4624 diceret
3197 4570 3623 4640 praegravatum
3657 4583 3760 4637 pa-

2109 4656 2416 4712 triarcham
2450 4657 2751 4715 laboribus
2781 4658 3103 4715 functionis
3134 4659 3328 4726 istius,
3389 4674 3504 4729 quo
3565 4657 3636 4712 ab
3684 4655 3758 4710 iis

2108 4746 2423 4816 respiraret
2452 4747 2700 4804 otiosius
2757 4765 2939 4818 seque
2987 4749 3272 4815 reﬁceret,
3318 4764 3348 4803 e
3379 4743 3756 4818 patriarchali

2106 4834 2177 4889 ad
2206 4839 2445 4907 tempus
2484 4837 2802 4894 excessisse
2833 4837 3344 4909 palatio,futurum
3377 4841 3572 4891 tamen
3605 4832 3752 4905 ipsis

2105 4929 2315 4995 prasto
2345 4928 2578 4983 cum"eo
2610 4927 3014 5000 congressuris
3045 4926 3198 4996 apud
3258 4925 3527 4996 quaedam
3586 4923 3753 4978 urbis

2104 5015 2480 5071 monasteria.
2507 5017 2706 5088 Ipsum
2735 5020 2934 5072 autem
2965 5015 3188 5071 Vecum
3221 5031 3322 5085 per
3344 5017 3532 5069 certos
3600 5030 3634 5068 a
3690 5029 3754 5069 se

2103 5103 2318 5159 missos
2332 5106 2902 5178 rogavit,deponeret
2915 5103 3468 5176 pusillanimitatem
3491 5117 3753 5164 omnem;

2103 5193 2407 5265 456quaa
2437 5199 2566 5251 acta
2614 5199 2816 5251 essent
2872 5195 3185 5266 imputaret
3244 5192 3496 5265 tempori
3555 5193 3754 5265 potius

2104 5299 2281 5353 quam
2315 5283 2603 5339 voluntati
2637 5301 2778 5351 suae;
2803 5285 3068 5340 conferre
3100 5300 3162 5339 se
3193 5299 3265 5338 ne
3297 5289 3638 5354 gravaretur
3691 5282 3752 5338 in

2103 5375 2526 5430 monasterium
2562 5375 2687 5430 Man
2697 5391 2982 5447 ganorum
3013 5391 3436 5447 congressurus
3450 5390 3582 5430 cum
3603 5373 3756 5445 lega-

2101 5462 2178 5518 tis
2218 5463 2359 5518 illuc
2391 5465 2749 5533 occursuris,
2783 5465 3001 5537 quibus
3047 5463 3250 5520 orabat
3275 5480 3348 5520 ne
3395 5463 3753 5536 signiﬁcaret

2103 5552 2427 5624 quidquam
2459 5571 2660 5609 eorum
2691 5571 2817 5626 quae
2850 5571 3041 5627 nuper
3062 5552 3573 5626 contigissent.Sic
3604 5568 3750 5622 pra;-

2101 5642 2330 5699 munito
2363 5643 2696 5715 patriarcha
2726 5645 3032 5718 ingressus
3054 5645 3257 5700 urbem
3277 5647 3510 5699 estcum
3539 5641 3747 5713 legatis

2099 5730 2501 5803 imperator;et
2533 5750 2812 5805 quorsum
2847 5751 2915 5790 ea
2964 5733 3176 5808 legatio
3235 5733 3526 5806 spectaret
3577 5727 3746 5786 intel-

2094 5817 2308 5895 ligens,
2332 5821 2492 5880 dedit
2518 5836 2757 5898 cperam
2788 5839 2861 5882 ne
2891 5822 2978 5881 illi
3025 5838 3162 5882 cum
3213 5821 3436 5896 synodo
3489 5835 3745 5891 cumque
