4080 6412
344 437 453 492 915

1650 438 1954 493 GEORGII
1990 437 2222 491 PACHY
2235 438 2451 492 ΜΕΒΛΕ

3665 428 3774 483 916

340 566 442 628 τῆς
476 550 763 633 πρεσϐείας
792 552 1115 625 κεφάλαιον,
1168 553 1232 610 τὸ
1283 553 1330 609 δ’
1381 554 1447 625 ἦν
1510 557 1586 630 μή
1640 556 1834 632 λόγοις
1866 558 1999 612 εἶναι
2031 561 2083 628 Α
2115 558 2471 632 κατεπράχθη
2503 556 2590 610 οιαὶ
2659 553 2777 627 μεθ’
2830 550 2960 622 ὅσης
3016 557 3116 620 τῆς
3181 549 3503 627 δυσχερείας
3533 549 3771 621 ἠνύσθη,

339 648 577 717 τὴντῶν
612 645 957 716 Ἐκκλησιῶν
1008 645 1229 718 εἰρήνην
1288 645 1377 700 καὶ
1438 644 1646 719 μόνοις,
1698 645 1825 702 ἀλλ’
1856 644 2000 722 ἔργῳ

345 732 669 791 δεικνύντων
718 740 798 807 τῷ
856 734 945 790 καὶ
1005 740 1140 812 σφᾶς
1198 735 1310 788 κατ’
1370 733 1609 798 ἐκείνους
1664 738 1765 803 τὴν
1824 736 2002 791 πίστιν

344 824 663 899 ὁμολογεῖν,
695 824 785 879 καὶ
819 822 960 878 οὓτω
991 821 1380 901 πληροφορεῖν
1422 826 1521 894 τήν
1552 822 1765 882 ἕνωσιν.
1802 832 2001 902 Ηαρω-

342 914 603 989 τρύνοντο
652 913 753 989 γὰρ
813 914 910 967 κᾶν
969 917 1130 966 τοῦτο
1189 914 1279 967 καὶ
1340 914 1484 990 παρᾶ
1540 919 1647 968 τῶν
1694 916 2002 990 ἡμετέρων,

341 1006 414 1065 ὡς
448 1002 661 1078 ἔλεγον,
724 1000 1089 1076 σχιζομένων,
1144 1000 1195 1056 ο“ί
1254 1001 1320 1071 δὴ
1380 1005 1470 1057 καὶ
1532 1001 1773 1059 πολλοῖς
1816 1010 1922 1059 τῶν
1954 1005 2003 1058 ἐν

341 1093 568 1154 ἐκείνοις
619 1090 851 1168 φρερίων
917 1091 1174 1165 μιγνύτες
1233 1090 1445 1165 χλεύην
1508 1091 1694 1168 ἔλεγον
1725 1095 1823 1162 τὴν
1862 1093 2004 1169 εἰρή-

339 1203 435 1253 νην
472 1182 622 1250 εἶναι,
656 1181 741 1235 καὶ
781 1177 890 1235 δεῖν
926 1178 1240 1253 δοκιμάζειν
1276 1181 1325 1235 εἷ’
1354 1182 1444 1236 καὶ
1492 1182 1645 1237 αὐτοὶ
1686 1184 1746 1238 τὸ
1779 1178 2005 1255 Τύμϐο-

340 1271 437 1326 λον
500 1269 642 1325 οὕτω
701 1268 934 1344 λέγοιεν,
996 1270 1263 1342 οἰομένων
1326 1269 1565 1326 ἐντεῦθεν
1620 1271 1696 1335 εἷς
1742 1272 2007 1345 μερίμνας

341 1361 485 1436 ἀγειν
545 1361 636 1415 τὸν
698 1358 948 1434 βασιλέα,
1012 1358 1087 1421 ὡς
1145 1356 1290 1414 δυοῖν
1349 1359 1398 1432 ἐξ
1462 1361 1699 1436 ἀνάγκης
1759 1362 2005 1436 γενέσθαι

343 1448 588 1523 θέἱτερον,
621 1450 655 1519 ἢ
695 1450 768 1520 μὴ
800 1448 1307 1513 καθυποκλιθέντος
1354 1452 1452 1519 τὴν
1512 1452 1731 1527 εἷρήνην
1786 1451 2005 1527 συγχέε-

346 1551 488 1610 σθαι,
524 1538 558 1606 ἢ
611 1540 701 1593 καὶ
762 1560 814 1593 τι
872 1543 979 1592 τῶν
1040 1540 1306 1611 κειμένων
1361 1536 1680 1609 παραϐάντα
1740 1542 2005 1615 μειζόνως

344 1628 631 1703 ἁμαρτεῖν,
693 1627 783 1682 καὶ
844 1634 978 1706 σφᾶς
1056 1628 1429 1704 ἰσχυρίζεσθαι
1506 1629 1717 1708 φεύγειν
1778 1627 1853 1685 ἔτι
1922 1629 2006 1685 δι-

346 1716 516 1779 καίως
548 1718 646 1785 τὴν
707 1715 896 1772 ἕνωσιν
957 1718 1032 1779 ὡς
1092 1718 1377 1793 ἂντικρους
1433 1715 1812 1795 παραϐάντων.
1847 1721 2010 1785 Γνοὺς

346 1810 515 1861 ταῦτα
542 1807 726 1861 τοίνυν
760 1808 788 1861 ὁ
821 1804 1099 1880 βασιλεὺς,
1149 1810 1238 1862 καὶ
1282 1806 1441 1870 εἰδὼς
1482 1809 1801 1879 ἐξαπιναίως
1844 1809 2009 1865 ἀκού-

351 1916 544 1958 σαντος
622 1892 1173 1969 Θορυϐηθησομένους
1245 1900 1335 1953 καὶ
1408 1898 1539 1960 τοὺς
1598 1899 1731 1962 τέως
1786 1900 2008 1973 εἰρήνην

353 1982 608 2061 ἄγοντας,
662 1986 880 2059 πέμψας
935 1986 1321 2043 πετακαλεῖται
1408 1989 1497 2042 καὶ
1583 1988 1862 2064 ἀρχιερεῖς
1921 1990 2009 2053 καὶ

352 2074 563 2149 κλῆρον
608 2072 837 2148 ἅπαντα,
888 2075 978 2130 καὶ
1038 2082 1173 2152 σφᾶς
1229 2079 1349 2132 κατ’
1380 2075 1519 2133 ἰδίαν
1577 2073 1761 2133 λαϐὼν
1796 2081 2007 2152 (κοσμι-

354 2168 474 2225 κοῖς
507 2163 611 2239 γὰρ
643 2162 911 2238 ἀπείρητο
948 2165 1023 2236 μή
1056 2169 1349 2239 παρεῖναι).

358 2268 885 2346 ιε’.-ΙΙληροφορία-
923 2269 1195 2346 βασιλέως
1239 2272 1390 2346 ,πρὸς
1440 2273 1569 2346 τοὺς
1626 2280 1726 2341 τῆς
1777 2271 2010 2344 Ἐκκλη-

425 2314 437 2326 .
499 2291 692 2345 ιιΛηρο
740 2291 862 2345 ορια
923 2291 1195 2345 βασιλέως
1251 2293 1390 2346 προς
1440 2294 1569 2335 τους
1626 2296 1726 2341 της
1779 2291 2009 2344 lux.qu-

422 2341 596 2420 ciagn
645 2291 734 2398 8ιῖ
832 2343 927 2405 τὰς
1032 2343 1387 2420 παραλόγους
1480 2345 1801 2417 ἀπαιτήσεις
1901 2352 2009 2403 τῶν

423 2408 728 2489 πρέσϐεων.

417 2521 504 2593 [Ρ.
536 2522 662 2594 313]
697 2544 726 2573 ‹‹
758 2522 840 2578 Τὰ
874 2521 969 2594 μὲν
996 2525 1102 2577 τῶν
1150 2521 1458 2598 παρόντων,
1519 2525 1688 2594 εἶπεν,
1723 2526 1874 2588 ὅπως
1919 2523 2009 2581 καὶ

351 2734 689 2808 patriarcha
721 2734 884 2808 prius
916 2742 1177 2809 agerent,
1223 2755 1401 2810 qnam
1436 2739 1561 2812 ipse
1594 2757 1721 2812 quae
1755 2742 1827 2796 ad
1887 2756 2009 2796 rem

353 2825 611 2898 putabat
641 2829 973 2897 opportuna
1021 2830 1432 2898 praevertisset.
1459 2832 1618 2895 Quod
1649 2831 2011 2902 praecipuum

354 2916 413 2969 in
449 2914 745 2970 mandatis
776 2914 951 2986 legati
987 2917 1282 2973 habebant
1312 2918 1423 2974 hoc
1452 2921 1758 2989 erat,serio
1782 2921 2007 2974 denun-

351 3004 499 3059 tiare
520 3004 736 3059 Graecis
768 3021 970 3076 pacem
1003 3007 1404 3063 Ecclesiarum
1441 3026 1556 3064 non
1608 3009 1787 3064 meris
1819 3009 2009 3063 verbis

353 3093 664 3160 contineri,
722 3095 821 3150 sed
882 3096 1073 3151 factis.
1124 3098 1378 3153 Probare
1423 3097 1587 3170 ipsos
1630 3104 1687 3153 et
1734 3103 2011 3171 praestare

354 3183 530 3238 rebus
563 3182 709 3253 ipsis
756 3188 1025 3255 oportere
1085 3202 1214 3257 quae
1265 3187 1440 3242 dictis
1483 3192 1899 3252 ostentassent,
1949 3205 2011 3243 se

350 3272 632 3328 nimirum
664 3272 723 3327 in
768 3274 946 3329 unius
1002 3275 1391 3347 ejusdemque
1452 3277 1821 3333 confessione
1872 3277 2003 3332 ﬁdei
2039 3277 2080 3345 C

350 3362 659 3418 convenire
691 3379 827 3419 cum
863 3363 1202 3420 Latinis.Sic
1234 3382 1332 3421 eos
1357 3366 1596 3421 demum
1622 3384 2008 3439 persuasuros

351 3468 552 3525 pacem
586 3452 740 3507 inter
768 3452 1058 3511 Ecclesiae
1093 3455 1585 3527 concordiamque
1645 3472 1777 3513 vere
1830 3457 2010 3513 coali—

355 3547 500 3597 tam.
538 3545 727 3612 Atque
757 3541 817 3596 in
850 3541 981 3611 hoc,
1018 3547 1084 3598 ut
1133 3544 1372 3600 contino
1422 3544 1587 3602 ﬁeret
1631 3546 2011 3602 vehementer

352 3630 797 3699 insisterejussi
842 3636 1009 3686 erant
1039 3638 1387 3703 argumento
1412 3636 1781 3692 necessitatis
1832 3637 2009 3693 ducto

351 3737 383 3774 a
415 3718 733 3773 schismate
757 3721 911 3789 quod
945 3721 1179 3778 aiebant
1213 3722 1364 3778 inter
1396 3728 1629 3780 nostros
1678 3743 1828 3793 esse,
1878 3726 2010 3781 aliis

356 3806 501 3862 alios
549 3808 983 3871 aversantibus,
1026 3816 1200 3882 prout
1232 3812 1451 3868 scilicet
1483 3815 1861 3870 admitterent
1909 3820 2012 3871 aut

355 3894 667 3966 rejicerent
710 3913 914 3967 pacem
947 3900 1018 3955 de
1051 3916 1166 3971 qua
1197 3907 1549 3959 conventum
1580 3904 1907 3960 videbatur.
1944 3909 2011 3960 Et

358 4001 560 4041 revera
590 3985 833 4057 quidam
866 3988 1042 4045 etiam
1079 3993 1659 4063 nostrorum,Freriis
1692 4010 1821 4049 sese
1854 3994 2010 4049 mul-

358 4073 433 4128 tis
464 4073 537 4130 iis
569 4076 1031 4133 admiscentibus
1064 4080 1486 4153 assensi,paria
1518 4100 1649 4137 cum
1684 4083 1778 4138 his
1810 4087 1866 4138 et
1896 4083 2010 4156 ipsi

357 4163 768 4233 loquebantur,
802 4166 1166 4224 affirmantes
1200 4187 1401 4241 pacem
1432 4188 1557 4242 quae
1590 4173 1747 4228 velut
1779 4174 2013 4229 ﬁrmata

346 4253 697 4323 jactaretur,
735 4255 884 4311 nihil
937 4256 1226 4313 hactenus
1284 4259 1398 4333 nisi
1439 4260 1765 4317 ludibrium
1806 4262 2009 4318 videri.

354 4342 516 4397 Unde
543 4346 707 4399 tanto
734 4345 860 4414 jam
892 4345 1217 4417 speciosius
1257 4347 1434 4420 legati
1471 4352 2013 4408 contenderentve-

354 4430 637 4487 niendum
672 4434 742 4487 ad
776 4432 1259 4506 explorationem,
1292 4445 1348 4492 et
1379 4444 1601 4494 certum
1654 4441 2013 4512 experimen-

360 4526 489 4573 tum
559 4520 911 4590 capiendum
979 4523 1114 4580 fidei
1166 4542 1232 4580 ac
1293 4528 1593 4583 sententiae
1652 4529 2008 4585 Graecorum.

360 4608 502 4679 Ejus
537 4625 703 4679 porro
746 4610 962 4683 pignus
994 4611 1271 4670 idoneum
1304 4617 1501 4685 fore,si
1536 4622 1592 4673 et
1621 4618 1732 4689 ipsi
1766 4620 2010 4691 Symbo-

356 4697 481 4753 lum
518 4697 673 4754 sicut
704 4698 895 4755 Latini
919 4703 1499 4773 pronuntiarent.His
1532 4706 1614 4761 illi
1640 4708 2011 4779 postulandis

356 4786 419 4842 in
450 4792 677 4844 arctum
710 4806 771 4844 se
793 4793 1525 4865 coacturosimperatorem
1547 4796 2006 4854 arbitrabantur.

359 4876 564 4947 utique
596 4879 923 4934 necessario
957 4896 1024 4935 ex
1056 4881 1146 4937 his
1178 4888 1453 4939 secuturo
1504 4885 1751 4941 duorum
1804 4886 2004 4955 altero,

355 4969 458 5019 aut
480 4970 545 5020 ut
575 4982 641 5022 eo
696 4984 811 5023 non
867 4974 1165 5026 annuente
1216 4973 1369 5043 quod
1429 4974 1705 5045 petebant
1766 4994 1872 5046 pax
1921 4995 2008 5033 re-

358 5053 744 5127 scinderetur,
777 5061 878 5113 aut
909 5062 974 5113 ut
1004 5060 1206 5115 eodem
1237 5064 1725 5134 transgressionis
1757 5081 2007 5121 conven-

360 5147 550 5198 torum
581 5144 772 5215 palam
810 5148 1099 5219 convicto,
1125 5166 1190 5205 ac
1218 5167 1320 5221 per
1345 5152 1451 5208 hoc
1472 5152 1737 5210 criminis
1770 5155 2008 5226 majoris

355 5232 664 5289 manifeste
684 5252 801 5301 reo,
835 5235 1210 5307 plausibilior
1230 5241 1357 5311 jam
1408 5242 1519 5314 ipsi
1561 5260 1738 5299 causa
1799 5262 2009 5318 suppe-

350 5324 497 5375 teret
528 5327 863 5380 constanter
893 5326 1188 5384 abnuendi
1233 5335 1713 5388 communionem
1758 5350 1887 5390 cum
1941 5353 2007 5391 eo

348 5409 509 5466 velut
539 5413 877 5468 adhaerente
909 5419 1415 5488 trangressorihus
1476 5427 1781 5495 pactorum
1817 5425 2005 5479 mani-

351 5498 707 5555 festis.Ta1ia
730 5516 958 5557 versare
980 5505 1175 5561 animo
1192 5507 1413 5579 legatos
1446 5529 1579 5567 cum
1604 5513 2009 5585 praesensisset

353 5588 696 5660 imperator,
717 5592 775 5643 et
800 5588 937 5646 inde
972 5591 1325 5665 intelligeret
1347 5600 1593 5669 Graicos,
1631 5602 1730 5674 qui
1764 5610 2007 5658 eatenus

359 5678 509 5733 457
540 5676 689 5732 actis
723 5680 1018 5750 utcunque
1053 5683 1179 5753 jam
1211 5690 1685 5761 acquiescebant,
1713 5692 2006 5762 ejusmodi

359 5765 561 5823 audita
591 5765 853 5824 oratione
887 5765 1215 5845 legatorum
1266 5778 1468 5834 statim
1518 5778 2005 5851 tumultuaturos,

2042 4656 2092 4720 Ι)

2109 645 2292 702 οἷ’δατε
2342 648 2583 708 πάντως.
2644 642 2758 698 ἐπεὶ
2839 638 2952 696 οὐδ’
3033 639 3162 711 ὲμοὶ
3235 639 3396 696 τόσον
3452 637 3781 716 ἀναλγήτως

2108 732 2295 811 ἔχοντι
2338 733 2454 791 τάδ’
2506 735 2768 812 ἐφῆπται.
2818 729 2953 788 Οἶδα
3004 731 3107 804 γὰρ
3159 730 3246 784 καὶ
3300 728 3654 805 πατριάρχην
3690 730 3779 785 ὲν-

2105 831 2287 890 τεῦθεν
2319 822 2589 898 παριδὼν,
2642 823 2737 877 τὸν
2798 822 3023 894 Ἰωσὴφ,
3077 818 3245 894 λέγω,
3303 817 3362 873 ὅν
3425 816 3491 889 δὴ
3556 818 3646 874 ἴσα
3685 821 3779 875 καὶ

2107 917 2197 970 τὸν
2232 914 2629 989 γεννησάμενον
2664 907 2937 985 ἔστεργον,
2976 908 3187 982 μᾶλλον
3243 907 3301 963 δὲ
3347 910 3441 964 καὶ
3467 902 3547 964 ἔτι
3578 904 3780 980 πλέον,

2112 1004 2225 1058 ἐπεὶ
2253 1004 2457 1065 ἐκεῖνος
2496 1003 2589 1074 μὲν
2624 1008 2724 1069 τῆς
2777 1000 2853 1061 εἰς
2906 1004 3041 1077 σφᾶς
3096 995 3362 1071 προόδου,
3397 998 3555 1060 οὗτος
3589 996 3648 1053 δὲ
3675 1006 3779 1068 τῆς

2112 1092 2187 1151 εἷς
2240 1094 2302 1147 τὸ
2360 1097 2604 1167 κρεῖττον
2667 1088 3071 1149 έπανελεύσεως
3126 1086 3300 1148 αἴτιος
3354 1085 3588 1163 γέγονεν.
3641 1084 3781 1144 Οἶδα

2110 1181 2201 1236 καὶ
2233 1180 2483 1243 πολλοὺς
2521 1178 2845 1253 βιασάμενος
2901 1178 2991 1232 καὶ
3049 1176 3175 1238 τοὺς
3236 1176 3431 1253 φίλους
3488 1175 3779 1233 σκανδαλὶ-

2114 1293 2227 1335 σας,
2287 1272 2447 1343 πρὸς,
2507 1268 2565 1325 δὲ
2620 1270 2711 1325 καὶ
2766 1266 2895 1332 τοὺς
2971 1267 3274 1341 ἡμετέρους
3341 1264 3616 1337 λυπησας.
3678 1268 3780 1321 Καὶ

2116 1361 2552 1436 μαρτυρήσουσιν
2610 1359 2666 1411 οἱ
2728 1356 2781 1411 ἐν
2846 1354 3135 1433 φυλακαῖς,
3168 1358 3615 1429 προσγενεῖς,οἴς
3644 1368 3785 1431 παρ’

2114 1447 2264 1504 οὐδὲν
2328 1447 2468 1503 ἄλλο
2622 1448 2682 1501 τὸ
2737 1452 2873 1517 πρὸς
2933 1442 3175 1506 Ἰταλοὺς
3233 1445 3654 1519 πραγματευθὲν
3687 1444 3780 1499 καὶ

2118 1538 2279 1612 μόνον
2335 1538 2369 1607 ἢ
2429 1558 2486 1592 τε
2545 1538 2683 1611 πρὸς
2743 1539 2893 1608 ἡμᾶς
2948 1534 3222 1609 ὀλιγωρία
3272 1529 3463 1605 ξυνέϐη
3498 1534 3782 1611 acati-iacit?1

2114 1630 2275 1700 ἡμῶν
2326 1627 2478 1691 αὖθις
2531 1627 2667 1702 ὀργὴ
2724 1626 2923 1702 σφίσιν.
2976 1626 3145 1701 Εἶχον
3200 1626 3294 1697 μὲν
3328 1622 3418 1678 οὖν
3465 1623 3555 1679 ἐπὶ
3586 1621 3783 1699 λογισ-

2122 1722 2236 1791 μῶν
2264 1716 2445 1771 ἀνύσαι
2479 1718 2539 1771 τὸ
2587 1722 2689 1770 πᾶν
2740 1715 3002 1784 ἐντεῦθεν,
3066 1715 3139 1776 ὡς
3200 1711 3368 1787 μηδὲν
3409 1712 3576 1770 πλέον
3614 1719 3785 1784 ζητη-

2120 1806 2319 1861 σόντων
2373 1811 2479 1861 τῶν
2542 1804 2808 1861 Ἰταλῶν·
2888 1804 3030 1859 οὕτω
3098 1804 3201 1880 γὰρ
3277 1803 3367 1858 καὶ
3444 1803 3581 1876 πρὸς
3644 1804 3788 1876 ὑμᾶς

2118 1896 2421 1969 ἐποιούμην
2476 1897 2570 1959 τὰς
2646 1896 2951 1962 συνθεσίας,
3015 1894 3105 1948 καὶ
3156 1895 3182 1947 ὁ
3242 1892 3294 1947 ἐν
3345 1896 3414 1967 τῇ
3474 1891 3786 1965 Ἐκκλησία

2124 1982 2593 2061 χρυσοϐούλλειος
2620 1984 2782 2060 λόγος
2827 1990 2942 2048 τοῖς
3010 1981 3201 2059 λόγοις
3262 2003 3367 2037 που
3420 1985 3783 2059 μαρτυρήσει.

2122 2075 2269 2131 Ἐπεὶ
2330 2074 2386 2130 δὲ
2436 2081 2541 2130 τῶν
2610 2076 2891 2151 ἡμετέρων
2964 2074 3129 2143 τινὲς,
3191 2073 3266 2136 ὡς
3321 2073 3625 2144 πέπυσμαι,
3689 2072 3785 2127 καὶ

2127 2163 2339 2238 μᾶλλον
2380 2167 2460 2227 οἷς
2491 2163 2702 2219 ἁνδάνει
2734 2162 2794 2219 τὰ
2827 2162 3126 2239 σχίζεσθαι,
3162 2162 3265 2216 οὐκ
3295 2159 3400 2217 οἶδ’
3432 2161 3461 2216 ὅ
3490 2183 3541 2216 τι
3567 2161 3783 2217 παθόν-

2120 2275 2231 2321 τες,
2264 2254 2311 2308 εἷ’
2345 2256 2419 2327 μή
2470 2275 2553 2316 τις
2600 2254 2789 2329 πεῖράν
2838 2254 2884 2317 θ’
2931 2254 3092 2324 ἡμῶν
3144 2252 3293 2306 ταῦτ’
3327 2248 3471 2306 εἷ’ποι
3497 2251 3587 2307 καὶ
3624 2273 3788 2328 μερι-

2126 2348 2268 2418 μνῶν
2329 2342 2705 2416 ἐπανάστασιν,
2784 2342 3028 2421 φρερίοις
3098 2340 3416 2416 ἐντυχόντες
3473 2340 3610 2396 κατά
3674 2363 3788 2396 που

2120 2434 2217 2502 τὴν
2252 2433 2477 2510 περαίαν
2506 2431 2718 2508 χλεύην
2772 2433 2870 2501 τήν
2928 2432 3150 2508 εἰρήνην
3208 2431 3359 2487 εἶπον
3416 2432 3505 2486 καὶ
3560 2430 3787 2502 ἀπάτην

2123 2523 2278 2595 εἶναι,
2326 2523 2417 2578 καὶ
2465 2517 2842 2598 προύϐίϐασαν
2893 2527 3074 2593 ζητεῖν
3124 2526 3258 2599 σφᾶς
3309 2520 3370 2575 τὸ
3420 2519 3589 2577 πλέον
3637 2520 3785 2576 κατᾶ

2122 2738 2326 2794 missis
2398 2754 2875 2810 quoquoversum
2954 2736 3130 2793 cortis
3180 2734 3525 2793 hominibus
3580 2734 3653 2789 ad
3716 2750 3781 2789 se

2123 2827 2464 2883 convocavit
2493 2827 2802 2899 episcopos
2824 2828 2881 2881 et
2903 2824 3124 2880 clerum
3159 2820 3781 2893 universum,illisquc

2120 2935 2383 2974 seorsum
2415 2917 2697 2974 adhibitis
2759 2917 2919 2987 (nam
2964 2914 3277 2972 saeculares
3330 2913 3540 2970 adesse
3578 2910 3794 2982 vetuit)

2118 3007 2179 3063 in
2214 3008 2332 3063 haec
2364 3008 2537 3064 verba
2559 3008 2790 3064 locutus
2821 3009 2949 3062 est:

2122 3126 2209 3179 15.
2244 3125 2453 3182 Oratio
2504 3141 2612 3196 quo
2661 3124 2973 3204 imperator
3018 3126 3476 3204 certoopersuasa
3506 3116 3788 3204 eccfesia-

2190 3198 2346 3251 sticis
2374 3214 2475 3252 sua
2512 3194 2573 3252 in
2595 3194 2872 3267 proposito
2916 3194 3249 3256 constantia,
3281 3194 3646 3267 praemunivit
3695 3207 3790 3247 eos

2190 3284 2260 3323 ne
2288 3262 2647 3325 turbarentur
2694 3262 2764 3323 ad
2815 3267 3263 3333 inconvenientcs
3289 3264 3589 3336 petitiones
3623 3262 3786 3332 lega-

2192 3350 2394 3395 torum.

2189 3487 2218 3515 «
2250 3467 2387 3531 Quae
2440 3464 2499 3520 in
2559 3468 2718 3521 statu
2778 3461 3053 3537 praesenti
3112 3459 3388 3518 Ecclesiae
3428 3461 3785 3525 cernuntur,

2118 3555 2618 3627 quemadmodum
2650 3559 2782 3610 acta
2814 3554 2933 3610 sint
2957 3556 3014 3608 et
3031 3556 3400 3624 quantacum
3432 3547 3791 3605 difﬁcultate

2118 3644 2570 3716 perfecta,scitis
2600 3644 2876 3713 omnino;
2910 3658 3101 3713 neque
3134 3639 3281 3696 mihi
3317 3639 3460 3695 adeo
3491 3638 3676 3693 hebes
3712 3637 3786 3692 ad

2119 3733 2367 3789 molesta
2424 3749 2637 3790 sensus
2683 3737 2793 3804 est,
2843 3737 2908 3787 ut
2950 3736 3071 3787 tam
3123 3730 3238 3786 cito
3273 3727 3560 3784 memoria
3586 3726 3790 3783 evola-

2116 3824 2307 3878 verint
2337 3842 2404 3879 ea
2433 3840 2685 3895 quorum
2711 3827 2956 3879 eventus
2976 3822 3097 3876 acri
3123 3836 3252 3875 meo
3276 3818 3479 3874 dolore
3510 3818 3790 3889 redemp-

2117 3914 2215 3966 tus
2245 3915 2351 3967 est.
2388 3912 2595 3967 Recolo
2654 3912 2811 3967 enim
2872 3927 2965 3965 me
3024 3925 3096 3965 ne
3148 3906 3487 3963 tenerrimis
3537 3906 3789 3977 quidem

2120 4000 2447 4068 aliectibus,
2500 4006 2564 4056 ut
2620 4016 2689 4055 ea
2738 4000 3108 4068 conﬁcerem,
3158 3996 3511 4069 pepercisse.
3559 3993 3788 4062 Unum,

2119 4093 2185 4143 ut
2216 4089 2591 4154 scitis,habui
2619 4089 2712 4145 cui
2748 4087 2896 4143 nihil
2929 4087 3129 4143 minus
3161 4084 3399 4157 pietatis
3444 4088 3499 4139 et
3532 4084 3785 4152 amoris,

2122 4195 2300 4249 quam
2357 4178 2607 4251 genitori
2668 4178 2985 4234 tribuerem
3041 4193 3053 4230 :
3110 4176 3227 4230 imo
3277 4172 3586 4245 aliquanto
3647 4171 3794 4244 plus

2120 4266 2171 4321 ei
2206 4283 2297 4321 me
2324 4267 2535 4322 debere
2564 4266 2754 4334 rebar,
2790 4267 3070 4338 quoniam
3108 4280 3253 4333 cum
3296 4266 3464 4335 pater
3516 4261 3576 4316 in
3627 4260 3793 4317 hanc

2122 4371 2213 4411 me
2240 4355 2431 4411 lucem
2457 4355 2742 4423 eduxerit,
2767 4355 2860 4411 hic
2888 4353 3032 4411 mihi
3052 4356 3247 4410 exorto
3271 4354 3793 4408 sacramentorum

2119 4443 2421 4515 religionis
2496 4462 2741 4501 usuram
2817 4449 2875 4501 et
2947 4440 3424 4499 communionem
3506 4438 3795 4494 Ecclesia

2120 4533 2563 4605 restituit,quod
2591 4534 2938 4590 deneﬁcium
2959 4533 3215 4589 arbitror
3230 4526 3797 4600 majus.Josephum

2121 4626 2319 4677 tamen
2354 4624 2773 4680 charissimum
2801 4622 2946 4679 mihi
2965 4621 3458 4695 caputhaccausa
3481 4617 3792 4688 despicere

2123 4712 2601 4771 sustinui.Multis
2634 4718 2915 4785 praeterea
2944 4713 3059 4767 vim
3094 4711 3477 4779 feci,securus
3501 4705 3795 4761 offensio-

2120 4802 2212 4857 nis
2235 4803 2656 4858 amicorum.Et
2670 4807 2865 4858 vestro
2888 4818 3120 4873 quoque
3152 4814 3390 4870 corpore
3418 4813 3534 4852 non
3559 4812 3796 4867 paucos

2120 4891 2276 4947 haud
2342 4892 2546 4949 leviter
2601 4891 2822 4948 vexavi.
2883 4892 3084 4947 Testes
3143 4889 3263 4945 sint
3336 4885 3437 4958 qui
3481 4901 3512 4940 e
3564 4884 3803 4939 nostris

2120 4996 2354 5052 quoque
2385 4981 2735 5053 propinquis
2775 4981 2832 5035 in
2868 4978 3154 5036 custodiis
3198 4973 3532 5048 squallent;
3561 4972 3802 5044 quibus

2117 5068 2234 5125 ista
2265 5086 2399 5125 cum
2432 5069 2593 5126 Italis
2624 5069 2928 5126 conventio
2960 5085 3140 5124 causa
3198 5066 3308 5121 fuit
3364 5063 3540 5118 unica
3589 5065 3647 5116 et
3680 5062 3802 5116 ob-

2119 5158 2367 5214 sistendi
2401 5164 2611 5215 nostra:
2644 5158 2931 5214 voluntati
2984 5162 3041 5213 et
3098 5156 3195 5211 irae
3255 5150 3523 5209 vicissim
3567 5154 3802 5205 nostrae

2119 5248 2455 5305 subeundae.
2491 5250 2581 5304 Sic
2608 5253 2803 5303 autem
2837 5264 2971 5302 cum
3005 5246 3108 5303 illa
3152 5259 3416 5317 gererem
3478 5239 3802 5313 putabam,

2119 5339 2513 5394 constiturum
2545 5338 2703 5393 intra
2734 5337 2841 5393 hos
2872 5337 3157 5392 terminos
3176 5332 3616 5405 negotium,nec
3649 5328 3803 5400 plus

2119 5430 2189 5483 ad
2215 5429 2344 5500 ejus
2378 5428 2785 5500 perfectionem
2820 5426 2995 5481 Italos
3050 5425 3425 5498 quaasituros.
3487 5423 3569 5476 Ita
3625 5419 3804 5474 enim

2118 5518 2365 5588 promisi
2392 5518 2617 5575 dudum
2648 5516 2910 5582 vobis,et
2941 5520 3131 5572 exstat
3151 5514 3208 5570 in
3244 5509 3503 5568 Ecclesia
3563 5514 3804 5563 nostra:

2119 5604 2300 5675 hujus
2332 5604 2733 5679 persuasionis
2768 5603 2996 5660 illustre
3040 5606 3492 5665 documentum,
3519 5596 3810 5668 diploma

2117 5695 2180 5750 in
2213 5695 2365 5752 hanc
2378 5695 2728 5753 sententiam
2745 5694 3033 5750 disertum
3055 5710 3189 5751 cum
3216 5688 3592 5764 appositione
3609 5685 3807 5742 bullae

2119 5786 2626 5853 aureaouoniam
2658 5799 2792 5842 vero
2830 5787 3166 5842 nostrorum
3229 5780 3497 5867 quidam,
3562 5774 3807 5849 quibus
