  <div class='ocr_page' id='page_1' title='image "/cluster/home/n/w/nwhite01/storage/ocr_20150623/143:no.1/coo.31924054870484/466.png"; bbox 0 0 4080 6394; ppageno 0'>
   <div class='ocr_carea' id='block_1_1' title="bbox 354 392 463 448">
    <p class='ocr_par' dir='ltr' id='par_1_1' title="bbox 354 392 463 448">
     <span class='ocr_line' id='line_1_1' title="bbox 354 392 463 448; baseline -0.037 1"><span class='ocrx_word' id='word_1_1' title='bbox 354 392 463 448; x_wconf 82' lang='grc'>917</span> 
     </span>
    </p>
   </div>
   <div class='ocr_carea' id='block_1_2' title="bbox 1421 392 2721 451">
    <p class='ocr_par' dir='ltr' id='par_1_2' title="bbox 1421 392 2721 451">
     <span class='ocr_line' id='line_1_2' title="bbox 1421 392 2721 451; baseline -0.003 -3"><span class='ocrx_word' id='word_1_2' title='bbox 1421 398 1510 449; x_wconf 92' lang='lat' dir='ltr'>DE</span> <span class='ocrx_word' id='word_1_3' title='bbox 1549 396 1921 451; x_wconf 74' lang='lat' dir='ltr'>MICHABLE</span> <span class='ocrx_word' id='word_1_4' title='bbox 1960 392 2412 449; x_wconf 74' lang='lat' dir='ltr'>PALEOLOGO</span> <span class='ocrx_word' id='word_1_5' title='bbox 2449 394 2584 446; x_wconf 88' lang='lat' dir='ltr'>LIB.</span> <span class='ocrx_word' id='word_1_6' title='bbox 2626 395 2721 446; x_wconf 81' lang='lat' dir='ltr'>VI.</span> 
     </span>
    </p>
   </div>
   <div class='ocr_carea' id='block_1_3' title="bbox 3681 389 3787 445">
    <p class='ocr_par' dir='ltr' id='par_1_3' title="bbox 3681 389 3787 445">
     <span class='ocr_line' id='line_1_3' title="bbox 3681 389 3787 445; baseline 0.057 -5"><span class='ocrx_word' id='word_1_7' title='bbox 3681 389 3787 445; x_wconf 83' lang='lat'>918</span> 
     </span>
    </p>
   </div>
   <div class='ocr_carea' id='block_1_4' title="bbox 350 511 3784 596">
    <p class='ocr_par' dir='ltr' id='par_1_4' title="bbox 350 511 3784 596">
     <span class='ocr_line' id='line_1_4' title="bbox 350 511 3784 596; baseline -0.001 -24"><span class='ocrx_word' id='word_1_8' title='bbox 350 537 471 573; x_wconf 88' lang='grc' dir='ltr'>τινα</span> <span class='ocrx_word' id='word_1_9' title='bbox 503 515 764 590; x_wconf 78' lang='grc' dir='ltr'>δοκιμὴν,</span> <span class='ocrx_word' id='word_1_10' title='bbox 821 515 910 572; x_wconf 87' lang='grc' dir='ltr'>καὶ</span> <span class='ocrx_word' id='word_1_11' title='bbox 968 515 1129 573; x_wconf 77' lang='grc' dir='ltr'>τοῦτό</span> <span class='ocrx_word' id='word_1_12' title='bbox 1188 517 1392 574; x_wconf 75' lang='grc' dir='ltr'>ἔστιτὸ</span> <span class='ocrx_word' id='word_1_13' title='bbox 1417 527 1518 590; x_wconf 82' lang='grc' dir='ltr'>τῆς</span> <span class='ocrx_word' id='word_1_14' title='bbox 1551 518 1848 589; x_wconf 80' lang='grc' dir='ltr'>ἐπιστάσης</span> <span class='ocrx_word' id='word_1_15' title='bbox 1877 537 2007 593; x_wconf 84' lang='grc' dir='ltr'>πρε·</span> <span class='ocrx_word' id='word_1_16' title='bbox 2040 529 2094 596; x_wconf 75' lang='grc' dir='ltr'><strong>Α</strong></span> <span class='ocrx_word' id='word_1_17' title='bbox 2125 514 2268 571; x_wconf 75' lang='grc' dir='ltr'>οὕτω</span> <span class='ocrx_word' id='word_1_18' title='bbox 2325 517 2394 570; x_wconf 74' lang='grc' dir='ltr'>τὰ</span> <span class='ocrx_word' id='word_1_19' title='bbox 2440 517 2558 571; x_wconf 84' lang='grc' dir='ltr'>καθ’</span> <span class='ocrx_word' id='word_1_20' title='bbox 2614 515 2774 572; x_wconf 82' lang='grc' dir='ltr'>αὐτὸν</span> <span class='ocrx_word' id='word_1_21' title='bbox 2824 513 3226 585; x_wconf 82' lang='grc' dir='ltr'>διασκευάζεται</span> <span class='ocrx_word' id='word_1_22' title='bbox 3288 514 3362 575; x_wconf 85' lang='grc' dir='ltr'>ὡς</span> <span class='ocrx_word' id='word_1_23' title='bbox 3397 511 3538 586; x_wconf 72' lang='grc' dir='ltr'>μηδὲ</span> <span class='ocrx_word' id='word_1_24' title='bbox 3565 517 3672 568; x_wconf 89' lang='grc' dir='ltr'>τῶν</span> <span class='ocrx_word' id='word_1_25' title='bbox 3707 513 3784 576; x_wconf 69' lang='grc' dir='ltr'>εἷς</span> 
     </span>
    </p>
   </div>
   <div class='ocr_carea' id='block_1_5' title="bbox 350 601 2017 684">
    <p class='ocr_par' dir='ltr' id='par_1_5' title="bbox 350 601 2017 684">
     <span class='ocr_line' id='line_1_5' title="bbox 350 601 2017 684; baseline 0.003 -22"><span class='ocrx_word' id='word_1_26' title='bbox 350 601 532 668; x_wconf 85' lang='grc' dir='ltr'>σϐείας</span> <span class='ocrx_word' id='word_1_27' title='bbox 580 605 908 682; x_wconf 76' lang='grc' dir='ltr'>κεφάλαιον,</span> <span class='ocrx_word' id='word_1_28' title='bbox 959 605 1234 682; x_wconf 78' lang='grc' dir='ltr'>βούλομαι</span> <span class='ocrx_word' id='word_1_29' title='bbox 1292 605 1588 683; x_wconf 88' lang='grc' dir='ltr'>προλαϐὼν</span> <span class='ocrx_word' id='word_1_30' title='bbox 1657 608 1826 684; x_wconf 86' lang='grc' dir='ltr'>μικρὰ</span> <span class='ocrx_word' id='word_1_31' title='bbox 1881 605 2017 682; x_wconf 84' lang='grc' dir='ltr'>πρὸς</span> 
     </span>
    </p>
   </div>
   <div class='ocr_carea' id='block_1_6' title="bbox 355 694 2012 774">
    <p class='ocr_par' dir='ltr' id='par_1_6' title="bbox 355 694 2012 774">
     <span class='ocr_line' id='line_1_6' title="bbox 355 694 2012 774; baseline -0.001 -22"><span class='ocrx_word' id='word_1_32' title='bbox 355 697 496 770; x_wconf 76' lang='grc' dir='ltr'>ὑμᾶς</span> <span class='ocrx_word' id='word_1_33' title='bbox 543 695 712 752; x_wconf 69' lang='grc' dir='ltr'>εἷπεῖν</span> <span class='ocrx_word' id='word_1_34' title='bbox 763 695 855 750; x_wconf 75' lang='grc' dir='ltr'>καὶ</span> <span class='ocrx_word' id='word_1_35' title='bbox 887 694 1340 774; x_wconf 72' lang='grc' dir='ltr'>πληροφορῆσαι,</span> <span class='ocrx_word' id='word_1_36' title='bbox 1373 700 1447 761; x_wconf 88' lang='grc' dir='ltr'>ὡς</span> <span class='ocrx_word' id='word_1_37' title='bbox 1479 696 1537 752; x_wconf 79' lang='grc' dir='ltr'>ἂν</span> <span class='ocrx_word' id='word_1_38' title='bbox 1576 699 1651 772; x_wconf 78' lang='grc' dir='ltr'>μὴ</span> <span class='ocrx_word' id='word_1_39' title='bbox 1685 698 2012 770; x_wconf 72' lang='grc' dir='ltr'>ἐξαπιναίως</span> 
     </span>
    </p>
   </div>
   <div class='ocr_carea' id='block_1_7' title="bbox 354 785 2013 861">
    <p class='ocr_par' dir='ltr' id='par_1_7' title="bbox 354 785 2013 861">
     <span class='ocr_line' id='line_1_7' title="bbox 354 785 2013 861; baseline -0.001 -19"><span class='ocrx_word' id='word_1_40' title='bbox 354 785 681 848; x_wconf 71' lang='grc' dir='ltr'>ἀκούσαντες</span> <span class='ocrx_word' id='word_1_41' title='bbox 739 787 1126 861; x_wconf 73' lang='grc' dir='ltr'>ταραχθείητε,</span> <span class='ocrx_word' id='word_1_42' title='bbox 1191 786 1333 861; x_wconf 86' lang='grc' dir='ltr'>μηδέ</span> <span class='ocrx_word' id='word_1_43' title='bbox 1395 809 1448 843; x_wconf 88' lang='grc' dir='ltr'>τι</span> <span class='ocrx_word' id='word_1_44' title='bbox 1505 789 1670 842; x_wconf 75' lang='grc' dir='ltr'>πάλιν</span> <span class='ocrx_word' id='word_1_45' title='bbox 1733 791 1896 860; x_wconf 81' lang='grc' dir='ltr'>ἡμῶν</span> <span class='ocrx_word' id='word_1_46' title='bbox 1951 786 2013 840; x_wconf 87' lang='grc' dir='ltr'>τὸ</span> 
     </span>
    </p>
   </div>
   <div class='ocr_carea' id='block_1_8' title="bbox 351 871 2010 952">
    <p class='ocr_par' dir='ltr' id='par_1_8' title="bbox 351 871 2010 952">
     <span class='ocr_line' id='line_1_8' title="bbox 351 871 2010 952; baseline -0.002 -22"><span class='ocrx_word' id='word_1_47' title='bbox 351 875 489 950; x_wconf 84' lang='grc' dir='ltr'>πρὸς</span> <span class='ocrx_word' id='word_1_48' title='bbox 548 880 682 952; x_wconf 77' lang='grc' dir='ltr'>σφᾶς</span> <span class='ocrx_word' id='word_1_49' title='bbox 745 871 1134 950; x_wconf 83' lang='grc' dir='ltr'>κυϐερνητικὸν</span> <span class='ocrx_word' id='word_1_50' title='bbox 1196 871 1399 937; x_wconf 76' lang='grc' dir='ltr'>ῗδὸντες</span> <span class='ocrx_word' id='word_1_51' title='bbox 1459 877 1715 949; x_wconf 74' lang='grc' dir='ltr'>ὑποψίαις</span> <span class='ocrx_word' id='word_1_52' title='bbox 1771 880 1892 936; x_wconf 86' lang='grc' dir='ltr'>ταῖς</span> <span class='ocrx_word' id='word_1_53' title='bbox 1948 873 2010 927; x_wconf 84' lang='grc' dir='ltr'>οὐ</span> 
     </span>
    </p>
   </div>
   <div class='ocr_carea' id='block_1_9' title="bbox 349 962 2013 1042">
    <p class='ocr_par' dir='ltr' id='par_1_9' title="bbox 349 962 2013 1042">
     <span class='ocr_line' id='line_1_9' title="bbox 349 962 2013 1042; baseline -0.002 -22"><span class='ocrx_word' id='word_1_54' title='bbox 349 962 548 1027; x_wconf 88' lang='grc' dir='ltr'>καλαῖς</span> <span class='ocrx_word' id='word_1_55' title='bbox 605 965 728 1038; x_wconf 85' lang='grc' dir='ltr'>περί</span> <span class='ocrx_word' id='word_1_56' title='bbox 786 966 948 1036; x_wconf 82' lang='grc' dir='ltr'>ἡμῶν</span> <span class='ocrx_word' id='word_1_57' title='bbox 1014 965 1327 1042; x_wconf 80' lang='grc' dir='ltr'>βληθείητε.</span> <span class='ocrx_word' id='word_1_58' title='bbox 1392 966 1531 1040; x_wconf 87' lang='grc' dir='ltr'>Ἐγὼ</span> <span class='ocrx_word' id='word_1_59' title='bbox 1575 963 1828 1040; x_wconf 74' lang='grc' dir='ltr'>γὰρ,κᾶν</span> <span class='ocrx_word' id='word_1_60' title='bbox 1863 963 2013 1018; x_wconf 87' lang='grc' dir='ltr'>συνί-</span> 
     </span>
    </p>
   </div>
   <div class='ocr_carea' id='block_1_10' title="bbox 349 1055 2008 1132">
    <p class='ocr_par' dir='ltr' id='par_1_10' title="bbox 349 1055 2008 1132">
     <span class='ocr_line' id='line_1_10' title="bbox 349 1055 2008 1132; baseline -0.004 -21"><span class='ocrx_word' id='word_1_61' title='bbox 349 1077 493 1132; x_wconf 89' lang='grc' dir='ltr'>στωρ</span> <span class='ocrx_word' id='word_1_62' title='bbox 552 1055 638 1126; x_wconf 83' lang='grc' dir='ltr'>είή</span> <span class='ocrx_word' id='word_1_63' title='bbox 698 1055 850 1124; x_wconf 88' lang='grc' dir='ltr'>Θεὸς,</span> <span class='ocrx_word' id='word_1_64' title='bbox 914 1055 1044 1130; x_wconf 78' lang='grc' dir='ltr'>ὑπὲρ</span> <span class='ocrx_word' id='word_1_65' title='bbox 1101 1059 1197 1108; x_wconf 69' lang='grc' dir='ltr'>τοῦ</span> <span class='ocrx_word' id='word_1_66' title='bbox 1261 1055 1334 1128; x_wconf 79' lang='grc' dir='ltr'>μή</span> <span class='ocrx_word' id='word_1_67' title='bbox 1388 1075 1440 1108; x_wconf 89' lang='grc' dir='ltr'>τι</span> <span class='ocrx_word' id='word_1_68' title='bbox 1473 1061 1856 1129; x_wconf 64' lang='grc' dir='ltr'>παραιιυθῆναι</span> <span class='ocrx_word' id='word_1_69' title='bbox 1899 1056 2008 1107; x_wconf 91' lang='grc' dir='ltr'>τῶν</span> 
     </span>
    </p>
   </div>
   <div class='ocr_carea' id='block_1_11' title="bbox 347 1141 2010 1220">
    <p class='ocr_par' dir='ltr' id='par_1_11' title="bbox 347 1141 2010 1220">
     <span class='ocr_line' id='line_1_11' title="bbox 347 1141 2010 1220; baseline -0.003 -20"><span class='ocrx_word' id='word_1_70' title='bbox 347 1146 633 1220; x_wconf 81' lang='grc' dir='ltr'>ἡμετέρων</span> <span class='ocrx_word' id='word_1_71' title='bbox 689 1145 855 1218; x_wconf 84' lang='grc' dir='ltr'>μέχρι</span> <span class='ocrx_word' id='word_1_72' title='bbox 886 1143 976 1198; x_wconf 81' lang='grc' dir='ltr'>καὶ</span> <span class='ocrx_word' id='word_1_73' title='bbox 1008 1143 1179 1213; x_wconf 79' lang='grc' dir='ltr'>αὐτῆς</span> <span class='ocrx_word' id='word_1_74' title='bbox 1205 1143 1423 1218; x_wconf 79' lang='grc' dir='ltr'>κεραίας</span> <span class='ocrx_word' id='word_1_75' title='bbox 1451 1145 1486 1214; x_wconf 71' lang='grc' dir='ltr'>ἢ</span> <span class='ocrx_word' id='word_1_76' title='bbox 1525 1145 1634 1216; x_wconf 81' lang='grc' dir='ltr'>μὴν</span> <span class='ocrx_word' id='word_1_77' title='bbox 1694 1143 1849 1213; x_wconf 79' lang='grc' dir='ltr'>ίῶτα,</span> <span class='ocrx_word' id='word_1_78' title='bbox 1911 1141 2010 1196; x_wconf 83' lang='grc' dir='ltr'>αὐ-</span> 
     </span>
    </p>
   </div>
   <div class='ocr_carea' id='block_1_12' title="bbox 345 1229 2010 1310">
    <p class='ocr_par' dir='ltr' id='par_1_12' title="bbox 345 1229 2010 1310">
     <span class='ocr_line' id='line_1_12' title="bbox 345 1229 2010 1310; baseline -0.003 -19"><span class='ocrx_word' id='word_1_79' title='bbox 345 1235 438 1298; x_wconf 85' lang='grc' dir='ltr'>τὸς</span> <span class='ocrx_word' id='word_1_80' title='bbox 469 1234 580 1310; x_wconf 85' lang='grc' dir='ltr'>ἐγὼ</span> <span class='ocrx_word' id='word_1_81' title='bbox 614 1238 1098 1308; x_wconf 84' lang='grc' dir='ltr'>καθυπισχνοῢμαι</span> <span class='ocrx_word' id='word_1_82' title='bbox 1131 1233 1260 1288; x_wconf 77' lang='grc' dir='ltr'>αὐτὸ</span> <span class='ocrx_word' id='word_1_83' title='bbox 1298 1233 1362 1288; x_wconf 91' lang='grc' dir='ltr'>τὸ</span> <span class='ocrx_word' id='word_1_84' title='bbox 1397 1239 1538 1296; x_wconf 88' lang='grc' dir='ltr'>θεῖον</span> <span class='ocrx_word' id='word_1_85' title='bbox 1571 1229 1870 1306; x_wconf 69' lang='grc' dir='ltr'>Σύμϐολον</span> <span class='ocrx_word' id='word_1_86' title='bbox 1903 1236 2010 1286; x_wconf 90' lang='grc' dir='ltr'>τῶν</span> 
     </span>
    </p>
   </div>
   <div class='ocr_carea' id='block_1_13' title="bbox 347 1320 2010 1400">
    <p class='ocr_par' dir='ltr' id='par_1_13' title="bbox 347 1320 2010 1400">
     <span class='ocr_line' id='line_1_13' title="bbox 347 1320 2010 1400; baseline -0.004 -19"><span class='ocrx_word' id='word_1_87' title='bbox 347 1322 605 1400; x_wconf 78' lang='grc' dir='ltr'>Ηατέρων</span> <span class='ocrx_word' id='word_1_88' title='bbox 660 1322 888 1387; x_wconf 79' lang='grc' dir='ltr'>ἐνθεῖναι</span> <span class='ocrx_word' id='word_1_89' title='bbox 918 1322 1147 1396; x_wconf 81' lang='grc' dir='ltr'>σημαίᾳ,</span> <span class='ocrx_word' id='word_1_90' title='bbox 1201 1321 1292 1378; x_wconf 85' lang='grc' dir='ltr'>καὶ</span> <span class='ocrx_word' id='word_1_91' title='bbox 1322 1321 1642 1395; x_wconf 86' lang='grc' dir='ltr'>πολεμῆσαι</span> <span class='ocrx_word' id='word_1_92' title='bbox 1697 1322 1773 1394; x_wconf 83' lang='grc' dir='ltr'>μή</span> <span class='ocrx_word' id='word_1_93' title='bbox 1826 1320 1908 1376; x_wconf 78' lang='grc' dir='ltr'>ὅτι</span> <span class='ocrx_word' id='word_1_94' title='bbox 1951 1342 2010 1395; x_wconf 88' lang='grc' dir='ltr'>γε</span> 
     </span>
    </p>
   </div>
   <div class='ocr_carea' id='block_1_14' title="bbox 345 1409 2008 1486">
    <p class='ocr_par' dir='ltr' id='par_1_14' title="bbox 345 1409 2008 1486">
     <span class='ocr_line' id='line_1_14' title="bbox 345 1409 2008 1486; baseline -0.005 -14"><span class='ocrx_word' id='word_1_95' title='bbox 345 1412 602 1481; x_wconf 85' lang='grc' dir='ltr'>Ἰταλοῖς,</span> <span class='ocrx_word' id='word_1_96' title='bbox 651 1410 800 1467; x_wconf 75' lang='grc' dir='ltr'>ἀλλὰ</span> <span class='ocrx_word' id='word_1_97' title='bbox 843 1412 933 1468; x_wconf 84' lang='grc' dir='ltr'>καὶ</span> <span class='ocrx_word' id='word_1_98' title='bbox 986 1414 1145 1467; x_wconf 80' lang='grc' dir='ltr'>παντὶ</span> <span class='ocrx_word' id='word_1_99' title='bbox 1196 1409 1336 1476; x_wconf 80' lang='grc' dir='ltr'>ἔθνει</span> <span class='ocrx_word' id='word_1_100' title='bbox 1397 1413 1530 1486; x_wconf 75' lang='grc' dir='ltr'>ὑπὲρ</span> <span class='ocrx_word' id='word_1_101' title='bbox 1579 1411 1786 1465; x_wconf 82' lang='grc' dir='ltr'>τούτων</span> <span class='ocrx_word' id='word_1_102' title='bbox 1837 1410 2008 1484; x_wconf 74' lang='grc' dir='ltr'>ἀμφι-</span> 
     </span>
    </p>
   </div>
   <div class='ocr_carea' id='block_1_15' title="bbox 345 1498 2006 1577">
    <p class='ocr_par' dir='ltr' id='par_1_15' title="bbox 345 1498 2006 1577">
     <span class='ocr_line' id='line_1_15' title="bbox 345 1498 2006 1577; baseline -0.004 -18"><span class='ocrx_word' id='word_1_103' title='bbox 345 1499 660 1574; x_wconf 73' lang='grc' dir='ltr'>σϐητοῦντι.</span> <span class='ocrx_word' id='word_1_104' title='bbox 722 1503 824 1558; x_wconf 86' lang='grc' dir='ltr'>Καὶ</span> <span class='ocrx_word' id='word_1_105' title='bbox 885 1501 1020 1573; x_wconf 74' lang='grc' dir='ltr'>αὕτη</span> <span class='ocrx_word' id='word_1_106' title='bbox 1086 1502 1179 1575; x_wconf 88' lang='grc' dir='ltr'>μέν</span> <span class='ocrx_word' id='word_1_107' title='bbox 1241 1500 1380 1556; x_wconf 82' lang='grc' dir='ltr'>ἐστιν</span> <span class='ocrx_word' id='word_1_108' title='bbox 1443 1504 1478 1570; x_wconf 72' lang='grc' dir='ltr'><strong>ἡ</strong></span> <span class='ocrx_word' id='word_1_109' title='bbox 1537 1498 2006 1577; x_wconf 66' lang='grc' dir='ltr'>πληροφορία,ἥν</span> 
     </span>
    </p>
   </div>
   <div class='ocr_carea' id='block_1_16' title="bbox 348 1585 2008 1666">
    <p class='ocr_par' dir='ltr' id='par_1_16' title="bbox 348 1585 2008 1666">
     <span class='ocr_line' id='line_1_16' title="bbox 348 1585 2008 1666; baseline -0.002 -18"><span class='ocrx_word' id='word_1_110' title='bbox 348 1592 549 1666; x_wconf 87' lang='grc' dir='ltr'>δίδωμι</span> <span class='ocrx_word' id='word_1_111' title='bbox 603 1593 740 1665; x_wconf 87' lang='grc' dir='ltr'>πρὸς</span> <span class='ocrx_word' id='word_1_112' title='bbox 803 1592 965 1663; x_wconf 75' lang='grc' dir='ltr'>ὑμᾶς·</span> <span class='ocrx_word' id='word_1_113' title='bbox 1029 1590 1216 1653; x_wconf 81' lang='grc' dir='ltr'>ἄλλως</span> <span class='ocrx_word' id='word_1_114' title='bbox 1275 1589 1332 1645; x_wconf 76' lang='grc' dir='ltr'>δὲ</span> <span class='ocrx_word' id='word_1_115' title='bbox 1391 1585 1718 1666; x_wconf 83' lang='grc' dir='ltr'>κυϐερνῆσαι</span> <span class='ocrx_word' id='word_1_116' title='bbox 1767 1589 1856 1644; x_wconf 81' lang='grc' dir='ltr'>καὶ</span> <span class='ocrx_word' id='word_1_117' title='bbox 1894 1590 2008 1661; x_wconf 83' lang='grc' dir='ltr'>μετ’</span> 
     </span>
    </p>
   </div>
   <div class='ocr_carea' id='block_1_17' title="bbox 347 1675 2006 1758">
    <p class='ocr_par' dir='ltr' id='par_1_17' title="bbox 347 1675 2006 1758">
     <span class='ocr_line' id='line_1_17' title="bbox 347 1675 2006 1758; baseline -0.004 -20"><span class='ocrx_word' id='word_1_118' title='bbox 347 1682 572 1758; x_wconf 76' lang='grc' dir='ltr'>εῖρήνης</span> <span class='ocrx_word' id='word_1_119' title='bbox 606 1682 931 1755; x_wconf 81' lang='grc' dir='ltr'>ἀποπέμψαι</span> <span class='ocrx_word' id='word_1_120' title='bbox 964 1683 1044 1754; x_wconf 81' lang='grc' dir='ltr'>[Ρ.</span> <span class='ocrx_word' id='word_1_121' title='bbox 1077 1683 1205 1754; x_wconf 77' lang='grc'><strong>314]</strong></span> <span class='ocrx_word' id='word_1_122' title='bbox 1257 1681 1386 1742; x_wconf 79' lang='grc' dir='ltr'>τοὺς</span> <span class='ocrx_word' id='word_1_123' title='bbox 1436 1675 1689 1756; x_wconf 84' lang='grc' dir='ltr'>πρέσϐεις</span> <span class='ocrx_word' id='word_1_124' title='bbox 1740 1675 1850 1734; x_wconf 61' lang='grc' dir='ltr'>οὔτ’</span> <span class='ocrx_word' id='word_1_125' title='bbox 1883 1677 2006 1751; x_wconf 81' lang='grc' dir='ltr'>ἐμοὶ</span> 
     </span>
    </p>
   </div>
   <div class='ocr_carea' id='block_1_18' title="bbox 345 1767 2006 1845">
    <p class='ocr_par' dir='ltr' id='par_1_18' title="bbox 345 1767 2006 1845">
     <span class='ocr_line' id='line_1_18' title="bbox 345 1767 2006 1845; baseline -0.003 -19"><span class='ocrx_word' id='word_1_126' title='bbox 345 1774 565 1845; x_wconf 87' lang='grc' dir='ltr'>νέμεσις</span> <span class='ocrx_word' id='word_1_127' title='bbox 596 1771 812 1832; x_wconf 74' lang='grc' dir='ltr'>πάντως</span> <span class='ocrx_word' id='word_1_128' title='bbox 845 1767 958 1834; x_wconf 69' lang='grc' dir='ltr'>οὔθ’</span> <span class='ocrx_word' id='word_1_129' title='bbox 993 1771 1120 1843; x_wconf 85' lang='grc' dir='ltr'>ὑμῖν</span> <span class='ocrx_word' id='word_1_130' title='bbox 1178 1767 1364 1825; x_wconf 83' lang='grc' dir='ltr'>ἀδικία</span> <span class='ocrx_word' id='word_1_131' title='bbox 1418 1771 1479 1824; x_wconf 86' lang='grc' dir='ltr'>τὸ</span> <span class='ocrx_word' id='word_1_132' title='bbox 1534 1768 1785 1824; x_wconf 78' lang='grc' dir='ltr'>σύνολον.</span> <span class='ocrx_word' id='word_1_133' title='bbox 1847 1769 2006 1839; x_wconf 77' lang='grc' dir='ltr'>Ἀξιῶ</span> 
     </span>
    </p>
   </div>
   <div class='ocr_carea' id='block_1_19' title="bbox 347 1858 2009 1937">
    <p class='ocr_par' dir='ltr' id='par_1_19' title="bbox 347 1858 2009 1937">
     <span class='ocr_line' id='line_1_19' title="bbox 347 1858 2009 1937; baseline -0.003 -21"><span class='ocrx_word' id='word_1_134' title='bbox 347 1861 443 1916; x_wconf 77' lang='grc' dir='ltr'>οὖν</span> <span class='ocrx_word' id='word_1_135' title='bbox 501 1860 592 1916; x_wconf 81' lang='grc' dir='ltr'>καὶ</span> <span class='ocrx_word' id='word_1_136' title='bbox 639 1859 1109 1935; x_wconf 84' lang='grc' dir='ltr'>προσπτύσσεσθαι</span> <span class='ocrx_word' id='word_1_137' title='bbox 1167 1866 1303 1937; x_wconf 74' lang='grc' dir='ltr'>σφᾶς</span> <span class='ocrx_word' id='word_1_138' title='bbox 1355 1859 1587 1935; x_wconf 75' lang='grc' dir='ltr'>φιλικῶς</span> <span class='ocrx_word' id='word_1_139' title='bbox 1635 1859 1725 1913; x_wconf 84' lang='grc' dir='ltr'>καὶ</span> <span class='ocrx_word' id='word_1_140' title='bbox 1775 1858 2009 1926; x_wconf 77' lang='grc' dir='ltr'>ἀσπάζε-</span> 
     </span>
    </p>
   </div>
   <div class='ocr_carea' id='block_1_20' title="bbox 2120 603 3778 682">
    <p class='ocr_par' dir='ltr' id='par_1_20' title="bbox 2120 603 3778 682">
     <span class='ocr_line' id='line_1_20' title="bbox 2120 603 3778 682; baseline -0.002 -22"><span class='ocrx_word' id='word_1_141' title='bbox 2120 605 2279 660; x_wconf 83' lang='grc' dir='ltr'>αὐτὸν</span> <span class='ocrx_word' id='word_1_142' title='bbox 2333 607 2688 681; x_wconf 67' lang='grc' dir='ltr'>πραχθέντων</span> <span class='ocrx_word' id='word_1_143' title='bbox 2743 605 2939 682; x_wconf 86' lang='grc' dir='ltr'>γνῶσίν</span> <span class='ocrx_word' id='word_1_144' title='bbox 3005 627 3128 660; x_wconf 88' lang='grc' dir='ltr'>τινα</span> <span class='ocrx_word' id='word_1_145' title='bbox 3201 608 3503 679; x_wconf 83' lang='grc' dir='ltr'>παρασχεῖν</span> <span class='ocrx_word' id='word_1_146' title='bbox 3583 603 3730 681; x_wconf 72' lang='grc' dir='ltr'>σφίσι</span> <span class='ocrx_word' id='word_1_147' title='bbox 3765 623 3778 636; x_wconf 86' lang='grc'><strong>·</strong></span> 
     </span>
    </p>
   </div>
   <div class='ocr_carea' id='block_1_21' title="bbox 2117 691 3780 771">
    <p class='ocr_par' dir='ltr' id='par_1_21' title="bbox 2117 691 3780 771">
     <span class='ocr_line' id='line_1_21' title="bbox 2117 691 3780 771; baseline -0.002 -20"><span class='ocrx_word' id='word_1_148' title='bbox 2117 701 2227 751; x_wconf 88' lang='grc' dir='ltr'>τῶν</span> <span class='ocrx_word' id='word_1_149' title='bbox 2285 694 2332 751; x_wconf 86' lang='grc' dir='ltr'>δ’</span> <span class='ocrx_word' id='word_1_150' title='bbox 2391 696 2693 771; x_wconf 85' lang='grc' dir='ltr'>ἀρχιερέων</span> <span class='ocrx_word' id='word_1_151' title='bbox 2748 718 2806 752; x_wconf 89' lang='grc' dir='ltr'>τε</span> <span class='ocrx_word' id='word_1_152' title='bbox 2848 695 2937 751; x_wconf 85' lang='grc' dir='ltr'>καὶ</span> <span class='ocrx_word' id='word_1_153' title='bbox 2988 700 3097 750; x_wconf 90' lang='grc' dir='ltr'>τῶν</span> <span class='ocrx_word' id='word_1_154' title='bbox 3144 694 3410 771; x_wconf 78' lang='grc' dir='ltr'>ἐκκρίτων</span> <span class='ocrx_word' id='word_1_155' title='bbox 3441 698 3537 748; x_wconf 76' lang='grc' dir='ltr'>τοῦ</span> <span class='ocrx_word' id='word_1_156' title='bbox 3567 691 3780 768; x_wconf 70' lang='grc' dir='ltr'>κλήρου</span> 
     </span>
    </p>
   </div>
   <div class='ocr_carea' id='block_1_22' title="bbox 2119 783 3785 862">
    <p class='ocr_par' dir='ltr' id='par_1_22' title="bbox 2119 783 3785 862">
     <span class='ocr_line' id='line_1_22' title="bbox 2119 783 3785 862; baseline -0.001 -23"><span class='ocrx_word' id='word_1_157' title='bbox 2119 785 2255 862; x_wconf 77' lang='grc' dir='ltr'>ἀμφ’</span> <span class='ocrx_word' id='word_1_158' title='bbox 2312 785 2470 840; x_wconf 77' lang='grc' dir='ltr'>αὐτὸν</span> <span class='ocrx_word' id='word_1_159' title='bbox 2535 787 2912 862; x_wconf 66' lang='grc' dir='ltr'>συναχθέντων</span> <span class='ocrx_word' id='word_1_160' title='bbox 2958 785 3344 862; x_wconf 87' lang='grc' dir='ltr'>ποραγίνονται</span> <span class='ocrx_word' id='word_1_161' title='bbox 3411 784 3500 838; x_wconf 80' lang='grc' dir='ltr'>καὶ</span> <span class='ocrx_word' id='word_1_162' title='bbox 3550 783 3602 838; x_wconf 77' lang='grc' dir='ltr'>οἱ</span> <span class='ocrx_word' id='word_1_163' title='bbox 3646 785 3785 856; x_wconf 88' lang='grc' dir='ltr'>πρέ-</span> 
     </span>
    </p>
   </div>
   <div class='ocr_carea' id='block_1_23' title="bbox 2121 870 3778 949">
    <p class='ocr_par' dir='ltr' id='par_1_23' title="bbox 2121 870 3778 949">
     <span class='ocr_line' id='line_1_23' title="bbox 2121 870 3778 949; baseline -0.002 -21"><span class='ocrx_word' id='word_1_164' title='bbox 2121 870 2292 937; x_wconf 81' lang='grc' dir='ltr'>σϐεις.</span> <span class='ocrx_word' id='word_1_165' title='bbox 2339 875 2442 930; x_wconf 77' lang='grc' dir='ltr'>Καὶ</span> <span class='ocrx_word' id='word_1_166' title='bbox 2491 877 2557 930; x_wconf 77' lang='grc' dir='ltr'>τὰ</span> <span class='ocrx_word' id='word_1_167' title='bbox 2601 880 2699 940; x_wconf 80' lang='grc' dir='ltr'>τῆς</span> <span class='ocrx_word' id='word_1_168' title='bbox 2745 870 3037 949; x_wconf 88' lang='grc' dir='ltr'>πρεσϐείας</span> <span class='ocrx_word' id='word_1_169' title='bbox 3085 879 3379 941; x_wconf 75' lang='grc' dir='ltr'>κινοῦντες,</span> <span class='ocrx_word' id='word_1_170' title='bbox 3433 870 3602 942; x_wconf 80' lang='grc' dir='ltr'>δῆλον</span> <span class='ocrx_word' id='word_1_171' title='bbox 3639 873 3778 941; x_wconf 78' lang='grc' dir='ltr'>ἦσαν</span> 
     </span>
    </p>
   </div>
   <div class='ocr_carea' id='block_1_24' title="bbox 2119 961 3784 1040">
    <p class='ocr_par' dir='ltr' id='par_1_24' title="bbox 2119 961 3784 1040">
     <span class='ocr_line' id='line_1_24' title="bbox 2119 961 3784 1040; baseline -0.001 -22"><span class='ocrx_word' id='word_1_172' title='bbox 2119 964 2299 1019; x_wconf 82' lang='grc' dir='ltr'>ἐκεῖνα</span> <span class='ocrx_word' id='word_1_173' title='bbox 2342 967 2716 1040; x_wconf 86' lang='grc' dir='ltr'>προτείνοντες</span> <span class='ocrx_word' id='word_1_174' title='bbox 2765 963 2796 1020; x_wconf 71' lang='grc' dir='ltr'>ἃ</span> <span class='ocrx_word' id='word_1_175' title='bbox 2849 963 2915 1034; x_wconf 77' lang='grc' dir='ltr'>δὴ</span> <span class='ocrx_word' id='word_1_176' title='bbox 2969 964 3172 1038; x_wconf 73' lang='grc' dir='ltr'>φθάσας</span> <span class='ocrx_word' id='word_1_177' title='bbox 3232 967 3260 1018; x_wconf 81' lang='grc' dir='ltr'>ὁ</span> <span class='ocrx_word' id='word_1_178' title='bbox 3316 961 3570 1034; x_wconf 73' lang='grc' dir='ltr'>βασιλεὺς</span> <span class='ocrx_word' id='word_1_179' title='bbox 3615 982 3784 1038; x_wconf 90' lang='grc' dir='ltr'>προε-</span> 
     </span>
    </p>
   </div>
   <div class='ocr_carea' id='block_1_25' title="bbox 2121 1050 3782 1130">
    <p class='ocr_par' dir='ltr' id='par_1_25' title="bbox 2121 1050 3782 1130">
     <span class='ocr_line' id='line_1_25' title="bbox 2121 1050 3782 1130; baseline -0.001 -24"><span class='ocrx_word' id='word_1_180' title='bbox 2121 1050 2318 1123; x_wconf 70' lang='grc' dir='ltr'>δήλουο</span> <span class='ocrx_word' id='word_1_181' title='bbox 2379 1057 2507 1130; x_wconf 87' lang='grc' dir='ltr'>παρ’</span> <span class='ocrx_word' id='word_1_182' title='bbox 2567 1057 2630 1125; x_wconf 76' lang='grc' dir='ltr'>ἣν</span> <span class='ocrx_word' id='word_1_183' title='bbox 2681 1055 2856 1109; x_wconf 80' lang='grc' dir='ltr'>αἰτίαν</span> <span class='ocrx_word' id='word_1_184' title='bbox 2911 1054 3000 1108; x_wconf 81' lang='grc' dir='ltr'>καὶ</span> <span class='ocrx_word' id='word_1_185' title='bbox 3033 1052 3505 1129; x_wconf 79' lang='grc' dir='ltr'>προενηχηοέντες</span> <span class='ocrx_word' id='word_1_186' title='bbox 3539 1052 3782 1124; x_wconf 80' lang='grc' dir='ltr'>εὐμενῶς</span> 
     </span>
    </p>
   </div>
   <div class='ocr_carea' id='block_1_26' title="bbox 2115 1139 3775 1221">
    <p class='ocr_par' dir='ltr' id='par_1_26' title="bbox 2115 1139 3775 1221">
     <span class='ocr_line' id='line_1_26' title="bbox 2115 1139 3775 1221; baseline 0.001 -26"><span class='ocrx_word' id='word_1_187' title='bbox 2115 1140 2345 1214; x_wconf 71' lang='grc' dir='ltr'>ἤκουον,</span> <span class='ocrx_word' id='word_1_188' title='bbox 2404 1142 2436 1197; x_wconf 73' lang='grc' dir='ltr'>ἃ</span> <span class='ocrx_word' id='word_1_189' title='bbox 2495 1143 2559 1214; x_wconf 76' lang='grc' dir='ltr'>δὴ</span> <span class='ocrx_word' id='word_1_190' title='bbox 2599 1145 2674 1218; x_wconf 78' lang='grc' dir='ltr'>μή</span> <span class='ocrx_word' id='word_1_191' title='bbox 2726 1146 3099 1221; x_wconf 71' lang='grc' dir='ltr'>προμαθόντες</span> <span class='ocrx_word' id='word_1_192' title='bbox 3122 1146 3210 1198; x_wconf 86' lang='grc' dir='ltr'>καὶ</span> <span class='ocrx_word' id='word_1_193' title='bbox 3246 1142 3367 1208; x_wconf 81' lang='grc' dir='ltr'>λίαν</span> <span class='ocrx_word' id='word_1_194' title='bbox 3409 1139 3696 1217; x_wconf 79' lang='grc' dir='ltr'>δυσχερῶς</span> <span class='ocrx_word' id='word_1_195' title='bbox 3717 1141 3775 1197; x_wconf 70' lang='grc' dir='ltr'>ἂν</span> 
     </span>
    </p>
   </div>
   <div class='ocr_carea' id='block_1_27' title="bbox 2118 1234 2476 1302">
    <p class='ocr_par' dir='ltr' id='par_1_27' title="bbox 2118 1234 2476 1302">
     <span class='ocr_line' id='line_1_27' title="bbox 2118 1234 2476 1302; baseline 0.006 -15"><span class='ocrx_word' id='word_1_196' title='bbox 2118 1234 2476 1302; x_wconf 76' lang='grc' dir='ltr'>ἡνωτίζοντο.</span> 
     </span>
    </p>
   </div>
   <div class='ocr_carea' id='block_1_28' title="bbox 2189 1389 3703 1468">
    <p class='ocr_par' dir='ltr' id='par_1_28' title="bbox 2189 1389 3703 1468">
     <span class='ocr_line' id='line_1_28' title="bbox 2189 1389 3703 1468; baseline -0.001 -19"><span class='ocrx_word' id='word_1_197' title='bbox 2189 1397 2277 1460; x_wconf 75' lang='grc' dir='ltr'>ις’.</span> <span class='ocrx_word' id='word_1_198' title='bbox 2332 1397 2522 1459; x_wconf 75' lang='grc' dir='ltr'>’Όπως</span> <span class='ocrx_word' id='word_1_199' title='bbox 2570 1394 2950 1468; x_wconf 74' lang='grc' dir='ltr'>ἀπεστάλησαν</span> <span class='ocrx_word' id='word_1_200' title='bbox 2999 1398 3054 1468; x_wconf 7' lang='grc' dir='ltr'>,οἱ</span> <span class='ocrx_word' id='word_1_201' title='bbox 3104 1389 3356 1468; x_wconf 85' lang='grc' dir='ltr'>πρέσϐεις</span> <span class='ocrx_word' id='word_1_202' title='bbox 3411 1391 3544 1448; x_wconf 79' lang='grc' dir='ltr'>ἰδεῖν</span> <span class='ocrx_word' id='word_1_203' title='bbox 3575 1391 3703 1454; x_wconf 78' lang='grc' dir='ltr'>τοὺς</span> 
     </span>
    </p>
   </div>
   <div class='ocr_carea' id='block_1_29' title="bbox 2571 1467 3317 1546">
    <p class='ocr_par' dir='ltr' id='par_1_29' title="bbox 2571 1467 3317 1546">
     <span class='ocr_line' id='line_1_29' title="bbox 2571 1467 3317 1546; baseline -0.001 -23"><span class='ocrx_word' id='word_1_204' title='bbox 2571 1467 2968 1532; x_wconf 87' lang='grc' dir='ltr'>ἀποκλείστους</span> <span class='ocrx_word' id='word_1_205' title='bbox 2992 1467 3044 1522; x_wconf 82' lang='grc' dir='ltr'>ἐν</span> <span class='ocrx_word' id='word_1_206' title='bbox 3075 1470 3317 1546; x_wconf 76' lang='grc' dir='ltr'>φυλακῇ.</span> 
     </span>
    </p>
   </div>
   <div class='ocr_carea' id='block_1_30' title="bbox 2185 1589 3762 1669">
    <p class='ocr_par' dir='ltr' id='par_1_30' title="bbox 2185 1589 3762 1669">
     <span class='ocr_line' id='line_1_30' title="bbox 2185 1589 3762 1669; baseline -0.003 -20"><span class='ocrx_word' id='word_1_207' title='bbox 2185 1595 2350 1649; x_wconf 80' lang='grc' dir='ltr'>Ταῦτ’</span> <span class='ocrx_word' id='word_1_208' title='bbox 2411 1589 2510 1669; x_wconf 69' lang='grc' dir='ltr'>ἄρα</span> <span class='ocrx_word' id='word_1_209' title='bbox 2567 1593 2654 1648; x_wconf 85' lang='grc' dir='ltr'>καὶ</span> <span class='ocrx_word' id='word_1_210' title='bbox 2721 1591 2977 1669; x_wconf 76' lang='grc' dir='ltr'>βασιλεὺς</span> <span class='ocrx_word' id='word_1_211' title='bbox 3031 1593 3106 1655; x_wconf 83' lang='grc' dir='ltr'>ὡς</span> <span class='ocrx_word' id='word_1_212' title='bbox 3164 1593 3224 1647; x_wconf 83' lang='grc' dir='ltr'>οὐ</span> <span class='ocrx_word' id='word_1_213' title='bbox 3257 1590 3466 1667; x_wconf 77' lang='grc' dir='ltr'>χλεύην</span> <span class='ocrx_word' id='word_1_214' title='bbox 3501 1590 3762 1659; x_wconf 74' lang='grc' dir='ltr'>εἶναιτὴν</span> 
     </span>
    </p>
   </div>
   <div class='ocr_carea' id='block_1_31' title="bbox 2114 1680 3776 1761">
    <p class='ocr_par' dir='ltr' id='par_1_31' title="bbox 2114 1680 3776 1761">
     <span class='ocr_line' id='line_1_31' title="bbox 2114 1680 3776 1761; baseline -0.001 -25"><span class='ocrx_word' id='word_1_215' title='bbox 2114 1683 2336 1756; x_wconf 74' lang='grc' dir='ltr'>εἰρήνην</span> <span class='ocrx_word' id='word_1_216' title='bbox 2397 1683 2800 1761; x_wconf 67' lang='grc' dir='ltr'>πληροφορῶν,</span> <span class='ocrx_word' id='word_1_217' title='bbox 2859 1686 2950 1740; x_wconf 86' lang='grc' dir='ltr'>τὸν</span> <span class='ocrx_word' id='word_1_218' title='bbox 3011 1684 3237 1758; x_wconf 75' lang='grc' dir='ltr'>Ἐφέσου</span> <span class='ocrx_word' id='word_1_219' title='bbox 3271 1684 3454 1739; x_wconf 77' lang='grc' dir='ltr'>Ἰσαὰκ</span> <span class='ocrx_word' id='word_1_220' title='bbox 3503 1680 3593 1736; x_wconf 71' lang='grc' dir='ltr'>σὺν</span> <span class='ocrx_word' id='word_1_221' title='bbox 3643 1681 3776 1754; x_wconf 86' lang='grc' dir='ltr'>πρέ-</span> 
     </span>
    </p>
   </div>
   <div class='ocr_carea' id='block_1_32' title="bbox 2111 1768 3776 1851">
    <p class='ocr_par' dir='ltr' id='par_1_32' title="bbox 2111 1768 3776 1851">
     <span class='ocr_line' id='line_1_32' title="bbox 2111 1768 3776 1851; baseline -0.001 -25"><span class='ocrx_word' id='word_1_222' title='bbox 2111 1768 2289 1827; x_wconf 86' lang='grc' dir='ltr'>σϐεσιν</span> <span class='ocrx_word' id='word_1_223' title='bbox 2352 1774 2677 1837; x_wconf 83' lang='grc' dir='ltr'>ἀποστείλας</span> <span class='ocrx_word' id='word_1_224' title='bbox 2742 1777 3176 1851; x_wconf 79' lang='grc' dir='ltr'>καθειργμένους</span> <span class='ocrx_word' id='word_1_225' title='bbox 3255 1771 3460 1828; x_wconf 78' lang='grc' dir='ltr'>ἐδείκνυ</span> <span class='ocrx_word' id='word_1_226' title='bbox 3541 1791 3776 1847; x_wconf 88' lang='grc' dir='ltr'>προσγε-</span> 
     </span>
    </p>
   </div>
   <div class='ocr_carea' id='block_1_33' title="bbox 2111 1861 3769 1938">
    <p class='ocr_par' dir='ltr' id='par_1_33' title="bbox 2111 1861 3769 1938">
     <span class='ocr_line' id='line_1_33' title="bbox 2111 1861 3769 1938; baseline -0.001 -23"><span class='ocrx_word' id='word_1_227' title='bbox 2111 1867 2220 1925; x_wconf 88' lang='grc' dir='ltr'>νεῖς</span> <span class='ocrx_word' id='word_1_228' title='bbox 2277 1862 2328 1916; x_wconf 76' lang='grc' dir='ltr'>ἐν</span> <span class='ocrx_word' id='word_1_229' title='bbox 2387 1869 2506 1928; x_wconf 89' lang='grc' dir='ltr'>ταῖς</span> <span class='ocrx_word' id='word_1_230' title='bbox 2533 1863 2823 1938; x_wconf 75' lang='grc' dir='ltr'>φυλακαῖς.</span> <span class='ocrx_word' id='word_1_231' title='bbox 2857 1867 2923 1922; x_wconf 70' lang='grc' dir='ltr'><strong>Οἱ</strong></span> <span class='ocrx_word' id='word_1_232' title='bbox 2984 1863 3030 1919; x_wconf 85' lang='grc' dir='ltr'>δ’</span> <span class='ocrx_word' id='word_1_233' title='bbox 3082 1865 3215 1934; x_wconf 72' lang='grc' dir='ltr'>ἦσαν</span> <span class='ocrx_word' id='word_1_234' title='bbox 3250 1863 3278 1917; x_wconf 79' lang='grc' dir='ltr'><strong>ὁ</strong></span> <span class='ocrx_word' id='word_1_235' title='bbox 3331 1861 3769 1936; x_wconf 77' lang='grc' dir='ltr'>πρωτοστράτωρ</span> 
     </span>
    </p>
   </div>
   <div class='ocr_carea' id='block_1_34' title="bbox 350 1923 3770 2032">
    <p class='ocr_par' dir='ltr' id='par_1_34' title="bbox 350 1923 3770 2032">
     <span class='ocr_line' id='line_1_34' title="bbox 350 1923 3770 2032; baseline -0.001 -20"><span class='ocrx_word' id='word_1_236' title='bbox 350 1953 470 2006; x_wconf 71' lang='grc' dir='ltr'>σθαι</span> <span class='ocrx_word' id='word_1_237' title='bbox 529 1950 793 2024; x_wconf 79' lang='grc' dir='ltr'>εὐμενῶς,</span> <span class='ocrx_word' id='word_1_238' title='bbox 860 1951 1060 2023; x_wconf 82' lang='grc' dir='ltr'>μήπως</span> <span class='ocrx_word' id='word_1_239' title='bbox 1105 1948 1197 2004; x_wconf 72' lang='grc' dir='ltr'>καὶ</span> <span class='ocrx_word' id='word_1_240' title='bbox 1253 1951 1355 2019; x_wconf 77' lang='grc' dir='ltr'>τήν</span> <span class='ocrx_word' id='word_1_241' title='bbox 1412 1950 1606 2022; x_wconf 73' lang='grc' dir='ltr'>θήραν,</span> <span class='ocrx_word' id='word_1_242' title='bbox 1666 1949 1694 2002; x_wconf 72' lang='grc' dir='ltr'>’ὁ</span> <span class='ocrx_word' id='word_1_243' title='bbox 1727 1944 1793 2016; x_wconf 67' lang='grc' dir='ltr'>δή</span> <span class='ocrx_word' id='word_1_244' title='bbox 1824 1968 2003 2025; x_wconf 73' lang='grc' dir='ltr'>φασιν,</span> <span class='ocrx_word' id='word_1_245' title='bbox 2036 1923 2082 1988; x_wconf 84' lang='grc' dir='ltr'>Β</span> <span class='ocrx_word' id='word_1_246' title='bbox 2114 1952 2498 2029; x_wconf 80' lang='grc' dir='ltr'>Παλαιολόγος</span> <span class='ocrx_word' id='word_1_247' title='bbox 2520 1953 2886 2029; x_wconf 76' lang='grc' dir='ltr'>Ἀνδρόνικος,</span> <span class='ocrx_word' id='word_1_248' title='bbox 2916 1958 2942 2010; x_wconf 88' lang='grc' dir='ltr'>ὁ</span> <span class='ocrx_word' id='word_1_249' title='bbox 2964 1956 3259 2032; x_wconf 87' lang='grc' dir='ltr'>πιγκέρνης</span> <span class='ocrx_word' id='word_1_250' title='bbox 3281 1951 3478 2010; x_wconf 83' lang='grc' dir='ltr'>Ῥαοὺλ</span> <span class='ocrx_word' id='word_1_251' title='bbox 3501 1952 3770 2021; x_wconf 79' lang='grc' dir='ltr'>Μανουὴλ</span> 
     </span>
    </p>
   </div>
   <div class='ocr_carea' id='block_1_35' title="bbox 347 2035 2003 2113">
    <p class='ocr_par' dir='ltr' id='par_1_35' title="bbox 347 2035 2003 2113">
     <span class='ocr_line' id='line_1_35' title="bbox 347 2035 2003 2113; baseline -0.003 -18"><span class='ocrx_word' id='word_1_252' title='bbox 347 2036 797 2113; x_wconf 79' lang='grc' dir='ltr'>ἀνασοϐήσωμεν,</span> <span class='ocrx_word' id='word_1_253' title='bbox 856 2039 947 2094; x_wconf 81' lang='grc' dir='ltr'>καὶ</span> <span class='ocrx_word' id='word_1_254' title='bbox 1009 2037 1223 2112; x_wconf 75' lang='grc' dir='ltr'>μᾶλλον</span> <span class='ocrx_word' id='word_1_255' title='bbox 1283 2037 1476 2094; x_wconf 82' lang='grc' dir='ltr'>πάππα</span> <span class='ocrx_word' id='word_1_256' title='bbox 1523 2035 1812 2112; x_wconf 86' lang='grc' dir='ltr'>γεγονότος</span> <span class='ocrx_word' id='word_1_257' title='bbox 1857 2037 2003 2106; x_wconf 82' lang='grc' dir='ltr'>νέου,</span> 
     </span>
    </p>
   </div>
   <div class='ocr_carea' id='block_1_36' title="bbox 341 2124 2004 2204">
    <p class='ocr_par' dir='ltr' id='par_1_36' title="bbox 341 2124 2004 2204">
     <span class='ocr_line' id='line_1_36' title="bbox 341 2124 2004 2204; baseline -0.004 -18"><span class='ocrx_word' id='word_1_258' title='bbox 341 2129 433 2186; x_wconf 80' lang='grc' dir='ltr'>καὶ</span> <span class='ocrx_word' id='word_1_259' title='bbox 467 2130 530 2185; x_wconf 83' lang='grc' dir='ltr'>οὐ</span> <span class='ocrx_word' id='word_1_260' title='bbox 561 2130 700 2184; x_wconf 76' lang='grc' dir='ltr'>κατὰ</span> <span class='ocrx_word' id='word_1_261' title='bbox 742 2129 834 2184; x_wconf 81' lang='grc' dir='ltr'>τὸν</span> <span class='ocrx_word' id='word_1_262' title='bbox 869 2129 1170 2204; x_wconf 85' lang='grc' dir='ltr'>Γρηγόριον</span> <span class='ocrx_word' id='word_1_263' title='bbox 1213 2124 1369 2192; x_wconf 73' lang='grc' dir='ltr'>ὄντος</span> <span class='ocrx_word' id='word_1_264' title='bbox 1425 2128 1683 2200; x_wconf 80' lang='grc' dir='ltr'>εὐμενοῦς</span> <span class='ocrx_word' id='word_1_265' title='bbox 1715 2124 1857 2180; x_wconf 69' lang='grc' dir='ltr'>οὕτω</span> <span class='ocrx_word' id='word_1_266' title='bbox 1886 2130 2004 2186; x_wconf 88' lang='grc' dir='ltr'>τοῖς</span> 
     </span>
    </p>
   </div>
   <div class='ocr_carea' id='block_1_37' title="bbox 340 2212 2006 2295">
    <p class='ocr_par' dir='ltr' id='par_1_37' title="bbox 340 2212 2006 2295">
     <span class='ocr_line' id='line_1_37' title="bbox 340 2212 2006 2295; baseline -0.004 -21"><span class='ocrx_word' id='word_1_267' title='bbox 340 2218 638 2294; x_wconf 76' lang='grc' dir='ltr'>ἡμετέροις</span> <span class='ocrx_word' id='word_1_268' title='bbox 669 2217 972 2295; x_wconf 84' lang='grc' dir='ltr'>πράγμασι.</span> <span class='ocrx_word' id='word_1_269' title='bbox 1033 2219 1109 2276; x_wconf 87' lang='grc' dir='ltr'>Τὸ</span> <span class='ocrx_word' id='word_1_270' title='bbox 1168 2216 1214 2272; x_wconf 84' lang='grc' dir='ltr'>δ’</span> <span class='ocrx_word' id='word_1_271' title='bbox 1269 2217 1507 2273; x_wconf 76' lang='grc' dir='ltr'>ἐντεῦθεν</span> <span class='ocrx_word' id='word_1_272' title='bbox 1570 2215 1693 2289; x_wconf 80' lang='grc' dir='ltr'>ἐμοὶ</span> <span class='ocrx_word' id='word_1_273' title='bbox 1753 2212 2006 2288; x_wconf 81' lang='grc' dir='ltr'>μελήσει,</span> 
     </span>
    </p>
   </div>
   <div class='ocr_carea' id='block_1_38' title="bbox 348 2304 2006 2386">
    <p class='ocr_par' dir='ltr' id='par_1_38' title="bbox 348 2304 2006 2386">
     <span class='ocr_line' id='line_1_38' title="bbox 348 2304 2006 2386; baseline -0.005 -19"><span class='ocrx_word' id='word_1_274' title='bbox 348 2309 490 2385; x_wconf 73' lang='grc' dir='ltr'>μηδὲ</span> <span class='ocrx_word' id='word_1_275' title='bbox 517 2309 743 2386; x_wconf 85' lang='grc' dir='ltr'>διωρίαν</span> <span class='ocrx_word' id='word_1_276' title='bbox 777 2305 1001 2365; x_wconf 82' lang='grc' dir='ltr'>λαϐόντι</span> <span class='ocrx_word' id='word_1_277' title='bbox 1037 2307 1270 2384; x_wconf 81' lang='grc' dir='ltr'>βουλῆς,</span> <span class='ocrx_word' id='word_1_278' title='bbox 1309 2315 1410 2379; x_wconf 84' lang='grc' dir='ltr'>τῆς</span> <span class='ocrx_word' id='word_1_279' title='bbox 1459 2307 1596 2382; x_wconf 87' lang='grc' dir='ltr'>πρὸς</span> <span class='ocrx_word' id='word_1_280' title='bbox 1628 2304 1824 2367; x_wconf 77' lang='grc' dir='ltr'>αὐτοὺς</span> <span class='ocrx_word' id='word_1_281' title='bbox 1873 2305 2006 2360; x_wconf 85' lang='grc' dir='ltr'>ἀπο-</span> 
     </span>
    </p>
   </div>
   <div class='ocr_carea' id='block_1_39' title="bbox 343 2395 2010 2475">
    <p class='ocr_par' dir='ltr' id='par_1_39' title="bbox 343 2395 2010 2475">
     <span class='ocr_line' id='line_1_39' title="bbox 343 2395 2010 2475; baseline -0.005 -19"><span class='ocrx_word' id='word_1_282' title='bbox 343 2401 597 2475; x_wconf 88' lang='grc' dir='ltr'>κρίσεως.</span> <span class='ocrx_word' id='word_1_283' title='bbox 633 2426 661 2453; x_wconf 93' lang='grc'>››</span> <span class='ocrx_word' id='word_1_284' title='bbox 721 2403 907 2457; x_wconf 77' lang='grc' dir='ltr'>Ταῦτα</span> <span class='ocrx_word' id='word_1_285' title='bbox 935 2403 1032 2454; x_wconf 75' lang='grc' dir='ltr'>τοῦ</span> <span class='ocrx_word' id='word_1_286' title='bbox 1083 2397 1351 2475; x_wconf 87' lang='grc' dir='ltr'>βασιλέως</span> <span class='ocrx_word' id='word_1_287' title='bbox 1400 2397 1648 2460; x_wconf 83' lang='grc' dir='ltr'>εἷ’πόντος</span> <span class='ocrx_word' id='word_1_288' title='bbox 1677 2396 1704 2449; x_wconf 87' lang='grc' dir='ltr'>ὁ</span> <span class='ocrx_word' id='word_1_289' title='bbox 1761 2395 1856 2467; x_wconf 72' lang='grc' dir='ltr'>μέν</span> <span class='ocrx_word' id='word_1_290' title='bbox 1903 2416 2010 2449; x_wconf 91' lang='grc' dir='ltr'>πα-</span> 
     </span>
    </p>
   </div>
   <div class='ocr_carea' id='block_1_40' title="bbox 348 2484 2005 2569">
    <p class='ocr_par' dir='ltr' id='par_1_40' title="bbox 348 2484 2005 2569">
     <span class='ocr_line' id='line_1_40' title="bbox 348 2484 2005 2569; baseline -0.004 -25"><span class='ocrx_word' id='word_1_291' title='bbox 348 2489 620 2568; x_wconf 79' lang='grc' dir='ltr'>τριάρχης</span> <span class='ocrx_word' id='word_1_292' title='bbox 681 2489 958 2569; x_wconf 78' lang='grc' dir='ltr'>ἐφίσταται</span> <span class='ocrx_word' id='word_1_293' title='bbox 1015 2493 1084 2564; x_wconf 77' lang='grc' dir='ltr'>τῇ</span> <span class='ocrx_word' id='word_1_294' title='bbox 1145 2493 1252 2544; x_wconf 90' lang='grc' dir='ltr'>τῶν</span> <span class='ocrx_word' id='word_1_295' title='bbox 1306 2488 1622 2564; x_wconf 76' lang='grc' dir='ltr'>Μαγγάνων</span> <span class='ocrx_word' id='word_1_296' title='bbox 1685 2487 1862 2559; x_wconf 79' lang='grc' dir='ltr'>μονῇ,</span> <span class='ocrx_word' id='word_1_297' title='bbox 1915 2484 2005 2539; x_wconf 84' lang='grc' dir='ltr'>καὶ</span> 
     </span>
    </p>
   </div>
   <div class='ocr_carea' id='block_1_41' title="bbox 345 2703 2004 2777">
    <p class='ocr_par' dir='ltr' id='par_1_41' title="bbox 345 2703 2004 2777">
     <span class='ocr_line' id='line_1_41' title="bbox 345 2703 2004 2777; baseline -0.005 -10"><span class='ocrx_word' id='word_1_298' title='bbox 345 2711 632 2768; x_wconf 84' lang='lat' dir='ltr'>nimirum</span> <span class='ocrx_word' id='word_1_299' title='bbox 688 2706 1008 2763; x_wconf 82' lang='lat' dir='ltr'>discidium</span> <span class='ocrx_word' id='word_1_300' title='bbox 1069 2705 1231 2762; x_wconf 89' lang='lat' dir='ltr'>cordi</span> <span class='ocrx_word' id='word_1_301' title='bbox 1278 2710 1387 2776; x_wconf 90' lang='lat' dir='ltr'>est,</span> <span class='ocrx_word' id='word_1_302' title='bbox 1434 2705 1631 2762; x_wconf 90' lang='lat' dir='ltr'>nescio</span> <span class='ocrx_word' id='word_1_303' title='bbox 1689 2721 1807 2777; x_wconf 89' lang='lat' dir='ltr'>qua</span> <span class='ocrx_word' id='word_1_304' title='bbox 1860 2703 2004 2760; x_wconf 84' lang='lat' dir='ltr'>moti</span> 
     </span>
    </p>
   </div>
   <div class='ocr_carea' id='block_1_42' title="bbox 344 2795 2002 2870">
    <p class='ocr_par' dir='ltr' id='par_1_42' title="bbox 344 2795 2002 2870">
     <span class='ocr_line' id='line_1_42' title="bbox 344 2795 2002 2870; baseline -0.006 -13"><span class='ocrx_word' id='word_1_305' title='bbox 344 2817 528 2857; x_wconf 89' lang='lat' dir='ltr'>causa</span> <span class='ocrx_word' id='word_1_306' title='bbox 551 2797 838 2870; x_wconf 85' lang='lat' dir='ltr'>(nisiquis</span> <span class='ocrx_word' id='word_1_307' title='bbox 864 2797 1072 2852; x_wconf 79' lang='lat' dir='ltr'>dixerit</span> <span class='ocrx_word' id='word_1_308' title='bbox 1091 2796 1159 2852; x_wconf 90' lang='lat' dir='ltr'>ad</span> <span class='ocrx_word' id='word_1_309' title='bbox 1181 2796 1584 2867; x_wconf 79' lang='lat' dir='ltr'>probationem</span> <span class='ocrx_word' id='word_1_310' title='bbox 1601 2795 1723 2849; x_wconf 76' lang='lat' dir='ltr'>haec</span> <span class='ocrx_word' id='word_1_311' title='bbox 1737 2797 2002 2850; x_wconf 89' lang='lat' dir='ltr'>nostram</span> 
     </span>
    </p>
   </div>
   <div class='ocr_carea' id='block_1_43' title="bbox 344 2883 2001 2959">
    <p class='ocr_par' dir='ltr' id='par_1_43' title="bbox 344 2883 2001 2959">
     <span class='ocr_line' id='line_1_43' title="bbox 344 2883 2001 2959; baseline -0.005 -14"><span class='ocrx_word' id='word_1_312' title='bbox 344 2894 405 2945; x_wconf 91' lang='lat' dir='ltr'>et</span> <span class='ocrx_word' id='word_1_313' title='bbox 465 2903 752 2959; x_wconf 86' lang='lat' dir='ltr'>angorum</span> <span class='ocrx_word' id='word_1_314' title='bbox 831 2885 1135 2942; x_wconf 86' lang='lat' dir='ltr'>cumulum</span> <span class='ocrx_word' id='word_1_315' title='bbox 1210 2884 1364 2942; x_wconf 72' lang='lat'><strong>458</strong></span> <span class='ocrx_word' id='word_1_316' title='bbox 1443 2883 1806 2955; x_wconf 90' lang='lat' dir='ltr'>contingere)</span> <span class='ocrx_word' id='word_1_317' title='bbox 1867 2899 2001 2937; x_wconf 89' lang='lat' dir='ltr'>cum</span> 
     </span>
    </p>
   </div>
   <div class='ocr_carea' id='block_1_44' title="bbox 343 2970 2003 3047">
    <p class='ocr_par' dir='ltr' id='par_1_44' title="bbox 343 2970 2003 3047">
     <span class='ocr_line' id='line_1_44' title="bbox 343 2970 2003 3047; baseline -0.004 -16"><span class='ocrx_word' id='word_1_318' title='bbox 343 2976 564 3031; x_wconf 89' lang='lat' dir='ltr'>Freriis</span> <span class='ocrx_word' id='word_1_319' title='bbox 596 2975 750 3047; x_wconf 90' lang='lat' dir='ltr'>apud</span> <span class='ocrx_word' id='word_1_320' title='bbox 785 2978 1040 3030; x_wconf 71' lang='lat' dir='ltr'>Peraeam</span> <span class='ocrx_word' id='word_1_321' title='bbox 1074 2973 1374 3046; x_wconf 82' lang='lat' dir='ltr'>congressi</span> <span class='ocrx_word' id='word_1_322' title='bbox 1407 2972 1682 3028; x_wconf 87' lang='lat' dir='ltr'>dixerunt</span> <span class='ocrx_word' id='word_1_323' title='bbox 1711 2970 1857 3026; x_wconf 87' lang='lat' dir='ltr'>nihil</span> <span class='ocrx_word' id='word_1_324' title='bbox 1889 2970 2003 3026; x_wconf 91' lang='lat' dir='ltr'>nisi</span> 
     </span>
    </p>
   </div>
   <div class='ocr_carea' id='block_1_45' title="bbox 349 3059 2002 3134">
    <p class='ocr_par' dir='ltr' id='par_1_45' title="bbox 349 3059 2002 3134">
     <span class='ocr_line' id='line_1_45' title="bbox 349 3059 2002 3134; baseline -0.002 -15"><span class='ocrx_word' id='word_1_325' title='bbox 349 3064 673 3121; x_wconf 87' lang='lat' dir='ltr'>ludibrium</span> <span class='ocrx_word' id='word_1_326' title='bbox 725 3068 781 3120; x_wconf 89' lang='lat' dir='ltr'>et</span> <span class='ocrx_word' id='word_1_327' title='bbox 825 3064 1095 3120; x_wconf 87' lang='lat' dir='ltr'>fraudem</span> <span class='ocrx_word' id='word_1_328' title='bbox 1148 3063 1302 3118; x_wconf 87' lang='lat' dir='ltr'>hanc</span> <span class='ocrx_word' id='word_1_329' title='bbox 1359 3079 1561 3134; x_wconf 89' lang='lat' dir='ltr'>pacem</span> <span class='ocrx_word' id='word_1_330' title='bbox 1620 3077 1771 3129; x_wconf 90' lang='lat' dir='ltr'>esse,</span> <span class='ocrx_word' id='word_1_331' title='bbox 1805 3059 2002 3116; x_wconf 92' lang='lat' dir='ltr'>ethoc</span> 
     </span>
    </p>
   </div>
   <div class='ocr_carea' id='block_1_46' title="bbox 343 3151 1992 3226">
    <p class='ocr_par' dir='ltr' id='par_1_46' title="bbox 343 3151 1992 3226">
     <span class='ocr_line' id='line_1_46' title="bbox 343 3151 1992 3226; baseline -0.002 -17"><span class='ocrx_word' id='word_1_332' title='bbox 343 3154 704 3226; x_wconf 85' lang='lat' dir='ltr'>imprudenti</span> <span class='ocrx_word' id='word_1_333' title='bbox 752 3154 910 3210; x_wconf 89' lang='lat' dir='ltr'>dicto</span> <span class='ocrx_word' id='word_1_334' title='bbox 963 3152 1186 3209; x_wconf 79' lang='lat' dir='ltr'>Latinis</span> <span class='ocrx_word' id='word_1_335' title='bbox 1216 3154 1582 3210; x_wconf 80' lang='lat' dir='ltr'>occasionem</span> <span class='ocrx_word' id='word_1_336' title='bbox 1617 3151 1992 3224; x_wconf 84' lang='lat' dir='ltr'>praebuerunt</span> 
     </span>
    </p>
   </div>
   <div class='ocr_carea' id='block_1_47' title="bbox 341 3241 1997 3315">
    <p class='ocr_par' dir='ltr' id='par_1_47' title="bbox 341 3241 1997 3315">
     <span class='ocr_line' id='line_1_47' title="bbox 341 3241 1997 3315; baseline -0.003 -15"><span class='ocrx_word' id='word_1_337' title='bbox 341 3244 685 3315; x_wconf 83' lang='lat' dir='ltr'>exquirendi</span> <span class='ocrx_word' id='word_1_338' title='bbox 718 3243 854 3315; x_wconf 90' lang='lat' dir='ltr'>plus</span> <span class='ocrx_word' id='word_1_339' title='bbox 887 3243 1130 3314; x_wconf 89' lang='lat' dir='ltr'>aliquid,</span> <span class='ocrx_word' id='word_1_340' title='bbox 1156 3247 1222 3298; x_wconf 92' lang='lat' dir='ltr'>ut</span> <span class='ocrx_word' id='word_1_341' title='bbox 1251 3241 1649 3315; x_wconf 81' lang='lat' dir='ltr'>experimento</span> <span class='ocrx_word' id='word_1_342' title='bbox 1671 3241 1816 3298; x_wconf 82' lang='lat' dir='ltr'>satis</span> <span class='ocrx_word' id='word_1_343' title='bbox 1838 3244 1997 3296; x_wconf 89' lang='lat' dir='ltr'>certo</span> 
     </span>
    </p>
   </div>
   <div class='ocr_carea' id='block_1_48' title="bbox 2578 2049 2601 2059">
    <p class='ocr_par' dir='ltr' id='par_1_48' title="bbox 2578 2049 2601 2059">
     <span class='ocr_line' id='line_1_48' title="bbox 2578 2049 2601 2059; baseline 0 0"><span class='ocrx_word' id='word_1_344' title='bbox 2578 2049 2601 2059; x_wconf 66' lang='grc' dir='ltr'><strong><em>ν</em></strong></span> 
     </span>
    </p>
   </div>
   <div class='ocr_carea' id='block_1_49' title="bbox 2116 2040 3770 2118">
    <p class='ocr_par' dir='ltr' id='par_1_49' title="bbox 2116 2040 3770 2118">
     <span class='ocr_line' id='line_1_49' title="bbox 2116 2040 3770 2118; baseline -0.001 -22"><span class='ocrx_word' id='word_1_345' title='bbox 2116 2043 2144 2096; x_wconf 87' lang='grc' dir='ltr'>ὁ</span> <span class='ocrx_word' id='word_1_346' title='bbox 2175 2040 2410 2117; x_wconf 78' lang='grc' dir='ltr'>ἀδελφὸς</span> <span class='ocrx_word' id='word_1_347' title='bbox 2441 2043 2605 2098; x_wconf 77' lang='grc' dir='ltr'>αὐτοῦ</span> <span class='ocrx_word' id='word_1_348' title='bbox 2639 2045 2928 2113; x_wconf 79' lang='grc' dir='ltr'>Ἰσαάκιος,</span> <span class='ocrx_word' id='word_1_349' title='bbox 2957 2045 3047 2100; x_wconf 84' lang='grc' dir='ltr'>καὶ</span> <span class='ocrx_word' id='word_1_350' title='bbox 3079 2044 3331 2118; x_wconf 82' lang='grc' dir='ltr'>τέταρτος</span> <span class='ocrx_word' id='word_1_351' title='bbox 3363 2045 3390 2099; x_wconf 87' lang='grc' dir='ltr'>ὁ</span> <span class='ocrx_word' id='word_1_352' title='bbox 3426 2047 3522 2097; x_wconf 79' lang='grc' dir='ltr'>τοῦ</span> <span class='ocrx_word' id='word_1_353' title='bbox 3554 2062 3770 2114; x_wconf 85' lang='grc' dir='ltr'>πρωτο-</span> 
     </span>
    </p>
   </div>
   <div class='ocr_carea' id='block_1_50' title="bbox 2115 2128 3770 2209">
    <p class='ocr_par' dir='ltr' id='par_1_50' title="bbox 2115 2128 3770 2209">
     <span class='ocr_line' id='line_1_50' title="bbox 2115 2128 3770 2209; baseline 0.007 -25"><span class='ocrx_word' id='word_1_354' title='bbox 2115 2130 2413 2207; x_wconf 81' lang='grc' dir='ltr'>στράτορος</span> <span class='ocrx_word' id='word_1_355' title='bbox 2461 2134 2780 2208; x_wconf 80' lang='grc' dir='ltr'>αὐτανέψιος</span> <span class='ocrx_word' id='word_1_356' title='bbox 2833 2133 3213 2209; x_wconf 85' lang='grc' dir='ltr'>ΙΙαλαιολόγος</span> <span class='ocrx_word' id='word_1_357' title='bbox 3262 2133 3540 2202; x_wconf 80' lang='grc' dir='ltr'>Ἰωάννης·</span> <span class='ocrx_word' id='word_1_358' title='bbox 3594 2128 3646 2184; x_wconf 57' lang='grc' dir='ltr'>οῗ</span> <span class='ocrx_word' id='word_1_359' title='bbox 3703 2128 3770 2197; x_wconf 67' lang='grc' dir='ltr'>δὴ</span> 
     </span>
    </p>
   </div>
   <div class='ocr_carea' id='block_1_51' title="bbox 2112 2217 3771 2297">
    <p class='ocr_par' dir='ltr' id='par_1_51' title="bbox 2112 2217 3771 2297">
     <span class='ocr_line' id='line_1_51' title="bbox 2112 2217 3771 2297; baseline -0.001 -23"><span class='ocrx_word' id='word_1_360' title='bbox 2112 2221 2202 2274; x_wconf 79' lang='grc' dir='ltr'>καὶ</span> <span class='ocrx_word' id='word_1_361' title='bbox 2255 2219 2495 2297; x_wconf 85' lang='grc' dir='ltr'>τέτραχα</span> <span class='ocrx_word' id='word_1_362' title='bbox 2524 2223 2916 2296; x_wconf 84' lang='grc' dir='ltr'>κοσμηθέντες,</span> <span class='ocrx_word' id='word_1_363' title='bbox 2950 2223 3095 2278; x_wconf 55' lang='grc' dir='ltr'>εἴποι</span> <span class='ocrx_word' id='word_1_364' title='bbox 3124 2244 3205 2284; x_wconf 88' lang='grc' dir='ltr'>τις</span> <span class='ocrx_word' id='word_1_365' title='bbox 3235 2221 3498 2292; x_wconf 75' lang='grc' dir='ltr'>ποιητὴς,</span> <span class='ocrx_word' id='word_1_366' title='bbox 3533 2217 3771 2295; x_wconf 83' lang='grc' dir='ltr'>βαρείαις</span> 
     </span>
    </p>
   </div>
   <div class='ocr_carea' id='block_1_52' title="bbox 2115 2303 3774 2389">
    <p class='ocr_par' dir='ltr' id='par_1_52' title="bbox 2115 2303 3774 2389">
     <span class='ocr_line' id='line_1_52' title="bbox 2115 2303 3774 2389; baseline -0.001 -26"><span class='ocrx_word' id='word_1_367' title='bbox 2115 2308 2339 2364; x_wconf 80' lang='grc' dir='ltr'>ἁλύσεσι</span> <span class='ocrx_word' id='word_1_368' title='bbox 2400 2311 2650 2385; x_wconf 70' lang='grc' dir='ltr'>φυλακῆς</span> <span class='ocrx_word' id='word_1_369' title='bbox 2706 2314 3048 2389; x_wconf 86' lang='grc' dir='ltr'>τετραγώνου</span> <span class='ocrx_word' id='word_1_370' title='bbox 3109 2310 3306 2388; x_wconf 87' lang='grc' dir='ltr'>γωνίαν</span> <span class='ocrx_word' id='word_1_371' title='bbox 3369 2309 3584 2384; x_wconf 80' lang='grc' dir='ltr'>ἐπεῖχεν</span> <span class='ocrx_word' id='word_1_372' title='bbox 3641 2303 3774 2362; x_wconf 65' lang='grc' dir='ltr'>ἕκα-</span> 
     </span>
    </p>
   </div>
   <div class='ocr_carea' id='block_1_53' title="bbox 2116 2394 3772 2478">
    <p class='ocr_par' dir='ltr' id='par_1_53' title="bbox 2116 2394 3772 2478">
     <span class='ocr_line' id='line_1_53' title="bbox 2116 2394 3772 2478; baseline -0.001 -26"><span class='ocrx_word' id='word_1_373' title='bbox 2116 2419 2260 2463; x_wconf 90' lang='grc' dir='ltr'>στος.</span> <span class='ocrx_word' id='word_1_374' title='bbox 2318 2401 2458 2457; x_wconf 78' lang='grc' dir='ltr'>Τότε</span> <span class='ocrx_word' id='word_1_375' title='bbox 2513 2403 2603 2456; x_wconf 84' lang='grc' dir='ltr'>καὶ</span> <span class='ocrx_word' id='word_1_376' title='bbox 2663 2403 3014 2478; x_wconf 74' lang='grc' dir='ltr'>ὁπιγκέρνῃς</span> <span class='ocrx_word' id='word_1_377' title='bbox 3046 2399 3246 2460; x_wconf 78' lang='grc' dir='ltr'>Ῥαοὺλ</span> <span class='ocrx_word' id='word_1_378' title='bbox 3279 2397 3410 2454; x_wconf 79' lang='grc' dir='ltr'>ἰδὼν</span> <span class='ocrx_word' id='word_1_379' title='bbox 3466 2399 3560 2454; x_wconf 90' lang='grc' dir='ltr'>τὸν</span> <span class='ocrx_word' id='word_1_380' title='bbox 3620 2394 3772 2474; x_wconf 65' lang='grc' dir='ltr'>Ἐφέο</span> 
     </span>
    </p>
   </div>
   <div class='ocr_carea' id='block_1_54' title="bbox 2118 2484 3775 2566">
    <p class='ocr_par' dir='ltr' id='par_1_54' title="bbox 2118 2484 3775 2566">
     <span class='ocr_line' id='line_1_54' title="bbox 2118 2484 3775 2566; baseline -0.001 -25"><span class='ocrx_word' id='word_1_381' title='bbox 2118 2507 2234 2560; x_wconf 84' lang='grc' dir='ltr'>σου,</span> <span class='ocrx_word' id='word_1_382' title='bbox 2283 2490 2372 2543; x_wconf 87' lang='grc' dir='ltr'>καὶ</span> <span class='ocrx_word' id='word_1_383' title='bbox 2432 2492 2548 2545; x_wconf 82' lang='grc' dir='ltr'>οἷον</span> <span class='ocrx_word' id='word_1_384' title='bbox 2609 2491 2992 2566; x_wconf 71' lang='grc' dir='ltr'>ὑπερπαθήσας</span> <span class='ocrx_word' id='word_1_385' title='bbox 3051 2491 3095 2545; x_wconf 82' lang='grc' dir='ltr'>εἰ</span> <span class='ocrx_word' id='word_1_386' title='bbox 3155 2489 3316 2552; x_wconf 80' lang='grc' dir='ltr'>αὐτὸς</span> <span class='ocrx_word' id='word_1_387' title='bbox 3371 2487 3546 2562; x_wconf 75' lang='grc' dir='ltr'>μὲνέν</span> <span class='ocrx_word' id='word_1_388' title='bbox 3601 2484 3775 2541; x_wconf 83' lang='grc' dir='ltr'>ἀνέσει</span> 
     </span>
    </p>
   </div>
   <div class='ocr_carea' id='block_1_55' title="bbox 2115 2704 3770 2764">
    <p class='ocr_par' dir='ltr' id='par_1_55' title="bbox 2115 2704 3770 2764">
     <span class='ocr_line' id='line_1_55' title="bbox 2115 2704 3770 2764; baseline 0 -4"><span class='ocrx_word' id='word_1_389' title='bbox 2115 2704 2310 2761; x_wconf 84' lang='lat' dir='ltr'>favore</span> <span class='ocrx_word' id='word_1_390' title='bbox 2358 2705 2419 2761; x_wconf 91' lang='lat' dir='ltr'>in</span> <span class='ocrx_word' id='word_1_391' title='bbox 2469 2724 2561 2763; x_wconf 93' lang='lat' dir='ltr'>res</span> <span class='ocrx_word' id='word_1_392' title='bbox 2606 2712 2839 2764; x_wconf 89' lang='lat' dir='ltr'>nostras</span> <span class='ocrx_word' id='word_1_393' title='bbox 2897 2707 3236 2764; x_wconf 90' lang='lat' dir='ltr'>instinctus.</span> <span class='ocrx_word' id='word_1_394' title='bbox 3294 2707 3430 2762; x_wconf 67' lang='lat' dir='ltr'>Meae</span> <span class='ocrx_word' id='word_1_395' title='bbox 3462 2709 3534 2760; x_wconf 93' lang='lat' dir='ltr'>de</span> <span class='ocrx_word' id='word_1_396' title='bbox 3565 2708 3770 2760; x_wconf 64' lang='lat' dir='ltr'>caetero</span> 
     </span>
    </p>
   </div>
   <div class='ocr_carea' id='block_1_56' title="bbox 2114 2795 3771 2871">
    <p class='ocr_par' dir='ltr' id='par_1_56' title="bbox 2114 2795 3771 2871">
     <span class='ocr_line' id='line_1_56' title="bbox 2114 2795 3771 2871; baseline -0.001 -21"><span class='ocrx_word' id='word_1_397' title='bbox 2114 2810 2266 2850; x_wconf 71' lang='lat' dir='ltr'>curae</span> <span class='ocrx_word' id='word_1_398' title='bbox 2299 2797 2475 2852; x_wconf 90' lang='lat' dir='ltr'>fuerit</span> <span class='ocrx_word' id='word_1_399' title='bbox 2514 2798 2594 2853; x_wconf 88' lang='lat' dir='ltr'>ita</span> <span class='ocrx_word' id='word_1_400' title='bbox 2638 2798 2756 2854; x_wconf 90' lang='lat' dir='ltr'>illis</span> <span class='ocrx_word' id='word_1_401' title='bbox 2811 2799 3219 2871; x_wconf 90' lang='lat' dir='ltr'>respondendo</span> <span class='ocrx_word' id='word_1_402' title='bbox 3253 2795 3612 2860; x_wconf 81' lang='lat' dir='ltr'>satisfacere,</span> <span class='ocrx_word' id='word_1_403' title='bbox 3647 2800 3771 2850; x_wconf 91' lang='lat' dir='ltr'>uta</span> 
     </span>
    </p>
   </div>
   <div class='ocr_carea' id='block_1_57' title="bbox 2113 2884 3769 2958">
    <p class='ocr_par' dir='ltr' id='par_1_57' title="bbox 2113 2884 3769 2958">
     <span class='ocr_line' id='line_1_57' title="bbox 2113 2884 3769 2958; baseline 0 -19"><span class='ocrx_word' id='word_1_404' title='bbox 2113 2884 2227 2940; x_wconf 84' lang='lat' dir='ltr'>ﬁxa</span> <span class='ocrx_word' id='word_1_405' title='bbox 2276 2886 2334 2941; x_wconf 92' lang='lat' dir='ltr'>in</span> <span class='ocrx_word' id='word_1_406' title='bbox 2387 2890 2607 2943; x_wconf 88' lang='lat' dir='ltr'>statuto</span> <span class='ocrx_word' id='word_1_407' title='bbox 2658 2888 2784 2958; x_wconf 88' lang='lat' dir='ltr'>jam</span> <span class='ocrx_word' id='word_1_408' title='bbox 2839 2887 3088 2945; x_wconf 90' lang='lat' dir='ltr'>consilio</span> <span class='ocrx_word' id='word_1_409' title='bbox 3128 2888 3282 2945; x_wconf 80' lang='lat'>459</span> <span class='ocrx_word' id='word_1_410' title='bbox 3315 2885 3648 2942; x_wconf 84' lang='lat' dir='ltr'>constantia</span> <span class='ocrx_word' id='word_1_411' title='bbox 3697 2901 3769 2940; x_wconf 90' lang='lat' dir='ltr'>ne</span> 
     </span>
    </p>
   </div>
   <div class='ocr_carea' id='block_1_58' title="bbox 2113 2975 3768 3050">
    <p class='ocr_par' dir='ltr' id='par_1_58' title="bbox 2113 2975 3768 3050">
     <span class='ocr_line' id='line_1_58' title="bbox 2113 2975 3768 3050; baseline 0.001 -22"><span class='ocrx_word' id='word_1_412' title='bbox 2113 2975 2428 3032; x_wconf 88' lang='lat' dir='ltr'>minimum</span> <span class='ocrx_word' id='word_1_413' title='bbox 2461 2977 2698 3050; x_wconf 87' lang='lat' dir='ltr'>quidem</span> <span class='ocrx_word' id='word_1_414' title='bbox 2733 2978 3138 3035; x_wconf 79' lang='lat' dir='ltr'>deﬂectemus.</span> <span class='ocrx_word' id='word_1_415' title='bbox 3166 2998 3192 3030; x_wconf 70' lang='grc' dir='ltr'><strong><em>ι</em></strong></span> <span class='ocrx_word' id='word_1_416' title='bbox 3229 2977 3397 3033; x_wconf 81' lang='lat' dir='ltr'>’l&#39;alia</span> <span class='ocrx_word' id='word_1_417' title='bbox 3427 2978 3621 3032; x_wconf 89' lang='lat' dir='ltr'>locuto</span> <span class='ocrx_word' id='word_1_418' title='bbox 3654 2975 3768 3029; x_wconf 89' lang='lat' dir='ltr'>im-</span> 
     </span>
    </p>
   </div>
   <div class='ocr_carea' id='block_1_59' title="bbox 2113 3067 3770 3139">
    <p class='ocr_par' dir='ltr' id='par_1_59' title="bbox 2113 3067 3770 3139">
     <span class='ocr_line' id='line_1_59' title="bbox 2113 3067 3770 3139; baseline 0.001 -21"><span class='ocrx_word' id='word_1_419' title='bbox 2113 3069 2402 3134; x_wconf 91' lang='lat' dir='ltr'>peratore,</span> <span class='ocrx_word' id='word_1_420' title='bbox 2437 3067 2766 3138; x_wconf 88' lang='lat' dir='ltr'>patriarcha</span> <span class='ocrx_word' id='word_1_421' title='bbox 2823 3067 3061 3139; x_wconf 89' lang='lat' dir='ltr'>quidem</span> <span class='ocrx_word' id='word_1_422' title='bbox 3095 3068 3155 3122; x_wconf 89' lang='lat' dir='ltr'>in</span> <span class='ocrx_word' id='word_1_423' title='bbox 3183 3067 3608 3139; x_wconf 88' lang='lat' dir='ltr'>Manganorum</span> <span class='ocrx_word' id='word_1_424' title='bbox 3641 3081 3770 3120; x_wconf 88' lang='lat' dir='ltr'>mo-</span> 
     </span>
    </p>
   </div>
   <div class='ocr_carea' id='block_1_60' title="bbox 2112 3153 3770 3229">
    <p class='ocr_par' dir='ltr' id='par_1_60' title="bbox 2112 3153 3770 3229">
     <span class='ocr_line' id='line_1_60' title="bbox 2112 3153 3770 3229; baseline 0.002 -22"><span class='ocrx_word' id='word_1_425' title='bbox 2112 3155 2437 3210; x_wconf 90' lang='lat' dir='ltr'>nasterium</span> <span class='ocrx_word' id='word_1_426' title='bbox 2497 3173 2559 3212; x_wconf 89' lang='lat' dir='ltr'>sc</span> <span class='ocrx_word' id='word_1_427' title='bbox 2616 3155 2886 3227; x_wconf 86' lang='lat' dir='ltr'>contulit,</span> <span class='ocrx_word' id='word_1_428' title='bbox 2921 3161 2979 3213; x_wconf 90' lang='lat' dir='ltr'>et</span> <span class='ocrx_word' id='word_1_429' title='bbox 3021 3158 3104 3211; x_wconf 90' lang='lat' dir='ltr'>ita</span> <span class='ocrx_word' id='word_1_430' title='bbox 3151 3173 3213 3212; x_wconf 90' lang='lat' dir='ltr'>se</span> <span class='ocrx_word' id='word_1_431' title='bbox 3262 3155 3446 3229; x_wconf 85' lang='lat' dir='ltr'>gessit</span> <span class='ocrx_word' id='word_1_432' title='bbox 3493 3160 3558 3210; x_wconf 92' lang='lat' dir='ltr'>ut</span> <span class='ocrx_word' id='word_1_433' title='bbox 3607 3153 3770 3210; x_wconf 90' lang='lat' dir='ltr'>nulla</span> 
     </span>
    </p>
   </div>
   <div class='ocr_carea' id='block_1_61' title="bbox 2111 3245 3766 3317">
    <p class='ocr_par' dir='ltr' id='par_1_61' title="bbox 2111 3245 3766 3317">
     <span class='ocr_line' id='line_1_61' title="bbox 2111 3245 3766 3317; baseline 0 -19"><span class='ocrx_word' id='word_1_434' title='bbox 2111 3257 2310 3298; x_wconf 91' lang='lat' dir='ltr'>eorum</span> <span class='ocrx_word' id='word_1_435' title='bbox 2347 3261 2477 3317; x_wconf 66' lang='lat' dir='ltr'>quae</span> <span class='ocrx_word' id='word_1_436' title='bbox 2509 3245 2566 3300; x_wconf 91' lang='lat' dir='ltr'>in</span> <span class='ocrx_word' id='word_1_437' title='bbox 2600 3262 2734 3302; x_wconf 90' lang='lat' dir='ltr'>eum</span> <span class='ocrx_word' id='word_1_438' title='bbox 2785 3250 2917 3302; x_wconf 89' lang='lat' dir='ltr'>acta</span> <span class='ocrx_word' id='word_1_439' title='bbox 2965 3247 3198 3301; x_wconf 86' lang='lat' dir='ltr'>fuerant</span> <span class='ocrx_word' id='word_1_440' title='bbox 3245 3245 3452 3302; x_wconf 88' lang='lat' dir='ltr'>notitia</span> <span class='ocrx_word' id='word_1_441' title='bbox 3495 3261 3595 3316; x_wconf 88' lang='lat' dir='ltr'>per</span> <span class='ocrx_word' id='word_1_442' title='bbox 3632 3259 3766 3299; x_wconf 89' lang='lat' dir='ltr'>eum</span> 
     </span>
    </p>
   </div>
   <div class='ocr_carea' id='block_1_62' title="bbox 340 3331 3767 3412">
    <p class='ocr_par' dir='ltr' id='par_1_62' title="bbox 340 3331 3767 3412">
     <span class='ocr_line' id='line_1_62' title="bbox 340 3331 3767 3412; baseline -0 -23"><span class='ocrx_word' id='word_1_443' title='bbox 340 3337 574 3389; x_wconf 87' lang='lat' dir='ltr'>constet</span> <span class='ocrx_word' id='word_1_444' title='bbox 629 3333 781 3388; x_wconf 92' lang='lat' dir='ltr'>serio</span> <span class='ocrx_word' id='word_1_445' title='bbox 831 3350 899 3389; x_wconf 89' lang='lat' dir='ltr'>ac</span> <span class='ocrx_word' id='word_1_446' title='bbox 946 3349 1078 3388; x_wconf 88' lang='lat' dir='ltr'>vere</span> <span class='ocrx_word' id='word_1_447' title='bbox 1130 3349 1252 3389; x_wconf 88' lang='lat' dir='ltr'>rem</span> <span class='ocrx_word' id='word_1_448' title='bbox 1315 3337 1631 3404; x_wconf 88' lang='lat' dir='ltr'>peractam,</span> <span class='ocrx_word' id='word_1_449' title='bbox 1666 3331 1822 3387; x_wconf 91' lang='lat' dir='ltr'>unde</span> <span class='ocrx_word' id='word_1_450' title='bbox 1854 3331 1995 3398; x_wconf 63' lang='lat' dir='ltr'>hac,</span> <span class='ocrx_word' id='word_1_451' title='bbox 2030 3345 2072 3412; x_wconf 72' lang='grc' dir='ltr'>ρ</span> <span class='ocrx_word' id='word_1_452' title='bbox 2111 3333 2183 3388; x_wconf 93' lang='lat' dir='ltr'>ad</span> <span class='ocrx_word' id='word_1_453' title='bbox 2220 3333 2445 3404; x_wconf 85' lang='lat' dir='ltr'>legatos</span> <span class='ocrx_word' id='word_1_454' title='bbox 2475 3339 2797 3390; x_wconf 89' lang='lat' dir='ltr'>emanaret.</span> <span class='ocrx_word' id='word_1_455' title='bbox 2822 3335 3203 3407; x_wconf 89' lang='lat' dir='ltr'>Congregatis</span> <span class='ocrx_word' id='word_1_456' title='bbox 3233 3331 3405 3406; x_wconf 85' lang='lat' dir='ltr'>porro</span> <span class='ocrx_word' id='word_1_457' title='bbox 3430 3334 3512 3389; x_wconf 91' lang='lat' dir='ltr'>ibi</span> <span class='ocrx_word' id='word_1_458' title='bbox 3535 3334 3606 3389; x_wconf 90' lang='lat' dir='ltr'>ad</span> <span class='ocrx_word' id='word_1_459' title='bbox 3629 3348 3767 3388; x_wconf 90' lang='lat' dir='ltr'>eum</span> 
     </span>
    </p>
   </div>
   <div class='ocr_carea' id='block_1_63' title="bbox 331 3421 2000 3496">
    <p class='ocr_par' dir='ltr' id='par_1_63' title="bbox 331 3421 2000 3496">
     <span class='ocr_line' id='line_1_63' title="bbox 331 3421 2000 3496; baseline -0.003 -17"><span class='ocrx_word' id='word_1_460' title='bbox 331 3439 512 3496; x_wconf 90' lang='lat' dir='ltr'>quam</span> <span class='ocrx_word' id='word_1_461' title='bbox 559 3422 820 3479; x_wconf 83' lang='lat' dir='ltr'>audituri</span> <span class='ocrx_word' id='word_1_462' title='bbox 857 3440 991 3479; x_wconf 87' lang='lat' dir='ltr'>mox</span> <span class='ocrx_word' id='word_1_463' title='bbox 1021 3439 1254 3488; x_wconf 85' lang='lat' dir='ltr'>sumus,</span> <span class='ocrx_word' id='word_1_464' title='bbox 1278 3421 1492 3494; x_wconf 84' lang='lat' dir='ltr'>legatio</span> <span class='ocrx_word' id='word_1_465' title='bbox 1526 3425 1660 3476; x_wconf 88' lang='lat' dir='ltr'>nata</span> <span class='ocrx_word' id='word_1_466' title='bbox 1684 3425 1796 3490; x_wconf 91' lang='lat' dir='ltr'>est,</span> <span class='ocrx_word' id='word_1_467' title='bbox 1829 3421 2000 3491; x_wconf 91' lang='lat' dir='ltr'>cujus</span> 
     </span>
    </p>
   </div>
   <div class='ocr_carea' id='block_1_64' title="bbox 337 3511 2005 3584">
    <p class='ocr_par' dir='ltr' id='par_1_64' title="bbox 337 3511 2005 3584">
     <span class='ocr_line' id='line_1_64' title="bbox 337 3511 2005 3584; baseline -0.002 -16"><span class='ocrx_word' id='word_1_468' title='bbox 337 3528 585 3584; x_wconf 91' lang='lat' dir='ltr'>scopum</span> <span class='ocrx_word' id='word_1_469' title='bbox 619 3512 983 3584; x_wconf 63' lang='lat' dir='ltr'>praecipuum</span> <span class='ocrx_word' id='word_1_470' title='bbox 1011 3527 1141 3568; x_wconf 88' lang='lat' dir='ltr'>esse</span> <span class='ocrx_word' id='word_1_471' title='bbox 1173 3513 1430 3584; x_wconf 89' lang='lat' dir='ltr'>comperi</span> <span class='ocrx_word' id='word_1_472' title='bbox 1466 3511 1575 3567; x_wconf 93' lang='lat' dir='ltr'>hoc</span> <span class='ocrx_word' id='word_1_473' title='bbox 1627 3511 1782 3582; x_wconf 91' lang='lat' dir='ltr'>quod</span> <span class='ocrx_word' id='word_1_474' title='bbox 1833 3511 2005 3564; x_wconf 89' lang='lat' dir='ltr'>modo</span> 
     </span>
    </p>
   </div>
   <div class='ocr_carea' id='block_1_65' title="bbox 337 3601 2005 3674">
    <p class='ocr_par' dir='ltr' id='par_1_65' title="bbox 337 3601 2005 3674">
     <span class='ocr_line' id='line_1_65' title="bbox 337 3601 2005 3674; baseline -0.004 -16"><span class='ocrx_word' id='word_1_475' title='bbox 337 3602 462 3658; x_wconf 87' lang='lat' dir='ltr'>dixi</span> <span class='ocrx_word' id='word_1_476' title='bbox 493 3620 528 3658; x_wconf 86' lang='lat' dir='ltr'>a</span> <span class='ocrx_word' id='word_1_477' title='bbox 558 3601 729 3658; x_wconf 91' lang='lat' dir='ltr'>nobis</span> <span class='ocrx_word' id='word_1_478' title='bbox 780 3602 1030 3674; x_wconf 83' lang='lat' dir='ltr'>exigere,</span> <span class='ocrx_word' id='word_1_479' title='bbox 1061 3601 1193 3656; x_wconf 91' lang='lat' dir='ltr'>volo</span> <span class='ocrx_word' id='word_1_480' title='bbox 1243 3601 1445 3672; x_wconf 84' lang='lat' dir='ltr'>paucis</span> <span class='ocrx_word' id='word_1_481' title='bbox 1494 3615 1902 3673; x_wconf 72' lang='lat' dir='ltr'>praeoccupare</span> <span class='ocrx_word' id='word_1_482' title='bbox 1941 3615 2005 3653; x_wconf 90' lang='lat' dir='ltr'>ac</span> 
     </span>
    </p>
   </div>
   <div class='ocr_carea' id='block_1_66' title="bbox 345 3687 2002 3766">
    <p class='ocr_par' dir='ltr' id='par_1_66' title="bbox 345 3687 2002 3766">
     <span class='ocr_line' id='line_1_66' title="bbox 345 3687 2002 3766; baseline -0.004 -18"><span class='ocrx_word' id='word_1_483' title='bbox 345 3692 703 3766; x_wconf 65' lang='lat' dir='ltr'>praemunire</span> <span class='ocrx_word' id='word_1_484' title='bbox 732 3709 856 3760; x_wconf 91' lang='lat' dir='ltr'>vos,</span> <span class='ocrx_word' id='word_1_485' title='bbox 880 3707 954 3746; x_wconf 91' lang='lat' dir='ltr'>ne</span> <span class='ocrx_word' id='word_1_486' title='bbox 984 3690 1085 3746; x_wconf 91' lang='lat' dir='ltr'>ubi</span> <span class='ocrx_word' id='word_1_487' title='bbox 1118 3707 1247 3761; x_wconf 72' lang='lat' dir='ltr'>quae</span> <span class='ocrx_word' id='word_1_488' title='bbox 1275 3690 1356 3744; x_wconf 91' lang='lat' dir='ltr'>illi</span> <span class='ocrx_word' id='word_1_489' title='bbox 1385 3689 1700 3760; x_wconf 88' lang='lat' dir='ltr'>loquentur</span> <span class='ocrx_word' id='word_1_490' title='bbox 1729 3687 2002 3754; x_wconf 89' lang='lat' dir='ltr'>audietis,</span> 
     </span>
    </p>
   </div>
   <div class='ocr_carea' id='block_1_67' title="bbox 342 3778 2004 3848">
    <p class='ocr_par' dir='ltr' id='par_1_67' title="bbox 342 3778 2004 3848">
     <span class='ocr_line' id='line_1_67' title="bbox 342 3778 2004 3848; baseline -0.004 -10"><span class='ocrx_word' id='word_1_491' title='bbox 342 3782 542 3838; x_wconf 89' lang='lat' dir='ltr'>subito</span> <span class='ocrx_word' id='word_1_492' title='bbox 573 3781 1032 3848; x_wconf 90' lang='lat' dir='ltr'>conturbemini,</span> <span class='ocrx_word' id='word_1_493' title='bbox 1067 3796 1207 3835; x_wconf 88' lang='lat' dir='ltr'>neve</span> <span class='ocrx_word' id='word_1_494' title='bbox 1255 3779 1314 3834; x_wconf 93' lang='lat' dir='ltr'>in</span> <span class='ocrx_word' id='word_1_495' title='bbox 1362 3787 1584 3834; x_wconf 84' lang='lat' dir='ltr'>vestros</span> <span class='ocrx_word' id='word_1_496' title='bbox 1626 3778 1856 3834; x_wconf 89' lang='lat' dir='ltr'>animos</span> <span class='ocrx_word' id='word_1_497' title='bbox 1899 3794 2004 3832; x_wconf 90' lang='lat' dir='ltr'>su-</span> 
     </span>
    </p>
   </div>
   <div class='ocr_carea' id='block_1_68' title="bbox 345 3868 2006 3944">
    <p class='ocr_par' dir='ltr' id='par_1_68' title="bbox 345 3868 2006 3944">
     <span class='ocr_line' id='line_1_68' title="bbox 345 3868 2006 3944; baseline -0.004 -15"><span class='ocrx_word' id='word_1_498' title='bbox 345 3871 599 3944; x_wconf 90' lang='lat' dir='ltr'>spicioni</span> <span class='ocrx_word' id='word_1_499' title='bbox 631 3873 703 3928; x_wconf 92' lang='lat' dir='ltr'>de</span> <span class='ocrx_word' id='word_1_500' title='bbox 727 3871 897 3927; x_wconf 92' lang='lat' dir='ltr'>nobis</span> <span class='ocrx_word' id='word_1_501' title='bbox 919 3871 1176 3926; x_wconf 66' lang='lat' dir='ltr'>sinistrae</span> <span class='ocrx_word' id='word_1_502' title='bbox 1205 3869 1308 3925; x_wconf 92' lang='lat' dir='ltr'>ulli</span> <span class='ocrx_word' id='word_1_503' title='bbox 1341 3873 1536 3942; x_wconf 88' lang='lat' dir='ltr'>pateat</span> <span class='ocrx_word' id='word_1_504' title='bbox 1557 3869 1778 3934; x_wconf 88' lang='lat' dir='ltr'>aditus,</span> <span class='ocrx_word' id='word_1_505' title='bbox 1801 3868 2006 3939; x_wconf 88' lang='lat' dir='ltr'>utique</span> 
     </span>
    </p>
   </div>
   <div class='ocr_carea' id='block_1_69' title="bbox 341 3959 2002 4036">
    <p class='ocr_par' dir='ltr' id='par_1_69' title="bbox 341 3959 2002 4036">
     <span class='ocr_line' id='line_1_69' title="bbox 341 3959 2002 4036; baseline -0.004 -18"><span class='ocrx_word' id='word_1_506' title='bbox 341 3968 659 4036; x_wconf 85' lang='lat' dir='ltr'>postquam</span> <span class='ocrx_word' id='word_1_507' title='bbox 695 3961 850 4017; x_wconf 90' lang='lat' dir='ltr'>clare</span> <span class='ocrx_word' id='word_1_508' title='bbox 881 3960 1295 4032; x_wconf 85' lang='lat' dir='ltr'>perspexeritis</span> <span class='ocrx_word' id='word_1_509' title='bbox 1324 3977 1500 4032; x_wconf 89' lang='lat' dir='ltr'>quam</span> <span class='ocrx_word' id='word_1_510' title='bbox 1534 3959 1764 4015; x_wconf 89' lang='lat' dir='ltr'>sincera</span> <span class='ocrx_word' id='word_1_511' title='bbox 1793 3974 2002 4029; x_wconf 84' lang='lat' dir='ltr'>quam-</span> 
     </span>
    </p>
   </div>
   <div class='ocr_carea' id='block_1_70' title="bbox 345 4047 2002 4124">
    <p class='ocr_par' dir='ltr' id='par_1_70' title="bbox 345 4047 2002 4124">
     <span class='ocr_line' id='line_1_70' title="bbox 345 4047 2002 4124; baseline -0.002 -18"><span class='ocrx_word' id='word_1_512' title='bbox 345 4068 462 4124; x_wconf 91' lang='lat' dir='ltr'>que</span> <span class='ocrx_word' id='word_1_513' title='bbox 507 4051 801 4108; x_wconf 88' lang='lat' dir='ltr'>constanti</span> <span class='ocrx_word' id='word_1_514' title='bbox 843 4050 1068 4107; x_wconf 87' lang='lat' dir='ltr'>ratione</span> <span class='ocrx_word' id='word_1_515' title='bbox 1098 4049 1156 4105; x_wconf 90' lang='lat' dir='ltr'>in</span> <span class='ocrx_word' id='word_1_516' title='bbox 1188 4053 1310 4105; x_wconf 91' lang='lat' dir='ltr'>tota</span> <span class='ocrx_word' id='word_1_517' title='bbox 1358 4050 1538 4120; x_wconf 91' lang='lat' dir='ltr'>hujus</span> <span class='ocrx_word' id='word_1_518' title='bbox 1587 4065 1721 4104; x_wconf 89' lang='lat' dir='ltr'>cum</span> <span class='ocrx_word' id='word_1_519' title='bbox 1777 4047 2002 4104; x_wconf 88' lang='lat' dir='ltr'>Latinis</span> 
     </span>
    </p>
   </div>
   <div class='ocr_carea' id='block_1_71' title="bbox 341 4137 2005 4213">
    <p class='ocr_par' dir='ltr' id='par_1_71' title="bbox 341 4137 2005 4213">
     <span class='ocr_line' id='line_1_71' title="bbox 341 4137 2005 4213; baseline -0.002 -18"><span class='ocrx_word' id='word_1_520' title='bbox 341 4141 771 4213; x_wconf 86' lang='lat' dir='ltr'>gubernatione</span> <span class='ocrx_word' id='word_1_521' title='bbox 820 4139 1038 4212; x_wconf 88' lang='lat' dir='ltr'>negotii</span> <span class='ocrx_word' id='word_1_522' title='bbox 1075 4154 1400 4195; x_wconf 89' lang='lat' dir='ltr'>versemur.</span> <span class='ocrx_word' id='word_1_523' title='bbox 1434 4139 1550 4208; x_wconf 82' lang='lat' dir='ltr'>Ego</span> <span class='ocrx_word' id='word_1_524' title='bbox 1593 4137 1750 4194; x_wconf 91' lang='lat' dir='ltr'>enim</span> <span class='ocrx_word' id='word_1_525' title='bbox 1803 4141 2005 4194; x_wconf 77' lang='lat' dir='ltr'>sancte</span> 
     </span>
    </p>
   </div>
   <div class='ocr_carea' id='block_1_72' title="bbox 341 4227 2003 4303">
    <p class='ocr_par' dir='ltr' id='par_1_72' title="bbox 341 4227 2003 4303">
     <span class='ocr_line' id='line_1_72' title="bbox 341 4227 2003 4303; baseline -0.002 -17"><span class='ocrx_word' id='word_1_526' title='bbox 341 4229 644 4303; x_wconf 88' lang='lat' dir='ltr'>polliceor,</span> <span class='ocrx_word' id='word_1_527' title='bbox 675 4233 733 4286; x_wconf 93' lang='lat' dir='ltr'>et</span> <span class='ocrx_word' id='word_1_528' title='bbox 765 4233 829 4284; x_wconf 92' lang='lat' dir='ltr'>ut</span> <span class='ocrx_word' id='word_1_529' title='bbox 859 4229 1162 4285; x_wconf 88' lang='lat' dir='ltr'>conscium</span> <span class='ocrx_word' id='word_1_530' title='bbox 1209 4229 1396 4285; x_wconf 89' lang='lat' dir='ltr'>habeo</span> <span class='ocrx_word' id='word_1_531' title='bbox 1449 4233 1653 4293; x_wconf 91' lang='lat' dir='ltr'>Deum,</span> <span class='ocrx_word' id='word_1_532' title='bbox 1681 4227 1764 4284; x_wconf 88' lang='lat' dir='ltr'>ita</span> <span class='ocrx_word' id='word_1_533' title='bbox 1792 4231 2003 4284; x_wconf 88' lang='lat' dir='ltr'>testem</span> 
     </span>
    </p>
   </div>
   <div class='ocr_carea' id='block_1_73' title="bbox 340 4317 2002 4390">
    <p class='ocr_par' dir='ltr' id='par_1_73' title="bbox 340 4317 2002 4390">
     <span class='ocr_line' id='line_1_73' title="bbox 340 4317 2002 4390; baseline -0.002 -15"><span class='ocrx_word' id='word_1_534' title='bbox 340 4320 549 4376; x_wconf 89' lang='lat' dir='ltr'>invoco</span> <span class='ocrx_word' id='word_1_535' title='bbox 583 4319 855 4376; x_wconf 90' lang='lat' dir='ltr'>eumdem</span> <span class='ocrx_word' id='word_1_536' title='bbox 887 4318 1286 4376; x_wconf 88' lang='lat' dir='ltr'>irrevocabilis</span> <span class='ocrx_word' id='word_1_537' title='bbox 1339 4318 1625 4390; x_wconf 90' lang='lat' dir='ltr'>propositi</span> <span class='ocrx_word' id='word_1_538' title='bbox 1657 4333 1672 4374; x_wconf 89' lang='lat'><strong>:</strong></span> <span class='ocrx_word' id='word_1_539' title='bbox 1707 4317 2002 4390; x_wconf 86' lang='lat' dir='ltr'>proﬁteor,</span> 
     </span>
    </p>
   </div>
   <div class='ocr_carea' id='block_1_74' title="bbox 340 4407 2002 4481">
    <p class='ocr_par' dir='ltr' id='par_1_74' title="bbox 340 4407 2002 4481">
     <span class='ocr_line' id='line_1_74' title="bbox 340 4407 2002 4481; baseline -0.002 -16"><span class='ocrx_word' id='word_1_540' title='bbox 340 4411 611 4481; x_wconf 88' lang='lat' dir='ltr'>inquam,</span> <span class='ocrx_word' id='word_1_541' title='bbox 629 4413 686 4463; x_wconf 90' lang='lat' dir='ltr'>et</span> <span class='ocrx_word' id='word_1_542' title='bbox 705 4408 1011 4464; x_wconf 85' lang='lat' dir='ltr'>verissime</span> <span class='ocrx_word' id='word_1_543' title='bbox 1041 4408 1320 4480; x_wconf 90' lang='lat' dir='ltr'>promitto</span> <span class='ocrx_word' id='word_1_544' title='bbox 1339 4407 1587 4481; x_wconf 87' lang='lat' dir='ltr'>rigorem</span> <span class='ocrx_word' id='word_1_545' title='bbox 1623 4407 2002 4463; x_wconf 76' lang='lat' dir='ltr'>inﬂexibilem</span> 
     </span>
    </p>
   </div>
   <div class='ocr_carea' id='block_1_75' title="bbox 337 4496 2001 4570">
    <p class='ocr_par' dir='ltr' id='par_1_75' title="bbox 337 4496 2001 4570">
     <span class='ocr_line' id='line_1_75' title="bbox 337 4496 2001 4570; baseline -0.002 -15"><span class='ocrx_word' id='word_1_546' title='bbox 337 4514 534 4570; x_wconf 86' lang='lat' dir='ltr'>usque</span> <span class='ocrx_word' id='word_1_547' title='bbox 560 4499 631 4554; x_wconf 90' lang='lat' dir='ltr'>ad</span> <span class='ocrx_word' id='word_1_548' title='bbox 664 4497 1061 4554; x_wconf 90' lang='lat' dir='ltr'>exclusionem</span> <span class='ocrx_word' id='word_1_549' title='bbox 1111 4497 1203 4552; x_wconf 86' lang='lat' dir='ltr'>vel</span> <span class='ocrx_word' id='word_1_550' title='bbox 1255 4499 1384 4554; x_wconf 75' lang='lat' dir='ltr'>ictas</span> <span class='ocrx_word' id='word_1_551' title='bbox 1425 4498 1514 4554; x_wconf 88' lang='lat' dir='ltr'>vel</span> <span class='ocrx_word' id='word_1_552' title='bbox 1564 4497 1750 4569; x_wconf 88' lang='lat' dir='ltr'>apicis</span> <span class='ocrx_word' id='word_1_553' title='bbox 1801 4496 2001 4552; x_wconf 89' lang='lat' dir='ltr'>unius.</span> 
     </span>
    </p>
   </div>
   <div class='ocr_carea' id='block_1_76' title="bbox 340 4586 2003 4660">
    <p class='ocr_par' dir='ltr' id='par_1_76' title="bbox 340 4586 2003 4660">
     <span class='ocr_line' id='line_1_76' title="bbox 340 4586 2003 4660; baseline -0.003 -16"><span class='ocrx_word' id='word_1_554' title='bbox 340 4588 760 4660; x_wconf 82' lang='lat' dir='ltr'>Confirmoque</span> <span class='ocrx_word' id='word_1_555' title='bbox 789 4604 884 4644; x_wconf 91' lang='lat' dir='ltr'>me</span> <span class='ocrx_word' id='word_1_556' title='bbox 916 4586 1263 4657; x_wconf 86' lang='lat' dir='ltr'>neutiquam</span> <span class='ocrx_word' id='word_1_557' title='bbox 1325 4603 1639 4659; x_wconf 90' lang='lat' dir='ltr'>passurum</span> <span class='ocrx_word' id='word_1_558' title='bbox 1671 4587 1808 4642; x_wconf 90' lang='lat' dir='ltr'>addi</span> <span class='ocrx_word' id='word_1_559' title='bbox 1838 4588 2003 4658; x_wconf 85' lang='lat' dir='ltr'>Sym-</span> 
     </span>
    </p>
   </div>
   <div class='ocr_carea' id='block_1_77' title="bbox 342 4675 2078 4773">
    <p class='ocr_par' dir='ltr' id='par_1_77' title="bbox 342 4675 2078 4773">
     <span class='ocr_line' id='line_1_77' title="bbox 342 4675 2078 4773; baseline -0.002 -40"><span class='ocrx_word' id='word_1_560' title='bbox 342 4677 480 4734; x_wconf 87' lang='lat' dir='ltr'>bolo</span> <span class='ocrx_word' id='word_1_561' title='bbox 513 4681 751 4733; x_wconf 89' lang='lat' dir='ltr'>Patrum</span> <span class='ocrx_word' id='word_1_562' title='bbox 795 4677 884 4773; x_wconf 79' lang='lat' dir='ltr'>vel</span> <span class='ocrx_word' id='word_1_563' title='bbox 933 4675 1240 4733; x_wconf 87' lang='lat' dir='ltr'>minimam</span> <span class='ocrx_word' id='word_1_564' title='bbox 1289 4675 1595 4738; x_wconf 87' lang='lat' dir='ltr'>notulam;</span> <span class='ocrx_word' id='word_1_565' title='bbox 1643 4680 1701 4731; x_wconf 90' lang='lat' dir='ltr'>et</span> <span class='ocrx_word' id='word_1_566' title='bbox 1749 4676 1798 4730; x_wconf 90' lang='lat' dir='ltr'>si</span> <span class='ocrx_word' id='word_1_567' title='bbox 1850 4692 1999 4748; x_wconf 91' lang='lat' dir='ltr'>opus</span> <span class='ocrx_word' id='word_1_568' title='bbox 2034 4708 2078 4773; x_wconf 69' lang='grc' dir='ltr'><strong>Β</strong></span> 
     </span>
    </p>
   </div>
   <div class='ocr_carea' id='block_1_78' title="bbox 340 4764 1996 4836">
    <p class='ocr_par' dir='ltr' id='par_1_78' title="bbox 340 4764 1996 4836">
     <span class='ocr_line' id='line_1_78' title="bbox 340 4764 1996 4836; baseline -0.002 -13"><span class='ocrx_word' id='word_1_569' title='bbox 340 4767 444 4834; x_wconf 87' lang='lat' dir='ltr'>sit,</span> <span class='ocrx_word' id='word_1_570' title='bbox 469 4781 536 4822; x_wconf 91' lang='lat' dir='ltr'>ea</span> <span class='ocrx_word' id='word_1_571' title='bbox 567 4783 746 4823; x_wconf 90' lang='lat' dir='ltr'>causa</span> <span class='ocrx_word' id='word_1_572' title='bbox 777 4765 994 4821; x_wconf 89' lang='lat' dir='ltr'>bellum</span> <span class='ocrx_word' id='word_1_573' title='bbox 1027 4768 1465 4836; x_wconf 89' lang='lat' dir='ltr'>suscepturum,</span> <span class='ocrx_word' id='word_1_574' title='bbox 1489 4782 1603 4820; x_wconf 85' lang='lat' dir='ltr'>non</span> <span class='ocrx_word' id='word_1_575' title='bbox 1636 4764 1830 4821; x_wconf 89' lang='lat' dir='ltr'>solum</span> <span class='ocrx_word' id='word_1_576' title='bbox 1864 4781 1996 4820; x_wconf 90' lang='lat' dir='ltr'>cum</span> 
     </span>
    </p>
   </div>
   <div class='ocr_carea' id='block_1_79' title="bbox 339 4852 1999 4927">
    <p class='ocr_par' dir='ltr' id='par_1_79' title="bbox 339 4852 1999 4927">
     <span class='ocr_line' id='line_1_79' title="bbox 339 4852 1999 4927; baseline -0.002 -16"><span class='ocrx_word' id='word_1_577' title='bbox 339 4854 533 4924; x_wconf 89' lang='lat' dir='ltr'>Italis,</span> <span class='ocrx_word' id='word_1_578' title='bbox 551 4856 653 4912; x_wconf 92' lang='lat' dir='ltr'>sed</span> <span class='ocrx_word' id='word_1_579' title='bbox 669 4871 800 4910; x_wconf 93' lang='lat' dir='ltr'>cum</span> <span class='ocrx_word' id='word_1_580' title='bbox 818 4854 1026 4927; x_wconf 87' lang='lat' dir='ltr'>quavis</span> <span class='ocrx_word' id='word_1_581' title='bbox 1039 4852 1280 4909; x_wconf 90' lang='lat' dir='ltr'>omnino</span> <span class='ocrx_word' id='word_1_582' title='bbox 1293 4857 1465 4926; x_wconf 88' lang='lat' dir='ltr'>gente</span> <span class='ocrx_word' id='word_1_583' title='bbox 1485 4853 1555 4907; x_wconf 89' lang='lat' dir='ltr'>ad</span> <span class='ocrx_word' id='word_1_584' title='bbox 1572 4853 1628 4907; x_wconf 92' lang='lat' dir='ltr'>id</span> <span class='ocrx_word' id='word_1_585' title='bbox 1647 4869 1752 4908; x_wconf 92' lang='lat' dir='ltr'>nos</span> <span class='ocrx_word' id='word_1_586' title='bbox 1767 4853 1999 4924; x_wconf 84' lang='lat' dir='ltr'>adigere</span> 
     </span>
    </p>
   </div>
   <div class='ocr_carea' id='block_1_80' title="bbox 333 4941 1999 5014">
    <p class='ocr_par' dir='ltr' id='par_1_80' title="bbox 333 4941 1999 5014">
     <span class='ocr_line' id='line_1_80' title="bbox 333 4941 1999 5014; baseline -0.003 -14"><span class='ocrx_word' id='word_1_587' title='bbox 333 4944 590 5001; x_wconf 89' lang='lat' dir='ltr'>volente.</span> <span class='ocrx_word' id='word_1_588' title='bbox 642 4951 726 5001; x_wconf 92' lang='lat' dir='ltr'>De</span> <span class='ocrx_word' id='word_1_589' title='bbox 768 4944 880 5000; x_wconf 88' lang='lat' dir='ltr'>hoc</span> <span class='ocrx_word' id='word_1_590' title='bbox 938 4943 1080 5000; x_wconf 89' lang='lat' dir='ltr'>certi</span> <span class='ocrx_word' id='word_1_591' title='bbox 1133 4947 1343 5010; x_wconf 90' lang='lat' dir='ltr'>estote,</span> <span class='ocrx_word' id='word_1_592' title='bbox 1394 4943 1452 4998; x_wconf 89' lang='lat' dir='ltr'>in</span> <span class='ocrx_word' id='word_1_593' title='bbox 1501 4944 1657 5014; x_wconf 93' lang='lat' dir='ltr'>quod</span> <span class='ocrx_word' id='word_1_594' title='bbox 1711 4943 1783 4998; x_wconf 90' lang='lat' dir='ltr'>do</span> <span class='ocrx_word' id='word_1_595' title='bbox 1833 4941 1999 4997; x_wconf 90' lang='lat' dir='ltr'>vobis</span> 
     </span>
    </p>
   </div>
   <div class='ocr_carea' id='block_1_81' title="bbox 337 5032 2000 5106">
    <p class='ocr_par' dir='ltr' id='par_1_81' title="bbox 337 5032 2000 5106">
     <span class='ocr_line' id='line_1_81' title="bbox 337 5032 2000 5106; baseline -0.003 -16"><span class='ocrx_word' id='word_1_596' title='bbox 337 5034 521 5090; x_wconf 81' lang='lat' dir='ltr'>ﬁdem</span> <span class='ocrx_word' id='word_1_597' title='bbox 571 5034 1004 5106; x_wconf 89' lang='lat' dir='ltr'>plenissimam.</span> <span class='ocrx_word' id='word_1_598' title='bbox 1049 5034 1195 5090; x_wconf 89' lang='lat' dir='ltr'>Cum</span> <span class='ocrx_word' id='word_1_599' title='bbox 1245 5049 1312 5089; x_wconf 90' lang='lat' dir='ltr'>eo</span> <span class='ocrx_word' id='word_1_600' title='bbox 1358 5036 1556 5088; x_wconf 89' lang='lat' dir='ltr'>tamen</span> <span class='ocrx_word' id='word_1_601' title='bbox 1601 5032 1882 5103; x_wconf 88' lang='lat' dir='ltr'>deprecor</span> <span class='ocrx_word' id='word_1_602' title='bbox 1927 5047 2000 5085; x_wconf 91' lang='lat' dir='ltr'>ne</span> 
     </span>
    </p>
   </div>
   <div class='ocr_carea' id='block_1_82' title="bbox 338 5120 1999 5196">
    <p class='ocr_par' dir='ltr' id='par_1_82' title="bbox 338 5120 1999 5196">
     <span class='ocr_line' id='line_1_82' title="bbox 338 5120 1999 5196; baseline -0.002 -18"><span class='ocrx_word' id='word_1_603' title='bbox 338 5124 568 5196; x_wconf 88' lang='lat' dir='ltr'>placide</span> <span class='ocrx_word' id='word_1_604' title='bbox 600 5140 723 5180; x_wconf 91' lang='lat' dir='ltr'>rem</span> <span class='ocrx_word' id='word_1_605' title='bbox 757 5122 1173 5180; x_wconf 81' lang='lat' dir='ltr'>administrare</span> <span class='ocrx_word' id='word_1_606' title='bbox 1202 5139 1266 5178; x_wconf 86' lang='lat' dir='ltr'>ac</span> <span class='ocrx_word' id='word_1_607' title='bbox 1296 5123 1538 5194; x_wconf 80' lang='lat' dir='ltr'>pacifica</span> <span class='ocrx_word' id='word_1_608' title='bbox 1585 5122 1884 5176; x_wconf 89' lang='lat' dir='ltr'>dimittere</span> <span class='ocrx_word' id='word_1_609' title='bbox 1913 5120 1999 5175; x_wconf 85' lang='lat' dir='ltr'>le-</span> 
     </span>
    </p>
   </div>
   <div class='ocr_carea' id='block_1_83' title="bbox 334 5211 2002 5285">
    <p class='ocr_par' dir='ltr' id='par_1_83' title="bbox 334 5211 2002 5285">
     <span class='ocr_line' id='line_1_83' title="bbox 334 5211 2002 5285; baseline -0.002 -17"><span class='ocrx_word' id='word_1_610' title='bbox 334 5217 512 5285; x_wconf 86' lang='lat' dir='ltr'>gatos</span> <span class='ocrx_word' id='word_1_611' title='bbox 540 5212 630 5269; x_wconf 89' lang='lat' dir='ltr'>vel</span> <span class='ocrx_word' id='word_1_612' title='bbox 664 5213 810 5268; x_wconf 90' lang='lat' dir='ltr'>mihi</span> <span class='ocrx_word' id='word_1_613' title='bbox 845 5216 916 5268; x_wconf 88' lang='lat' dir='ltr'>ad</span> <span class='ocrx_word' id='word_1_614' title='bbox 949 5212 1466 5285; x_wconf 88' lang='lat' dir='ltr'>reprehensionem</span> <span class='ocrx_word' id='word_1_615' title='bbox 1519 5211 1864 5282; x_wconf 89' lang='lat' dir='ltr'>imputetur,</span> <span class='ocrx_word' id='word_1_616' title='bbox 1899 5219 2002 5266; x_wconf 91' lang='lat' dir='ltr'>aut</span> 
     </span>
    </p>
   </div>
   <div class='ocr_carea' id='block_1_84' title="bbox 330 5299 2000 5372">
    <p class='ocr_par' dir='ltr' id='par_1_84' title="bbox 330 5299 2000 5372">
     <span class='ocr_line' id='line_1_84' title="bbox 330 5299 2000 5372; baseline -0.003 -13"><span class='ocrx_word' id='word_1_617' title='bbox 330 5303 412 5359; x_wconf 82' lang='lat' dir='ltr'>ad</span> <span class='ocrx_word' id='word_1_618' title='bbox 445 5303 734 5359; x_wconf 88' lang='lat' dir='ltr'>damnum</span> <span class='ocrx_word' id='word_1_619' title='bbox 781 5302 968 5358; x_wconf 90' lang='lat' dir='ltr'>ullum</span> <span class='ocrx_word' id='word_1_620' title='bbox 999 5306 1263 5358; x_wconf 90' lang='lat' dir='ltr'>vestrum</span> <span class='ocrx_word' id='word_1_621' title='bbox 1308 5301 1662 5372; x_wconf 87' lang='lat' dir='ltr'>injuriamve</span> <span class='ocrx_word' id='word_1_622' title='bbox 1711 5299 2000 5371; x_wconf 89' lang='lat' dir='ltr'>pertinere</span> 
     </span>
    </p>
   </div>
   <div class='ocr_carea' id='block_1_85' title="bbox 332 5389 2000 5463">
    <p class='ocr_par' dir='ltr' id='par_1_85' title="bbox 332 5389 2000 5463">
     <span class='ocr_line' id='line_1_85' title="bbox 332 5389 2000 5463; baseline -0.003 -14"><span class='ocrx_word' id='word_1_623' title='bbox 332 5393 582 5449; x_wconf 90' lang='lat' dir='ltr'>omnino</span> <span class='ocrx_word' id='word_1_624' title='bbox 635 5397 966 5448; x_wconf 91' lang='lat' dir='ltr'>censeatur.</span> <span class='ocrx_word' id='word_1_625' title='bbox 1016 5391 1166 5448; x_wconf 92' lang='lat' dir='ltr'>Volo</span> <span class='ocrx_word' id='word_1_626' title='bbox 1223 5390 1408 5463; x_wconf 86' lang='lat' dir='ltr'>igitur</span> <span class='ocrx_word' id='word_1_627' title='bbox 1455 5395 1512 5446; x_wconf 88' lang='lat' dir='ltr'>et</span> <span class='ocrx_word' id='word_1_628' title='bbox 1568 5389 1844 5462; x_wconf 89' lang='lat' dir='ltr'>amplecti</span> <span class='ocrx_word' id='word_1_629' title='bbox 1901 5405 2000 5444; x_wconf 88' lang='lat' dir='ltr'>eos</span> 
     </span>
    </p>
   </div>
   <div class='ocr_carea' id='block_1_86' title="bbox 336 5478 1998 5552">
    <p class='ocr_par' dir='ltr' id='par_1_86' title="bbox 336 5478 1998 5552">
     <span class='ocr_line' id='line_1_86' title="bbox 336 5478 1998 5552; baseline -0.002 -14"><span class='ocrx_word' id='word_1_630' title='bbox 336 5481 530 5538; x_wconf 82' lang='lat' dir='ltr'>amice</span> <span class='ocrx_word' id='word_1_631' title='bbox 558 5486 617 5539; x_wconf 90' lang='lat' dir='ltr'>et</span> <span class='ocrx_word' id='word_1_632' title='bbox 645 5481 906 5538; x_wconf 87' lang='lat' dir='ltr'>salutare</span> <span class='ocrx_word' id='word_1_633' title='bbox 933 5481 1236 5545; x_wconf 88' lang='lat' dir='ltr'>benevole,</span> <span class='ocrx_word' id='word_1_634' title='bbox 1271 5495 1342 5536; x_wconf 92' lang='lat' dir='ltr'>ne</span> <span class='ocrx_word' id='word_1_635' title='bbox 1373 5479 1540 5549; x_wconf 80' lang='lat' dir='ltr'>forte,</span> <span class='ocrx_word' id='word_1_636' title='bbox 1575 5481 1730 5552; x_wconf 91' lang='lat' dir='ltr'>quod</span> <span class='ocrx_word' id='word_1_637' title='bbox 1763 5478 1998 5549; x_wconf 92' lang='lat' dir='ltr'>dicitur,</span> 
     </span>
    </p>
   </div>
   <div class='ocr_carea' id='block_1_87' title="bbox 334 5569 2000 5641">
    <p class='ocr_par' dir='ltr' id='par_1_87' title="bbox 334 5569 2000 5641">
     <span class='ocr_line' id='line_1_87' title="bbox 334 5569 2000 5641; baseline -0.001 -13"><span class='ocrx_word' id='word_1_638' title='bbox 334 5569 482 5628; x_wconf 81' lang='lat' dir='ltr'>feris</span> <span class='ocrx_word' id='word_1_639' title='bbox 536 5572 950 5641; x_wconf 83' lang='lat' dir='ltr'>intempestive</span> <span class='ocrx_word' id='word_1_640' title='bbox 1007 5570 1294 5627; x_wconf 89' lang='lat' dir='ltr'>terrendis</span> <span class='ocrx_word' id='word_1_641' title='bbox 1348 5569 1676 5626; x_wconf 89' lang='lat' dir='ltr'>venationis</span> <span class='ocrx_word' id='word_1_642' title='bbox 1743 5571 2000 5627; x_wconf 89' lang='lat' dir='ltr'>fructum</span> 
     </span>
    </p>
   </div>
   <div class='ocr_carea' id='block_1_88' title="bbox 339 5659 2003 5736">
    <p class='ocr_par' dir='ltr' id='par_1_88' title="bbox 339 5659 2003 5736">
     <span class='ocr_line' id='line_1_88' title="bbox 339 5659 2003 5736; baseline 0 -20"><span class='ocrx_word' id='word_1_643' title='bbox 339 5660 690 5736; x_wconf 86' lang='lat' dir='ltr'>perdamus.</span> <span class='ocrx_word' id='word_1_644' title='bbox 723 5663 859 5730; x_wconf 66' lang='lat' dir='ltr'>Qum</span> <span class='ocrx_word' id='word_1_645' title='bbox 891 5661 1082 5734; x_wconf 87' lang='lat' dir='ltr'>magis</span> <span class='ocrx_word' id='word_1_646' title='bbox 1113 5675 1272 5716; x_wconf 89' lang='lat' dir='ltr'>nunc</span> <span class='ocrx_word' id='word_1_647' title='bbox 1303 5659 1636 5717; x_wconf 89' lang='lat' dir='ltr'>necessaria</span> <span class='ocrx_word' id='word_1_648' title='bbox 1667 5663 1756 5716; x_wconf 88' lang='lat' dir='ltr'>est</span> <span class='ocrx_word' id='word_1_649' title='bbox 1784 5659 2003 5727; x_wconf 89' lang='lat' dir='ltr'>cautio,</span> 
     </span>
    </p>
   </div>
   <div class='ocr_carea' id='block_1_89' title="bbox 337 5749 2006 5827">
    <p class='ocr_par' dir='ltr' id='par_1_89' title="bbox 337 5749 2006 5827">
     <span class='ocr_line' id='line_1_89' title="bbox 337 5749 2006 5827; baseline -0.001 -18"><span class='ocrx_word' id='word_1_650' title='bbox 337 5767 485 5809; x_wconf 86' lang='lat' dir='ltr'>cum</span> <span class='ocrx_word' id='word_1_651' title='bbox 518 5769 670 5827; x_wconf 83' lang='lat' dir='ltr'>papa</span> <span class='ocrx_word' id='word_1_652' title='bbox 701 5768 888 5810; x_wconf 86' lang='lat' dir='ltr'>novus</span> <span class='ocrx_word' id='word_1_653' title='bbox 918 5749 1016 5820; x_wconf 83' lang='lat' dir='ltr'>sit,</span> <span class='ocrx_word' id='word_1_654' title='bbox 1051 5749 1216 5824; x_wconf 86' lang='lat' dir='ltr'>isque</span> <span class='ocrx_word' id='word_1_655' title='bbox 1249 5749 1407 5809; x_wconf 84' lang='lat' dir='ltr'>haud</span> <span class='ocrx_word' id='word_1_656' title='bbox 1434 5749 1563 5823; x_wconf 89' lang='lat' dir='ltr'>pari</span> <span class='ocrx_word' id='word_1_657' title='bbox 1593 5767 1661 5808; x_wconf 88' lang='lat' dir='ltr'>ac</span> <span class='ocrx_word' id='word_1_658' title='bbox 1689 5750 2006 5825; x_wconf 84' lang='lat' dir='ltr'>Gregorius</span> 
     </span>
    </p>
   </div>
   <div class='ocr_carea' id='block_1_90' title="bbox 2111 3421 3767 3495">
    <p class='ocr_par' dir='ltr' id='par_1_90' title="bbox 2111 3421 3767 3495">
     <span class='ocr_line' id='line_1_90' title="bbox 2111 3421 3767 3495; baseline -0.002 -17"><span class='ocrx_word' id='word_1_659' title='bbox 2111 3422 2401 3494; x_wconf 84' lang='lat' dir='ltr'>episc0pis</span> <span class='ocrx_word' id='word_1_660' title='bbox 2433 3441 2498 3479; x_wconf 90' lang='lat' dir='ltr'>ac</span> <span class='ocrx_word' id='word_1_661' title='bbox 2532 3423 2892 3495; x_wconf 87' lang='lat' dir='ltr'>primoribus</span> <span class='ocrx_word' id='word_1_662' title='bbox 2923 3425 3060 3481; x_wconf 90' lang='lat' dir='ltr'>cleri</span> <span class='ocrx_word' id='word_1_663' title='bbox 3094 3425 3409 3480; x_wconf 81' lang='lat' dir='ltr'>adfuerunt</span> <span class='ocrx_word' id='word_1_664' title='bbox 3460 3428 3517 3478; x_wconf 92' lang='lat' dir='ltr'>et</span> <span class='ocrx_word' id='word_1_665' title='bbox 3565 3421 3767 3494; x_wconf 89' lang='lat' dir='ltr'>legati,</span> 
     </span>
    </p>
   </div>
   <div class='ocr_carea' id='block_1_91' title="bbox 2111 3511 3770 3586">
    <p class='ocr_par' dir='ltr' id='par_1_91' title="bbox 2111 3511 3770 3586">
     <span class='ocr_line' id='line_1_91' title="bbox 2111 3511 3770 3586; baseline -0.001 -18"><span class='ocrx_word' id='word_1_666' title='bbox 2111 3518 2168 3568; x_wconf 87' lang='lat' dir='ltr'>et</span> <span class='ocrx_word' id='word_1_667' title='bbox 2196 3513 2464 3568; x_wconf 87' lang='lat' dir='ltr'>videlicet</span> <span class='ocrx_word' id='word_1_668' title='bbox 2507 3513 2702 3586; x_wconf 90' lang='lat' dir='ltr'>palam</span> <span class='ocrx_word' id='word_1_669' title='bbox 2735 3518 2791 3570; x_wconf 91' lang='lat' dir='ltr'>et</span> <span class='ocrx_word' id='word_1_670' title='bbox 2809 3514 3000 3569; x_wconf 84' lang='lat' dir='ltr'>libere</span> <span class='ocrx_word' id='word_1_671' title='bbox 3058 3513 3154 3568; x_wconf 86' lang='lat' dir='ltr'>illa</span> <span class='ocrx_word' id='word_1_672' title='bbox 3205 3513 3336 3586; x_wconf 87' lang='lat' dir='ltr'>ipsa</span> <span class='ocrx_word' id='word_1_673' title='bbox 3396 3511 3770 3584; x_wconf 89' lang='lat' dir='ltr'>protulerunt</span> 
     </span>
    </p>
   </div>
   <div class='ocr_carea' id='block_1_92' title="bbox 2111 3599 3763 3674">
    <p class='ocr_par' dir='ltr' id='par_1_92' title="bbox 2111 3599 3763 3674">
     <span class='ocr_line' id='line_1_92' title="bbox 2111 3599 3763 3674; baseline -0.001 -19"><span class='ocrx_word' id='word_1_674' title='bbox 2111 3616 2240 3670; x_wconf 67' lang='lat' dir='ltr'>quae</span> <span class='ocrx_word' id='word_1_675' title='bbox 2255 3599 2549 3671; x_wconf 89' lang='lat' dir='ltr'>postulatu</span> <span class='ocrx_word' id='word_1_676' title='bbox 2560 3619 2653 3657; x_wconf 89' lang='lat' dir='ltr'>ros</span> <span class='ocrx_word' id='word_1_677' title='bbox 2671 3602 2966 3674; x_wconf 88' lang='lat' dir='ltr'>ipsosjam</span> <span class='ocrx_word' id='word_1_678' title='bbox 2987 3601 3304 3671; x_wconf 86' lang='lat' dir='ltr'>imperator</span> <span class='ocrx_word' id='word_1_679' title='bbox 3318 3606 3763 3671; x_wconf 68' lang='lat' dir='ltr'>prtemouuerat.</span> 
     </span>
    </p>
   </div>
   <div class='ocr_carea' id='block_1_93' title="bbox 2112 3689 3764 3761">
    <p class='ocr_par' dir='ltr' id='par_1_93' title="bbox 2112 3689 3764 3761">
     <span class='ocr_line' id='line_1_93' title="bbox 2112 3689 3764 3761; baseline 0 -17"><span class='ocrx_word' id='word_1_680' title='bbox 2112 3690 2177 3744; x_wconf 91' lang='lat' dir='ltr'>In</span> <span class='ocrx_word' id='word_1_681' title='bbox 2202 3707 2318 3760; x_wconf 91' lang='lat' dir='ltr'>quo</span> <span class='ocrx_word' id='word_1_682' title='bbox 2341 3691 2469 3760; x_wconf 89' lang='lat' dir='ltr'>ejus</span> <span class='ocrx_word' id='word_1_683' title='bbox 2493 3691 2868 3761; x_wconf 63' lang='lat' dir='ltr'>providentiae</span> <span class='ocrx_word' id='word_1_684' title='bbox 2893 3692 3117 3746; x_wconf 91' lang='lat' dir='ltr'>fructus</span> <span class='ocrx_word' id='word_1_685' title='bbox 3142 3691 3191 3746; x_wconf 90' lang='lat' dir='ltr'>is</span> <span class='ocrx_word' id='word_1_686' title='bbox 3215 3689 3499 3758; x_wconf 80' lang='lat' dir='ltr'>constitit,</span> <span class='ocrx_word' id='word_1_687' title='bbox 3516 3694 3764 3744; x_wconf 70' lang='lat' dir='ltr'>uttantze</span> 
     </span>
    </p>
   </div>
   <div class='ocr_carea' id='block_1_94' title="bbox 2110 3777 3762 3851">
    <p class='ocr_par' dir='ltr' id='par_1_94' title="bbox 2110 3777 3762 3851">
     <span class='ocr_line' id='line_1_94' title="bbox 2110 3777 3762 3851; baseline -0.002 -17"><span class='ocrx_word' id='word_1_688' title='bbox 2110 3778 2451 3834; x_wconf 65' lang='lat' dir='ltr'>offensionis</span> <span class='ocrx_word' id='word_1_689' title='bbox 2474 3781 2645 3834; x_wconf 88' lang='lat' dir='ltr'>verba</span> <span class='ocrx_word' id='word_1_690' title='bbox 2674 3779 2900 3851; x_wconf 90' lang='lat' dir='ltr'>placide</span> <span class='ocrx_word' id='word_1_691' title='bbox 2925 3796 2990 3835; x_wconf 90' lang='lat' dir='ltr'>ac</span> <span class='ocrx_word' id='word_1_692' title='bbox 3012 3779 3140 3836; x_wconf 91' lang='lat' dir='ltr'>sine</span> <span class='ocrx_word' id='word_1_693' title='bbox 3158 3778 3416 3834; x_wconf 90' lang='lat' dir='ltr'>tumultu</span> <span class='ocrx_word' id='word_1_694' title='bbox 3448 3777 3762 3845; x_wconf 88' lang='lat' dir='ltr'>audierint,</span> 
     </span>
    </p>
   </div>
   <div class='ocr_carea' id='block_1_95' title="bbox 2109 3865 3762 3940">
    <p class='ocr_par' dir='ltr' id='par_1_95' title="bbox 2109 3865 3762 3940">
     <span class='ocr_line' id='line_1_95' title="bbox 2109 3865 3762 3940; baseline 0.001 -20"><span class='ocrx_word' id='word_1_695' title='bbox 2109 3865 2426 3922; x_wconf 86' lang='lat' dir='ltr'>irritabiles</span> <span class='ocrx_word' id='word_1_696' title='bbox 2484 3865 2702 3939; x_wconf 88' lang='lat' dir='ltr'>alioqui</span> <span class='ocrx_word' id='word_1_697' title='bbox 2763 3867 3055 3938; x_wconf 89' lang='lat' dir='ltr'>homines,</span> <span class='ocrx_word' id='word_1_698' title='bbox 3097 3885 3268 3940; x_wconf 89' lang='lat' dir='ltr'>quos,</span> <span class='ocrx_word' id='word_1_699' title='bbox 3311 3867 3427 3924; x_wconf 91' lang='lat' dir='ltr'>nisi</span> <span class='ocrx_word' id='word_1_700' title='bbox 3486 3867 3762 3940; x_wconf 90' lang='lat' dir='ltr'>prudenti</span> 
     </span>
    </p>
   </div>
   <div class='ocr_carea' id='block_1_96' title="bbox 2109 3956 3765 4029">
    <p class='ocr_par' dir='ltr' id='par_1_96' title="bbox 2109 3956 3765 4029">
     <span class='ocr_line' id='line_1_96' title="bbox 2109 3956 3765 4029; baseline 0.001 -18"><span class='ocrx_word' id='word_1_701' title='bbox 2109 3956 2365 4012; x_wconf 87' lang='lat' dir='ltr'>fuissent</span> <span class='ocrx_word' id='word_1_702' title='bbox 2412 3956 2818 4012; x_wconf 89' lang='lat' dir='ltr'>admonitione</span> <span class='ocrx_word' id='word_1_703' title='bbox 2865 3958 3196 4029; x_wconf 81' lang='lat' dir='ltr'>praeparati,</span> <span class='ocrx_word' id='word_1_704' title='bbox 3228 3965 3382 4013; x_wconf 89' lang='lat' dir='ltr'>cerlo</span> <span class='ocrx_word' id='word_1_705' title='bbox 3427 3957 3646 4013; x_wconf 90' lang='lat' dir='ltr'>certius</span> <span class='ocrx_word' id='word_1_706' title='bbox 3675 3961 3765 4013; x_wconf 90' lang='lat' dir='ltr'>est</span> 
     </span>
    </p>
   </div>
   <div class='ocr_carea' id='block_1_97' title="bbox 2111 4045 3760 4118">
    <p class='ocr_par' dir='ltr' id='par_1_97' title="bbox 2111 4045 3760 4118">
     <span class='ocr_line' id='line_1_97' title="bbox 2111 4045 3760 4118; baseline 0 -18"><span class='ocrx_word' id='word_1_707' title='bbox 2111 4046 2171 4102; x_wconf 91' lang='lat' dir='ltr'>in</span> <span class='ocrx_word' id='word_1_708' title='bbox 2205 4061 2336 4102; x_wconf 91' lang='lat' dir='ltr'>acre</span> <span class='ocrx_word' id='word_1_709' title='bbox 2359 4045 2623 4117; x_wconf 85' lang='lat' dir='ltr'>jurgium</span> <span class='ocrx_word' id='word_1_710' title='bbox 2652 4045 2841 4118; x_wconf 89' lang='lat' dir='ltr'>prima</span> <span class='ocrx_word' id='word_1_711' title='bbox 2869 4045 2971 4102; x_wconf 91' lang='lat' dir='ltr'>illa</span> <span class='ocrx_word' id='word_1_712' title='bbox 3001 4047 3302 4102; x_wconf 91' lang='lat' dir='ltr'>mentione</span> <span class='ocrx_word' id='word_1_713' title='bbox 3348 4050 3760 4118; x_wconf 90' lang='lat' dir='ltr'>prorupturos.</span> 
     </span>
    </p>
   </div>
   <div class='ocr_carea' id='block_1_98' title="bbox 2112 4204 3758 4278">
    <p class='ocr_par' dir='ltr' id='par_1_98' title="bbox 2112 4204 3758 4278">
     <span class='ocr_line' id='line_1_98' title="bbox 2112 4204 3758 4278; baseline 0 -15"><span class='ocrx_word' id='word_1_714' title='bbox 2112 4208 2198 4263; x_wconf 89' lang='grc'>16.</span> <span class='ocrx_word' id='word_1_715' title='bbox 2235 4208 2298 4264; x_wconf 86' lang='lat' dir='ltr'>Ut</span> <span class='ocrx_word' id='word_1_716' title='bbox 2351 4205 2565 4278; x_wconf 74' lang='lat' dir='ltr'>deducti</span> <span class='ocrx_word' id='word_1_717' title='bbox 2619 4207 2732 4262; x_wconf 77' lang='lat' dir='ltr'>sint</span> <span class='ocrx_word' id='word_1_718' title='bbox 2772 4204 2967 4278; x_wconf 59' lang='lat' dir='ltr'>legati</span> <span class='ocrx_word' id='word_1_719' title='bbox 2996 4205 3091 4278; x_wconf 9' lang='lat' dir='ltr'>,ad</span> <span class='ocrx_word' id='word_1_720' title='bbox 3144 4205 3428 4278; x_wconf 76' lang='lat' dir='ltr'>custodias</span> <span class='ocrx_word' id='word_1_721' title='bbox 3485 4206 3758 4278; x_wconf 78' lang='lat' dir='ltr'>publicas,</span> 
     </span>
    </p>
   </div>
   <div class='ocr_carea' id='block_1_99' title="bbox 2359 4277 3509 4349">
    <p class='ocr_par' dir='ltr' id='par_1_99' title="bbox 2359 4277 3509 4349">
     <span class='ocr_line' id='line_1_99' title="bbox 2359 4277 3509 4349; baseline -0.002 -16"><span class='ocrx_word' id='word_1_722' title='bbox 2359 4277 2539 4333; x_wconf 77' lang='lat' dir='ltr'>visuri</span> <span class='ocrx_word' id='word_1_723' title='bbox 2564 4294 2651 4334; x_wconf 79' lang='lat' dir='ltr'>eos</span> <span class='ocrx_word' id='word_1_724' title='bbox 2683 4277 2780 4349; x_wconf 78' lang='lat' dir='ltr'>qui</span> <span class='ocrx_word' id='word_1_725' title='bbox 2809 4277 2929 4332; x_wconf 74' lang='lat' dir='ltr'>illic</span> <span class='ocrx_word' id='word_1_726' title='bbox 2956 4277 3136 4336; x_wconf 78' lang='lat' dir='ltr'>clausi</span> <span class='ocrx_word' id='word_1_727' title='bbox 3161 4277 3509 4334; x_wconf 70' lang='lat' dir='ltr'>tenebantur.</span> 
     </span>
    </p>
   </div>
   <div class='ocr_carea' id='block_1_100' title="bbox 2181 4403 3759 4477">
    <p class='ocr_par' dir='ltr' id='par_1_100' title="bbox 2181 4403 3759 4477">
     <span class='ocr_line' id='line_1_100' title="bbox 2181 4403 3759 4477; baseline 0 -17"><span class='ocrx_word' id='word_1_728' title='bbox 2181 4403 2543 4477; x_wconf 86' lang='lat' dir='ltr'>Excogitavit</span> <span class='ocrx_word' id='word_1_729' title='bbox 2567 4407 2624 4460; x_wconf 87' lang='lat' dir='ltr'>et</span> <span class='ocrx_word' id='word_1_730' title='bbox 2645 4404 2802 4460; x_wconf 91' lang='lat' dir='ltr'>aliud</span> <span class='ocrx_word' id='word_1_731' title='bbox 2823 4403 3145 4476; x_wconf 90' lang='lat' dir='ltr'>imperator</span> <span class='ocrx_word' id='word_1_732' title='bbox 3161 4405 3470 4476; x_wconf 82' lang='lat' dir='ltr'>perefﬁcax</span> <span class='ocrx_word' id='word_1_733' title='bbox 3492 4403 3759 4460; x_wconf 90' lang='lat' dir='ltr'>futurum</span> 
     </span>
    </p>
   </div>
   <div class='ocr_carea' id='block_1_101' title="bbox 2109 4492 3758 4567">
    <p class='ocr_par' dir='ltr' id='par_1_101' title="bbox 2109 4492 3758 4567">
     <span class='ocr_line' id='line_1_101' title="bbox 2109 4492 3758 4567; baseline -0.001 -16"><span class='ocrx_word' id='word_1_734' title='bbox 2109 4495 2181 4551; x_wconf 89' lang='lat' dir='ltr'>ad</span> <span class='ocrx_word' id='word_1_735' title='bbox 2240 4495 2718 4567; x_wconf 89' lang='lat' dir='ltr'>persuadendum</span> <span class='ocrx_word' id='word_1_736' title='bbox 2793 4493 3001 4567; x_wconf 87' lang='lat' dir='ltr'>legatis</span> <span class='ocrx_word' id='word_1_737' title='bbox 3081 4511 3196 4551; x_wconf 91' lang='lat' dir='ltr'>non</span> <span class='ocrx_word' id='word_1_738' title='bbox 3248 4511 3376 4551; x_wconf 92' lang='lat' dir='ltr'>esse</span> <span class='ocrx_word' id='word_1_739' title='bbox 3433 4492 3758 4550; x_wconf 89' lang='lat' dir='ltr'>ludibrium</span> 
     </span>
    </p>
   </div>
   <div class='ocr_carea' id='block_1_102' title="bbox 2110 4583 3756 4656">
    <p class='ocr_par' dir='ltr' id='par_1_102' title="bbox 2110 4583 3756 4656">
     <span class='ocr_line' id='line_1_102' title="bbox 2110 4583 3756 4656; baseline 0 -18"><span class='ocrx_word' id='word_1_740' title='bbox 2110 4585 2443 4655; x_wconf 83' lang='lat' dir='ltr'>pacemjam</span> <span class='ocrx_word' id='word_1_741' title='bbox 2471 4583 3160 4640; x_wconf 89' lang='lat' dir='ltr'>factam.Misitvidelicet</span> <span class='ocrx_word' id='word_1_742' title='bbox 3185 4583 3756 4656; x_wconf 86' lang='lat' dir='ltr'>Ephesiepiscopurn</span> 
     </span>
    </p>
   </div>
   <div class='ocr_carea' id='block_1_103' title="bbox 2110 4672 3758 4747">
    <p class='ocr_par' dir='ltr' id='par_1_103' title="bbox 2110 4672 3758 4747">
     <span class='ocr_line' id='line_1_103' title="bbox 2110 4672 3758 4747; baseline 0 -18"><span class='ocrx_word' id='word_1_743' title='bbox 2110 4675 2378 4730; x_wconf 90' lang='lat' dir='ltr'>Isaacum</span> <span class='ocrx_word' id='word_1_744' title='bbox 2411 4690 2544 4729; x_wconf 90' lang='lat' dir='ltr'>cum</span> <span class='ocrx_word' id='word_1_745' title='bbox 2576 4672 2787 4746; x_wconf 89' lang='lat' dir='ltr'>legatis</span> <span class='ocrx_word' id='word_1_746' title='bbox 2819 4673 2878 4728; x_wconf 92' lang='lat' dir='ltr'>in</span> <span class='ocrx_word' id='word_1_747' title='bbox 2912 4674 3212 4730; x_wconf 88' lang='lat' dir='ltr'>custodias</span> <span class='ocrx_word' id='word_1_748' title='bbox 3240 4674 3758 4747; x_wconf 90' lang='lat' dir='ltr'>publicas,juhens</span> 
     </span>
    </p>
   </div>
   <div class='ocr_carea' id='block_1_104' title="bbox 2109 4762 3758 4834">
    <p class='ocr_par' dir='ltr' id='par_1_104' title="bbox 2109 4762 3758 4834">
     <span class='ocr_line' id='line_1_104' title="bbox 2109 4762 3758 4834; baseline 0.001 -17"><span class='ocrx_word' id='word_1_749' title='bbox 2109 4763 2258 4834; x_wconf 89' lang='lat' dir='ltr'>ipsis</span> <span class='ocrx_word' id='word_1_750' title='bbox 2304 4762 2426 4818; x_wconf 87' lang='lat' dir='ltr'>illic</span> <span class='ocrx_word' id='word_1_751' title='bbox 2477 4763 2706 4818; x_wconf 90' lang='lat' dir='ltr'>ostendi</span> <span class='ocrx_word' id='word_1_752' title='bbox 2766 4767 3046 4834; x_wconf 89' lang='lat' dir='ltr'>cognatos</span> <span class='ocrx_word' id='word_1_753' title='bbox 3105 4763 3266 4833; x_wconf 90' lang='lat' dir='ltr'>ipsos</span> <span class='ocrx_word' id='word_1_754' title='bbox 3299 4780 3364 4819; x_wconf 86' lang='lat' dir='ltr'>ac</span> <span class='ocrx_word' id='word_1_755' title='bbox 3397 4762 3758 4818; x_wconf 90' lang='lat' dir='ltr'>necessarios</span> 
     </span>
    </p>
   </div>
   <div class='ocr_carea' id='block_1_105' title="bbox 2109 4851 3757 4924">
    <p class='ocr_par' dir='ltr' id='par_1_105' title="bbox 2109 4851 3757 4924">
     <span class='ocr_line' id='line_1_105' title="bbox 2109 4851 3757 4924; baseline 0.001 -16"><span class='ocrx_word' id='word_1_756' title='bbox 2109 4868 2250 4908; x_wconf 90' lang='lat' dir='ltr'>suos</span> <span class='ocrx_word' id='word_1_757' title='bbox 2300 4851 2380 4906; x_wconf 89' lang='lat' dir='ltr'>ibi</span> <span class='ocrx_word' id='word_1_758' title='bbox 2428 4852 2717 4923; x_wconf 90' lang='lat' dir='ltr'>detentos,</span> <span class='ocrx_word' id='word_1_759' title='bbox 2751 4853 2902 4923; x_wconf 91' lang='lat' dir='ltr'>quod</span> <span class='ocrx_word' id='word_1_760' title='bbox 2954 4852 3082 4924; x_wconf 90' lang='lat' dir='ltr'>paci</span> <span class='ocrx_word' id='word_1_761' title='bbox 3131 4869 3244 4908; x_wconf 90' lang='lat' dir='ltr'>non</span> <span class='ocrx_word' id='word_1_762' title='bbox 3294 4852 3757 4909; x_wconf 89' lang='lat' dir='ltr'>consensissent.</span> 
     </span>
    </p>
   </div>
   <div class='ocr_carea' id='block_1_106' title="bbox 2110 4939 3759 5015">
    <p class='ocr_par' dir='ltr' id='par_1_106' title="bbox 2110 4939 3759 5015">
     <span class='ocr_line' id='line_1_106' title="bbox 2110 4939 3759 5015; baseline 0.002 -20"><span class='ocrx_word' id='word_1_763' title='bbox 2110 4939 2177 4996; x_wconf 89' lang='lat' dir='ltr'>Ili</span> <span class='ocrx_word' id='word_1_764' title='bbox 2207 4944 2375 4996; x_wconf 90' lang='lat' dir='ltr'>erant</span> <span class='ocrx_word' id='word_1_765' title='bbox 2405 4945 2793 5012; x_wconf 89' lang='lat' dir='ltr'>protostrator</span> <span class='ocrx_word' id='word_1_766' title='bbox 2818 4940 3174 5013; x_wconf 75' lang='lat' dir='ltr'>Palaeologus</span> <span class='ocrx_word' id='word_1_767' title='bbox 3205 4941 3590 5012; x_wconf 89' lang='lat' dir='ltr'>Andronicus,</span> <span class='ocrx_word' id='word_1_768' title='bbox 3624 4943 3759 5015; x_wconf 86' lang='lat' dir='ltr'>pin-</span> 
     </span>
    </p>
   </div>
   <div class='ocr_carea' id='block_1_107' title="bbox 2113 5029 3762 5103">
    <p class='ocr_par' dir='ltr' id='par_1_107' title="bbox 2113 5029 3762 5103">
     <span class='ocr_line' id='line_1_107' title="bbox 2113 5029 3762 5103; baseline 0.001 -17"><span class='ocrx_word' id='word_1_769' title='bbox 2113 5047 2288 5086; x_wconf 89' lang='lat' dir='ltr'>cerna</span> <span class='ocrx_word' id='word_1_770' title='bbox 2306 5029 2452 5086; x_wconf 86' lang='lat' dir='ltr'>Raul</span> <span class='ocrx_word' id='word_1_771' title='bbox 2475 5030 2728 5100; x_wconf 88' lang='lat' dir='ltr'>Manuel,</span> <span class='ocrx_word' id='word_1_772' title='bbox 2752 5031 2929 5086; x_wconf 88' lang='lat' dir='ltr'>frater</span> <span class='ocrx_word' id='word_1_773' title='bbox 2952 5030 3131 5101; x_wconf 91' lang='lat' dir='ltr'>hujus</span> <span class='ocrx_word' id='word_1_774' title='bbox 3148 5030 3492 5102; x_wconf 89' lang='lat' dir='ltr'>Isaacius,et</span> <span class='ocrx_word' id='word_1_775' title='bbox 3512 5036 3762 5103; x_wconf 89' lang='lat' dir='ltr'>quartus</span> 
     </span>
    </p>
   </div>
   <div class='ocr_carea' id='block_1_108' title="bbox 2114 5120 3762 5194">
    <p class='ocr_par' dir='ltr' id='par_1_108' title="bbox 2114 5120 3762 5194">
     <span class='ocr_line' id='line_1_108' title="bbox 2114 5120 3762 5194; baseline 0.002 -18"><span class='ocrx_word' id='word_1_776' title='bbox 2114 5121 2556 5192; x_wconf 88' lang='lat' dir='ltr'>protostratoris</span> <span class='ocrx_word' id='word_1_777' title='bbox 2578 5138 2646 5177; x_wconf 84' lang='lat' dir='ltr'>ex</span> <span class='ocrx_word' id='word_1_778' title='bbox 2663 5123 2837 5176; x_wconf 82' lang='lat' dir='ltr'>fratre</span> <span class='ocrx_word' id='word_1_779' title='bbox 2869 5136 3050 5191; x_wconf 91' lang='lat' dir='ltr'>nepos</span> <span class='ocrx_word' id='word_1_780' title='bbox 3085 5120 3442 5194; x_wconf 75' lang='lat' dir='ltr'>Palaeologus</span> <span class='ocrx_word' id='word_1_781' title='bbox 3471 5123 3762 5192; x_wconf 85' lang='lat' dir='ltr'>Joannes;</span> 
     </span>
    </p>
   </div>
   <div class='ocr_carea' id='block_1_109' title="bbox 2115 5210 3764 5284">
    <p class='ocr_par' dir='ltr' id='par_1_109' title="bbox 2115 5210 3764 5284">
     <span class='ocr_line' id='line_1_109' title="bbox 2115 5210 3764 5284; baseline 0.002 -19"><span class='ocrx_word' id='word_1_782' title='bbox 2115 5210 2214 5282; x_wconf 91' lang='lat' dir='ltr'>qui</span> <span class='ocrx_word' id='word_1_783' title='bbox 2244 5227 2384 5267; x_wconf 90' lang='lat' dir='ltr'>sane</span> <span class='ocrx_word' id='word_1_784' title='bbox 2406 5211 2464 5266; x_wconf 92' lang='lat' dir='ltr'>in</span> <span class='ocrx_word' id='word_1_785' title='bbox 2487 5227 2694 5282; x_wconf 89' lang='lat' dir='ltr'>aspero</span> <span class='ocrx_word' id='word_1_786' title='bbox 2727 5213 2960 5279; x_wconf 90' lang='lat' dir='ltr'>ornatu,</span> <span class='ocrx_word' id='word_1_787' title='bbox 2984 5213 3049 5264; x_wconf 91' lang='lat' dir='ltr'>ut</span> <span class='ocrx_word' id='word_1_788' title='bbox 3079 5214 3247 5281; x_wconf 92' lang='lat' dir='ltr'>poeta</span> <span class='ocrx_word' id='word_1_789' title='bbox 3277 5210 3573 5284; x_wconf 90' lang='lat' dir='ltr'>quispiam</span> <span class='ocrx_word' id='word_1_790' title='bbox 3609 5214 3764 5270; x_wconf 90' lang='lat' dir='ltr'>dice-</span> 
     </span>
    </p>
   </div>
   <div class='ocr_carea' id='block_1_110' title="bbox 2114 5298 3766 5374">
    <p class='ocr_par' dir='ltr' id='par_1_110' title="bbox 2114 5298 3766 5374">
     <span class='ocr_line' id='line_1_110' title="bbox 2114 5298 3766 5374; baseline 0.002 -19"><span class='ocrx_word' id='word_1_791' title='bbox 2114 5299 2702 5371; x_wconf 90' lang='lat' dir='ltr'>ret,quadratiunius</span> <span class='ocrx_word' id='word_1_792' title='bbox 2717 5298 2965 5355; x_wconf 88' lang='lat' dir='ltr'>carceris</span> <span class='ocrx_word' id='word_1_793' title='bbox 2991 5299 3259 5372; x_wconf 89' lang='lat' dir='ltr'>singulos</span> <span class='ocrx_word' id='word_1_794' title='bbox 3285 5300 3502 5372; x_wconf 82' lang='lat' dir='ltr'>singuli</span> <span class='ocrx_word' id='word_1_795' title='bbox 3519 5302 3766 5374; x_wconf 81' lang='lat' dir='ltr'>angulos</span> 
     </span>
    </p>
   </div>
   <div class='ocr_carea' id='block_1_111' title="bbox 2115 5389 3768 5463">
    <p class='ocr_par' dir='ltr' id='par_1_111' title="bbox 2115 5389 3768 5463">
     <span class='ocr_line' id='line_1_111' title="bbox 2115 5389 3768 5463; baseline 0.002 -19"><span class='ocrx_word' id='word_1_796' title='bbox 2115 5391 2413 5458; x_wconf 87' lang='lat' dir='ltr'>tenebant,</span> <span class='ocrx_word' id='word_1_797' title='bbox 2447 5389 2726 5462; x_wconf 89' lang='lat' dir='ltr'>gravibus</span> <span class='ocrx_word' id='word_1_798' title='bbox 2774 5389 2954 5445; x_wconf 90' lang='lat' dir='ltr'>vincti</span> <span class='ocrx_word' id='word_1_799' title='bbox 3002 5389 3244 5446; x_wconf 89' lang='lat' dir='ltr'>catenis.</span> <span class='ocrx_word' id='word_1_800' title='bbox 3277 5391 3441 5448; x_wconf 90' lang='lat' dir='ltr'>Tunc</span> <span class='ocrx_word' id='word_1_801' title='bbox 3490 5394 3768 5463; x_wconf 90' lang='lat' dir='ltr'>pincerna</span> 
     </span>
    </p>
   </div>
   <div class='ocr_carea' id='block_1_112' title="bbox 2118 5477 3764 5553">
    <p class='ocr_par' dir='ltr' id='par_1_112' title="bbox 2118 5477 3764 5553">
     <span class='ocr_line' id='line_1_112' title="bbox 2118 5477 3764 5553; baseline 0.001 -17"><span class='ocrx_word' id='word_1_802' title='bbox 2118 5477 2267 5536; x_wconf 88' lang='lat' dir='ltr'>Raul</span> <span class='ocrx_word' id='word_1_803' title='bbox 2297 5478 2656 5551; x_wconf 87' lang='lat' dir='ltr'>Ephesinum</span> <span class='ocrx_word' id='word_1_804' title='bbox 2689 5478 2916 5546; x_wconf 88' lang='lat' dir='ltr'>videns,</span> <span class='ocrx_word' id='word_1_805' title='bbox 2949 5483 3008 5535; x_wconf 89' lang='lat' dir='ltr'>et</span> <span class='ocrx_word' id='word_1_806' title='bbox 3030 5478 3256 5536; x_wconf 91' lang='lat' dir='ltr'>scilicet</span> <span class='ocrx_word' id='word_1_807' title='bbox 3284 5481 3598 5553; x_wconf 91' lang='lat' dir='ltr'>indignans</span> <span class='ocrx_word' id='word_1_808' title='bbox 3629 5497 3764 5538; x_wconf 91' lang='lat' dir='ltr'>eum</span> 
     </span>
    </p>
   </div>
   <div class='ocr_carea' id='block_1_113' title="bbox 2115 5566 3768 5640">
    <p class='ocr_par' dir='ltr' id='par_1_113' title="bbox 2115 5566 3768 5640">
     <span class='ocr_line' id='line_1_113' title="bbox 2115 5566 3768 5640; baseline 0.001 -16"><span class='ocrx_word' id='word_1_809' title='bbox 2115 5567 2351 5640; x_wconf 90' lang='lat' dir='ltr'>quidem</span> <span class='ocrx_word' id='word_1_810' title='bbox 2403 5566 2584 5624; x_wconf 90' lang='lat' dir='ltr'>libere</span> <span class='ocrx_word' id='word_1_811' title='bbox 2630 5567 2691 5623; x_wconf 91' lang='lat' dir='ltr'>in</span> <span class='ocrx_word' id='word_1_812' title='bbox 2736 5569 3085 5625; x_wconf 89' lang='lat' dir='ltr'>remissione</span> <span class='ocrx_word' id='word_1_813' title='bbox 3115 5585 3182 5624; x_wconf 90' lang='lat' dir='ltr'>ac</span> <span class='ocrx_word' id='word_1_814' title='bbox 3213 5568 3434 5625; x_wconf 87' lang='lat' dir='ltr'>deliciis</span> <span class='ocrx_word' id='word_1_815' title='bbox 3463 5569 3673 5639; x_wconf 86' lang='lat' dir='ltr'>vivere,</span> <span class='ocrx_word' id='word_1_816' title='bbox 3707 5587 3768 5626; x_wconf 89' lang='lat' dir='ltr'>se</span> 
     </span>
    </p>
   </div>
   <div class='ocr_carea' id='block_1_114' title="bbox 2113 5656 3766 5716">
    <p class='ocr_par' dir='ltr' id='par_1_114' title="bbox 2113 5656 3766 5716">
     <span class='ocr_line' id='line_1_114' title="bbox 2113 5656 3766 5716; baseline 0.001 -1"><span class='ocrx_word' id='word_1_817' title='bbox 2113 5662 2309 5716; x_wconf 89' lang='lat' dir='ltr'>autem</span> <span class='ocrx_word' id='word_1_818' title='bbox 2341 5673 2477 5715; x_wconf 89' lang='lat' dir='ltr'>cum</span> <span class='ocrx_word' id='word_1_819' title='bbox 2507 5656 2685 5715; x_wconf 88' lang='lat' dir='ltr'>sociis</span> <span class='ocrx_word' id='word_1_820' title='bbox 2713 5658 3042 5716; x_wconf 87' lang='lat' dir='ltr'>conﬂictari</span> <span class='ocrx_word' id='word_1_821' title='bbox 3060 5657 3194 5715; x_wconf 87' lang='lat' dir='ltr'>tetri</span> <span class='ocrx_word' id='word_1_822' title='bbox 3212 5657 3464 5714; x_wconf 89' lang='lat' dir='ltr'>carceris</span> <span class='ocrx_word' id='word_1_823' title='bbox 3483 5659 3766 5716; x_wconf 63' lang='lat' dir='ltr'>erumnis</span> 
     </span>
    </p>
   </div>
   <div class='ocr_carea' id='block_1_115' title="bbox 2113 5744 3771 5822">
    <p class='ocr_par' dir='ltr' id='par_1_115' title="bbox 2113 5744 3771 5822">
     <span class='ocr_line' id='line_1_115' title="bbox 2113 5744 3771 5822; baseline 0 -15"><span class='ocrx_word' id='word_1_824' title='bbox 2113 5745 2575 5808; x_wconf 87' lang='lat' dir='ltr'>ecclesiasticam</span> <span class='ocrx_word' id='word_1_825' title='bbox 2595 5747 2668 5806; x_wconf 90' lang='lat' dir='ltr'>ob</span> <span class='ocrx_word' id='word_1_826' title='bbox 2685 5763 2945 5821; x_wconf 88' lang='lat' dir='ltr'>causam,</span> <span class='ocrx_word' id='word_1_827' title='bbox 2967 5765 3071 5822; x_wconf 91' lang='lat' dir='ltr'>pro</span> <span class='ocrx_word' id='word_1_828' title='bbox 3094 5763 3212 5820; x_wconf 90' lang='lat' dir='ltr'>qua</span> <span class='ocrx_word' id='word_1_829' title='bbox 3231 5744 3430 5820; x_wconf 88' lang='lat' dir='ltr'>ipsum</span> <span class='ocrx_word' id='word_1_830' title='bbox 3455 5747 3736 5807; x_wconf 87' lang='lat' dir='ltr'>nimirum</span> <span class='ocrx_word' id='word_1_831' title='bbox 3756 5789 3771 5820; x_wconf 92' lang='lat'>,</span> 
     </span>
    </p>
   </div>
  </div>
