4080 6404
324 395 431 450 919

1628 395 1933 453 GEORGII
1971 391 2438 454 PACHYMERE

3649 400 3767 456 920

328 522 417 591 ζῇ,
450 517 648 573 ἐκεῖνοι
680 515 737 572 δὲ
767 517 1389 594 προσταλαιπωροῦνται
1435 520 1505 591 τῇ
1554 515 1795 595 φυλακῇ,
1847 516 1980 592 ὖπὶρ
2012 526 2064 590 Α
2093 518 2183 573 καὶ
2218 517 2432 593 μᾶλλον
2460 519 2694 597 ἐλέγχου
2749 526 2868 583 τοῖς
2920 521 3019 591 τήν
3082 522 3275 576 κακίαν
3333 519 3472 585 οἵοις
3521 524 3569 577 τ’
3630 525 3763 579 οὖαι

328 603 400 661 ὧν
435 605 639 661 ἐκεῖνον
674 604 889 679 μᾶλλον
918 607 952 676 ἢ
1000 606 1195 668 αὐτοὺς
1255 601 1360 660 ἔδει
1420 607 1713 681 μάχεσθαι,
1771 604 1982 680 συνάγει

326 716 384 750 τε
440 694 756 766 Λεληθὸτως
803 698 905 766 τὴν
954 692 1145 750 ἅλυσιν
1198 697 1256 765 ἣν
1309 695 1514 771 ἐφόρει,
1568 694 1826 770 προάγων
1860 696 1983 748 ὅσον

328 784 396 853 ἧν
453 784 747 860 ἐγγυτέρω,
824 786 914 839 καὶ
972 782 1280 859 σφάκελλον
1354 787 1589 855 ποιήσας
1655 786 1717 838 τὸ
1768 784 1989 858 πτύγμα

327 876 445 930 κατ’
479 874 685 928 ἐκείνου
720 874 896 949 ῥίπτει
929 875 1002 935 ὡς
1044 874 1289 944 πλήξων,
1342 876 1438 928 κάν
1488 872 1858 949 ἀπετύγχανεν
1910 872 1989 933 εἷλς

329 964 517 1019 ἑαυτὸν
550 968 644 1018 τοῦ
672 963 961 1038 τραχήλου
992 965 1091 1032 τὴν
1126 962 1316 1018 ἅλυσιν
1347 961 1631 1025 ἕλκοντος.

332 1125 416 1193 ιζ’.
446 1126 635 1186 "Omni:
661 1124 877 1198 ἀνήχθη
916 1124 943 1177 ὁ
1005 1124 1259 1199 Ἰωάννης
1314 1123 1365 1185 ἐς
1394 1125 1456 1178 τὸ
1499 1126 1893 1199 πατριαρχεῖον
1927 1123 1988 1176 τὸ

1020 1192 1292 1269 δεύτερον.

399 1324 485 1394 [Ρ.
519 1324 643 1395 315]
676 1318 829 1377 Ἀλλ’
892 1321 920 1375 ὁ
982 1319 1235 1395 βασιλεὺς
1286 1320 1340 1382 ἐς
1389 1320 1568 1375 πίστιν
1597 1320 1833 1384 ἐντεῦθεν
1892 1324 1989 1375 τοῦ

330 1408 515 1481 ἀληθῆ
597 1411 849 1485 πράττειν
940 1416 1057 1471 τοῖς
1144 1406 1429 1487 πρέσϐεσιν
1516 1412 1988 1488 ἀφοσιωσάμενος,

331 1498 610 1575 προύργου
664 1501 867 1562 παντὸς
923 1500 1125 1563 τίθεται
1185 1502 1246 1553 τὸ
1306 1500 1391 1554 καὶ
1427 1500 1583 1562 αὖθις
1606 1502 1699 1555 τὸν
1733 1502 1989 1576 πατριάρ-

334 1610 441 1667 χην
493 1592 803 1668 ἀναγαγεῖν,
863 1589 1001 1649 Οὔτε
1054 1592 1151 1666 γάρ
1187 1591 1236 1646 ἐν
1274 1590 1569 1668 παραδοχῇ
1596 1594 1663 1647 τά
1705 1599 1803 1661 τῆς
1852 1612 1988 1666 παρ-

333 1685 600 1753 αιτήσεως
636 1688 752 1744 τοῖς
810 1682 1147 1757 ἀρχιερεῦσι,
1201 1682 1294 1737 κᾶν
1360 1684 1386 1737 ὁ
1450 1683 1705 1758 βασιλεὺς
1768 1680 1988 1757 ἐδέχετο

330 1772 555 1844 ταύτην·
590 1771 718 1827 ἀλλ’
748 1771 837 1827 οὖν
894 1774 956 1827 οὐ
988 1774 1289 1848 προΐσχετο
1324 1773 1471 1838 ὅλως
1500 1773 1633 1845 αὕτη
1666 1778 1774 1829 τῶν
1828 1776 1986 1851 ἱερῶν

2094 607 2349 666 κωλύειν.
2411 612 2565 674 Ὅθεν
2623 610 2713 665 καὶ
2770 614 2929 684 κοινῇ
2987 611 3170 684 σκέψει
3224 611 3462 682 ἀξιοῦσιν
3512 612 3770 688 ἀρχῆθεν

2094 698 2183 751 τὸν
2246 697 2413 772 ἄνδρα
2465 701 2565 769 τὴν
2627 699 2954 776 προστασίαν
2985 698 3262 775 δέχεσθαι.
3295 702 3355 758 Ὁ
3399 699 3445 756 δ’
3476 702 3583 779 οὐχ
3614 703 3767 774 ὀπή-

2096 808 2242 857 κουε,
2298 794 2473 858 ζητῶν
2506 791 2605 858 την
2639 788 2724 844 ἐπὶ
2758 795 2875 852 τοῖς
2928 789 3287 865 συκοφάνταις
3325 787 3629 862 ἐκδίκησιν.
3690 794 3767 847 Τὸ

2099 874 2146 930 δ’
2200 878 2265 945 ἦν
2316 879 2405 932 καὶ
2435 876 2489 933 ἓν
2522 883 2628 934 τῶν
2663 876 2935 933 ἀδυνάτων
2970 884 3047 950 τῷ
3082 877 3319 954 βασιλεῖ,
3360 882 3767 957 προϊσχομένῳ

2100 968 2381 1036 συνήθειαν
2433 969 2631 1044 ἄλογον
2680 970 2788 1023 τῶν
2838 969 3211 1044 κρατούντων,
3262 972 3380 1024 καθ’
3411 971 3472 1039 ἣν
3503 971 3606 1039 τὴν
3662 972 3765 1043 μὲν

2099 1056 2452 1132 συκοφαντίαν
2490 1055 2668 1111 ἰᾶσθαι
2700 1055 2789 1111 καὶ
2819 1057 2910 1111 τὸν
2968 1055 3472 1134 συκοφαντούμενον
3536 1054 3769 1131 ῥύεσθαι

2096 1149 2192 1198 τοῦ
2248 1143 2523 1216 κινδύνου,
2555 1144 2893 1222 συκοφάντην
2937 1144 2996 1201 δὲ
3032 1144 3160 1220 μηδ’
3207 1148 3458 1201 ὁπωσοῦν
3487 1152 3771 1221 τιμωρεῖ-

2100 1244 2243 1305 σθαι,
2293 1232 2387 1289 κᾶν
2441 1235 2801 1312 συκοφαντοίη
2863 1236 2931 1289 τὰ
2985 1234 3207 1311 ἔσχατα,
3268 1237 3548 1291 τέτακται·
3618 1233 3774 1308 μηδὲ

2098 1324 2201 1397 γὰρ
2235 1325 2366 1377 εἶναι
2397 1326 2458 1378 τὸ
2492 1325 2692 1395 ἀληθὲς
2738 1329 2816 1396 τῷ
2847 1323 3067 1400 βασιλεῖ
3114 1326 3425 1397 μανθάνειν,
3486 1323 3626 1379 ὅπου
3678 1328 3767 1396 τῷ

2104 1413 2178 1485 μὴ
2240 1411 2574 1484 ἀποδείξοντι
2622 1412 2869 1469 κίνδυνον
2916 1413 3150 1491 ἐφῆφθαι
3204 1411 3514 1486 ξυμϐαίνοι.
3586 1416 3767 1470 Ταῦτ’

2100 1500 2202 1575 ἄρα
2248 1503 2337 1556 καὶ
2394 1505 2469 1576 μὴ
2518 1503 2714 1575 ἀνύων,
2766 1504 2854 1558 καὶ
2904 1503 3117 1577 μᾶλλον
3179 1504 3388 1580 ἀφιέναι
3418 1504 3481 1558 τὸ
3514 1508 3773 1576 πταῖσμα

2100 1592 2609 1666 παρακαλούμενος,
2664 1593 2895 1667 μίμησιν
2933 1594 3166 1671 φέροντα
3189 1597 3287 1648 τοῦ
3337 1596 3600 1668 Χριστοῦ,
3658 1595 3770 1663 τήν

2833 1684 2922 1736 καὶ
2996 1679 3124 1756 ἕκτῃ
3204 1680 3574 1745 Ποσειδεῶνος
3661 1682 3778 1738 ὑπὸ

2099 1680 2405 1754 πρόκλησιν
2496 1680 2742 1757 δέχεται,

2102 1770 2331 1846 λαμπρᾷ
2386 1776 2453 1846 τῇ
2515 1770 2815 1850 δορυφορίᾳ
2866 1770 3251 1847 συγκλητικῶν
3298 1794 3357 1827 τε
3414 1773 3527 1845 ἅμα
3556 1772 3647 1827 καὶ
3678 1772 3779 1827 ἐκ·

332 1864 671 1937 πραγμάτων
724 1863 937 1933 ἀνάξιον
972 1908 986 1933 ,
1049 1863 1213 1937 μόνον
1277 1862 1334 1918 δὲ
1391 1859 1625 1938 θόρυϐον
1681 1863 1825 1938 παρά
1880 1869 1986 1917 τῶν
2022 1887 2068 1953 Β
2103 1859 2530 1934 κλησιαστικῶν,
2613 1865 2712 1931 τῆς
2794 1863 2964 1932 αὐτῆς
3052 1860 3413 1931 ίνδικτιῶνος,
3488 1862 3778 1936 ἀνάγεται.

332 1954 423 2009 καὶ
479 1955 727 2029 ταραχὴν
771 1951 998 2030 ἄλογον,
1057 1956 1147 2010 καὶ
1206 1957 1287 2010 ὅτι
1337 1955 1701 2030 πληχθὲντων
1747 1955 1835 2009 ἐπὶ
1864 1957 1992 2010 τοῦ-

325 2061 445 2103 τοις
494 2042 589 2103 τὰς
642 2038 974 2112 συνειδήσεις
1016 2046 1179 2096 τινῶν
1230 2043 1329 2096 ούκ
1376 2040 1553 2118 ἔκρινε
1584 2040 1692 2097 δεῖν
1746 2042 1987 2116 προσμέ-

326 2151 461 2199 νειν,
520 2132 594 2203 μή
627 2151 764 2198 πως,
794 2130 948 2206 φησὶ,
980 2130 1085 2184 τισί
1120 2132 1269 2206 παρά
1320 2129 1628 2201 συνείδησιν
1725 2131 1788 2185 τὸ
1818 2152 1989 2206 προσ-

329 2218 606 2295 έρχεσθαι.
664 2223 833 2273 Τοῦτο
895 2216 952 2272 δὲ
1006 2218 1057 2273 τί
1090 2220 1147 2273 ἂν
1207 2222 1587 2294 παραιτήσεως
1629 2219 1792 2295 ἕχοι;
1827 2219 1875 2274 εἷ’
1908 2221 1984 2293 μὴ

331 2441 533 2508 utpote
573 2437 920 2505 antistitem,
953 2442 1176 2494 certare
1227 2456 1293 2494 ac
1343 2440 1491 2495 dura
1538 2440 1741 2496 subire
1794 2440 1987 2495 fuerat

333 2527 582 2598 aequius,
614 2526 847 2599 collegit
906 2528 1054 2584 clam
1106 2529 1164 2582 in
1224 2544 1468 2584 manum
1505 2546 1535 2585 e
1580 2530 1983 2601 pendentium,

333 2616 552 2688 quibus
580 2616 894 2688 ligabatur,
930 2620 1120 2673 tractu
1154 2619 1308 2673 460
1340 2622 1680 2675 catenarum
1710 2619 1984 2674 volumen

333 2722 527 2778 grave,
555 2711 611 2762 et
663 2706 971 2763 observato
1021 2712 1287 2779 tempore
1343 2725 1457 2781 quo
1511 2709 1822 2780 episcopus
1865 2715 1985 2764 tam

331 2812 513 2867 prOpe
545 2797 615 2851 ad
650 2797 844 2868 ipsum
878 2803 1201 2854 accesserat
1251 2802 1315 2854 ut
1364 2798 1678 2870 contiguus
1722 2799 1873 2853 intra
1896 2798 1987 2868 ja-

332 2890 494 2940 ctum
529 2886 843 2955 videretur,
878 2887 1128 2943 ferream
1182 2888 1239 2942 in
1295 2905 1430 2943 eum
1483 2888 1717 2943 intorsit
1749 2888 1986 2954 fascem,

334 2974 508 3030 ferire
555 2976 836 3044 studens;
865 2978 972 3033 etsi
1005 2977 1296 3034 aberravit
1326 2978 1421 3033 ille
1454 2979 1715 3049 quidem,
1743 2976 1988 3043 catenis,

326 3063 456 3135 ipso
482 3064 699 3120 collum
733 3067 1065 3123 retrahente
1099 3069 1256 3124 unde
1286 3068 1647 3138 pendebant,
1684 3068 1755 3123 ad
1790 3068 1988 3140 ipsum

331 3152 552 3211 intacto
586 3154 848 3212 antistite
878 3156 1287 3213 redeuntibus.

331 3315 416 3370 17.
448 3314 509 3372 Ut
534 3320 780 3374 Joannes
808 3316 871 3373 in
896 3318 1305 3390 patriarchales
1334 3317 1479 3375 aedes
1510 3316 1776 3374 inductus
1808 3317 1989 3372 denuo
2018 3285 2061 3352 ί]

1113 3392 1201 3444 sit.

405 3514 692 3571 Caeterum
746 3515 1073 3586 imperator
1103 3514 1215 3570 hoc
1248 3514 1415 3585 quasi
1448 3514 1637 3585 primo
1669 3514 1860 3570 ofﬁcio
1893 3515 1995 3570 de-

334 3603 575 3658 functus
615 3604 1059 3659 demonstrandi
1085 3603 1287 3673 legatis
1312 3602 1462 3659 serio
1487 3620 1606 3658 rem
1632 3620 1745 3658 ase
1776 3608 1990 3672 actam,

342 3693 445 3763 qui
483 3709 597 3747 non
648 3692 979 3747 dubitasset
1028 3698 1200 3747 tantae
1250 3693 1555 3765 dignitatis
1604 3693 1757 3749 viros
1808 3710 1877 3749 ea
1924 3695 1995 3749 de

342 3797 520 3836 causa
541 3785 691 3837 tetro
710 3780 927 3836 carceri
951 3782 1239 3851 addicere,
1260 3799 1446 3853 operte
1470 3782 1722 3853 pretium
1757 3800 1819 3839 se
1851 3800 1992 3855 prae-

339 3873 500 3925 terea
549 3871 842 3926 facturum
887 3870 1263 3939 existimavit,
1298 3872 1347 3927 si
1380 3872 1769 3944 patriarcham
1799 3873 1993 3929 liberas

339 3976 457 4015 suae
508 3962 816 4031 potestatis
850 3962 1137 4017 functioni
1172 3962 1528 4019 restitueret.
1565 3963 1707 4018 Rem
1740 3979 1869 4018 eam
1903 3961 1995 4018 sui

340 4048 567 4103 arbitrii
595 4051 840 4121 putabat
870 4067 1018 4119 esse,
1045 4052 1262 4123 quippe
1295 4069 1408 4106 non
1443 4052 1555 4107 alia
1589 4052 1996 4123 corrogatione

337 4138 756 4210 suffragiorum
808 4146 910 4195 aut
954 4141 1301 4213 repetitione
1350 4140 1654 4197 electionis
1703 4145 1992 4212 egentem.

338 4227 503 4283 Haud
538 4229 693 4284 enim
726 4246 859 4285 vere
888 4246 1130 4285 vacasse
1164 4246 1427 4301 unquam
1460 4230 1998 4301 ConstantinOpoli-

335 4319 535 4373 tanam
584 4320 782 4374 sedem
829 4320 992 4377 Vecci
1042 4319 1433 4389 abdicatione,
1468 4336 1644 4390 quam
1695 4323 1995 4388 utcunque

335 4404 676 4476 imperatori
735 4408 1128 4479 significatam
1176 4412 1233 4464 et
1274 4407 1535 4462 oblatam
1581 4408 1839 4480 episcopi
1890 4426 1994 4465 nec

336 4496 720 4551 admisissent
778 4513 882 4550 nec
942 4497 1310 4567 probassent.
1363 4498 1473 4552 Sed
1535 4514 1719 4568 neque
1768 4498 1818 4552 is
1867 4497 1994 4569 ipse

334 4582 569 4639 libellus
582 4584 965 4640 recusationis
982 4585 1157 4652 sedis,
1176 4603 1351 4658 quem
1369 4586 1710 4658 imperatori
1727 4587 1994 4642 aJoanne

332 4674 536 4729 datum
570 4674 855 4743 diximus,
879 4674 951 4729 iis
976 4680 1099 4730 erat
1122 4678 1407 4731 formatus
1426 4676 1639 4745 verbis,
1665 4694 1791 4748 quae
1822 4693 1989 4732 veras

331 4763 762 4833 canonicasque
810 4763 1085 4834 legitimae
1114 4765 1505 4837 dopositionis
1554 4782 1763 4821 causas
1796 4766 1987 4837 expri-

332 4857 576 4907 merent.
610 4852 838 4907 Etenim
872 4853 1026 4908 haud
1059 4853 1117 4907 in
1149 4870 1213 4909 eo
1246 4855 1568 4926 quidquam
1625 4854 1991 4927 allegabatur

333 4957 448 5012 quo
470 4946 776 5014 appareret
804 4942 1091 4997 Joannem
1125 4949 1188 4998 ut
1221 4944 1534 5015 indignum
1555 4960 1619 4999 eo
1644 4943 1769 4999 loco
1802 4949 1857 4999 et
1883 4946 1989 4999 ad-

335 5032 755 5089 ministrationi
807 5033 1080 5089 Ecclesia
1109 5033 1374 5106 ineptum
1410 5039 1511 5089 aut
1542 5035 1821 5106 imparem
1854 5033 1989 5089 inde

334 5122 689 5178 submoveri.
751 5121 1115 5179 Causabatur
1172 5123 1251 5178 ibi
1308 5130 1539 5179 tantum
1598 5124 1723 5195 ipse
1773 5125 1987 5181 Veccus

332 5209 683 5266 tumultuari
716 5215 921 5267 contra
953 5228 1014 5266 se
1046 5214 1359 5283 quosdam,
1386 5231 1419 5269 a
1440 5214 1656 5285 quibus
1684 5213 1790 5269 etsi
1826 5218 1985 5284 pate-

332 5305 494 5356 retur
537 5300 822 5370 injustam
857 5301 1223 5358 vexationem
1280 5304 1406 5375 ipse
1456 5304 1752 5371 innoxius,
1785 5307 1985 5359 tamen

328 5390 511 5447 vereri
571 5407 699 5445 sese
754 5390 1140 5447 offensionem
1223 5394 1615 5463 inﬁrmorum,
1676 5393 1777 5464 qui
1838 5394 1985 5449 forte

327 5480 581 5553 vulgatis
614 5480 672 5534 in
706 5496 767 5533 se
800 5479 1118 5537 calumniis
1152 5484 1294 5539 moti
1342 5487 1412 5540 ad
1464 5485 1857 5540 dubitandum
1891 5500 1982 5538 ec-

326 5569 471 5641 quid
525 5569 668 5623 citra
716 5577 927 5621 noxam
961 5573 1020 5624 et
1052 5571 1267 5639 piaculi
1301 5575 1708 5645 contagionem
1744 5578 1983 5644 possent

324 5662 453 5711 tam
501 5656 777 5713 diﬂ‘amati
837 5655 1096 5714 hominis
1146 5659 1233 5714 uti
1287 5664 1734 5731 consuetudine,
1768 5661 1981 5719 oblatis

324 5744 539 5801 deinde
612 5744 1022 5805 occasionibus
1080 5763 1214 5805 cum
1271 5767 1336 5807 eo
1396 5753 1606 5825 agendi
1665 5758 1980 5809 mstuarent

2099 1951 2237 2005 Τότε
2268 1950 2722 2024 συμπλασάμενοι
2783 1954 3015 2026 γράμμα
3067 1959 3166 2021 τῆς
3223 1952 3360 2024 πρὸς
3394 1951 3483 2006 τὸν
3535 1952 3776 2006 πάππαν

2099 2039 2403 2115 ἀπολογίας
2437 2036 2732 2116 (Οὐρϐανὸς
2763 2037 2821 2095 δὲ
2844 2041 2967 2095 τότε
3016 2041 3109 2114 ἧν)
3165 2039 3408 2104 πολλαῖς
3474 2041 3568 2114 μὶν
3627 2040 3781 2097 ὐπο-

2099 2134 2331 2207 γραφαῖς
2369 2132 2496 2203 μήτ’
2529 2127 2697 2184 ὄντων
2748 2129 3059 2185 ἐπισκόπων
3116 2132 3243 2204 μήτ’
3298 2130 3608 2186 ἐπισκοπῶν
3666 2133 3776 2186 οὐ-

2102 2222 2232 2289 σῶν,
2298 2223 2396 2291 μιᾷ
2450 2219 2541 2272 καὶ
2569 2222 2639 2293 τῇ
2674 2218 2809 2293 αὐτῇ
2837 2219 2983 2295 χειρὶ
3010 2216 3106 2273 τοῦ
3153 2220 3429 2295 γραφέως,
3474 2221 3549 2281 ὡς
3603 2215 3781 2289 δῆθεν

2085 2438 2305 2506 animo,
2329 2444 2386 2493 et
2415 2439 2559 2494 forte
2581 2442 2783 2495 contra
2805 2438 2978 2494 ofﬁcii
3009 2439 3416 2510 prmscriptum
3442 2455 3510 2495 ex
3568 2455 3791 2496 errore

2096 2533 2299 2583 natum
2331 2532 2734 2599 operarentur.
2757 2533 2835 2583 Ea
2861 2529 2932 2583 de
2966 2544 3147 2584 causa
3176 2529 3387 2583 ducere
3435 2528 3620 2583 satius
3673 2545 3785 2582 re-

2100 2617 2376 2672 nuntiare
2408 2616 2704 2689 dignitati,
2730 2621 2786 2671 et
2807 2632 2872 2671 eo
2905 2616 3031 2672 loco
3067 2617 3271 2672 cedere
3303 2616 3402 2672 ubi
3436 2633 3499 2672 se
3527 2616 3789 2673 nonnisi

2100 2722 2236 2760 cum
2261 2705 2485 2776 aliquo
2518 2704 2798 2761 seandalo
2827 2709 2927 2760 aut
2958 2706 3166 2761 saltem
3220 2704 3478 2776 periculo
3526 2709 3783 2763 teneras

2098 2795 2452 2867 pusillorum
2485 2795 2876 2851 conscientias
2908 2795 3158 2851 laedendi
3190 2794 3410 2850 interere
3436 2811 3552 2850 non
3584 2812 3782 2867 posse

2088 2884 2408 2956 judicaret.
2439 2884 2501 2939 In
2552 2884 2646 2940 his
2702 2888 2898 2940 autem
2951 2902 3076 2955 quae
3108 2884 3238 2939 vola
3269 2885 3548 2956 quodque
3579 2887 3776 2942 vesti—

2098 2974 2260 3045 gium
2317 2973 2708 3029 abdicationis
2765 2973 3258 3046 appareret?Ubi
3318 2973 3515 3045 potius
3574 2975 3779 3031 tacita

2098 3062 2338 3134 querela
2391 3062 2812 3133 sugillarentur
2881 3062 2965 3117 illi
3041 3064 3141 3134 qui
3216 3080 3351 3118 cum
3426 3063 3783 3134 potuissent

2098 3152 2503 3223 improborum
2557 3151 2794 3207 malitiae
2846 3152 3155 3221 obsistere,
3184 3151 3452 3206 auxiliari
3505 3153 3777 3209 circum—

2095 3246 2278 3297 ventae
2310 3241 2656 3298 innocentiae
2689 3241 3050 3297 amisissent.
3080 3242 3185 3297 His
3217 3258 3351 3296 cum
3394 3242 3466 3297 ab
3499 3242 3776 3312 impera-

2100 3335 2226 3387 tore
2255 3336 2383 3386 tum
2404 3348 2436 3386 a
2457 3332 2679 3403 synodo
2705 3330 3115 3397 consideratis,
3151 3332 3453 3387 communi
3485 3333 3780 3389 omnibus

2098 3437 2391 3476 consensu
2423 3419 2616 3475 visum
2648 3425 2738 3477 est
2770 3420 3202 3476 restituendum
3246 3420 3536 3477 Joannem
3571 3422 3631 3476 in
3666 3422 3773 3476 in-

2096 3509 2807 3583 termissumzexercitium
2826 3526 3130 3582 nunquam
3162 3510 3451 3581 abrogatas
3483 3509 3777 3567 ablataeve

2100 3599 2425 3671 potestatis.
2456 3600 2604 3655 461
2640 3601 2721 3654 Ad
2756 3600 2910 3671 quod
2943 3616 3076 3654 cum
3126 3599 3283 3655 idem
3332 3604 3780 3672 consequenter

2098 3694 2422 3759 vocaretur,
2445 3690 2731 3745 renuebat
2762 3688 3032 3760 obsequi,
3066 3688 3375 3760 postulans
3408 3689 3570 3761 prius
3602 3690 3773 3745 afﬁci

2100 3779 2289 3851 pomis
2318 3778 2570 3847 meritis,
2605 3778 2706 3850 qui
2738 3795 2800 3833 se
2841 3777 3207 3834 calumniose
3241 3778 3611 3834 criminando
3644 3783 3773 3834 tra-

2098 3868 2423 3925 duxissent.
2443 3868 2659 3923 Verum
2692 3868 2747 3922 id
2782 3885 2955 3940 posse
2984 3868 3288 3940 impetrari
3311 3868 3383 3923 ab
3407 3868 3774 3939 imperatore

2101 3959 2460 4030 sperandum
2512 3974 2628 4013 non
2672 3962 2797 4012 erat
2830 3974 2842 4012 :
2880 3959 3237 4013 causabatur
3285 3958 3442 4013 enim
3476 3957 3576 4013 ille
3606 3975 3673 4014 se
3705 3959 3771 4015 id

2101 4049 2291 4103 facere
2331 4046 2589 4117 nequire.
2626 4047 2886 4103 Tenebat
2914 4046 3186 4103 videlicet
3214 4048 3513 4103 mordicus
3545 4048 3773 4104 invete-

2105 4142 2301 4192 ratum
2348 4136 2406 4190 in
2459 4136 2612 4190 aulis
2666 4152 2886 4191 morem
2939 4136 3263 4191 delationes
3310 4137 3774 4210 cujusquemodi

2098 4227 2252 4281 inter
2283 4225 2647 4297 principatus
2679 4226 3075 4281 instrumenta
3108 4226 3408 4295 censendi,
3460 4232 3517 4283 et
3547 4227 3631 4283 sic
3664 4244 3772 4284 ca-

2099 4315 2336 4370 lumniaa
2394 4314 2687 4382 medendi,
2739 4330 2872 4368 cum
2930 4314 3313 4386 regnantibus
3370 4315 3604 4388 expedit
3663 4320 3775 4372 aut

2100 4405 2261 4471 libet,
2297 4407 2361 4458 ut
2412 4403 2705 4458 eximatur
2737 4403 2975 4475 quidem
3010 4404 3272 4476 periculo
3306 4404 3457 4460 male
3490 4404 3773 4477 culpatus

2099 4493 2327 4560 insons,
2352 4492 2593 4564 impune
2619 4496 2815 4547 autem
2852 4491 3087 4549 omnino
3120 4493 3269 4547 ferat
3310 4492 3557 4565 iniquus
3589 4511 3771 4550 accu-

2099 4586 2260 4637 sator
2288 4582 2669 4653 quantumvis
2702 4580 2858 4636 falsae
2891 4585 3063 4652 atque
3093 4582 3768 4654 impudentis:crimina-

2023 4659 2065 4723 ί)
2097 4671 2274 4726 tionis
2333 4669 2546 4726 scelus.
2589 4670 2691 4726 Cui
2740 4669 3032 4743 ﬂagitiose
3096 4671 3311 4727 abusui
3362 4672 3514 4728 hanc
3574 4671 3767 4728 solent

2098 4778 2337 4816 causam
2392 4761 2727 4827 obtendere,
2762 4761 2916 4831 quod
2968 4761 3160 4816 omnis
3210 4777 3347 4833 spes
3393 4778 3461 4819 ac
3513 4762 3765 4818 facultas

2098 4850 2352 4922 principi
2383 4848 2706 4921 eriperetur
2735 4850 3125 4921 cognoscendi
3160 4851 3494 4922 quidquam
3529 4852 3599 4908 de
3633 4869 3770 4908 ma—

2099 4938 2538 4995 chinationibus
2559 4937 2826 5009 occultis,
2852 4955 2979 5010 quae
3007 4944 3211 4994 contra
3244 4940 3446 5012 ipsum
3479 4944 3584 4997 aut
3614 4958 3771 4997 rem-

2102 5026 2399 5099 publicam
2427 5026 2563 5080 iniri
2595 5026 2986 5098 contingeret,
3008 5029 3055 5082 si
3091 5027 3255 5100 gravi
3288 5030 3549 5100 periculo
3571 5029 3774 5085 deter-

2100 5124 2370 5175 rerentur
2398 5119 2469 5174 ab
2502 5118 2774 5173 audenda
2817 5118 3264 5176 denuntiatione
3320 5120 3773 5193 qualescunque

2099 5210 2411 5265 delatores.
2466 5209 2611 5280 Ergo
2660 5208 2984 5279 imperator
3032 5214 3231 5267 certus
3286 5211 3585 5268 convictos
3629 5210 3774 5268 licet

2097 5299 2553 5355 calumniatores
2613 5315 2728 5353 non
2786 5296 3012 5369 ulcisci,
3047 5299 3167 5372 egit
3215 5301 3343 5372 ipse
3395 5317 3529 5355 cum
3562 5300 3770 5372 Vecco,

2097 5407 2310 5460 rogans
2357 5388 2529 5444 etiam
2583 5392 2760 5459 atque
2812 5387 3012 5459 etiam,
3048 5390 3419 5446 condonaret
3447 5390 3518 5445 iis
3549 5407 3764 5445 noxam

2096 5480 2361 5551 exemplo
2393 5478 2629 5535 Christi.
2655 5477 2769 5532 Nec
2802 5477 2899 5533 ille
2932 5479 3003 5533 ad
3030 5484 3365 5535 extremum
3410 5480 3656 5549 abnuit;
3707 5484 3768 5535 et

2094 5586 2376 5627 assensus
2412 5569 2536 5639 jam
2586 5567 2801 5623 studiis
2833 5572 3184 5624 cunctorum
3216 5570 3311 5624 die
3337 5574 3501 5626 sexta
3534 5571 3759 5625 transis

2093 5658 2346 5731 Augusti
2394 5658 2661 5729 ejusdem
2710 5656 3072 5728 indictionis,
3109 5657 3419 5730 splendido
3463 5659 3756 5716 deductus

2094 5750 2373 5808 comitatu
2393 5753 2732 5806 senatorum
2761 5758 2816 5805 et
2840 5748 3108 5806 Ecclesia:
3145 5766 3475 5822 procerum,
3496 5750 3557 5807 in
3592 5750 3753 5823 pala-
