4080 6402
351 418 457 474 921

1416 418 1510 469 DE
1549 417 1922 472 MICHAEI.K
1962 415 2406 471 PALEOLOGO
2443 417 2575 470 LIB.
2616 417 2710 469 VI.

3665 409 3776 463 922

355 540 588 599 πολλῶν
615 540 785 614 ίῖερῶν
812 537 1021 611 ἀνδρῶν
1083 539 1172 593 καὶ
1225 538 1480 616 μεγάλων
1519 539 2012 617 κατησφαλίζοντο,
2043 547 2096 611 Α
2127 537 2566 615 ἐξεκηρύχθησαν
2628 541 2679 592 οἱ
2733 536 3034 611 ὀρθὸδοξοι,
3095 536 3184 592 καὶ
3231 537 3283 590 αἴ
3314 536 3451 608 πρὸς
3476 534 3568 589 τὸν
3626 533 3775 587 πάπ-

356 631 402 688 εί
439 632 534 704 μὶν
581 631 673 684 καὶ
728 627 1046 703 πατριάρχῃ
1102 625 1315 697 δοκοῦν,
1350 629 1448 682 (οὐκ
1496 627 1641 698 οἶδα,
1689 631 1826 690 τέως
1869 627 1926 682 δέ
1952 649 2016 704 γε

359 723 450 776 καὶ
509 718 633 774 λίαν
692 723 772 790 τῷ
836 716 1097 791 βασιλεῖ,
1158 717 1338 792 φέρειν
1397 718 1604 780 πίστεις
1657 720 2016 792 προνουμένῳ

360 810 551 883 ἐπὶτῇ
611 813 720 864 τῶν
784 807 1126 876 Ἐκκλησιῶν
1183 803 1447 880 συμϐάτει
1505 808 1652 882 παρά
1709 806 2012 862 δοκούντων

357 899 587 957 πολλῶν
648 899 739 954 καὶ
798 899 916 952 κατ’
976 896 1213 960 ἐκείνους
1266 897 1598 955 ἐπισκόπων.
1633 899 1729 952 Καὶ
1759 900 1861 973 γάρ
1895 898 2015 976 σερί-

359 1012 440 1047 σιν
473 988 619 1044 οὕτω
652 987 718 1042 τὰ
747 991 854 1041 τῶν
907 985 1218 1042 ἐπισκόπων
1271 987 1621 1042 ἐπεπύκνωτο
1673 991 1758 1060 [Ρ.
1783 989 1908 1060 316]
1941 988 2015 1048 ὡς

357 1079 448 1135 καὶ
509 1078 586 1140 εἷς
645 1074 971 1137 ἑκατοστύας
1028 1075 1372 1149 ἀριθμεῖσθαι
1422 1075 1684 1138 πλείστας
1730 1077 1829 1145 τὴν
1891 1077 2017 1149 παρ’

360 1169 588 1229 ἐκείνοις
649 1163 892 1221 σύνοδον.
948 1170 1088 1220 Ταῦτ
1138 1163 1239 1238 ἄρα
1288 1166 1377 1220 καῖ
1431 1167 1499 1220 τά
1555 1168 1797 1240 ἡμέτερα
1847 1167 2018 1236 ἐξισά-

359 1265 470 1328 ζειν
509 1253 685 1320 θέλων
743 1253 968 1316 ἐκείνοις
999 1257 1148 1327 ταῦτι
1181 1250 1428 1328 ἔπραττε.
1467 1253 1781 1318 Πολλαῖς”δ’
1813 1255 2020 1328 ἑτέραις

359 1351 596 1424 γραφαῖς
635 1348 742 1398 τῶν
794 1343 1080 1418 ἡμετέρων
1142 1344 1421 1418 Πατέρων,
1454 1350 1576 1406 ταῖς
1632 1344 1691 1398 ἐκ
1745 1348 1840 1398 τοῦ
1894 1345 2020 1397 Γὶοῦ

363 1433 579 1508 δηλαδή
640 1435 991 1509 προχεῖσθαι,
1040 1438 1422 1508 χορηγεῖσθαι,
1473 1431 1758 1497 δίδοσθαι,
1812 1431 2020 1504 ἐκλάμ-

362 1545 505 1590 πειν,
564 1521 1051 1600 ἐκφαίνεσθαι,καὶ
1109 1527 1229 1582 ταῖς
1289 1523 1658 1594 όμοίαις,τήν
1710 1526 1807 1576 τοῦ
1866 1527 2024 1575 ἐκπο-

367 1613 609 1690 ρεύεσθαι
669 1611 812 1684 λέξιν
877 1608 1150 1680 ἐπείλυον,
1210 1609 1508 1680 δηλοῦντες
1564 1611 1652 1665 καὶ
1710 1615 1893 1678 τοῦτο,
1948 1611 2023 1671 ὡς

366 1728 395 1756 ‹‹
445 1703 552 1759 Καὶ
599 1701 728 1764 τοὺς
792 1703 868 1774 μή
927 1701 1286 1773 πειθομένους
1347 1701 1644 1776 εἰρηνεύειν
1676 1707 1794 1763 ταῖς
1852 1701 2021 1772 ἀξίαις

369 1791 549 1854 δίκαις
607 1785 1134 1864 καθυποϐάλλομεν,
1169 1814 1196 1840 ››
1256 1790 1334 1847 Τὸ
1361 1788 1407 1843 δ’
1439 1791 1504 1865 ἄρ
1562 1791 1627 1859 ἦν
1663 1787 1893 1865 ὄνειρος,
1933 1790 2024 1845 καὶ

2119 650 2220 682 παν
2253 630 2478 706 γραφαὶ,
2539 629 2689 698 φασὶ,
2757 629 3022 704 μάρτυροι
3086 628 3412 704 σοφώτατοι.
3476 624 3552 680 Τὸ
3602 621 3670 691 δ’,
3702 625 3776 684 ὡς

2120 716 2216 789 ἐμὲ
2247 723 2377 791 γοῦν
2408 716 2627 786 εἰδέναι,
2662 716 2846 778 ἄλλως
2898 718 3065 791 εἶχεν,
3103 715 3151 769 εἶ’
3196 715 3284 769 καὶ
3336 714 3470 789 πρὸς
3516 713 3606 766 τὸν
3632 714 3780 766 πάπ-

2119 828 2221 861 παν
2252 809 2388 862 κατά
2417 829 2536 862 τινα
2567 808 2798 862 θωπείαν
2821 806 3011 878 ,οὕτως
3045 805 3327 882 ἐγράφετο.

2124 970 2214 1039 ιη’.
2252 969 2335 1026 Τά
2371 969 2506 1024 κατὰ
2555 969 2646 1042 τὸν
2703 969 2968 1042 Ἰγνάτιον
3023 967 3464 1042 καὶᾹ-Μελέτιον,
3499 965 3648 1025 ὅπως
3706 962 3782 1026 εἰς

2552 1041 2642 1096 τὰν
2694 1039 2912 1096 κάππαν
2945 1039 3348 1110 ἀπεστάλησαν.

2194 1168 2314 1224 Ὀτι
2350 1165 2406 1222 δὲ
2458 1166 2733 1229 κάκεῗνοις
2799 1165 3000 1239 μάταια
3053 1167 3189 1234 ἦσαν
3240 1164 3307 1217 τὰ
3357 1168 3458 1231 τῆς
3516 1159 3781 1229 θωπείας,

2127 1254 2387 1317 Μελέτιύς
2416 1278 2472 1310 τε
2502 1259 2589 1310 καὶ
2625 1256 2887 1330 Ἰγνάτιος
2932 1253 3153 1326 ἔδειξαν,
3208 1261 3288 1329 [Ρ·
3350 1255 3476 1322 317]
3509 1245 3779 1324 σχιζόμε-

2124 1366 2206 1398 νοι
2266 1346 2360 1416 μέν
2420 1348 2517 1412 τῆς
2572 1345 2903 1414 Έκκλήσίας
2960 1347 3288 1421 περιφανῶς.
3327 1339 3480 1410 δίκην
3535 1338 3591 1392 δὲ
3643 1339 3778 1413 πρὸς

2131 1434 2399 1510 βασιλέως
2462 1436 2798 1508 ὑποσχόντες
2859 1435 3172 1508 ἀπαχθῆναι
3227 1432 3362 1506 πρὸς
3423 1432 3645 1484 πάππαν
3707 1428 3781 1489 ὡς

2124 1524 2190 1578 τὰ
2219 1524 2306 1577 καὶ
2339 1526 2404 1578 τὰ
2444 1525 2780 1596 πεισόμενοι.
2837 1525 2936 1579 Καὶ
2989 1519 3346 1595 παρεδίόοντο
3399 1515 3655 1594 πρέσϐεσι
3687 1515 3777 1569 καὶ

2128 1613 2423 1686 ἀπήγοντο.
2459 1617 2552 1684 Τῷ
2612 1612 2668 1668 δὲ
2722 1619 2980 1668 τοσοῦτον
3011 1611 3264 1679 κολάζειν
3319 1608 3608 1682 ἐμέλησεν,
3642 1606 3780 1660 ὥστε

2125 1704 2214 1757 καὶ
2275 1702 2671 1772 ἐποικτῖζεσθαι
2732 1703 2775 1757 εἶ
2835 1701 3174 1770 Έκκλησιῶν
3256 1697 3510 1774 μεγάλων
3590 1697 3780 1770 εἰρήνῃ

2127 1790 2382 1864 ἐμποδὼν
2437 1791 2706 1848 ἵστανται.
2772 1793 2869 1846 Καὶ
2929 1791 3044 1864 μεθ’
3099 1789 3434 1863 ἱλαρότητος
3489 1787 3669 1855 πάσης
3703 1787 3780 1853 τῷ

366 1881 456 1937 ἐπὶ
487 1879 733 1955 ψεύδεσιν
765 1878 1118 1955 ἐγκληθέντες
1174 1878 1614 1954 ἀπολογούμενοι
1663 1878 1725 1932 ού
1758 1877 2023 1952 διαλύειν,
2055 1905 2101 1968 Β
2135 1880 2352 1956 βασιλεῖ
2399 1881 2827 1954 ἀντεπέμποντο,
2863 1881 3137 1951 ἀξιοῦντος
3195 1883 3292 1933 τοῦ
3335 1878 3529 1932 πάππα
3559 1877 3646 1929 καὶ
3685 1873 3784 1948 βα-

369 1969 516 2025 ἀλλὰ
546 1973 790 2039 συνιστᾷν
821 1969 884 2023 τὸ
916 1965 1171 2044 ἔγκλημα
1213 1974 1331 2029 τοῖς
1386 1966 1555 2022 εἰδόσι
1588 1965 2020 2043 διεγινώσκοντο.

368 2058 616 2134 Ἔμελλε
649 2057 706 2114 δὲ
733 2059 824 2114 καὶ
855 2063 1018 2114 τοῦτο
1047 2064 1164 2121 τοῖς
1208 2058 1584 2132 ταλαιπώροις
1615 2061 1735 2126 τῆς.
1782 2057 2024 2128 Ἐκκλη-

365 2149 482 2212 σίας
529 2147 810 2224 ἐσύστερον
871 2148 1189 2224 πρόσκομμ’
1246 2149 1404 2217 εἶναι,
1467 2145 1900 2223 ἐγκαλουμένοις
1947 2147 2020 2209 ὡς

361 2372 514 2428 tium
547 2370 894 2444 patriarchae
924 2368 1138 2425 iterum
1168 2367 1416 2424 solemni
1467 2368 1580 2423 ritu
1617 2368 1881 2424 invectus
1912 2371 2023 2436 est,

363 2461 510 2517 Hinc
535 2462 659 2531 jam
693 2461 832 2516 data
860 2467 947 2516 est
978 2475 1152 2530 opera
1187 2458 1599 2513 concinnando
1650 2457 1867 2528 scripto
1907 2473 2022 2529 quo

366 2567 530 2623 paper
559 2551 634 2622 (is
667 2555 808 2605 tunc
841 2554 966 2604 erat
1007 2547 1304 2617 Urbanus)
1353 2563 1534 2617 super
1581 2548 1874 2602 mandatis
1927 2563 2029 2618 per

363 2639 588 2710 legatos
641 2637 994 2694 renuntiatis
1041 2637 1376 2692 satisﬁeret.
1412 2636 1575 2690 Hunc
1606 2635 1871 2691 libellum
1902 2641 2029 2691 stu-

364 2730 396 2783 d
410 2727 953 2783 ueruntambitiosa
969 2725 1472 2796 subscriptionum
1493 2742 1708 2797 pompa
1734 2741 2027 2780 commen-

370 2819 545 2888 dare;
597 2817 653 2872 in
691 2833 808 2888 quo
837 2815 1058 2871 multos
1090 2831 1192 2886 pro
1225 2815 1518 2886 episcopis
1572 2815 1878 2870 obtrusere
1928 2814 2027 2886 qui

374 2921 484 2961 nec
533 2905 785 2962 ordinati
837 2921 1096 2976 unquam
1157 2905 1391 2958 fuerant
1422 2904 1480 2958 in
1517 2904 1696 2958 istum
1753 2905 2026 2975 gradum,

379 3011 485 3050 nec
536 3013 569 3049 a
621 2995 837 3066 quibus
891 2993 1424 3049 denominabantur
1481 2994 1625 3059 loca,
1657 2993 2028 3064 episcopatus

381 3082 619 3137 titulum
677 3082 910 3138 aliunde
969 3083 1298 3137 habuerant
1351 3098 1529 3152 quam
1571 3099 1605 3136 a
1647 3080 1892 3149 librarii,
1928 3081 2028 3151 qui

374 3171 662 3242 scriptum
708 3172 817 3228 hoc
867 3171 1162 3238 formavit,
1194 3187 1406 3238 manu;
1467 3187 1595 3241 quis
1645 3171 1818 3225 etiam
1871 3169 2031 3224 varia

371 3260 1034 3360 peritia-chirographos
1087 3260 1401 3324 etﬁngzendi
1433 3261 1504 3314 de
1533 3276 1640 3314 suo
1675 3258 1897 3313 addidit
1928 3275 2028 3313 no-
2058 3293 2101 3360 C

364 3349 526 3405 mina
548 3348 967 3421 plerorumque
987 3348 1107 3404 illic
1137 3350 1614 3420 subscriptorum
1637 3353 1919 3419 tanquam
1951 3347 2025 3402 ab

363 3438 513 3511 ipsis
555 3438 829 3495 videlicet
885 3439 1098 3510 posita,
1131 3454 1266 3493 eum
1324 3454 1559 3509 quoque
1602 3437 1662 3492 in
1710 3453 2023 3493 numerum

364 3545 688 3600 congerens
711 3528 928 3583 multos
943 3545 972 3583 e
989 3527 1175 3583 sacris
1199 3525 1542 3581 hominibus
1564 3527 1719 3581 fama
1739 3526 2024 3595 illustres,

367 3622 436 3673 ut
455 3623 620 3673 tanto
647 3617 865 3672 certius
899 3616 1354 3688 persuaderetur
1384 3615 1538 3685 quod
1573 3615 1874 3685 optabant.
1896 3619 2027 3669 Haec

369 3725 442 3763 an
475 3708 710 3763 conscio
738 3707 1065 3778 patriarcha
1096 3707 1181 3761 sic
1214 3709 1343 3760 acta
1387 3706 1524 3774 sint,
1550 3706 1706 3759 haud
1753 3703 2025 3775 equidem

372 3797 558 3852 habeo
582 3795 1364 3868 compertumeperatoris
1386 3793 1820 3848 aemulationem
1848 3794 1904 3848 in
1923 3794 2029 3848 hoc

373 3887 697 3958 quamdam
730 3885 917 3956 video,
953 3885 1270 3941 ambitiose
1301 3884 1492 3939 conati
1541 3900 1844 3954 exaequare
1893 3899 2028 3937 cum

376 3975 597 4031 Latinis
641 3993 732 4031 res
781 3975 1047 4031 Ecclesiae
1077 3974 1431 4030 Graecorum.
1481 3972 1626 4028 Cum
1660 3972 1815 4028 enim
1847 3971 1903 4026 in
1939 3972 2030 4026 in-

371 4065 725 4120 strumentis
754 4065 909 4120 462
956 4062 1155 4119 allatis
1203 4066 1388 4118 Roma
1436 4062 1674 4118 sancitaa
1723 4059 1844 4116 illic
1893 4077 2028 4116 cum

372 4154 587 4210 Graacis
643 4155 969 4210 concordiae
1029 4151 1390 4208 densissima
1420 4150 1924 4207 subscribentium
1956 4150 2028 4206 iis

373 4243 787 4315 episcoporum
818 4243 1061 4300 nomina
1090 4243 1334 4298 vidisset
1366 4241 1576 4314 (crebri
1608 4239 1761 4297 enim
1795 4241 1938 4296 adeo
1970 4241 2030 4294 in

373 4331 495 4387 illis
536 4332 803 4404 partibus
860 4333 1238 4404 episcopatus
1288 4335 1448 4397 sunt,
1483 4338 1541 4385 ul
1573 4345 1775 4386 eorum
1802 4328 2031 4402 [synodi

371 4421 650 4493 plurimis
702 4438 856 4494 saepe
914 4421 1202 4477 centuriis
1255 4421 1668 4492 episcoporum
1717 4419 2028 4491 constent),

369 4513 700 4584 imperator
720 4510 809 4567 vel
832 4513 903 4568 ad
928 4512 1104 4567 fidem
1127 4515 1292 4565 tanto
1316 4509 1639 4581 pleniorem
1675 4509 2029 4579 faciendam,

369 4602 487 4668 vel,
522 4606 585 4657 ut
615 4601 754 4670 dixi,
782 4603 854 4657 ad
895 4599 1347 4657 ostentationem
1392 4599 1560 4669 quasi
1610 4599 1921 4668 cujusdam
1972 4600 2032 4653 in

2135 1969 2289 2024 σιλέα
2337 1972 2646 2044 ἀνθρώποις
2703 1969 2925 2024 δοκοῦσι
2980 1974 3077 2024 τοῦ
3127 1967 3404 2039 ἀσφαλοῦς
3465 1965 3786 2038 ἀντέχεσθαι

2131 2060 2250 2113 κατ’
2283 2055 2565 2113 εὐλάϐειαν
2595 2059 2802 2133 ἱλαρῶς
2852 2059 2941 2112 καὶ
2995 2058 3155 2112 αὐτὸν
3214 2056 3636 2133 προσφέρεσθαι.
3682 2052 3786 2106 Ἦν

2135 2148 2225 2202 οὖν
2255 2146 2466 2220 ὁμοίως
2503 2148 2592 2202 καὶ
2641 2149 2708 2202 τά
2763 2152 2870 2202 τῶν
2930 2147 3270 2223 γραμμάτων
3326 2143 3540 2200 ἐκείνων
3575 2154 3792 2206 θωπευ-

2137 2369 2360 2424 aversis
2382 2387 2414 2425 a
2435 2369 2784 2442 requirendo
2808 2372 3134 2445 quidquam
3158 2372 3404 2428 ulterius
3425 2389 3456 2426 a
3480 2368 3790 2425 nobis.Ad-

2137 2457 2388 2513 debatur
2411 2459 2464 2513 in
2491 2461 2709 2530 scripto
2733 2462 2802 2516 ad
2821 2467 3176 2517 extremum:
3201 2481 3222 2510 α
3239 2462 3296 2517 Si
3318 2461 3449 2532 quis
3473 2460 3605 2514 huic
3627 2457 3789 2529 pacis

2137 2548 2504 2602 conventioni
2538 2565 2653 2603 non
2688 2550 3200 2622 otitemperabunt,
3230 2567 3329 2606 eos
3359 2548 3551 2620 dignis
3602 2545 3790 2618 poenis

2139 2637 2480 2692 afficiendos
2511 2638 2902 2696 decernimus.
2943 2663 2970 2690 »
3005 2643 3141 2706 Quae
3171 2657 3318 2695 vana
3348 2642 3513 2693 erant
3556 2639 3790 2703 cuncta,

2138 2741 2244 2780 nec
2274 2724 2428 2780 ultra
2460 2725 2695 2781 inanem
2728 2727 2893 2796 quasi
2927 2728 3140 2783 somnii
3173 2727 3425 2799 speciem
3482 2724 3691 2790 solida,
3725 2738 3792 2778 eo

2139 2813 2373 2883 quidem
2408 2815 2700 2886 affectata,
2734 2820 2797 2871 ut
2827 2817 3125 2886 abjectum
3172 2815 3460 2870 mendacii
3496 2831 3560 2868 ac
3596 2818 3791 2867 trans-

2141 2903 2253 2957 acti
2286 2919 2398 2957 non
2437 2904 2591 2959 bona
2622 2905 2735 2959 ﬁde
2767 2905 2946 2976 hujus
2980 2905 3196 2977 negotii
3228 2904 3445 2959 crimen
3478 2903 3790 2962 diluerent,

2141 2993 2240 3046 sed
2277 3007 2496 3058 revera,
2522 2994 2570 3048 si
2604 2994 2736 3064 quis
2770 2993 3181 3066 introspiceret
3211 2994 3446 3066 penitus
3479 2998 3536 3047 et
3566 3008 3686 3046 rem
3720 2991 3792 3044 ad

2140 3081 2433 3152 liquidum
2494 3089 2885 3152 pernosceret,
2929 3083 3069 3139 talia
3119 3102 3242 3155 quae
3295 3083 3469 3139 istius
3526 3080 3793 3152 ejusdem

2141 3170 2408 3226 criminis
2457 3188 2587 3227 reos
2633 3178 2978 3244 peragerent
3006 3191 3104 3229 eos
3129 3174 3286 3243 ipsos
3321 3172 3421 3244 qui
3451 3171 3599 3225 illud
3628 3173 3797 3225 tanta

2141 3276 2279 3314 cura
2310 3260 2697 3331 depellebant.
2729 3265 3016 3317 Caeterum
3051 3263 3168 3317 haec
3203 3263 3260 3317 in
3292 3263 3554 3315 futurum
3607 3275 3794 3331 quon-

2143 3350 2277 3403 dam
2302 3349 2780 3406 criminationum
2797 3368 2936 3423 argu
2949 3357 3144 3407 mentu
3157 3369 3208 3406 m
3225 3356 3282 3407 et
3294 3351 3612 3406 vexationis
3625 3364 3795 3403 occa-

2143 3437 2368 3493 sionem
2410 3439 2639 3495 miseris
2687 3441 3100 3496 ecclesiasticis
3149 3457 3388 3496 cessura
3434 3442 3621 3501 erant,
3649 3436 3788 3492 olim

2143 3529 2493 3584 accusandis
2535 3530 2704 3600 quasi
2751 3531 3089 3586 orthodoxis
3121 3530 3433 3584 anathema
3466 3527 3787 3594 dixissent;

2142 3618 2313 3687 cujus
2337 3618 2418 3672 rei
2439 3618 2599 3673 velut
2630 3624 2808 3674 testes
2840 3620 3153 3675 certissimi
3186 3621 3272 3673 hae
3302 3623 3442 3674 tunc
3476 3618 3545 3672 ad
3578 3631 3791 3688 papam

2143 3705 2369 3775 scriptae
2428 3707 2630 3762 litterae
2683 3708 3000 3780 allegandae
3050 3713 3234 3764 erant.
3286 3711 3630 3778 Quanquam
3686 3705 3796 3759 illae

2144 3809 2274 3848 meo
2305 3795 2536 3864 quidem
2564 3796 2791 3866 judicio
2819 3815 2932 3852 non
2975 3815 3041 3854 eo
3086 3815 3284 3853 revera
3329 3797 3563 3867 scriptae
3614 3810 3792 3850 sensu

2143 3887 2305 3948 sunt,
2329 3899 2505 3953 quem
2530 3883 2617 3938 vel
2651 3885 2708 3939 in
2745 3886 2998 3957 speciem
3033 3885 3524 3957 praeferebantvel
3554 3901 3798 3955 persua-

2143 3988 2276 4025 sum
2315 3975 2456 4025 tunc
2502 3972 2694 4026 Latini
2744 3973 3102 4040 habuerunt,
3137 3976 3341 4029 fucata
3373 3974 3666 4045 siquidem
3701 3989 3799 4041 per

2143 4062 2600 4117 assentationem
2647 4063 2716 4117 ad
2769 4079 2977 4135 papam
3012 4063 3244 4119 fuerant
3273 4063 3334 4118 in
3367 4063 3620 4134 speciem
3679 4061 3799 4116 illic

2143 4150 2518 4221 placituram.

2146 4315 2231 4369 18.
2285 4315 2359 4370 De
2399 4316 2620 4384 Ignatz'o
2665 4320 2715 4370 et
2767 4315 3007 4458 Μείθθείο2
3052 4318 3116 4441 git
3163 4315 3212 4371 ii
3259 4314 3337 4370 ad
3384 4331 3590 4386 papam
3639 4312 3798 4367 missi

2880 4404 3045 4443 uerm
3079 4431 3090 4443 .

2880 4404 3090 4443 uermz.

2216 4511 2332 4567 Nec
2359 4511 2619 4567 vicissim
2652 4529 2767 4567 non
2819 4511 2931 4584 ipsi
2983 4513 3173 4569 Latini
3219 4511 3502 4568 assentati
3535 4509 3704 4565 nobis
3734 4509 3792 4562 in

2146 4599 2256 4654 hoc
2311 4600 2545 4671 negotio
2602 4602 2870 4671 quaedam
2931 4607 3092 4669 sunt,
3142 4608 3316 4673 prout
3367 4602 3424 4655 in
3470 4599 3681 4656 Meletii
3741 4602 3798 4653 et

372 4659 489 4748 hoc
521 4659 755 4763 quoque
803 4688 1160 4762 mqualitatis
1211 4659 1523 4742 Orientalis
1579 4659 1852 4742 Ecclesiae
1900 4703 2035 4742 cum
2068 4659 2116 4722 Β
2147 4689 2357 4759 Ignatii
2387 4659 2567 4746 causa
2598 4659 2888 4762 apparuit.
2914 4691 2980 4744 Hi
3019 4659 3172 4761 quod
3207 4692 3360 4746 463
3394 4690 3564 4762 plane
3595 4706 3659 4744 ac
3691 4705 3797 4760 pa-

377 4780 660 4852 Occidua,
683 4781 856 4835 istam
877 4784 1006 4834 turn
1031 4776 1300 4833 adhibuit
1329 4775 1884 4846 multiplicationem
1906 4793 2039 4846 spe-

381 4872 602 4926 ciosam
627 4869 977 4925 nostratium
999 4865 1342 4940 praesulum.
1370 4865 1516 4920 Illud
1549 4864 1726 4920 etiam
1749 4865 1809 4920 in
1836 4866 2036 4920 eodem

377 4960 599 5031 scripto
629 4963 899 5016 curatum
932 4963 1042 5025 est,
1068 4962 1135 5012 ut
1155 4956 1214 5010 in
1238 4955 1615 5028 rxpressione
1642 4954 1935 5025 dogmatis
1967 4955 2038 5009 de

377 5049 636 5120 Spiritus
667 5047 856 5104 sancti
886 5045 1260 5118 processione
1293 5060 1540 5100 numero
1572 5042 1793 5112 ingenti
1825 5058 2035 5114 conge-

371 5143 646 5194 rerentur
683 5136 854 5194 variae
911 5137 1301 5204 undecunque
1343 5149 1590 5189 corrasaa
1638 5132 1877 5187 Patrum
1929 5149 2038 5187 no-

370 5234 636 5285 strorum
669 5228 1016 5291 locutiones,
1043 5225 1329 5280 aientium
1362 5227 1633 5279 sanctum
1658 5221 1943 5292 Spiritum
1969 5238 2036 5275 ex

370 5317 521 5374 Filio
546 5315 842 5390 profundi,
867 5313 1134 5386 prteberi,
1159 5314 1308 5380 dari,
1331 5312 1801 5387 explendescere,
1819 5310 2035 5366 micare

365 5403 1334 5476 autostendi,similesque,quibus
1348 5401 1794 5458 accumulandis
1808 5399 1863 5454 id
1879 5399 2031 5455 clam

369 5493 905 5568 agebant,utquasi
921 5495 1238 5548 obruerent
1255 5489 1610 5562 procedendi
1629 5489 1912 5544 usitatum
1930 5489 2032 5544 La-

372 5585 798 5650 linisverhum,
823 5586 1026 5638 etcum
1043 5581 1101 5636 id
1116 5581 1367 5637 aliorum
1395 5579 1645 5635 istorum
1668 5578 1912 5634 obtentu
1946 5583 2028 5633 te-

373 5673 814 5748 geretur,tacite
832 5672 1203 5742 abrogarent,
1218 5672 1349 5743 ejus
1360 5667 1752 5726 assertoribus
1767 5666 1882 5723 ista
1894 5683 2028 5739 pro-

375 5769 632 5821 latorum
655 5780 689 5820 a
710 5760 1001 5819 nostrisin
1021 5759 1274 5832 speciem
1307 5757 1811 5833 equipollentium
1831 5757 2026 5830 specie

2144 4778 2263 4833 lam
2289 4794 2350 4833 se
2381 4778 2674 4834 abscissos
2715 4779 2787 4833 ab
2828 4778 3084 4835 Ecclesia
3116 4781 3397 4848 ferebant,
3428 4776 3690 4834 damnati
3723 4777 3795 4831 ab

2145 4867 2498 4938 imperatore
2544 4883 2610 4922 ac
2657 4867 2837 4922 dediti
2893 4873 3060 4939 Papa:
3120 4872 3280 4935 sunt,
3321 4867 3598 4940 gravibus
3630 4867 3702 4920 ab
3729 4882 3796 4921 eo

2143 4955 2415 5011 videlicet
2445 4957 2732 5012 multandi
2766 4957 2988 5028 poenis;
3041 4959 3112 5013 ad
3156 4960 3332 5030 idque
3365 4957 3794 5013 revertentibus

2147 5046 2392 5100 Romam
2425 5046 2626 5101 traditi
2659 5045 2856 5117 legati,
2890 5062 2955 5102 eo
2989 5048 3226 5103 demum
3259 5047 3542 5120 perducti.
3577 5050 3792 5102 Verum

2145 5138 2380 5189 tantum
2409 5135 2597 5190 abfuit
2619 5140 2683 5190 ut
2703 5135 2786 5190 eis
2811 5136 3062 5207 pontifex
3090 5136 3278 5192 ullum
3312 5135 3668 5208 supplicium
3688 5135 3793 5190 de-

2144 5229 2425 5293 cerneret,
2457 5231 2522 5280 ut
2555 5225 2708 5282 ultro
2751 5227 3068 5284 miseratus
3115 5229 3277 5300 ipsos
3328 5229 3422 5298 sit,
3455 5227 3609 5299 quod
3641 5225 3794 5280 invi-

2145 5314 2310 5369 diosa
2341 5314 2676 5386 suspicione
2700 5321 3100 5388 gravarentur,
3125 5318 3291 5386 quasi
3325 5318 3559 5373 obstare
3581 5315 3797 5372 vellent

2143 5419 2215 5459 ne
2243 5404 2395 5459 inter
2425 5420 2671 5475 magnas
2720 5403 3006 5461 Ecclesiae
3040 5423 3149 5477 pax
3181 5407 3554 5463 stabiliretar.
3592 5408 3795 5475 Itaque

2141 5510 2275 5549 cum
2308 5493 2468 5548 omni
2501 5493 2933 5565 signiﬁcatione
2982 5496 3402 5552 benevolentia:
3432 5494 3665 5551 remissi
3697 5493 3791 5548 adi

2139 5583 2576 5655 imperatorem,
2644 5585 2821 5638 etiam
2899 5587 3413 5642 commendatitias
3473 5602 3505 5640 a
3559 5600 3710 5656 papa
3764 5599 3795 5638 e

2139 5671 2542 5742 reddiderunt,
2567 5671 2787 5744 quibus
2817 5670 2917 5728 ille
2950 5675 3268 5747 rogabatur
3291 5679 3353 5730 ut
3373 5673 3643 5729 homines
3665 5673 3792 5728 sine

2135 5777 2316 5819 causa
2341 5767 2672 5836 suspectos,
2698 5764 2754 5819 et
2789 5761 2892 5834 qui
2921 5763 3268 5822 viderentur
3296 5774 3512 5824 rectam
3539 5769 3598 5823 et
3628 5776 3802 5827 secu'
