4080 6398
350 372 456 428 923

1660 383 1963 439 GEORGII
2001 385 2466 439 PACHYMERE

3671 378 3789 445 924

348 498 494 567 τικὰ,
529 495 715 561 ἄλλως
744 495 1033 572 προϐάσης
1070 502 1145 565 ὡς
1173 501 1420 565 πολλοὺς
1452 502 1647 559 εἰδέναι
1680 512 1781 575 τῆς
1826 505 1997 576 ἐκκη-
2032 515 2079 578 Α
2115 508 2378 580 ζομὲνων,
2421 507 2567 576 πλὴν
2626 506 2708 562 ἐπ’
2766 504 3033 583 ἀσφαλείᾳ
3089 508 3426 582 περιφανεῖς,
3466 505 3541 557 ὦν
3593 503 3674 566 εἷς
3709 503 3783 571 ἦν

354 586 571 658 ρύξεως.
636 588 861 657 Ἐπειδὴ
913 590 1015 665 γάρ
1065 612 1205 653 τινες
1254 596 1363 645 τῶν
1413 599 1677 667 περιττῶν
1730 594 1819 649 καὶ
1854 594 2009 649 εὐκό-

351 673 485 744 λων,
521 678 603 740 οἷς
634 675 749 731 οὐδ’
780 678 844 746 ἧν
876 680 938 732 τὸ
990 680 1239 752 παράπαν
1300 680 1490 736 εἷ’δὲναι
1540 684 1604 737 τά
1635 691 1733 752 τῆς
1773 683 2009 753 Ἐκκλη-

352 766 471 827 σίας
529 770 631 819 τῶν
694 767 941 835 Ἰταλῶν,
986 764 1108 822 οὕτε
1171 771 1275 840 μὴν
1337 772 1429 825 καὶ
1490 772 1697 844 ἀξιοῦσι
1758 774 2006 843 ξυνιέναι,

353 854 427 915 ὡς
458 853 627 908 πάλαι
659 856 788 909 ποτε
818 857 953 924 ἦσαν
988 856 1037 910 ἐν
1077 860 1317 931 πρώτοις
1351 860 1627 933 ἡνωμένοι
1674 866 1780 916 τῶν
1816 861 2002 917 ἄλλων

350 941 541 1011 πλέον,
574 944 667 998 κάν
700 967 751 998 τι
785 948 1056 1018 συμπεσὸν
1108 948 1379 1022 παρέλυσε
1425 952 1516 1004 τὸν
1574 949 1797 1024 δεσμὸν,
1852 952 2006 1023 ὅμως

355 1029 411 1085 δὲ
461 1032 626 1087 πάλιν
679 1034 1093 1107 ἀπαράθραυστα
1139 1040 1391 1109 μένουσιν
1439 1044 1575 1112 ἡμῖν
1626 1063 1683 1095 τε
1732 1042 2005 1103 κάκείνοις

353 1119 417 1173 τὰ
445 1126 541 1174 τοῦ
574 1128 1006 1197 Χριστιανισμοῦ
1041 1130 1313 1202 μυστήρια
1335 1174 1347 1195 ,
1381 1130 1453 1191 ὡς
1506 1128 1675 1202 μηδὲν
1707 1151 2007 1206 παρεγχει-

356 1215 465 1281 ρεῖν
498 1208 715 1283 τολμᾷν
748 1234 897 1275 τινας
954 1214 1036 1269 soi
1093 1238 1151 1270 τε
1202 1217 1454 1291 τελεσμῷ
1514 1221 1888 1294 βαπτίσματος
1920 1221 2007 1275 καὶ

355 1298 621 1375 ἱερωσύνῃ
681 1303 768 1356 καὶ
829 1303 991 1377 γάμῳ
1044 1308 1133 1360 καὶ
1194 1313 1469 1383 μοναχικῇ
1540 1310 1857 1365 καταστάσει
1918 1313 2005 1365 καὶ

349 1394 465 1451 τοῖς
491 1389 710 1453 λοιποῖς
742 1396 823 1454 οἷς
859 1392 958 1468 ἄρα
996 1396 1086 1449 καὶ
1120 1399 1152 1465 ἡ
1186 1397 1452 1467 καθολικὴ
1497 1399 1584 1453 καὶ
1644 1399 1740 1471 μία
1773 1399 2011 1471 Ἐκκλη-

350 1478 439 1531 σία
469 1479 597 1542 τοὺς
647 1481 815 1551 αὐτῆς
869 1485 1108 1539 ἐπιτελεῖ
1163 1488 1495 1564 τροφίμους,
1551 1488 1677 1544 ἀλλ’
1711 1488 1889 1561 ὥσπερ
1948 1488 1980 1543 ἂ

350 1567 408 1621 ἐκ
463 1566 689 1639 δρυὸςῆ
725 1572 830 1626 ἀπὸ
889 1572 1094 1649 πέτρης
1154 1577 1394 1651 ἀρχῆθεν
1448 1580 1605 1647 ἦσαν,
1672 1577 1839 1651 μηδὲν
1900 1585 2008 1637 τῶν

350 1662 468 1717 τοῖς
520 1660 867 1733 Χριστιανοῖς
924 1664 1235 1733 ἀνηκόντων
1300 1665 1501 1729 εἶδότες
1550 1668 1639 1722 καὶ
1701 1666 1789 1723 διὰ
1844 1674 2012 1724 ταῦτα

354 1744 592 1807 ἐκείνους
674 1748 918 1813 ἐκτόπως
998 1753 1511 1828 ἀποστρεφόμενοι,
1581 1759 1668 1812 καὶ
1730 1759 1797 1811 τὰ
1868 1760 2011 1833 παρά

2115 597 2206 651 καὶ
2252 599 2278 651 6
2329 596 2379 651 ἐν
2428 602 2732 673 Φρυγανοῖς
2795 595 3046 657 Ἀκάκιος
3103 594 3193 650 καὶ
3234 596 3262 649 ὁ
3298 594 3551 667 μαθητὴς
3611 592 3787 647 αὐτοῦ

2118 688 2389 761 Γερμανὸς
2448 687 2538 741 καὶ
2598 685 2787 741 λοιποὶ
2843 684 3138 754 πλεῖστοι,
3212 684 3302 739 καὶ
3378 684 3543 756 μέσον
3593 683 3782 737 αὐτῶν

2111 772 2351 845 ἵσταται,
2384 774 2475 829 καὶ
2524 774 2877 839 ’καθικετεύει
2930 772 2989 828 ἐκ
3036 777 3145 828 τῶν
3198 772 3527 847 Ἰχνηλάτου
3588 777 3786 845 Παρα-

2117 859 2506 937 ϐολικῶν,τοῦ
2560 867 2635 937 μὴ
2697 858 2999 936 προλαϐεῖν
3055 862 3183 924 τοὺς
3238 860 3649 934 ἐπιτιθεμένους
3680 862 3789 933 ἁρ-

2116 954 2382 1029 γο·3ντων,
2452 955 2525 1016 ὡς
2580 954 2672 1008 καὶ
2730 952 2982 1015 πολλοὺς
3045 951 3407 1026 μνημονεύειν
3447 993 3463 1019 ,
3522 951 3661 1005 κατά
3714 950 3782 1004 τὸ

2116 1042 2429 1117 πρόσφορον
2476 1045 3030 1117 προοιμιασάμενος,
3095 1046 3170 1115 μὴ
3247 1038 3496 1114 παριδεῖν
3581 1037 3789 1094 κινδυ-

2115 1144 2371 1188 νεύουσαν
2428 1136 2525 1202 τὴν
2582 1135 2874 1209 θρησκείαν
2910 1179 2926 1202 ,
2997 1130 3139 1205 μηδὲ
3197 1134 3450 1206 σχήματι
3499 1123 3790 1191 εὐσεϐείας

2115 1220 2489 1295 προδιδόμενο.
2519 1224 2585 1276 τὰ
2614 1222 2771 1295 τίμια
2800 1222 2928 1296 παρ’
2976 1218 3129 1275 οὐδὲν
3174 1219 3437 1290 τίθεσθαι,
3471 1215 3601 1272 ἀλλ’
3633 1216 3789 1289 ἀμύ-

2114 1333 2222 1365 νειν
2284 1311 2444 1365 παντὶ
2496 1312 2686 1386 τρόπῳ
2742 1317 2864 1372 τοῖς
2920 1317 3021 1377 τῆς
3076 1307 3412 1377 Ἐκκλησίας
3475 1308 3583 1380 [Ρ.
3647 1307 3788 1381 318]

2118 1403 2364 1474 θεσμοῖς.
2400 1402 2552 1455 Εἶναι
2603 1401 2703 1477 γὰρ
2756 1399 3005 1475 μεγάλην
3055 1400 3234 1471 ἀνίαν,
3285 1399 3351 1469 ἢν
3407 1394 3497 1451 διά
3550 1418 3605 1451 τι
3632 1416 3786 1472 παρ-

2118 1499 2411 1568 εισιρρῆσαν
2447 1492 2563 1545 κατ’
2598 1491 2921 1564 οἰκονομίαν
2973 1494 3082 1545 τῶν
3138 1490 3213 1562 μὴ
3277 1489 3547 1557 συνήθων,
3603 1486 3786 1561 ἀνάγ-

2116 1602 2218 1651 κης
2278 1580 2723 1657 παραπεσούσης,
2782 1580 2935 1635 αὐτοὶ
2992 1586 3094 1649 τῆς
3146 1574 3481 1647 Ἐκκλησὶας
3539 1577 3794 1631 ἀποστα-

2115 1675 2330 1733 τοῦντες
2367 1670 2476 1745 οὐχ
2506 1670 2655 1734 ὅπως
2685 1673 2744 1725 τὸ
2811 1671 2886 1743 μή
2950 1666 3145 1723 δοκοῦν
3207 1666 3571 1745 φυλάττοιντο
3634 1664 3795 1741 σφίσι

2115 1762 2231 1815 καθ’
2289 1760 2528 1832 αὐτοὺς,
2591 1759 2736 1815 ἀλλά
2804 1761 2891 1815 καὶ
2951 1758 3155 1831 νόμους
3210 1756 3543 1827 Ἐκκλησίας
3600 1776 3795 1829 παρα-

350 1841 469 1899 τοῖς
513 1840 807 1911 ἡμετέροις
854 1837 1253 1899 ἐϐδελύσσοντο
1310 1846 1437 1922 ἅγια
1480 1846 1570 1901 καί
1618 1853 1890 1919 κρημνοῖς
1920 1847 2009 1902 καὶ
2044 1852 2269 1951 Βλυειν
2301 1848 2580 1922 τολμῷεν,
2633 1851 2705 1903 ὧν
2733 1855 2852 1911 τοῖς
2910 1847 3267 1921 τολμήμασιν
3298 1846 3352 1901 ’ὲν
3392 1847 3558 1918 μόνον
3617 1846 3795 1899 κακὸν

354 1928 743 1951 ___--.__~,--r,,,\
800 1926 824 1946 ν
1036 1930 1145 1951 sam
1299 1935 1311 1951 ε
1508 1933 1550 1951 m
1653 1931 1677 1951 ν
1874 1936 1885 1951 ι
2102 1922 2143 1951 ⁵.
2200 1940 2209 1951 ,
2397 1940 2409 1951 ι
2508 1941 2520 1951 .
2833 1938 2876 1951 ι.-
3024 1939 3035 1951 .
3147 1946 3152 1951 .
3268 1942 3290 1951 ..
3373 1937 3433 1951 ..Α
3713 1934 3728 1951 ι

353 1932 627 1997 ποταμοῖς
655 1928 745 1982 καὶ
797 1926 974 2004 ὄρεσιν
1033 1930 1245 1987 ἐδίδουν
1284 1935 1357 1997 ὡς
1420 1933 1588 2008 μηδὲν
1650 1931 1778 1989 ὄντα
1834 1936 2012 2008 τίμια,

353 2014 632 2069 κάντεῦθεν
694 2016 936 2075 ἐκώλυον
998 2022 1063 2075 τά
1119 2029 1219 2091 τῆς
1274 2024 1556 2092 πίστεως,
1641 2021 2012 2098 ἀναλαμϐάνει

360 2102 527 2189 ζῆλον
576 2106 603 2158 ὁ
650 2105 926 2180 βασιλεὺς,
986 2111 1075 2164 καὶ
1134 2112 1338 2175 πάντας
1390 2112 1718 2176 ἐπισκόπους
1775 2135 2013 2189 προσκα-

357 2188 534 2246 λεῖται
581 2195 671 2249 καὶ
732 2197 1011 2272 μοναχοὺς
1035 2242 1049 2268 ,
1100 2195 1210 2255 ἔστι
1245 2199 1291 2255 δ’
1324 2203 1384 2255 οὗ
1416 2202 1505 2258 καὶ
1535 2225 1686 2265 τινας
1716 2188 1825 2258 τῶν
1885 2223 2013 2278 σχι-

362 2430 487 2471 ram
540 2414 841 2487 religionis
889 2419 1042 2475 viam
1092 2420 1387 2491 insistere,
1433 2421 1646 2479 blande
1695 2424 1820 2496 ipse
1870 2441 2017 2496 quo-

362 2522 474 2575 que
506 2521 571 2560 ac
602 2505 941 2563 humaniter
994 2510 1285 2582 exciperet
1316 2513 1471 2583 apud
1528 2530 1707 2583 seque
1754 2513 2014 2570 haberet.

364 2592 436 2649 Ut
458 2594 579 2650 hac
611 2612 783 2667 porro
815 2600 1199 2655 assentatorie
1232 2602 1562 2673 agebantur
1591 2607 1648 2657 et
1678 2604 2015 2659 scribeban-

361 2686 461 2738 tur
489 2700 557 2740 ex
588 2690 751 2756 parte
773 2688 1135 2759 Latinorum,
1162 2691 1245 2747 sic
1269 2698 1438 2749 erant
1459 2698 1517 2749 et
1539 2692 1673 2763 illze,
1696 2711 1845 2767 quas
1875 2693 2015 2763 dixi,

364 2790 397 2827 a
418 2773 632 2829 nostris
655 2777 725 2831 ad
750 2794 961 2850 papam
996 2780 1144 2835 datae
1178 2782 1385 2837 litterae
1418 2800 1534 2839 non
1568 2789 1835 2856 expertes
1865 2786 2017 2840 adu-

360 2861 549 2919 latorii
613 2865 749 2934 fuci,
783 2872 1127 2939 profitentes
1178 2872 1448 2929 videlicet
1496 2891 1600 2930 nec
1650 2874 1838 2929 ullum
1891 2876 2016 2945 jam

362 2953 601 3023 agnosci
634 2956 733 3025 qui
767 2956 1000 3015 Latinos
1030 2966 1130 3015 aut
1161 2962 1234 3017 iis
1266 2963 1634 3019 adhaerentes
1658 2981 1760 3035 pro
1782 2981 2019 3019 excom-

364 3042 684 3099 municatis
762 3045 1023 3119 haberet,
1086 3056 1143 3105 et
1191 3051 1238 3105 si
1296 3056 1430 3124 quis
1488 3052 1546 3107 in
1602 3058 1903 3124 posterum
1959 3053 2017 3108 id

362 3132 578 3187 audere
629 3134 1016 3207 detegeretur,
1052 3138 1209 3195 haud
1269 3140 1510 3213 impune
1568 3142 1852 3213 laturum,
1884 3160 2020 3199 cum

360 3226 560 3278 tamen
612 3224 816 3281 multis
848 3232 1047 3283 notum
1082 3235 1238 3286 esset
1270 3249 1384 3287 non
1417 3234 1620 3288 deesse
1650 3233 1747 3303 qui
1778 3233 1857 3288 ita
1888 3252 2019 3289 sen-

2125 1940 2325 2009 λείπει,
2358 1940 2419 1995 τὸ
2456 1941 2528 2012 μὴ
2567 1938 2956 2015 χριστιανίζειν
3017 1939 3338 2011 ὁμολογεῖν.
3373 1937 3533 1990 Ὥστε
3580 1934 3799 2011 παρόν-

2124 2049 2215 2090 τος
2242 2028 2442 2083 τούτου
2476 2029 2633 2104 ἰσχὺν
2689 2028 2819 2091 τοὺς
2875 2027 3329 2103 ἀναχαιτίσοντας
3385 2022 3535 2102 ἔχειν
3563 2024 3645 2098 τῷ
3678 2026 3799 2079 ἀπὸ

2122 2124 2223 2185 τῆς
2257 2116 2585 2189 Ἐκκλησίας
2618 2116 2822 2191 δεσμῷ,
2857 2118 2936 2193 ἐφ’
2966 2119 3012 2190 ᾧ
3043 2119 3077 2188 ἢ
3104 2116 3194 2171 καὶ
3224 2114 3378 2171 αὐτοὶ
3411 2113 3516 2170 δέει
3546 2112 3801 2192 ληφθὲν-

2122 2227 2211 2269 τες
2242 2206 2584 2283 ἀπόσχοιντο
2622 2213 2723 2263 τοῦ
2780 2208 2919 2263 κατὰ
2972 2212 3079 2262 τῶν
3142 2204 3295 2261 ΐδίων
3352 2204 3682 2279 σπλάγχνων
3727 2204 3803 2259 τὸ

2127 2443 2277 2484 cere.
2324 2432 2458 2483 Hazc
2515 2444 2651 2485 cum
2699 2428 2758 2483 in
2805 2443 3041 2499 gravem
3075 2443 3141 2482 ac
3172 2424 3562 2497 perniciosam
3614 2422 3805 2479 Chri-

2128 2517 2331 2573 stianae
2392 2518 2525 2573 fidei
2584 2517 2837 2588 grassari
2896 2515 3399 2588 perturbationem
3462 2515 3802 2585 imperator

2128 2612 2409 2673 cerneret,
2432 2607 2552 2663 zelo
2586 2624 2685 2680 pro
2717 2606 3067 2679 indignitate
3097 2606 3181 2661 rei
3212 2609 3540 2677 assumpto,
3571 2621 3794 2662 omnes

2128 2700 2199 2753 ad
2233 2714 2294 2753 se
2324 2714 2459 2753 cum
2486 2698 2791 2770 episCOpos
2838 2701 2968 2752 tum
3014 2695 3335 2752 monachos
3392 2699 3694 2762 convocat,
3731 2699 3797 2749 et

2127 2786 2185 2842 in
2220 2787 2313 2843 his
2346 2788 2633 2859 quosdam
2666 2787 2726 2841 in
2759 2790 2922 2859 parte
2952 2784 3466 2841 schismaticorum
3496 2783 3801 2852 illustres,

2128 2876 2460 2947 data'ipsis
2507 2877 2579 2931 ad
2629 2876 2737 2931 hoc
2797 2875 3129 2931 securitate.
3164 2875 3385 2930 Horum
3443 2890 3598 2928 unus
3664 2879 3805 2929 erat

2128 2966 2375 3021 Aeacius
2407 2965 2870 3037 Phryganorum,
2902 2964 3051 3019 alter
3094 2964 3223 3033 ejus
3271 2961 3600 3033 discipulus
3648 2961 3805 3017 Ger-

2133 3072 2366 3121 manus,
2401 3071 2654 3126 cumque
2684 3054 2777 3109 his
2810 3053 2910 3109 alii
2942 3068 3178 3125 quoque
3232 3051 3497 3123 plurimi.
3532 3050 3807 3107 Istorum

2131 3144 2189 3200 in
2214 3161 2493 3201 consessu
2526 3148 2872 3200 cunctorum
2906 3144 3139 3200 medius
3165 3141 3485 3213 imperator
3504 3140 3695 3196 oravit
3725 3157 3806 3196 ex

2134 3232 2443 3289 Iehnelataa
2502 3233 2878 3299 Parabolicis,
2919 3233 3093 3302 cujus
3145 3230 3278 3286 libri
3309 3235 3367 3286 et
3396 3230 3509 3287 loci
3560 3231 3634 3286 ad
3684 3229 3806 3286 hoc

322 3333 329 3340 -
357 3311 535 3368 tirent
565 3317 623 3369 et
654 3315 848 3387 palam
880 3319 1193 3374 anathema
1225 3321 1485 3377 dicerent
1530 3284 2020 3394 amplectentibus
2054 3284 2097 3351 Ο
2134 3284 3638 3395 tempusvopportuni'plerosquuefipsorum‘recordari
3662 3284 3809 3376 con;

362 3417 587 3473 pacem.
624 3402 802 3459 Erant
852 3405 911 3460 hi
963 3424 1398 3479 supervacanee
1430 3412 1649 3466 morosi
1680 3411 1924 3482 quidam
1968 3416 2023 3467 et

363 3490 630 3548 delicatis
663 3495 1063 3565 superstitiosi
1095 3497 1366 3563 fastidiis,
1391 3500 1649 3570 quicum
1674 3506 1730 3555 et
1754 3500 2023 3556 funditus

363 3579 704 3652 ignorarent
741 3587 799 3638 et
847 3583 1071 3640 discere
1121 3603 1238 3641 non
1289 3593 1563 3644 curarent
1613 3606 1704 3645 res
1755 3589 2022 3645 Ecclesiae

372 3669 733 3739 Latinorum,
762 3675 825 3726 ut
844 3672 1117 3729 videlicet
1147 3692 1280 3731 cum
1306 3676 1379 3733 iis
1402 3677 1542 3732 olim
1567 3678 1623 3733 in
1648 3679 2026 3750 dogmatibus

368 3759 783 3831 mysteriisque
803 3762 1114 3834 praecipuis
1139 3765 1225 3820 vel
1249 3767 1512 3823 omnium
1549 3769 1753 3823 intime
1780 3770 2025 3841 conjun-

366 3848 442 3903 cti
475 3852 688 3905 Graecis
719 3851 991 3925 fuissent,
1027 3855 1135 3911 etsi
1182 3858 1379 3914 nescio
1429 3859 1571 3931 quid
1618 3860 1829 3915 deinde
1880 3860 2025 3916 inci-

369 3938 514 3993 dens
545 3938 690 3995 illud
724 3942 980 4015 antiquis
1027 3948 1349 4003 concordiae
1380 3948 1683 4005 vinculum
1730 3949 2029 4022 paulisper

367 4026 660 4085 relaxasse
681 4031 873 4087 visum
897 4040 1072 4102 esset,
1096 4041 1294 4093 tamen
1319 4039 1496 4095 etiam
1526 4045 1732 4110 postea
1750 4040 2029 4095 inviolata

370 4120 763 4189 permanserit
822 4125 1101 4196 utrinque
1160 4128 1469 4184 consensio
1522 4128 1581 4183 in
1638 4130 1752 4184 ﬁde
1801 4146 1866 4184 ac
1918 4146 2027 4184 usu

369 4208 709 4279 capitalium
769 4212 1210 4270 Christianismi
1270 4222 1803 4287 sacramentorum,
1838 4220 1917 4274 ita
1963 4224 2029 4274 ut

369 4298 641 4353 nentrubi
663 4301 988 4373 quidquam
1017 4308 1234 4361 temere
1255 4310 1609 4362 attentatum
1635 4307 1869 4379 publico
1888 4324 1994 4364 con
2010 4338 2027 4348 -

370 4386 502 4443 silio
552 4388 730 4444 fuerit
777 4393 934 4449 circa
966 4392 1149 4449 ritum
1183 4395 1579 4466 baptismatis,
1609 4399 2028 4466 sacerdotium,

373 4477 842 4548 matrimonium,
873 4484 1269 4539 monasticam
1294 4489 1538 4554 statum,
1565 4491 1619 4541 et
1642 4486 1869 4557 reliqua
1900 4505 2029 4559 my—

371 4566 551 4621 steria
581 4567 798 4638 quibus
832 4587 950 4625 una
981 4576 1037 4626 et
1066 4572 1355 4629 catholica
1386 4575 1645 4631 Ecclesia
1702 4593 1843 4632 suos
1900 4575 2028 4631 alu-

2127 3412 2364 3475 ﬁdebat,
2398 3428 2470 3467 ne
2514 3412 2709 3484 potius
2744 3410 2988 3467 mallent
3014 3426 3182 3466 ruere
3214 3409 3541 3465 imitatione
3575 3410 3799 3481 praefe-

2129 3500 2478 3556 stinantium
2511 3500 2891 3573 impatienter
2912 3501 2971 3555 in
2994 3499 3269 3571 negotiis,
3294 3515 3471 3570 quam
3507 3498 3801 3555 adhibere

2128 3591 2542 3646 cunctatricem
2577 3591 2965 3647 cessationem
2997 3589 3265 3645 dantium
3298 3588 3559 3660 spatium
3594 3603 3803 3659 perco-

2130 3682 2373 3751 quendaa
2397 3681 2721 3736 maturitati
2745 3685 3069 3751 coeptorum
3092 3679 3249 3735 lente
3266 3677 3710 3750 proﬁcientium
3731 3679 3795 3732 in

2130 3788 2443 3827 successus
2466 3787 2648 3827 seros.
2671 3770 2761 3825 Sic
2792 3786 3123 3825 sermonem
3154 3768 3485 3840 ingressus,
3512 3768 3797 3824 obsecrac

2129 3860 2211 3915 vit
2235 3866 2478 3916 cunctos
2510 3860 2608 3931 qui
2638 3860 2901 3926 aderant,
2927 3875 2999 3913 ne
3031 3856 3373 3929 religionem
3423 3855 3802 3927 despicerent

2132 3950 2580 4022 periclitantem,
2615 3966 2756 4006 neve
2786 3948 2956 4005 otiosi
3007 3950 3230 4017 absque
3283 3946 3607 4002 auxiliandi
3643 3962 3797 4002 cura

2130 4042 2323 4097 videre
2343 4041 2720 4106 sustinerent,
2746 4041 2886 4095 dum
2912 4038 3106 4110 specie
3139 4038 3379 4110 pietatis
3409 4037 3804 4092 sanctissima

2130 4148 2378 4203 quaeque
2409 4131 2813 4202 proderentur.
2845 4130 2947 4185 Cui
2995 4129 3153 4186 enim
3207 4132 3364 4184 recte
3412 4144 3554 4200 erga
3594 4126 3803 4182 Eccle-

2131 4221 2281 4278 siam
2315 4221 2517 4276 affecto
2549 4236 2661 4275 non
2696 4236 2928 4291 gravem
2972 4234 3282 4274 mmrorem
3353 4217 3558 4273 atl‘erat
3607 4221 3801 4272 certo-

2132 4327 2262 4366 rum
2294 4310 2602 4365 hominum
2634 4308 2943 4365 temeraria
2972 4308 3285 4380 protervia,
3319 4306 3420 4378 qui
3458 4323 3574 4363 non
3611 4306 3807 4361 feren-

2130 4404 2220 4455 tes
2277 4399 2479 4455 induci
2537 4398 2841 4470 quidpiam
2900 4398 2960 4454 in
3019 4413 3191 4453 usum
3251 4400 3461 4469 praeter
3520 4394 3796 4465 solitum,

2133 4505 2470 4560 quanquam
2502 4505 2570 4544 ea
2599 4492 2655 4545 et
2684 4504 2928 4543 summa:
2960 4487 3043 4543 rei
3076 4486 3222 4542 nihil
3252 4502 3494 4554 nocens,
3524 4501 3803 4541 necessa-

2135 4578 2240 4634 riis
2269 4578 2669 4634 incidentibus
2699 4578 2895 4633 causis
2918 4594 3021 4649 per
3047 4578 3395 4648 prudentem
3447 4590 3792 4631 accommo-

371 4673 543 4711 mnos
604 4656 837 4715 initiare
885 4662 1205 4717 consuevit.
1260 4663 1427 4731 Cum,
1481 4664 1746 4737 inquam,
1798 4666 1859 4720 hi
1911 4683 2027 4721 non
2059 4647 2104 4712 D
2137 4668 2435 4724 dationem
2469 4668 2619 4723 facta
2650 4647 2945 4723 innovatio
2977 4647 3173 4732 fuerit,
3209 4664 3611 4737 erumpuntin
3643 4664 3797 4718 feros

370 4745 559 4818 magis
586 4746 792 4803 horum
828 4750 1149 4820 quidquam
1174 4768 1301 4823 quae
1322 4753 1381 4807 in
1406 4753 1876 4810 Christianorum
1903 4756 2024 4824 jam

371 4835 510 4891 olim
546 4838 702 4894 464
733 4842 1033 4913 republica
1064 4845 1446 4899 versabantur
1495 4850 1695 4901 notum
1751 4846 2032 4901 haberent

374 4942 553 4996 quam
589 4928 637 4983 si
673 4931 874 5000 querei
928 4931 1160 5002 stipites
1194 4938 1293 4987 aut
1324 4932 1565 5004 lapideae
1598 4934 1779 4990 moles
1810 4940 2031 5002 essent,

373 5031 440 5070 ea
470 5015 599 5087 ipsa
628 5017 962 5089 ignorantia
993 5022 1051 5077 in
1085 5022 1539 5093 superciliosum
1589 5022 1725 5078 elati
1771 5030 2029 5081 contem-

374 5108 541 5175 ptum
574 5123 707 5162 cum
757 5112 996 5167 Latinos
1046 5112 1201 5182 ipsos
1248 5112 1741 5184 impotentissime
1800 5131 2029 5170 aversa-

376 5193 617 5262 bantur,
649 5202 776 5255 tum
809 5205 1009 5257 nostra
1035 5202 1303 5273 ipsorum
1359 5219 1526 5257 sacra
1570 5207 1701 5274 post
1741 5206 2030 5261 sancitam

377 5298 601 5353 pacem,
637 5289 802 5358 quasi
836 5291 1199 5347 admissione
1233 5292 1645 5363 consortioque
1693 5293 2030 5350 Latinorum

379 5372 684 5442 profanata
740 5378 1102 5451 pollulaque,
1154 5397 1268 5435 non
1323 5383 1674 5437 verebantur
1725 5383 2031 5450 exsecrari,

378 5463 658 5522 devovere
689 5468 856 5537 diris,
885 5476 941 5526 et
972 5472 1121 5543 (quae
1153 5476 1322 5528 erant
1349 5472 1708 5543 blasphemas
1765 5474 2031 5547 ipsorum

376 5557 569 5627 voces)
590 5558 926 5629 praecipitiis
947 5578 1013 5616 ac
1034 5562 1230 5617 ﬂuviis
1245 5568 1794 5637 praeruptorumque
1806 5566 2035 5637 tesquis

379 5642 554 5698 inviis
589 5646 882 5703 montium
914 5649 1248 5721 abjicienda
1288 5651 1719 5727 abolendaque,
1754 5659 2032 5725 tanquam

346 5727 611 5787 ~nullum
638 5733 764 5804 jam
798 5736 1002 5807 priscae
1035 5735 1331 5809 religionis
1371 5738 1549 5798 decus
1592 5742 1912 5811 servantia,
1944 5742 2035 5799 di-

2142 4761 2359 4826 motus,
2393 4757 2744 4813 rebellantes
2774 4756 2832 4811 in
2866 4754 3223 4821 Ecclesiam;
3270 4758 3328 4809 et
3375 4769 3566 4825 neque
3614 4753 3798 4808 istum

2141 4848 2395 4902 furorem
2430 4847 2580 4902 ferre
2613 4848 2821 4902 saltem
2851 4845 3095 4901 tacitum
3132 4860 3199 4898 ac
3221 4848 3569 4914 conceptum
3599 4843 3805 4898 animo

2142 4937 2287 4992 citra
2326 4936 2632 4992 hominum
2683 4935 3105 4992 conscientiam
3153 4936 3348 5003 tegere
3378 4932 3658 5001 volentes,
3696 4948 3807 5003 pa-

2141 5026 2256 5081 lam
2281 5025 2550 5081 Ecclesiae
2573 5026 2730 5095 leges
2752 5024 3060 5097 effringere
3078 5039 3193 5079 non
3216 5022 3515 5089 dubitant,
3544 5037 3805 5092 quorum

2142 5116 2400 5171 audaciae
2436 5132 2620 5170 unum
2653 5115 2805 5172 465
2843 5114 3016 5169 modo
3049 5112 3196 5167 illud
3231 5112 3417 5175 deest,
3446 5117 3509 5167 ut
3539 5127 3601 5167 se
3630 5109 3813 5165 Chric

2144 5206 2368 5262 stianos
2400 5222 2515 5261 non
2546 5221 2676 5261 esse
2708 5205 3019 5260 fateantur.
3070 5202 3231 5267 Quod
3279 5217 3416 5257 cum
3452 5216 3666 5273 negare
3698 5216 3812 5255 nec

2145 5295 2402 5351 audeant
2424 5311 2528 5350 nec
2563 5293 2811 5367 possint,
2834 5292 2948 5348 isto
2979 5291 3108 5364 ipso
3125 5289 3362 5346 vinculo
3395 5288 3813 5346 ecclesiasticas

2144 5384 2601 5454 conjunctionis,
2634 5401 2751 5455 quo
2779 5399 2843 5439 se
2872 5380 3058 5437 teneri
3106 5380 3298 5436 adhuc
3330 5382 3678 5450 agnoscunt,
3715 5379 3813 5433 in-

2144 5471 2408 5544 telligere
2456 5474 2741 5529 debemus
2770 5472 2890 5527 vim
2941 5470 3111 5527 nobis
3163 5473 3340 5541 atque
3390 5467 3808 5525 auctoritatem

2145 5564 2397 5620 conferri
2444 5563 2680 5637 plenam
2731 5580 2830 5620 eos
2878 5579 2982 5636 pro
3031 5564 3322 5635 potestate
3382 5559 3710 5626 coercendi,
3740 5561 3813 5614 ut

2145 5651 2236 5708 vel
2266 5653 2379 5723 ipsi
2410 5658 2567 5711 metu
2598 5652 2851 5726 repressi
2880 5650 3156 5709 desinant
3200 5649 3263 5705 in
3312 5648 3562 5723 propria;
3592 5646 3808 5705 matris

2149 5738 2413 5799 Ecclesia
2464 5742 2689 5800 viscera
2732 5756 2933 5799 ensem
2967 5737 3127 5796 velut
3172 5737 3490 5811 quemdam
3539 5734 3806 5794 factiosis
