4080 6406
340 386 451 442 925

1399 392 1497 445 DE
1534 389 1910 446 MICHAELE
1947 387 2393 446 PALEOLOGO
2427 390 2562 443 LIB.
2604 391 2702 442 VI.

3666 389 3774 444 926

343 512 498 590 ξίφος
523 512 703 581 ὠθεῖν,
737 511 773 582 ἢ
809 514 915 586 μὴν
949 511 1255 587 ἀποναρκᾷν
1307 511 1390 583 είή
1444 512 1536 574 οὕς
1588 511 1856 586 μέλλουσι
1886 511 1999 566 πεί-
2031 518 2081 583 Α
2119 517 2289 586 χανᾶν
2321 513 2548 585 ἡρεμεῖς
2604 512 2958 588 ἀφαιρεθέντα
3012 511 3099 565 καὶ
3155 506 3425 586 Τερνόϐου
3472 511 3562 565 καὶ
3589 533 3773 568 συνοι-

349 611 458 664 θειν
489 599 744 674 πράττειν
775 600 989 657 ἀνόσια.
1047 602 1210 657 Ταῦτ’
1263 601 1331 670 ἧν
1384 602 1509 655 τότε
1561 601 1629 654 τὰ
1677 605 1758 673 τῷ
1792 600 2008 676 βασιλεῖ

346 683 801 766 προϐαλλόμενα,
857 692 932 763 μή
995 690 1314 764 ἀνθρώπους
1366 689 1711 762 ἐκκηρύττειν
1769 688 2006 767 ἀσφαλι-

351 777 635 852 ζομένους,
677 775 974 851 οὕμενουν,
1035 778 1180 834 ἀλλά
1235 779 1425 833 κακίαν
1481 777 1829 835 ἀναστέλλειν
1863 777 2008 852 παρά

345 869 409 923 τὸ
442 867 586 930 εἰκὸς
646 862 1068 942 προϐαίνουσαν,
1121 867 1235 922 ἐπεὶ
1295 867 1506 922 πολλοί
1553 890 1614 944 γε
1661 872 1766 922 τῶν
1798 869 1896 936 τήν
1931 866 2006 921 εἷ-

347 960 521 1033 ρήνην
599 957 805 1028 ἐκείνην
885 955 1348 1033 δυσχεραινόντων
1425 965 1674 1033 παρῆσαν
1754 957 1864 1012 ἐκεῖ
1915 957 2002 1011 καὶ

346 1047 888 1126 συγκατεψηφίζοντο
927 1050 1025 1118 τὴν
1073 1049 1306 1123 κατάραν
1357 1054 1474 1111 τοῖς
1520 1049 1588 1102 τά
1634 1048 1791 1114 τίμια
1842 1059 2006 1111 καθυ-

345 1134 616 1214 ϐρίζουσι.
660 1139 976 1214 Μαρτόριον
1025 1144 1133 1194 τῶν
1182 1138 1492 1212 λεγομένων
1543 1139 1603 1193 τὸ
1654 1137 1884 1194 πολλῶν
1916 1138 2003 1192 καὶ

346 1227 598 1302 μεγάλων
650 1223 820 1283 ὄντων
875 1229 966 1283 καὶ
1027 1228 1501 1304 συμπληρούντων
1564 1227 1676 1282 ἐκεῖ
1732 1225 2001 1302 σύλλογον

345 1315 555 1391 μηδὲνα
612 1314 882 1386 διστάσαι,
949 1319 1024 1392 μή
1086 1318 1378 1391 ἀντειπεῖν,
1445 1321 1519 1391 μὴ
1580 1319 2002 1393 ἀποσκιρτῆσαι,

351 1410 492 1480 μήτε
562 1408 669 1481 μὴν
743 1406 1072 1478 ἐνδείξασθαί
1146 1430 1268 1463 τινα
1347 1408 1518 1483 ῥοπὴν
1596 1403 2001 1482 ὑπολογισμοῦ.

361 1499 546 1572 Εχρῆν
599 1495 656 1552 δὲ
701 1499 944 1570 πάντως,
1000 1497 1045 1552 εἰ
1104 1497 1278 1560 οὕτως
1329 1495 1521 1568 ἀνέδην
1584 1498 1892 1572 Χριστιανοὶ
1923 1495 2006 1550 ἐκ·

341 1587 724 1660 κηρύττοιντο.
771 1585 929 1642 Ἀλλ’
971 1588 1036 1656 ἧν
1088 1592 1210 1649 ταῖς
1262 1585 1546 1655 ἀληθείαις
1585 1582 1892 1661 πρόϐλημα
1923 1586 2004 1640 εὖ·

345 1669 568 1737 λαϐείας
599 1677 662 1730 τὸ
691 1676 937 1752 πραχθὲν
991 1675 1164 1730 ἐκεῖνο
1210 1680 1306 1729 τοῦ
1360 1677 1436 1748 μή
1484 1675 1656 1729 πάντα
1685 1672 2000 1748 τολμᾶσθαι

344 1764 404 1818 ἐκ
454 1768 556 1820 τοῦ
612 1765 848 1840 πρώτως
906 1764 1278 1841 παραστάντος
1334 1765 1496 1835 τισὶν,
1552 1763 1696 1820 ἀλλά
1755 1763 1845 1818 καί
1899 1765 1998 1831 τὴν

2115 600 2345 672 κοῦσης,
2380 599 2512 656 λαὸν
2555 601 2912 676 συναθροίσας
2960 602 3049 655 τὸν
3106 601 3290 655 ἱκανόν
3341 605 3460 662 τοῖς
3509 597 3771 674 Τερνοϐί-

2114 712 2230 752 ταις
2261 691 2645 766 περιεκάθητο.
2683 691 2785 746 Καὶ
2845 688 2924 745 ἔτι
2981 690 3075 762 μὲν
3131 694 3228 744 τοῦ
3289 691 3447 745 Ἀσᾶν
3499 689 3648 751 ἐντὸς
3681 687 3769 744 ὅν-

2113 800 2228 844 τος,
2263 778 2403 854 ἔχων
2457 781 2571 852 μεθ’
2625 779 2815 834 ἑαυτοῦ
2862 779 3233 851 Τζασίμπαξιν
3284 777 3766 855 πρωτοστράτορα,

2117 867 2172 922 ὅν
2220 869 2304 922 καὶ
2368 867 2625 943 βασιλεὺς
2685 868 2844 940 ἐτίμα
2897 873 2975 940 τῷ
3033 867 3180 939 αὐτῴ
3227 867 3454 945 ὀφφικίφ
3488 867 3649 922 Ἀσὰν
3684 868 3770 922 εὑ-

2115 961 2344 1012 νοοῦντα
2401 959 2462 1011 τὸ
2514 957 2802 1032 πρότερον,
2845 959 2941 1019 τὰς
2997 962 3104 1011 τῶν
3167 956 3451 1030 Ῥωμαίων
3513 954 3767 1028 δυνάμεις

2115 1043 2242 1121 ἔδρα
2295 1048 2362 1102 τά
2413 1047 2684 1122 χείριστα.
2741 1045 2846 1102 Καὶ
2905 1047 3008 1121 γὰρ
3068 1051 3283 1121 πρῶτον
3347 1047 3441 1118 μὲν
3485 1047 3605 1121 περὶ
3644 1043 3772 1100 δέκα

2113 1135 2372 1210 χιλιάδας
2407 1134 2569 1199 οὔσας
2615 1136 2702 1190 καὶ
2756 1135 3158 1210 συμμαχούσας
3210 1133 3400 1206 ἔξωθεν
3447 1140 3564 1196 τοῖς
3597 1133 3768 1208 ἐντὸς,

2114 1226 2175 1287 ἅς
2233 1227 2259 1279 ὁ
2312 1221 2852 1300 πρωτοϐεστιαρίτης
2911 1227 3187 1300 Μουρῖνος
3236 1226 3364 1300 ἦγεν
3411 1223 3500 1278 ἐπὶ
3528 1229 3608 1296 τῷ
3640 1232 3766 1278 Δια-

2113 1310 2272 1384 ϐαινᾷ
2346 1312 2963 1388 στρατοπεδευσάμενος,
3038 1319 3292 1390 Λαχανᾶς
3365 1311 3604 1375 πολλοῖς
3668 1313 3763 1386 μὲν

2114 1405 2229 1476 μετ’
2284 1401 2484 1477 ὀλίγων
2548 1399 2911 1478 προσϐάλλει,
2973 1404 3063 1458 καὶ
3118 1400 3544 1476 ἑπτακαιδεκάτῃ
3591 1403 3764 1475 μηνὸς

2110 1495 2577 1567 Ἀνθεστηριῶνος
2636 1493 2898 1570 συρράξας
2955 1491 3203 1566 πόλεμον
3256 1491 3403 1570 σφίσι
3467 1491 3603 1546 κατά
3632 1493 3769 1566 κρά-

2108 1603 2206 1643 τος
2235 1587 2376 1653 νικᾷ,
2410 1583 2499 1636 καὶ
2555 1582 2726 1637 πολὺν
2789 1584 2950 1661 φόνον
3013 1582 3317 1657 ἐργάζεται,
3369 1581 3460 1643 οὕς
3507 1583 3600 1654 μὲν
3633 1580 3772 1634 κατά

2109 1670 2382 1743 πόλεμον,
2416 1672 2508 1735 οὕς
2540 1669 2596 1726 δὲ
2643 1672 2731 1726 καὶ
2790 1673 2948 1734 αὐτὸς
3006 1671 3322 1745 κατασχὼν,
3355 1671 3580 1741 ἀπηνῶς
3613 1668 3767 1723 ὕστεο

2113 1782 2202 1836 ρον
2246 1763 2606 1839 κατασφάξας.
2649 1760 2814 1826 Αὖθις
2868 1760 2924 1816 δὲ
2981 1764 3096 1834 μετ’
3158 1761 3347 1836 ὀλίγον
3390 1757 3763 1820 Ηοσειδεῶνος

343 1855 580 1928 κατάραν
615 1853 692 1910 εἷς
725 1853 1101 1931 ὑπολογισμὸν
1149 1855 1281 1910 εἶναι
1327 1855 1543 1916 πάντως
1599 1859 1715 1915 τοῖς
1753 1848 2000 1914 εὐλαϐῶς
2029 1885 2076 1949 Β
2110 1846 2559 1923 πεντεκαιδεκάτῃ
2616 1854 2734 1910 τοῖς
2792 1848 2932 1923 ἀμφὶ
2992 1851 3084 1904 τὸν
3145 1849 3423 1921 ’Λπρηνὸν
3481 1841 3764 1922 πρωτοϐε-

347 1947 591 2016 μετιοῦσι
612 1943 678 1999 τὰ
707 1944 884 2018 τίμια.
920 1943 1098 2000 Ἀλλά
1125 1949 1294 1999 ταῦτα
1331 1945 1425 2018 μὲν
1459 1943 1510 2005 ἐς
1541 1947 1824 2000 τοσοῦτον.

345 2113 428 2172 ιϐ’.
486 2105 658 2165 Ηάλιν
716 2109 784 2163 τά
838 2107 974 2163 κατά
1028 2108 1121 2162 τὸν
1175 2111 1450 2182 Λαχανᾶν,
1505 2106 1596 2162 καὶ
1659 2104 1809 2167 ὅπως
1855 2104 2002 2181 παρά

827 2184 924 2235 τοῦ
975 2185 1122 2255 Νογᾶ
1152 2181 1501 2256 πεφόνευται.

409 2306 491 2381 [Ρ.
518 2306 647 2378 319]
679 2307 792 2362 Τοῖ’)
841 2303 888 2360 δ’
936 2304 1102 2360 αὐτοῦ
1149 2302 1325 2378 ἔτους,
1371 2303 1486 2360 ἐπεὶ
1541 2303 1642 2359 οὐκ
1669 2302 1735 2372 ἦν
1766 2303 1857 2357 τὸν
1892 2307 1999 2355 Λα-

343 2523 646 2582 scissionis
675 2524 947 2598 adigere;
998 2529 1102 2581 aut
1131 2524 1182 2581 si
1217 2523 1394 2580 fuerit
1421 2523 1688 2596 ipsorum
1721 2520 1994 2596 immedi-

344 2613 545 2670 cabilis
579 2615 762 2685 furor,
793 2613 1003 2675 saltem
1033 2613 1134 2670 alli
1194 2614 1565 2670 retardentur
1599 2630 1632 2668 a
1664 2612 1857 2684 pravis
1888 2610 1994 2665 bo-

343 2721 474 2760 rum
507 2705 888 2762 suasionibus
921 2705 1236 2776 sequendis
1265 2708 1323 2760 et
1356 2703 1642 2759 imitanda
1668 2701 1996 2758 temeritate

341 2811 626 2851 ausorum
658 2794 1000 2866 impiorum.
1022 2793 1184 2850 Talis
1213 2795 1478 2864 quaedam
1505 2797 1646 2848 tunc
1679 2791 1787 2846 fuit
1817 2791 1999 2861 impe-

341 2883 555 2940 ratoris
605 2883 810 2952 oratio,
867 2885 1072 2940 fucans
1153 2884 1621 2954 inumbransque
1679 2880 1995 2938 artificioso

344 2973 588 3028 obtentu
620 2989 820 3028 verum
854 2977 1076 3029 statum
1108 2973 1537 3038 controversias,
1594 2987 1700 3026 nec
1747 2971 1818 3025 de
1867 2969 1994 3041 ipso

345 3060 618 3133 dogmate
651 3063 1034 3133 praescribens
1064 3063 1415 3134 quidquam,
1440 3063 1538 3118 sed
1573 3062 1630 3115 in
1664 3077 1874 3133 genere
1896 3060 1996 3115 da-

344 3150 536 3206 mnari
569 3150 833 3208 homines
857 3156 960 3209 aut
1013 3169 1116 3224 pro
1169 3150 1698 3208 excommunicatis
1749 3167 1782 3205 a
1841 3165 1995 3221 quo-

339 3255 518 3311 quam
551 3241 823 3312 privatim
856 3241 1060 3297 haberi
1090 3245 1327 3312 vetans;
1350 3258 1466 3312 quo
1498 3257 1613 3296 non
1652 3238 1997 3295 excludeba-

339 3333 440 3385 tur
488 3329 665 3385 tacita
708 3331 968 3402 exceptio
1028 3330 1455 3387 subintellectaa
1505 3329 1885 3395 conditionis,
1947 3328 1996 3384 si

338 3433 550 3491 nempe
581 3418 665 3474 illi
697 3420 1018 3476 orthodoxe
1040 3420 1351 3489 sentirent;
1381 3420 1536 3475 unde
1566 3420 1682 3475 ista
1709 3417 1999 3492 generalis

341 3506 706 3577 praescriptio
731 3507 1118 3579 reprimendas
1153 3508 1211 3562 in
1246 3525 1392 3564 ausa
1451 3508 1672 3564 nefaria
1727 3524 1998 3580 prorum-

342 3597 539 3668 pentis
569 3596 819 3652 licentiae
838 3603 1013 3670 caput
1033 3598 1232 3670 ipsum
1255 3598 1394 3654 mali
1417 3615 1730 3670 veramque
1759 3615 1998 3653 causam

341 3685 715 3742 tumultuum
747 3704 863 3743 non
891 3689 1189 3759 tangebat.
1240 3692 1672 3760 Argumentum
1706 3687 1885 3757 hujus
1917 3687 2000 3742 rei

343 3774 729 3830 manifestum
753 3779 862 3846 est,
882 3777 1038 3848 quod
1064 3793 1196 3831 cum
1233 3775 1292 3831 in
1323 3792 1389 3831 eo
1420 3780 1569 3831 cmtu
1601 3775 1772 3830 multi
1803 3779 2002 3831 essent

343 3865 442 3934 qui
477 3878 628 3934 aegre
651 3866 867 3922 ferrent
914 3866 1199 3922 sancitam
1246 3883 1445 3936 pacem
1497 3882 1744 3936 eamque
1777 3866 1999 3936 impro-

341 3953 574 4024 barent,
633 3971 806 4012 nemo
857 3959 1055 4012 tamen
1105 3972 1310 4012 eorum
1374 3959 1664 4012 recusavit
1720 3954 1998 4027 suffragio

341 4041 729 4113 comprobare
756 4043 990 4116 proprio
1032 4043 1208 4099 istam
1267 4044 1660 4100 universalem
1705 4044 1998 4099 deﬁnitio-

339 4147 500 4202 nem,
535 4148 653 4203 qua
678 4133 822 4190 diris
853 4134 913 4188 in
946 4149 1159 4206 genere
1189 4135 1611 4191 devoverentur
1640 4134 1738 4205 qui
1798 4136 2001 4190 sancta

337 4220 562 4276 violare
593 4221 1017 4279 contumeliose
1058 4227 1392 4294 attentaret,
1448 4241 1565 4279 non
1618 4215 1998 4295 exprimendo

340 4308 684 4366 distinctius
716 4311 958 4383 quinam
989 4313 1074 4367 illi
1106 4313 1346 4368 tandem
1396 4313 1603 4368 forent.
1647 4311 1878 4383 Nullus,
1908 4312 1998 4368 in-

340 4414 548 4471 quam,
577 4399 770 4470 palam
805 4401 1169 4457 infensorum
1205 4401 1356 4474 paci,
1403 4402 1608 4473 quales
1657 4407 1714 4458 et
1761 4401 1998 4474 plurimi

337 4489 400 4541 et
421 4502 649 4559 magna:
681 4488 1041 4544 auctoritatis
1073 4506 1139 4545 ac
1182 4489 1454 4561 potentias
1510 4491 1622 4544 viri
1684 4494 1998 4561 prasentes

335 4574 454 4631 isto
486 4574 547 4630 in
579 4580 866 4633 conventu
898 4578 1310 4646 cernebantur,
1332 4579 1401 4634 ad
1436 4579 1566 4648 ejus
1599 4579 1998 4635 damnationis

2109 1937 2388 2012 στιαρίτην
2452 1937 2784 1992 ἐπεισπεσὼν
2859 1939 2994 1992 κατά
3062 1939 3150 1992 τὸν
3231 1936 3330 2010 ἔξω
3401 1937 3581 2011 ζυγὸν,
3633 1936 3759 1989 ὡσεὶ

2109 2028 2268 2082 πέντε
2298 2025 2558 2102 χιλιάδας
2611 2027 2872 2101 μαχίμων
2928 2025 3146 2102 ἂγοντα,
3199 2027 3326 2092 τοὺς
3376 2028 3468 2099 μὲν
3502 2025 3577 2089 εἷς
3605 2023 3765 2086 τέλος

2109 2115 2550 2191 κατηγωνίσατο,
2599 2119 2690 2170 τὸν
2744 2113 2788 2169 δ’
2837 2112 2995 2191 ἔργον
3047 2115 3276 2170 δεικνύει
3332 2115 3628 2190 μαχαίρας.
3664 2111 3762 2169 Καὶ

2105 2206 2299 2262 πολλά
2352 2207 2475 2262 τὸτε
2532 2205 2903 2281 λυσσομαχῶν
2961 2205 3362 2281 κατειργάζετο.
3420 2207 3671 2277 Ὕστερον
3709 2199 3767 2254 δὲ

2111 2294 2582 2372 ἀποχωρήσαντος
2629 2299 2725 2349 τοῦ
2778 2294 2960 2368 Ἀσάν,
3009 2300 3105 2351 τοῦ
3153 2297 3391 2371 Τερτερῆ
3441 2290 3498 2347 Si
3527 2293 3626 2360 τὴν
3667 2291 3766 2366 βα-

2107 2522 2164 2575 et
2187 2519 2389 2590 jurgia
2420 2519 2889 2575 miscerent.Hos
2921 2522 3118 2574 autem
3151 2519 3211 2573 in
3271 2517 3503 2574 silentio
3553 2534 3620 2573 ac
3663 2534 3764 2589 pa-

2111 2607 2318 2663 tientia
2347 2607 2641 2664 continuit
2670 2607 2768 2663 illa
2794 2607 3065 2664 videlicet
3094 2611 3316 2664 secreta
3374 2607 3611 2675 ﬁducia,
3645 2623 3763 2678 qua

2107 2702 2196 2754 est
2224 2714 2424 2754 eorum
2459 2697 2572 2754 sibi
2605 2697 2857 2770 quisque
2889 2699 3060 2755 tacite
3112 2697 3437 2770 blanditus,
3471 2697 3616 2754 diris
3646 2699 3761 2754 ista

2108 2788 2405 2843 sanctione
2436 2788 2759 2860 generatim
2789 2788 3024 2844 intortis
3059 2788 3286 2843 nullum
3314 2787 3579 2844 devoveri
3603 2787 3758 2842 466

2108 2878 2208 2948 qui
2251 2883 2403 2933 recte
2465 2877 2709 2934 sentiret
2765 2883 2820 2934 et
2879 2882 3084 2934 sancta
3141 2878 3414 2950 religiose
3461 2881 3758 2944 tractaret,

2109 2967 2312 3038 quales
2344 2985 2476 3022 cum
2528 2984 2591 3023 se
2649 2972 2925 3039 putarent
2965 2984 3114 3036 esse,
3169 2968 3316 3023 nihil
3373 2967 3467 3022 hic
3525 2966 3762 3022 decerni

2109 3059 2264 3131 quod
2295 3057 2440 3130 ipsis
2469 3058 2745 3129 privatim
2779 3058 3012 3114 obesset
3041 3075 3145 3130 pro
3194 3061 3351 3114 certo
3410 3061 3762 3121 statuentes,

2109 3164 2312 3204 secure
2343 3147 2818 3219 acquiescebant.
2852 3147 2964 3203 Sed
2996 3149 3064 3202 de
3096 3146 3188 3203 his
3221 3146 3529 3202 hactenus.

2028 3272 2072 3340 Ε
2110 3308 2194 3363 49.
2231 3313 2439 3365 Rursus
2465 3310 2531 3366 de
2552 3309 2831 3376 Lachana,
2870 3312 3011 3363 etut
3063 3310 3110 3365 is
3162 3326 3194 3364 ιι
3243 3309 3392 3378 Noga
3444 3307 3764 3379 interfectus

2837 3380 3034 3451 fuerit.

2183 3507 2397 3563 Eodem
2432 3524 2604 3578 porro
2636 3523 2791 3562 anno
2825 3506 3142 3575 Lachanas,
3173 3523 3347 3577 quem
3397 3505 3758 3577 sperandum

2109 3615 2225 3654 non
2259 3602 2383 3654 erat
2412 3603 2607 3670 erepta
2627 3597 2738 3670 ipsi
2774 3599 2915 3654 urbe
2962 3598 3120 3668 regia
3167 3598 3432 3653 Ternobo
3471 3601 3530 3652 et
3582 3613 3761 3652 uxore

2109 3688 2313 3758 regina
2343 3687 2700 3757 quieturum,
2734 3692 3031 3744 contracto
3059 3686 3206 3744 satis
3239 3703 3452 3759 magno
3503 3685 3756 3741 exercitu

2107 3775 2451 3831 Ternobitas
2482 3776 2882 3846 circumsedit,
2929 3794 3063 3832 cum
3098 3777 3168 3832 iis
3201 3777 3393 3832 adhuc
3426 3776 3580 3830 intra
3627 3790 3756 3830 eam

2112 3865 2316 3920 urbem
2360 3865 2612 3920 haarente
2641 3868 2851 3932 Asane,
2903 3866 3030 3936 ipse
3083 3867 3308 3923 habens
3357 3882 3557 3923 secum
3615 3865 3760 3919 Tza-

2109 3953 2421 4024 simpaxim
2455 3956 2900 4026 protostratoris
2936 3955 3130 4012 ofﬁcio
3199 3957 3314 4011 sibi
3381 3955 3754 4022 servientem,

2109 4059 2285 4114 quem
2336 4044 2502 4114 prius
2563 4044 2901 4114 imperator,
2945 4049 3087 4100 tunc
3143 4045 3321 4100 Asani
3383 4043 3755 4109 benevolum,

2109 4131 2282 4189 titulo
2340 4132 2521 4189 simili
2578 4133 2985 4190 honoraverat.
3046 4140 3153 4189 Per
3199 4149 3328 4189 eam
3387 4133 3754 4188 obsidionem

2110 4221 2364 4294 magisa
2397 4221 2663 4278 Lachana
2713 4222 2981 4279 cladibus
3041 4222 3224 4278 attriti
3284 4222 3530 4278 Romani
3593 4226 3754 4280 sunt.

2109 4313 2374 4367 Primum
2407 4312 2564 4367 enim
2595 4311 2825 4370 circiter
2848 4312 3050 4370 decem
3085 4311 3248 4367 milia
3272 4316 3610 4368 nostrorum
3653 4311 3759 4366 mi-

2111 4399 2280 4456 litum
2313 4401 2371 4456 in
2396 4401 2774 4458 obsessorum
2800 4401 3083 4458 auxilium
3117 4401 3408 4458 venientia
3445 4401 3593 4456 duce
3623 4416 3759 4470 pro-

2109 4491 2468 4547 tovestiarite
2506 4491 2759 4560 Murino,
2793 4509 2927 4548 cum
2977 4491 3102 4548 loco
3161 4491 3434 4547 Diabmna
3484 4489 3637 4544 dicto
3696 4503 3758 4544 se

2109 4578 2528 4649 admovissent,
2571 4579 2670 4634 ubi
2730 4585 2924 4637 castra
2981 4580 3280 4636 Lachanas
3339 4578 3592 4634 habebat
3648 4577 3757 4632 hoc

335 4663 800 4736 propositionem
831 4665 1064 4722 resiluit
1093 4667 1418 4735 restititve;
1453 4683 1526 4723 ne
1555 4667 1844 4724 dubitavit
1866 4669 1996 4739 qui-
2027 4645 2074 4711 D
2106 4685 2238 4724 cum
2272 4669 2475 4741 paucis
2505 4675 2849 4741 erumpente
2881 4671 2974 4726 die
3007 4671 3257 4741 septima
3277 4669 3505 4725 decima
3535 4667 3758 4723 mensis

336 4753 475 4810 dem
541 4754 630 4810 vel
687 4755 1018 4823 minimum,
1102 4760 1202 4811 aut
1255 4755 1442 4811 ullum
1493 4756 1850 4813 reclamandi
1907 4757 1996 4813 vel

339 4843 648 4916 quidpiam
674 4845 732 4900 in
785 4845 1147 4902 contrarium
1198 4845 1525 4918 excipiendi
1585 4847 1673 4902 vel
1734 4848 1995 4918 primum

337 4933 628 5004 impetum
648 4935 1413 5006 signiﬁcavitﬂbstitissent
1443 4941 1640 4992 autem
1661 4937 1788 4992 sine
1818 4937 1996 4992 dubio

336 5023 552 5079 acriter
577 5023 1076 5097 vehementerque
1105 5026 1547 5093 reclamassent,
1581 5026 1632 5082 si
1664 5027 1836 5082 istam
1871 5027 1996 5081 uni-

331 5111 554 5168 versim
587 5112 805 5169 editam
843 5114 1209 5170 Christianos
1245 5132 1628 5187 quoscunque
1673 5116 1995 5172 damnandi

331 5204 397 5256 et
425 5205 708 5270 tanquam
736 5204 899 5274 pravi
928 5221 1059 5259 reos
1091 5204 1385 5276 dogmatis
1435 5205 1740 5260 aversandi
1801 5205 1994 5277 prohi-

329 5287 622 5344 bitionem
654 5291 715 5345 in
748 5308 810 5347 se
840 5293 1095 5364 quisque
1126 5293 1290 5364 ipsos
1338 5293 1739 5365 intelligerent
1785 5293 1990 5349 latam.

329 5376 488 5449 Ergo
520 5394 718 5435 revera
757 5381 1032 5437 obtenlus
1059 5380 1155 5436 hic
1190 5397 1384 5438 merus
1426 5383 1536 5437 fuit
1561 5389 1620 5439 et
1651 5385 1996 5455 superﬁcia-

335 5465 428 5523 ria
458 5467 734 5539 provisio,
768 5486 870 5541 pro
899 5474 1184 5543 tempore,
1227 5476 1515 5542 quantum
1576 5489 1724 5545 opus
1767 5476 1891 5529 erat
1921 5474 1993 5529 ad

331 5558 616 5628 speciem,
649 5559 1017 5616 retardatum
1047 5560 1388 5617 iervidiores
1419 5578 1784 5634 quosque,ne
1815 5563 1992 5634 quid-

327 5645 423 5702 vis
454 5645 731 5704 licentius
775 5650 1061 5707 auderent
1084 5654 1143 5707 et
1173 5651 1243 5706 ad
1277 5651 1536 5723 primum
1568 5651 1850 5724 prolatam
1881 5651 1992 5709 im-

329 5735 595 5808 probatus
626 5736 772 5808 ipsis
803 5738 1499 5798 reimentioaemell‘erati
1535 5740 1995 5803 vociferarentur

2107 4757 2246 4813 Julii
2277 4759 2390 4814 fusi
2423 4757 2674 4830 victique
2703 4763 3008 4825 sunt,cum
3042 4764 3236 4830 strage
3285 4758 3504 4830 ingenti
3541 4755 3755 4828 partim

2108 4848 2306 4919 praalio
2339 4865 2642 4916 caesorum,
2679 4849 2892 4921 partim
2922 4853 3226 4920 captorum
3285 4866 3318 4902 a
3380 4847 3644 4903 Lachana
3701 4851 3758 4901 et

2109 4938 2180 4992 ab
2211 4939 2416 4994 eodem
2448 4937 2762 4994 crudeliter
2803 4943 3006 5009 postea
3036 4937 3496 4993 interfectorum.
3533 4936 3760 4991 Rursus

2107 5026 2282 5096 paulo
2303 5032 2454 5098 post,
2489 5029 2582 5082 die
2613 5027 3049 5098 quintadecima
3079 5026 3302 5082 mensis
3323 5026 3757 5098 Augusti,idem

2108 5115 2413 5172 Lachanas
2443 5115 2598 5172 circa
2620 5117 2836 5188 jugum
2869 5115 3123 5172 exterius
3157 5116 3213 5170 in
3275 5116 3569 5187 Aprenum
3625 5131 3758 5186 pro-

2106 5205 2503 5262 tovestiariten
2536 5205 2784 5276 irruens,
2819 5207 3080 5278 quinque
3129 5205 3360 5261 circiter
3407 5204 3756 5260 bellatorum

2107 5295 2346 5350 fortium
2379 5294 2570 5351 millia
2599 5297 2963 5363 ductantem,
2999 5296 3106 5351 hos
3146 5294 3387 5366 quidem
3447 5295 3619 5367 plane
3659 5295 3760 5349 de-

2103 5384 2539 5451 bellavit,illum
2568 5385 2762 5456 gladio
2787 5385 3060 5441 confecit.
3081 5384 3314 5442 Similia
3347 5385 3501 5441 idem
3561 5400 3757 5440 exem-

2105 5473 2203 5546 pla
2235 5475 2422 5528 multa
2452 5477 2591 5528 tunc
2621 5474 2806 5530 edidit
2835 5473 3052 5531 rabiosi
3077 5475 3304 5530 ardoris
3328 5475 3386 5530 in
3418 5473 3756 5546 pugnando.

2101 5562 2417 5634 Aliquanto
2447 5567 2580 5634 post
2610 5563 2752 5634 hac,
2787 5580 3022 5636 egresso
3045 5565 3173 5635 jam
3197 5570 3390 5620 Asane
3411 5562 3675 5618 Ternobo
3702 5565 3762 5616 et

2103 5653 2339 5709 Tertere
2367 5650 2489 5708 illic
2537 5658 2834 5727 regnante,
2895 5655 3150 5711 decrevit
3205 5653 3506 5710 Lachanas
3544 5652 3751 5707 confu-

2099 5757 2237 5815 gere
2257 5741 2332 5799 ad
2361 5740 2587 5815 Nogam
2613 5748 2677 5801 et
2725 5745 2856 5817 ejus
2900 5760 3070 5816 opem
3115 5741 3453 5814 implorare.
3503 5739 3756 5798 Aliunde
