4080 6386
391 375 495 430 927

1701 369 2005 428 GEORGII
2043 373 2509 428 PACHYMERJE

3714 367 3832 424 928

393 497 599 553 σιλείαν
659 494 947 564 λαϐόντος,
1003 491 1142 571 ἔγνω
1197 500 1351 570 Νογᾷ
1406 500 1776 570 προσχωρεῖν,
1833 497 1922 550 καὶ
1957 497 2038 550 "o't
2069 500 2122 566 Α
2155 493 2325 567 μηδὲν
2353 497 2606 572 πράττειν
2653 493 2898 569 μέλλων,
2947 497 3241 568 κατασχεῖν
3295 494 3392 548 τὸν
3445 497 3711 568 Λαχανᾶν
3747 495 3828 555 ὡς

395 586 618 659 ἀμύνειν
668 585 1018 641 καθικετεύει.
1079 585 1156 641 Οὐ
1218 587 1326 656 μὴν
1381 582 1437 638 δὲ
1493 585 1582 637 καὶ
1641 582 1896 658 βασιλεύς
1935 583 2046 639 ἐτέ-

397 688 568 750 ρωθεν
607 673 930 748 κατημέλει,
993 672 1137 728 ἀλλὰ
1193 675 1280 728 καὶ
1339 673 1496 735 αὐτὸς
1550 675 1683 747 πρὸς
1743 676 1920 750 Νογᾶν
1951 676 2043 729 τὸν

395 766 553 821 Ἀσᾶν
612 765 815 837 πέμπει
878 764 1088 835 σῦναμα
1139 763 1228 817 καὶ
1290 762 1490 837 δώροις
1545 762 1847 832 πλείστοις,
1883 766 2042 836 ἀξιῶν

399 855 474 925 μὴ
509 851 754 926 παριδεῖν
786 854 876 907 τὸν
912 853 968 907 ἐκ
995 851 1180 926 γένους
1209 851 1538 927 Βουλγάρων
1585 854 1847 926 ἄρχοντα,
1900 851 2046 907 ἀλλά

395 941 833 1015 προσεπαμῦνειν
886 939 1106 1017 ἀδελφῷ
1166 936 1276 995 ὄντι
1339 941 1429 995 καὶ
1484 945 1590 995 τῶν
1620 942 1740 1004 καθ’
1770 941 1930 994 αὑτὸν
1963 938 2044 994 δι-

393 1030 560 1084 καίων
619 1031 906 1103 χρῄζοντι.
965 1031 1027 1087 Ὁ
1086 1031 1270 1101 μέντοι
1330 1051 1392 1104 γε
1439 1032 1616 1107 Νογᾶς
1678 1028 1897 1105 δέχεται
1950 1031 2042 1102 μὲν

391 1118 478 1173 καὶ
516 1125 764 1192 Λαχανᾶν
814 1119 1042 1181 ἐλθόντα
1083 1119 1370 1194 πρότερον,
1423 1117 1640 1196 δέχεται
1674 1117 1731 1173 δὲ
1761 1119 1850 1173 καὶ
1887 1119 2042 1175 Ἀσᾶν

391 1209 653 1280 εὐμενῶς.
689 1208 840 1277 Πλὴν
876 1207 1038 1284 δῶρα·
1069 1211 1160 1282 μὲν
1215 1207 1368 1264 δέκτο
1421 1211 1508 1264 καὶ
1566 1210 1913 1287 ἀμφοτέρων,
1945 1210 2045 1263 πό-

390 1318 477 1349 νον
522 1295 566 1350 δ’
609 1296 914 1371 ἀμέγαρτον
971 1295 1194 1371 ὄφελλε.
1243 1298 1503 1373 Κατέχων
1547 1301 1650 1374 γὰρ
1692 1298 1925 1360 ἐκείνους
1958 1297 2044 1351 ἐπὶ

389 1385 556 1453 πολὺ,
589 1386 677 1439 καὶ
709 1408 772 1459 γε
800 1389 1109 1462 περιφέρων
1161 1389 1274 1459 μεθ’
1325 1387 1515 1441 ἐαυτοῦ
1563 1391 1616 1456 (ἡ
1655 1388 1755 1463 γὰρ
1788 1384 2046 1462 πρεσϐεία

395 1474 489 1546 μία
545 1476 610 1542 ἦν
674 1474 1004 1551 ἀμφοτέροις
1062 1478 1197 1530 κατά
1253 1481 1349 1529 106
1408 1481 1672 1550 Τερτερῆ,
1709 1477 1752 1530 εἷ
1806 1478 1892 1530 καὶ
1927 1478 2046 1538 καθ’

389 1563 615 1625 ἑαυτοὺς
673 1560 1061 1641 ἠμφισϐήτουν
1108 1566 1250 1637 πρὸσ
1315 1563 1600 1634 ἀλλήλους
1652 1567 1736 1636 [Ρ.
1771 1569 1895 1636 32οΙ
1945 1573 2045 1634 τῆς

394 1650 675 1727 βασιλείας
733 1654 821 1708 καὶ
887 1653 1144 1708 πλεῖστον
1219 1653 1344 1708 ὅσον
1423 1653 1825 1728 διενηνεγμένοι
1885 1655 2046 1724 ἦσαν)

389 1739 542 1795 οὐδὲν
603 1741 803 1805 ἐκεῖνος
865 1743 1054 1811 ἐποίει,
1116 1742 1242 1798 ἀλλ’
1301 1739 1480 1810 ἔτριϐε
1525 1747 1750 1820 χρόνον,
1784 1745 1916 1799 ποτε
1949 1743 2044 1816 μὲν

385 1831 587 1903 τούτῳ,
643 1833 776 1886 ποτὲ
835 1830 891 1886 δὲ
945 1833 1154 1908 θατέρῳ
1211 1833 1820 1910 προσυπισχνούμενος,
1854 1831 2042 1888 Ἐδού-
2077 1818 2218 1939 Βκ’-
2293 1818 2483 1879 ’Ὸπως

388 1919 409 1939 Ὗ
586 1919 629 1939 δ’
679 1920 692 1939 Ί
764 1927 786 1936 α
995 1923 1008 1939 \
1071 1920 1094 1939 Ἰ
1398 1930 1419 1939 υ
1509 1923 1520 1939 ι
1639 1929 1663 1939 ει
1747 1922 1840 1939 ηιιῖ

388 1919 545 1974 λευον
583 1919 629 1974 δ’
675 1920 869 1976 ἐκεῖνοι
920 1923 1010 1977 καὶ
1061 1920 1280 1984 ἄκοντες
1329 1930 1447 1987 ταῖς
1497 1923 1713 1999 ῥοπαῖς.
1747 1922 1917 1984 Τέλος
1951 1945 2045 1978 κα-

387 2009 518 2078 θίζει
552 2010 880 2083 συμπόσιον,
927 2011 1016 2065 καὶ
1067 2013 1094 2065 6
1145 2013 1312 2073 πότος
1361 2011 1412 2074 ἐς
1459 2011 1604 2066 πολὺ
1635 2008 1925 2087 προέϐαινε
1955 2013 2046 2066 πί-

385 2119 592 2155 νουσιν.
649 2100 738 2161 Ὠς
789 2097 847 2154 δὲ
900 2101 1095 2172 μέθυος
1154 2101 1290 2169 ἦσαν
1336 2101 1569 2175 πλήρεις
1597 2103 1688 2155 καὶ
1717 2103 1744 2155 6
1777 2100 2044 2177 λογισμὸς

390 2186 610 2249 ἐκείνοις
650 2191 951 2262 παρήγετο,
1003 2188 1156 2251 εὐτὺς
1215 2192 1242 2244 6
1299 2192 1484 2264 Νογᾶς
1531 2193 1644 2244 οἷον
1681 2190 1731 2261 ἐξ
1759 2191 1927 2245 ὕπνου
1961 2203 2049 2254 θο-

392 2276 498 2349 ρὼν
556 2276 645 2330 καὶ
701 2283 809 2332 τῶν
864 2273 1325 2355 ἀμφισϐητήσεων
1394 2279 1610 2334 ἐκείνων
1671 2281 1744 2342 ὡς
1799 2280 1863 2348 ἧν
1924 2280 2050 2335 τότε

395 2366 747 2438 μνησάμενος
781 2367 890 2440 (καὶ
923 2369 1025 2443 γὰρ
1055 2369 1146 2423 τὸν
1204 2370 1298 2442 μὲν
1326 2370 1492 2425 Ἀσάν
1554 2373 1682 2444 παρ’
1736 2370 1907 2442 ἐαυτῷ
1934 2371 2049 2444 εἶχε

395 2455 727 2527 καθήμενον,
779 2462 1032 2532 Λαχανᾶν
1096 2456 1153 2512 δὲ
1209 2458 1297 2513 καὶ
1354 2459 1446 2514 τὸν
1488 2459 1651 2514 αὐτοῦ
1701 2459 2048 2534 πρωτοστρά-

388 2563 525 2618 τορα
550 2545 922 2618 Τζασίμπαξιν
949 2548 1258 2622 κατωτέρω,
1282 2551 1429 2618 πλὴν
1477 2548 1558 2625 ἐφ’
1602 2547 1847 2624 ἐκάτερα)
1878 2569 2048 2621 προσ-

385 2633 572 2689 τάσσει
649 2641 767 2698 τοῖς
844 2636 1010 2692 αὐτοῦ
1090 2637 1536 2717 ἀπεριμερίμνως
1615 2639 1812 2710 οὕτως,
1867 2637 2048 2715 ὥσπερ

403 2856 726 2929 imperator
753 2859 909 2914 haud
935 2859 1238 2932 negligens
1264 2877 1356 2916 res
1405 2860 1767 2934 Bulgaricas.
1799 2863 2050 2915 Asanem

403 2947 475 3001 ad
558 2947 781 3017 Nogam
858 2951 1132 3005 eumdem
1201 2950 1384 3005 mittit
1443 2967 1576 3006 cum
1653 2951 1802 3005 467
1882 2949 2053 3004 donis

399 3034 676 3106 plurimis
709 3039 991 3107 majorem
1041 3040 1101 3094 in
1150 3041 1392 3095 modum
1445 3056 1656 3110 rogans
1705 3056 1776 3094 ne
1833 3036 2050 3093 auxilio

397 3124 744 3180 destitutum
769 3127 988 3182 sineret
1019 3127 1341 3199 legitimum
1376 3129 1581 3199 etjure
1602 3129 1834 3201 generis
1867 3129 2052 3182 hisre-

396 3212 607 3269 ditario
657 3215 937 3272 nitentem
990 3217 1373 3289 Bulgarorum
1429 3234 1648 3288 regem,
1702 3217 1815 3289 ipsi
1877 3218 2047 3287 Nogae

397 3304 566 3374 quasi
602 3304 858 3361 fraterna
887 3308 1321 3362 necessitudine
1351 3307 1708 3375 devinctum,
1731 3307 1887 3377 quod
1913 3323 2048 3362 uxo-

394 3409 487 3448 res
519 3393 736 3449 Asanis
768 3400 824 3449 et
857 3395 1028 3467 Nogae
1059 3413 1290 3452 sorores
1310 3402 1714 3466 essent;quare
1747 3395 2047 3450 hominem

394 3486 514 3536 tam
548 3481 759 3538 intima
782 3484 893 3538 sibi
926 3485 1505 3555 afﬁnitatejunctum
1529 3503 1637 3557 ope
1663 3485 1854 3556 ipsius
1871 3500 2046 3556 egen-

395 3575 512 3624 tem
539 3573 747 3639 juvare
778 3589 852 3627 ne
881 3579 1218 3644 graveretur
1266 3575 1325 3629 in
1375 3576 1772 3646 recuperando
1829 3575 2048 3645 injuste

399 3657 593 3713 ablato
627 3660 983 3732 principatu.
1017 3666 1352 3734 Nogasjam
1401 3669 1572 3720 antea
1604 3664 2047 3720 venientemLa-

397 3747 648 3803 chanam
682 3749 1020 3806 humaniter
1049 3756 1634 3825 exceperat;Asanem
1668 3771 1904 3825 quoque
1939 3771 2046 3825 po-

404 3836 618 3892 sterius
667 3839 985 3910 appulsum
1037 3841 1286 3914 benigne
1344 3843 1603 3899 admisit.
1636 3844 1916 3899 Caeterum
1949 3842 2047 3897 ille

397 3925 622 3996 accepit
653 3929 891 3999 quidem
924 3933 1235 4004 utriusque
1279 3949 1544 4002 munera,
1595 3950 1860 3989 (erumna
1913 3948 2045 3987 vero

399 4030 563 4085 aeque
593 4018 800 4073 ambos
831 4019 1123 4077 immensa
1153 4022 1496 4092 cumulavit,
1529 4024 1808 4093 fdetinens
1867 4020 2044 4076 simul

396 4107 716 4176 utrumque
747 4109 949 4177 perdiu
984 4115 1040 4165 et
1072 4127 1272 4166 secum
1305 4128 1661 4183 quocunque
1710 4111 2045 4166 circumdu-

351 4229 358 4240 .
394 4192 728 4250 cens.Unus
757 4196 1066 4270 utriusque
1115 4199 1426 4271 legationis
1457 4217 1672 4272 scopus
1703 4204 1829 4256 erat
1860 4199 2043 4269 impe-

393 4284 550 4337 trare
583 4285 801 4340 auxilia
831 4292 1034 4343 contra
1059 4289 1354 4344 Terterem
1407 4306 1782 4345 communem
1816 4289 2044 4345 hostem

395 4373 727 4441 amborum,
761 4392 794 4430 a
823 4393 886 4431 se
909 4377 1156 4432 invicem
1191 4395 1304 4434 non
1340 4379 1522 4434 levius
1573 4395 1747 4450 quam
1779 4379 1867 4448 Eab
1919 4379 2045 4449 ipso

393 4460 628 4517 Tertere
661 4463 1100 4521 dissidentium.
1135 4468 1278 4522 Cum
1313 4467 1548 4538 ergoilli
1576 4485 1679 4540 pro
1709 4485 1770 4523 se
1795 4468 2046 4540 quisque

391 4551 627 4606 assidue
657 4556 1246 4625 contendentesjuris
1279 4558 1350 4611 ad
1385 4574 1631 4628 regnum
1666 4557 2039 4629 Bulgaricum

387 4640 478 4694 sui
499 4642 868 4699 firmamenta
892 4627 1638 4716 proferrent,disceptantes
1661 4653 1717 4702 et
1737 4627 1907 4718 quasi
1930 4647 2041 4702 sub
2072 4627 2118 4690 D

377 4729 580 4799 judice
611 4748 850 4788 causam
870 4739 1207 4804 perorantes
1226 4737 1650 4807 propriam,ille
1667 4736 1751 4792 sic
1765 4737 2040 4792 audiebat

389 4823 452 4873 ut
483 4821 837 4877 sententiam
861 4823 1736 4897 expediretnunquam,inﬁnita
1756 4843 1854 4882 eos
1873 4843 2039 4882 mora

387 4911 1044 4984 suspenderet,utrique
1076 4931 1140 4970 se
1168 4920 1366 4969 tamen
1404 4931 1503 4986 per
1520 4917 1676 4971 vices
1705 4917 2034 4984 venditans,

384 5003 442 5051 et
473 5000 644 5054 modo
678 5001 814 5056 huic
837 5003 1011 5058 modo
1034 5003 1199 5060 alteri
1220 5005 2034 5078 promittens,miserisquan-

384 5086 657 5142 tumlibet
687 5089 886 5146 invitis
917 5093 1516 5164 adulantibus,eoque
1547 5095 1738 5165 magis
1767 5111 1829 5150 se
1861 5095 2035 5150 obno-

383 5172 510 5229 xios
545 5177 939 5245 praebentibus
999 5181 1069 5236 ad
1128 5187 1310 5238 nutus
1340 5182 1469 5252 ejus
1527 5198 1756 5250 omnes,
1789 5199 1903 5254 quo
1935 5182 2035 5238 ille

385 5261 611 5319 alterna
641 5269 1028 5325 ostentatione
1059 5270 1274 5326 favoris
1303 5275 1406 5327 aut
1433 5271 1591 5326 taedii
1635 5272 1912 5344 sperandi
1961 5272 2033 5328 ti-

385 5351 700 5424 mendique
730 5355 1018 5413 miscebat
1048 5375 1255 5416 causas
1312 5359 1627 5416 artificioso
1677 5361 1924 5430 intexlu,
1976 5366 2034 5417 et

383 5442 792 5497 communium
823 5450 1092 5502 votorum
1125 5449 1480 5505 accendebat
1501 5451 1730 5522 cupidis
1754 5451 2028 5522 pretium.

384 5525 551 5583 Hunc
579 5532 817 5586 tandem
841 5533 1061 5589 exitum
1086 5553 1176 5592 res
1196 5537 1404 5592 habuit
1427 5543 1559 5610 post
1579 5539 2028 5612 suspensionem

385 5615 744 5675 diuturnam.
780 5621 1032 5679 Sedebat
1073 5627 1142 5679 ad
1201 5642 1467 5682 mensam
1517 5628 1836 5699 aliquando
1893 5645 2027 5683 cum

389 5700 618 5775 hospite
648 5714 896 5784 utroque
931 5712 1142 5786 Nogas.
1175 5713 1515 5771 Celebratur
1533 5715 1835 5774 hilaritate
1857 5733 2031 5790 maga

2152 586 2295 660 εἶχεν
2329 586 2534 648 ἐκεῖνος
2573 587 2902 657 καθήμενος.
2965 583 3064 638 Καὶ
3124 584 3215 638 τὸν
3276 583 3370 655 μὲν
3408 581 3604 652 εἷ’πεῖν,
3641 607 3671 635 ‹‹
3706 584 3826 639 Οὗ-

2148 696 2241 736 τος
2270 674 2470 750 ἐχθρός
2502 675 2614 730 ἐστι
2663 678 2762 729 τοῦ
2819 673 3025 748 πατρός
3090 693 3195 745 μου
3260 670 3558 748 βασιλέως,
3588 671 3680 726 καὶ
3715 677 3821 746 ζῇν

2149 763 2298 825 ’ὀλως
2330 764 2428 819 οὐκ
2481 766 2651 837 ἄξιος,
2713 763 2860 819 ἀλλά
2915 763 3226 836 τέμνεσθαι,
3257 787 3286 813 ››
3348 761 3589 824 ἐκείνους
3625 759 3674 816 δ’
3705 761 3826 832 ἐξα-

2150 853 2381 915 πιναίως
2429 853 2804 929 κατασχόντας
2851 852 2947 914 τὰς
2997 858 3189 928 χεῖρας
3238 850 3567 928 ἑκατέρωθεν
3605 850 3826 923 μάχαι-

2153 962 2246 1016 ραν
2307 937 2568 1015 ἐμϐαλεῖν
2626 947 2707 1015 τῷ
2765 942 3001 1020 φάρυγγι
3060 941 3149 996 καὶ
3211 939 3455 1018 φονεύειν
3513 941 3691 995 ἐκεῖσε
3724 960 3828 995 πε-

2151 1031 2331 1087 σόντα.
2383 1032 2495 1087 Εἶτ’
2551 1031 2705 1096 αὖθις
2761 1031 2851 1086 καὶ
2910 1031 3002 1086 τὸν
3061 1029 3430 1102 Τζασίμπαξιν
3481 1029 3826 1103 θεασάμενον

2149 1121 2443 1191 προστάξαι
2497 1122 2589 1193 μὲν
2639 1123 2754 1176 κατ’
2805 1119 3016 1175 ἐκείνου
3055 1123 3122 1174 τὰ
3172 1119 3444 1194 χείριστα,
3492 1118 3581 1174 καὶ
3616 1117 3684 1188 δὴ
3719 1120 3830 1173 κὰ-

2149 1215 2324 1264 κεῖνον
2371 1210 2528 1272 εὐθὺς
2586 1209 2812 1266 κτείνειν
2872 1208 2965 1264 τὸν
3031 1209 3333 1282 ὑπηρέτην,
3391 1202 3711 1281 ἐμϐαλόντα
3744 1212 3834 1280 τῷ

2149 1300 2343 1373 αὐχένι
2392 1296 2614 1356 κοπίδα,
2664 1298 2796 1352 Τότε
2842 1297 2932 1352 καὶ
2985 1298 3011 1351 6
3063 1297 3219 1353 ’Λσὰν
3275 1296 3495 1372 βλέπων
3543 1296 3682 1372 πρὸς
3723 1298 3832 1365 τήν

2151 1387 2273 1450 θέαν
2326 1387 2472 1450 ὅλως
2521 1389 2903 1455 ἁποπέπηκτο,
2953 1388 3039 1440 καὶ
3093 1386 3218 1460 περὶ
3261 1385 3435 1456 ἐαυτῷ
3487 1381 3664 1460 φόϐον
3705 1387 3834 1460 εἶχε

2148 1478 2240 1532 τὸν
2279 1479 2557 1552 μέγιστον,
2602 1476 2696 1531 κᾶν
2745 1478 2813 1530 τὰ
2862 1478 3035 1550 ὃμοια
3081 1475 3334 1538 κάκεῖνος
3373 1477 3495 1530 τότε
3525 1471 3828 1545 πεπόνθει,

2151 1566 2196 1621 εἰ
2259 1569 2333 1638 μή
2395 1589 2457 1641 γε
2529 1569 2564 1636 ἡ
2635 1568 2922 1644 Εόφροσνη
2982 1566 3458 1640 περιποιησαμένη
3519 1565 3829 1638 ἀπέπεμπε

2155 1658 2271 1728 μετ’
2313 1655 2526 1730 ὀλίγον.
2560 1653 2738 1712 Ἀλλὰ
2767 1659 2937 1710 ταῦτα
2972 1655 3067 1728 μὲν
3098 1655 3150 1718 ἐς
3180 1653 3460 1712 τοσοῦτον.

2567 1814 2905 1892 ἐκστρατεύει
2994 1818 3021 1870 6
3069 1815 3366 1892 _§a0ilebc
3453 1813 3832 1889 Ἀνδρόνικος

2765 1888 2846 1943 εἷσ
2868 1886 3196 1959 Ἀνατολήν.

2226 2015 2286 2071 Ὀ
2317 2012 2375 2068 δὲ
2418 2013 2676 2089 βασιλεὺς
2728 2017 2816 2070 καὶ
2873 2016 3040 2070 πάλιν
3085 2015 3152 2070 τὰ
3208 2016 3346 2070 κατά
3391 2016 3492 2085 τὴν
3542 2015 3834 2085 ἀνατολήν

2155 2107 2416 2157 νοσοῦντα
2451 2105 2659 2176 μαθὼν,
2705 2103 2754 2176 ἐξ
2815 2102 2944 2158 ὅτου
3001 2125 3102 2176 περ
3157 2105 3185 2158 ὁ
3248 2101 3520 2174 δεσπότης
3564 2107 3839 2176 Ἰωᾶννης

2157 2190 2208 2262 ἐξ
2259 2192 2560 2261 ἀνθρώπων
2605 2193 2844 2269 γεγονὼς
2896 2191 3197 2268 ἐκεχειρίαν
3245 2199 3512 2269 παρεῖχεν
3545 2193 3599 2257 ἐς
3634 2200 3845 2249 10006-

2154 2301 2247 2334 τον
2309 2281 2542 2355 Πέρσαις
2604 2280 2743 2337 ὥστε
2812 2281 2901 2336 καὶ
2962 2280 3171 2356 ΐσχύειν
3233 2282 3536 2355 Ῥωμαίοις
3593 2283 3844 2361 ἐπιτίθε-

2159 2372 2279 2424 σθαι
2305 2371 2392 2424 καὶ
2453 2375 2649 2425 κακοῦν
2713 2372 2796 2444 (τὰ
2851 2372 2956 2446 γὰρ
3013 2372 3150 2426 κατά
3206 2370 3518 2448 Μαίανδρον
3581 2373 3672 2428 καὶ
3711 2371 3841 2430 ’Κα-

2161 2458 2274 2532 ρίαν
2329 2458 2416 2513 καὶ
2479 2460 2814 2535 Ἀντιόχειαν
2871 2458 2979 2530 ἤδη
3039 2459 3135 2515 καί
3190 2461 3590 2532 τετελευτήκει,
3649 2464 3720 2516 τὰ
3779 2460 3840 2518 δὲ

2156 2547 2484 2602 τούτωνκαὶ
2547 2553 2628 2620 [Ρ.
2680 2552 2806 2623 321]
2870 2547 2947 2604 ἔτι
2999 2546 3267 2624 ἐνδοτέρω
3325 2548 3516 2614 δεινῶς
3551 2550 3839 2623 ἐξησθένει

2158 2638 2248 2692 καὶ
2278 2642 2375 2692 106
2407 2637 2784 2716 ἷατρεύσοντος
2830 2635 3091 2716 ἔχρῃζον,
3137 2639 3228 2695 καὶ
3277 2639 3575 2711 ἡλίσκοντο
3631 2642 3735 2715 μὲν
3767 2642 3841 2698 τὰ

2163 2857 2748 2914 convivium.Pocula
2778 2874 3039 2929 eousque
3088 2859 3498 2930 frequentatur
3555 2863 3622 2913 ut
3678 2858 3843 2914 ebrii

2154 2949 2282 3018 jam
2314 2945 2510 3002 cuncti
2539 2947 2635 3002 vix
2667 2951 2860 3002 mente
2883 2947 3417 3002 constarent.Tunc
3439 2947 3639 3002 subito
3657 2949 3840 3018 quasi

2161 3053 2191 3091 e
2223 3053 2431 3092 somno
2465 3036 2877 3107 expergiscens
2905 3035 3120 3108 Nogas,
3147 3039 3204 3090 et
3236 3033 3675 3107 ancipitesillas
3701 3037 3836 3110 fru-

2161 3129 2499 3194 strationes,
2541 3126 2758 3198 quibus
2791 3143 2852 3182 se
2887 3143 3057 3182 usum
3100 3125 3388 3181 hactenus
3449 3126 3834 3192 meminerat,

2162 3217 2429 3273 decidere
2460 3215 2774 3287 aliquando
2805 3215 3005 3271 volens
3028 3216 3086 3270 in
3121 3215 3376 3271 favorem
3407 3214 3624 3270 Asanis
3675 3215 3836 3271 forte

2161 3312 2303 3362 tunc
2335 3306 2447 3361 sibi
2479 3306 2551 3361 ad
2585 3305 2742 3361 latus
2773 3304 3092 3361 assidentis
3123 3303 3394 3374 (inferius
3451 3309 3679 3372 autem,
3720 3306 3835 3360 sed

2150 3396 2403 3451 invicem
2441 3395 2666 3450 adversi
2698 3393 2836 3449 hinc
2869 3393 3196 3462 Lachanas,
3231 3393 3369 3449 inde
3421 3398 3830 3465 protostrator

2151 3485 2332 3554 hujus
2362 3484 2761 3556 Tzasimpaxis
2793 3484 3204 3553 consederant)
3231 3482 3483 3554 imperat
3507 3483 3662 3540 468
3687 3484 3828 3539 suis

2150 3573 2466 3644 tranquille
2499 3589 2566 3629 ac
2597 3574 2766 3644 quasi
2799 3573 2946 3628 nihil
2977 3577 3239 3639 acturus,
3264 3572 3585 3644 corripiant
3608 3589 3826 3628 secure

2151 3663 2612 3729 recumbentem,
2648 3667 2713 3717 ut
2737 3668 2882 3730 erat,
2927 3662 3256 3717 Lachanam
3285 3680 3300 3730 ;
3332 3660 3510 3732 idque
3550 3661 3691 3716 dum
3731 3661 3822 3717 illi

2151 3751 2672 3823 agunt,dicit:«Hic
2705 3751 2892 3806 hostis
2922 3755 3013 3807 est
3041 3749 3418 3822 imperatoris
3457 3751 3642 3820 patris
3673 3751 3819 3817 mei,

2150 3845 2208 3896 et
2235 3839 2408 3911 plane
2439 3840 2719 3912 indignus
2749 3840 2849 3910 qni
2876 3840 3069 3895 vivere
3101 3839 3390 3907 sinatur;»
3425 3855 3553 3910 quae
3584 3838 3675 3894 illi
3707 3856 3820 3894 au-

2151 3929 2378 3985 dientes
2399 3928 2948 4001 correptisinfelicis
2964 3928 3243 4000 utrinque
3260 3928 3535 3983 manibus
3549 3927 3818 3983 cultrum

2151 4018 2510 4090 injugulum
2542 4018 2885 4087 demittunt,
2929 4023 2986 4073 et
3044 4035 3180 4074 mox
3228 4017 3448 4073 ibidem
3498 4017 3822 4072 cadentem

2150 4112 2414 4162 enecant.
2439 4107 2690 4163 Iteratur
2721 4124 2856 4162 mox
2882 4107 3071 4162 ferum
3105 4106 3421 4178 imperium
3453 4106 3513 4160 in
3545 4105 3823 4162 Tzasim-

2153 4198 2343 4268 paxim
2367 4203 2425 4253 et
2451 4199 2694 4254 adverso
2727 4197 3223 4269 spectantem,qui
3270 4197 3529 4268 impacta
3560 4197 3619 4251 in
3681 4198 3822 4267 ejus

2151 4287 2435 4342 cervicem
2466 4303 2642 4342 manu
2676 4287 2949 4342 satellitis
2976 4287 3166 4343 securi
3202 4286 3822 4358 trucidatur.Tragico

2150 4375 2484 4444 spectaculo
2519 4377 2825 4446 perculsus
2859 4378 3012 4432 Asan
3036 4375 3149 4432 sibi
3179 4374 3709 4430 vehementissime
3742 4377 3821 4430 ti-

2120 4465 2319 4533 ,muit,
2356 4481 2470 4519 non
2504 4465 2631 4520 sine
2661 4482 2842 4520 causa
2875 4481 2887 4520 :
2921 4481 3057 4520 nam
3091 4463 3257 4536 paria
3300 4469 3358 4519 et
3409 4465 3538 4536 ipse
3595 4481 3823 4535 passus

2151 4558 2327 4620 esset,
2365 4554 2422 4608 ni
2455 4559 2596 4609 tunc
2644 4555 3057 4625 Euphrosynes
3107 4554 3438 4608 interventu
3498 4569 3566 4608 ac
3612 4553 3818 4608 studio

2151 4648 2440 4713 servatus,
2473 4642 2648 4714 paulo
2677 4648 2808 4715 post
2837 4643 3152 4699 incolumis
3182 4641 3470 4698 dimissus
3499 4646 3677 4698 esset.
3699 4644 3816 4696 At-

2149 4750 2262 4804 que
2289 4734 2408 4790 haec
2443 4735 2681 4805 quidem
2714 4750 2776 4790 se
2806 4734 2868 4788 in
2899 4733 3057 4789 hunc
3090 4733 3333 4789 modum
3366 4733 3652 4789 habuere.

2217 4876 2287 4928 2O
2319 4875 2616 4949 Expeditio
2647 4875 3000 4949 imperatoris
3023 4875 3324 4932 Andronici
3343 4877 3405 4932 in
3429 4875 3734 4933 Orientem.

2218 5005 2293 5055 At
2321 5003 2659 5073 imperator,
2692 5005 2990 5073 comperto
3025 4999 3291 5055 laborare
3322 5016 3416 5055 res
3450 4997 3818 5066 Orientales,

2145 5107 2214 5146 ex
2246 5108 2360 5162 quo
2393 5092 2625 5148 sublato
2657 5109 2727 5148 ex
2759 5091 3040 5149 humanis
3068 5094 3297 5146 Joanne
3344 5092 3590 5162 despota
3649 5090 3818 5146 ﬁdu-

2145 5181 2291 5236 ciam
2326 5187 2543 5237 tantam
2596 5184 2783 5239 Persis
2815 5184 3218 5252 sumpserant,
3244 5185 3310 5235 ut
3329 5195 3446 5236 non
3479 5180 3654 5235 modo
3687 5196 3818 5236 non

2144 5270 2485 5326 dubitarent
2533 5271 2686 5327 ultro
2738 5275 3039 5327 Romanos
3079 5268 3378 5336 invadere,
3425 5269 3526 5325 sed
3578 5269 3819 5340 passim

2142 5361 2290 5416 fines
2321 5377 2523 5416 eorum
2551 5360 2914 5417 incursando
2947 5362 3267 5414 vastarent.
3303 5358 3599 5430 Regiones
3649 5358 3822 5415 circa

2139 5451 2495 5506 Maeandrum
2510 5456 2566 5507 et
2585 5450 2818 5507 Cariam
2832 5453 2889 5506 et
2915 5446 3281 5504 Antiochiam
3298 5447 3426 5519 jam
3466 5449 3637 5518 plane
3677 5465 3815 5520 per-

2139 5539 2330 5595 ierant
2361 5556 2375 5594 :
2409 5541 2510 5597 sed
2541 5547 2600 5598 et
2630 5541 2723 5596 his
2749 5539 2943 5595 adhuc
2973 5537 3255 5592 interiora
3287 5536 3544 5609 graviter
3591 5537 3815 5593 debili-

2139 5632 2261 5683 tata
2284 5629 2561 5699 jacebant
2592 5629 2806 5686 medici
2849 5626 3226 5700 sospitatoris
3257 5641 3367 5698 ope
3415 5627 3817 5684 vehementer

2139 5718 2390 5789 egentia.
2423 5719 2866 5793 Diripiebantur
2883 5716 3077 5774 vicina
3095 5715 3332 5788 Caystro
3353 5721 3413 5772 et
3427 5717 3648 5774 Priene
3670 5714 3812 5774 loca
