4080 6414
314 435 424 491 929

1376 437 1475 492 ΒΕ
1509 434 1884 492 MICHAELE
1919 433 2367 492 PALEOLOGO
2402 439 2537 493 LIB.
2580 439 2678 494 VI.

3633 440 3742 496 930

305 562 448 618 κατά
496 560 778 635 Κάϋστρον
811 556 904 613 καὶ
935 559 1205 634 Πριήνην,
1238 556 1537 630 ἡλίσκοντο
1571 557 1618 614 δ’
1643 557 1749 630 ἥδη
1786 559 1876 613 καὶ
1905 558 1968 614 τὸ
1998 562 2052 628 Α
2082 557 2321 628 ἥπτοντο
2351 562 2440 618 καὶ
2472 559 2818 639 προῦκοπτον
2878 561 3394 638 ἀνοικοδομοῦντες,
3444 567 3544 632 τήν
3578 565 3652 627 εἰς
3683 567 3744 619 τὸ

309 652 452 708 κατὰ
511 648 790 719 Μίλητον,
850 649 938 702 καὶ
978 646 1249 724 Μαγεδὼν
1283 650 1373 704 καὶ
1403 649 1471 703 τὰ
1508 649 1814 726 πρόσχωρα
1842 647 1980 702 κατὰ

307 741 536 811 πολλὴν
558 745 656 796 τοῦ
705 737 1057 802 κωλύσοντος
1110 739 1340 814 ἐρημίαν
1394 739 1824 815 ἐξηφανίζοντο),
1872 736 1980 792 δεῖν

309 828 449 908 ἔγνω
481 831 573 886 τὸν
613 831 728 884 υἱὸν
763 827 928 883 αὐτοῦ
971 829 1062 883 καὶ
1099 828 1326 904 βασιλέα
1374 826 1732 904 Ἀνδρόνικον
1768 828 1980 900 σύναμα

312 923 403 978 καὶ
433 927 553 982 ταῖς
591 920 708 975 κατ’
772 917 1042 987 ἀνατολὴν
1109 916 1365 992 δυνάμεσι
1427 920 1683 992 πέμπειν.
1749 919 1850 974 Καὶ
1909 914 1974 986 δὴ

314 1010 702 1085 παραγεγονὼς
780 1007 893 1080 ἅμα
971 1005 1225 1082 δεσποίνῃ
1300 1009 1457 1063 τάκεῖ
1515 1007 1762 1078 καθίστα,
1832 1002 1976 1081 ἔχων

314 1101 450 1178 ἄμφ’
506 1100 670 1154 αὐτὸν
722 1097 814 1151 σὺν
849 1094 1091 1160 πολλοῖς
1136 1095 1331 1160 ἄλλοις
1365 1103 1646 1172 μεγιστᾶσι
1673 1096 1762 1151 τόν
1791 1117 1849 1150 τε
1883 1097 1980 1168 μὲ-

314 1210 414 1265 γαν
445 1187 768 1262 δομέστικον
803 1189 1038 1261 Μιχαὴλ
1070 1185 1164 1241 τὸν
1209 1186 1662 1262 Ταρχανειώτην,
1696 1187 1752 1239 ὃν
1788 1183 1854 1253 δὴ
1887 1185 1974 1239 καὶ

316 1277 697 1351 Παλαιολόγον
729 1275 966 1354 ἔγραφον
1023 1281 1470 1349 μητρωνυμικῶς
1519 1277 1608 1330 καὶ
1660 1275 1712 1337 ἐς
1762 1295 1978 1349 πρωτο-

318 1363 628 1443 ϐεστιαρίου
661 1367 866 1441 ἀνῆγον
924 1367 1094 1437 τιμὴν
1156 1364 1463 1440 ἐσύστερον,
1521 1365 1610 1419 καὶ
1667 1365 1756 1418 τὸν
1799 1385 1978 1439 παρα-

316 1457 670 1530 κοιμώμενον
698 1462 799 1524 τῆς
854 1454 1102 1529 μεγάλης
1150 1452 1445 1532 σφενδόνης
1492 1452 1827 1527 Νοστόγγον,
1885 1454 1972 1508 καὶ

317 1547 410 1601 σὺν
467 1545 652 1607 αὐτοῖς
683 1543 766 1599 ὅτι
813 1543 1106 1607 πλείστους
1133 1545 1200 1598 τὰ
1227 1547 1334 1598 τῶν
1371 1541 1634 1598 δουλειῶν
1669 1540 1977 1606 διευθύνον-

319 1658 435 1698 τας.
488 1637 550 1692 Ὀ
610 1632 668 1689 δὲ
703 1632 960 1710 βασιλεὺς
990 1630 1343 1708 Ἀνδρόνικος
1374 1634 1436 1686 τὸ
1483 1633 1630 1707 παρὰ
1669 1630 1974 1708 Μαίανδρον

318 1724 678 1801 διερχόμενος
707 1720 815 1778 εἶδε
844 1722 934 1776 καὶ
991 1721 1156 1777 πόλιν
1212 1724 1473 1797 μεγίστην
1530 1721 1625 1784 τὰς
1679 1721 1974 1796 Τράλλεις,

317 1815 408 1871 καὶ
468 1812 535 1882 δὴ
594 1812 740 1868 ἑάλω
792 1833 850 1866 τε
879 1816 1000 1874 ταῖς
1032 1816 1129 1865 τοῦ
1158 1811 1332 1866 τόπου
1367 1813 1578 1886 χάρισι,
1611 1811 1700 1865 καὶ
1735 1813 1785 1865 oi
1817 1809 1974 1887 λογι-

323 1907 460 1978 σμὸς
493 1902 647 1976 ἐπῄει
681 1901 968 1978 ἀνεγείρειν
1003 1905 1267 1955 πεσοῦσαν
1319 1901 1409 1955 καὶ
1460 1901 1588 1962 τοὺς
1639 1900 1978 1973 ἐξῳκηκότας

322 1992 524 2057 ἐκεῖθεν
557 1993 647 2046 σὺν
679 1990 873 2053 ἄλλοις
919 1989 1201 2052 πλείστοις
1235 1989 1483 2060 οἰκίζειν,
1532 1991 1622 2044 καὶ
1675 1992 1979 2064 καταστάσῃ

322 2083 582 2158 παρεχειν
635 2082 698 2136 τὸ
748 2080 797 2154 ἐξ
852 2081 1020 2135 αὑτοῦ
1053 2075 1250 2152 ὄνομα,
1283 2081 1359 2143 ὡς
1391 2081 1463 2152 μὴ
1499 2077 1769 2152 Τράλλεις
1803 2079 1983 2133 ἐντεῗμ.

321 2184 428 2241 θεν,
460 2170 588 2226 ἀλλ’
648 2169 1134 2243 Ἀνδρονικόπολιν
1169 2168 1264 2224 εἴτ’
1323 2167 1414 2223 οῦν
1461 2166 1979 2242 Παλαιολογόπολιν

318 2257 706 2331 ὀνομάζεσθαι.
750 2253 1008 2324 Σπουδὴν
1054 2259 1185 2330 γοῦν
1226 2256 1324 2323 τὴν
1361 2256 1622 2330 μεγίστην
1672 2257 1796 2331 περὶ
1846 2255 1982 2309 ἐκεί-

312 2368 413 2416 νην
477 2347 709 2423 εἷσῆγε,
764 2345 855 2400 καὶ
914 2346 1004 2399 τὸν
1070 2344 1232 2420 μέγαν
1297 2342 1623 2417 δομὲστικον
1685 2343 1981 2415 ἐπιστήσας

320 2433 701 2510 ἀνοικοδομεῖν
749 2433 966 2491 ἐκέλευε
1009 2435 1112 2504 τήν
1157 2433 1449 2510 ταχίστην.
1497 2440 1582 2496 Ὦς
1639 2438 1769 2510 γοῦν
1822 2433 1981 2509 ἔργου

326 2657 669 2713 ferebantur
696 2653 874 2711 etiam
904 2658 961 2709 et
990 2655 1316 2727 agebantur
1372 2653 1732 2725 quotidiauis
1789 2652 1986 2708 incur-

330 2747 592 2802 santium
625 2745 838 2817 praedis
863 2744 1128 2800 Milesius
1159 2760 1298 2816 ager
1327 2749 1384 2799 et
1413 2744 1720 2816 Magedon,
1741 2759 1987 2815 quisque

330 2835 427 2891 bis
459 2835 678 2906 afﬁnis,
713 2835 772 2889 in
804 2850 1041 2890 summa
1069 2834 1449 2890 destitutione
1499 2833 1756 2905 praesidii
1793 2834 1988 2889 omnis

332 2924 572 2995 injuriis
595 2925 855 2980 hostium
883 2924 1319 2995 exposita.Cum
1350 2924 1491 2992 haec,
1550 2925 1816 2994 inquam,
1867 2929 1989 2980 Au-

338 3018 548 3085 gustus
579 3019 894 3084 reputaret,
928 3015 1258 3069 faciendum
1293 3013 1406 3068 sibi
1446 3015 1653 3069 statuit
1682 3020 1748 3067 ut
1800 3013 1988 3067 {ilium

338 3119 516 3158 suum
549 3107 604 3157 et
634 3102 691 3156 in
713 3103 955 3174 imperio
978 3103 1258 3172 collegam
1284 3103 1682 3158 Andronicum
1702 3119 1769 3156 eo
1795 3102 1989 3156 mitte-

335 3197 425 3246 ret
455 3207 588 3246 cum
632 3192 815 3263 copiis
865 3197 1095 3263 quantae
1146 3209 1249 3264 per
1302 3191 1624 3246 Orientales
1681 3192 1833 3246 469
1867 3207 1993 3261 pro-

331 3281 560 3336 vincias
589 3286 774 3335 erant.
808 3281 862 3337 Is
894 3281 1077 3351 igitur
1105 3298 1172 3336 eo
1205 3298 1338 3335 cum
1372 3282 1637 3351 Augusta
1695 3281 1988 3351 profectus

330 3370 529 3440 lapsas
550 3369 627 3424 ibi
654 3387 746 3425 res
770 3371 1093 3435 constituit,
1119 3370 1343 3425 habens
1365 3370 1520 3424 circa
1541 3387 1603 3425 se
1623 3386 1756 3424 cum
1784 3368 1990 3424 multis

332 3458 466 3514 aliis
504 3474 806 3530 procerem
857 3475 1140 3530 magnum
1200 3458 1585 3514 domesticum
1649 3457 1995 3514 Michaelem

331 3547 813 3617 Tarchaniotam,
846 3565 1018 3618 quem
1051 3549 1111 3603 in
1139 3548 1526 3618 Palaeologam
1571 3548 1995 3620 transcriptum

337 3641 574 3710 gentem
607 3655 642 3692 a
673 3641 859 3692 matre
882 3638 1342 3693 denominabant
1369 3642 1426 3692 et
1458 3639 1516 3691 in
1567 3637 1998 3707 protovestiarii

341 3727 696 3798 dignitatem
729 3732 936 3799 postea
964 3732 1302 3782 evexerant.
1363 3727 1575 3781 Aderat
1609 3731 1880 3798 praeterea
1903 3743 1997 3782 cu-

341 3821 469 3871 stos
502 3816 699 3887 magni
721 3815 897 3886 sigilli
923 3817 1281 3886 Nostongus,
1315 3821 1372 3870 et
1402 3831 1536 3869 cum
1587 3814 1733 3886 ipsis
1789 3831 1998 3884 quam-

335 3905 740 3978 plurimiaulae
764 3905 1111 3962 ministeriis
1131 3906 1458 3977 fungentes.
1486 3905 1661 3958 Porro
1685 3905 2001 3974 imperator

334 3994 714 4050 Andronicus
745 3995 1016 4066 regiones
1048 3996 1120 4050 ad
1154 3995 1510 4049 Maeandrum
1545 3994 1808 4048 lustrans
1857 3993 2002 4048 vidit

339 4084 639 4139 civitatem
672 4084 811 4138 olim
847 4083 1188 4150 maximam,
1220 4088 1362 4138 tunc
1393 4099 1656 4138 eversam
1693 4081 2003 4148 Tralles,et

335 4173 450 4228 loci
475 4174 910 4243 opportunitate
940 4178 1224 4244 grataque
1257 4173 1592 4227 amoenitate
1625 4178 1830 4243 captus
1851 4172 2005 4242 cogi—

337 4261 625 4317 tationem
659 4263 918 4333 suscepit
948 4263 1079 4333 ejus
1113 4263 1509 4317 restaurandae
1535 4262 2000 4332 frequentandae-

339 4367 456 4421 que
481 4351 832 4406 reducendis
849 4351 1210 4422 postliminio
1235 4353 1334 4422 qui
1354 4351 1595 4422 reperiri
1613 4349 1840 4422 uspiam
1867 4367 2002 4421 pos-

340 4445 476 4494 sent
498 4440 725 4494 dudum
751 4440 1154 4496 exterminatis
1187 4440 1363 4510 hujus
1380 4440 1626 4505 civibus,
1660 4445 1718 4495 et
1737 4439 1867 4494 aliis
1893 4457 2002 4493 un-

339 4529 653 4601 decunque
685 4530 754 4585 ad
790 4530 1020 4600 justum
1078 4528 1244 4583 urbis
1304 4545 1530 4600 magnae
1591 4529 2004 4600 complendum

341 4634 664 4673 numerum
697 4618 1002 4674 addendis.
1055 4617 1319 4673 Decrevit
1350 4622 1544 4672 autem
1608 4617 1689 4671 sic
1724 4619 2006 4672 restitutis

342 4706 568 4762 civitati
600 4724 813 4763 nomen
842 4725 875 4762 a
906 4724 969 4763 se
999 4724 1212 4763 novum
1249 4707 1470 4776 indere,
1523 4711 1584 4760 ut
1617 4723 1730 4760 non
1784 4706 2006 4761 Tralles

345 4795 649 4868 dienceps,
681 4797 782 4851 sed
833 4794 1322 4867 Andronicopolis
1373 4799 1475 4850 aut
1531 4794 2006 4864 Palseologopolis

344 4891 674 4941 vocaretur.
711 4886 917 4941 Studio
949 4886 1130 4956 igitur
1160 4901 1337 4956 quam
1373 4883 1628 4939 maximo
1663 4885 1720 4938 in
1758 4885 1810 4936 id
1849 4885 2007 4939 incu-

344 4974 498 5042 buit,
536 4976 848 5046 praeposito
880 4975 978 5030 isti
1019 4975 1180 5044 operi
1239 4990 1452 5044 magno
1509 4973 1855 5038 domestico,
1906 4973 2006 5042 qui

345 5062 601 5134 impigre
628 5065 910 5119 fabricam
943 5065 1196 5119 adorsus
1227 5063 1419 5118 moliri
1473 5067 1626 5118 tecta
1683 5079 1749 5116 ac
1808 5079 2009 5117 muros

345 5153 546 5224 ccepit.
580 5154 963 5210 Commodum
991 5158 1212 5220 autem,
1244 5151 1396 5208 mole
1438 5153 1564 5222 jam
1597 5151 1824 5206 aediﬁcii
1885 5168 2006 5205 cre-

347 5241 942 5310 scente,alacritatem
967 5242 1324 5313 perducendi
1341 5241 1413 5296 ad
1428 5240 1812 5311 colophonem
1836 5242 2010 5310 coepti

347 5330 566 5386 miram
600 5330 804 5402 injecit
837 5333 984 5386 forte
1038 5331 1337 5386 inventum
1383 5331 1533 5385 inter
1562 5331 1774 5384 rudera
1805 5346 2010 5384 oracu-

349 5421 501 5490 lum,
531 5419 897 5492 insculptum
920 5421 1222 5488 marmori,
1248 5419 1456 5475 litteris
1477 5420 1694 5489 quibus
1717 5419 2011 5489 signiﬁca-

351 5510 530 5564 batur
559 5510 908 5565 exstiturum
943 5510 1254 5580 quemdam
1293 5510 1394 5579 qui
1455 5509 1657 5562 urbem
1718 5524 1846 5562 eam
1881 5524 2011 5578 pro-

349 5603 598 5655 stratam
634 5600 844 5655 iterum
866 5600 1304 5655 attolleretetin
1323 5598 1620 5653 meliorem
1647 5615 1823 5669 quam
1852 5599 2012 5669 prius

350 5688 600 5743 fortuna
634 5705 699 5743 ae
729 5688 1022 5744 felicitatis
1081 5693 1298 5744 statum
1353 5689 1648 5744 excitaret.
1709 5686 1787 5742 lis
1816 5692 2010 5742 autem

352 5777 544 5849 signis
575 5778 1040 5836 adumbrabatur
1069 5778 1183 5834 iste
1213 5793 1398 5835 novus
1430 5777 1794 5833 instaurator
1844 5775 2008 5831 Tral-

2084 656 2268 704 πονεῖν
2303 651 2610 724 προθυμίαν
2660 654 2749 707 καὶ
2781 652 2993 725 μᾶλλον
3036 653 3252 725 ἐπηύξει
3290 654 3547 728 χρησμὸς
3597 653 3742 728 εὐρε-

2087 739 2198 803 θεὶς
2244 738 2411 795 ἐκεῖσε
2456 742 2895 817 ἐγγεγραμμένος
2950 744 3225 818 μαρμάρῳ
3272 743 3346 804 ὡς
3410 741 3568 812 δῆθεν
3619 743 3741 798 ἀνα-

2086 830 2382 898 στήσοντός
2467 851 2615 893 τινος
2700 833 2901 902 ταύτην
2973 837 3239 887 πεσοῦσαν
3314 831 3402 886 καὶ
3477 834 3614 906 πρὸς
3681 835 3742 886 τὸ

2083 923 2328 992 κρεῖττον
2375 918 2410 987 ἢ
2455 920 2717 995 πρότερον
2768 920 3147 990 ἐπανάξοντος.
3198 923 3296 983 "Oc;
3349 919 3413 990 δὴ
3469 923 3554 975 καὶ
3603 942 3740 995 παρ-

2086 1009 2328 1083 εμφερὴς
2378 1008 2532 1080 ἐῴκει
2589 1011 2724 1082 πρός
2795 1030 2853 1064 τε
2925 1011 2992 1064 τὰ
3065 1011 3409 1085 πραττόμενα
3485 1011 3595 1064 καὶ·
3648 1011 3737 1064 τὸν

2084 1093 2482 1166 ἀναστήσοντα
2531 1098 2666 1152 κατὰ
2716 1099 2889 1152 πάντα
2923 1141 2937 1166 ,
2999 1098 3125 1153 ὥστ’
3196 1099 3355 1153 αὐτὸν
3427 1097 3739 1172 λογίζεσθαι

2089 1183 2314 1258 βασιλέα
2365 1188 2481 1240 καθ’
2530 1188 2586 1241 ὃν
2621 1185 2676 1241 εὖ
2709 1189 2926 1262 πράξειν
2979 1185 3464 1262 ἐχρησμολογεῖτο
3504 1190 3604 1256 τὴν
3639 1189 3742 1241 πό·-

2085 1272 2194 1330 λιν.
2246 1274 2352 1330 Καὶ
2405 1273 2492 1330 διά
2537 1282 2705 1331 ταῦτα
2744 1275 2920 1340 πολὺς
2966 1277 3032 1346 ἦν
3086 1275 3434 1350 Ἀνδρόνικος
3486 1275 3740 1352 βασιλεὺς

2085 1361 2424 1418 ἐπισπεύδων
2459 1367 2561 1434 τήν
2613 1370 2714 1431 τῆς
2772 1366 2990 1428 πόλεως
3050 1365 3413 1438 ἐξανάστασιν
3478 1367 3744 1440 εἱμαρμέ-

2082 1473 2207 1508 νους
2256 1453 2470 1529 καὶγὰρ
2502 1455 2738 1531 χρόνους
2788 1453 2970 1510 ἐδίδου
3023 1460 3103 1526 τῷ
3154 1456 3506 1524 ἀναστήσοντι
3541 1457 3568 1509 ὁ
3597 1477 3744 1532 γρη-

2084 1542 2240 1614 σμός.
2272 1543 2374 1598 Καὶ
2406 1543 2796 1617 ἀνῳκοδόμουν
2862 1542 3031 1616 μηδὲν
3084 1543 3410 1618 μέλλοντες,
3463 1543 3646 1614 Χλεύη
3697 1544 3743 1599 δ’

2084 1632 2165 1704 ἄρ’
2225 1632 2359 1699 ἦσαν
2419 1633 2508 1687 καὶ
2568 1629 2776 1710 ὄνειρος
2825 1635 2894 1689 τὰ
2947 1634 3296 1712 γραφόμενα·
3361 1631 3586 1710 εἵμαρτο
3642 1634 3744 1710 γὰρ

2078 1721 2358 1775 κάντεῦθεν
2390 1724 2481 1778 καὶ
2519 1723 2854 1799 μυριοστύας
2904 1723 3036 1786 ὅλας
3081 1723 3300 1778 ὀλέσθαι
3331 1728 3438 1778 τῶν
3471 1724 3584 1778 ἐκεῖ
3612 1745 3744 1778 κατ-

2085 1811 2444 1883 οικησόντων,
2475 1813 2550 1875 ὡς
2597 1813 2623 1866 ὁ
2675 1813 2842 1886 λόγος
2889 1810 2996 1882 ἤδη
3035 1810 3300 1882 δηλώσει.
3353 1813 3444 1874 Ὡς
3491 1812 3590 1888 γάρ
3625 1813 3745 1866 ἀνί-

2097 1919 2288 1952 σταντο
2349 1901 2444 1971 μέν
2493 1903 2560 1954 τὰ
2607 1902 2766 1975 τείχη
2817 1903 2909 1956 καὶ
2965 1901 3129 1962 πόλις
3183 1906 3288 1956 τῶν
3354 1903 3626 1977 μεγίστων
3683 1903 3744 1955 τὸ

2097 1985 2330 2060 ἐρείπιον
2360 1989 2426 2056 ἦν
2472 1990 2617 2063 παρὰ
2646 1991 2865 2065 γαληνὰ
2916 1990 3103 2065 ῥέοντα
3153 1987 3490 2064 Μαίανδρον,
3549 1989 3653 2044 ἔδει
3688 1988 3747 2044 δὲ

2092 2075 2182 2130 καὶ
2252 2076 2378 2139 τοῦς
2455 2082 2885 2149 κατοικήσων-τας
2963 2081 3308 2153 πανταχόθεν
3367 2079 3743 2153 συλλέγεσθαι,

2093 2165 2168 2226 ὡς
2200 2161 2257 2218 ἃν
2296 2166 2368 2236 μὴ
2409 2167 2570 2238 μόνον
2597 2168 2857 2242 τείχεσιν,
2891 2166 3038 2222 ἀλλὰ
3065 2168 3154 2222 καὶ
3186 2166 3439 2240 ἀνδράσιν
3490 2167 3540 2221 ἐν
3593 2189 3748 2239 περι-

2093 2254 2280 2331 φανέσι
2326 2259 2434 2308 τῶν
2483 2253 2699 2311 πόλεων
2769 2257 3076 2332 ἀριθμῷτο,
3136 2257 3212 2318 ὡς
3274 2257 3406 2331 ὑπὲρ
3463 2257 3754 2332 τριάκοντα

2097 2343 2190 2416 μὲν
2246 2343 2335 2397 καὶ
2392 2341 2445 2415 ἓξ
2503 2343 2763 2419 χιλιάδας
2813 2345 2905 2398 τὸν
2955 2350 3061 2399 τῶν
3117 2344 3352 2400 ἐποίκων
3408 2347 3754 2422 ἀριθμεῖσθαι

2090 2433 2246 2500 Λαὸν,
2304 2432 2514 2508 μεγάλα
2545 2433 2590 2489 δ’
2624 2434 2868 2504 ἐλπίζειν
2903 2440 3034 2512 σιρᾶς
3085 2437 3311 2510 σχήσειν
3356 2440 3435 2508 τῷ
3486 2435 3753 2510 οἷ’κισμῷ·

2098 2653 2241 2708 lium
2273 2669 2627 2720 eversarum,
2691 2671 2816 2723 quas
2876 2654 3182 2710 commode
3243 2654 3300 2708 in
3357 2653 3756 2709 Andronicum

2099 2744 2304 2798 cadere
2334 2743 2697 2804 viderentur,
2733 2748 2934 2797 utnon
2973 2747 3278 2813 putaretur
3309 2743 3557 2797 dubium
3614 2745 3755 2813 quin

2097 2831 2221 2887 haec
2245 2831 2372 2902 ipsa
2403 2848 2531 2902 quae
2552 2838 2689 2886 tunc
2714 2832 3255 2900 gerebantur-verus
3286 2836 3534 2886 eventus
3584 2831 3755 2887 istius

2100 2926 2296 2977 essent
2325 2920 2608 2988 vaticinii,
2638 2921 2899 2990 adeoque
2933 2921 3032 2988 qui
3083 2921 3281 2975 aderat
3338 2919 3629 2991 princeps,
3659 2919 3758 2975 ille

2100 3009 2273 3082 plane
2302 3009 2427 3080 ipse
2473 3010 2620 3064 foret
2676 3011 2844 3078 cujus
2874 3011 3028 3064 470
3080 3009 3422 3064 melioribus
3477 3009 3757 3080 auspiciis

2102 3099 2498 3169 reponendum
2532 3099 2592 3152 in
2626 3098 3024 3153 florentiorem
3063 3115 3240 3169 quam
3275 3115 3538 3170 unquam
3589 3103 3760 3152 antea

2103 3190 2400 3242 fortunam
2435 3187 2787 3258 prophetica:
2817 3187 2944 3242 istae
2966 3187 3171 3242 litterae
3202 3188 3592 3258 spondebant.
3618 3187 3764 3242 Hinc

2106 3277 2332 3332 scilicet
2362 3277 2660 3356 anoimatus
2684 3277 3055 3331 Andronicus
3087 3279 3311 3331 multus
3341 3283 3468 3331 erat
3500 3276 3556 3329 in
3591 3293 3763 3346 opero

2104 3367 2388 3436 urgendo,
2423 3365 2654 3420 illectus
2686 3382 2735 3419 m
2761 3366 2934 3420 :xime
2980 3382 3083 3437 spe
3144 3365 3480 3436 longissimi
3536 3365 3668 3419 vitae
3699 3383 3764 3419 ac

2105 3457 2270 3526 regni
2299 3456 2501 3526 spatii,
2536 3455 2690 3525 quod
2722 3453 3006 3509 'l‘rallium
3040 3453 3416 3509 instauratori
3476 3458 3611 3524 post
3668 3470 3764 3508 eas

2106 3545 2408 3600 restitutas
2431 3544 2713 3599 divinitus
2748 3544 2822 3598 ibi
2860 3544 3118 3614 promitti
3151 3543 3475 3598 videbatur.
3522 3545 3763 3597 Summa

2105 3651 2242 3704 ergo
2265 3633 2640 3688 festinatione
2672 3637 3011 3688 accuratum
3038 3650 3184 3704 opus
3202 3637 3577 3700 est,ettanta:
3603 3631 3764 3686 urbis

2107 3723 2412 3777 aediﬁcatio
2438 3722 2594 3777 brevi
2631 3725 2910 3793 perfecta.
2943 3728 3018 3777 At
3047 3721 3371 3776 ludibrium
3391 3728 3448 3776 et
3467 3721 3762 3776 somnium

2107 3827 2174 3865 ea
2194 3810 2300 3864 fuit
2321 3811 2651 3881 inscriptio:
2681 3811 2735 3864 id
2771 3810 2928 3865 enim
2954 3827 3087 3865 vere
3115 3811 3352 3865 demum
3382 3812 3437 3865 in
3464 3811 3598 3865 fatis
3622 3815 3764 3878 erat,

2108 3905 2283 3970 prout
2337 3904 2544 3954 eventa
2601 3903 3123 3965 demonstrarunt,
3188 3900 3370 3954 multa
3430 3899 3765 3954 mortalium

2111 3988 2319 4052 millia,
2353 3988 2451 4058 qui
2485 4004 2687 4043 recens
2723 3987 2896 4042 isthic
2927 3987 3228 4043 domicilia
3270 3988 3558 4055 fixissent,
3619 3987 3771 4044 male

2111 4077 2391 4148 peritura,
2427 4082 2601 4146 prout
2624 4076 2942 4146 contigisse
2963 4093 3096 4130 mox
3120 4077 3482 4131 docebimus.
3509 4076 3581 4131 Ut
3613 4078 3768 4131 enim

2110 4170 2303 4221 erecta
2326 4183 2428 4236 per
2462 4165 2774 4219 circuitum
2807 4164 3026 4218 mcenia
3084 4166 3346 4230 fuerunt,
3380 4181 3411 4218 e
3471 4164 3772 4234 parietinis

2112 4256 2368 4311 rediviva
2399 4255 2539 4308 urbs
2572 4254 2797 4308 exstitit
2830 4253 3106 4320 maxima,
3141 4254 3281 4324 ripa:
3312 4253 3595 4307 insistens
3626 4271 3770 4323 prte-

2112 4344 2442 4400 terfluentis
2467 4344 3146 4413 placideMasandri.Eam
3166 4359 3334 4407 porro
3359 4359 3430 4397 ne
3454 4343 3772 4398 structuris

2115 4435 2434 4505 conspicua
2474 4433 2615 4488 solis
2658 4433 2715 4487 in
2744 4432 3070 4487 claritatem
3099 4449 3246 4487 novo
3271 4432 3560 4486 conditori
3592 4432 3772 4485 desti-

2115 4528 2314 4577 natam
2341 4539 2456 4576 non
2480 4520 3260 4592 eﬂloresceret,frequentari
3293 4520 3573 4574 nimirum
3598 4537 3768 4590 opor-

2115 4613 2230 4667 tuit
2252 4611 2582 4666 convocatis
2605 4627 2818 4682 magno
2850 4628 3095 4666 numero
3141 4611 3384 4666 colonis.
3437 4614 3680 4664 Summo
3710 4609 3769 4664 id

2118 4702 2315 4757 studio
2347 4704 2640 4768 curatum,
2673 4717 2738 4755 eo
2771 4715 3049 4755 successu
3085 4705 3148 4754 ut
3177 4700 3338 4754 brevi
3370 4715 3575 4754 recens
3596 4700 3769 4751 indu-

2116 4795 2342 4845 ctorum
2369 4788 2508 4844 illuc
2529 4789 2745 4844 civium
2766 4805 2866 4843 sex
2887 4794 2943 4843 et
2965 4789 3208 4860 triginta
3228 4788 3495 4843 millibus
3509 4787 3766 4858 capitum

2115 4881 2442 4935 multitudo
2475 4885 2834 4934 censeretur.
2905 4879 2970 4933 Hi
3013 4895 3216 4934 omnes
3251 4879 3492 4949 optimis
3540 4878 3768 4933 alacres

2119 4970 2358 5040 spebus,
2385 4968 2602 5040 quippe
2625 4969 2906 5040 auspiciis
2929 4967 3296 5022 faustissima
3317 4967 3770 5038 Spondentibus,

2119 5058 2676 5114 novaebabitationis
2707 5058 2964 5113 encaania
2994 5055 3584 5128 celebrabant,ignari
3619 5074 3681 5112 se
3713 5075 3772 5112 re
3824 5072 3826 5074 '

2122 5149 2373 5202 maxime
2394 5147 2726 5203 necessaria
2757 5163 2971 5201 carere.
3003 5147 3128 5202 Non
3161 5146 3320 5200 enim
3353 5145 3636 5201 cisternas
3674 5165 3771 5218 pa-

2121 5242 2409 5305 raverant,
2441 5243 2541 5290 aut
2573 5253 2748 5290 manu
2801 5236 3012 5291 eil'ossa
3062 5236 3407 5307 circumque
3463 5241 3685 5292 structo
3719 5242 3776 5291 et

2122 5326 2306 5382 solide
2335 5327 2577 5380 inducto
2611 5325 2852 5380 tectorio
2885 5324 3112 5380 munita
3141 5327 3559 5397 conceptacula
3591 5343 3772 5397 aqua-

2122 5433 2253 5471 rum
2285 5416 2372 5470 vel
2403 5414 2883 5486 excipiendarum
2915 5433 2946 5471 e
2976 5415 3141 5482 cmlo,
3175 5432 3306 5470 cum
3340 5415 3588 5487 plueret,
3621 5415 3710 5471 vel
3743 5433 3775 5471 e

2122 5505 2298 5560 ﬂuvio
2327 5506 2883 5575 comportandarum
2908 5505 2967 5560 in
2988 5523 3132 5561 usus
3163 5506 3517 5562 domesticos
3539 5509 3596 5559 et
3622 5509 3774 5560 tem-

2123 5611 2332 5667 porum
2366 5611 2656 5648 annonam
2683 5596 3023 5652 dubiorum.
3043 5597 3232 5666 Hujus
3258 5596 3340 5650 rei
3367 5595 3773 5666 praevertenda:

2123 5700 2299 5741 causa
2327 5687 2472 5754 erat,
2506 5683 2551 5738 si
2578 5684 2990 5752 advertissent,
3026 5684 3378 5751 necessaria,
3424 5687 3633 5737 natura
3665 5682 3775 5737 soli

2123 5774 2282 5830 illius
2313 5789 2592 5831 venarum
2615 5789 2822 5848 expers
2843 5776 3054 5833 subtus
3086 5773 3381 5831 manantis
3412 5772 3688 5844 aquas,ita
3710 5776 3777 5827 ut
