4080 6410
273 425 376 482 933

1318 423 1416 476 DE
1452 418 1826 477 MICHAELE
1863 415 2310 472 PALEOLOGO
2344 419 2479 472 LIB.
2521 419 2619 473 VI.

3586 430 3694 490 934

276 546 415 624 δρίᾳ,
448 545 755 615 ὡςὲἐκεῖθεν
793 545 888 618 μὲν
927 545 1018 599 καὶ
1074 547 1182 598 τῶν
1237 541 1704 618 ἀπηγορευμένων
1762 538 1924 593 ἅπτε·
1956 545 2008 611 Α
2038 536 2286 611 θεμέλια,
2317 538 2380 594 τὸ
2413 536 2469 593 δέ
2523 539 2573 613 γ’
2630 538 2975 613 ἐπικείμενον
3019 548 3128 600 τῶν
3163 547 3474 622 κτισμᾶίτων
3509 551 3698 622 ξύλοις

277 650 419 705 σθαι,
454 636 690 690 ἐντεῦθεν
741 632 798 689 δὲ
844 630 998 689 ὕδατι
1056 638 1354 695 πονοῦντας
1411 631 1576 706 ὐγροῦ
1623 650 1771 691 τινος
1828 650 1934 700 μη-

276 727 455 804 χανὴν
517 723 766 794 έκζητεῖν
795 766 808 793 ,
868 723 957 777 καὶ
1029 726 1269 796 σννεχῶς
1325 715 1530 796 φλέϐας
1587 723 1694 774 τῶν
1745 716 1933 771 ἳππων

275 820 575 890 τέμνοντας
606 812 703 866 τοῦ
766 810 997 884 α’ίματος
1058 810 1314 888 ἐκροφᾷν.
1376 807 1536 865 Ἀλλ’
1599 807 1698 862 οὐκ
1753 807 1820 876 ἦν
1854 804 1935 860 ἐν-

279 907 456 962 τεῦθεν
486 903 546 957 τὸ
593 907 697 956 πᾶν
731 908 833 971 τῆς
881 899 1045 975 δίψης
1097 900 1295 954 ἰᾶσθαι.
1342 899 1433 953 καὶ
1484 895 1742 969 ἔθνησκον
1775 893 1936 949 έπασ·

286 995 512 1069 σύτεροί·
548 991 690 1066 Πρὸς
721 991 824 1066 γάρ
855 991 946 1045 τὸν
1005 989 1170 1062 λιμὸν
1228 988 1319 1043 καὶ
1384 986 1596 1061 μᾶλλον
1646 987 1928 1060 ἀντεῖχον·

289 1085 553 1158 ἐπήρκουν
589 1078 688 1156 δάρ
749 1081 900 1154 σφίσι
932 1080 1023 1134 καὶ
1053 1079 1118 1133 τὰ
1147 1083 1256 1133 τῶν
1319 1077 1665 1148 θνησκόντων
1721 1075 1934 1149 ἀλόγων

288 1176 531 1248 σώματα.
587 1171 679 1225 καὶ
712 1191 776 1244 γε
825 1169 1000 1224 αὐτῶν
1038 1169 1380 1240 θνησκόντων
1442 1165 1736 1236 πολλάκις,
1771 1164 1942 1226 οὕτως

286 1262 478 1323 ἐνδεῶς
513 1261 663 1336 εἶχον
693 1264 803 1315 τῶν
837 1258 1141 1333 ἀναγκαίων
1175 1259 1249 1320 ὡς
1293 1257 1383 1312 καὶ
1436 1256 1612 1310 αὐτῶν
1661 1255 1940 1311 ἅπτεσθαι.

292 1357 374 1426 Τῇ
409 1349 467 1406 δέ
499 1371 560 1426 γε
591 1347 726 1423 δίψη
784 1349 874 1403 καὶ
933 1346 1146 1422 μᾶλλον
1207 1343 1341 1420 οὔσῃ
1407 1343 1687 1422 βιαιοτέρᾳ
1746 1343 1844 1398 οὐκ
1872 1342 1940 1411 ἦν

284 1443 567 1511 ἐπινοῆσαι
624 1438 934 1513 θεραπείαν,
963 1437 1054 1491 καὶ
1101 1440 1274 1491 ταῦτα
1325 1435 1387 1490 τὸ
1425 1429 1801 1508 μεσημϐρινὸν
1841 1436 1939 1487 τοῦ

284 1535 447 1603 ἡλιου
506 1530 824 1608 φλέγοντος.
880 1528 1038 1584 Ὅθεν
1113 1526 1203 1581 καὶ
1260 1524 1652 1601 προσεχώρουν
1728 1523 1942 1583 ἑκόντες

282 1627 398 1684 τοῖς
425 1617 738 1691 πολεμίοις.
775 1615 1155 1690 άνκεκτότερον
1206 1614 1511 1690 ἡγούμενοι
1554 1611 1782 1677 θανάτου
1813 1609 1942 1687 τρό-

286 1732 384 1766 πον
420 1712 629 1764 ἅπαντα
665 1711 762 1761 τοῦ
809 1703 897 1761 διὰ
955 1703 1127 1779 λιμοῦ
1183 1726 1242 1760 τε
1287 1705 1375 1759 καὶ
1436 1701 1624 1777 δίψης,
1657 1703 1748 1757 καὶ
1805 1721 1941 1776 καγ-

293 1801 478 1861 κάνοις
531 1793 1038 1873 προσλιπαροῦντες
1096 1799 1214 1857 τοῖς
1275 1793 1542 1870 χείλεσιν,
1575 1795 1648 1854 ὡς
1702 1791 1940 1854 ἐντεῦθεν

2042 628 2289 700 ὲτοιμοις
2346 627 2424 690 εἷς
2495 626 2682 702 ἄναψιν
2773 630 3096 704 ὑπηρείδετο

3131 681 3145 708 ,
3231 638 3320 691 καὶ
3383 639 3542 708 μόνον
3629 644 3695 708 ἦν

2042 661 2286 700 διυιμυις,
2346 661 2422 690 διε,
2495 661 2682 702 unus?!”
2773 661 3145 708 υᾱιιηλιιυετο,
3231 661 3320 691 και
3383 661 3542 711 μονον
3629 661 3664 712 η

2042 721 2146 791 πῦρ
2208 712 2467 790 ἐμϐαλεῖν
2540 719 2614 780 ὡς
2698 716 2838 791 μηδὲ
2917 722 3053 791 πρὸς
3133 724 3318 791 ὀλίγον
3400 729 3664 791 ἀνθέξουσι

2917 722 3053 797 πρὸς
3133 724 3318 803 ὀλίγον
3400 729 3698 801 ἀνθέξουσι.

2044 807 2149 862 Καὶ
2199 804 2265 875 δὴ
2324 805 2601 870 πολλάκις
2658 807 2980 883 ὁμολογίαις
3029 814 3126 882 τὴν
3197 814 3360 870 πόλιν
3419 823 3699 892 παραστη-

2047 898 2234 952 σασθαι
2299 898 2698 974 βουληθέντες,
2763 901 2868 973 [Ρ.
2921 905 3068 978 324]
3153 907 3227 969 ὡς
3301 909 3387 962 καὶ
3451 911 3698 981 πέμπον-

2043 1009 2132 1050 τες
2209 988 2394 1058 ἠξίουν
2435 1035 2447 1058 ,
2501 989 2591 1042 καὶ
2665 990 2855 1058 σώζειν
2940 992 3068 1055 τοὺς
3144 995 3478 1071 περιόντας,
3539 1002 3591 1054 οἱ
3655 999 3700 1055 δ’

2048 1077 2501 1152 ἀποκρουσθέντες
2557 1082 2664 1132 τῶν
2723 1081 2877 1157 σφίσε
2954 1078 3402 1158 βεϐουλευμένων
3497 1091 3701 1165 μάχαις

2047 1166 2260 1240 αἱροῦσι
2317 1168 2404 1221 καὶ
2462 1169 2926 1240 κατασκάπτούσι,
2988 1173 3079 1227 καί
3133 1175 3231 1243 τὴν
3285 1177 3410 1249 πρὶν
3474 1177 3525 1232 ἐν
3559 1198 3702 1253 χρη-

2049 1260 2208 1328 σμοῖς
2259 1255 2515 1329 κειμένην
2567 1260 2883 1334 περιφανέσι
2941 1260 3032 1315 καί
3081 1260 3128 1316 δ’
3159 1263 3374 1319 ἐλπίσιν
3432 1267 3704 1343 ἀπῃωρη-

2054 1345 2216 1418 μένην
2252 1352 2520 1421 χρησταῖς
2549 1346 2626 1408 εἷς
2670 1352 2804 1422 χοῦν
2859 1348 3289 1422 καταϐάλλουσι,
3346 1356 3436 1410 καὶ
3485 1355 3702 1427 πλῆθος

2050 1433 2226 1489 έκεῖνο
2285 1437 2388 1489 πὰν
2447 1435 2506 1490 οὐ
2565 1434 2768 1512 ῥᾳδίως
2827 1439 3129 1514 ἀριθμητὸν
3193 1438 3352 1517 ἔργον
3423 1447 3701 1521 μαχαίρας

2049 1527 2354 1581 ποιοῦνται.
2406 1527 2584 1582 Τοῦτο
2643 1521 2848 1598 ξυμϐἀν
2898 1530 3231 1604 κατόρθωμα
3284 1529 3531 1605 δεύτερον
3563 1535 3700 1612 Πέρ-

2053 1635 2168 1676 σαις
2206 1616 2339 1687 μετά
2373 1615 2433 1669 τὸ
2465 1621 2679 1690 πρῶτον
2735 1618 2794 1671 τὸ
2854 1620 2991 1673 κατά
3045 1620 3277 1692 Νύσσαν,
3336 1623 3380 1696 ᾧ
3413 1621 3478 1694 δή
3541 1626 3568 1680 ὁ
3599 1647 3702 1680 πα-

2055 1704 2475 1780 ρακοιμώμενος
2557 1705 2871 1782 Νοστόγγος
2934 1707 3366 1783 ἐλλελειμμένος
3430 1712 3702 1788 μεγίστοις

2054 1794 2298 1869 ἀνιαροῖς
2342 1794 2470 1856 τοὺς
2529 1796 2661 1872 ἀμφ’
2724 1796 2882 1852 αὐτὸν
2941 1795 3308 1873 περιέϐαλεν,
3364 1801 3503 1858 ὥστε
3570 1804 3704 1876 μετά

292 1888 478 1952 ἐλέους
550 1887 770 1962 τύχοιεν
808 1930 822 1955 ,
885 1883 1199 1939 έκεντοῦντο
1256 1883 1347 1937 καὶ
1393 1877 1616 1937 ἔπιπτον
1697 1878 1940 1951 ἀκηδεὶς,
1976 1884 2324 1985 Βτήνσιρῶν
2359 1885 2430 1938 ὧν
2468 1884 2563 1955 μὲν
2622 1887 2856 1962 σςαγήν,
2919 1885 2990 1940 ὧν
3053 1886 3099 1942 δ’
3132 1888 3339 1944 ἅλωσιν
3394 1894 3482 1946 καὶ
3539 1892 3699 1948 αὐτὸν

382 1976 420 1985 Α.
581 1983 604 1985 μ.
690 1975 735 1985 ιι.
815 1973 826 1985 1
1066 1974 1132 1985 ..-ί
1303 1970 1344 1985 λι
1459 1973 1470 1985 ι
1519 1967 1543 1985 Ἰ
1695 1976 1717 1985 υ
1800 1969 1812 1985 ἢ
1893 1971 1905 1985 \
2064 1971 2159 1985 οἱ..
2469 1974 2505 1985 1‘
2734 1977 2744 1985 ι
2896 1975 2975 1985 ιιι
3101 1976 3114 1985 ι
3172 1982 3196 1985 _.
3410 1981 3420 1985 _

298 1976 437 2052 μηδέ
466 1983 639 2054 ταφῆς
679 1973 1013 2048 ἀξιούμενοι.
1066 1974 1267 2048 Πέρσαι
1300 1970 1357 2026 δὲ
1385 1973 1475 2027 καὶ
1518 1967 1596 2026 ἔτι
1629 1976 1744 2032 τοῖς
1797 1969 1946 2034 ἐντὸς

297 2065 640 2142 ἀντίσχουσιν
699 2063 959 2138 (ἤλπιζον
1014 2065 1116 2138 γὰρ
1176 2061 1454 2138 ἀφίξεσθαί
1511 2063 1672 2116 ποθεν
1723 2081 1944 2133 συμμα-

293 2155 483 2234 χίανῆ
521 2156 635 2228 μήη
699 2153 1009 2228 ἐπικουρίαν
1064 2159 1163 2222 τῆς
1224 2155 1533 2228 συμφορᾶς)
1593 2149 1847 2204 ἔπενόουν
1881 2148 1948 2203 τὰ

291 2245 679 2324 χαλεπώτατα,
740 2244 828 2298 καὶ
887 2240 1118 2304 πέλσαις
1177 2241 1372 2316 συχνοὶ
1429 2244 1536 2295 τῶν
1597 2237 1943 2316 θυρεαφόρων

290 2335 628 2415 ἐφιζάνοντες
705 2329 1019 2388 ἐκολλῶντο
1078 2336 1195 2392 τοῖς
1241 2329 1477 2405 τείχεσιν
1515 2372 1528 2386 .
1600 2327 1668 2385 Οτί
1727 2327 1795 2397 δὴ
1854 2327 1944 2383 καὶ

294 2427 487 2500 ὑψόθεν
547 2425 769 2499 πέτραις
833 2421 1175 2499 βαλλόμενοι
1244 2425 1351 2475 τῶν
1437 2417 1617 2494 βολῶν
1675 2417 1941 2493 ἠλόγουν·

293 2514 512 2591 πατάγῳ
567 2513 668 2589 γὰρ
725 2511 815 2566 καὶ
877 2510 1030 2584 μόνῳ
1079 2517 1276 2586 περιῆν
1337 2507 1564 2571 ἐκείνοις
1598 2509 1661 2563 τὸ
1693 2501 1944 2581 φοϐερὸν,

293 2603 528 2668 κάτωθεν
566 2599 931 2675 ὑπορύσσουσι
989 2597 1232 2674 μοχλοῖς
1285 2619 1344 2653 τε
1399 2597 1490 2652 καὶ
1545 2595 1943 2658 κατασείσταις.

293 2697 469 2752 Τοῦτο
499 2690 796 2766 πολλαχοῦ
843 2689 1064 2766 γεγονὸς
1095 2693 1192 2744 τοῦ
1241 2687 1462 2762 τείχους
1495 2687 1815 2742 ὑπεσπῶντο
1850 2685 1944 2759 μὲν

296 2919 398 2973 bat
430 2913 769 2970 succinctus
800 2911 986 2985 copiis
1049 2910 1179 2966 urbi
1211 2908 1498 2966 Trallium
1543 2924 1603 2964 se
1652 2906 1946 2974 admovet,

303 3019 552 3075 eamque
582 3003 843 3075 undique
875 3001 1183 3058 obsidione
1224 2998 1617 3070 amplectitur.
1650 2996 1953 3064 Statim,ut

307 3095 366 3150 in
402 3091 714 3164 improvisa
743 3110 826 3158 re,
860 3089 1093 3162 magnis
1125 3089 1496 3145 conﬂictatus
1544 3084 1835 3158 angustiis
1866 3088 1957 3140 est

308 3199 582 3239 summus
613 3198 769 3236 novza
803 3179 1054 3236 civitatis
1091 3179 1756 3249 magistratus,magnus
1781 3173 1956 3228 char-

2053 1971 2284 2042 ἀλῶναι,
2348 1974 2601 2046 μεγάλως
2650 1977 2786 2047 πρὸς
2845 1975 3041 2052 θάρρος
3098 1976 3286 2052 ἐπῇρε,
3335 1981 3425 2033 καὶ
3481 1985 3546 2035 τᾶ
3602 1989 3702 2052 τῆς

2053 2061 2323 2131 ἀνατολῆς
2371 2063 2616 2116 κατέθεον
2663 2064 3073 2139 κραταιὸτερον.
3123 2065 3388 2130 Βασιλεὺς
3441 2066 3496 2122 δὲ
3530 2071 3556 2123 ὁ
3584 2069 3706 2133 νέος

2055 2149 2312 2218 πύλίζετο
2352 2149 2485 2212 τέως
2533 2151 2668 2206 κατᾶ
2711 2153 2770 2206 τὸ
2820 2152 3134 2230 Νύμφαιον,
3190 2154 3572 2232 ἐμπρόθεσμος
3630 2155 3703 2213 ἰὸν

2057 2240 2292 2311 ἀπαντᾳν
2327 2240 2463 2314 πρὸς
2494 2241 2584 2294 τὸν
2617 2240 2823 2316 πατέρα
2858 2244 2994 2297 κατά
3027 2243 3240 2316 μικρὸν.

2163 2400 2270 2474 κβ’.

2329 2402 2530 2480 Ὅπως
2554 2401 2580 2455 ὁ
2621 2405 3604 2480 πορφυρογέννητος,ΔΚωνσταντῖνος

2377 2472 2452 2534 εἲς
2476 2473 2542 2528 τὰ
2566 2472 2709 2529 πατᾶ
2747 2472 2918 2530 ’Δῦσιν
2961 2472 3385 2542 ἀποστέλλεται,

2131 2596 2397 2660 Βασιλεὺς
2429 2595 2486 2652 δὲ
2524 2599 2612 2653 καὶ
2672 2601 2762 2654 τὸν
2819 2601 2952 2674 μετά
2979 2603 3070 2656 τὸν
3135 2602 3365 2678 βασιλέα
3422 2624 3711 2683 πορφυρο-

2055 2689 2312 2762 γέννητον
2372 2694 2773 2744 Κωνσταντῖνον
2829 2692 3121 2767 γυμνάζειν
3200 2695 3280 2747 οἷν
3353 2692 3526 2757 θέλων
3582 2696 3716 2770 πρὸς

2062 2909 2210 2963 Tum
2246 2909 2437 2964 securi
2454 2915 2688 2982 experta
2716 2911 3010 2967 soliditate
3033 2914 3332 2985 tegminis,
3354 2931 3526 2970 omne
3555 2914 3713 2972 aliud

2066 3006 2452 3069 praterquam
2504 3001 2787 3072 strepitus
2824 3005 2881 3056 et
2928 3001 3123 3056 inanis
3174 3003 3301 3058 soni
3353 3005 3713 3074 dejectorum

2066 3105 2316 3158 superne
2349 3107 2414 3144 ac
2441 3090 2586 3145 citra
2617 3090 2898 3146 damnum
2925 3091 3312 3148 resilientium
3347 3093 3593 3149 telorum
3624 3094 3715 3149 in-

2068 3180 2443 3233 commodum
2477 3179 2751 3246 arcentis,
2793 3181 3133 3236 suffossioni
3166 3182 3321 3236 muri
3379 3199 3478 3254 per
3527 3183 3713 3238 otium

305 3270 559 3328 tularius
593 3268 1113 3325 Libadarius.Nam
1147 3267 1302 3321 cives
1327 3264 1497 3320 famis
1520 3264 1716 3319 subito
1739 3280 1803 3318 ac
1827 3262 1957 3318 sitis
1990 3297 2032 3364 Ο
2068 3267 2631 3334 vacabant,terebris
2650 3270 3204 3342 ferramentisqueid
3230 3287 3417 3343 genus
3437 3272 3714 3328 emolien-

303 3360 681 3417 incommoda
721 3367 837 3414 tam
869 3357 1070 3429 gravia
1110 3358 1444 3422 senserunt,
1484 3359 1550 3408 ut
1578 3357 1635 3408 et
1665 3353 1812 3408 cibis
1845 3351 1955 3406 im-

305 3449 548 3506 mundis
578 3448 957 3518 infandisque
989 3463 1091 3502 ora
1141 3445 1426 3516 polluere,
1477 3447 1534 3498 et
1564 3459 1696 3497 cum
1729 3446 1960 3497 arentes

302 3543 503 3599 fauces
533 3542 748 3598 humor
771 3543 963 3596 omnis
983 3536 1464 3600 deficeret,sectis
1486 3551 1770 3606 equorum
1795 3533 1961 3589 venis

305 3633 582 3688 eductum
619 3629 971 3702 sanguinem
1005 3626 1174 3682 avide
1205 3625 1442 3680 haurire
1483 3630 1852 3695 cogerentur.
1884 3625 1963 3677 Ac

306 3722 422 3779 cibi
454 3720 690 3794 quidem
717 3717 1079 3776 desiderium
1103 3714 1469 3772 tolerabilius
1491 3712 1660 3767 initio
1685 3711 1964 3767 fallebant

304 3809 932 3868 substitutisinlocum
958 3805 1266 3862 meliorum
1295 3802 1574 3859 carnibus
1589 3800 1960 3856 morientium

305 3903 514 3971 sponte
540 3900 952 3970 jumentorum
987 3899 1044 3951 et
1076 3893 1270 3949 omnis
1303 3892 1534 3964 generis
1567 3891 1960 3946 animantium

302 3991 616 4046 brutorum
648 4008 662 4057 ;
689 4002 940 4060 quarum
966 4002 1081 4040 non
1110 3983 1504 4040 sufficientem
1537 3981 1765 4052 copiam
1790 3979 1963 4034 multi

305 4095 425 4134 non
452 4094 584 4133 raro
616 4076 973 4148 supplebant
1001 4072 1274 4129 vorandis
1293 4072 1446 4126 473
1483 4069 1787 4126 hominum
1822 4084 1964 4139 quo-

297 4184 413 4239 que
444 4167 562 4222 fato
606 4168 1061 4236 absumptorum
1095 4160 1503 4217 cadaveribus.
1539 4157 1677 4213 Sitis
1707 4157 1964 4212 levanda

304 4255 608 4313 difﬁcilior
636 4260 759 4310 erat
791 4253 962 4320 ratio,
1007 4252 1162 4324 quod
1208 4249 1310 4305 illa
1342 4265 1522 4321 quam
1555 4248 1696 4315 dixi,
1732 4247 1960 4302 cruoris

307 4346 508 4417 equini
543 4344 702 4418 potio
735 4361 838 4399 nec
873 4343 1016 4398 satis
1049 4342 1318 4397 ardorem
1353 4339 1764 4410 restingueret,
1798 4341 1855 4392 et
1885 4343 1965 4391 ta-

302 4437 442 4492 bem
475 4436 826 4506 ingenerans
840 4436 1057 4488 mortes
1071 4430 1702 4502 frequentaretJtaque
1720 4427 1966 4482 destitu-

308 4527 354 4581 ti
386 4525 613 4597 liquore
642 4523 824 4590 omni,
860 4521 1104 4576 meridie
1137 4519 1462 4591 praesertim
1508 4517 1629 4573 sole
1661 4516 1964 4588 ﬂagrante,

305 4615 467 4670 ultro
499 4615 571 4670 ad
603 4613 801 4668 hostes
832 4611 1208 4674 accedebant,
1256 4607 1527 4678 quamvis
1559 4606 1744 4661 diram
1763 4621 1966 4662 necem

2071 3360 2161 3412 tes
2194 3356 2337 3412 locis
2369 3359 2619 3413 subinde
2650 3359 2813 3425 varii,
2847 3364 2903 3414 et
2950 3364 3249 3432 egerentes
3301 3378 3462 3430 saxa,
3519 3363 3710 3433 quoad

2069 3447 2445 3502 fundamenta
2458 3447 2584 3518 ipsa
2599 3464 2664 3502 su
2677 3448 3338 3522 bvellerentmolemque
3354 3451 3710 3522 superiorem

2067 3535 2407 3591 tibicinibus
2438 3552 2468 3591 e
2488 3537 2646 3608 ligno
2674 3538 3558 3610 subditissuspenderent.certa
3581 3556 3715 3595 mox

2069 3631 2345 3682 secutura
2375 3644 2678 3682 murorum
2717 3629 3036 3700 strage,ubi
3069 3629 3453 3699 subjicendus
3483 3629 3542 3684 in
3577 3636 3716 3684 tem-

2069 3731 2207 3787 pore
2235 3716 2388 3787 ignis
2419 3717 2584 3788 tigna
2614 3717 3066 3789 consumpserit.
3117 3719 3275 3774 Inter
3326 3718 3450 3774 haec
3499 3718 3722 3774 crebris

2067 3804 2437 3860 lacessebant
2467 3805 2915 3863 invitationibus
2935 3809 3212 3864 obsessos
3245 3809 3313 3864 ad
3352 3808 3603 3864 salutem
3625 3809 3722 3862 de-

2070 3894 2290 3948 ditione
2313 3895 2759 3964 paciscendam;
2785 3913 2932 3968 quas
2948 3913 3080 3951 cum
3097 3896 3178 3951 illi
3205 3896 3725 3968 repellerent,sub-

2072 3985 2189 4040 ruti
2225 3985 2487 4056 undique
2521 3985 2672 4041 muri
2727 3986 2960 4041 ruinam
3011 3988 3296 4057 fecerunt,
3347 3988 3546 4043 aditus
3591 4004 3726 4060 ape-

2072 4075 2290 4130 rientes
2320 4078 2514 4129 vastos
2547 4075 2910 4130 irruentibus
2935 4075 3243 4130 Persis.Sic
3269 4077 3571 4131 destructa
3594 4093 3728 4132 mox

2073 4166 2144 4221 ab
2169 4169 2299 4219 ortu
2329 4181 2434 4219 suo
2454 4169 2542 4219 est
2563 4164 2764 4220 infelix
2790 4164 3408 4232 civitas,mendacibus
3424 4165 3728 4221 ominibus

2072 4253 2483 4309 vaticiniorum
2518 4256 2672 4308 474
2704 4252 3023 4308 illustrium
3079 4254 3140 4308 in
3189 4270 3321 4324 spes
3367 4253 3727 4309 vanissimas

2072 4343 2312 4411 inﬂata;
2345 4351 2397 4398 et
2428 4342 2526 4397 ille
2559 4360 2674 4397 non
2710 4343 2876 4398 facile
2904 4342 3290 4398 numerabilis
3325 4343 3576 4414 p0pulus
3604 4342 3724 4413 glau

2075 4433 2154 4489 dii
2188 4433 2475 4489 barbarici
2509 4433 2866 4488 miserabilis
2897 4432 3134 4487 victima
3167 4431 3735 4488 concidit.Alterhie

2076 4540 2384 4578 successus
2425 4522 2535 4577 fuit
2582 4539 2880 4578 armorum
2930 4523 3302 4578 Persicorum
3347 4540 3378 4577 a
3430 4520 3608 4594 priori
3663 4521 3736 4575 ad

2074 4614 2324 4685 Nyssam
2359 4612 2542 4668 relata
2569 4611 2831 4679 victoria,
2882 4629 3001 4684 qua
3050 4613 3358 4684 praefectus
3408 4611 3585 4684 sigilli
3617 4610 3729 4665 No-

307 4703 512 4760 minus
545 4702 891 4759 horribilem
922 4699 1033 4754 rati
1063 4699 1220 4754 lento
1253 4697 1383 4752 sitis
1443 4713 1510 4751 ac
1542 4697 1716 4751 famis
1747 4699 1971 4751 viscera
2003 4678 2046 4742 Ῑ)
2082 4709 2330 4774 stongus
2362 4719 2496 4757 cum
2529 4702 2656 4756 suis
2688 4701 3122 4756 circumventus
3143 4702 3277 4756 etin
3312 4701 3586 4756 maximis
3609 4700 3735 4756 sine

312 4791 762 4864 depascentium
783 4787 1233 4846 vivicomburio.
1265 4788 1337 4841 At
1369 4785 1570 4840 miseri
1594 4785 1770 4839 siccis
1794 4784 1976 4839 labris

310 4899 529 4954 aquam
563 4881 914 4954 suppliciter
939 4881 1204 4949 petentes
1238 4875 1382 4930 adeo
1415 4891 1530 4929 non
1563 4873 1876 4929 ﬂectebant
1907 4873 1976 4928 ad

309 4972 791 5029 misericordiam
823 4969 1132 5035 barbaros,
1159 4970 1225 5020 ut
1254 4963 1558 5020 hastilium
1593 4962 1980 5018 mucronibus

307 5061 568 5119 confossi
607 5059 1078 5132 repellerentur;
1112 5059 1170 5110 et
1193 5053 1295 5126 qui
1320 5052 1582 5126 plerique
1612 5051 1745 5107 istis
1777 5052 1978 5107 vulne-

307 5152 480 5208 ribus
513 5148 964 5217 occumbebant,
999 5145 1146 5200 finde
1195 5142 1489 5198 inhumati
1539 5143 1829 5212 jacerent,
1877 5157 1982 5196 nec

313 5240 582 5315 pulveris
609 5239 926 5309 injectione
957 5233 1205 5307 dignati.
1240 5236 1304 5288 In
1336 5231 1431 5286 his
1461 5236 1661 5286 tamen
1697 5248 1802 5302 spe
1825 5231 1981 5286 auxi-

305 5331 376 5386 lii
410 5348 444 5385 a
466 5329 695 5385 Caesare
725 5324 956 5380 venturi
978 5323 1371 5379 constantiam
1406 5320 1981 5376 circumsessiobsti-

307 5421 566 5487 nabant,
610 5434 729 5489 qua
757 5417 947 5471 Persae
983 5412 1274 5485 indignati
1321 5426 1666 5483 oppugnare
1695 5409 1984 5465 hactenus

309 5513 549 5566 tantum
587 5508 863 5563 obsessos
900 5503 1060 5560 omni
1098 5517 1207 5574 ope
1258 5503 1657 5556 decreverunt.
1691 5499 1985 5555 Moenibus

324 5600 516 5673 igitur
548 5614 610 5654 se
643 5595 808 5651 densi
843 5595 1177 5663 admovent,
1208 5590 1452 5663 illicque
1482 5593 1747 5662 perstant
1799 5590 1986 5645 scutis

315 5688 518 5761 capita
551 5685 817 5760 protecti,
850 5689 908 5739 et
937 5682 1047 5738 sub
1089 5684 1216 5736 tuta
1237 5680 1534 5736 testudine
1564 5695 1738 5734 casus
1780 5696 1986 5736 omnes

323 5777 742 5837 devolutarum
779 5789 847 5831 ex
879 5772 994 5830 alto
1037 5771 1284 5827 molium
1339 5769 1698 5842 excipientes
1729 5769 1980 5826 innoxio.

2084 4791 2300 4848 auxilio
2331 4790 2648 4846 derelictus
2679 4790 2995 4862 angustiis,
3037 4791 3264 4844 cunctis
3295 4807 3444 4861 quos
3484 4789 3737 4844 habebat

2087 4899 2284 4937 secum
2314 4890 2413 4936 aut
2443 4885 2631 4936 morte
2655 4879 2880 4935 affectis
2903 4884 3006 4934 aut
3036 4879 3303 4934 servituti
3332 4878 3737 4950 addictis,ipse

2089 4987 2322 5043 quoque
2355 4975 2564 5042 captus
2597 4969 2852 5024 multum
2885 4973 2941 5025 et
2972 4969 3191 5024 ﬁduciae
3223 4973 3281 5023 et
3328 4967 3624 5024 facultatis
3650 4967 3737 5021 vi-

2089 5061 2353 5116 ctoribus
2393 5059 2622 5116 addidit
2670 5059 3008 5114 universum
3055 5058 3331 5128 deinceps
3379 5057 3738 5114 Orientalem

2090 5151 2342 5206 limitem
2375 5149 2618 5221 impune
2649 5147 3089 5203 incursionibus
3117 5148 3406 5203 vastandi.
3442 5152 3586 5201 Dum
3620 5147 3742 5201 haec

2091 5241 2433 5312 agebantur,
2455 5238 2661 5308 junior
2689 5239 2994 5309 Augustus
3026 5236 3097 5290 ad
3130 5235 3515 5308 Nymphaeum
3549 5234 3738 5289 diver-

2093 5330 2356 5396 sabatur,
2391 5326 2775 5383 constitutam
2811 5325 3140 5398 propinquo
3181 5327 3249 5381 ad
3279 5331 3501 5397 patrem
3536 5341 3741 5380 occur-

2093 5419 2184 5475 sui
2217 5417 2552 5490 opperiens.

2091 5512 2182 5565 22.
2246 5512 2310 5567 Ut
2365 5506 2879 5580 Porphyrogenitus
2957 5509 3349 5564 Constantinus
3423 5509 3484 5562 in
3541 5505 3745 5560 tractus

2608 5580 2875 5635 Occiduos
2902 5581 3104 5634 missus
3145 5580 3225 5634 rit.

2168 5674 2498 5744 Imperator
2528 5674 2724 5725 autem
2748 5669 3008 5740 junioris
3041 5670 3292 5742 Augusti
3334 5669 3572 5724 fratrem
3604 5667 3745 5721 natu

2097 5763 2386 5820 minorem
2417 5760 2988 5835 Porphyrogenitum
3011 5760 3462 5817 Constantinum
3485 5757 3751 5814 imbuere
