4080 6426
382 421 491 478 935

1691 416 1995 475 GEORGII
2029 417 2492 476 ΡΔΟΗΥΠΕΒΕ

3472 468 3517 515 Ι
3699 417 3819 475 936

381 547 582 621 Μάχας
639 544 880 620 ἀρεϊκὰς,
938 539 1124 603 ἄλλως
1160 561 1219 596 τε
1277 538 1336 594 δὲ
1390 540 1482 595 καὶ
1535 543 1645 595 τῶν
1703 535 2030 613 Τριϐαλλῶδ
2064 548 2118 613 Α
2143 542 2267 597 κίαν
2296 544 2397 612 τὴν
2426 547 2526 598 τοῦ
2557 540 2864 617 Κοσμιδίου
2921 544 3119 616 μονήν.
3168 544 3275 600 Καὶ
3320 540 3410 599 διὰ
3453 546 3624 599 ταῦτα
3648 543 3748 597 καὶ
3783 544 3818 598 ὅ

375 635 773 707 κεκινημένων,
807 634 880 693 ὡς
927 631 1017 686 καὶ
1074 651 1180 685 τινι
1240 630 1539 703 Κοτανίτζῃ
1596 630 2031 700 ἀποστατήσαντι

379 723 651 800 βασιλέως
736 722 801 775 τά
883 718 1100 773 ἐκείνων
1177 717 1551 792 στρατεύματα
1629 716 2030 792 ἐγχειρίζεσθαι

376 810 669 887 καὶμέχρι
721 810 938 885 Σερῥῶν
999 806 1069 862 δι’
1122 807 1296 862 αὐτῶν
1357 808 1651 862 κακοῦσθαι
1682 808 1782 876 τὴν
1817 808 2030 883 χώραν,

377 901 628 963 πολλοὺς
658 901 748 955 καὶ
794 897 1065 973 μεγάλους
1116 895 1387 971 ἄρχοντας
1436 894 1711 970 παραδοὺς
1772 898 1910 971 πρὸς
1938 894 2031 950 δό-

380 1014 461 1047 σιν
510 991 793 1064 ἐκπὲμπειν
841 988 1004 1049 αὐτὸς
1059 985 1116 1041 δὲ
1171 991 1281 1041 τῶν
1341 989 1457 1051 καθ’
1512 983 1588 1041 ἕω
1648 991 1827 1048 κακῶς
1881 983 2029 1061 ἔχειν

379 1080 827 1157 ἀγγελλομένων,
863 1078 986 1131 ὅσον
1042 1075 1167 1150 περὶ
1230 1076 1500 1151 Σάγγαριν
1551 1076 1619 1144 ἦν
1682 1071 1742 1130 ἔκ
1797 1096 1861 1149 γε
1907 1095 2028 1129 στο-

379 1171 507 1244 μίου
537 1168 625 1223 καὶ
662 1168 833 1242 μέχρῖ
865 1165 1140 1241 Προόσης,
1174 1163 1226 1234 ἐξ
1257 1165 1449 1233 αὐτῆς,
1484 1165 1559 1229 ὡς
1607 1166 1753 1239 εἶχεν
1783 1162 2029 1218 ἐνσκευα-

376 1259 518 1323 σθεὶς
549 1256 778 1331 διαπερᾷ
806 1255 896 1309 τὸν
953 1255 1259 1329 Βόσπορον,
1289 1253 1379 1308 καὶ
1428 1254 1565 1324 πρὸς
1618 1259 1737 1316 τοῖς
1791 1254 2028 1327 πρόποσι

367 1354 466 1405 τοῦ
498 1348 654 1423 ἀγίου
685 1346 977 1420 Αὐξεντίου
1030 1346 1231 1419 βουνοῦ
1284 1343 1453 1399 ἐκεῖσέ
1511 1366 1615 1398 που
1673 1349 2028 1412 κατασκηνοῖ,

372 1440 654 1513 ἀναμένων
710 1437 1019 1511 στράτευμα
1090 1432 1303 1489 δυτικὸν
1372 1433 1459 1487 ἐπὶ
1515 1433 1702 1509 ῥητοῖς
1761 1432 2027 1507 συλλεγό-

377 1550 537 1603 μενον
601 1526 741 1582 ὥστε
796 1527 925 1599 παρ’
979 1523 1183 1578 ἐκεῖνον
1260 1521 1391 1577 ἰέναι
1454 1524 2024 1594 συνεκστρατεύσοντα.

376 1618 484 1674 Καὶ
517 1615 584 1686 δή
617 1616 732 1670 ἐπεὶ
763 1615 853 1669 καὶ
904 1613 1049 1685 παρά
1090 1617 1188 1667 τοῖ’)
1247 1614 1468 1689 Ἰωσηφ,
1498 1612 1554 1672 ὃς
1588 1609 1652 1681 δὴ
1708 1612 1784 1674 εἷς
1834 1611 2028 1682 Χηλὴν

375 1707 654 1781 ἐξώριστο,
688 1706 911 1776 ἠξιοῦτο
939 1702 1018 1780 ἐφ’
1043 1702 1117 1773 ᾦν
1154 1702 1553 1773 μετοικίζεσθαι
1591 1702 1748 1775 (εἶναι
1791 1700 1891 1776 γὰρ
1934 1703 2024 1755 τὸν

372 1796 543 1851 τόπον
586 1792 822 1867 δυσχερῆ
878 1795 1280 1867 χειμεριοῦσιν,
1315 1793 1394 1863 [Ρ.
1443 1793 1569 1863 325]
1620 1791 1693 1852 ὡς
1747 1790 1837 1843 καὶ
1869 1790 2029 1864 πείρᾳ

2134 632 2307 706 γέρων
2363 633 2545 701 ἠπίως
2600 633 2690 687 καὶ
2743 637 3039 705 προσηνῶς
3094 632 3461 709 προσεφέρετό
3517 634 3594 701 οἱ,
3655 631 3813 688 ὥστε

2136 719 2346 775 καὶτὸν
2376 723 2469 794 μὲν
2534 721 2765 797 βασιλέα
2819 721 3302 798 χαριεντιζόμενον
3361 722 3566 777 ἐκεῖνον
3624 722 3712 785 εἷς
3742 723 3813 777 τὸ

2134 815 2527 885 πατριαρχεῖον
2575 810 2788 879 καλεῖν,
2831 811 3076 866 κάκεῖνον
3121 809 3302 887 λέγειν
3356 808 3582 885 ἕτοιμον
3638 812 3811 881 εἶναι,

2137 897 2181 952 εἰ
2246 898 2410 971 μόνον
2472 900 2765 970 ἀναλυθείη
2823 901 2891 955 τὰ
2945 900 3232 975 γεγονότα.
3292 900 3410 958 Οὐκ
3464 900 3532 970 ἦν
3594 898 3656 955 δὲ
3687 898 3798 977 ἄρα

2131 987 2255 1042 τότε
2285 987 2508 1044 λύεσθαι
2563 994 2752 1057 ταῦτα,
2795 987 2941 1046 ἀλλά
2996 990 3087 1045 καὶ
3145 991 3297 1054 αὖθις
3329 989 3452 1045 νέου
3507 989 3811 1065 γεγονότος

2133 1077 2328 1131 πάππα
2366 1083 2462 1132 τοῦ
2522 1078 2801 1135 Νικολάου
2833 1079 2861 1133 ὁ
2897 1079 2993 1152 μὲν
3051 1083 3263 1153 κρατῶν
3315 1081 3409 1134 καὶ
3458 1077 3631 1134 πάλιν
3663 1078 3805 1143 τοὺς

2131 1167 2258 1238 παρ’
2319 1167 2523 1221 ἐκεῖνον
2583 1165 2979 1239 ἐλευσομένους
3037 1162 3300 1241 ἔπεμπεν.
3352 1165 3691 1225 ’Λπέστελλε
3736 1165 3800 1223 δὲ

2136 1255 2270 1329 μετὰ
2322 1259 2489 1310 ταῦτα
2543 1257 2633 1310 καὶ
2707 1257 2800 1312 τὸν
2883 1263 2984 1326 τῆς
3055 1254 3388 1327 Ἐκκλησίας
3460 1254 3803 1330 δομέστικον

2133 1343 2351 1401 Μανδᾶν
2408 1346 2443 1416 ἢ
2487 1347 2579 1400 καὶ
2635 1344 2977 1422 Μερκοὺριον
3035 1347 3114 1410 εἰς
3161 1348 3230 1403 τὰ
3276 1347 3399 1422 περὶ
3461 1345 3806 1420 Ἀπουλίαν,

2132 1431 2333 1489 ἔννοιαν
2386 1432 2575 1489 δώσων
2626 1434 2847 1498 ἐκείνοις
2896 1437 2991 1491 τὸν
3034 1435 3284 1510 πάππαν,
3334 1436 3383 1490 εἴ
3437 1437 3513 1510 μὴ
3572 1441 3804 1491 ποιοῖεν

2128 1522 2197 1577 τὰ
2227 1520 2620 1596 ἐπεσταλμένα·
2674 1524 2749 1586 εἷς
2808 1529 2971 1580 τοῦτο
3027 1525 3119 1580 καὶ
3170 1525 3272 1600 γὰρ
3327 1528 3447 1587 τοῖς
3504 1523 3814 1596 ἐκκλησια-

2132 1618 2339 1675 στικοῖς
2370 1617 2612 1687 χρῆσθαι
2642 1608 2951 1688 πρέσϐεσιν.
3008 1616 3111 1677 "Oc
3167 1614 3257 1669 καὶ
3314 1616 3624 1689 περιπεσὼν
3678 1620 3808 1676 τοῖς

2126 1706 2229 1757 τοῦ
2263 1700 2434 1776 ῥηγὸς
2478 1701 2769 1773 Καρούλου
2819 1702 3121 1758 ἁλίσκεται·
3173 1702 3265 1758 καὶ
3316 1701 3470 1767 αὖθις
3526 1701 3805 1779 ἀγγελθὲν

2130 1792 2205 1853 ὡς
2261 1792 2622 1867 πρωτοκῆρυξ
2673 1798 2775 1860 τῆς
2841 1791 3170 1863 Ἐκκλησίας
3212 1794 3240 1848 ὁ
3300 1792 3588 1868 συσχεθεὶς
3628 1833 3644 1861 ,
3705 1796 3805 1847 καὶ

370 1884 532 1959 γνοὺς
607 1882 894 1954 ἐμάνθανεν
961 1879 1132 1934 ἐκεῖσε
1205 1879 1298 1933 τὸν
1356 1878 1608 1953 χειμῶνα
1694 1876 2020 1952 διενεγκὼν,
2057 1909 2103 1974 Β
2132 1881 2471 1955 προσταχθὲν
2530 1880 2720 1935 αὐτίκα
2769 1884 2916 1957 παρά
2961 1886 3058 1937 τοῦ
3106 1881 3321 1953 πάππα,
3352 1882 3606 1960 φυλακῆς
3652 1882 3807 1941 ,ἀπο-

369 1972 466 2028 κᾶν
522 1971 566 2026 εἷ
624 1970 714 2024 τὸν
774 1968 1001 2022 ἐπιόντα
1060 1966 1343 2042 διαγαγεῖν
1399 1967 1777 2039 ἀναγκάζοιτο,
1840 1967 1915 2039 μὴ
1961 1964 2020 2020 ἂν

370 2060 700 2135 ἀντισχόντα
751 2061 1093 2133 περιεῖναι),
1161 2056 1382 2129 πέμψας
1441 2053 1873 2128 μετακαλεῖται,
1933 2056 2022 2110 καὶ

370 2173 433 2229 γε
462 2151 589 2224 παρ’
620 2150 795 2217 ἐαυτῷ
836 2151 1089 2221 κατεῖχεν
1145 2144 1196 2199 ἐν
1248 2150 1368 2208 ταῖς
1415 2151 1655 2211 σκηναῖς.
1699 2144 1805 2201 Καὶ
1859 2149 2027 2199 ταῦτα

381 2243 476 2314 μὲν
535 2238 826 2313 ἐπράττετο
906 2236 1076 2308 μηνὸς
1144 2235 1647 2309 Μαιμακτηριῶνος
1680 2277 1694 2301 ,
1776 2235 2024 2289 κάκεῖνον

376 2327 523 2404 ἔχων
550 2327 677 2403 παρ’
722 2326 896 2396 ἑαυτῷ
945 2323 1037 2378 καὶ
1067 2321 1339 2384 πολλάκις
1394 2330 1493 2392 τῆς
1537 2323 1747 2396 ἡμέρας
1810 2321 2028 2399 βλέπων

377 2414 819 2489 ὑποποιούμενος
903 2411 1294 2487 περιέθαλπεν,
1381 2408 1559 2481 ἡδέως
1646 2410 1859 2467 ἀκούων
1936 2412 2025 2468 καὶ

371 2503 609 2567 πολλοῖς
670 2501 849 2557 ἀνόωο
906 2498 975 2556 δι’
1033 2499 1241 2555 ἐκείνου
1316 2500 1696 2573 μεσιτεύοντος
1747 2501 1816 2556 τὰ
1868 2500 2026 2572 αἰτη-

372 2616 535 2670 ματα.
594 2592 850 2664 Ἀπένεμε
909 2588 967 2645 δέ
1025 2591 1076 2645 οἱ
1117 2590 1373 2666 καὶπρὸς
1426 2590 1525 2659 τήν
1582 2588 1797 2653 ἐσαῦθις
1838 2612 2030 2647 κατοι-

365 2720 720 2781 rudimentis
752 2718 1025 2774 militaris
1056 2717 1204 2772 artis
1235 2723 1294 2773 et
1324 2717 1685 2789 experientia
1734 2719 1855 2788 jam
1889 2722 2018 2773 tum

371 2816 625 2870 formare
656 2811 727 2865 ad
765 2809 1168 2864 fortitudinem
1204 2806 1471 2862 bellicam
1505 2806 1773 2876 cupiens,
1804 2810 1937 2877 ejuo
1960 2808 2017 2864 in

376 2900 806 2974 expeditionem
881 2896 1150 2952 mittendi
1216 2897 1583 2951 occasionem
1644 2897 1900 2967 sumpsit
1955 2913 2024 2951 ex

374 2991 631 3063 quodam
666 2993 829 3043 motu
861 2986 1279 3052 Triballorum,
1306 3001 1567 3056 eousque
1615 3002 1926 3057 progresso
1958 2991 2024 3041 ut

375 3080 415 3135 ii
447 3079 672 3135 adscito
700 3079 756 3131 in
808 3076 1023 3130 ducem
1071 3075 1433 3131 exercituum
1486 3091 1731 3129 suorum
1765 3076 2019 3146 quodam

373 3168 694 3235 Cotanitza,
740 3165 839 3235 qui
890 3166 962 3219 ab
1008 3165 1353 3236 imperatore
1398 3164 1708 3227 defecerat,
1756 3164 2023 3235 regiones

374 3258 620 3332 imperio
696 3257 995 3327 subjectae
1061 3255 1363 3311 incursare
1440 3270 1627 3325 usque
1699 3255 1768 3309 ad
1825 3255 2024 3310 Serras

2135 1969 2342 2025 λύεται.
2406 1971 2503 2024 Καί
2552 1975 2723 2025 ταῦτα
2782 1972 2875 2043 μέν
2918 1973 3189 2045 ὁκρατῶν
3250 1971 3444 2036 ἐποίει,
3502 1969 3691 2034 πολὺς
3721 1970 3803 2026 ὢν

2131 2066 2233 2129 τῆς
2292 2061 2628 2136 φαινομένης
2683 2059 2890 2131 ἐνείνης
2949 2060 3175 2137 εἰρήνης
3238 2059 3554 2132 διανιστᾷν.
3629 2063 3803 2125 ⁶Οθεν

2133 2148 2224 2203 καὶ
2268 2150 2457 2223 χώραν
2521 2150 2622 2204 οὐκ
2678 2150 2827 2225 εἶχον
2890 2151 2941 2205 οἱ
2996 2154 3095 2205 τοῦ
3152 2151 3354 2229 Ἰωσὴφ
3400 2149 3539 2226 πρὸς
3587 2148 3808 2205 ἐκεῖνον

2134 2236 2313 2311 λόγοι,
2347 2236 2495 2306 πλὴν
2522 2242 2620 2292 τοῦ
2652 2236 2884 2316 φιλικῶς
2917 2234 3065 2314 ἔχειν
3111 2238 3201 2294 καὶ
3248 2241 3317 2295 τὰ
3362 2239 3439 2302 εἷς
3484 2237 3805 2294 ἀνάπαυσιν

2136 2324 2325 2398 ἐκείνῳ
2354 2327 2705 2400 προσνέμειν.

2133 2438 2234 2510 κγ.
2301 2434 2492 2497 Ὅπως
2553 2434 2580 2488 ὁ
2637 2432 3126 2510 Βέκκοςᾼγράφων
3196 2432 3285 2510 δι’-
3332 2436 3395 2500 ἣν
3456 2432 3634 2491 αῒτίαν
3710 2435 3809 2491 καὶ

2528 2506 2653 2581 περὶ
2699 2511 2807 2562 τῶν
2863 2503 3154 2582 δογμάτων
3205 2506 3389 2563 ἐκίνει.

2206 2598 2295 2667 Τῷ
2326 2592 2384 2649 δὲ
2412 2595 2874 2671 πατριαρχεόοντι
2934 2596 3153 2671 Ἰωάννῃ
3201 2597 3308 2652 οὐκ
3351 2595 3415 2664 ἦν
3445 2596 3542 2659 τὰς
3574 2593 3808 2670 ὁμολο-

2204 2721 2540 2793 Assignavit
2570 2729 2767 2778 autem
2802 2723 2852 2778 ei
2874 2722 2931 2778 in
2962 2723 3388 2780 habitationem
3420 2725 3799 2780 commodio-

2132 2826 2401 2882 rem,qua
2431 2813 2706 2883 deinceps
2729 2813 3445 2881 uteretur,monaslerium
3478 2814 3800 2869 Cosmidii.

2132 2900 2237 2955 His
2267 2901 2550 2957 delinitus
2582 2902 2779 2958 senior
2805 2901 3040 2973 placide
3069 2903 3399 2975 amiceque,
3430 2901 3801 2960 oblitteratis

2132 2989 2718 3058 offensionibus,cum
2743 2994 3002 3064 Augusto
3025 2992 3233 3063 agebat
3246 2994 3367 3063 pari
3386 2991 3803 3048 familiaritate

2134 3079 2695 3149 respondente,adeo
2728 3084 2790 3135 ut
2814 3082 3065 3152 quodam
3097 3081 3249 3137 inier
3278 3098 3379 3137 eos
3400 3081 3529 3151 ejus
3551 3083 3803 3152 generis

2134 3167 2423 3240 colloquio
2455 3168 2625 3239 quasi
2648 3169 2857 3239 jocans
2887 3170 3207 3241 imperator
3243 3171 3369 3225 seni
3395 3171 3618 3226 diceret
3642 3170 3802 3227 velle

2135 3275 2197 3313 se
2228 3256 2394 3312 illam
2429 3258 2807 3329 patriarcbali
2835 3259 2957 3313 sedi
3014 3260 3363 3328 restituere;
3413 3257 3510 3315 cui
3561 3260 3800 3331 pariter

368 3350 630 3406 vexando
686 3349 1092 3417 vastandoque
1165 3345 1601 3400 nuntiarentur.
1649 3345 1828 3400 Movit
1882 3361 2020 3417 ergo
2052 3361 2096 3427 ρ
2135 3347 2411 3403 renidens
2444 3347 2707 3418 reposuit
2735 3348 3025 3419 Josepbus
3051 3353 3320 3418 paratum
3353 3350 3420 3404 ad
3452 3347 3511 3403 id
3545 3364 3609 3403 se
3638 3364 3799 3418 esse,

368 3439 790 3499 Constantinus
820 3437 880 3492 in
911 3436 1286 3492 Occidentem
1316 3437 1485 3505 jussu
1520 3436 1833 3506 patris,qui
1864 3436 2023 3491 viros

374 3531 424 3587 ei
457 3528 747 3601 primariae
790 3525 1098 3596 dignitatis
1130 3523 1347 3579 multos
1399 3528 1456 3579 et
1502 3540 1745 3596 magnos
1796 3525 2020 3581 militiae

370 3620 613 3676 comites
651 3618 829 3673 istius
857 3621 915 3670 et
945 3615 1248 3671 ministros
1298 3615 1599 3685 potestatis
1649 3617 1971 3688 assignavit
2003 3633 2017 3673 :

370 3710 502 3781 Ipse
533 3713 730 3763 autem
764 3710 1069 3777 Augustus
1101 3707 1293 3761 denuo
1323 3710 1614 3777 comperto
1651 3708 1831 3763 certis
1865 3725 2021 3764 nun-

367 3799 470 3852 tiis
526 3796 838 3866 periclitari
900 3795 1209 3867 vexarique
1275 3794 1631 3851 Orientalem
1679 3812 1856 3867 quam
1904 3797 2019 3853 late

366 3891 528 3958 patet
573 3885 727 3940 circa
778 3883 1081 3955 Sangarim
1151 3889 1428 3952 tractum,
1505 3885 1578 3939 ab
1631 3885 1812 3953 hujus
1868 3886 2017 3941 ostio

361 3980 513 4030 retro
546 3990 735 4045 usque
765 3974 835 4028 ad
867 3974 1449 4041 Prusam,confestim
1483 3974 1811 4029 instructus
1836 3992 2014 4046 quam

361 4065 582 4136 optime
614 4063 779 4119 licuit
810 4080 879 4118 ex
909 4062 1079 4132 copia
1114 4062 1763 4131 praesenti,transfretat
1795 4065 2014 4134 Bospo-

356 4172 513 4221 rum,
549 4160 606 4209 et
633 4155 704 4207 ad
738 4153 964 4208 radices
996 4151 1164 4207 collis
1205 4152 1405 4207 Sancti
1455 4153 1727 4207 Auxentii
1762 4154 1892 4207 ﬁxis
1924 4157 2018 4208 ta-

366 4242 697 4298 bernaculis
751 4246 1017 4297 moratur
1076 4246 1425 4311 exspectans
1502 4240 1742 4295 Occidui
1807 4242 2013 4295 limitis

362 4332 705 4399 exercitum,
738 4332 835 4402 qui
889 4330 1033 4386 locis
1076 4329 1311 4383 interim
1361 4329 1649 4383 condictis
1698 4345 2014 4401 congrega-

367 4421 561 4488 batur,
600 4436 716 4492 quo
773 4419 984 4475 deinde
1049 4418 1229 4473 simul
1271 4419 1517 4486 junctus
1560 4417 1902 4488 imperatori
1954 4437 2015 4475 se

361 4512 514 4568 475
541 4511 889 4581 adjungeret
936 4524 1188 4578 eumque
1222 4507 1280 4560 in
1328 4507 1694 4578 expeditione
1739 4525 2013 4580 sequere-

360 4606 480 4657 tur.
507 4598 632 4655 lllic
661 4597 982 4653 diversanti
1008 4596 1241 4667 perlatae
1272 4613 1472 4668 preces
1504 4614 1536 4652 a
1563 4598 1819 4668 Josepho
1851 4605 2011 4667 sunt,

358 4689 686 4759 exsulante,
722 4693 783 4742 ut
815 4688 1035 4742 dictum
1077 4691 1185 4750 est,
1219 4688 1372 4758 apud
1425 4687 1681 4742 insulam
1734 4687 2010 4757 Chelem;

364 4780 522 4836 unde
573 4777 879 4833 transferri
930 4776 1185 4848 petebat,
1245 4780 1526 4832 causatus
1575 4775 2015 4832 inclementiam

366 4869 531 4925 illius
579 4867 705 4924 cmli
755 4883 856 4939 per
902 4865 1183 4933 hiemem,
1226 4866 1396 4935 cujus
1448 4865 1701 4937 rigorem
1755 4866 2021 4922 hibernis

362 4959 489 5028 jam
523 4958 659 5012 unis
690 4959 965 5027 expertus
1014 4954 1352 5009 afﬁrmabat
1401 4958 1671 5009 constare
1722 4954 1832 5009 sibi
1865 4959 2021 5011 certo

372 5046 531 5102 haud
562 5062 623 5103 se
657 5061 829 5117 posse
869 5044 1047 5099 aliam
1092 5043 1213 5099 illic
1263 5043 1496 5099 hiemen
1548 5044 1670 5098 vita
1716 5043 1877 5099 salva
1908 5049 2024 5099 tra-

376 5136 627 5201 ducere;
661 5151 845 5206 quare
874 5134 1002 5206 cogi
1032 5148 1267 5189 manere
1296 5131 1418 5187 illic
1466 5131 1613 5187 nihil
1663 5132 1868 5189 mitius
1896 5150 2026 5189 esse

378 5239 552 5295 quam
585 5223 791 5279 occidi.
830 5223 928 5278 His
958 5239 1228 5279 annuens
1257 5224 1563 5293 Augustus
1601 5221 1800 5277 statim
1834 5239 2023 5278 accer-

378 5313 561 5369 situm
589 5329 787 5369 senem
823 5314 975 5383 apud
1010 5327 1073 5366 se
1104 5311 1165 5367 in
1187 5310 1584 5367 tabernaculis
1615 5310 2025 5377 babuit,Junio

381 5402 482 5474 qui
526 5406 670 5458 tunc
720 5400 993 5456 currebat
1039 5416 1261 5468 mense,
1316 5406 1670 5474 gratumque
1732 5400 2024 5472 hospitem

377 5507 585 5547 rursus
616 5489 795 5546 veteri
830 5489 1233 5545 benevolentia
1275 5491 1556 5563 dignatus
1594 5491 2028 5547 humanissime

379 5580 630 5647 fovebat,
665 5578 881 5647 szepius
912 5577 969 5631 in
1000 5577 1093 5633 die
1123 5579 1340 5645 visens,
1366 5580 1736 5651 libenterque
1768 5596 1897 5650 quae
1929 5598 2025 5635 ro-

375 5668 554 5736 gabat
605 5669 897 5735 audiens;
948 5667 1104 5721 unde
1153 5667 1357 5723 multis
1404 5673 1548 5724 tunc
1601 5669 1850 5739 contigit
1896 5670 2026 5739 ejus

371 5750 710 5814 interventu
742 5757 1063 5827 impetrare
1081 5754 1153 5810 ab
1168 5754 1524 5827 imperatore
1544 5757 1702 5829 quod
1721 5757 2024 5828 optabant.

2137 3437 2309 3491 modo
2333 3453 2460 3507 jam
2491 3442 2623 3492 acta
2652 3443 3085 3493 revocarentur.
3141 3442 3216 3492 At
3249 3436 3349 3492 illa
3394 3437 3453 3492 in
3484 3453 3616 3493 eam
3656 3439 3793 3508 jam

2131 3525 2469 3581 firmitatem
2517 3526 2879 3590 coaluerant,
2929 3532 2994 3581 ut
3044 3527 3299 3582 rescindi
3348 3531 3491 3582 tunc
3538 3526 3791 3597 quidem

2129 3615 2615 3685 nequirent.Quin
2643 3615 2833 3685 potius
2858 3632 3004 3669 nova
3021 3621 3161 3669 tunc
3189 3615 3460 3671 nuntiata
3492 3615 3799 3671 creatione

2127 3720 2289 3775 papa
2319 3703 2562 3770 Nicolai,
2598 3703 2998 3774 astringendis
3041 3704 3246 3759 fortius
3278 3704 3467 3776 pactis
3524 3703 3793 3776 impera-

2127 3797 2216 3847 tor
2244 3792 2505 3847 intentus
2538 3792 2759 3864 legatos
2793 3793 2863 3847 ad
2899 3809 3031 3847 eum
3066 3792 3211 3848 alios
3242 3793 3585 3848 destinavit.
3620 3794 3795 3849 Misit

2124 3887 2181 3937 et
2209 3882 2422 3937 deinde
2451 3882 2841 3937 domesticum
2873 3880 3139 3937 Ecclesia;
3163 3882 3437 3938 Mandam
3471 3882 3595 3937 sive
3625 3887 3793 3938 Mer-

2124 3970 2355 4026 curium
2386 3970 2444 4025 in
2481 3976 2673 4041 partes
2704 3970 2945 4041 Apulia),
2975 3972 3234 4027 conﬁsus
3265 3970 3619 4028 inviolatum
3656 3974 3789 4030 fore

2124 4060 2196 4116 ob
2225 4064 2591 4131 perspectam
2620 4058 2995 4131 imperatoris
3054 4061 3210 4131 apud
3267 4060 3606 4132 pontiﬁcem
3642 4078 3791 4133 gra-

2123 4150 2283 4204 tiam.
2314 4150 2382 4204 Et
2415 4149 2551 4220 quia
2584 4148 2951 4219 intelligebat
2982 4149 3282 4220 pontiﬁcio
3336 4149 3527 4205 favore
3576 4156 3793 4222 prote-

2122 4240 2381 4311 gendum
2416 4238 2720 4294 efﬁcacius
2750 4237 3353 4309 ecclesiasticum,tali
3375 4240 3573 4311 potius
3597 4241 3670 4297 ad
3698 4259 3799 4297 res

2121 4328 2294 4383 etiam
2323 4326 2655 4398 reipublicae
2704 4330 3045 4384 tractandas
3094 4346 3273 4401 quam
3326 4329 3596 4386 saeculari
3649 4336 3791 4387 ute-

2121 4418 2312 4472 batur.
2347 4416 2461 4470 Nec
2493 4432 2626 4485 spes
2670 4416 2730 4470 in
2763 4417 2874 4471 hoc
2928 4434 3063 4472 eum
3126 4417 3299 4490 plane
3356 4436 3464 4475 sua
3520 4418 3791 4476 fefellit:

2122 4523 2255 4562 nam
2292 4522 2425 4560 cum
2459 4505 2734 4561 Mandam
2769 4523 2869 4561 rex
2898 4509 3055 4563 476
3100 4507 3344 4563 Carolus
3396 4509 3797 4579 comprehen-

2121 4613 2254 4651 sum
2286 4594 2571 4650 custodiae
2602 4595 2883 4662 dedisset,
2936 4613 3088 4667 papa
3119 4596 3335 4652 certior
3392 4598 3588 4653 factus
3645 4615 3785 4654 eum

2124 4684 2226 4755 qui
2258 4684 2629 4755 mancipatus
2661 4685 2880 4740 carceri
2913 4686 3103 4740 fuerat
3133 4685 3405 4741 Ecclesiae
3459 4693 3790 4757 praecento-

2130 4791 2249 4829 rem
2284 4789 2434 4840 esse,
2468 4772 2614 4828 solvi
2646 4788 2778 4827 eum
2819 4774 3131 4831 confestim
3163 4780 3221 4830 et
3260 4776 3479 4830 dimitti
3529 4775 3799 4835 liberum

2128 4864 2374 4918 curavit.
2407 4863 2467 4917 1n
2502 4862 2660 4917 hunc
2685 4864 2925 4918 modum
2960 4862 3186 4919 multus
3219 4869 3345 4919 erat
3375 4863 3705 4935 imperator
3735 4867 3801 4922 in

2136 4956 2269 5019 ista,
2305 4952 2501 5006 fucata
2533 4951 2667 5007 licet
2696 4968 2801 5006 nec
2846 4969 2916 5007 ex
2961 4968 3098 5008 vero
3140 4953 3375 5021 coalita,
3429 4970 3568 5025 pace
3610 4971 3804 5029 coag-

2136 5041 2669 5104 mentanda.Quare
2700 5040 2892 5096 locum
2926 5043 3082 5113 apud
3115 5058 3249 5098 eum
3282 5060 3398 5098 non
3432 5043 3805 5102 invenerunt

2136 5133 2281 5189 illati
2313 5136 2518 5188 contra
2547 5146 2676 5185 eam
2709 5147 3014 5188 sermones
3044 5149 3079 5187 a
3107 5133 3501 5205 Josepho,qui
3530 5136 3798 5206 gratiam

2135 5222 2289 5295 apud
2346 5219 2675 5292 principem
2734 5219 3039 5291 antiquam
3097 5238 3247 5276 nova
3306 5223 3801 5282 reconciliatione

2138 5309 2479 5366 resarcitam
2511 5312 2758 5363 eatenus
2798 5308 3008 5378 tenuit,
3045 5312 3109 5364 ut
3156 5309 3272 5381 ipsi
3320 5315 3462 5366 tunc
3511 5313 3804 5371 restituto

2136 5400 2195 5454 in
2229 5395 2687 5453 familiaritatem
2722 5396 3033 5465 pristinam
3065 5396 3241 5453 etiam
3299 5398 3369 5453 de
3399 5401 3804 5458 commodiori

2138 5486 2462 5546 diversorio
2486 5487 2556 5540 ad
2586 5490 2782 5542 votum
2819 5486 3246 5557 provideretur.

2134 5596 2227 5651 23.
2264 5594 2328 5652 Ut
2376 5593 2567 5647 Vaccus
2623 5591 2860 5646 scribere
2913 5608 3215 5663 aggressus,
3275 5608 3339 5648 ea
3385 5598 3668 5654 occasione
3730 5605 3809 5656 de

2465 5664 2726 5733 dogmate
2753 5666 3188 5720 controversiam
3210 5668 3458 5722 moverit.

2210 5754 2499 5809 Caeterum
2530 5751 2867 5824 patriarcha
2898 5752 3118 5809 Veccus
3161 5757 3359 5810 tenere
3416 5772 3481 5812 se
3528 5774 3650 5814 non
3682 5777 3811 5833 po-
