4080 6416
284 473 392 527 937

1363 464 1461 517 ΒΕ
1498 463 1871 517 MICHAELE
1908 461 2337 517 PALEOLOGO
2373 465 2506 517 LIB.
2555 466 2645 517 VI.

3600 465 3711 521 938

284 596 407 675 γίας
459 593 771 672 φυλάττειν,
820 591 879 650 ἃς
928 588 1066 660 πρὸς
1111 586 1203 640 τὸν
1246 584 1479 675 γεραρὸν
1524 583 1733 675 ἐκεῖνονΔ
1776 580 1944 675 ἄνδρα
1974 587 2027 652 Α
2058 583 2282 675 μεγάλη
2316 583 2603 675 ἐκκλησία,
2649 584 2939 675 ἐνὲτιμίοις
2986 587 3076 641 καὶ
3128 586 3245 675 εἶχε
3294 587 3714 664 χαρτοφύλακαν

284 671 376 742 τὸν
416 671 584 759 μέγαν
636 679 927 751 οἷκονόμον
983 679 1068 750 [Ρ.
1127 678 1255 746 326]
1313 676 1414 743 τὴς
1472 671 1799 744 Έκκλησίας
1859 673 1948 727 τὸν

288 774 584 852 Ξιφιλῖνον
617 768 789 826 ἐποίει
846 764 1152 841 Θεόδωρον,
1203 765 1278 827 ὡς
1332 764 1395 818 οὐ
1442 762 1667 852 γράψοι,
1854 761 1954 816 ούκ

292 848 535 922 ἀντείποι
590 861 716 933 περὶ
775 856 1068 933 δογμάτων
1123 852 1219 909 κᾶν
1280 852 1311 908 ὅ
1364 874 1418 908 τι
1479 851 1688 928 λέγοιεν
1736 848 1900 906 ἄλλοι
1937 869 1950 882 ο

296 954 421 1012 ἀλλ’
454 952 723 1026 ὁσημέραι
757 946 1059 1024 δεχόμενον
1098 945 1168 1000 τὰ
1192 948 1300 999 τῶν
1352 940 1561 1011 ἄλλων,
1595 939 1647 996 ο“ί
1678 938 1745 1010 δὴ
1776 940 1867 995 καὶ
1900 939 1952 1002 ἐς

302 1043 439 1121 μέγα
486 1038 718 1112 ηὔξανον
775 1038 872 1106 τὴν
932 1029 1269 1111 παραϐασίαν
1326 1030 1375 1103 ἐξ
1433 1032 1514 1121 div
1564 1030 1669 1121 ἀπδ
1726 1033 1951 1104 Γραφῶν

301 1118 557 1189 δεικνύειν
606 1126 781 1202 ᾤοντο
834 1128 915 1187 οἷς
958 1124 1096 1200 πρὸς
1144 1122 1272 1185 τοὺς
1320 1118 1565 1183 Ἰταλοὺς
1617 1119 1953 1195 εἷρήνευσαν,

298 1223 388 1279 καὶ
439 1226 519 1294 τῷ
575 1219 713 1275 κατά
765 1222 899 1293 σφᾶς
949 1211 1185 1290 ἀσφαλεῖ
1229 1212 1327 1280 τήν
1384 1214 1492 1265 τῶν
1546 1207 1733 1264 ἄλλων
1786 1208 1952 1282 ὀργὴν

297 1314 570 1385 ἐξέκαιον,
630 1308 677 1363 εἰ
732 1305 1007 1366 τοιούτοις
1057 1302 1454 1377 συνισχημένοι
1511 1304 1626 1361 τοῖς
1682 1297 1954 1373 χαλεποῖς

298 1403 573 1479 ἀγνοοῦσι.
619 1397 717 1453 Διὰ
767 1399 933 1450 ταῦτα
966 1399 1213 1468 παρῆγον
1270 1390 1513 1445 κάκεῖνον
1558 1389 1803 1465 γράφειν,
1863 1387 1951 1441 καὶ

297 1475 403 1548 ἀπὸ
473 1492 698 1567 Γραφῶν
777 1487 1025 1553 συνιστᾷν
1086 1480 1346 1541 ὡσαύτως
1404 1479 1478 1541 ὡς
1538 1476 1636 1532 οὐκ
1693 1475 1955 1551 ἔσφαλται

298 1580 475 1659 σφίσιν
527 1566 614 1633 ἐπὶ
666 1578 924 1631 τοσοῦτον
973 1572 1073 1640 τὴν
1118 1574 1226 1626 τῶν
1279 1566 1624 1638 Ἐκκλησιῶν
1679 1586 1958 1640 καταπρα-

296 1656 547 1745 ξαμένοις
579 1668 825 1743 εἰρήνην,
859 1662 1007 1718 ἀλλά
1036 1660 1124 1715 καὶ
1167 1660 1348 1736 χωρὶς
1396 1662 1493 1711 τοῦ
1550 1656 1625 1745 εἷς
1680 1656 1954 1733 συμφέρον

296 1757 592 1836 προϐῆναι,
646 1756 817 1823 αὐτὴν
864 1754 981 1808 καθ’
1022 1751 1189 1820 αὐτὴν
1240 1748 1499 1825 ἀσφαλῶς
1532 1744 1675 1823 ἔχειν
1731 1746 1956 1808 ἐκείνοις

299 1834 552 1925 πράξασι,
586 1841 1061 1922 συγκροτουμένην
1113 1839 1206 1895 καὶ
1262 1839 1367 1893 ἀπὸ
1420 1841 1645 1913 Γραφῶν
1700 1834 1956 1893 ἄλλοθεν.

2056 671 2275 747 ὕστερον
2334 670 2392 727 δὲ
2461 676 2495 742 ἡ
2577 672 2953 749 μεγαλόπολις
3010 673 3378 747 Θεσσαλονίκη
3458 677 3718 754 ἀρχιερέα

2057 761 2390 841 έπλούτησεν
2451 765 2502 818 ὲν
2560 762 2717 826 ὅλοις
2793 763 2951 835 πέντε
3010 761 3208 840 λόγοις
3264 766 3332 821 τὰ
3393 771 3500 822 τῶν
3560 766 3719 831 θείων

2057 857 2282 928 Γραφῶν
2337 851 2472 927 ὑπὲρ
2518 859 2619 923 τῆς
2664 852 2890 928 εἰρήνης
2932 858 3042 909 τῶν
3094 854 3443 926 Ἐκκλησιῶν
3502 856 3717 913 ἀνελίτ-

2057 962 2273 999 τουσα.
2333 941 2436 999 Καὶ
2494 942 2720 1005 ταύταις
2772 944 2941 998 οἱονεὶ
3013 942 3292 1016 θεμελίοις
3365 943 3719 1020 χρησάμενος

2060 1036 2265 1107 συνεῖρε
2319 1033 2386 1087 τά
2444 1031 2698 1102 πλεῖστα,
2748 1033 2886 1087 κατά
2931 1033 3132 1088 σκοπὸν
3184 1034 3277 1106 μὶν
3326 1039 3437 1089 τῶν
3494 1033 3719 1097 ἐκείνοις

2057 1118 2450 1195 γεγραμμένων
2506 1118 2730 1195 βάλλειν
2783 1118 3011 1189 ἐθέλων,
3073 1120 3227 1194 ὅμως
3273 1118 3331 1175 δὲ
3376 1122 3465 1176 καὶ
3498 1120 3720 1197 λίχναις

2058 1214 2177 1270 ταῖς
2244 1214 2479 1282 γραφαῖς
2539 1209 2729 1283 ὁρμῶν
2803 1209 3225 1283 ἐπιμελέστερον
3277 1211 3569 1285 ἀνηρεύνα,
3628 1212 3721 1266 καὶ

2060 1297 2213 1353 πάντ’
2246 1296 2391 1352 ἴθυνε
2419 1298 2554 1373 πρὸς
2586 1299 2679 1353 τὸν
2720 1303 2936 1372 πρῶτον
2989 1299 3189 1354 σκοπὸν
3237 1299 3459 1367 ἐκεῖνον,
3520 1300 3597 1362 ὡς
3637 1300 3720 1354 ἐπ’

2061 1386 2294 1463 ἀσφαλεῖ
2338 1389 2842 1463 πεπραγμάτευται.
2890 1387 3046 1457 Πλὴν
3091 1388 3191 1443 οὐκ
3219 1387 3303 1443 ἐπ’
3336 1386 3548 1463 ὀλίγοις
3603 1386 3724 1445 ἷ¹στα

2058 1482 2175 1538 τοῖς
2206 1474 2496 1552 ἀριδήλοις
2554 1476 2683 1539 τοὺς
2738 1476 2967 1553 λόγους,
3024 1477 3172 1533 ἀλλὰ
3219 1478 3309 1533 καὶ
3368 1478 3458 1533 ἐπὶ
3488 1484 3605 1541 τοῖς
3641 1480 3718 1551 μὴ

2063 1565 2394 1641 ἁρμόττουσι
2428 1562 2850 1642 λιχνευόμενος,
2902 1569 2983 1629 οἷς
3029 1567 3119 1621 καὶ
3167 1566 3449 1644 ἀντιλογία
3498 1565 3725 1643 εὔλογος

2066 1656 2300 1725 ἐφῆπτο,
2348 1655 2541 1710 ταυτόν
2594 1657 2641 1710 τ’
2674 1654 2880 1731 ἔπασχε
2922 1661 3039 1718 τοῖς
3069 1656 3401 1725 κακοσίτοις,
3436 1654 3488 1710 ο’ί
3519 1656 3723 1732 χρησί-

2066 1766 2173 1817 μην
2205 1745 2413 1821 τροφήν
2439 1744 2529 1799 καὶ
2571 1748 2651 1816 τῷ
2683 1745 2895 1818 στομάκ
2938 1742 3181 1821 ῳρᾳδίαν
3214 1750 3509 1820 κατασχεῖν
3540 1765 3716 1819 προσ-

2063 1833 2384 1911 φερόμενοε,
2444 1832 2665 1909 ὕστερον
2723 1834 2813 1889 καὶ
2867 1840 2988 1896 τοῖς
3054 1835 3128 1907 μή
3185 1834 3488 1909 χρησίμοις
3522 1834 3723 1910 ἓπιχήο

302 1923 497 1995 Πίπτει
553 1937 680 2015 γοῦν
741 1933 817 1995 εἷς
896 1936 1088 2006 χεῖρας
1146 1928 1329 2000 ἐκείνῳ
1382 1927 1583 1998 τὰ.τῷ
1658 1927 2269 2008 σοφωτάτῳΒναντες,
2316 1924 2568 1996 ὲξέμεσαν
2617 1923 2810 1996 σύναμ¹
2856 1924 3081 1987 έκείνοις
3132 1926 3224 1979 καὶ
3280 1925 3380 1993 τήν
3443 1924 3727 1980 συνοίσου-

303 2010 597 2099 Βλεμμίδῂ
643 2020 910 2099 γραφέντα
967 2017 1102 2093 πρός
1132 2036 1188 2071 τε
1244 2015 1334 2069 τὸν
1395 2013 1623 2088 βασιλέα
1650 2010 1954 2087 Θεόδωρον,

303 2118 484 2191 ἀρχὴν
531 2110 731 2188 ἔχοντα
758 2112 842 2179 τὸ,
876 2134 903 2160 ‹‹
936 2110 992 2161 Ὁ
1048 2110 1225 2177 ζητῶν
1257 2104 1310 2159 έν
1342 2106 1410 2158 οὐ
1459 2107 1635 2177 καιρῷ
1676 2103 1764 2157 καὶ
1816 2101 1957 2176 λαμ-

302 2203 482 2262 ϐάνων
538 2206 591 2259 ἐν
622 2207 817 2278 καιρῷ,
853 2224 877 2254 ι)
911 2201 997 2254 καὶ
1032 2198 1099 2253 τὰ
1126 2198 1264 2272 πρὸς
1313 2196 1404 2250 τὸν
1457 2192 1797 2268 Βουλγαρίας
1852 2192 1957 2248 ’Ῑάε

300 2293 507 2369 κωϐον,
538 2295 622 2365 τὸ,
659 2318 685 2345 ‹‹
718 2294 868 2349 Ἔστι
924 2311 1020 2362 μοι
1066 2288 1233 2348 πάθος
1283 2284 1416 2359 ὅπερ
1466 2280 1762 2360 ἐξαγγελῶ’
1823 2283 1957 2357 πρὸς

299 2386 564 2460 ἀκέστορα
610 2383 711 2459 γὰρ
762 2381 965 2456 ἱερὸν»
1016 2377 1313 2454 προοίμιον
1362 2373 1612 2452 φέροντα.
1663 2372 1955 2445 Ἐμπίπτει

301 2476 391 2531 καὶ
438 2469 632 2550 βίϐλος
682 2469 831 2540 ἄλλη
877 2473 973 2523 τοῦ
1018 2464 1334 2539 Μαρωνείας
1380 2462 1614 2535 Νικήτα,
1667 2462 1724 2516 ὃν
1775 2464 1810 2531 ἡ
1860 2462 1954 2534 μὲν

301 2696 421 2752 tuit
450 2695 604 2749 intra
633 2692 781 2745 ﬁnes
815 2689 1121 2760 pactorum
1154 2682 1372 2754 quibus
1402 2680 1555 2737 ultro
1604 2696 1667 2736 se
1696 2679 1959 2734 obstrin-

297 2782 603 2841 xeratviro
634 2778 719 2834 illi
771 2773 1082 2849 prastanti
1132 2788 1347 2843 magno
1398 2784 1699 2825 aconomo
1756 2766 1959 2824 Eccle-

301 2874 402 2929 sia
453 2869 759 2927 Theodoro
808 2862 1135 2936 Xiphilino,
1188 2860 1471 2933 pollicens
1529 2874 1591 2913 se
1652 2874 1767 2912 non
1814 2856 1954 2911 scri-

302 2967 545 3035 pturum
630 2961 730 3013 aut
814 2951 1319 3009 contradicturum
1424 2947 1579 3004 circa
1658 2947 1955 3017 dogmata,

307 3047 593 3121 quidquid
626 3045 721 3101 alii
753 3044 1033 3099 dicerent.
1087 3044 1229 3095 Cum
1282 3038 1441 3094 enim
1486 3036 1749 3109 quotidie
1798 3035 1955 3089 acci-

308 3142 471 3212 peret
507 3153 654 3192 nova
684 3130 1119 3190 adversantium
1153 3128 1394 3196 scripta,
1428 3126 1645 3198 quibus
1670 3123 1957 3180 invidiose

305 3226 737 3299 exaggerabant
749 3223 971 3280 crimen
992 3221 1062 3276 ad
1072 3218 1387 3275 missorum
1402 3216 1462 3271 in
1477 3213 1955 3272 communionem

302 3314 836 3386 Latinorum,quod
873 3310 1015 3366 nihil
1052 3309 1249 3364 minus
1280 3323 1459 3379 quam
1493 3304 1776 3361 nefariam
1810 3320 1956 3375 apo-

306 3407 552 3463 stasiam
612 3419 742 3460 esse
795 3398 1246 3467 contendebant,
1320 3397 1377 3451 id
1431 3397 1839 3452 demonstrare
1892 3408 1954 3448 se

304 3500 582 3570 putantes
651 3491 825 3549 certis
897 3506 1028 3562 qua
1110 3486 1445 3559 allegabant
1520 3484 1958 3555 Scripturarum

301 3583 689 3653 testimoniis,
748 3580 1277 3651 adjungebantque
1321 3575 1481 3645 ipsos
1534 3573 1682 3629 falsa
1734 3574 1848 3628 ista
1905 3574 1963 3626 et

301 3691 573 3749 perversa
599 3670 933 3739 securitate,
967 3684 1085 3739 qua
1116 3664 1300 3737 impio
1350 3664 1499 3718 facto
1529 3660 1689 3749 velut
1720 3664 1963 3749 rectoret

304 3748 590 3820 laudabili
626 3776 727 3832 per
759 3771 1017 3813 errorem
1051 3751 1269 3809 delusa
1317 3748 1687 3806 conscientia
1725 3748 1961 3818 acquie-

302 3854 571 3919 sccbant,
622 3847 939 3905 accendere
994 3844 1054 3898 in
1115 3860 1176 3898 se
1233 3842 1351 3897 iras
1402 3839 1652 3911 odiaque
1710 3837 1960 3892 aliorum

305 3947 546 4016 propter
575 3940 893 3995 cacitatem
925 3933 1132 4000 animi,
1165 3949 1282 4004 qua
1311 3947 1426 3986 non
1458 3927 1711 4000 cognitis
1742 3927 1962 3998 quibus

302 4032 579 4107 impliciti
637 4030 926 4085 harerent
978 4024 1152 4081 malis
1198 4022 1259 4077 in
1301 4022 1374 4077 iis
1397 4020 1509 4077 sibi
1542 4018 1860 4091 placerent,
1884 4047 1964 4107 A—

309 4105 445 4178 cum
504 4119 711 4188 hujus,
762 4116 1030 4186 inquam,
1090 4110 1393 4168 sententia
1446 4107 1674 4164 libeilos
1735 4105 1965 4179 prodire

307 4211 630 4284 spargique
661 4207 722 4263 in
753 4206 966 4277 vulgus
990 4202 1280 4275 plurimos
1316 4205 1600 4263 cerneret,
1634 4201 1964 4270 pertractus

308 4300 549 4356 tandem
609 4297 680 4351 ad
739 4294 1117 4351 scribendum
1176 4295 1287 4362 est,
1347 4295 1671 4360 contraque
1719 4288 1967 4342 demon-

313 4388 629 4447 strandum
666 4382 1023 4440 testimoniis
1078 4380 1295 4453 pariter
1325 4379 1681 4451 scriptorum
1714 4377 1969 4433 authen-

310 4479 588 4544 ticorum,
617 4473 761 4529 nihil
795 4490 829 4528 a
859 4489 923 4528 se
955 4475 1057 4526 aut
1086 4488 1119 4526 a
1150 4487 1289 4525 suas
1338 4472 1532 4539 partes
1581 4466 1966 4538 sequentibus

312 4572 579 4624 erratum
614 4564 673 4618 in
704 4562 982 4619 omnibus
1033 4576 1162 4629 qua
1213 4558 1499 4613 hactenus
1550 4556 1808 4627 egissent
1864 4572 1968 4627 pro

2066 2035 2179 2068 σαν.
2227 2013 2287 2067 Τί
2333 2014 2394 2067 τὸ
2428 2013 2706 2083 ἒντεῦθενς
2741 2012 2908 2088 Μάχη
2952 2035 3034 2076 τις
3086 2015 3169 2068 ἐπ’
3229 2013 3295 2068 οὐ
3353 2013 3588 2089 καιρίοις
3634 2013 3725 2068 καὶ

2070 2101 2378 2181 φιλονεικία
2406 2101 2735 2158 συνίσταται.
2791 2103 2869 2158 Τὸ
2911 2099 2968 2156 δὲ
3024 2109 3125 2171 τῆς
3185 2102 3371 2178 μάχῑις
3427 2102 3724 2181 κεφάλαιον

2072 2192 2155 2246 ὅτι
2202 2194 2475 2247 κινοῦνται
2521 2190 2792 2267 δόγματα.
2825 2191 3048 2263 Μέλεοι,
3102 2194 3213 2248 εἶτα
3241 2193 3370 2265 ύμῖν
3404 2192 3496 2265 μὶν
3548 2192 3726 2270 ἐφεῖτο

2070 2282 2121 2344 ές
2152 2282 2235 2337 ὅτι
2263 2284 2541 2358 χρήσασθε
2568 2279 2828 2356 δόγμασι,
2859 2281 2949 2336 καὶ
2992 2280 3164 2337 εἰσιτᾶ
3194 2283 3248 2346 ές
3298 2283 3446 2337 οἶκον
3497 2282 3725 2353 Κυρίου,

2066 2371 2259 2427 ταυτὸν
2312 2369 2356 2425 δ’
2415 2371 2582 2427 εἰπεῖν
2646 2370 2735 2425 καὶ
2796 2367 3108 2447 δογμάτων,
3166 2369 3261 2427 κᾶν
3314 2372 3341 2425 ὃ
3388 2392 3440 2425 τι
3493 2370 3724 2447 λέγοιτε·

2068 2458 2262 2523 ἄλλοις
2313 2459 2359 2516 δ’
2409 2461 2506 2516 οὐκ
2553 2461 2619 2530 ἦν
2672 2462 2974 2533 μεμνῆσθαι
3025 2459 3317 2538 δογμάτων
3346 2458 3722 2536 ἀπολογουμέ-

2066 2679 2177 2734 viri
2234 2680 2543 2751 scriptum,
2603 2682 2771 2751 cujus
2819 2685 2909 2737 est
2960 2681 3069 2736 hoc
3116 2681 3424 2737 exordium
3480 2696 3494 2736 :
3548 2702 3577 2731 «
3612 2684 3721 2737 La-

2069 2769 2208 2825 boro
2258 2770 2459 2825 morbo
2501 2786 2679 2841 quem
2739 2771 2998 2843 aperiam
3069 2788 3081 2825 :
3144 2788 3279 2826 cum
3345 2787 3512 2826 sacro
3562 2770 3721 2826 enim

2066 2859 2295 2914 medico
2326 2876 2520 2914 sermo
2579 2860 2724 2915 mihi
2785 2865 2895 2916 est.
2930 2882 2957 2910 ››
3008 2865 3294 2916 Praterea
3352 2877 3502 2932 opus
3560 2859 3720 2915 aliud

2067 2948 2433 3004 Maronensis
2466 2948 2676 3004 Niceta
2724 2950 2830 3004 viri
2890 2949 3259 3018 venerabilis,
3318 2950 3417 3021 qui
3478 2966 3545 3003 ex
3597 2966 3725 3003 ma-

2065 3054 2195 3110 gna
2259 3038 2518 3095 ecclesia
2576 3039 3032 3112 chartophylace
3111 3057 3335 3111 magna
3406 3039 3719 3095 Thessalo-

2066 3126 2325 3183 nicensis
2398 3127 2668 3184 Ecclesia
2752 3128 3233 3201 archiepiscopus
3316 3130 3527 3199 fuerat,
3608 3145 3724 3200 quo

2066 3233 2238 3289 opere
2313 3216 2481 3273 libris
2550 3217 2811 3289 quinque
2882 3218 3331 3290 explicabuntur
3406 3234 3436 3273 e
3504 3217 3722 3274 divinis

2065 3307 2384 3379 Scripturis
2416 3324 2544 3378 qua
2567 3309 2637 3363 ad
2670 3324 2871 3380 pacem
2921 3308 3303 3364 ecclesiarum
3353 3306 3720 3363 constituen-

2066 3397 2201 3451 dam
2234 3397 2610 3468 pertinerent.
2648 3401 2781 3452 Hac
2830 3396 3014 3469 igitur
3048 3396 3274 3452 Veccus
3306 3401 3575 3453 accurate
3605 3396 3720 3453 sibi

2067 3485 2217 3540 lecta
2274 3484 2615 3556 scriptionis
2646 3502 2820 3555 quam
2882 3486 3279 3542 meditabatur
3307 3485 3477 3557 quasi
3509 3486 3720 3542 funda-

2068 3578 2267 3630 menta
2306 3574 2551 3643 habuit;
2586 3574 2804 3647 quibus
2846 3575 3085 3631 aliunde
3132 3574 3413 3647 colligens
3472 3576 3723 3631 astruxit

2068 3663 2347 3735 plurima,
2410 3681 2512 3734 pro
2567 3681 2742 3737 scopo
2806 3664 3046 3720 intuens
3101 3664 3250 3720 illud
3307 3664 3505 3737 ipsum
3567 3665 3725 3737 quod

2068 3753 2316 3808 istorum
2349 3754 2914 3809 commentariorum
2947 3758 3215 3810 auctores
3247 3754 3360 3810 sibi
3406 3770 3726 3826 proposue-

2070 3847 2223 3897 rant.
2275 3842 2647 3897 Contendens
2694 3847 2889 3898 autem
2952 3844 3021 3899 ad
3070 3844 3249 3899 istum
3302 3844 3479 3899 finem
3513 3844 3730 3915 cupido

2069 3932 2325 4002 quodam
2382 3930 2603 4001 impetu
2666 3932 2983 3998 scribendi,
3042 3933 3297 4003 indeque
3331 3937 3733 4004 perscrutatus

2072 4019 2308 4091 singula
2382 4018 2747 4090 diligentius,
2797 4025 3009 4075 cuncta
3068 4020 3287 4076 direxit
3336 4022 3407 4076 ad
3470 4021 3729 4093 primum

2072 4108 2240 4163 illum
2276 4124 2523 4179 scopum
2582 4108 3026 4163 demonstrandi
3086 4113 3239 4164 recte
3293 4126 3360 4164 ac
3403 4126 3610 4165 secure
3668 4110 3728 4164 in

2072 4197 2181 4252 hac
2229 4197 2551 4253 concordia
2601 4196 2949 4252 tractatione
2998 4201 3128 4252 acta
3175 4213 3304 4253 esse
3354 4197 3574 4253 omnia.
3620 4199 3725 4255 Ve-

2072 4303 2206 4341 rum
2236 4290 2406 4358 capto
2433 4285 2615 4342 semel
2644 4286 2868 4358 impetu
2902 4286 3197 4342 scribendi
3236 4303 3349 4341 non
3409 4286 3467 4341 in
3520 4288 3724 4358 paucis

2073 4376 2193 4431 illis
2249 4375 2514 4431 constitit
2569 4393 2697 4447 qua
2762 4377 3244 4431 demonstrantur
3292 4375 3632 4432 evidenter:
3667 4381 3727 4431 at

2074 4465 2388 4537 prolapsus
2409 4465 2685 4520 aviditate
2717 4466 2971 4532 quadam
3006 4465 3122 4521 alia
3174 4464 3265 4521 his
3314 4468 3561 4521 attexuit
3608 4483 3723 4521 non

2074 4555 2502 4622 convenientia,
2534 4556 2872 4627 quibusque
2919 4572 3037 4611 non
3068 4555 3195 4611 sine
3228 4556 3453 4611 ratione
3497 4564 3728 4612 contra-

312 4673 459 4730 pace
516 4652 886 4709 concilianda
941 4647 1353 4713 Ecclesiarum,
1419 4646 1517 4700 sed
1567 4643 1655 4699 vel
1704 4644 1754 4699 si
1807 4642 1970 4698 nulla
2002 4705 2043 4730 Π
2078 4644 2297 4701 dictum
2330 4648 2439 4712 est,
2474 4644 2668 4699 simile
2698 4645 2842 4715 quid
2898 4661 3107 4716 passus
3158 4644 3233 4699 iis
3287 4644 3389 4716 qui
3436 4644 3626 4710 crudi,
3677 4650 3734 4700 et

317 4705 469 4803 ratio
498 4705 1171 4799 habereturutilitatum
1204 4705 1534 4807 ingentium
1567 4750 1693 4804 qua
1743 4749 1813 4787 ex
1861 4732 1967 4786 hac
1996 4705 2044 4768 D
2078 4734 2383 4791 stomacho
2418 4705 2782 4800 intlrmo,u.bi
2813 4705 3010 4789 cibum
3044 4732 3250 4789 utilem
3283 4705 3342 4789 et
3372 4733 3563 4790 facilis
3592 4705 3731 4789 con-

319 4832 797 4891 reconeiiiatione
828 4830 888 4884 in
921 4824 1348 4899 rempublicam
1376 4822 1714 4878 universam
1748 4821 1967 4877 redun-

319 4925 553 4991 darent,
586 4923 776 4991 ipsam
821 4936 923 4992 per
965 4933 1028 4973 se
1064 4913 1437 4971 concordiam
1493 4910 1971 4967 honestissimam

320 5013 506 5069 fuisse
538 5015 943 5081 remotamque
975 5007 1048 5062 ab
1079 5003 1238 5060 omni
1283 5000 1543 5076 periculo
1601 5000 1970 5057 conscientia

318 5103 624 5169 ladenda,
698 5099 920 5172 quippe
996 5096 1167 5166 cujus
1246 5092 1493 5164 aquitas
1568 5094 1627 5147 et
1689 5090 1974 5145 sanctitas

316 5189 773 5250 auctoritatibus
838 5191 1103 5243 veterum
1175 5183 1413 5238 Patrum
1486 5178 1974 5253 gravissimisque

317 5284 471 5339 477
537 5279 732 5336 omnis
770 5275 1003 5350 generis
1032 5289 1212 5329 sacra
1253 5270 1623 5343 antiquitatis
1674 5268 1973 5341 suifragiis

317 5370 553 5444 egregie
585 5367 998 5425 commendata
1029 5363 1397 5435 probaretur.
1441 5359 1745 5415 Procincto
1779 5367 1973 5414 autem

316 5458 509 5514 Vecco
544 5457 614 5511 ad
648 5455 759 5510 hoc
789 5451 1168 5508 tractandum
1196 5452 1613 5522 argumentum
1646 5446 1978 5503 inciderunt

320 5549 472 5603 forte
506 5547 563 5600 in
593 5560 805 5600 manus
837 5558 964 5613 qua
996 5538 1473 5609 sapientissimus
1517 5535 1872 5592 Blemmidas
1903 5536 1976 5591 ad

318 5638 739 5708 imperatorem
785 5630 1154 5687 Theodorum
1214 5628 1527 5699 scripserat
1584 5625 1693 5681 hoc
1749 5625 1974 5681 initio:

322 5750 351 5779 ‹‹
386 5726 497 5792 Qui
531 5722 739 5797 quarit
772 5736 887 5776 non
938 5718 1000 5773 in
1048 5724 1313 5789 tempore
1359 5720 1420 5772 et
1465 5716 1677 5787 accipit
1720 5715 1777 5770 in
1826 5719 1979 5771 tem-

326 5832 567 5889 pore;»
611 5816 670 5869 et
715 5809 876 5867 aliud
928 5807 999 5864 ad
1047 5806 1335 5863 Jacobum
1378 5803 1659 5876 Bulgaria
1716 5805 1977 5876 ejusdem

613 5930 884 5991 PA'I‘BOL.
934 5926 1044 5989 Gs.
1084 5924 1347 5987 CXLIII.

2083 4822 2369 4878 coctionis
2392 4826 2800 4894 perceperunt,
2832 4821 2948 4877 alia
2969 4838 3146 4893 super
3170 4822 3447 4894 ingerunt
3497 4840 3613 4879 non
3647 4840 3737 4879 sa-

2084 4911 2294 4978 lubria,
2330 4911 2479 4983 gula
2528 4911 2813 4967 inhiantia
2858 4910 3136 4967 aviditate
3184 4912 3373 4977 tracti,
3406 4912 3561 4967 unde
3603 4929 3738 4967 con-

2082 5004 2267 5056 tracta
2299 5017 2519 5057 nausea
2552 5002 2949 5073 profuturum,
3000 4999 3051 5055 si
3102 5000 3297 5055 solum
3347 5000 3579 5069 fuisset,
3624 5001 3735 5057 ali-

2084 5098 2372 5161 mentum,
2403 5110 2522 5149 una
2567 5110 2701 5148 cum
2755 5093 2926 5149 noxio
2974 5093 3194 5165 pariter
3231 5098 3530 5151 evomunt.
3586 5093 3734 5159 Quid

2084 5188 2282 5239 autem
2337 5182 2491 5238 478
2552 5183 2690 5238 inde
2744 5186 3127 5238 consecutum
3187 5181 3337 5238 est?
3402 5183 3736 5239 Conﬂatum

2086 5288 2298 5342 nempe
2344 5277 2639 5327 certamen
2698 5270 3177 5342 intempestivum
3233 5272 3738 5345 commissumque

2080 5359 2365 5432 jurgium,
2409 5359 2623 5415 acriter
2672 5360 3139 5430 repugnantibus
3188 5359 3374 5417 Vecco
3426 5360 3739 5433 plurimis;

2085 5466 2338 5522 quorum
2365 5450 2421 5503 in
2448 5449 2642 5519 ipsum
2677 5448 3047 5520 querelarum
3088 5450 3197 5504 hoc
3230 5456 3407 5521 caput
3436 5455 3560 5505 erat
3587 5450 3739 5521 quod

2088 5556 2191 5612 per
2255 5555 2389 5595 eum
2454 5542 2827 5593 moverentur
2876 5540 3171 5609 dogmata,
3226 5541 3383 5611 quod
3450 5543 3570 5594 tam
3621 5538 3748 5610 ipse

2090 5645 2267 5701 quam
2301 5628 2350 5683 ei
2386 5627 2752 5683 adharentes
2785 5628 2938 5683 rixas
2975 5630 3178 5683 inanes
3211 5632 3490 5683 sererent.
3556 5627 3744 5682 Adde-

2089 5720 2232 5775 bant
2265 5734 2331 5773 :«
2363 5718 2559 5773 Liceat
2597 5734 2739 5774 sane
2785 5719 3057 5788 privatim
3119 5720 3263 5773 istas
3316 5719 3468 5773 inter
3514 5734 3616 5772 vos
3678 5717 3749 5771 dc

2090 5808 2364 5880 dogmate
2413 5808 2636 5880 agitare
2693 5808 3143 5875 controversias,
3180 5808 3282 5863 sed
3331 5807 3625 5863 abstinete
3676 5806 3749 5861 ab

3391 5926 3472 5987 30
