2040 3204
175 230 231 258 939

832 227 982 256 GEORGII
1002 228 1235 255 PACHYMERE

1839 222 1903 250 940

174 302 230 327 νοις
244 290 307 328 περὶ
328 288 486 328 δογμᾶτων,
515 288 564 317 κᾶν
596 290 753 325 μεμνῶνται
779 287 1002 326 ἀναγκαζόμενοι,
1019 286 1159 324 Αδιινόν.
1196 286 1292 318 Διδοὺς
1329 286 1353 314 δ’
1391 287 1448 314 αἰὲν
1489 284 1684 322 ὑπεκκαύματα
1720 285 1815 323 μάχης
1844 284 1906 311 οὐκ

175 335 296 364 ἀδικοῖεν
315 334 346 362 ἅν
364 345 371 370 ;
388 336 460 372 Ἐγὼ
489 334 536 369 μὶν
554 333 604 360 οὐκ
628 333 715 370 οἶμαι.
745 333 823 367 Πλὴν
848 333 932 370 μέχρι
962 331 1005 359 καὶ

178 381 266 409 αὐτῶν
293 379 444 415 βασιλικῶν
473 378 574 417 (ἓυιοῶν¹
591 388 662 409 τιτες
689 378 789 414 ἀνῆγον
811 377 842 404 τὸ
867 375 1006 414 ἔγκλημα,

177 425 223 452 καὶ
246 425 270 461 γ’
299 423 446 461 εἰρηνεύειν
470 424 509 459 [Ρ.
525 424 589 459 327]
617 422 811 460 ὑπισχνοῦντο,
827 421 853 449 sl'
880 420 1008 459 βασιλιῦς

181 469 272 507 ῥητῶς
285 468 451 506 προστάσσοι
475 468 514 503 μὴ
539 466 635 494 λαλιῖν
659 467 721 494 τινὰ
735 466 871 504 δόγματα,
887 467 936 494 κᾶν
963 466 1008 494 οἷα

179 514 225 542 καὶ
254 514 329 543 ὅπως
354 512 444 549 λέγοι.
471 513 500 538 Ὁ
527 510 619 548 μέντοι
645 522 676 549 γε
703 511 832 549 βασιλεὺς
857 510 945 538 θέλων
960 511 1007 547 μὶν

181 558 226 587 καὶ
250 559 300 592 τὴν
328 557 440 594 εἰρήνην
470 556 592 593 ὖκείνων,
623 555 808 594 δυσχεραίνων
839 554 867 583 δὶ
890 556 936 583 καὶ
957 556 1007 589 τήν

180 602 299 637 αἷαησιν,
330 601 462 633 lactescant
492 600 617 638 δόγματα
644 601 807 638 γράμμασι,
831 599 928 628 δοκοῦν
960 600 1007 636 μὶν

179 646 297 686 ἀσφαλὶς
313 646 403 685 σφίσιν
429 646 556 684 ἐφ’ᾦπιρ
583 648 701 681 ζητοῖιν,
726 645 821 677 ἄλλως
844 643 867 672 ’δ’
892 642 1007 683 ἔλεγχον

178 691 395 729 προϊσχόμινον.
420 692 488 718 Θεοῦ
511 690 575 727 γὰρ,
600 687 687 727 ἔλεγε,
712 690 912 726 μνημονιυτὲον
941 688 1010 726 μᾶλ-

180 734 228 763 λον
250 735 268 770 ἢ
295 734 503 763 ἀναπναυστὲον.
531 734 626 771 Δόγμα
654 732 706 772 ἄρα
737 735 833 771 μνήμη
863 735 940 762 θεοῦ.
971 734 1008 761 Τὸ

182 780 275 817 μεντοι
302 790 332 817 γι
346 782 399 807 τῶν
416 781 529 817 Γραφῶν
553 778 745 816 παρεκκλίνιιν
773 778 912 806 κωλυτίον
941 778 1008 806 ιῖναι

180 824 303 859 καθάπαξ
332 823 524 861 προσέτασσεν·
550 823 589 852 Οὐ
612 824 665 860 μὴν
691 822 720 851 δὲ
743 824 788 851 καὶ
810 822 899 855 αἰτίας
921 824 935 851 ὁ
957 833 1009 850 πα-

178 871 320 907 τριαρχῶν
335 868 503 903 ἀπολέλυτο,
521 871 636 906 πρᾶγμα
650 867 799 906 σκιῤῥωθὶν
823 866 878 903 ἤδη
895 867 1009 905 χρόνοις

180 913 321 944 πλείστοις
355 912 514 948 ἐξαπιναίως
542 913 687 949 μαλάττιιν
718 912 832 946 ἐθέλων,
857 912 902 940 καὶ
927 914 1010 940 ταῦτα

179 957 327 995 τιμωρίαις
354 958 492 995 μεγίσταις
506 959 554 985 τοῦ
571 958 707 994 βασιλᾶως
732 957 797 989 τοὺς
823 958 1009 984 ἀποστατοῦν-

180 1012 228 1033 τας
242 1002 411 1035 ιύθύνοντος.
438 1004 552 1040 Σῶφρον
583 1002 628 1029 οὖν
657 1003 701 1038 ἦν,
731 1002 757 1029 ei
784 1004 868 1039 σιγῶν
894 1001 1007 1029 διετὲλιι

181 1047 226 1074 καὶ
251 1048 301 1081 Ιιιήν
316 1047 481 1084 κατηγορίαν
497 1045 604 1084 διέφιρε
616 1047 722 1084 πράως·
751 1046 833 1080 ἦττον
860 1047 912 1084 γὰρ
927 1046 960 1081 ἦν
976 1046 1008 1073 τὸ

182 1154 230 1182 his
246 1154 317 1182 rixis
330 1152 555 1181 introducendis
569 1151 598 1180 in
615 1153 734 1180 domum
751 1152 879 1188 Domini,
896 1163 910 1178 π
924 1152 1007 1189 quasi

183 1197 462 1227 dicerent:«Sentire
478 1206 528 1226 vos
544 1199 573 1226 et
588 1197 669 1234 loqui
682 1197 817 1233 privatim
833 1198 869 1226 de
884 1198 1008 1234 dogma-

182 1244 263 1271 tibus
279 1245 311 1271 ut
326 1241 690 1278 vultis,fusrittolerabile.
709 1241 783 1270 Illud
801 1242 1007 1278 deprecamur:

182 1290 342 1323 temperate
359 1288 395 1315 ab
425 1287 471 1315 his
501 1287 764 1323 disceptationibus
795 1287 952 1323 vulgandis
982 1289 1010 1314 et

182 1333 328 1361 turbanda
343 1332 531 1367 simplicitate
547 1332 629 1360 rudis
645 1331 746 1368 populi
764 1332 839 1359 bona
867 1332 924 1359 ﬁde
949 1334 1008 1359 tra-

183 1378 252 1404 ditis
267 1377 491 1412 usquiescentis.
512 1388 524 1400 »
541 1377 587 1403 Hm
615 1377 774 1403 multorum
800 1385 884 1404 voces
909 1377 1008 1404 audie-

185 1423 292 1449 bantur
307 1422 460 1449 occasione
477 1421 654 1456 scriptorum
673 1421 765 1453 Vecei,
783 1422 811 1448 in
842 1422 951 1456 quibus
982 1424 1010 1447 et

183 1465 255 1492 illud
273 1466 394 1500 quidam
412 1465 675 1500 reprehendebant,
703 1466 779 1501 quod
811 1466 839 1492 in
856 1466 891 1492 iis
909 1465 1010 1500 iniqua

185 1510 351 1537 conditione
367 1513 514 1537 certamen
531 1518 598 1537 cum
628 1510 803 1537 adversariis
832 1513 1007 1545 capesseret,

185 1554 431 1589 disceptansipse
462 1554 497 1580 de
523 1554 746 1589 dogmate,qua
775 1554 809 1580 de
840 1562 869 1580 re
899 1553 1009 1580 sciebat

1060 332 1192 371 ἂσφαλάσι
1217 333 1331 369 πάμπαν
1361 331 1534 370 ἀντιλογίαις
1563 330 1677 361 ἐκείνοις
1704 330 1752 367 μὶν
1777 332 1907 366 παρεῖχε

1061 374 1159 411 λαϐὰς,
1187 377 1275 413 ἑαυτῷ
1300 375 1330 404 δὲ
1358 376 1403 404 καὶ
1430 378 1489 407 τοῖς
1517 377 1681 403 κοινωνοῦσι
1704 375 1755 409 τὴν
1785 374 1905 405 ἐσαῦθις

1063 419 1170 459 βλάϐην
1200 422 1351 460 προύξένει.
1384 421 1453 450 Τότε
1481 420 1511 448 δὲ
1536 421 1587 456 τὴν
1618 421 1721 458 Ἰωσήφ
1737 421 1902 456 πυθόμενος

1061 465 1161 505 ἄφιξιν,
1178 465 1216 494 ἔτι
1233 466 1262 494 δὲ
1283 464 1330 494 aui
1352 467 1402 501 τὴν
1426 466 1603 504 τοῦἚφιο-ου
1617 466 1657 501 τῷ
1683 464 1794 503 βασιλιῖ
1807 474 1903 502 προσ-

1062 510 1152 546 ιδριαν
1182 510 1209 538 ἐν
1233 511 1264 538 οὐ
1289 510 1387 542 καλαῖς
1409 509 1540 547 ὑποψίαις
1561 509 1738 546 ποιούμενος,
1764 507 1905 537 ἐπιστέλ-

1061 554 1103 583 λει
1132 557 1172 591 τῷ
1200 554 1324 594 Ἐφέσου,
1351 555 1508 593 προσ-τιθεὶς
1535 555 1567 582 τὸ
1601 557 1652 582 πᾶν
1681 556 1721 590 τῷ
1750 553 1902 591 ἱερωτάτῳ

1061 599 1130 626 κατὰ
1158 599 1290 634 θωπείαν,
1320 602 1359 635 τῷ
1385 599 1500 638 γράφειν
1528 599 1746 636 πανιερώτατον.
1779 600 1902 625 Βασιλεῖ

1061 643 1235 681 ἄντυγχάνειν
1260 643 1350 680 ἠξίου,
1378 644 1429 678 τήν
1456 643 1494 675 εἷς
1523 643 1622 672 ἐκεῖνον
1651 646 1699 671 τοῦ
1719 643 1903 680 πατριάρχου

1061 687 1149 726 ἄφιξιν
1166 687 1286 725 εὖμενῶς
1304 687 1469 723 κατανιύειν,
1486 688 1510 716 si
1526 686 1554 716 δὶ
1578 689 1623 716 καὶ
1638 687 1728 726 ῥητῶς
1755 687 1902 725 προστάσ-

1062 743 1116 766 σοι,
1132 733 1200 769 πρὸς
1214 733 1293 760 τοῦτο
1319 732 1436 760 αἶ’σεοθαι
1462 732 1542 771 χάριν
1567 732 1599 759 οὐ
1626 741 1737 769 μετριαν
1764 734 1804 767 τῷ
1832 741 1902 759 συν-

1063 778 1219 815 ιργήσαντι.
1247 778 1369 809 Ἐκεῖνος
1407 778 1454 814 μὶν
1490 777 1536 805 οὖν
1574 777 1608 805 τὰ
1640 779 1689 805 τοῦ
1718 776 1902 814 πατριάρχου

1063 820 1204 858 δεξάμενος
1229 823 1388 860 γράμματα,
1425 822 1513 850 θέλων
1543 822 1735 859 ὑποκρίνεσθαι
1768 821 1814 849 τὸν
1848 832 1897 859 φι-

1062 866 1163 895 λοῦντα
1180 866 1222 902 (ἦν
1238 867 1290 904 γὰρ
1307 868 1333 894 οἱ
1353 867 1398 895 καὶ
1413 864 1453 894 ἔτι
1467 869 1521 895 τῶν
1549 866 1633 905 χθιζὰ
1656 868 1823 902 κινηθέντων
1843 867 1904 903 χά.-

1063 921 1105 948 ριν
1134 911 1360 949 παρασπαίρουσα
1388 912 1405 946 ἡ
1436 911 1592 949 ἀπέχθεια),
1628 910 1738 949 βασιλεῖ
1772 921 1905 948 προσαγ-

1061 954 1258 994 γὶλλιικαίοὶ
1282 955 1355 983 ἀνύει
1383 956 1434 990 τήν
1462 956 1531 993 πρὸς
1548 956 1648 983 ἰκεῖνον
1674 955 1773 994 ἄφιξιν.
1801 956 1845 984 Τὰ
1872 953 1906 982 δὲ

1062 1005 1113 1036 τῆς
1127 1001 1273 1039 ἀπεχθείας
1288 1001 1362 1029 αἴτια
1377 1002 1535 1039 (ἀναγκαῖον
1564 1002 1614 1040 γὰρ
1630 1001 1676 1029 καὶ
1701 1001 1765 1038 περὶ
1789 1001 1904 1029 τούτων

1064 1046 1160 1083 ιῖπιῖν)
1175 1047 1243 1080 ἦσαν
1261 1046 1310 1083 μάν
1333 1056 1396 1074 τινα
1420 1047 1466 1074 καὶ
1489 1045 1572 1083 ἄλλα,
1595 1047 1633 1074 ὦν
1648 1046 1680 1074 οὐ
1696 1045 1786 1077 πολὺς
1801 1044 1903 1083 λόγος,
1918 1079 1924 1084 .

1064 1153 1184 1188 quidem
1200 1153 1320 1181 omnino
1343 1151 1508 1189 prohibere.
1535 1153 1582 1181 Sic
1606 1151 1664 1181 ille.
1689 1152 1747 1181 Nec
1764 1161 1816 1189 per
1843 1153 1904 1182 hoc

1062 1200 1161 1225 tamen
1177 1196 1262 1233 plane
1278 1197 1364 1234 culpa
1379 1197 1549 1226 solvebatur
1564 1197 1743 1234 patriarcha,
1760 1196 1811 1234 qui
1829 1205 1898 1227 rem

1064 1241 1234 1270 induratum
1252 1242 1414 1270 inveterata
1430 1243 1617 1278 possessione
1632 1241 1800 1278 longissimi
1817 1244 1899 1270 tem-

1063 1288 1144 1323 poris
1167 1289 1285 1322 repente
1301 1287 1416 1315 mollire
1432 1288 1659 1323 aggrederetur;
1676 1287 1900 1323 aggravabant-

1063 1339 1120 1367 que
1135 1332 1274 1360 invidiam
1293 1339 1383 1367 preme
1400 1334 1514 1360 atroces
1537 1332 1574 1360 ab
1601 1332 1779 1368 imperatore
1805 1339 1903 1368 repu-

1064 1378 1224 1411 gnantibus
1237 1377 1362 1404 inflictas.
1381 1377 1548 1413 Sapientius
1571 1377 1659 1412 igitur
1675 1378 1808 1404 facturus
1820 1379 1900 1411 erat,

1065 1422 1088 1448 si
1107 1424 1214 1448 taceret
1240 1422 1432 1456 accusarique
1449 1430 1512 1448 sese
1529 1422 1679 1449 moderate
1694 1429 1727 1449 ac
1740 1423 1902 1449 mansuete

1064 1467 1240 1493 sustineret:
1260 1466 1358 1493 minus
1385 1466 1463 1493 enim
1495 1467 1523 1494 id
1542 1466 1653 1493 malum
1671 1468 1742 1494 erat.
1759 1466 1847 1494 Nunc
1863 1467 1902 1494 ad

1064 1519 1166 1538 omnes
1203 1511 1451 1538 contradictiones
1478 1511 1682 1541 exardescens.
1708 1512 1736 1538 et
1766 1510 1904 1539 fomenta

1064 1561 1178 1589 semper
1207 1563 1281 1582 nova
1304 1555 1439 1590 flagranti
1455 1555 1519 1589 plus
1535 1556 1609 1583 satis
1628 1563 1679 1590 per
1693 1563 1725 1583 se
1740 1554 1809 1582 rixa:
1824 1555 1902 1583 sub-

184 1597 250 1624 aliis
266 1597 416 1624 silentium
447 1597 602 1625 indictum.
629 1598 658 1624 In
675 1597 772 1632 quosi
795 1606 844 1624 eos
867 1597 1010 1624 lacessere
1061 1600 1179 1634 jiciens,
1209 1600 1411 1627 contentiones
1428 1600 1607 1627 accenditin
1634 1599 1747 1635 aliquid
1774 1599 1833 1635 ipsi
1863 1599 1902 1628 ad

185 1646 329 1678 pergeret,
343 1644 371 1669 et
386 1642 405 1669 ii
431 1651 482 1678 pro
509 1642 673 1669 necessaria
702 1643 936 1677 propugnatione
966 1650 1009 1668 re-
1026 1663 1047 1695 Ο
1067 1647 1230 1671 extremum
1248 1645 1446 1679 perniciosum
1468 1647 1647 1679 erupturas:
1666 1653 1723 1671 non
1739 1643 1820 1672 enim
1835 1646 1902 1673 tam

184 1689 274 1722 cepte)
291 1686 429 1714 doctrinae
447 1687 626 1714 mentionem
643 1687 672 1713 in
694 1686 899 1721 respondendo
917 1687 1009 1713 facere

185 1734 361 1767 cogerentur
389 1732 574 1767 dogmatum,
604 1739 641 1757 an
686 1732 791 1757 contra
825 1730 1013 1757 interdictum

185 1778 309 1810 agerent
322 1778 350 1803 et
366 1775 430 1810 iure
443 1774 680 1802 mulctarentur?
699 1775 835 1810 equidem
859 1774 937 1801 haud
953 1783 1013 1801 cre-

185 1820 322 1848 diderim.
340 1819 414 1847 Illud
431 1820 501 1852 scio,
533 1818 658 1854 perlatas
675 1828 768 1854 usque
781 1820 813 1846 ad
829 1828 914 1847 aures
933 1820 1015 1854 prin-

187 1864 260 1900 cipis
276 1863 479 1891 accusationes
495 1872 528 1891 eo
544 1864 664 1891 nomine
681 1864 821 1891 adversus
842 1864 969 1892 Veccum
999 1873 1015 1892 a

187 1907 348 1941 nonnullis,
379 1908 586 1943 pollicentibus
623 1908 810 1944 acquieturos
840 1917 904 1936 sese
930 1917 1014 1944 porro

183 1953 245 1988 jam
269 1953 389 1980 statutis
415 1955 444 1980 et
474 1953 502 1980 in
534 1961 603 1988 pace
629 1953 790 1988 tranquille
828 1954 1014 1988 perstituros,

190 1998 276 2025 modo
293 1998 401 2024 diserte
425 2000 535 2025 vetaret
560 1997 720 2033 imperator
740 2006 775 2025 ne
801 1998 959 2033 quisquam
985 1998 1015 2025 in

192 2041 228 2069 iis
244 2050 307 2077 quae
325 2042 462 2077 deinceps
487 2042 643 2069 ederentur
660 2041 778 2077 scriptis
793 2043 900 2077 dogma
916 2043 1014 2078 ipsum

191 2087 358 2122 attingeret,
375 2095 476 2122 pacem
499 2087 574 2114 tueri
591 2095 624 2114 ac
654 2089 730 2114 recte
747 2087 886 2122 justeque
912 2087 1014 2114 initam

189 2132 416 2167 quibuscunque
448 2131 514 2159 aliis
539 2131 626 2159 vellet
651 2140 683 2159 ac
709 2134 807 2167 posset
832 2132 1016 2167 argumentis

188 2176 343 2204 defendere
359 2178 527 2203 contentus.
545 2176 594 2203 His
622 2176 730 2203 auditis
759 2176 928 2211 imperator,
964 2176 1015 2212 qui

187 2225 213 2248 et
228 2221 303 2249 istos
331 2229 362 2248 se
390 2221 655 2255 quomodocunque
680 2221 828 2248 continere
854 2221 882 2247 in
907 2229 962 2248 usu
989 2224 1017 2249 et

188 2266 324 2300 amplexu
361 2265 440 2300 pacis
465 2273 641 2300 magnopere
667 2268 791 2301 optaret,
836 2274 888 2293 nec
918 2268 1015 2293 tamen

187 2311 325 2345 probaret
340 2309 416 2345 quod
436 2309 732 2345 petebant,ingratam
747 2310 916 2345 petitionem
929 2310 1017 2338 elusit

187 2353 336 2390 vulgando
366 2354 504 2390 ambiguo
534 2355 639 2388 edicto,
678 2363 735 2390 quo
770 2363 836 2382 cum
868 2355 1015 2383 videretur

187 2407 307 2426 securos
323 2407 372 2427 eos
392 2401 535 2434 quantum
553 2407 627 2434 opus
642 2401 706 2426 erat
722 2399 843 2426 reddere
867 2407 957 2434 super
983 2408 1015 2427 eo

189 2444 266 2479 quod
283 2446 509 2480 proposuerant,
525 2443 631 2471 callide
653 2452 683 2471 se
706 2445 805 2471 tamen
834 2444 1016 2472 subducebat

186 2489 303 2516 invidiae
339 2488 529 2525 querelisque
565 2488 657 2524 partis
691 2489 865 2523 contrariis;
905 2490 955 2525 qui
988 2490 1013 2517 ei

186 2533 275 2560 etiam
292 2541 322 2561 se
345 2533 571 2561 commendabat
587 2541 693 2561 arcana
708 2533 855 2561 submista
879 2534 1016 2570 suggilla-

187 2577 266 2605 tione
296 2577 401 2605 horum
430 2578 564 2613 ipsorum
593 2586 668 2613 quos
699 2577 813 2613 placare
843 2581 913 2606 tunc
944 2579 1015 2607 velle

186 2621 351 2649 videbatur.
368 2623 434 2650 Hrec
463 2623 542 2650 enim
572 2625 636 2650 erat
664 2623 752 2650 edicti
780 2624 1013 2652 sententiazDei

188 2665 291 2701 utique
308 2667 488 2694 mentionem
505 2668 566 2702 pari
583 2676 649 2695 cum
667 2667 860 2703 respiratione
876 2668 1015 2703 frequen-

187 2709 227 2738 tia
248 2709 346 2737 iterari
359 2710 410 2746 jus
427 2711 529 2746 fasque
546 2719 620 2739 esse.
637 2712 731 2743 Quare
755 2712 914 2747 dogmatis,
938 2714 1014 2747 quod

186 2754 238 2782 Dei
256 2755 398 2782 memoria
410 2754 836 2791 contineretur,proiessionem
848 2757 921 2784 adeo
932 2766 988 2785 non
1000 2767 1016 2786 a

186 2807 217 2826 se
243 2800 319 2826 479
345 2798 448 2834 vetari,
477 2798 552 2827 ultro
579 2800 668 2828 etiam
685 2801 952 2829 commendaretur.
981 2804 1017 2830 At

186 2846 351 2877 pervertere
364 2843 530 2878 Scripturas
546 2846 597 2871 aut
615 2844 763 2872 declinare
788 2853 805 2872 a
830 2853 898 2873 vero
915 2855 1016 2874 eorum

187 2893 276 2915 sensu
306 2888 437 2924 permitti
453 2887 535 2915 nulla
550 2889 663 2917 ratione
683 2897 779 2925 posse.
806 2890 910 2925 Itaque
931 2900 963 2919 se
986 2892 1015 2920 id

1068 1691 1153 1715 caute
1170 1688 1263 1716 multa
1280 1689 1431 1724 disputare
1461 1691 1584 1724 poterat,
1600 1689 1672 1724 quin
1699 1689 1784 1716 daret
1807 1696 1903 1717 ansas

1069 1733 1256 1765 adversariis,
1273 1741 1347 1768 quas
1368 1733 1411 1760 illi
1437 1734 1614 1768 quandoque
1641 1733 1819 1768 arripientes
1841 1733 1903 1769 ipsi

1067 1778 1169 1811 eteius
1184 1778 1360 1812 sequacibus
1385 1777 1463 1805 haud
1494 1777 1569 1805 levia
1598 1778 1704 1805 deinde
1732 1777 1905 1806 intulerunt

1068 1823 1186 1850 damna.
1205 1823 1287 1849 Tunc
1303 1831 1389 1857 porro
1419 1823 1519 1850 audito
1541 1822 1661 1858 Josephi
1685 1823 1721 1850 ad
1738 1822 1903 1858 imperato-

1069 1876 1131 1895 rem
1149 1876 1281 1901 accessu,
1312 1871 1376 1895 tum
1408 1871 1549 1903 presteres
1571 1868 1688 1904 cognito
1711 1868 1901 1904 Ephesinum

1068 1920 1136 1939 cum
1166 1913 1268 1940 eodem
1293 1912 1470 1948 imperatore
1499 1912 1617 1940 assidue
1645 1912 1770 1946 versari,
1800 1912 1905 1950 suspi-

1068 1957 1182 1985 cionem
1200 1957 1352 1993 ingressus
1368 1966 1426 1985 non
1442 1958 1569 1991 inanem,
1587 1957 1671 1986 facile
1686 1957 1749 1985 ﬁeri
1767 1965 1858 1993 posse
1870 1960 1904 1986 ut

1068 2002 1097 2029 bi
1115 2001 1266 2037 quidpiam
1284 2003 1438 2030 adversum
1456 2011 1486 2029 se
1502 2004 1662 2035 moverent;
1688 2002 1754 2037 ejus
1777 2002 1905 2038 periculi

1069 2046 1260 2081 przevertendi
1278 2046 1353 2073 hanc
1369 2047 1513 2074 rationem
1535 2047 1611 2074 iniit.
1627 2046 1736 2074 Scribit
1751 2047 1789 2074 ad
1805 2046 1904 2082 Ephe-

1066 2092 1166 2118 sinum
1180 2100 1187 2125 ;
1199 2099 1324 2126 eumque
1347 2093 1379 2118 ut
1394 2091 1458 2126 ipsa
1474 2091 1666 2127 inscriptione
1683 2091 1901 2126 demereretur,

1069 2144 1126 2162 non
1143 2135 1317 2170 simpliciter
1332 2135 1479 2171 ἱερώτατον
1501 2135 1737 2171 sanctissimum,
1754 2135 1807 2171 qui
1821 2136 1902 2165 solet

1068 2179 1174 2207 titulus
1199 2180 1345 2215 episcopis
1374 2180 1476 2214 tribui,
1506 2181 1557 2208 sed
1583 2179 1786 2217 πανιερώτατον
1814 2180 1906 2217 plane

1070 2224 1292 2251 sanctissimum
1311 2225 1339 2251 in
1360 2225 1455 2252 fronte
1478 2225 1644 2252 litterarum
1675 2226 1841 2260 nuncupat.
1870 2226 1906 2253 In

1069 2268 1133 2304 ipsa
1153 2269 1258 2296 deinde
1287 2269 1411 2304 epistola
1427 2269 1514 2297 etiam
1531 2272 1618 2305 atque
1652 2270 1741 2297 etiam
1769 2271 1837 2298 orat
1866 2277 1905 2298 ne

1070 2316 1207 2348 gravetur
1218 2313 1373 2348 impetrare
1388 2313 1445 2341 sibi
1461 2314 1497 2341 ab
1512 2314 1644 2349 Augusto
1657 2314 1827 2342 facultatem
1835 2313 1901 2348 dus

1070 2358 1271 2392 conveniendi,
1298 2358 1503 2386 cumulaturus
1538 2359 1727 2393 beneﬁcium,
1757 2358 1783 2386 ai
1817 2358 1906 2386 daret

1071 2411 1190 2438 operam
1208 2405 1240 2430 ut
1253 2403 1288 2430 ad
1314 2402 1368 2430 hoc
1396 2403 1473 2431 ultro
1493 2403 1529 2430 ab
1556 2403 1621 2438 ipso
1643 2403 1777 2439 principe
1796 2403 1907 2431 invita-

1071 2449 1160 2474 retur.
1195 2448 1276 2475 Certe
1305 2450 1404 2483 ageret
1437 2447 1597 2475 efﬁcaciter
1623 2451 1655 2475 ut
1683 2456 1716 2476 se
1739 2447 1775 2475 ad
1801 2447 1906 2483 ipsum

1071 2491 1215 2527 proﬁcisci
1246 2491 1350 2519 saltem
1380 2492 1496 2527 placide
1525 2494 1679 2521 annueret.
1709 2491 1842 2528 Ingentis
1873 2499 1907 2520 se

1071 2537 1171 2572 gratia:
1188 2537 1217 2564 in
1241 2545 1328 2564 omne
1352 2540 1471 2569 tempus
1486 2537 1512 2564 ei
1535 2537 1697 2565 debitorem
1714 2537 1783 2569 fore,
1803 2536 1830 2564 si
1847 2535 1907 2565 hoc

1071 2581 1127 2608 sibi
1137 2583 1238 2608 votum
1255 2589 1290 2608 ex
1314 2581 1459 2609 sententia
1491 2581 1639 2609 conﬁciat.
1662 2581 1713 2610 His
1734 2580 1908 2616 Ephesinus

1070 2625 1176 2652 litteris
1193 2626 1320 2661 acceptis
1343 2625 1475 2662 gnaviter
1501 2626 1719 2661 persistendum
1746 2625 1852 2654 statuit
1872 2625 1907 2655 in

1072 2669 1259 2697 simulatione
1271 2670 1488 2698 amicitiae.Etsi
1504 2678 1573 2706 ergo
1585 2670 1725 2704 multum,
1742 2677 1796 2698 nec
1815 2677 1906 2706 pror-

1071 2722 1121 2742 sus
1139 2714 1332 2742 familiaribus
1347 2715 1519 2748 obscurum,
1533 2715 1563 2742 in
1579 2715 1643 2750 ejus
1659 2714 1778 2750 penitus
1799 2714 1906 2743 animo

1072 2758 1216 2793 ﬂagrabat
1230 2759 1383 2787 arcanaein
1399 2759 1527 2787 Veccum
1548 2759 1721 2787 offensionis
1745 2759 1783 2786 ob
1807 2767 1907 2794 nuper

1071 2806 1164 2838 gesta,
1197 2804 1402 2839 imperatorem
1420 2807 1518 2831 tamen
1533 2804 1618 2839 adiit,
1640 2806 1669 2832 et
1693 2803 1825 2840 exposito
1851 2812 1906 2840 pa-

1071 2847 1203 2875 triarchae
1219 2848 1375 2883 desiderio,
1394 2851 1425 2876 ut
1438 2849 1464 2876 ei
1478 2849 1555 2884 quod
1579 2848 1718 2884 cupiebat
1732 2848 1908 2885 indulgeret

1071 2893 1228 2928 persuasit.
1244 2894 1415 2923 Aversionis
1431 2902 1518 2930 porro
1527 2893 1671 2930 Ephesini
1686 2902 1704 2923 a
1716 2893 1794 2923 ‘80
1806 2893 1907 2923 Vecco

1869 2904 2018 3204 Li
