4080 6412
342 455 445 511 941

1410 463 1498 514 DE
1536 463 1909 516 MICHAELE
1945 462 2389 518 PALBOLOGO
2425 465 2561 517 LIB.
2605 465 2701 518 VI.

3657 475 3766 531 942

341 577 404 632 τὸ
437 575 495 632 δὲ
526 576 799 652 χείριστον
842 579 925 633 ὅτι
976 579 1028 632 οἳ
1074 581 1199 656 περὶ
1246 581 1338 634 τὸν
1387 580 1612 657 Ἐφέσου
1659 579 1750 635 καί
1787 579 1994 636 πολλοί
2025 585 2081 652 Α
2111 578 2158 635 δ’
2215 582 2314 637 οὐκ
2364 582 2430 651 ἧν
2487 584 2706 657 ἀρεστὸν
2763 583 2930 656 vii-rw,
2989 585 3118 643 ἀλλ’
3180 587 3226 642 εἶ
3280 591 3347 659 υή
3409 589 3763 650 δεικνύοικαὶ

343 687 486 728 τινες
511 670 616 720 τῶν
651 666 978 742 ἀρχιερέων,
1028 668 1217 724 πολλά
1259 667 1522 733 παθόντες
1570 671 1706 745 πρὸς
1749 671 1812 725 τὸ
1840 689 2000 724 κατα-

347 755 592 827 δέξασθαι
623 758 721 826 τήν
783 757 1030 833 εἰρήνην,
1091 757 1234 814 οὕτω
1297 758 1460 831 μόλις
1517 757 1996 830 καθυπεκλίθησαν

344 847 434 902 καὶ
484 849 564 918 τῷ
613 843 790 901 δοκεῖν
839 846 1143 922 εἰρήνευον,
1196 848 1582 924 θεραπεύοντες
1610 850 1709 918 τὴν
1747 845 1998 918 συνείδη-

347 955 428 992 σιν
463 935 561 990 οὐκ
587 936 693 990 ἀπὸ
718 940 943 1010 γραφῶν
985 937 1198 1009 μᾶλλον
1260 937 1346 1011 (οὐ
1405 938 1509 1014 γὰρ
1567 938 1633 1006 ἦν
1690 937 1748 992 ἐκ
1789 937 1996 992 τούτων

349 1026 578 1100 καιρὸς),
613 1022 740 1079 ἀλλ’
771 1023 831 1080 ἐκ
856 1029 953 1080 τοῦ
993 1026 1180 1081 πολλὰ
1223 1031 1450 1082 τοιαῦτα
1478 1026 1752 1089 πολλάκις
1785 1027 1999 1081 οἰκονο-

354 1123 594 1190 μηθῆναι
638 1121 707 1190 τῇ
743 1117 1042 1188 Ἐκκλησία
1096 1117 1259 1193 χάριν
1316 1119 1578 1190 μειζόνων
1613 1117 1816 1186 καλῶν,
1851 1117 1998 1171 ἀντι-

347 1210 613 1268 στατικῶς
665 1205 808 1260 εἴποι
868 1207 927 1260 ἄν
986 1227 1068 1268 τις
1125 1211 1231 1262 τῶν
1295 1205 1894 1283 ῥητορευόντων,ὅταν,
1944 1227 1999 1260 τι

346 1299 453 1349 τῶν
505 1294 568 1349 οὐ
615 1295 799 1350 καλῶν
848 1295 1066 1371 γίνηται
1114 1297 1203 1350 καὶ
1255 1294 1324 1350 δι’
1363 1295 1653 1354 αὐτοῦτοῦ
1683 1292 2000 1370 πεπραγμέ-

345 1405 442 1438 νου
496 1390 680 1457 μεῖζον
731 1384 1016 1459 ἀπαντήσῃ
1066 1387 1258 1440 καλόν.
1309 1384 1468 1442 Οὕτω
1525 1385 1628 1460 γὰρ
1660 1385 1748 1438 καὶ
1781 1383 1996 1439 Παῦλον

348 1475 674 1550 ξυρήσασθαι
722 1474 812 1528 καὶ
866 1475 1114 1548 ἁγνεῦσαι
1171 1475 1262 1529 καὶ
1318 1479 1632 1550 περιτεμεῖν
1685 1475 1995 1546 Τιμόθεον·

347 1561 492 1617 οὕτω
535 1562 630 1618 τὸν
689 1563 1070 1637 Μοψουεστίας
1132 1565 1207 1636 μὴ
1267 1563 1678 1638 ὲκκηρυχθῆναι
1724 1563 1871 1638 παρὰ
1898 1569 1996 1631 τῆς

345 1651 538 1727 τρίτης
567 1649 796 1707 συνόδου
826 1651 1106 1726 Θεόδωρον
1134 1671 1146 1683 ·
1197 1651 1341 1708 οὕτω
1393 1654 1499 1725 πρὸ
1540 1651 1736 1706 τούτου
1765 1653 1856 1706 τὸν
1893 1649 1995 1725 μέ-

345 1762 443 1817 γαν
501 1740 789 1796 Βασίλειον
845 1743 930 1814 [Ρ.
963 1744 1088 1814 328]
1148 1741 1212 1796 τὰ
1265 1745 1362 1797 τοῦ
1413 1740 1720 1802 Οὐάλεντος
1751 1737 1898 1816 δῶρα
1926 1744 1995 1814 τῇ

347 1828 616 1901 ἐκκλησίᾳ
671 1829 1063 1905 προσαγόμενα
1119 1830 1414 1904 δέχεσθαι’
1476 1828 1620 1884 οὕτω
1676 1831 1744 1884 τά
1770 1829 1859 1883 καὶ
1907 1829 1996 1901 τὰ,

342 1917 437 1972 τίνα
482 1919 558 1991 μὴ
608 1920 728 1982 καθ’
784 1915 1005 1973 ἕκαστον
1068 1917 1221 1994 λέγοι
1277 1940 1385 1990 τις,
1445 1915 1853 1991 δοκιμασάντων
1885 1921 1994 1972 τῶν
2029 1956 2073 2020 Β

347 2005 572 2062 ἆπὶτῶν
630 2007 967 2084 πραγμάτων
1025 2009 1149 2063 τότε
1204 2009 1540 2084 πεπρᾶχθαι.
1599 2005 1758 2064 Οὕτω
1815 2006 1992 2061 τοίνυν

345 2096 433 2152 καὶ
466 2098 616 2152 οὗτοι
661 2097 760 2166 τὴν
813 2096 1036 2172 εἰρήνην
1088 2095 1366 2172 ἐδέχοντο,
1416 2097 1555 2151 ὥστε
1591 2096 1680 2150 καὶ
1713 2115 1996 2170 προσομο-

347 2183 528 2260 λογεῖν
579 2187 934 2260 ἡμαρτῆσθαι
1006 2188 1209 2264 σφίσιν,
1282 2184 1348 2256 ήν
1409 2205 1494 2248 τις
1570 2188 1804 2255 σκοποίη
1863 2185 1998 2258 πρὸς

341 2274 636 2352 τάσφαλὲς,
693 2277 782 2330 καὶ
840 2281 958 2338 τοῖς
1023 2277 1420 2332 ἀποστατοῦσιν
1473 2275 1636 2337 ὁσίως
1694 2269 1996 2351 προσφέρε-

342 2373 464 2429 σθαι
524 2365 598 2426 ὼς
656 2359 1141 2439 ἀπηκριϐωμένως
1203 2362 1352 2438 μάλα
1409 2364 1546 2438 πρὸς
1575 2363 1638 2418 τὸ
1669 2361 1853 2439 ὀρθόν.
1907 2366 1998 2434 Τῷ

339 2691 547 2730 causas
577 2689 865 2745 exponere
897 2673 989 2728 hic
1021 2671 1358 2728 distinctius
1387 2687 1574 2742 opem
1618 2669 1871 2741 pretium
1894 2670 1991 2740 ju-

337 2764 490 2820 dico.
525 2763 708 2818 Erant
765 2763 1004 2832 quidem
1037 2767 1094 2818 et
1137 2761 1251 2818 alia
1305 2761 1599 2816 incentiva
1653 2759 1833 2830 hujus
1875 2759 1991 2814 odii

335 2870 455 2910 non
487 2853 694 2908 multis
724 2857 859 2908 nota
892 2865 905 2908 ι
939 2857 1211 2907 caeterum
1246 2851 1492 2923 capitale
1523 2851 1580 2905 in
1613 2848 1687 2906 iis
1709 2855 1765 2904 et
1791 2850 1994 2905 imme-

338 2944 591 3000 dicabile
623 2944 876 2999 maxime
907 2959 1092 2998 unum
1125 2943 1441 3011 eminebat,
1476 2942 1634 3013 quod
1666 2946 1784 2996 tam
1811 2941 1992 3012 Ephe-

339 3033 511 3088 sinus
543 3033 667 3105 ipse
695 3047 874 3104 quam
907 3033 1004 3088 alii
1039 3032 1274 3100 plurimi
1300 3030 1462 3104 paria
1504 3031 1825 3086 sentientes
1869 3030 1992 3102 epi-

342 3122 526 3194 scopi,
561 3123 787 3193 magnis
841 3121 1029 3178 adacti
1061 3121 1234 3177 malis
1285 3122 1357 3176 ad
1403 3119 1853 3193 amplexandam
1888 3136 1987 3190 pa-

337 3227 491 3276 cem,
523 3227 590 3266 ea
619 3215 851 3267 tantum
882 3215 1056 3267 tenus
1086 3211 1146 3266 in
1179 3227 1307 3266 eam
1341 3214 1779 3277 consenserant,
1815 3213 1878 3263 ut
1899 3225 1988 3264 se-

2107 669 2450 748 σφάλλοντας
2494 671 2632 741 ,τοὺς
2681 674 2983 748 προτέρους
3034 674 3194 746 δῆθεν
3255 680 3314 733 ἐκ
3367 685 3476 735 τῶν
3511 689 3764 757 γραφῶν,

2107 760 2163 814 οῗ
2191 758 2257 830 δὴ
2289 759 2384 815 καὶ
2413 763 2511 830 τήν
2544 763 2678 837 πρὸς
2724 760 2960 826 ἐκείνους
2992 763 3218 840 εἰρήνην
3262 769 3325 824 οὐ
3375 768 3758 847 κατεδέχοντο,

2109 845 2233 902 οὐδὲ
2269 849 2465 922 βιωτὸν
2501 849 2616 924 εἶχε
2645 850 2733 904 τὸν
2771 849 2905 924 βίον.
2936 853 3094 916 Ὃθεν
3140 857 3230 908 καί
3263 857 3466 930 συχνὰς
3498 845 3759 923 συνοδους

2105 936 2352 1000 καθίστα,
2383 939 2473 992 καὶ
2501 939 2893 1013 προσεκαλεῖτο
2942 939 3191 1005 πολλοὺς
3233 945 3324 999 καὶ
3371 951 3478 1000 τῶν
3513 947 3636 1020 ἔξω,
3666 949 3759 1004 καὶ

2112 1020 2340 1099 βίϐλους
2401 1026 2718 1098 ἀνείλιττεν,
2777 1031 2867 1083 καὶ
2922 1027 3094 1092 ἂλλας
3153 1030 3414 1102 ἐξετίθετο
3473 1037 3763 1108 πλείστας,

2109 1111 2391 1186 δεικνύων,
2437 1117 2510 1178 ὡς
2561 1117 2697 1191 εἶχε,
2745 1119 2844 1187 τήν
2896 1118 3117 1193 εἷ’ρήνην
3147 1122 3209 1174 τὸ
3241 1123 3475 1200 ἀσφαλὲς
3507 1123 3759 1201 ἔχουσαν⁹

2107 1203 2291 1258 καὶτὰ
2333 1204 2563 1260 πλεῖστα
2605 1204 3084 1282 προσελιχνεύετο.
3134 1206 3262 1264 Δέον
3308 1213 3408 1288 γὰρ
3461 1220 3761 1286 Δαμασκη-

2106 1291 2196 1345 νόν
2224 1313 2283 1346 τε
2329 1293 2418 1348 καὶ
2471 1295 2561 1348 τὸν
2621 1296 2762 1348 θεῖον
2826 1295 3077 1369 Μάξιμον
3135 1300 3224 1352 καὶ
3280 1299 3368 1355 ἐπὶ
3425 1302 3640 1365 τούτοις
3672 1304 3763 1357 τὸν

2107 1381 2250 1434 θεῖον
2310 1379 2600 1454 Ταράσιον,
2648 1383 2840 1438 ταυτὸν
2902 1381 2947 1437 δ’
3004 1385 3173 1439 εἰπεῖν
3229 1388 3317 1441 καὶ
3365 1390 3462 1457 τὴν
3515 1385 3761 1464 ἑϐδόμην

2107 1467 2330 1524 σύνοδον
2381 1475 2576 1540 πᾶσαν,
2629 1471 2712 1526 ὃτι
2766 1472 2855 1526 καὶ
2905 1473 3099 1535 πάντες
3157 1476 3252 1544 τὴν
3311 1477 3516 1532 ἐκείνου
3549 1479 3764 1552 ὁμολο-

2104 1558 2222 1635 γίαν
2251 1561 2349 1627 τὴν
2383 1560 2517 1636 πρὸς
2572 1561 2700 1624 τοὺς
2753 1560 3114 1626 ἀνατολικοὺς
3172 1567 3506 1642 πεμφθεῖσαν
3559 1569 3761 1638 ὑπεση-

2110 1650 2348 1720 μήναντο
2378 1649 2467 1702 καὶ
2502 1647 2590 1703 διὰ
2631 1656 2728 1718 τῆς
2780 1649 2951 1706 ἐκεῖσε
2997 1655 3317 1726 προσθήκης
3357 1653 3442 1708 ἐπὶ
3474 1661 3542 1730 τῇ
3572 1656 3760 1710 τοιαύ-

2103 1757 2168 1810 τῃ
2194 1735 2490 1811 ὁμολογίᾳ,
2529 1737 2586 1792 ἐκ
2643 1739 2854 1813 Πατρὸς
2905 1743 3006 1815 γάρ
3068 1737 3157 1795 διά
3184 1747 3281 1796 τοῦ
3311 1745 3439 1798 Υἱοῢ
3470 1743 3760 1820 ἐκπορεύε-

2103 1828 2222 1880 σθαι
2256 1823 2619 1899 διδασκόμεθα
2663 1831 2791 1904 παρ’
2841 1827 3059 1884 ἐκείνων
3110 1829 3308 1906 λέγειν,
3345 1829 3463 1888 δέον
3498 1831 3593 1888 οὖν
3624 1833 3760 1889 ταύ-

2102 1936 2195 1978 τας
2227 1917 2635 1991 προϊσχόμενον
2695 1918 2784 1971 καὶ
2839 1917 2996 1972 αὐτὸν
3058 1919 3182 1974 ὅσον
3239 1919 3327 1976 ἐπὶ
3371 1926 3439 1996 τῇ
3472 1926 3758 1998 προσθήκῃ

2107 2003 2195 2058 καὶ
2229 2005 2612 2076 θεραπεύεσθαι
2666 2007 2756 2060 καὶ
2814 2007 3148 2081 θεραπεύειν,
3209 2011 3300 2065 καὶ
3361 2009 3758 2088 μηδὲνπαρεγ-

2109 2098 2312 2167 χειρεῖν
2349 2093 2690 2168 ἐξηγήσεσιν,
2752 2096 2779 2148 ὁ
2839 2093 2895 2149 δὲ
2947 2094 3162 2160 πολλὰς
3222 2104 3324 2153 τῶν
3381 2107 3607 2178 Γραφῶν
3640 2124 3761 2156 συν-

2110 2184 2314 2260 εφόρει.
2377 2183 2475 2238 Καὶ
2531 2185 2622 2238 τὸν
2686 2183 2856 2258 μέγαν
2931 2185 3222 2243 Βασίλειον
3286 2188 3459 2265 εὑρὼν
3514 2193 3612 2260 τὴν
3673 2190 3763 2247 ἐπὶ

2107 2275 2204 2326 τοῦ
2265 2273 2392 2325 Υἱοῦ
2450 2269 2508 2326 ἐκ
2562 2273 2661 2341 τήν
2725 2270 2814 2326 διὰ
2873 2275 3295 2349 μεθαρμόζοντα
3348 2279 3424 2342 ὡς
3477 2278 3760 2335 ὑπαΛλοιτ·

2109 2360 2353 2435 τομένων
2394 2365 2498 2416 τῶν
2560 2360 2890 2438 προθέσεων,
2953 2364 3027 2425 ὡς
3080 2365 3162 2436 τὸ,
3227 2390 3254 2419 ι(
3285 2369 3636 2442 Ἐκτησάμην
3669 2368 3761 2423 ἀν-

2102 2670 2575 2726 communionem
2628 2671 2889 2742 rejicere,
2920 2688 3116 2727 severe
3159 2678 3217 2728 et
3267 2689 3387 2728 rem
3439 2675 3508 2729 ad
3559 2674 3750 2730 vivum

2102 2762 2418 2816 resecando
2477 2765 2779 2818 statueret.
2843 2765 3024 2817 Vecco
3067 2768 3264 2818 autem
3318 2763 3432 2818 ista
3487 2765 3751 2835 exceptio

2101 2865 2216 2904 non
2249 2850 2396 2906 481
2455 2849 2738 2921 placebat,
2780 2852 2878 2906 sed
2929 2852 3042 2906 nisi
3092 2853 3494 2908 demonstrare
3525 2853 3756 2908 evince-

2102 2942 2303 3009 retquc
2336 2957 2403 2994 ex
2431 2939 2624 3008 certis,
2660 2945 2724 2993 ut
2758 2939 3015 3008 putabat,
3065 2939 3417 3011 scriptorum
3468 2941 3759 2996 authenti-

2104 3044 2304 3083 corum
2366 3028 2722 3083 testimoniis
2773 3045 3002 3084 errasse
3052 3028 3271 3099 priores
3304 3029 3362 3083 in
3398 3030 3759 3100 repudianda

2104 3115 2520 3172 communione
2551 3117 2918 3172 Latinorum.
2952 3115 3146 3171 Vitam
3208 3117 3320 3172 sibi
3372 3113 3608 3174 vitalem
3642 3136 3757 3174 non

2104 3206 2366 3276 putabat.
2406 3205 2563 3261 Unde
2589 3211 2646 3258 et
2677 3206 2909 3260 crebras
2942 3204 3126 3278 coegit
3160 3207 3436 3278 synodos,
3472 3213 3526 3261 et
3560 3224 3768 3263 convo-

335 3301 529 3372 posita
556 3300 782 3356 ratione
821 3301 1116 3372 dogmati
1165 3305 1222 3354 et
1267 3299 1430 3355 nulla
1458 3315 1520 3355 re
1550 3299 1608 3353 in
1661 3298 1894 3370 scriptis
1927 3314 1992 3352 ac
2024 3315 2066 3382 ρ
2106 3295 2255 3348 cavit
2290 3292 2503 3349 multos
2536 3299 2907 3382 externorum
2961 3312 3215 3365 quoque,
3250 3300 3308 3350 et
3337 3295 3519 3350 libros
3551 3296 3763 3350 evolvit

337 3391 586 3446 decretis
609 3390 1204 3460 immutata,quorum
1235 3389 1293 3444 in
1317 3389 1566 3445 dubium
1598 3388 1989 3444 vocandorum

337 3484 440 3536 aut
496 3479 568 3534 de
626 3495 773 3535 novo
832 3479 1342 3534 discutiendorum
1401 3482 1638 3548 tempus
1700 3479 1994 3548 negabant

336 3580 467 3624 esse
497 3569 758 3624 exterius
789 3568 1077 3622 duntaxat
1097 3565 1471 3622 concordiam
1504 3582 1637 3620 cum
1668 3565 1893 3621 Latinis
1914 3569 1993 3620 te-

336 3661 566 3726 nerent,
599 3656 760 3712 alvo
793 3673 855 3711 se
885 3656 1018 3710 fidei
1053 3671 1117 3710 ac
1150 3655 1452 3726 religionis
1501 3653 1694 3709 ofﬁcio
1743 3670 1990 3710 consen-

341 3747 450 3802 tire
488 3746 548 3800 in
608 3746 667 3801 id
727 3755 902 3816 posse
959 3745 1066 3800 rati
1128 3743 1627 3800 accomodationis
1658 3742 1993 3799 necessaria

337 3835 705 3907 temporibus
738 3833 983 3902 ratione,
1015 3835 1187 3904 cujus
1209 3832 1475 3903 exempla
1499 3832 1677 3887 multa
1705 3831 1763 3885 in
1798 3831 1990 3886 Eccle-

337 3925 437 3980 sia)
468 3925 679 3980 veteris
711 3923 974 3979 historiis
1005 3922 1322 3980 habebant.
1346 3921 1698 3989 Censebant,
1722 3920 1990 3990 inquam,

337 4014 724 4069 sicduntaxat
743 4016 872 4068 tuta
893 4009 1253 4067 conscientia
1268 4010 1605 4065 Latinorum
1630 4008 1993 4063 communio-

342 4118 480 4158 nem
529 4102 785 4170 admitti,
838 4105 904 4156 ut
948 4117 1070 4158 rem
1121 4117 1236 4154 non
1271 4117 1373 4172 per
1403 4116 1465 4154 se
1500 4097 1857 4169 probabilem
1893 4101 1994 4151 aut

343 4207 767 4262 usquequaque
795 4191 867 4246 ad
910 4189 1045 4246 ﬁdei
1079 4189 1314 4260 regulas
1341 4191 1632 4253 exactam,
1678 4203 1877 4242 verum
1928 4189 1993 4240 ut

339 4299 470 4353 quae
500 4278 737 4336 tolerari
766 4280 1085 4351 prudenter
1137 4282 1337 4351 posset
1387 4281 1543 4333 metu
1591 4276 1990 4332 incommodo-

343 4386 478 4426 rum
511 4370 885 4442 graviorum;
919 4368 1195 4440 quodque
1225 4384 1341 4422 non
1375 4365 1664 4431 absolute,
1697 4366 1796 4421 sed
1830 4381 1993 4420 com-

337 4458 621 4530 parative,
655 4463 717 4512 ut
751 4456 1014 4528 magistri
1062 4455 1206 4510 artis
1265 4455 1579 4510 rhetorices
1641 4453 1990 4526 loquuntur,

337 4547 856 4604 commendaretur
884 4551 943 4601 et
976 4546 1194 4601 bonum
1229 4548 1554 4615 putaretur,
1589 4559 1704 4597 non
1739 4548 1911 4614 prout
1934 4542 1991 4596 in

339 4655 405 4694 se
435 4636 834 4708 spectabatur,
895 4635 996 4690 sed
1057 4638 1350 4704 quatenus
1409 4632 1818 4686 conferebatur
1858 4648 1991 4686 cum

344 4725 696 4796 majoribus,
747 4741 874 4796 quas
931 4739 998 4778 ex
1059 4722 1167 4776 hoc
1226 4721 1619 4776 nascebantur
1680 4721 1867 4776 bonis.
1907 4720 2001 4776 Sic

342 4831 553 4886 nempe
580 4815 833 4870 Paulum
855 4817 1034 4884 caput
1057 4809 1170 4866 sibi
1193 4809 1520 4866 totondisse
1542 4809 1805 4880 aliosque
1831 4827 2001 4864 usur-

348 4921 522 4977 passe
551 4902 1033 4975 purificationum
1062 4898 1445 4955 Judaicarum
1478 4899 1660 4966 ritus;
1696 4899 1780 4954 sic
1801 4898 1874 4954 ab
1906 4914 2001 4953 eo-

345 4995 478 5048 dem
509 4991 891 5048 Timotheum
915 4986 1460 5053 circumcisum;sic
1493 4986 1850 5042 abstinuisse
1883 4992 2000 5041 ter-

345 5082 493 5138 tiam
525 5081 819 5152 synodum
851 5079 923 5134 ab
955 5076 1516 5134 excommunicando
1547 5076 1849 5131 Theodoro
1883 5076 1999 5132 Mo-

349 5169 749 5244 psuestiae;sic
767 5175 942 5226 antea
965 5184 1242 5240 magnum
1266 5165 1550 5222 Basilium
1567 5166 1828 5222 Valentis
1853 5167 2006 5222 dona

346 5261 626 5318 Ecclesiae
659 5259 824 5316 illata
853 5259 1223 5330 suscepisse;
1256 5255 1342 5312 sic
1390 5255 1504 5312 alia
1535 5260 1592 5312 et
1639 5255 1754 5312 alia
1785 5256 1844 5311 in
1896 5256 2006 5327 pri-

345 5350 468 5409 scis
498 5366 696 5406 rerum
729 5351 1026 5420 gestarum
1059 5345 1458 5403 monumentis
1479 5345 1608 5417 ejus
1639 5345 1871 5417 generis
1904 5362 2003 5402 no-

346 5444 473 5496 tata
504 5437 855 5509 reperimus,
880 5452 953 5492 ne
971 5435 1275 5508 sigillatim
1301 5449 1729 5506 persequamur
1749 5433 2002 5504 singula.

348 5535 470 5585 Hoc
503 5528 684 5600 igitur
733 5527 793 5582 hi
848 5525 1023 5580 modo
1056 5539 1261 5596 pacem
1314 5537 1503 5594 nuper
1533 5523 1820 5578 sancitam
1854 5522 2006 5578 acci-

355 5618 617 5690 piebant,
651 5622 716 5672 ut
746 5617 1070 5670 faterentur
1099 5613 1157 5668 in
1190 5629 1256 5668 eo
1288 5617 1589 5684 peccatum
1632 5631 1664 5666 τι
1713 5629 1776 5668 se
1822 5611 2008 5668 videri

354 5723 530 5780 posse
563 5707 613 5761 ei
646 5704 748 5776 qui
781 5705 852 5760 de
883 5720 944 5758 re
1001 5703 1131 5773 ipsa
1188 5718 1290 5771 per
1321 5717 1384 5755 se
1410 5709 1696 5766 censeret,
1730 5705 1788 5755 et
1817 5701 1885 5755 de
1917 5701 2007 5755 of-

355 5795 492 5854 ﬁcio
524 5794 850 5866 religionis,
893 5807 1009 5863 quo
1062 5790 1341 5862 iubemur
1390 5789 1798 5846 abberantium
1831 5807 1864 5844 a
1897 5789 2009 5844 fide

2105 3388 2346 3450 veteres,
2400 3382 2701 3454 ediditque
2758 3381 2973 3438 multos
3007 3400 3206 3448 novos,
3236 3401 3468 3438 omnem
3501 3383 3759 3456 lapidem

2100 3489 2338 3527 movens
2370 3472 2440 3526 ad
2475 3473 2863 3527 astruendum
2901 3489 3070 3544 posse
3125 3489 3190 3526 ac
3243 3473 3452 3527 debere
3485 3479 3753 3543 cunctos,

2099 3578 2232 3615 cum
2293 3561 2450 3615 omni
2511 3561 2827 3616 securitate
2886 3561 3276 3630 conscientiae,
3333 3561 3470 3615 huic
3527 3559 3653 3633 paci
3687 3567 3752 3617 ut

2099 3667 2200 3721 per
2231 3666 2292 3704 se
2326 3649 2517 3720 proba;
2541 3652 2837 3722 justeeque
2870 3649 3204 3720 adhaerere;
3267 3666 3370 3704 nec
3420 3649 3746 3723 quidquam

2098 3740 2156 3793 in
2190 3739 2298 3794 hoc
2339 3738 2451 3793 sibi
2510 3741 2580 3794 ad
2641 3757 2937 3795 summam
2999 3740 3438 3796 contentionem
3500 3738 3750 3795 faciebat

2098 3827 2332 3899 reliqui,
2411 3829 2604 3883 studio
2668 3829 3128 3899 intemperanter
3207 3829 3544 3901 indulgens.
3603 3829 3750 3884 Cum

2098 3916 2255 3971 enim
2304 3915 2472 3970 illum
2525 3917 2886 3988 oportuisset
2935 3936 3000 3973 eo
3045 3934 3174 3973 esse
3224 3923 3568 3973 contentum
3598 3919 3753 3990 quod

2100 4006 2419 4060 tradiderat
2469 4012 2866 4060 Damascenus
2910 4011 2965 4060 et
3014 4006 3185 4061 divus
3232 4005 3524 4062 Maximus
3558 4025 3621 4062 ac
3654 4025 3754 4063 su-

2100 4114 2202 4167 per
2235 4095 2338 4150 hos
2369 4096 2537 4149 divus
2570 4111 2803 4166 quoque
2830 4095 3101 4150 Tarasius
3134 4098 3256 4163 aut,
3292 4095 3448 4166 quod
3481 4096 3634 4150 idem
3669 4100 3758 4152 est

2100 4185 2314 4254 dicere,
2347 4185 2602 4254 septima
2658 4185 2919 4256 synodus
2976 4184 3271 4252 universa,
3332 4185 3500 4253 cujus
3563 4189 3757 4242 Patres

2099 4292 2304 4330 omnes
2337 4274 2780 4346 praerogativam
2813 4275 3075 4344 ejusdem
3126 4272 3352 4328 Tarasii
3386 4273 3574 4328 secuti
3611 4291 3755 4329 con-

2100 4363 2342 4420 fessioni
2396 4363 2467 4417 de
2526 4362 2635 4417 hoc
2688 4361 2957 4432 articulo,
2993 4379 3119 4435 quas
3178 4360 3504 4417 Orientales
3572 4363 3757 4418 missa

2103 4454 2312 4519 fuerat,
2393 4452 2894 4522 subscripserunt,
2956 4451 3248 4524 siquidem
3313 4451 3383 4506 ab
3443 4451 3556 4516 his,
3612 4451 3755 4508 dum

2103 4542 2409 4598 occasione
2441 4540 2761 4596 additionis
2813 4541 2913 4594 tali
2974 4540 3322 4612 professioni
3369 4540 3607 4596 insertae
3653 4541 3756 4595 do-

2106 4647 2243 4701 gma
2275 4629 2468 4700 ipsum
2529 4629 2844 4698 explicant,
2903 4630 3095 4684 dicere
3152 4630 3433 4684 docemur
3472 4629 3758 4700 Spiritum

2114 4723 2384 4773 sanctum
2435 4734 2504 4772 ex
2562 4723 2729 4772 Patre
2764 4735 2866 4789 per
2895 4718 3104 4773 Filium
3142 4717 3473 4789 procedere,
3503 4749 3571 4757 —-
3601 4735 3758 4786 cum,

2115 4808 2380 4878 inquam,
2431 4807 2787 4878 oportuisset
2847 4807 3092 4862 Veccum
3150 4823 3248 4862 eas
3306 4807 3365 4861 in
3422 4806 3533 4862 hoc
3583 4808 3762 4880 expli-

2114 4898 2300 4952 cando
2361 4897 2638 4968 mysterio
2699 4895 3076 4952 adhibentem
3135 4913 3303 4950 voces
3375 4913 3520 4964 quas
3575 4901 3764 4954 nostri

2116 4985 2316 5041 Patres
2377 4989 2757 5057 usurparunt,
2821 4985 3223 5040 additamento
3288 4984 3629 5042 Latinorum
3691 4990 3762 5044 ad

2115 5092 2214 5129 eas
2270 5075 2459 5146 quoad
2521 5081 2737 5146 posset,
2789 5074 3308 5141 accommodando,
3343 5075 3472 5143 ejus
3504 5080 3562 5130 et
3593 5094 3763 5133 suam

2115 5161 2301 5230 ipsius
2331 5161 2608 5217 invidiam
2647 5180 2894 5234 purgare
2945 5167 3047 5218 aut
3091 5161 3357 5218 minuere
3409 5167 3762 5236 excusando,

2115 5257 2320 5307 contra
2353 5251 2447 5306 ille
2495 5256 2657 5306 extra
2709 5253 2989 5307 terminos
3055 5256 3345 5324 susceptae
3397 5255 3767 5312 tractationis

2115 5339 2580 5396 declarationum
2630 5341 2878 5413 argutiis
2936 5356 3189 5412 evagans
3242 5341 3430 5397 multa
3471 5345 3770 5415 congessit

2117 5429 2469 5502 scriptorum
2528 5433 2788 5484 veterum
2844 5429 2998 5498 loca;
3064 5429 3215 5485 inter
3273 5448 3398 5502 quae
3439 5449 3571 5488 cum
3604 5448 3770 5504 repe-

2118 5519 2293 5574 risset
2353 5535 2632 5589 magnum
2669 5518 2952 5575 Basiliam
3007 5517 3154 5574 illud
3213 5535 3302 5591 ex,
3334 5522 3490 5592 quod
3525 5522 3595 5577 de
3628 5521 3770 5579 Filio

2117 5608 2355 5674 dicitur,
2385 5607 2442 5662 in
2472 5624 2570 5679 per
2600 5612 3088 5674 commutantem,
3123 5613 3399 5680 tanquam
3449 5615 3651 5665 essent
3684 5611 3770 5667 hae

2119 5697 2558 5770 praepositiones
2633 5697 2877 5753 invicem
2953 5699 3366 5769 mquivalenter
3434 5701 3770 5774 mutabiles,

2119 5797 2291 5860 prout
2349 5786 2632 5859 probatur
2713 5787 2808 5843 his
2894 5787 3210 5857 Scripturae
3295 5789 3770 5859 auctoritatibus,
