4080 6400
354 448 460 503 943

1656 446 1954 501 GEORGII
1993 445 2457 500 PACHYMERE

3683 441 3803 497 944

350 574 567 645 θρωπον
626 567 715 625 διὰ
776 574 874 624 τοῦ
958 572 1112 637 Θεοῦ,
1144 588 1169 620 ιο
1228 566 1527 637 τουτέστιν,
1583 568 1642 621 ἐκ
1695 572 1791 622 τοῦ
1847 570 2004 633 Θεοῦ,
2037 571 2087 636 Α
2122 563 2177 620 δὲ
2209 567 2257 639 ἐξ
2286 566 2460 629 αἰτίας
2493 562 2647 627 ὄντος
2696 563 2860 621 πάλιν
2912 562 3091 634 ἄλλην
3142 562 3404 640 διαφορὰν
3454 565 3749 637 ἐννοοῦμεν
3783 586 3799 599 θ

355 662 471 734 καὶ,
531 686 558 713 ‹‹
592 660 938 732 Γεννώμενον
1000 658 1057 712 ἐκ
1113 658 1392 732 γυναικὸς,
1425 679 1451 711 ι
1512 656 1754 711 τουτέστι
1797 654 1885 710 διὰ
1914 677 2012 731 γυ-

348 752 553 818 ναικὸς,
600 749 692 804 ⁶ίνα
746 751 822 822 μὴ
872 749 973 816 τὴν
1023 748 1095 810 ὡς
1148 745 1238 801 διὰ
1289 746 1541 816 σωλῆνος
1587 747 1817 818 αἳρεσιν,
1851 745 2006 823 φησὶ,

349 841 680 917 παρεμφτςνῃ
713 840 740 893 6
772 842 917 902 θεῖος
957 836 1322 907 Ἀπόστολος,
1373 840 1541 891 ταῦτα
1572 838 1660 891 καὶ
1693 837 1757 890 τὰ
1785 840 2009 890 τοιαῦτα

353 931 620 1002 ὁσημέραι
681 927 1162 1000 συνερανιζόμενος
1217 923 1405 980 πολλά
1461 925 1550 980 καὶ
1581 927 1679 995 τῆν
1712 925 1771 979 ἐκ
1802 924 1876 986 εἷς
1904 925 2004 992 τήν

354 1017 443 1073 διὰ
496 1020 782 1092 παρεξῆγε,
849 1016 1130 1079 κάντεῦθεν
1208 1014 1366 1084 δῆθεν
1418 1017 1516 1084 τὴν
1581 1017 1639 1069 ἐκ
1696 1014 2002 1089 ἐθεράπευε.

348 1110 456 1176 Τήν
499 1106 553 1161 δὲ
610 1111 705 1160 τοῦ
766 1108 913 1169 θείου
970 1109 1331 1177 Δαμασκηνοῦ
1379 1105 1533 1180 ῥῆσιν
1568 1103 1736 1178 εὑρὼν
1782 1106 1881 1173 τήν
1916 1101 2005 1156 διὰ

352 1197 524 1272 λόγου
575 1191 885 1272 προϐολεὺς
940 1196 1331 1272 ἐκφαντορικοῦ
1379 1194 1691 1265 Πνεύματος
1719 1192 2003 1267 λέγουσαν,

349 1287 526 1341 καὶτὸ
567 1281 885 1346 πποϐολεὺς
945 1284 1019 1347 εἷς
1078 1285 1140 1338 τὸ
1199 1283 1371 1347 αἴτιος
1421 1278 1878 1356 μεταλαμϐάνων,
1922 1281 2002 1335 αἶ’-

536 1378 550 1395 \
665 1375 677 1393 ,
755 1372 777 1391 ’ί
979 1375 991 1392 \
1105 1381 1115 1393 ι
1148 1374 1160 1392 \
1372 1372 1384 1391 Ι
1663 1369 1685 1391 ’ί
1919 1369 1942 1387 Ν
1981 1372 1995 1388 \

344 1398 459 1431 τιον
496 1398 589 1449 μεν
624 1397 724 1430 ουκ
754 1373 911 1449 ελεγε
939 1395 1029 1427 τον
1079 1375 1200 1427 Ιῖον
1254 1380 1588 1445 Ηνευματος,
1623 1393 1796 1426 αιτιον
1827 1368 1885 1425 δὲ
1916 1388 2004 1424 οια

342 1470 438 1520 τοῦ
470 1466 597 1520 Υὶοῦ
645 1466 736 1519 τὸν
793 1464 1003 1538 Πατέρα
1052 1468 1147 1517 τοῦ
1199 1463 1516 1535 Ηνεύματοσ
1548 1459 1855 1535 ὡμολόγει,
1887 1459 2001 1515 ἐπεὶ

344 1555 434 1609 καὶ
469 1553 558 1609 διὰ
590 1554 770 1629 Λόγου
804 1549 1114 1625 προϐολεῦς
1166 1550 1260 1606 εἶ’τ’
1311 1550 1401 1606 οὗν
1457 1549 1632 1612 αἴίτιος
1665 1549 1877 1627 λέγεται
1907 1554 2002 1603 τοῦ

346 1644 661 1717 Ηνεύματος
696 1645 723 1697 6
760 1645 966 1716 Πατήρ.
1017 1642 1226 1711 Ταύτην
1270 1642 1371 1710 τήν
1422 1640 1578 1717 ῥῆσιν
1618 1642 1760 1702 τινὲς
1797 1641 1893 1713 μὲν
1927 1640 2001 1701 ὡς

346 1733 501 1798 νόθον
532 1734 774 1809 γέννημα
804 1737 900 1786 τοῦ
938 1733 1143 1806 Ηατρὸς
1197 1735 1557 1804 Δαμασκηνοῦ
1590 1729 1689 1784 οὐκ
1720 1728 1998 1804 ἐδέχοντο·

346 1824 487 1884 τινες
537 1820 594 1877 δὲ
650 1822 739 1876 καὶ
802 1820 1099 1897 δεχόμενοι
1161 1816 1496 1893 μετήμειϐον
1572 1820 1635 1874 τὸ
1693 1814 2000 1891 προϐολεύς

2113 657 2176 710 τὸ
2214 657 2307 729 μὲν
2338 656 2442 732 γὰρ
2474 660 2765 731 προσεχῶς
2818 654 2879 709 ἐκ
2922 658 3020 709 τοῦ
3070 656 3318 731 πρώτου,
3350 656 3414 709 τὸ
3466 652 3524 709 δὲ
3571 652 3665 709 διὰ
3694 661 3801 710 τοῦ

2116 751 2407 821 προσεχῶς
2466 746 2524 800 ἐκ
2588 750 2685 800 τοῦ
2736 746 2983 819 πρώτου,
3041 752 3142 815 τῆς
3200 749 3296 799 τοῦ
3345 744 3473 799 Υίοῦ
3508 746 3802 816 μεσιτείας

2114 836 2205 888 καὶ
2239 836 2411 906 ἑαυτῷ
2463 834 2525 889 τὸ
2590 835 2875 909 μονογενὲς
2933 833 3316 908 φυλαττούσης
3344 835 3432 888 καὶ
3465 835 3528 889 τὸ
3562 838 3799 907 Πνεῦμα

2111 927 2209 992 τῆς
2268 928 2363 978 τοῦ
2422 926 2633 999 Πατρὸς
2687 926 2927 999 σχέσεως
2988 924 3065 995 μὴ
3133 923 3530 999 ἀπειργοὺσης.
3596 928 3797 981 Ταῦτα

2116 1014 2209 1085 μὲν
2265 1014 2293 1066 ὁ
2349 1013 2769 1089 πατριαρχεύων
2829 1014 3039 1087 εἷ’σῆγε,
3099 1010 3309 1075 δεικνὺς
3340 1015 3442 1081 τήν
3501 1014 3791 1085 μεσιτείαν

2108 1100 2204 1156 τοῦ
2264 1104 2391 1157 Υἱοῦ
2450 1103 2499 1175 ἐξ
2553 1102 2791 1176 ἀτάγκης
2851 1102 3169 1177 εἰσάγουσαν
3228 1105 3327 1171 τῆν
3390 1101 3500 1171 διὰ,
3559 1103 3653 1158 καὶ
3691 1101 3793 1158 διὰ

2108 1190 2309 1262 ταύτης
2355 1193 2453 1259 τὴν
2502 1191 2562 1246 ἐκ
2608 1196 2717 1246 τῶν
2764 1190 2987 1249 Ἰταλῶν
3039 1193 3399 1266 προσιέμενος
3434 1194 3511 1255 ὡς
3543 1193 3791 1247 ἀντιπα-

2111 1286 2481 1356 ραχωρουσῶν
2513 1287 2619 1336 τῶν
2670 1282 3000 1356 προθέσεων.
3059 1282 3122 1335 Οἱ
3170 1278 3226 1335 δὲ
3256 1282 3382 1357 περὶ
3413 1281 3505 1336 τὸν
3543 1282 3787 1359 Ἐφέσου

2076 1371 2198 1424 -καὶ
2227 1372 2319 1424 τὸν
2352 1372 2593 1439 Ἀθηνῶν
2628 1368 2899 1427 Μελέτιον
2945 1370 3033 1425 καὶ
3085 1369 3251 1425 ἆΛλοι
3300 1370 3551 1427 πλεῖστοι
3585 1372 3789 1427 ἐσκαν-

2111 1458 2418 1529 δαλίζοντο,
2492 1460 2741 1533 μείζονος
2820 1465 2990 1515 κακοῦ
3059 1465 3157 1515 τοῦ
3217 1459 3395 1516 δοκεῖν
3448 1469 3785 1537 παρακινεῖν

2112 1548 2358 1625 δόγματα
2409 1545 2635 1605 ἔλαττον
2693 1550 2860 1605 κακὸν
2903 1551 2965 1605 τὸ
3016 1551 3369 1625 ἡμαρτῆσθαι
3430 1552 3582 1627 σφίσι
3611 1574 3790 1625 ποιη-

2111 1640 2364 1713 σαμένοις
2392 1639 2437 1693 εἰ
2470 1642 2640 1713 ρήνην
2697 1640 2831 1711 μετά
2879 1639 3234 1717 σφαλλόντων
3270 1639 3324 1694 ἐν
3353 1640 3521 1703 θείοις
3570 1639 3789 1716 δόγμα-

2111 1751 2190 1783 σιν
2225 1728 2662 1803 ἀνθαιρούμενοι.
2708 1726 2870 1784 Ἀλλ’
2945 1731 2972 1784 6
3022 1729 3119 1802 μὶν
3178 1728 3450 1793 Μελέτιος
3519 1731 3611 1786 καὶ
3652 1730 3783 1786 λίαν

2110 1818 2567 1895 ἐπαρρησιάζετο,
2592 1820 2679 1873 καὶ
2707 1820 2782 1881 ὡς
2810 1824 2938 1892 μιᾶς
2956 1818 3145 1873 πολλᾶ
3174 1818 3225 1873 ἐν
3256 1817 3468 1892 συνόδῳ
3502 1818 3784 1891 λαλῆσαι,

348 1914 424 1976 εἷς
481 1915 542 1968 τὸ
601 1911 902 1986 παροχεὺς,
966 1911 1056 1966 καὶ
1111 1913 1210 1980 τὴν
1272 1909 1625 1988 ἐκφαντορίαψ
1680 1908 1779 1962 οὐκ
1809 1908 1885 1971 εἰς
1916 1911 1997 1981 [Ρ.
2036 1946 2080 2009 Β
2110 1911 2197 1963 καὶ
2229 1910 2389 1984 τέγος
2419 1910 2510 1963 τὸν
2538 1906 2832 1979 ἐπενδύτην
2866 1907 3116 1963 κελεῦσαι
3147 1913 3224 1979 τῷ
3273 1907 3463 1980 ὀπαδῷ
3496 1910 3782 1985 ἀράμενον

346 2005 471 2075 329]
530 2004 629 2071 τὴν
686 2002 908 2076 ὕπαρξιν
962 1995 1421 2073 ὲξελαμϐάνοντο,
1480 1997 1609 2053 ἀλλ’
1666 1998 1741 2059 είς
1797 1998 1895 2066 τὴν
1948 1998 2001 2059 ἐς

348 2090 521 2147 ἀίδιον
559 2091 832 2169 ἕκφανσιν.
887 2089 1085 2145 Μέντοι
1135 2110 1198 2164 γε
1253 2090 1341 2143 καὶ
1396 2084 1711 2143 σκανδάλων
1746 2085 1996 2161 μεγάλων

350 2183 603 2259 ἀφορμὰς
632 2180 699 2235 τὰ
731 2185 956 2234 τοιαῦτα
1014 2178 1287 2253 παρέςχον
1336 2183 1454 2240 τοῖς
1509 2177 1752 2253 ὕστερον,
1797 2178 1999 2251 Ὥσπερ

346 2268 485 2339 δῆτα
512 2271 601 2325 καὶ
632 2269 695 2325 τὸ
726 2274 823 2323 τοῦ
876 2268 1090 2339 Νύσσης
1146 2267 1450 2343 Γρηγορίου
1502 2268 1712 2340 Ηατρὸς
1742 2266 1906 2342 ῥητὸν
1937 2266 1999 2321 τὸ

342 2361 477 2415 κατᾶ
537 2356 797 2434 διαίρεσιν
856 2357 1231 2433 προαγόμενον
1286 2357 1375 2410 καὶ
1434 2355 1576 2410 οὕτω
1642 2378 1758 2417 πως
1818 2354 1999 2432 λέγον,

345 2449 422 2511 ὡς
458 2449 521 2503 τὸ
557 2449 650 2521 μὲν
703 2446 876 2503 αἴτιον
924 2446 1193 2503 πιστεύειν
1244 2447 1305 2500 τὸ
1356 2443 1413 2500 δὲ
1451 2444 1511 2500 ἐκ
1538 2453 1638 2515 τῆς
1670 2445 1867 2515 αἰτίας,
1900 2449 1997 2499 τοῦ

340 2777 368 2807 ‹‹
405 2755 643 2812 Possedi
699 2755 999 2811 hominem
1033 2770 1135 2825 per
1163 2759 1347 2809 Deum
1369 2755 1411 2817 ¹,
1448 2774 1477 2802 ››
1510 2752 1567 2807 id
1600 2756 1709 2820 est,
1754 2768 1822 2808 ex
1857 2757 1994 2818 Deo,

338 2851 415 2915 et,
451 2870 478 2897 «
514 2848 757 2902 Factum
785 2863 853 2901 ex
884 2843 1186 2911 muliere”,
1223 2865 1249 2892 »
1283 2843 1391 2898 hoc
1419 2847 1509 2898 est
1541 2860 1642 2915 per
1661 2840 1993 2911 mulierem,

336 2953 411 2991 ne
442 2937 594 2993 482
626 2936 791 2991 illam
840 2934 1108 2990 haeresim
1167 2933 1505 2989 insinuasse
1563 2932 1794 2988 divinus
1842 2936 1995 3003 Apo-

341 3026 533 3081 stolus
583 3031 823 3097 putetur
875 3041 991 3095 qua
1047 3023 1315 3078 Christus
1373 3023 1544 3095 quasi
1597 3038 1700 3093 per
1731 3020 1994 3076 canalem

336 3118 624 3173 transisse
657 3134 759 3188 per
782 3116 1069 3188 virginem
1104 3115 1348 3186 fingitur
1381 3130 1394 3170 :
1428 3114 1571 3180 haec,
1618 3113 1879 3183 inquam,
1914 3112 1993 3167 si-

337 3206 619 3278 miliaque
652 3206 914 3278 undique
944 3205 1250 3261 conferens
1306 3203 1569 3277 quotidie
1617 3201 1893 3274 plurima,
1926 3217 1998 3257 ea:

2111 1996 2330 2063 ἕπεσθαι
2362 2000 2435 2061 ὡς
2486 1998 2575 2053 καὶ
2635 1998 2713 2061 εἷς
2772 1998 2979 2072 ἐξορίαν
3038 1995 3284 2070 ἕτοιμον,
3316 1999 3389 2060 ὡς
3426 1999 3559 2072 ὑπὲρ
3588 2002 3787 2054 τοιού-

2108 2110 2216 2143 των
2243 2088 2673 2163 ἀγωνιζόμενος.
2724 2089 2791 2145 Οἱ
2842 2086 2899 2143 δὲ
2955 2088 3079 2165 περί
3129 2089 3217 2142 τὸν
3270 2087 3496 2166 Ἐφέσου
3525 2110 3785 2164 προνοη-

2107 2180 2274 2240 τικῶς
2310 2177 2404 2248 μὶν
2429 2177 2574 2251 εἶχον
2607 2174 2698 2231 διὰ
2748 2176 2999 2252 βασιλέα,
3043 2179 3119 2249 μὴ
3174 2174 3422 2238 θέλοντες
3453 2176 3637 2232 δοκεῖν
3668 2178 3785 2234 εἶσ-

2111 2265 2260 2339 άγειν
2308 2265 2361 2319 ἐν
2414 2267 2709 2320 καθεστῶσι
2760 2263 3074 2321 σκάνδαλα’
3126 2267 3279 2340 ὃμως
3330 2264 3388 2321 δὲ
3430 2268 3517 2322 καὶ
3557 2269 3784 2344 βαρέως

2109 2353 2299 2431 ἔφερον
2384 2356 2473 2409 καὶ
2552 2353 2795 2410 ἐκποδὼν
2892 2361 3069 2411 ποιεῖν
3154 2356 3290 2411 κατὰ
3378 2357 3440 2411 τὸ
3519 2355 3775 2429 λεληθὸς

2109 2443 2335 2517 ἐκεῖνον,
2368 2445 2442 2506 ὡς
2475 2440 2792 2501 ἐϐούλοντο.

2105 2751 2353 2807 rentiam
2409 2750 2801 2822 intelligimus
2861 2768 2874 2807 :
2936 2752 3059 2807 haec
3118 2752 3285 2808 'enim
3358 2755 3637 2811 continue
3705 2773 3781 2813 ex

2106 2842 2320 2913 prima,
2370 2842 2487 2896 ista
2540 2858 2643 2913 per
2703 2841 3121 2898 mediationem
3184 2841 3310 2897 Filii
3353 2845 3451 2915 qui
3487 2845 3778 2902 continue

2105 2947 2174 2985 ex
2228 2931 2424 3003 prima
2479 2940 2586 2999 est,
2656 2947 2772 3003 qua
2835 2932 3188 2987 mediatione
3251 2931 3428 2987 Filius
3486 2933 3647 2989 idem
3716 2940 3777 2991 et

2108 3020 2219 3076 sibi
2297 3019 2590 3092 Unigeniti
2654 3021 3069 3093 proprietatem
3120 3026 3315 3077 servat
3367 3027 3423 3077 et
3471 3023 3774 3094 Spiritum

2108 3126 2141 3165 a
2225 3109 2502 3166 relatione
2585 3110 2774 3165 Patris
2834 3127 2948 3165 non
3022 3115 3201 3166 arcet.
3267 3133 3288 3161 ιι
3360 3111 3479 3167 Hac
3540 3112 3772 3185 allega-

2108 3200 2208 3254 bat
2296 3200 2651 3271 patriarcha,
2719 3200 3035 3255 ostendens
3112 3200 3265 3256 483
3339 3202 3768 3259 mediationem

338 3294 397 3349 in
448 3311 555 3365 per
612 3293 992 3362 immittebat,
1053 3310 1153 3348 eas
1211 3291 1528 3364 particulas
1586 3290 1894 3345 conﬂando
1929 3289 1985 3343 in
2018 3297 2060 3364 ο
2103 3288 2228 3343 Filii
2264 3290 2593 3345 necessario
2673 3289 2889 3345 inferre
2962 3290 3439 3361 praepositionem
3494 3308 3643 3363 per,
3719 3299 3780 3349 et

332 3383 630 3440 notionem
656 3401 870 3454 unam;
902 3382 1103 3452 sicque
1163 3381 1431 3436 videlicet
1473 3380 1735 3435 diluebat
1765 3379 1985 3433 crimen

334 3471 722 3528 additamenti
780 3472 839 3526 in
896 3470 1242 3540 Symbolum
1302 3469 1536 3535 intrusi,
1573 3485 1688 3541 quo
1747 3473 1987 3523 sanctus

332 3561 597 3633 spiritus,
633 3565 698 3615 ut
752 3577 821 3615 ex
878 3561 1064 3627 Patre,
1120 3560 1198 3613 ita
1229 3574 1297 3613 ex
1331 3557 1450 3613 filio
1484 3558 1797 3629 procedere
1829 3557 1985 3611 affir-

335 3654 554 3705 matur.
624 3651 901 3705 Preeterea
959 3648 1109 3703 idem
1175 3649 1409 3702 inventa
1469 3647 1583 3701 divi
1647 3646 1986 3703 Damasceni

336 3736 632 3794 sententia
666 3754 780 3808 qua
810 3738 982 3793 Pater
1015 3754 1115 3809 per
1142 3736 1400 3792 Verbum
1457 3729 1767 3809 προϐολεὺς
1808 3737 1985 3792 emis-

336 3844 436 3883 sor
474 3826 856 3882 enuntiatorii
906 3826 1156 3897 Spiritus
1190 3825 1428 3893 dicitur,
1463 3832 1521 3881 et
1550 3842 1746 3881 vocem
1780 3818 1985 3899 προϐο-

333 3913 464 3975 λεὺς
496 3915 750 3971 emissor
782 3917 902 3971 sive
948 3916 1204 3986 prolator
1243 3921 1521 3986 tanquam
1575 3916 1728 3970 idem
1762 3914 1985 3986 signiﬁ-

335 4010 565 4061 cantem
620 4006 774 4077 quod
826 4001 998 4065 αἴτιος
1048 4022 1226 4061 causa
1274 4006 1392 4061 sive
1436 4005 1788 4077 principium
1822 4022 1989 4060 usur-

335 4113 506 4167 pans,
542 4094 639 4150 ubi
674 4095 1043 4151 observasset
1092 4112 1203 4149 non
1252 4094 1442 4149 dicere
1473 4095 1711 4163 quidem
1744 4094 1989 4149 Damas-

337 4202 545 4241 cenum
598 4184 943 4256 simpliciter
993 4184 1203 4239 Filium
1252 4199 1379 4239 esse
1410 4200 1648 4239 causam
1684 4183 1803 4238 sive
1834 4183 1991 4255 prin-

338 4275 561 4346 cipium
592 4275 848 4346 Spiritus
897 4275 1103 4343 sancti,
1158 4274 1327 4328 fateri
1370 4278 1563 4327 tamen
1599 4273 1824 4328 Patrem
1860 4289 1988 4327 esse

332 4381 575 4421 causam
606 4365 861 4436 Spiritus
894 4363 1079 4418 sancti
1111 4379 1211 4434 per
1241 4361 1475 4432 Filium,
1510 4361 1985 4433 quandoquidem

333 4455 404 4509 ab
436 4470 500 4508 eo
533 4456 705 4508 Pater
736 4470 838 4524 per
866 4452 1123 4507 Verbum
1154 4450 1405 4522 Spiritus
1437 4451 1627 4506 sancti
1652 4444 1985 4522 προϐολεὺς,

331 4542 485 4613 quod
521 4541 673 4596 idem
707 4545 878 4595 sonat
908 4556 972 4594 ac
1003 4534 1201 4608 αἶ’τιος,
1253 4555 1383 4593 esse
1433 4539 1778 4593 alﬁrmetur.
1835 4540 1988 4593 Hanc

2099 3383 2341 3450 propter
2398 3379 2548 3434 hanc
2609 3379 3079 3451 praepositionem
3139 3395 3246 3447 ex,
3309 3397 3491 3453 quam
3571 3383 3775 3438 Latini

2098 3472 2475 3539 usurparent,
2536 3469 2962 3525 admittendam
3010 3469 3394 3537 contendens,
3474 3471 3768 3541 quoniam

2100 3558 2434 3629 promiscue
2482 3557 2907 3630 permutabiles
2938 3559 3094 3613 inter
3125 3575 3253 3614 sese
3284 3558 3392 3614 has
3425 3560 3764 3630 particulas

2098 3662 2229 3703 esse
2278 3653 2601 3721 appareret.
2653 3647 2870 3703 Verum
2920 3648 3252 3719 Ephesinus
3289 3665 3526 3720 unaque
3576 3650 3770 3708 Athe-

2098 3736 2323 3793 niensis
2356 3737 2633 3794 Melesiue
2664 3747 2721 3793 et
2749 3736 2848 3793 alii
2890 3738 3132 3809 plurimi
3179 3737 3768 3812 scandalizabantur,

2098 3826 2504 3883 existimantes
2537 3843 2764 3883 movere
2796 3844 2862 3883 ac
2893 3827 2964 3883 de
2997 3844 3141 3883 novo
3173 3828 3231 3882 in
3263 3828 3767 3900 disceptationem

2098 3932 2306 3971 vocare
2335 3916 2473 3971 olim
2509 3918 2827 3972 constituta
2875 3918 3154 3989 dogmata
3200 3918 3392 3989 majus
3441 3935 3573 3975 esse
3626 3938 3763 3977 ma-

2097 4006 2219 4061 lum
2253 4023 2429 4077 quam
2463 4010 2526 4061 ut
2556 4007 2920 4062 consciscere
2954 4006 3010 4061 id
3046 4007 3157 4078 ipsi
3191 4013 3452 4078 possent,
3478 4012 3765 4079 quamvis

2100 4095 2366 4168 gravium
2417 4095 2707 4151 malorum
2760 4097 3296 4169 praevertendorum
3348 4114 3529 4153 causa
3576 4116 3760 4157 cons-

2099 4186 2321 4241 centias
2366 4204 2505 4243 suas
2536 4188 3021 4244 accomodassent
3054 4188 3125 4243 ad
3154 4187 3339 4243 levius
3370 4188 3518 4245 illud
3551 4206 3766 4261 pecca-

2100 4280 2222 4331 tum
2257 4276 2713 4346 admittendum,
2749 4294 2864 4349 quo
2897 4294 2958 4333 se
3007 4277 3369 4350 obligassent
3426 4295 3567 4349 pace
3619 4298 3764 4338 cum

2099 4365 2217 4420 illis
2252 4366 2515 4421 facienda
2543 4366 2641 4437 qui
2663 4366 2720 4420 in
2745 4366 2956 4421 divinis
2980 4366 3356 4438 dogmatibus
3381 4374 3763 4427 errarent.Ac

2099 4454 2369 4510 Meletius
2403 4456 2726 4525 praesertim
2764 4472 2977 4527 magna
3007 4457 3079 4511 de
3109 4456 3202 4513 his
3253 4455 3526 4513 libertate
3555 4459 3762 4516 disse-

2097 4545 2281 4612 rebat,
2315 4545 2457 4599 adeo
2489 4550 2554 4600 ut
2584 4546 2677 4600 die
2708 4546 2986 4616 quadam,
3011 4550 3325 4617 postquam
3359 4547 3548 4602 multa
3574 4565 3764 4622 super

330 4631 685 4730 sententiam
710 4629 891 4701 aliqui
917 4628 1371 4730 utsubdititiam
1476 4628 1617 4683 falso
1639 4629 1982 4683 attributam
2018 4666 2063 4730 D
2097 4632 2207 4689 hoc
2241 4638 2589 4705 argumento
2649 4634 2715 4730 in‘
2763 4635 2983 4707 synodo
3041 4634 3448 4703 declamasset,
3479 4638 3751 4707 pedisse-

330 4724 493 4779 Patri
553 4725 908 4779 Damasceno
955 4721 1252 4793 rejiciunt.
1306 4720 1553 4784 Quidam
1601 4725 1795 4775 autem
1855 4737 1983 4775 eam

331 4813 739 4883 admittentes,
773 4813 899 4868 loco
957 4809 1223 4867 vocabuli
1271 4803 1580 4883 προϐολεὺς
1620 4808 1989 4864 substituunt

328 4902 389 4961 in
423 4907 519 4962 illa
566 4903 847 4979 παροχεὺς
897 4903 1191 4975 presbiter,
1226 4910 1280 4956 et
1312 4920 1438 4974 quas
1485 4901 1601 4956 illis
1635 4902 1849 4957 mentio
1881 4902 1983 4956 ad-

319 4994 597 5066 jungitur
622 4993 979 5069 ἐκφαντορίας
1018 4991 1425 5048 enuntiatoriae
1468 4989 1832 5061 prolationis,
1869 5007 1983 5045 non

324 5085 397 5139 ad
459 5080 680 5158 ὕπαρξιν
752 5083 1098 5140 exstantiam
1162 5081 1439 5151 referunt,
1519 5080 1617 5135 sed
1681 5081 1746 5134 ad
1807 5074 1981 5131 ἀΐδιον

326 5165 579 5247 ἔκφανσιν
614 5178 890 5228 aeternam
925 5170 1369 5228 cxhibitionem.
1396 5168 1702 5224 Enimvero
1735 5169 1981 5224 scanda-

324 5259 519 5316 lorum
570 5276 918 5331 magnorum
979 5259 1319 5316 occasiones
1404 5258 1547 5314 talia
1607 5259 1983 5330 praebuerunt

324 5347 601 5421 posteris,
636 5352 700 5402 ut
730 5348 1002 5404 videlicet
1031 5353 1089 5404 et
1120 5348 1229 5404 hoc
1260 5347 1506 5421 Nysseni
1560 5347 1821 5419 Gregorii
1875 5348 1977 5402 Pa-

326 5438 437 5494 tris
489 5439 737 5501 dictum,
783 5436 839 5490 in
873 5454 986 5506 quo
1019 5438 1251 5493 divisim
1306 5438 1377 5493 de
1436 5437 1703 5510 personis
1763 5437 1978 5493 divinis

325 5528 522 5600 agitur
551 5528 646 5584 his
676 5526 867 5581 verbis
897 5544 909 5580 :
940 5548 967 5575 ‹‹
1001 5524 1073 5581 Ut
1104 5527 1265 5581 illam
1316 5526 1553 5598 quidem
1582 5543 1821 5583 causam
1849 5544 1977 5582 cre-

324 5617 557 5688 damus,
608 5618 760 5672 hanc
810 5619 1006 5670 autem
1056 5630 1124 5669 ex
1156 5632 1335 5671 causa
1361 5634 1569 5673 rursus
1602 5616 1776 5672 aliam
1812 5616 1976 5671 diffe-

396 5788 412 5826 ¹
447 5793 586 5849 Gen.
623 5812 699 5856 ιν.
734 5796 781 5849 1.
862 5795 882 5830 ²
913 5793 1098 5850 Galat.
1134 5813 1207 5863 1v,
1242 5794 1294 5849 4.

2097 4724 2555 4795 quumjusserit
2585 4723 2819 4779 sublato
2861 4724 3034 4796 pallio
3084 4725 3455 4796 procinctum
3515 4727 3583 4781 ad
3642 4729 3762 4784 iter

2097 4812 2209 4867 sibi
2270 4813 2477 4868 adesse
2525 4818 2807 4884 tanquam
2868 4814 2927 4867 in
2985 4814 3259 4869 exsilium
3314 4814 3415 4870 tali
3467 4816 3539 4870 de
3568 4832 3764 4874 causa

2095 4918 2231 4957 mox
2314 4908 2518 4975 parato
2596 4903 2905 4974 proﬁcisci.
2969 4903 3326 4959 Moderatius
3386 4921 3450 4960 se
3507 4908 3765 4977 gerebat

2094 4991 2423 5062 Ephesinus
2479 4992 2855 5063 imperatoris
2914 4998 3205 5064 respectu,
3265 4995 3421 5065 apud
3474 5011 3650 5065 quem
3686 5013 3758 5052 se

2093 5080 2435 5152 providebat
2466 5080 2853 5152 offensurum,
2895 5082 2943 5136 si
2975 5080 3275 5137 videretur
3304 5082 3664 5139 offendicula
3695 5090 3763 5140 et

2092 5170 2399 5225 turbarum
2456 5184 2667 5225 causas
2717 5170 2790 5225 iis
2822 5170 3074 5242 objicere
3123 5171 3223 5242 qui
3274 5171 3426 5227 bona
3459 5171 3571 5227 ﬁde
3604 5189 3755 5229 con-

2089 5260 2279 5316 ventis
2337 5260 2812 5330 acquiescebant.
2871 5259 3235 5332 Ringebatur
3283 5264 3480 5317 tamen
3532 5266 3589 5316 et
3621 5261 3761 5334 ipse

2091 5349 2345 5421 penitus,
2387 5347 2689 5420 zegerrime
2736 5365 2871 5404 cum
2920 5350 3046 5405 suis
3099 5350 3292 5405 ferens
3342 5366 3469 5421 quae
3502 5367 3536 5406 a
3566 5352 3759 5409 Vecco

2091 5439 2455 5511 agebantur;
2510 5438 2949 5509 apparebatque
2992 5455 3111 5495 non
3157 5438 3533 5497 dubitaturos
3583 5439 3761 5513 ipsos

2090 5527 2312 5595 conari,
2345 5527 2395 5582 si
2428 5530 2687 5599 possent,
2721 5526 3104 5583 clandestinis
3137 5528 3363 5584 artibus
3393 5528 3563 5584 illum
3590 5546 3624 5585 a
3653 5548 3757 5588 se-

2090 5616 2160 5672 dc
2190 5616 2564 5686 palriarcbali
2598 5632 2886 5672 amovere.
