4080 6390
360 390 468 444 947

1674 383 1976 439 GEORGII
2015 381 2477 437 PACHYMBRB

3690 373 3811 427 948

365 511 529 584 ἄλλῳ
576 511 655 581 τῷ
716 505 996 584 μαρτυρίῳ
1053 507 1089 575 ἢ
1146 509 1226 575 τῷ
1282 507 1582 578 κατορθοῦν
1632 504 1719 557 καὶ
1784 501 1886 557 ὑπὸ
1917 507 2097 571 τοῦΑ
2131 506 2347 576 συχνῶς
2397 498 2776 576 προσεδρεύειν
2832 504 3118 573 συνήθειαν
3187 500 3386 576 ᾐτιᾶτο
3430 499 3521 553 καὶ
3580 498 3646 551 τὸ
3715 496 3814 551 ἐπὶ

364 602 501 657 λαοῦ
535 598 869 670 δοξάζεσθαι.
902 598 1001 651 ἾΙν
1051 593 1109 648 δὲ
1167 594 1257 647 καὶ
1314 593 1375 647 τὸ
1405 595 1502 660 τὴν
1536 592 1767 665 ὑποψίαν
1802 592 2016 647 ἐκκαῖον

363 693 391 745 ὁ
425 690 598 752 Κότυς
630 687 906 759 Θεόδωρος
943 684 1187 757 μοναχὸς
1232 682 1397 753 μόνος
1434 681 1587 753 μόνῳ
1617 683 1753 735 κατὰ
1804 680 2018 755 σχολὴν

362 780 579 853 ἡμέρας
612 774 882 836 πολλάκις
929 774 1018 827 καὶ
1070 773 1259 834 νυκτὸς
1313 771 1722 845 συγγινόμενος.
1757 772 1932 832 Οὗτος
1966 768 2024 824 δὲ

365 868 393 920 ὁ
428 867 596 927 Κότυς
627 866 693 931 ἦν
727 862 785 924 ὅς
814 859 880 930 δὴ
914 858 1085 914 πάλαι
1121 860 1214 933 μὲν
1264 864 1438 913 τελῶν
1474 858 1526 913 ἰν
1558 864 1675 921 τοῖς
1704 864 2021 929 κοσμικοῖς,

362 956 464 1022 τήν
519 954 655 1008 κατὰ
701 951 896 1005 τούτου
949 947 1006 1003 δὲ
1052 954 1150 1003 τοῦ
1198 948 1322 1003 τότε
1374 951 1615 1023 μεγάλου
1649 946 2022 1001 κονοσταύλου

366 1049 555 1118 πεῖραν
612 1040 940 1111 πυθόμενος,
1004 1038 1077 1098 ὡς
1139 1037 1395 1113 βασιλεὺς
1464 1036 1762 1113 ἐκτυφλοῦν
1823 1036 2022 1091 ἐκεῖνον

372 1130 653 1200 ἐϐούλετο,
704 1128 875 1183 ἐλθὼν
927 1125 1328 1201 προσαγγέλλει
1379 1125 1516 1181 κατὰ
1563 1123 1752 1202 φιλίαν
1799 1125 1887 1179 καὶ
1931 1124 2022 1179 σὺν

366 1222 559 1292 ἐκείνῳ
614 1219 699 1275 ἐπὶ
765 1214 1031 1291 Περαίδος
1090 1214 1411 1286 αὐτομολεῖ.
1468 1219 1555 1285 Τῷ
1610 1219 1739 1289 γοῦν
1792 1214 2025 1286 κάκείνῳ

364 1311 487 1367 τότε
535 1307 888 1383 βασιλειῶντι
947 1309 1195 1369 τοιαῦτα,
1258 1305 1331 1365 ὡς
1393 1304 1568 1375 οἶμαι,
1622 1303 1819 1377 Αὲγειν,
1853 1304 1941 1356 καὶ
1974 1304 2024 1356 οἱ

369 1399 530 1473 λόγοι
584 1390 941 1469 προῦϐαινον,
997 1394 1141 1447 τοῦτ’
1195 1393 1261 1460 ἦν
1318 1391 1379 1446 τὸ
1438 1392 1528 1446 καὶ
1584 1393 1686 1460 τὴν
1744 1393 1879 1447 κατὰ
1929 1396 2025 1446 τοῦ

369 1489 625 1545 Ἰωάννου
676 1483 913 1556 ὑποψίαν
970 1478 1246 1557 βεϐαιοῦν,
1301 1483 1376 1543 ὡς
1425 1478 1638 1543 εἰδότος
1688 1481 1893 1537 ἐκείνου
1936 1481 2025 1535 καὶ

376 1572 452 1632 ἔτι
483 1575 672 1631 πλέον.
720 1574 946 1645 [Ιέμψας
1002 1575 1130 1645 γοῦν
1189 1574 1307 1643 αγει
1365 1571 1633 1626 κάκεῖνον,
1672 1572 1749 1627 Τὸ
1778 1575 1907 1645 γοῦν
1937 1592 2027 1625 κι-

366 1668 635 1738 νούμενον
669 1667 963 1734 προφανῶς
994 1657 1249 1737 ἔγκλημα
1300 1661 1365 1729 ἦν
1401 1661 1475 1722 ὡς
1503 1663 1907 1734 κακηγορήσειε
1934 1661 2025 1714 τὸν

368 1753 903 1832 πορφυρογέννητον,
953 1751 1044 1804 καὶ
1097 1750 1171 1812 ὡς
1218 1746 1406 1818 ἐπειδή
1464 1750 1717 1826 βασιλεὺς
1755 1751 2029 1826 προστάσ-

372 1865 482 1897 σων
513 1842 716 1897 ἐκεῖνον
776 1840 862 1894 ἐπὶ
926 1838 1129 1914 Πέρσας
1190 1838 1442 1916 ἐφώρμα,
1475 1841 1503 1893 ὁ
1536 1836 1593 1894 δὲ
1639 1838 2026 1915 κατειρωνευό-

375 1953 538 2005 μενος
580 1936 689 1986 τῶν
748 1930 1163 2001 ἐπεσταλμένων
1218 1928 1437 1999 λέξειεν,
1484 1929 1560 1990 ὡς
1612 1927 1852 1992 Ἐλθὲτω
1878 1950 2023 2003 πορ-

375 2023 779 2100 φυρογεννητος
827 2016 1153 2079 ἀποσταλεὶς
1206 2018 1286 2093 ἐφ’
1317 2018 1362 2088 ᾦ
1392 2018 1725 2093 κατορθώσει
1755 2020 1816 2072 τὸ
1855 2039 2028 2093 προσ-

375 2111 728 2182 ταττόμενον.
761 2109 839 2164 Τὸ
890 2111 1017 2180 γοῦν
1065 2110 1341 2179 προῦπτον
1390 2109 1534 2161 τοῦτ’
1568 2106 1659 2178 ἦν,
1692 2108 1721 2161 ὃ
1754 2105 1811 2161 δὲ
1840 2108 2032 2170 νυκτὸς

379 2200 579 2269 ἐζήτει,
624 2198 817 2265 ἐκεῖνο,
865 2200 933 2267 τῇ
997 2196 1202 2267 ὑποψίᾳ
1261 2196 1782 2270 συνταραττόμενος.
1832 2197 2033 2251 Κάπει-

382 2287 447 2357 δὴ
479 2286 578 2341 οὑκ
606 2288 670 2354 ἦν
702 2284 1027 2353 δείκνυσθαι,
1074 2284 1166 2337 τὸν
1218 2284 1410 2356 Κότυν,
1464 2284 1506 2337 εἰ
1566 2286 1641 2356 μή
1696 2285 2029 2360 ὁμολογοίη,

382 2379 467 2449 [Ρ.
499 2377 624 2447 332]
658 2372 806 2429 δεινὰ
851 2371 1067 2443 ἠπείλει
1116 2378 1316 2444 ποιεῖν,
1349 2374 1437 2427 καὶ
1467 2375 1566 2442 τήν
1599 2376 1805 2448 συχνὴν
1833 2396 2033 2451 προσε-

383 2461 535 2541 δρίαν
590 2463 641 2525 ἐς
700 2464 781 2517 ὅτι
847 2460 1085 2534 μάλιστα
1143 2460 1461 2536 ἀνακρίνων.
1543 2465 1599 2516 Ὀ
1668 2462 1725 2518 δὲ
1779 2469 1876 2519 τοῦ
1939 2465 2034 2538 μὶν

385 2686 474 2737 cte
507 2697 642 2737 cum
673 2681 900 2737 Joanne
940 2696 1241 2735 sermones
1275 2680 1686 2737 habuisse.Hic
1710 2683 1880 2753 Cotys
1903 2686 2040 2736 ante

386 2771 776 2827 monasticam
809 2769 1260 2841 professionem,
1293 2770 1593 2827 saacularis
1623 2771 1837 2841 adhuc,
1893 2771 2038 2827 olim

384 2860 524 2916 huic
554 2859 667 2931 ipsi
700 2876 857 2915 nunc
890 2859 1227 2930 imperanti,
1261 2864 1399 2915 tunc
1422 2877 1636 2932 magno
1670 2862 2037 2933 nonostaulo,

386 2948 700 3004 consilium
753 2947 1124 3018 imperatoris
1183 2964 1467 3004 exerceare
1522 2949 1719 3019 ipsum
1776 2951 2039 3021 parantis

388 3038 575 3094 amice
602 3036 980 3103 indicavemt,
1014 3042 1332 3108 auctorque
1364 3038 1551 3093 fuerat
1600 3051 1664 3091 ut
1721 3040 1947 3110 fugeret
1979 3039 2038 3093 in

390 3126 837 3196 Persidem,quo
868 3128 926 3179 et
957 3125 1150 3195 ipsum
1184 3132 1307 3181 erat
1340 3127 1673 3182 comitatus.
1720 3127 1865 3190 Quia
1906 3143 2038 3184 vero

2132 590 2327 666 ῥητοῖς
2374 596 2685 668 συμφωνεῖν
2733 592 2834 659 τὴν
2880 596 2976 645 τοῦ
3027 590 3288 667 σφετέρου
3335 590 3624 663 κτήματος
3655 592 3819 662 πρᾶ-

2131 700 2213 732 σιν
2274 680 2354 749 (τὸ
2416 676 2461 733 δ’
2519 680 2585 747 ἧν
2644 681 2678 749 ἡ
2739 678 2936 753 Βρῦσις
2992 687 3092 749 τῆς
3143 679 3362 756 Γραίας,
3424 677 3483 731 ἐκ
3540 675 3812 751 πατέρων

2129 766 2318 839 ἐκείνῳ
2361 766 2836 842 προσκληρωθὶν),
2886 768 2948 823 τὸ
3009 766 3066 823 δὲ
3125 768 3250 841 περὶ
3301 763 3575 840 διαδοχῆς
3638 766 3817 839 βασι-

2110 854 2283 917 λείας
2344 854 2541 911 εἷδὲναι
2600 855 2717 911 ἴσον
2774 858 2939 922 ἐτίθει
2991 858 3082 912 καὶ
3139 857 3265 931 περὶ
3324 860 3431 910 τῶν
3484 852 3819 911 ἀντιπόδων

2133 943 2586 1019 διισχυρίζεσθαι.
2631 946 2705 1001 Τὰ
2753 944 2809 1000 δὲ
2848 946 3023 1021 λέγων
3076 945 3175 1000 οὐκ
3228 941 3459 1008 ἔπειθεν.
3495 938 3821 999 Ἐϐούλετο

2134 1034 2181 1089 δ’
2212 1035 2425 1110 ἐρευνᾷν
2466 1036 2555 1089 καὶ
2603 1036 2671 1089 τὰ
2711 1036 2848 1090 κατὰ
2894 1037 2986 1089 τόν
3040 1035 3222 1111 ἰατρὸν
3273 1031 3601 1109 Περδίκκαν,
3638 1032 3732 1111 ἔφ’
3773 1033 3822 1103 ᾧ

2131 1146 2182 1178 τι
2221 1130 2408 1195 μαθεῖν
2442 1126 2569 1197 παρ’
2618 1124 2822 1179 ἐκείνου
2870 1130 2977 1179 τῶν
3029 1127 3146 1179 καθ’
3182 1123 3421 1197 ὑποψίαν
3454 1124 3571 1176 κατ’
3608 1123 3821 1176 Ἰωάν-

2132 1235 2251 1282 νου,
2284 1216 2359 1276 ὼς
2387 1215 2514 1288 παρ’
2563 1214 2762 1271 ἐκεῖνον
2816 1214 3211 1289 σχολάζοντος,
3258 1218 3348 1285 Τῷ
3393 1233 3479 1267 τοι
3512 1211 3604 1266 καὶ
3639 1210 3821 1266 αὐτὸν

2139 1305 2231 1375 μὲν
2292 1302 2563 1375 φυλακαῖς
2624 1301 2826 1373 ὲδιδου,
2884 1304 2977 1357 τὸν
3044 1301 3101 1357 δὲ
3160 1302 3328 1357 Κότυν
3390 1306 3508 1361 τοῖς
3566 1299 3824 1361 Κελτοῖς

2134 1390 2409 1467 παραδοὺς
2466 1393 2816 1465 κρεμαννύειν
2876 1393 2964 1447 καὶ
3037 1391 3242 1461 ἐτάζειν
3304 1390 3574 1446 ἐκέλευεν.
3635 1391 3698 1444 Ὀ
3773 1388 3806 1443 δ

2136 1481 2235 1536 οὐκ
2291 1478 2425 1555 ἔφθη
2490 1479 2683 1549 δεθεὶς,
2738 1482 2829 1535 καὶ
2885 1486 2964 1552 τῷ
3023 1476 3180 1556 φόϐῳ
3230 1478 3643 1553 διαπεφώνηκε,
3706 1480 3811 1533 καὶ

2136 1570 2336 1645 φόρτος
2396 1569 2629 1631 ἐλεεινὸς
2687 1571 2867 1644 ἀρθεὶς
2925 1568 3154 1624 πολλῶν
3215 1564 3535 1644 βλεπόντων
3737 1572 3819 1644 γῇ

2135 1657 2480 1734 παρεδίδοτο.
2517 1660 2774 1729 Ἰωάννην
2832 1657 2889 1713 δὲ
2944 1658 3037 1713 καὶ
3087 1658 3261 1720 οὕτως
3305 1658 3553 1735 ἀφαιρῶν
3594 1658 3824 1730 ἠτίμου

2133 1750 2231 1817 τὴν
2295 1749 2379 1803 ἐπὶ
2434 1756 2534 1818 τῆς
2594 1746 2840 1826 κεφαλῆς
2896 1747 3211 1824 καλύπτραν
3283 1754 3604 1822 μεγιστᾶσιν
3641 1746 3822 1802 οὖσαν

2139 1838 2309 1909 ἀξίαν,
2360 1840 2479 1897 καθ’
2526 1838 2591 1907 ἤν
2644 1836 2803 1911 ἐτίμα
2844 1839 2908 1892 τὸ
2956 1837 3242 1912 πρότερον.
3299 1837 3432 1893 Εἶτα
3480 1834 3539 1891 δέ
3586 1858 3653 1912 γε
3715 1838 3825 1891 καὶ

2134 1933 2213 1999 τῷ
2254 1926 2739 2000 παρακοιμωμὲνῳ
2809 1924 3108 2001 βασιλεικῷ
3177 1925 3510 2001 ἐγχειρίσας,
3564 1927 3828 2001 προνοίᾳ

2136 2021 2234 2075 τοῦ
2280 2015 2463 2071 λαθεῖν
2514 2015 2713 2071 ἐκεῖνον
2754 2014 3005 2086 παντοίᾳ,
3057 2014 3133 2077 εἷς
3184 2014 3485 2090 Λαματρύα
3534 2014 3827 2085 ἰξεληλα-

2140 2107 2271 2159 κότα
2299 2104 2597 2181 ἐκτυφλοῦν
2629 2104 2861 2172 κελεύει,
2893 2102 3082 2159 πολλὰ
3134 2103 3396 2179 πρότερον
3437 2108 3534 2158 τοῦ
3566 2102 3827 2178 Μιχαὴλ

2142 2192 2404 2249 δεσπότου
2433 2195 2520 2248 καὶ
2554 2191 2897 2271 αύταδέλφου
2940 2193 3318 2255 Λιτανεύοντος
3355 2194 3449 2266 μὲν
3482 2189 3827 2261 δέσποιναν,

2144 2282 2522 2345 λιτανεύοντας
2582 2282 2639 2338 δὲ
2693 2285 3038 2360 πατριάρχας
3089 2302 3148 2338 τε
3204 2284 3295 2337 καὶ
3357 2283 3441 2343 οἷς
3500 2282 3529 2337 ὁ
3587 2286 3827 2356 κρατῶν

2144 2372 2579 2449 ἐπληροφορεῖτο
2637 2378 3031 2446 πνευματικοῖς
3089 2370 3363 2448 ἀνδράσιν,
3432 2370 3514 2447 ἐφ’
3593 2372 3642 2443 ᾧ
3712 2372 3826 2439 τήν

2144 2464 2340 2531 ποινὴν
2369 2464 2622 2539 ἀργῆσαι.
2656 2461 2813 2520 Ἀλλ’
2866 2462 2965 2519 ούκ
3012 2456 3225 2519 ἔπειθον
3283 2458 3695 2523 λιτανεύοντες.
3726 2461 3830 2523 Ὣς

2148 2681 2498 2752 negotium:
2559 2684 2871 2735 tractatam
2932 2679 3088 2735 enim
3146 2678 3299 2733 inter
3356 2677 3563 2734 ambos
3627 2678 3833 2736 fuisse

2146 2769 2544 2826 venditionem
2576 2769 2722 2840 agri,
2756 2769 2859 2839 qui
2890 2769 3053 2840 Cotyi
3094 2766 3431 2825 inmeditate
3460 2783 3494 2821 a
3554 2768 3829 2837 parenti-

2148 2860 2260 2913 bus
2291 2859 2605 2913 obvenerat
2636 2863 2693 2911 et
2722 2858 2872 2912 Fons
2913 2856 3118 2914 vetulas
3164 2857 3501 2911 vocabatur.
3534 2855 3617 2910 De
3678 2873 3826 2911 suc-

2149 2948 2411 3004 cessione
2467 2952 2662 3003 autem
2731 2948 2789 3003 in
2843 2946 3201 3019 imperium,
3261 2944 3828 3003 asseverantissime

2150 3037 2485 3092 affirmabat
2516 3036 2668 3093 haud
2728 3037 2917 3108 magis
2982 3034 3327 3093 meminisse
3385 3039 3489 3090 aut
3536 3034 3693 3090 scire
3755 3053 3825 3091 se

2151 3131 2475 3203 quidquam
2509 3135 2635 3185 tum
2668 3128 2754 3184 vel
2786 3128 2977 3200 prima
3010 3125 3305 3182 mentione
3334 3128 3582 3192 motum,
3629 3142 3823 3195 quam

390 3216 505 3272 sibi
564 3220 704 3270 tunc
758 3214 1072 3285 imperium
1131 3216 1356 3287 optanti
1424 3217 1570 3271 forte
1627 3218 2041 3273 recordabatur
2071 3218 2113 3283 C
2155 3221 2225 3275 de
2256 3220 2431 3275 rebus
2463 3218 2846 3290 Antipodum.
2884 3217 2982 3273 [iis
3012 3216 3333 3287 imperator
3372 3213 3529 3269 haud
3565 3228 3825 3284 persua-

392 3304 731 3377 przedictam
766 3304 837 3359 ab
860 3320 949 3372 eo,
1010 3321 1113 3360 nec
1169 3305 1335 3369 falso,
1393 3311 1459 3360 ut
1513 3311 1719 3361 eventa
1749 3312 2038 3377 monstra-

391 3398 552 3458 runt,
586 3393 925 3448 felicitatem
960 3394 1159 3456 istam,
1192 3393 1309 3447 tale
1340 3394 1534 3462 ipsum
1580 3410 1811 3463 quoque
1870 3396 2041 3465 quid-

392 3483 550 3555 piam
582 3486 871 3537 tractasse
902 3498 1029 3537 cam
1059 3482 1286 3536 Joanne
1318 3488 1375 3535 et
1426 3483 1533 3536 hoc
1581 3499 1929 3538 arcanarum
1963 3486 2046 3539 in-

393 3576 485 3627 ter
515 3587 614 3627 eos
647 3575 1067 3641 argumentum
1100 3570 1281 3624 fuisse
1338 3571 1793 3626 collocutionum
1843 3574 2044 3644 opina-

390 3660 585 3715 batur.
620 3659 767 3729 Ergo
818 3662 875 3713 et
913 3658 1092 3726 Cotyn
1152 3659 1569 3729 comprehendi
1629 3660 1877 3732 sistique
1934 3662 2047 3718 sibi

395 3747 659 3803 mandat.
693 3749 754 3802 In
786 3749 1065 3801 Joannem
1104 3764 1274 3817 porro
1316 3749 1471 3819 quod
1522 3749 1753 3820 publice
1777 3752 2047 3821 jactaba-

394 3840 492 3890 tur
522 3834 744 3890 crimen
778 3839 903 3890 erat
926 3835 1075 3891 male
1098 3836 1266 3892 illum
1317 3837 1468 3893 486
1528 3839 1598 3893 de
1648 3841 2046 3913 Porphyroge-

397 3925 521 3981 nito
552 3924 835 3980 locutum.
872 3926 1157 3981 Ferebant
1186 3928 1365 3997 enim,
1402 3946 1535 3984 cum
1570 3931 1642 3985 ab
1702 3932 2050 4001 imperatore

395 4014 742 4068 mandatum
776 4014 987 4069 fuisset
1015 4015 1227 4070 Joanni
1276 4017 1568 4088 perlatum
1630 4019 1848 4075 bellum
1902 4022 2052 4077 infe-

396 4103 563 4159 rendi
593 4103 803 4171 Persis,
830 4104 1048 4159 dixisse
1079 4104 1249 4160 illum
1305 4124 1420 4163 non
1478 4108 1606 4164 sine
1637 4110 1855 4165 ironico
1913 4126 2052 4166 acu-

389 4191 499 4249 leo:
526 4192 786 4247 «Veniat
818 4194 1000 4262 patris
1047 4196 1234 4250 missu
1293 4195 1854 4269 Porphyrogenitus,
1914 4216 2051 4269 pro-

398 4297 566 4352 spere
604 4280 831 4337 scilicet
859 4291 1241 4339 exsecuturus
1287 4286 1575 4357 quidquid
1634 4287 1995 4360 injungetur.
2025 4308 2049 4339 ι)

394 4376 477 4425 Ac
503 4371 575 4425 de
606 4369 716 4425 hoc
748 4370 987 4439 quidem
1021 4370 1149 4426 luce
1182 4371 1374 4442 palam
1407 4374 1664 4429 Joannes
1724 4375 2051 4449 interroga-

398 4460 592 4516 batur.
625 4457 754 4512 Alia
787 4458 1204 4515 instituebatur
1238 4462 1307 4516 de
1339 4464 1542 4518 eodem
1576 4470 1866 4521 nocturna
1896 4482 2053 4537 quaa-

2150 3325 2254 3364 eus
2285 3307 2584 3379 explorare
2644 3310 2922 3377 praeterea
2978 3303 3163 3359 voluit
3219 3302 3513 3358 medicum
3575 3300 3828 3359 Perdic-

2150 3414 2302 3464 cam,
2343 3402 2690 3468 experturus
2745 3394 2954 3465 ecquid
3014 3393 3087 3449 ab
3136 3408 3224 3461 eo,
3286 3408 3462 3461 quem
3511 3396 3571 3447 et
3601 3391 3816 3462 ipsum

2152 3492 2447 3542 constaret
2477 3486 2577 3557 qui
2600 3486 2755 3555 apud
2786 3486 3071 3540 Joannem
3123 3484 3576 3545 commoratum,
3610 3486 3823 3550 posset

2151 3576 2435 3648 expiscari
2459 3593 2573 3647 quo
2605 3576 3012 3630 adstrueretur
3042 3575 3324 3642 concepta
3380 3570 3667 3641 suspicio.
3699 3571 3823 3641 lgi-

2153 3673 2251 3722 tur
2276 3671 2335 3721 et
2365 3666 2514 3721 hunc
2545 3664 2697 3721 tradi
2730 3662 3007 3719 custodiae
3040 3660 3333 3732 pnecepit.
3364 3664 3547 3731 Cotyn
3611 3665 3821 3717 autem

2153 3755 2329 3811 Celtis
2364 3755 2607 3810 tradidit
2636 3752 3121 3825 suspendendum
3154 3754 3213 3806 et
3242 3748 3387 3805 diris
3444 3748 3819 3820 adigendum

2154 3845 2512 3900 cruciatibus
2544 3844 2612 3897 ad
2650 3841 2949 3912 prodenda
2979 3856 3110 3911 qua:
3149 3838 3384 3894 celaret.
3415 3840 3487 3892 At
3542 3836 3642 3891 ille
3675 3853 3818 3893 cum

2157 3934 2439 4005 ligaretur
2467 3934 2539 3988 ad
2571 3932 2982 4003 suspendium,
3009 3929 3383 3985 exanimatus
3418 3930 3578 3981 metu
3614 3927 3820 3983 conci-

2155 4023 2279 4089 dit;
2320 4028 2377 4078 et
2436 4024 2667 4093 pondus
2720 4018 3057 4076 miserabile
3089 4016 3362 4074 sublatus
3395 4014 3545 4071 487
3604 4016 3821 4072 multis

2155 4112 2530 4167 cernentibus
2561 4116 2730 4165 terra;
2763 4109 3074 4164 mandatus
3096 4106 3341 4163 est.Nec
3367 4109 3568 4161 tamen
3595 4104 3820 4161 Joanni

2158 4202 2377 4273 profuit
2405 4201 2711 4271 desperata
2740 4199 2874 4253 inde
2906 4195 3208 4252 convictio.
3239 4195 3373 4250 Jam
3432 4196 3573 4247 tunc
3630 4194 3820 4260 enim,

2156 4292 2228 4346 ad
2291 4290 2588 4360 quoddam
2642 4286 3076 4358 praeiudicium,
3138 4282 3562 4339 dehonestatus
3625 4282 3677 4337 is
3730 4290 3823 4340 est

2158 4378 2349 4434 ablato
2374 4378 2584 4450 capitis
2618 4374 2895 4447 tegmine,
2923 4375 3080 4445 quod
3114 4372 3346 4444 insigne
3385 4371 3704 4443 praecipuae
3735 4373 3820 4427 di-

2158 4468 2399 4541 gnitatis
2446 4467 2587 4522 viris
2641 4465 3038 4521 summatibus
3095 4461 3333 4519 concedi
3392 4460 3636 4517 solitum
3699 4461 3817 4533 ipsi

397 4548 531 4641 stic,
563 4564 678 4617 qua
709 4548 1109 4603 curiosissime
1140 4550 1533 4622 indagabatur
1577 4554 1783 4625 ecquid
1811 4556 2051 4610 extundi
2083 4578 2131 4641 Β
2162 4558 2325 4628 prius
2348 4557 2636 4612 tribuerat
2666 4558 2999 4627 imperator.
3036 4552 3145 4618 Qui
3167 4560 3221 4607 et
3250 4550 3448 4606 statim
3480 4549 3622 4606 inde
3667 4568 3813 4621 prae-

396 4637 745 4707 conjecturaa
773 4641 993 4707 posset,
1025 4654 1153 4709 qua:
1185 4640 1581 4711 suspicionem
1615 4644 1868 4700 maxime
1909 4649 2050 4700 tunc

396 4726 825 4797 inquietantem
886 4726 1168 4799 principis
1199 4728 1459 4785 animum
1494 4732 1699 4787 ambiti
1744 4750 1778 4789 a
1825 4738 2050 4790 Joanne

398 4815 629 4887 imperii
663 4814 982 4871 roboraret.
1016 4816 1163 4879 Quia
1194 4834 1327 4873 vero
1358 4820 1623 4875 convinci
1666 4821 1823 4877 haud
1883 4824 2053 4879 aliter

399 4906 527 4974 ejus
558 4904 825 4959 criminis
846 4904 1102 4961 Joannes
1133 4923 1309 4976 quam
1342 4907 1513 4981 Cotys
1551 4911 1887 4968 testimonio
1950 4930 2049 4985 po-

400 4997 572 5057 terat,
606 4994 763 5048 bunc
796 4993 1116 5064 imperator
1145 4996 1422 5066 gravibus
1469 4999 1713 5070 urgebat
1768 5001 1946 5056 minis
1978 5003 2047 5057 ad

400 5081 704 5136 fatendum
740 5076 895 5152 q'uod
928 5099 1019 5138 res
1051 5090 1198 5149 erat,
1230 5086 1631 5157 subjecturum
1665 5105 1747 5157 se,
1809 5092 1867 5144 ni
1900 5092 2049 5147 face-

402 5173 511 5234 ret,
547 5170 846 5225 acerrimis
878 5188 1011 5226 eum
1057 5175 1363 5230 tormentis
1410 5176 1786 5247 denuntians,
1836 5184 1894 5234 et
1920 5179 2049 5234 nul-

402 5258 525 5313 lum
571 5260 748 5314 ﬁnem
806 5261 1024 5317 faciens
1082 5264 1512 5323 instantissime
1571 5271 1865 5338 quaerendi
1908 5272 2049 5342 quid

400 5348 638 5404 tandem
666 5348 857 5418 longis
887 5349 1005 5406 illis
1036 5354 1411 5426 assiduisque
1457 5374 1591 5412 cum
1648 5358 1871 5415 Joanne
1928 5378 2050 5417 ser-

405 5439 684 5496 monibus
715 5441 949 5508 egisset.
972 5443 1053 5497 Ad
1087 5460 1153 5497 ea
1173 5445 1365 5517 Cotys,
1396 5451 1546 5519 quod
1582 5451 1859 5508 assiduus
1894 5455 2049 5524 apud

400 5529 688 5584 Joannem
723 5528 931 5581 fuisset
953 5533 1223 5599 quodque
1253 5534 1446 5603 ipsum
1470 5538 1806 5609 frequenter
1835 5541 2049 5598 allocu-

402 5624 521 5688 tus,
554 5636 793 5674 causam
831 5618 1037 5673 fuisset
1066 5621 1296 5678 dicebat
1311 5627 1583 5684 coalitam
1616 5631 1769 5687 inter
1801 5633 1962 5704 ipsos
1984 5651 2052 5689 ex

406 5708 665 5763 amicitia
719 5705 1213 5765 familiaritatem.
1274 5716 1660 5774 Intervenisse
1725 5720 2047 5791 quinetiam

2161 4649 2307 4703 tecto
2338 4646 2582 4717 Augusti
2616 4643 2869 4700 cubiculi
2896 4643 3182 4698 Joannem
3240 4640 3512 4696 eumdem
3570 4638 3810 4695 tradidit

2162 4738 2571 4793 abducendum
2605 4736 2917 4805 Damatrya
2947 4732 3147 4803 ibique
3178 4729 3616 4796 excmcandum,
3649 4745 3814 4785 com—

2162 4828 2437 4882 mendato
2470 4826 2633 4898 prius
2665 4828 2731 4878 ut
2760 4822 2915 4893 quod
2940 4822 3057 4876 illic
3115 4820 3381 4876 facturus
3410 4824 3588 4887 esset,
3631 4834 3813 4889 quam

2160 4916 2501 4971 cautissime
2531 4920 2654 4970 toto
2686 4914 2894 4968 itinere
2933 4908 3355 4966 dissimularet.
3390 4908 3451 4965 Id
3493 4910 3819 4976 antequam

2161 5005 2519 5061 exsecutioni
2556 5003 2954 5067 mandaretur,
2990 4996 3240 5056 Michael
3297 4997 3542 5067 despota
3583 4995 3819 5051 instan-

2162 5095 2389 5149 tissime
2412 5094 2598 5148 oravit
2647 5096 2712 5145 ut
2764 5088 2927 5145 fratri
2961 5094 3080 5145 tam
3130 5087 3241 5143 diri
3303 5083 3579 5157 supplicii
3625 5084 3821 5155 gratia

2162 5184 2346 5239 fleret.
2379 5182 2638 5239 Ambivit
2666 5182 2738 5235 ad
2770 5179 2877 5235 hoc
2901 5178 3172 5250 precibus
3206 5175 3429 5235 infimis
3461 5176 3817 5245 Augustam,

2162 5274 2405 5329 ambivit
2439 5270 2800 5344 patriarchas
2847 5273 3100 5323 veterem
3134 5272 3191 5323 et
3240 5281 3476 5331 novum,
3528 5280 3594 5318 ac
3636 5280 3817 5335 quos-

2162 5362 2743 5434 cunqueintelligere
2776 5359 2963 5431 potuit
3010 5357 3163 5428 apud
3216 5353 3539 5425 principem
3590 5351 3818 5423 aliquid

2161 5454 2218 5507 in
2254 5452 2661 5524 persuadendo
2702 5448 2911 5514 valere,
2968 5443 3299 5502 sanctitatis
3331 5441 3607 5513 Opinione
3662 5457 3820 5497 com-

2164 5544 2471 5597 mendatos
2499 5540 2675 5594 viros.
2708 5543 2819 5592 Nec
2843 5536 2925 5589 illi
2956 5539 3058 5589 aut
3088 5535 3486 5589 detrectarunt
3526 5531 3816 5599 ofﬁcium,

2162 5637 2259 5686 aut
2290 5648 2356 5686 eo
2379 5630 2636 5702 segniter
2668 5626 2853 5682 functi
2885 5631 3042 5680 sunt.
3097 5624 3383 5679 Caeterum
3445 5624 3816 5691 quantocun-

2159 5740 2272 5795 que
2302 5727 2543 5795 agerent
2569 5720 2789 5788 studio,
2822 5717 2967 5773 nihil
2996 5716 3169 5789 plane
3198 5715 3614 5786 impetrarunt.
3662 5711 3811 5770 Cum
