4080 6416
364 364 473 420 949

1433 368 1524 419 DE
1561 365 1930 421 MICHAELE
1969 364 2419 422 PALEOLOGO
2453 369 2587 421 LIB.
2632 369 2729 422 VI.

3693 377 3805 432 950

360 487 407 543 δ’
440 490 572 565 ἠγῆ
608 483 956 561 μεσημϐρίας
1004 486 1207 544 ἐσείετο
1251 488 1371 561 μεθ’
1418 488 1652 561 ἡμέραν,
1774 482 2019 575 mpetu.
2051 488 2102 554 Α
2136 482 2238 575 ἄρα
2294 489 2328 556 ἡ
2388 489 2683 561 ὁμωνυμία
2730 490 2793 546 τὸ
2850 493 3149 566 μάντευμα·
3207 494 3411 559 ἐκεῖνος
3471 498 3563 569 μὲν
3597 501 3701 575 γὰρ
3734 496 3802 555 τὸ

361 599 480 649 κας,
514 576 597 632 ὅτι
634 578 801 649 μόνον
832 577 893 632 ού
933 577 995 631 τὸ
1021 578 1121 645 τήν
1173 583 1276 651 γῆν
1332 577 1587 648 σείεσθαι,
1649 572 1796 631 ἀλλὰ
1824 574 1888 629 τὸ
1949 574 2023 645 μὴ

356 666 713 723 καταπίπτειν
789 665 1019 728 ἐκείνοις
1092 668 1153 720 τὸ
1230 662 1357 742 ὄρος
1416 668 1640 721 τοιαῦτα
1696 665 2023 739 πράττουσιν

361 755 517 832 ἔλεγε
568 756 881 826 τεθηπὲναι,
942 762 1143 825 ποινὴν
1197 756 1404 831 ύπὲσχε
1468 756 1568 824 τήν
1626 753 1864 827 ἐκτομὴν
1922 759 2023 821 τῆς

360 846 531 924 ῥινός.
575 846 679 902 Καὶ
731 843 904 908 ἄλλος
934 847 1016 900 ὅτι
1075 845 1239 918 μόνον
1297 845 1500 900 οἰκεῖον
1530 843 1721 916 ἐκείνῳ
1749 840 1918 897 παῖδα
1967 841 2026 897 ἐκ

359 934 601 997 παλαιᾶς
662 935 944 1006 συνηθείας
1006 933 1135 991 ἰδὼν
1195 935 1263 990 τὰ
1295 932 1489 1012 φιλικᾶ
1545 932 2021 1009 προσεπτύσσετο,

366 1025 605 1101 σχισμᾶς
658 1030 764 1080 τῶν
800 1024 1067 1099 ῥωθώνων
1126 1028 1233 1079 τῶν
1294 1022 1564 1079 παιδικῶν
1596 1023 1873 1078 ἀπώνατο.
1925 1024 2022 1093 Τῷ

364 1114 422 1171 δὲ
450 1120 545 1170 τοῦ
577 1112 887 1188 Παχωμίου
947 1112 1205 1189 Γεωργίῳ
1235 1116 1625 1189 γραμματιστῇ
1656 1133 1716 1187 γε
1763 1105 1877 1166 ὄντι
1928 1109 2019 1164 καὶ

361 1202 674 1277 ἐλλογίμω,
705 1201 894 1272 ἐπειδὴ
926 1207 1004 1274 τῷ
1039 1202 1529 1278 Στρατηγοπούλῳ
1559 1199 1796 1275 Μιχαὴλ
1846 1200 2019 1255 συνὼν

358 1294 495 1349 κατὰ
543 1294 644 1361 τήν
696 1293 901 1347 Πόντου
955 1292 1279 1364 Ἡράκλειαν
1327 1290 1530 1364 ὡμίλει
1574 1288 1663 1344 διὰ
1690 1290 1788 1358 τήν
1819 1291 2022 1363 ἡμερι-

360 1384 460 1451 νὴν
516 1381 654 1455 πρὸς
700 1379 860 1436 τᾶηλ’
918 1379 1187 1455 ἀσχολίαν
1248 1381 1442 1441 νυκτὸς
1499 1380 1566 1433 τὰ
1623 1376 1880 1446 πλεῖστα,
1927 1378 2019 1432 καὶ

359 1468 871 1546 προσηγγέλλοντο,
934 1471 1138 1526 ἐκεῖνον
1176 1472 1269 1544 μὶν
1324 1478 1422 1539 τῆς
1470 1470 1799 1544 στρατηγίας
1844 1488 2013 1537 παραυ

359 1562 530 1623 λύσας
588 1561 801 1637 ἀγαγὼν
862 1559 1066 1635 ἔκρινεν
1127 1562 1199 1622 ὡς
1261 1560 1646 1636 βασιλειῶντα,
1702 1563 1783 1630 τῷ
1817 1555 1873 1613 δὲ
1917 1558 2017 1625 τήν

358 1655 458 1707 τοῦ
508 1650 687 1726 λέγειν
714 1650 836 1726 περῖ
868 1649 1076 1705 τούτων
1106 1649 1165 1705 ἔοι
1200 1645 1408 1725 βίϐλων
1443 1646 1604 1718 δῆθεν
1656 1646 1836 1703 εἷ’δότα
1872 1647 2021 1719 βασι-

361 1740 525 1797 λειῶν
569 1737 747 1809 δεινὴν
802 1739 1035 1813 ὑποψίαν
1091 1740 1317 1809 ἀνῆπτε.
1376 1736 1621 1806 Κάπειδὴ
1679 1737 2015 1813 προθέμενος

2142 574 2417 650 μόρσιμον
2477 578 2685 655 φεύγων
2758 578 3049 657 ἐξετύφλου
3106 586 3201 638 τὸν
3257 581 3448 660 ἄνδρα,
3504 588 3566 643 τὸ
3620 574 3681 643 δέ
3734 610 3798 662 γε

2134 665 2270 719 κατὰ
2322 665 2657 723 Μακεδονίαν
2713 673 2812 723 τοῦ
2866 672 3172 746 Παχωμίου
3226 673 3437 749 χωρίον
3499 674 3624 731 ὅσον
3684 675 3793 749 ἤδη

2137 751 2340 809 ἐκεῖνον
2374 755 2635 828 ἀναμένον
2685 760 2782 820 τὰς
2828 757 2916 813 ἐπὶ
2960 765 3038 832 τῷ
3079 761 3291 836 θανάτῳ
3338 763 3656 839 εὐπρὲπιζεν
3718 766 3800 821 οἰ-

2142 842 2349 917 μωγάς.
2410 846 2669 908 Κάκεῖνος
2732 849 2827 920 μὲν
2877 849 3083 926 τυφλὸς
3115 850 3305 917 ἀλᾶτο,
3357 854 3527 909 πάτον
3572 853 3795 931 ἀνθρώ-

2134 952 2252 987 πων
2281 934 2382 988 ούκ
2410 934 2694 1004 ἀλεείνων,
2753 936 2898 993 ἀλλὰ
2928 937 3157 1013 πὶηρῶν
3195 944 3542 1014 Θαι›μασμοῦ,
3598 944 3646 999 εἴ
3697 946 3796 1017 μὲ-

2135 1042 2233 1097 χρι
2302 1025 2391 1078 καὶ
2451 1023 2503 1085 ἐς
2556 1026 2843 1089 τοιούτους
2901 1026 3097 1095 ἄνδρας
3146 1031 3335 1106 χώραν
3382 1031 3547 1107 ἔσχον
3583 1034 3637 1089 αἱ
3667 1033 3794 1109 περῖ

2134 1114 2231 1198 λῆς
2293 1112 2572 1187 βασιλείας
2630 1116 2881 1189 ὑποψίαι·
2934 1118 2962 1172 ὁ
3013 1115 3090 1189 δὲ,
3139 1120 3236 1180 τὰς
3286 1120 3493 1198 τυφλὰς
3541 1121 3797 1196 ἐλπίδας,

2132 1196 2269 1272 ᾤετο
2306 1202 2402 1272 μὲν
2453 1199 2821 1276 δραπετεύειν,
2856 1206 2918 1259 ού
2971 1208 3078 1280 μὴν
3131 1205 3187 1262 δὲ
3217 1229 3307 1263 και
3353 1211 3492 1265 κατᾶ
3537 1209 3599 1265 τὰ
3649 1211 3792 1283 ἀλη-

2134 1289 2220 1351 θὶς
2253 1288 2624 1365 ἐδραπέτευεν.
2672 1295 2948 1350 Ἐντεῦθεν
2998 1298 3137 1371 ὁργή
3182 1298 3318 1352 κατά
3369 1305 3628 1375 μοναχῶν
3684 1302 3790 1377 οὐχ

2133 1377 2217 1434 ὅτι
2275 1387 2374 1449 τῆς
2419 1379 2751 1452 Ἐκκλησίας
2799 1383 3216 1457 ἀποστατοῦσιν,
3268 1385 3394 1442 ἀλλ’
3445 1386 3526 1443 ὅτι
3576 1389 3788 1465 ἡμέρας

2131 1468 2455 1542 ἀριθμοῦτιν
2524 1469 2692 1526 αὐτοῦ
2767 1472 2857 1527 καὶ
2934 1475 3171 1547 χρόνους
3224 1477 3652 1551 περιορίζουσιν,
3712 1481 3787 1541 ὡς

2132 1558 2467 1615 ἀνασείοντες
2524 1563 2633 1613 τῶν
2705 1566 2886 1617 κακῶν
2946 1561 3206 1619 ἐντεῦθεν.
3282 1565 3379 1620 Καὶ
3460 1563 3627 1623 δειναὶ
3691 1569 3786 1640 μὲν

2129 1649 2263 1715 ἦσαν
2324 1648 2379 1703 αἱ
2431 1649 2548 1703 κατ’
2599 1648 2817 1705 ἐκείνων
2869 1651 3095 1707 ἀπειλαὶ
3150 1651 3201 1722 ἐξ
3234 1652 3407 1727 ὀργῆς
3449 1655 3784 1727 ἀνημμέναι,

2129 1735 2281 1809 ὅμως
2314 1734 2360 1792 δ’
2411 1738 2721 1812 ἀνηρτῶντο
2770 1741 3003 1814 προνοίᾳ
3046 1746 3144 1798 τοῢ
3178 1743 3253 1814 μὴ
3299 1739 3480 1798 δοκεῖν
3532 1743 3784 1813 κολάζειν

358 1828 660 1904 ἐκτυφλοῦν
714 1828 914 1884 ἐκεῖνον
963 1834 1083 1893 ταῖς
1128 1832 1228 1898 τῆς
1280 1826 1569 1898 δεσποίνης
1604 1825 2017 1899 δυσωπίαις(ἦν
2049 1863 2095 1927 Β
2126 1825 2369 1899 ἀλόγως,
2401 1825 2449 1880 εἷ’
2475 1826 2565 1883 καὶ
2609 1827 2802 1902 μικρὰν
2854 1827 2980 1884 ὅσον
3024 1830 3114 1885 καὶ
3146 1831 3498 1888 Γαλακτίωνα
3550 1834 3643 1906 μὲν
3674 1839 3784 1890 τῶν

406 1919 418 1927 .
558 1919 570 1927 .
1070 1921 1077 1927 .
1206 1919 1216 1927 .
1402 1919 1411 1927 .
1554 1919 1563 1927 .
1755 1917 1769 1927 .
1974 1914 1985 1927 ,
2128 1910 2274 1927 υ,
2579 1916 2811 1927 _--..
2986 1917 3106 1927 -..
3282 1924 3303 1927 η
3632 1920 3704 1927 --

359 1919 463 1993 γὰρ
513 1919 805 1992 αὐτανεψία
852 1917 1084 1991 ἐκείνου)
1133 1919 1222 1973 καὶ
1272 1919 1419 1992 παρά
1463 1919 1693 1994 γνώμην
1746 1914 2017 1990 ἀνεχαιτί-

363 2013 482 2077 ζετο
541 2007 729 2079 ἐκείνῳ
791 2008 886 2080 μὲν
943 2007 1033 2063 καὶ
1093 2006 1170 2063 ἔτι
1218 2009 1318 2076 τήν
1373 2008 1568 2075 ποινὴν
1620 2006 1847 2081 ἀνήρτα,
1900 2009 2013 2059 Πα-

359 2097 568 2173 χωμίῳ
600 2097 744 2153 δὲ’τὸ
774 2104 877 2153 πᾶν
909 2102 1006 2163 τῆς
1038 2098 1205 2172 ὀργῆς
1238 2104 1540 2171 προσῆπτε.
1592 2097 1669 2153 Τὸ
1707 2097 1810 2170 γὰρ
1843 2091 2016 2167 ὄνομα

357 2188 583 2257 φρικτὸν
615 2188 671 2241 ὃν
706 2187 919 2242 ἀκούειν
954 2190 1036 2261 [Ρ,
1062 2190 1188 2260 333]
1219 2187 1309 2243 καὶ
1361 2186 1525 2259 μόνον
1574 2183 1633 2240 ἔκ
1678 2189 1838 2240 τινῶν
1893 2204 2018 2260 φοι-

355 2272 649 2350 ϐασμάτων
679 2274 925 2331 ἐκποδὼν
978 2282 1154 2331 ποιεῖν
1206 2276 1297 2330 τὸν
1349 2275 1547 2350 ἔχοντα
1597 2272 2013 2346 παρεσκεύαζεν,

359 2361 431 2428 ὥς
460 2365 511 2421 τί
562 2367 614 2420 οἱ
654 2366 815 2421 κακὸν
865 2366 1001 2420 κατὰ
1048 2371 1243 2441 μοῖραν
1301 2366 1583 2441 περιέχον.
1636 2363 1913 2439 Ἐξέκρουε
1970 2356 2014 2413 δ’

375 2597 573 2649 autem
607 2591 760 2646 inter
789 2590 906 2645 haec
937 2590 1283 2661 contigisset
1312 2605 1346 2644 a
1376 2587 1703 2644 meridiana
1734 2590 1894 2657 parte
1920 2599 2021 2654 per

365 2683 522 2736 diem
557 2679 804 2735 moverit
834 2679 1386 2746 terram,Perdiccas
1420 2677 1636 2733 dixisse
1657 2675 1888 2731 delatus
1903 2689 2019 2729 non

368 2787 430 2825 se
462 2769 664 2824 mirari
696 2772 913 2823 terram
947 2768 1202 2837 concuti,
1236 2769 1335 2823 sed
1380 2784 1496 2822 non
1544 2782 1711 2821 ruere
1759 2764 2018 2819 vicinum

367 2863 624 2914 montem
674 2874 857 2928 supra
906 2857 1048 2911 talia
1111 2862 1372 2928 agentes,
1425 2872 1654 2927 pmnam
1698 2854 1833 2909 dicti
1883 2852 2018 2909 tulit

370 2947 801 3002 truncationem
834 2946 984 3000 nasi.
1038 2948 1112 3000 At
1143 2946 1294 3000 alius
1324 2946 1420 3015 qui
1456 2944 1845 3016 propinquum
1903 2942 2018 2996 hu-

366 3036 469 3105 jus
501 3034 1132 3105 adolescentem,veteri
1167 3033 1566 3089 familiaritate
1598 3032 2017 3098 charum,tunc

374 3125 520 3178 forte
569 3124 800 3178 obvium
854 3129 1120 3179 amanter
1170 3122 1478 3194 amplexus
1524 3124 1735 3188 fuerat,
1792 3120 2023 3175 narium

368 3212 791 3267 abscissionem
824 3228 891 3267 ea
922 3213 979 3266 in
1015 3229 1264 3283 puerum
1315 3210 1534 3266 amoris
1591 3209 2021 3281 signiﬁcatione

356 3301 624 3356 lucratus
655 3306 766 3356 est.
805 3301 1125 3356 Dicendum
1159 3305 1217 3356 et
1256 3301 1409 3370 quod
1441 3298 1686 3370 Georgio
1720 3297 2019 3354 Pachumii

360 3391 630 3462 contigit,
674 3390 984 3445 litteratori
1033 3390 1090 3445 in
1138 3389 1341 3461 paucis
1400 3389 1531 3459 ejus
1586 3388 1818 3460 generis
1876 3404 2022 3459 prm-

361 3482 543 3537 stanti
595 3486 923 3550 caeteraque
974 3481 1243 3535 honesto.
1304 3479 1355 3533 Is
1408 3495 1594 3549 nuper
1642 3478 1798 3549 apud
1852 3477 2024 3532 Hera-

364 3569 547 3625 cleam
582 3570 751 3624 Ponti
785 3586 902 3624 sum
934 3568 1319 3640 professionis
1349 3584 1585 3639 operam
1622 3583 1843 3622 navans
1878 3584 2021 3637 pras-

366 3659 517 3713 fecto
549 3657 668 3712 illic
703 3657 1115 3729 StrategOpulo
1143 3656 1429 3725 Michaeli,
1450 3672 1583 3710 cuni
1616 3656 1795 3726 hujus
1830 3655 2019 3726 publi-

365 3748 451 3803 cis
482 3748 969 3819 occupationibus
994 3746 1402 3818 prohiberetur
1434 3762 1649 3800 munus
1668 3746 1827 3799 istud
1846 3761 2020 3800 suum

364 3837 439 3890 de
469 3836 564 3890 die
595 3836 778 3901 obire,
826 3835 1173 3907 plerumque
1223 3838 1398 3890 noctu
1450 3831 1684 3889 scholas
1732 3850 1872 3888 suas
1922 3833 2021 3888 ha-

364 3926 721 3980 buerat.lloc
752 3925 1020 3980 auditum
1055 3924 1374 3995 imperator
1412 3922 1831 3993 interpretatus
1872 3926 2022 3978 atro-

364 4017 532 4080 citer,
568 4019 805 4084 repente
833 4013 1176 4071 Michaelem
1210 4012 1442 4084 quidem
1496 4013 1771 4081 abrogato
1832 4012 2017 4082 magi-

361 4108 556 4158 stratu
588 4104 892 4158 redactum
939 4102 996 4157 in
1048 4102 1315 4158 ordinem
1381 4100 1534 4157 488
1583 4100 1724 4155 citat
1773 4100 1844 4155 ad
1891 4116 2021 4155 sese

362 4193 664 4247 dicturum
689 4208 925 4247 causam
960 4192 1213 4248 affectati
1248 4191 1433 4263 regni.
1467 4190 1582 4245 Nec
1632 4192 1861 4245 morata
1910 4188 2017 4243 mi-

367 4282 482 4337 seri
512 4281 813 4337 damnatio
844 4286 954 4347 est,
988 4297 1161 4351 pcena
1210 4279 1611 4337 excecationis
1651 4285 1710 4335 et
1750 4278 1863 4349 ipsi
1913 4279 2017 4333 de-

361 4376 542 4437 creta,
574 4369 974 4441 continuoque
1005 4370 1329 4434 inferenda,
1384 4368 1495 4424 nisi
1559 4367 1831 4440 precibus
1887 4366 2017 4423 inli-

365 4460 482 4514 mis
513 4460 1002 4530 contentioneque
1038 4458 1249 4514 annisa
1279 4475 1535 4522 summa,
1567 4474 1694 4527 quae
1747 4473 1841 4511 reo
1896 4460 2019 4510 erat

2126 1910 2388 1987 ὅμμάτων
2424 1921 2620 1990 στερεῖ,
2669 1916 2935 1974 Μελὲτιον
2983 1917 3041 1974 δὲ
3082 1919 3390 1996 ἀφαιρεῖται
3446 1929 3547 1991 τῆς
3596 1920 3785 1996 γλώσ-

2122 2025 2242 2073 σης.
2294 2004 2362 2059 Αἱ
2402 2001 2446 2059 δ’
2479 2003 2682 2081 ἐξορίαι
2710 2006 2800 2062 καὶ
2852 2008 3064 2080 μᾶλλον
3101 2013 3218 2072 τοῖς
3264 2007 3516 2083 ἀνδράσιν
3563 2010 3787 2087 ἐμετρι-

2123 2092 2340 2161 ἀζοντο,
2373 2092 2684 2150 ἰκκλίνουσι
2728 2096 2825 2158 τὰς
2856 2096 3067 2160 ποινάς.
3120 2099 3368 2173 Λάζαρον
3418 2100 3512 2171 μὶν
3542 2099 3636 2155 οὖν
3692 2101 3787 2157 τὸν

2127 2181 2469 2256 Γοριανίτην,
2522 2180 2687 2259 ἄνδρα
2752 2180 3073 2257 σεϐάσμιον,
3130 2185 3458 2249 ἀποστείλας
3508 2189 3637 2251 τοὺς
3696 2189 3788 2245 ἰκ-

2123 2270 2514 2347 τυφλώσοντας
2556 2279 2673 2335 ταῖς
2718 2280 2934 2336 ποιναῖς
2993 2275 3186 2349 ὑπῆγε.
3246 2277 3392 2351 Πρὸς
3427 2275 3484 2331 δὲ
3530 2279 3619 2331 καὶ
3666 2284 3789 2333 Μα-

2124 2358 2359 2438 κάριον,
2416 2361 2506 2416 τὸν
2571 2362 2661 2416 καὶ
2721 2362 3050 2440 Περιστὲρην
3129 2366 3628 2439 παρονομασθέντα
3692 2370 3790 2421 τοῦ

2137 2599 2272 2639 cum
2304 2601 2411 2641 sua
2442 2585 2631 2657 ipsius
2663 2587 2920 2657 pernicie
2971 2588 3166 2645 fatalis
3212 2606 3363 2645 nexu
3414 2590 3784 2646 necessitatis

2127 2672 2549 2743 implicaretur.
2584 2676 2644 2730 Id
2680 2675 2799 2744 ille,
2851 2678 3007 2747 quod
3055 2678 3316 2749 optimus
3365 2679 3781 2734 vaticiniorum

2133 2760 2423 2833 interpres
2450 2764 2827 2833 postmodum
2861 2771 3104 2822 eventus
3130 2767 3430 2839 explicuit,
3484 2785 3596 2823 non
3630 2767 3785 2824 clare

2131 2849 2467 2922 intelligens
2499 2868 2615 2923 quo
2660 2858 2997 2923 pertineret,
3029 2860 3086 2910 et
3124 2872 3242 2926 quo
3281 2862 3545 2927 vergeret
3594 2855 3783 2925 impo-

2130 2943 2324 2995 tenter
2347 2941 2868 3009 exhorrescens,in
2902 2961 3030 2999 eam
3083 2945 3528 3016 persuasionem
3587 2944 3788 3015 rapuit

2130 3033 2194 3084 ut
2220 3029 2330 3084 sibi
2364 3046 2779 3087 successurum
2812 3032 2870 3087 in
2903 3033 3150 3105 imperio
3194 3033 3352 3089 hunc
3401 3033 3786 3090 Pachomium

2137 3118 2405 3189 portendi
2436 3121 2718 3175 crederet.
2754 3122 2812 3175 Id
2844 3138 2978 3177 vero
3038 3122 3263 3178 ratione
3321 3123 3481 3178 omni
3539 3139 3787 3194 praever-

2053 3188 2094 3253 C
2134 3207 2376 3262 tandum
2408 3212 2593 3277 ratus,
2646 3210 2829 3264 istum
2879 3209 3170 3266 infelicem
3234 3212 3475 3267 reddere
3536 3211 3783 3282 imperio

2132 3295 2397 3366 ineptum
2465 3295 2711 3352 immani
2770 3298 3073 3355 oculorum
3145 3299 3456 3356 stl'ossione
3512 3304 3781 3371 occupat.

2130 3383 2245 3438 Nec
2294 3384 2401 3451 sic,
2439 3384 2732 3441 infelicior
2772 3386 2899 3457 ipse
2947 3387 3115 3444 caecis
3170 3389 3388 3460 spebus
3435 3388 3495 3445 in
3546 3387 3785 3445 crudele

2130 3476 2354 3527 tractus
2386 3472 2636 3540 facinus,
2669 3474 2988 3531 instantem
3047 3476 3272 3543 vitavit,
3320 3476 3370 3533 si
3417 3494 3534 3533 non
3582 3477 3781 3548 potius

2130 3562 2455 3631 arcessivit,
2489 3562 2904 3633 calamitatem,
2932 3581 3059 3636 quis
3100 3565 3296 3637 ipsum
3329 3567 3482 3637 apud
3513 3567 3785 3622 Macedo-

2132 3652 2289 3706 niam
2323 3653 2381 3707 in
2413 3669 2553 3721 agro
2585 3654 2739 3710 dicto
2772 3654 3093 3724 Pachomii,
3123 3655 3184 3712 in
3209 3655 3388 3727 hujus
3438 3661 3495 3711 et
3528 3655 3782 3715 aliorum

2133 3741 2414 3796 ultionem
2449 3741 2763 3811 scelerum,
2788 3743 2945 3800 haud
2975 3744 3149 3816 longo
3186 3751 3316 3815 post
3364 3748 3627 3816 tempore
3660 3762 3784 3805 ma-

2130 3828 2323 3883 nebat.
2359 3830 2599 3885 Interim
2635 3830 3006 3889 miserrimus
3040 3834 3391 3891 Pachomius
3423 3835 3783 3895 instrumen-

2128 3917 2205 3973 tis
2235 3918 2532 3974 litterariae
2590 3937 2714 3976 suaa
2742 3921 3125 3992 professionis
3154 3923 3486 3980 luminibus
3516 3924 3782 3994 orbatus,

2129 4007 2271 4062 adeo
2306 4024 2419 4062 non
2444 4008 2570 4077 jam
2589 4010 2891 4078 providere
2906 4011 3164 4082 amplius
3195 4028 3543 4067 arcanorum
3566 4012 3784 4068 indicio

2129 4096 2415 4153 librorum
2450 4098 2646 4153 futura
2678 4103 2925 4170 poterat,
2962 4105 3025 4154 ut
3069 4116 3140 4156 ne
3189 4101 3500 4171 praesentia
3543 4101 3784 4171 quidem

2130 4191 2392 4242 cerneret
2422 4191 2479 4241 et
2508 4187 2691 4244 vitare
2723 4188 3084 4245 ambulando
3114 4188 3421 4245 incursum
3477 4189 3784 4247 obviorum

2130 4275 2243 4331 nisi
2278 4274 2470 4331 alieno
2509 4279 2779 4346 nequiret
2808 4278 3135 4343 admonitu,
3189 4278 3645 4348 admirantibus,
3681 4281 3785 4350 qui

2128 4365 2249 4421 haec
2279 4366 2557 4423 videbant
2586 4368 2816 4423 cunctis
2874 4368 3051 4425 etiam
3095 4384 3283 4439 usque
3331 4369 3402 4424 ad
3452 4367 3781 4441 ludimagi-

2128 4460 2303 4524 stros,
2337 4455 2713 4511 alienissima:
2753 4456 3025 4513 homines
3051 4474 3084 4513 a
3113 4473 3292 4529 regno
3351 4456 3551 4523 sortis,
3603 4456 3784 4515 ambi-

364 4548 583 4618 neptis,
616 4551 880 4620 Augusta
910 4564 1061 4618 aegre
1094 4548 1329 4602 tandem
1356 4546 1631 4617 supplicii
1670 4545 2011 4601 dilationem
2044 4567 2093 4629 ι)
2128 4545 2308 4600 tionis
2352 4544 2628 4600 atrociter
2683 4545 3019 4602 aemulantis
3052 4551 3310 4602 armatas
3343 4546 3538 4601 furore
3575 4546 3772 4616 suspi-

362 4640 757 4709 impetrasset.
808 4638 872 4691 In
917 4635 1299 4692 Pachomium
1331 4636 1418 4691 ira
1447 4636 1634 4690 effusa
1662 4634 1857 4689 omnis
1886 4632 2013 4689 sine

361 4726 528 4782 obice
560 4726 841 4797 pervenit.
876 4727 955 4781 Ex
1002 4725 1182 4794 hujus
1209 4724 1365 4778 fama
1396 4723 1674 4778 doctrinis
1723 4739 1857 4779 cum
1909 4739 2012 4777 no-

361 4815 590 4870 cturnis
622 4814 852 4883 istis,de
884 4813 1101 4885 quibus
1127 4815 1251 4867 erat
1282 4811 1640 4881 nuntiatum,
1673 4814 2014 4880 comparata

363 4904 786 4975 congressibus
845 4904 904 4957 in
955 4919 1084 4958 eam
1141 4900 1680 4973 suspiciosissimus
1740 4899 2009 4970 princeps

361 4992 705 5064 Opinionem
737 4992 1107 5057 incubuerat,
1166 5007 1295 5046 esse
1323 4989 1491 5045 illum
1533 5005 1718 5045 unum
1752 4986 2007 5058 aliquem

359 5100 431 5139 ex
481 5082 613 5138 istis
661 5081 993 5153 aucupibus
1053 5079 1472 5150 praenotionum
1522 5078 1594 5133 de
1636 5077 1854 5143 futuro,
1907 5073 2013 5147 qui

363 5173 550 5228 libros
607 5171 857 5228 scrutari
920 5170 1251 5225 reconditos
1285 5168 1442 5223 soliti
1474 5168 1592 5223 fata
1623 5165 2006 5237 imperiorum

355 5266 418 5317 et
440 5260 882 5316 successionum
909 5259 967 5314 in
1000 5258 1123 5315 haec
1149 5258 1383 5326 seriem,
1434 5256 1757 5312 audacibus
1806 5253 2006 5326 explo-

357 5355 490 5406 rata
549 5349 934 5419 conjecturis,
976 5353 1312 5419 quasstuose
1384 5344 1634 5401 curiosis
1682 5344 2006 5403 venditant.

356 5440 613 5496 Suberat
641 5444 697 5493 et
727 5437 878 5493 alius
911 5437 1060 5493 haud
1089 5438 1168 5492 ita
1200 5435 1403 5491 multis
1432 5439 1607 5490 notus
1633 5433 1751 5488 odii
1799 5433 2003 5500 fomes,

356 5532 566 5585 horror
592 5544 660 5583 ex
721 5527 916 5583 omine
971 5526 1258 5581 vocabuli.
1291 5525 1517 5595 Quippe
1574 5523 1916 5594 imperator,
1949 5527 2007 5580 et

356 5624 489 5693 ipse
529 5621 737 5675 avidus
796 5622 1063 5689 captator
1112 5618 1550 5691 praesagiorum,
1615 5616 1810 5673 nescio
1861 5616 2001 5688 quid

352 5710 910 5767 submurmuratum
946 5707 1301 5772 inaudierat,
1326 5722 1440 5776 quo
1466 5705 1764 5761 Pachumii
1791 5723 2000 5761 nomen

2123 4636 2321 4691 ciones
2372 4651 2482 4689 non
2538 4635 2885 4707 dedignatas
2934 4652 3064 4691 esse
3112 4635 3486 4692 descendere.
3564 4635 3781 4690 Eadem

2123 4724 2232 4779 hac
2264 4723 2527 4780 afflatum
2561 4728 2689 4779 atra
2714 4724 2875 4781 rabie
2907 4725 3283 4795 imperatoris
3314 4741 3448 4781 mox
3480 4724 3536 4778 in
3565 4740 3773 4779 mona-

2123 4813 2261 4868 chos
2328 4814 2529 4869 odium
2585 4814 2799 4884 erupit,
2857 4830 2972 4869 non
3033 4831 3100 4871 ea
3157 4814 3277 4871 illis
3335 4814 3548 4871 infensi
3596 4830 3775 4869 causa

2122 4903 2277 4972 quod
2337 4902 2608 4958 Ecclesiae
2686 4903 2932 4958 rebelles
3000 4903 3258 4958 schisma
3332 4904 3608 4967 facerent,
3668 4906 3771 4959 sed

2121 4991 2276 5062 quod
2301 4992 2424 5046 dies
2456 4991 2643 5062 ipsius
2666 4996 3113 5047 numerarentet
3142 4991 3455 5047 definirent
3484 4996 3772 5062 tempore,

2122 5084 2308 5136 morte
2339 5080 2561 5135 scilicet
2588 5082 2717 5150 ejus
2748 5097 2811 5137 se
2839 5081 3221 5136 defuncturos
3254 5079 3425 5135 malis
3457 5080 3608 5136 489
3643 5097 3771 5151 quae

2120 5169 2494 5240 patiebantur
2516 5170 2801 5224 arbitrati.
2836 5174 2954 5224 Hos
2987 5170 3083 5224 ille
3131 5170 3367 5225 acribus
3409 5174 3467 5226 et
3522 5169 3610 5225 ira
3666 5175 3768 5227 ﬂa-

2117 5259 2429 5329 grantibus
2464 5258 2813 5328 percellebat
2841 5258 3040 5322 minis,
3076 5275 3222 5329 quas
3254 5274 3326 5313 ne
3345 5258 3617 5315 statimin
3642 5275 3765 5316 rem

2118 5348 2696 5417 conferret,qua3dam
2729 5347 3057 5403 sustinebat
3090 5349 3256 5403 fama:
3304 5364 3470 5418 cura,
3527 5353 3585 5405 et
3643 5365 3764 5405 me-

2117 5441 2212 5493 tus
2245 5453 2314 5491 ne
2345 5437 2640 5492 videretur
2665 5436 2791 5492 sine
2823 5453 2999 5492 causa
3046 5437 3257 5495 idonea
3286 5446 3504 5494 saevire.
3539 5439 3762 5493 Tamen

2114 5533 2170 5581 et
2203 5527 2357 5581 hunc
2392 5528 2561 5597 paulo
2584 5531 2712 5595 post
2740 5532 3068 5597 respectum
3091 5528 3401 5594 eluctatus,
3436 5526 3761 5583 Galactioni

2115 5617 2348 5686 quidem
2382 5615 2535 5670 eruit
2564 5617 2786 5682 oculos,
2818 5615 3041 5672 Meletio
3070 5633 3205 5672 vero
3257 5616 3521 5687 linguam
3576 5614 3764 5670 absci-

2113 5706 2220 5762 dit.
2248 5704 2463 5760 Exsilia
2510 5706 2859 5761 decernebat
2888 5722 3069 5775 mera,
3111 5722 3243 5762 cum
3277 5705 3572 5762 remittere
3602 5722 3665 5762 se
3695 5706 3758 5761 in
