4080 6438
300 369 411 424 951

1623 360 1928 417 GEORGII
1965 361 2432 420 PACHYMERB

3635 361 3756 415 952

306 490 486 548 ἁπλοῖ)
533 488 625 544 καὶ
675 485 880 542 ἀκάκου
929 486 1116 560 χάριν,
1173 484 1458 559 ὑπαγαγὼν
1516 478 1641 555 δίκῃ
1691 479 1961 542 καθοσιώ-
1992 482 2176 551 Ατῆς
2235 485 2358 560 περὶ
2416 486 2507 541 τὸν
2570 484 2812 556 πλησίον
2869 485 3190 561 ἀπεχθείας·
3256 484 3415 539 αὐτὸν
3466 482 3514 539 δ’
3572 483 3758 539 ἀκού..

307 602 443 642 σεως
473 579 548 641 ὡς
579 576 709 640 τοὺς
766 574 1018 637 δυτικοὺς
1050 572 1323 649 ἄρχοντας
1371 573 1507 627 κατά
1536 569 1809 647 βασιλέως
1862 566 1970 625 διε-

307 669 585 747 γείραντα,
640 664 741 737 ἔξω
799 686 905 720 που
962 667 1066 719 τῶν
1122 663 1406 738 ἡμετέρων
1440 658 1604 736 ὁρίων
1638 661 1971 747 καθήμενον,

318 756 651 834 ἐπαγγείλας
703 759 784 828 τῷ
853 754 1072 829 Ἰκαρίῳ
1124 752 1225 821 τὴν
1302 755 1401 806 τοῦ
1473 748 1719 825 μεγάλου
1773 746 1971 811 δουκὸς

313 841 740 924 περιεζωσμένῳ
767 844 960 916 τιμὴν,
1012 841 1087 903 εἷς
1145 846 1339 915 χεῖρας
1393 844 1651 909 ποιεῖται,
1712 839 1972 911 καὶπρο-

310 938 502 993 τείνων
560 936 659 1004 τὴν
708 932 1035 987 καθοσίωσιν
1086 935 1183 985 τοῦ
1218 929 1565 1006 ἐγκλήματος
1616 927 1762 998 ἀνίη,
1797 927 1969 995 είτήν

316 1027 538 1103 εἷ’ρήνην
600 1022 844 1099 δέχοιτο,
905 1020 951 1075 ei
984 1018 1033 1075 δ’
1084 1021 1199 1090 οὗν,
1259 1018 1405 1075 ἀλλά
1454 1023 1522 1093 τῇ
1567 1016 1692 1093 δίκῃ
1720 1017 1972 1080 καθυπά-

314 1137 452 1190 γειν.
492 1115 552 1171 Ὀ
612 1110 669 1166 δὲ
721 1115 792 1185 τῇ
825 1106 1064 1164 ἐνστάσει
1118 1106 1484 1184 διακαρτερῶν
1542 1109 1642 1178 τήν
1701 1105 1971 1179 τιμωρίαν

312 1206 524 1279 ὑπέχει·
560 1203 803 1265 Κόκκους
853 1197 910 1255 δὲ
964 1198 1249 1274 μοναχοὺς
1287 1198 1377 1253 καὶ
1420 1198 1549 1260 τοὺς
1601 1198 1718 1251 κατ’
1767 1195 1970 1251 ἐκεῖνον

307 1294 398 1352 ἐῶ.
462 1295 552 1355 Ἐς
609 1291 768 1347 τόσον
830 1290 934 1365 γάρ
995 1288 1424 1363 παρωξυσμένος
1454 1288 1521 1356 ἢν
1556 1286 1694 1341 ὥστε
1722 1281 1971 1360 προϐάλ-

308 1382 422 1438 λειν
477 1384 541 1451 ἦν
607 1380 771 1453 μόνον
805 1380 929 1435 τινὰ
967 1379 1278 1449 κινηθέντα,
1313 1377 1401 1431 καὶ
1457 1378 1558 1445 τὴν
1605 1370 1902 1451 προϐολὴν
1934 1378 1968 1445 ἡ

309 1474 469 1541 ποινὴ
528 1468 831 1545 διεδέχετο,
863 1468 1004 1523 ὥστε
1046 1468 1136 1522 καὶ
1187 1468 1377 1530 πιστὸς
1406 1467 1474 1536 ἦν
1534 1468 1562 1521 ὁ
1596 1464 1767 1540 λέγων
1804 1464 1967 1537 μόνον

313 1561 506 1631 εἲπὼν,
556 1565 677 1621 ταῖς
728 1560 867 1634 πρὸς
918 1557 1047 1619 τοὺς
1097 1557 1372 1626 ὑπηκόους
1422 1555 1705 1617 ὑπονοίαις
1744 1556 1817 1617 ὡς
1846 1557 1969 1610 ίκα-

314 1656 434 1715 ναῖς
495 1647 817 1725 μαρτυρίαις
878 1646 1317 1723 ἰσχυριζόμενος.
1351 1648 1453 1703 Καὶ
1485 1645 1623 1720 πρὸς
1652 1646 1715 1700 τὸ
1744 1648 1844 1713 τῆς
1877 1646 1968 1721 ὀρ-

314 1748 418 1816 γῆς
475 1739 842 1814 ἀπαραίτητον
914 1734 1163 1811 ἀνδράσιν
1226 1738 1309 1798 οἷς
1381 1738 1448 1804 ἦν
1505 1735 1970 1811 παρρησιάζεσθαι

2078 594 2238 627 σαντα
2288 573 2530 651 ἀνάγκην
2587 575 2720 631 εἶναι
2776 574 3016 648 μετιέναι
3075 577 3157 648 [Ρ.
3191 576 3317 646 334]
3356 574 3419 629 τὸ
3460 572 3757 651 ἔγκλημα.

2075 666 2248 718 Ταῦτα
2305 664 2579 727 πολλάκις
2641 664 2995 740 ἀπελογεῖτο,
3024 665 3115 719 καὶ
3163 666 3246 719 ὅτι
3278 664 3443 741 φίλος
3479 668 3762 739 μοναχῶν

2076 751 2287 808 ἀκούων
2350 754 2607 832 βρεφόθεν
2643 755 2719 818 εἷς
2769 755 3004 831 ἀνάγκην
3033 752 3173 824 ἦλθε
3232 759 3409 827 μισεῖν
3461 753 3763 827 μοναχοὺς

2077 838 2165 895 διὰ
2217 843 2315 911 τήν
2372 848 2519 917 σφῶν
2582 842 2857 901 δύσνοιαν.
2905 845 3163 899 Δύσνοιαν
3199 840 3258 898 δὲ
3314 844 3412 912 τήν
3447 843 3756 921 ἀποφυγὴν

2074 934 2181 985 τῶν
2214 935 2624 1008 ξπραττομένων
2658 932 2863 989 ἐκάλει.
2921 934 3055 1010 Παρ’
3108 935 3169 1002 ἦν
3232 930 3406 987 αἰτίαν
3464 932 3596 993 ἴσως
3653 933 3758 987 καὶ

2075 1020 2311 1095 χρόνους
2367 1022 2611 1098 ἠρεύνων
2658 1024 2823 1078 ὁπότε
2883 1025 2959 1096 μὴ
3018 1021 3287 1098 βασιλέως
3334 1017 3762 1095 (ἀϐασιλεύτοις

2072 1110 2174 1185 γὰρ
2227 1108 2353 1165 οὐδὲ
2415 1112 2643 1188 ξυνήγκε
2720 1116 2841 1186 ζῇν,
2903 1112 2977 1175 ὡς
3057 1111 3270 1185 σώματι
3365 1112 3441 1184 μή
3510 1107 3758 1187 καρδίαν

2074 1196 2306 1273 ἔχοντι),
2365 1198 2510 1256 ἀλλὰ
2565 1206 2670 1255 τῶν
2717 1203 2852 1256 κατᾶ
2899 1206 3032 1279 σφᾶς
3087 1205 3268 1255 κακῶν
3303 1198 3756 1272 ἀπαλλάξουσιν.

2073 1288 2271 1345 Ὁπότε
2316 1290 2419 1367 γὰρ
2458 1292 2522 1346 τὸ
2552 1294 2649 1360 τῆς
2679 1294 2908 1366 γνώμης
2948 1291 3217 1363 δηλοῦται
3246 1290 3562 1365 ἀνθρώποις
3593 1290 3755 1361 οὖσι,

2074 1378 2388 1434 πλασθεῖσιν
2438 1380 2827 1452 αὐτεξουσίοις,
2875 1381 2951 1436 ὲνὶ
3003 1379 3277 1454 θελήματι
3322 1378 3419 1435 κᾶν
3471 1375 3607 1435 ὅποι
3664 1381 3757 1455 ῥε-

2075 1471 2168 1542 ψοι
2224 1468 2691 1543 ἀναγκαζομένοις
2746 1471 3002 1545 ἄγεσθαι,
3058 1470 3103 1525 εί
3161 1471 3254 1543 μὲν
3318 1469 3394 1531 εἰς
3453 1474 3621 1541 σῶμα
3683 1470 3754 1523 τὸ

2072 1556 2395 1619 κινδυνῶδες
2440 1558 2561 1633 ὁρᾷ,
2618 1558 2708 1613 καὶ
2756 1560 2881 1614 τότε
2941 1558 3301 1634 παγχαλεπον
3362 1559 3580 1632 (ταυτὸν
3636 1560 3750 1633 γὰρ

2072 1645 2135 1700 τὸ
2169 1645 2301 1700 εἶναι
2331 1651 2409 1719 τῷ
2438 1648 2486 1702 τ’
2517 1648 2752 1722 ἄρχοντι
2780 1654 2899 1709 τοῖς
2949 1649 2998 1703 τ’
3028 1646 3388 1723 ἀρχομένοις,
3415 1646 3506 1701 καὶ
3543 1645 3747 1709 ἆλΛως

2076 1735 2175 1790 οὐκ
2228 1732 2337 1790 ἔστι
2392 1736 2541 1813 σφίσι
2601 1737 2900 1805 σώζεσθαι,
2960 1736 3005 1791 εἰ
3068 1739 3144 1810 μή
3203 1758 3263 1811 γε
3320 1735 3588 1798 ἑκουσίως
3652 1737 3752 1790 καὶ

315 1828 453 1903 πρὸς
524 1825 724 1882 ἐκεῖνον
798 1823 1245 1900 ἀπολογούμενος
1308 1823 1626 1901 βασιλικοὺς
1690 1825 1968 1899 προέτεινε
1998 1848 2045 1913 Β
2078 1829 2463 1903 συμφωνοῖεν),
2514 1822 2649 1880 εἰδὲ
2696 1826 2787 1880 καὶ
2835 1826 2888 1888 ἐς
2937 1828 3147 1902 ψυχὴν,
3196 1827 3273 1888 ὡς
3302 1826 3417 1881 τότ’
3444 1822 3623 1898 ᾤοντό
3661 1847 3755 1881 τι-

310 1917 537 1990 νόμους,
596 1917 671 1978 ὡς
729 1916 805 1989 μὴ
838 1915 1006 1969 καλὸν
1039 1914 1097 1969 ’ὀν
1129 1911 1254 1969 οὐδὲ
1285 1910 1492 1968 δίκαιον
1524 1914 1660 1967 κατά
1694 1913 1963 1986 μοναστὰς

305 2005 433 2069 τοὺς
482 2005 789 2079 Ῥωμαίους
819 2003 1225 2074 πολιτεύεσθαι,
1278 2003 1352 2065 ὡς
1387 2001 1696 2076 μετανοίαις
1726 2000 1962 2073 ἐξιᾶσθαι

305 2096 373 2149 τὰ
428 2095 763 2169 πταίσματα.
818 2097 1007 2169 Ἕχειν
1084 2091 1141 2147 δὲ
1200 2092 1289 2147 καὶ
1347 2097 1426 2163 τῷ
1488 2090 1962 2167 προσαγγέλλοντι

307 2182 615 2258 δυσμενῶς,
668 2184 751 2239 ὅτι
780 2181 934 2258 λέγοι
966 2184 1001 2253 ἢ
1036 2180 1271 2243 ἀκούσας
1304 2182 1339 2250 ἢ
1371 2180 1463 2236 καὶ
1495 2181 1871 2255 πλαττόμενος
1904 2181 1962 2236 ἐκ

312 2405 683 2462 clementiam
714 2402 963 2458 volebat.
995 2402 1198 2474 Itaque
1244 2402 1527 2456 Lazarum
1579 2399 1966 2466 Gorianitem,

314 2494 506 2549 virum
536 2491 947 2555 venerabilem,
980 2490 1094 2547 ista
1143 2490 1464 2546 moderatio
1503 2489 1754 2546 servavit
1787 2506 1801 2546 :
1834 2506 1967 2546 cum

317 2583 474 2640 enim
509 2582 771 2637 misisset
824 2580 925 2652 qui
971 2596 1103 2636 eum
1149 2584 1520 2647 excaacarent,
1556 2580 1842 2635 revocatis
1894 2580 1967 2635 iis

318 2672 703 2729 exterminare
736 2670 881 2726 satis
926 2670 1152 2726 habuit.
1207 2675 1280 2724 At
1326 2669 1641 2725 Macarium
1697 2686 1802 2725 nec
1860 2686 1969 2725 sua

317 2760 805 2818 innocentissima
834 2759 1208 2830 simplicitas,
1229 2775 1359 2830 quae
1381 2775 1703 2831 cognomen
1762 2758 1847 2813 illi
1872 2776 1967 2815 co-

316 2851 532 2906 lumbae
564 2853 888 2921 pepererat,
921 2865 1026 2903 nec
1058 2847 1317 2904 locorum
1351 2848 1450 2903 ubi
1490 2849 1739 2921 degebat
1787 2848 1965 2904 dissi-

316 2945 513 2996 torum
546 2956 579 2994 a
604 2936 824 2993 nostris
855 2937 1073 2992 ﬁnibus
1105 2936 1535 3010 longinquitas,
1596 2937 1966 3009 imperatoris

317 3029 553 3085 saevitiae
579 3026 891 3083 subtraxit.
921 3027 1025 3082 Hic
1055 3026 1212 3082 enim
1245 3027 1409 3081 illum
1444 3026 1803 3098 postulatum
1840 3043 1966 3081 ma-

310 3117 569 3191 jestatis,
597 3116 769 3187 quasi
800 3119 1077 3171 conatum
1134 3116 1191 3170 in
1252 3131 1314 3171 se
1361 3117 1653 3171 concitare
1687 3115 1967 3171 Occiduo-

2074 1936 2181 1987 νες,
2239 1917 2511 1988 σωτήριον
2571 1918 2606 1985 ἡ
2669 1913 2967 1990 ἀπαλλαγή
3028 1915 3287 1978 πάντως.
3347 1915 3417 1972 ’Ὁ
3464 1914 3755 1976 κάκείνοις

2074 2001 2205 2067 ἴσως
2257 2008 2479 2074 ζητοῦσι
2539 2002 2686 2059 δεινά
2742 2005 2890 2080 παρά
2945 2009 3044 2059 τοῦ
3092 2008 3421 2079 κρατοῦντος
3471 2002 3749 2079 ἐφῆπται.

2073 2094 2170 2147 Καὶ
2234 2090 2351 2147 δεον
2411 2093 2473 2147 τὸ
2530 2088 2771 2167 σκαμὸὸν
2837 2092 2979 2169 πρός
3029 2094 3091 2149 τὸ
3130 2091 3288 2169 ὀρθὰν
3321 2093 3750 2164 ἀπευθυνεσθαι,

2074 2184 2147 2243 ὡς
2179 2184 2436 2254 ἷσάζοιεν,
2471 2184 2498 2237 ὁ
2532 2181 2589 2238 δὲ
2611 2185 2673 2237 τὸ
2724 2182 2883 2256 ὀρθὸν
2916 2183 3052 2259 πρὸς
3084 2183 3146 2238 τὸ
3198 2177 3440 2256 σκαμϐὸν
3492 2180 3748 2245 ἀπευθὺ-

2079 2401 2332 2457 admitti.
2369 2403 2483 2457 Hae
2514 2402 2609 2458 ille
2642 2403 2734 2459 sui
2767 2403 3107 2471 defensione
3159 2401 3375 2473 saapius
3430 2402 3742 2469 utebatur,

2077 2492 2407 2563 adjungens
2440 2493 2498 2547 in
2524 2497 2687 2565 parte
2717 2492 3081 2549 infelicitatis
3112 2508 3424 2548 numerare
3457 2508 3541 2563 se,
3577 2492 3742 2563 quod

2077 2583 2177 2652 qui
2213 2598 2244 2636 a
2278 2598 2458 2653 puero
2515 2583 2784 2639 audisset
2829 2582 3057 2638 amicus
3088 2580 3543 2645 monachorum,
3577 2598 3745 2637 nunc

2075 2670 2235 2726 istud
2294 2688 2480 2743 genus
2539 2672 2847 2727 hominum
2900 2672 3096 2728 odisse
3146 2676 3449 2741 cogeretur
3498 2675 3751 2742 propter

2076 2758 2341 2830 ipsorum
2404 2760 2754 2816 malevolum
2778 2763 3043 2816 animum
3079 2780 3092 2828 ;
3130 2759 3554 2815 malevolentiae
3585 2759 3748 2813 vide-

2077 2847 2215 2903 licet
2261 2848 2611 2917 ascribebat,
2670 2851 2824 2921 quod
2878 2849 2964 2904 illi
3023 2850 3361 2920 refugerent
3406 2849 3745 2919 approbare

2078 2954 2201 3006 qua;
2231 2938 2470 2993 fiebant.
2506 2939 2583 2993 Ex
2615 2938 2723 2994 hoc
2787 2956 2961 3010 porro
3013 2937 3307 2994 declarato
3360 2937 3751 3009 imperatoris

2078 3026 2137 3080 in
2168 3028 2485 3083 monachos
2546 3029 2678 3083 odio
2713 3028 2888 3083 ﬁebat
2915 3033 2978 3082 ut
3006 3026 3093 3082 illi
3124 3027 3356 3082 curiose
3391 3026 3753 3097 indagarent

2079 3118 2371 3188 tempora,
2425 3118 2863 3188 prresentiscere
2912 3117 3379 3173 divinationibus
3431 3122 3751 3185 conantes,

320 3227 454 3266 rum
482 3210 761 3281 dynastas
791 3211 1108 3277 tractuum,
1141 3207 1560 3279 comprehendi
1605 3206 1830 3262 curavit
1871 3223 1973 3277 per
2008 3177 2051 3243 θ’
2092 3208 2328 3275 quando
2361 3223 2476 3262 non
2512 3207 2751 3277 quidem
2778 3207 3301 3279 imperatore(nam
3326 3206 3455 3261 sine
3480 3206 3754 3277 principe

320 3299 597 3367 Icarium,
630 3297 801 3353 titulo
833 3301 891 3353 et
921 3297 1141 3353 honore
1184 3297 1381 3368 magni
1423 3297 1592 3352 ducis
1624 3296 1799 3352 classi
1836 3313 1980 3366 prae-

326 3390 586 3457 fectum;
622 3391 910 3459 captoque
950 3386 1283 3442 conditione
1325 3384 1463 3451 lata,
1500 3391 1561 3439 ut
1620 3385 1706 3440 vel
1756 3386 1985 3440 debitas

330 3495 427 3533 reo
476 3476 895 3548 perduellionis
924 3492 1126 3547 pmnas
1160 3475 1368 3541 lueret,
1401 3476 1487 3531 vel
1529 3492 1629 3530 eas
1674 3475 1988 3530 redimeret

332 3566 716 3638 approbanda
771 3565 1161 3621 Ecclesiarum
1222 3565 1555 3630 concordia,
1598 3564 1691 3619 cui
1741 3567 1986 3619 eatenus

335 3655 710 3727 acquiescere
762 3657 1037 3709 renuerat
1084 3653 1141 3707 in
1201 3669 1336 3708 eum
1389 3670 1451 3708 se
1480 3653 1893 3709 obfirmantem
1926 3653 1983 3707 in

336 3745 652 3814 rejectione
684 3742 843 3813 pacis
872 3741 999 3813 lege
1030 3745 1226 3796 actum
1258 3746 1368 3799 est.
1400 3744 1614 3798 Coccos
1670 3759 1803 3797 vero
1863 3758 1985 3797 mo-

339 3832 561 3889 nachos
587 3835 888 3904 pretereo,
920 3834 978 3885 et
1009 3846 1107 3886 eos
1138 3831 1236 3903 qui
1271 3832 1423 3902 apud
1459 3830 1624 3886 illum
1660 3836 1845 3886 erant.
1903 3834 1989 3886 Ita

340 3922 499 3977 enim
549 3919 857 3975 irritabilis
888 3924 1010 3975 erat
1041 3921 1097 3973 in
1133 3919 1238 3976 hoc
1265 3936 1496 3992 genere,
1529 3924 1593 3974 ut
1652 3921 1989 3992 quicunque

342 4011 627 4083 proferret
658 4009 829 4064 modo
857 4008 1079 4081 aliquid
1111 4010 1182 4063 de
1213 4011 1622 4066 controversiis
1673 4027 1800 4082 quae
1849 4016 1991 4065 tunc

343 4098 721 4171 agitabantur
750 4098 809 4152 in
844 4098 1195 4153 contrariam
1231 4098 1341 4170 ipsi
1373 4101 1752 4163 sententiam,
1789 4100 1990 4155 statim

343 4188 735 4261 prolationem
777 4189 1071 4259 exciperet
1128 4205 1387 4260 praesens
1446 4206 1635 4259 pcena.
1696 4188 1810 4243 Nec
1860 4204 1993 4243 vero

346 4278 665 4333 discrimen
698 4282 800 4333 aut
828 4278 1116 4333 delectum
1160 4277 1475 4333 adhibebat
1495 4278 1555 4332 in
1614 4278 1995 4333 admittendis

348 4369 420 4422 de
468 4384 529 4422 re
575 4366 679 4422 tali
711 4364 1109 4422 delationibus
1146 4384 1158 4422 :
1194 4368 1294 4422 sed
1325 4366 1548 4437 quisvis
1580 4382 1996 4439 quemcunque

350 4460 673 4523 accusaret,
727 4456 880 4511 dicto
908 4456 1096 4527 primo
1126 4455 1375 4511 faciebat
1408 4457 1604 4511 ﬁdem.
1638 4458 1787 4521 Quin
1819 4457 1994 4512 etiam

2090 3295 2283 3350 vivere
2314 3311 2377 3349 se
2408 3294 2565 3351 haud
2601 3312 2795 3367 posse,
2830 3296 2913 3351 uti
2949 3312 3053 3351 nec
3085 3312 3301 3367 corpus
3361 3296 3491 3350 sine
3549 3297 3753 3364 corde,

2093 3384 2238 3439 satis
2292 3385 2550 3456 norant),
2584 3385 2684 3439 sed
2722 3385 2890 3439 malis
2919 3385 3268 3456 urgentibus
3328 3385 3753 3440 liberarentur.

2093 3472 2405 3528 Enimvero
2434 3474 2667 3544 quoties
2696 3473 3038 3529 hominibus
3070 3475 3294 3529 arbitra
3333 3474 3423 3529 sui
3458 3479 3757 3545 potestate

2095 3561 2193 3616 Dei
2253 3562 2573 3618 conditoris
2632 3562 2914 3618 beneficio
2975 3562 3261 3635 praeditis,
3317 3578 3387 3618 ex
3452 3562 3759 3619 declarata

2094 3648 2394 3705 voluntate
2418 3651 2521 3721 jus
2552 3651 2824 3707 habentis
2856 3652 3003 3724 ipsis
3036 3652 3389 3723 imperandi,
3425 3654 3759 3709 necessitas

2098 3738 2349 3793 faciendi
2382 3741 2683 3811 quidpiam
2720 3741 3028 3811 incutitur,
3056 3743 3365 3809 intentata,
3395 3743 3449 3796 ni
3484 3743 3757 3811 fecerint,

2099 3828 2555 3885 comminatione
2586 3831 2780 3902 gravis
2814 3831 3031 3898 multis,
3066 3832 3115 3887 si
3140 3848 3257 3887 non
3290 3832 3451 3886 aliud
3486 3833 3543 3885 in
3578 3832 3758 3887 obse-

2099 3919 2333 3989 quendo
2366 3920 2692 3990 periculum
2722 3926 3003 3993 appareat
3030 3939 3202 3993 quam
3232 3922 3593 3977 incommodi
3627 3939 3763 3979 cor-

2101 4008 2282 4079 porei,
2315 4006 2690 4064 sube'undum
2748 4010 2894 4065 illud
2944 4014 3053 4078 est,
3114 4016 3172 4067 et
3227 4016 3765 4083 quantumcunque

2102 4098 2322 4154 malum
2348 4100 2477 4170 ejus
2508 4102 2739 4171 generis
2769 4102 3233 4157 exhauriendum
3274 4101 3526 4157 libenter
3570 4119 3764 4157 mem-

2100 4187 2244 4252 bris,
2281 4204 2396 4258 quo
2428 4189 2604 4259 capiti
2637 4189 2989 4257 cohaereant,
3023 4190 3131 4246 hoc
3163 4194 3253 4246 est
3283 4190 3558 4262 principi,
3588 4192 3767 4261 cujus

2104 4276 2400 4331 indivulsa
2429 4279 2788 4334 connexione
2820 4295 2950 4335 cum
2986 4280 3241 4336 subditis
3284 4279 3444 4335 salus
3498 4281 3768 4335 universi

2105 4364 2439 4436 reipublicae
2493 4368 2755 4438 corporis
2806 4370 3161 4440 continetur,
3194 4370 3295 4426 Sin
3332 4386 3403 4425 ne
3452 4370 3775 4425 obediatur

2106 4461 2334 4510 revocet
2368 4457 2655 4526 pernicies
2711 4459 2943 4526 animae,
2978 4460 3133 4529 quod
3183 4458 3315 4514 istis
3348 4463 3491 4515 tunc
3524 4460 3777 4530 quibus~

350 4546 791 4618 suspicionibus
842 4546 1020 4601 meris
1048 4546 1106 4599 in
1167 4546 1433 4601 subditos
1466 4546 1617 4602 velut
1648 4546 2003 4602 testimoniis
2033 4549 2081 4613 D
2114 4544 2247 4599 dam
2272 4544 2599 4613 videbatur,
2660 4552 2801 4602 tunc
2832 4564 2974 4603 sane
3022 4548 3300 4603 salutaris
3350 4552 3408 4603 et
3455 4553 3774 4619 propterea

350 4636 751 4703 innitebatur;
784 4643 998 4691 etcum
1039 4652 1073 4690 a
1103 4636 1244 4691 viris
1287 4636 1586 4708 gravibus,
1622 4637 1841 4707 quibus
1870 4636 2005 4692 lice-

350 4726 452 4781 bat
499 4724 679 4780 libere
723 4724 878 4779 400
928 4741 1060 4780 cum
1108 4724 1209 4779 illo
1271 4742 1461 4797 agere,
1522 4726 1717 4781 nimiae
1777 4726 1835 4780 in
1896 4725 2003 4780 hoc

354 4814 681 4870 severitatis
712 4818 1075 4885 argueretur,
1120 4814 1409 4885 allegabat
1438 4815 1534 4869 ille
1565 4820 1767 4870 contra
1810 4816 1868 4870 in
1903 4816 2005 4869 de-

356 4905 683 4960 fensionem
717 4904 808 4959 sui
840 4903 1199 4977 regiasleges
1220 4904 1625 4975 usitatumque
1640 4904 2006 4976 principibus

357 4995 566 5065 agendi
595 4994 1100 5063 modum,addens
1132 4993 1592 5064 haudquaquam
1623 4998 1845 5049 rectum
1878 5010 2007 5049 esse

358 5087 653 5138 Romanos
685 5084 756 5138 ab
788 5084 1139 5155 imperatore
1164 5083 1480 5153 gubernari
1505 5082 1658 5137 sicut
1688 5084 2007 5138 monachos

358 5190 392 5226 a
423 5171 547 5226 suis
578 5172 1038 5244 praepositis,qui
1062 5172 1277 5227 delicta
1305 5188 1546 5227 suorum
1580 5172 2005 5227 cmnobitarum

361 5259 723 5333 poenitentiis
796 5262 1028 5333 expiare
1102 5262 1247 5317 satis
1307 5262 1579 5317 habeant.
1625 5260 2005 5333 ,Facilitatem

362 5352 559 5405 autem
618 5348 892 5404 credendi
963 5349 1322 5405 delatoribus
1380 5350 1635 5421 quadam
1694 5350 2009 5406 efﬁcaciter

363 5436 707 5494 occurrendi
764 5438 1142 5493 nascentibus
1184 5436 1355 5494 malis
1404 5438 1753 5495 necessitate
1794 5454 2010 5511 purga-

365 5529 487 5596 bat,
520 5543 653 5582 cum
686 5525 1737 5598 diceret,qualecumqueindicaretur
1759 5528 2009 5600 principi

366 5617 738 5689 crimen,sive
768 5615 1037 5673 auditum
1072 5632 1203 5671 vere
1233 5634 1266 5671 a
1296 5617 1589 5673 deferente
1628 5616 1747 5673 sive
1807 5618 2007 5673 ﬁctum

369 5706 664 5775 malevola,
728 5724 759 5763 e
819 5707 971 5763 bono
1019 5708 1321 5763 communi
1384 5724 1514 5764 esse
1574 5708 2007 5764 accusationem

2113 4634 2308 4689 tacitis
2340 4635 2488 4689 491
2540 4636 2750 4691 saltem
2801 4638 2949 4691 votis
2993 4636 3326 4708 expetibilis
3374 4637 3623 4692 omnino
3683 4644 3772 4693 est

2116 4724 2364 4778 mutatio
2397 4724 2537 4779 talia
2560 4726 2828 4796 jubentis
2859 4726 3145 4797 principis
3180 4744 3193 4794 ;
3228 4726 3319 4781 cui
3354 4731 3553 4781 tamen
3590 4727 3650 4781 hi
3684 4728 3778 4781 ni-

2116 4812 2300 4867 mium
2327 4814 2473 4869 forte
2502 4814 2874 4884 indulgentes
2906 4816 3128 4882 sensui,
3150 4831 3256 4871 nec
3315 4816 3459 4871 satis
3502 4821 3782 4872 caventes

2117 4918 2189 4955 ne
2216 4901 2276 4956 in
2321 4907 2588 4973 apertum
2639 4920 2851 4958 arcana
2905 4903 3196 4959 desideria
3245 4904 3567 4976 prodirent,
3629 4906 3781 4960 dum

2116 4990 2536 5062 praesagiorum
2573 4992 2774 5047 mortis
2798 4993 3044 5062 Augusti
3074 4994 3325 5065 auguria
3363 4998 3607 5064 captant
3660 4993 3782 5048 im-

2116 5080 2489 5149 prudentius,
2522 5081 2652 5151 ejus
2682 5080 2831 5135 iram
2865 5082 2923 5135 in
2957 5098 3019 5137 se
3061 5081 3224 5152 ipsos
3255 5088 3532 5137 acuentes
3562 5082 3781 5153 ingen-

2117 5169 2266 5223 tium
2299 5169 2410 5224 sibi
2446 5171 2684 5224 iuerunt
2717 5170 3007 5225 malorum
3035 5188 3248 5226 caussa.
3281 5173 3507 5242 Agebat
3558 5169 3662 5225 ille
3715 5171 3781 5226 in

2118 5258 2227 5313 hoc
2258 5258 2495 5330 quidem
2520 5275 2635 5314 non
2669 5264 2820 5315 recte
2850 5277 2864 5330 ;
2890 5259 3013 5332 qui,
3047 5276 3182 5315 cum
3225 5259 3585 5332 oportuisset
3624 5260 3783 5315 obli-

2118 5363 2302 5419 quum
2337 5348 2409 5402 ad
2460 5348 2601 5403 recti
2659 5365 2927 5405 normam
2987 5348 3277 5419 corrigere
3333 5348 3538 5418 sicque
3598 5348 3784 5404 ambo

2118 5442 2653 5508 exmquare,contra
2674 5443 2916 5509 cogebat
2943 5439 3296 5509 detorquere
3326 5437 3483 5508 quod
3512 5452 3617 5509 per
3649 5445 3812 5493 sese

2120 5530 2347 5581 rectum
2371 5526 2581 5592 fuerat,
2615 5529 3101 5597 conformareque
3131 5527 3201 5580 ad
3237 5526 3588 5597 pravitatem
3622 5525 3783 5581 ob1i~

2121 5616 2244 5685 qui.
2290 5632 2407 5671 non
2466 5617 2789 5672 emendans
2836 5618 2891 5672 id
2944 5617 3101 5685 quod
3161 5620 3286 5671 erat
3332 5615 3641 5684 vitiosum,
3676 5633 3786 5672 seu

2121 5704 2357 5761 crimini
2401 5711 2656 5775 vertens,
2710 5706 2761 5761 si
2793 5723 2906 5763 non
2940 5707 3360 5779 depravaretur
3414 5706 3573 5776 quod
3634 5705 3790 5762 bene
