4080 6394
309 390 417 444 953

1379 392 1476 445 DE
1513 392 1888 445 MICHAELE
1926 390 2358 447 PALEOLOGO
2395 392 2528 445 LIB.
2562 393 2657 445 Vl.

3629 388 3741 443 954

307 537 417 571 νειν
476 514 798 588 ἠνάγκαζεν,
858 512 957 568 οὐκ
1016 512 1250 568 εὐθύνων
1308 514 1370 568 τὸ
1431 517 1506 586 μή
1566 514 1751 576 καλῶς
1808 512 2324 602 ἔχον,Αγεγονὸς,
2360 512 2529 589 ἄνδρα
2572 508 2860 576 εὐλαϐείας
2915 514 3010 586 μὲν
3068 513 3145 575 εἷς
3204 510 3364 588 ἄκρον
3405 514 3735 585 μεταποιού-

309 603 436 661 ἄλλ’
497 602 766 677 ἐγκαλῶν,
816 602 859 657 εἰ
920 604 994 676 μὴ
1029 598 1479 678 στρεϐλοῖτο,τῷ
1507 602 1694 668 καλῶς
1751 601 1963 679 ἔχοντι.

305 696 426 749 ’Ὁτι
462 691 634 747 δὲκαὶ
666 714 805 747 τισιν
866 691 1084 747 ἐκείνων
1143 693 1475 770 παρεξήγετο
1529 694 1596 748 τὰ
1648 698 1745 749 τοῦ
1794 694 1965 764 ζήλου

309 786 398 839 καὶ
459 788 555 838 τοῦ
612 783 777 855 μὲσου
834 783 1262 858 παρολισθαῖνον
1317 788 1433 845 τοῖς
1485 783 1747 845 ἐναντίοις
1797 804 1965 858 προσ-

310 876 534 941 ἐπαιεν,
597 870 764 943 ἔξεστι
820 876 898 944 τῷ
959 870 1325 948 διακρινοῦντι
1384 879 1625 929 σκοπεῖν.
1696 874 1841 941 πλὴν
1902 873 1967 927 τὰ

308 971 409 1032 τῆς
467 962 739 1035 τιμωρίας
797 956 1065 1016 σϐεννύειν
1118 964 1233 1037 εἶχε
1288 962 1377 1017 καὶ
1432 964 1495 1017 τὸ
1553 961 1815 1038 ἀμηγέπη
1877 950 1964 1017 ἐπῖ

309 1059 427 1114 τοῖς
459 1072 529 1125 πρ
539 1052 804 1124 αττομένο
817 1072 859 1113 ις
892 1048 1126 1126 εὔλογον
1140 1098 1151 1109 .

379 1142 825 1213 Ἐκκεκομμένης
882 1141 1057 1196 τοίνυν
1116 1149 1215 1210 τῆς
1286 1141 1592 1218 παρρησίας
1639 1148 1755 1204 τοῖς
1812 1141 1963 1197 ἐλευ-

306 1230 483 1301 Θὲροις
549 1230 653 1284 ὑπὸ
709 1229 901 1284 σκότον
959 1232 1215 1307 φάμουσα
1273 1231 1651 1307 ἐῤῥιπτοῦντο,
1707 1234 1809 1301 τήν
1861 1239 1965 1297 τῆς

305 1321 487 1395 ἀρχῆς
544 1314 882 1393 παραϐασίαν
934 1318 1254 1396 ἐλέγχοντα.
1309 1322 1376 1378 Oi
1430 1317 1487 1376 δὲ
1541 1321 1633 1375 τὸν
1691 1321 1965 1400 γράφοντα

307 1410 382 1484 μὴ
418 1405 637 1484 ἔχοντες
668 1412 932 1481 τιμωρεῖν
962 1408 1048 1482 (οὐ
1095 1409 1196 1485 γάρ
1254 1410 1323 1479 ἦν
1382 1408 1787 1487 ἐμφανίζεσθαι)
1844 1416 1963 1473 τοῖς

305 1497 618 1572 εὑρίσκουσι
681 1497 893 1573 βαρέως
948 1497 1171 1573 ἐπεῖχον
1231 1500 1307 1561 ὡς
1364 1498 1551 1563 αὐτοῖς
1610 1495 1959 1572 ὑϐρίζουσινο

308 1582 467 1661 ὕϐριν
526 1587 629 1663 γὰρ
686 1585 915 1642 ἐκάλουν
970 1588 1062 1642 τὸν
1122 1586 1392 1663 ἔλεγχον.
1470 1588 1789 1666 Ἐγγράφως
1845 1612 1965 1646 τοι-

306 1680 509 1753 γαροῦν
546 1676 805 1753 ἐκυροῦτο
856 1680 890 1746 ἡ
936 1678 1178 1754 τιμωρία
1224 1683 1305 1751 τῷ
1353 1679 1515 1751 μόνον
1568 1681 1881 1753 εὑρήσοντι,
1916 1681 1961 1735 εί

306 1767 467 1829 αὐτὸς
493 1766 770 1843 ἀναγνοίη,
802 1767 846 1821 εἷ
878 1764 1037 1840 ἄλλῳ
1068 1766 1289 1840 ἐξείποι,
1340 1769 1385 1822 εἰ
1439 1770 1515 1843 μὴ
1570 1771 1695 1825 κάοι
1754 1791 1963 1845 παραυ-

305 1857 454 1913 τίκα.
516 1855 655 1931 Πρὸς
703 1854 761 1910 δὲ
787 1855 985 1928 καὶτῷ
1038 1856 1493 1935 βασιλογραφείου
1549 1858 1957 1935 ἐγκαλουμένῳ,

311 1945 386 2007 ὠς
417 1942 536 2021 ἔχοι
575 1945 759 2019 μόνον,
788 1948 822 2015 ἡ
855 1945 1057 2015 ἀπειλή
1090 1947 1317 2010 θάνατος
1352 1946 1625 2023 ἄντικρυς.

306 2096 401 2152 κε’.
468 2097 594 2171 Περὶ
670 2101 771 2151 τοῦ
842 2095 1113 2153 Καλοειδᾶ
1184 2098 1275 2190 καὶ
1333 2100 1456 2174 περί
1532 2104 1628 2154 τοῦ
1707 2100 1959 2157 Ἰωάννου

966 2175 1065 2225 τοῦ
1097 2175 1293 2227 Δούκα.

376 2306 459 2372 [Ρ.
494 2304 623 2373 335]
654 2303 963 2378 Τεκμηριοῖ
1017 2300 1073 2356 δὲ
1130 2303 1218 2358 καὶ
1249 2304 1312 2358 τὸ
1342 2304 1467 2381 περὶ
1496 2306 1588 2359 τὸν
1649 2303 1954 2361 Καλοειδᾶν

303 2528 575 2584 habebat.
618 2528 819 2600 Neque
850 2528 1103 2585 diffiteor
1133 2534 1330 2585 tamen
1357 2534 1663 2601 peceatum
1698 2547 1732 2585 a
1754 2548 1958 2586 mona-

300 2618 448 2687 chis,
475 2618 831 2689 quibusdam
856 2634 1061 2673 eorum
1088 2619 1407 2674 inconsulti
1438 2620 1546 2675 zeli
1569 2620 1957 2677 offervescen-

302 2708 388 2761 tia
440 2708 967 2779 prorumpentibus
996 2725 1109 2778 quo
1161 2709 1403 2765 minime
1446 2710 1804 2765 conveniret.
1844 2709 1957 2765 Ve-

299 2813 429 2853 rum
484 2814 555 2852 ne
592 2797 787 2868 ipsum
853 2797 1090 2868 quidem
1144 2798 1600 2869 imperatorem,
1671 2800 1813 2853 dum
1866 2799 1956 2854 his

299 2886 557 2952 obsistit,
612 2887 866 2941 medium
900 2886 1146 2942 laudatas
1202 2888 1620 2943 moderationis
1670 2888 1952 2955 tenuisse,

302 2977 405 3029 sed
466 2975 790 3029 excedendo
840 2974 1158 3047 impegisse
1219 2976 1278 3030 in
1334 2978 1693 3032 contrarium
1762 2983 1954 3033 extre—

310 3080 497 3125 mum,
560 3064 785 3118 confido
832 3064 1204 3133 judicaturos
1259 3067 1556 3137 sapientes
1592 3108 1607 3136 ,
1659 3066 1756 3120 ubi
1824 3084 1954 3137 quae

306 3153 433 3206 fieri
482 3156 619 3208 tunc
648 3153 893 3223 contigit
937 3158 1155 3209 attente
1206 3155 1629 3226 perspexerint.
1663 3156 1952 3211 Caeterum

293 3258 430 3297 eum
465 3242 742 3314 utrinque
773 3249 905 3299 acta
936 3260 1043 3299 sua
1075 3244 1343 3314 quaedam
1378 3245 1663 3301 coloraret
1707 3246 1953 3302 rationis

296 3332 547 3401 species,
600 3331 792 3387 valere
854 3332 953 3387 illa
997 3333 1198 3388 debuit
1247 3336 1319 3389 ad
1390 3334 1814 3405 extinguendos
1866 3336 1955 3391 vel

297 3428 455 3477 certe
478 3423 891 3493 temperandos
918 3428 1307 3494 utrorumque
1333 3424 1575 3479 insanos
1602 3426 1865 3493 ardores,
1896 3430 1959 3480 ut

304 3526 413 3565 nec
447 3509 719 3565 monachi
750 3515 867 3566 tam
903 3514 1331 3567 contumaciter
1361 3517 1619 3585 Augusto
1663 3531 1954 3586 repugna-

301 3605 455 3664 rent,
501 3616 703 3671 pacem
749 3599 1144 3657 Ecclesiarum
1196 3601 1528 3673 reipublicae
1570 3601 1952 3659 utilissimam

302 3689 787 3744 accomodatione
865 3690 1068 3746 multis
1122 3692 1363 3762 probata
1421 3693 1759 3762 procuranti
1822 3736 1837 3762 ,
1898 3697 1956 3748 et

300 3776 563 3832 vicissim
621 3778 940 3849 imperator
968 3780 1165 3834 mitius
1213 3795 1312 3834 eos
1344 3795 1653 3847 coerceret,
1699 3797 1948 3851 quorum

304 3867 682 3922 aastuantium
731 3875 886 3923 metu
941 3869 1242 3939 peccandi,
1297 3868 1431 3923 licet
1479 3886 1648 3939 vano,
1698 3870 1951 3925 infirmis

303 3974 492 4028 aequm
529 3962 655 4012 erat
685 3958 1058 4012 conscientiis
1091 3958 1334 4029 ignosci.
1370 3957 1442 4012 Ut
1474 3963 1539 4013 ut
1568 3974 1740 4029 porro
1783 3960 1951 4030 quis-

301 4062 414 4116 que
444 4046 514 4101 de
555 4045 649 4101 his
698 4052 940 4115 statuat,
974 4046 1110 4101 inde
1158 4047 1375 4102 factum
1424 4053 1515 4103 est
1566 4053 1628 4102 ut
1671 4064 1952 4119 oppressa

301 4134 537 4206 publice
598 4136 767 4190 saevis
819 4135 1238 4207 suppliciorum
1306 4136 1591 4208 exemplis
1651 4138 1948 4193 contradi-

300 4224 469 4279 cendi
517 4224 758 4279 libertas
792 4225 849 4279 in
902 4225 1174 4279 furtivam
1219 4225 1602 4281 maledicendi
1653 4225 1947 4282 licentiam

298 4319 655 4385 erumperet,
710 4314 1035 4385 famosique
1066 4313 1248 4370 libelli
1279 4314 1427 4370 clam
1462 4316 1731 4371 noctibus
1780 4333 1949 4388 spar-

294 4407 593 4473 gerentur,
645 4403 861 4472 quibus
910 4403 1253 4475 imperatori
1301 4405 1805 4475 exprobrabantur
1851 4423 1949 4461 ve-

296 4497 427 4546 tera
458 4490 679 4547 scelera
731 4492 917 4548 invasi
951 4493 1209 4563 perjurio
1241 4493 1473 4563 imperii
1504 4494 1948 4565 circumscripto

300 4580 526 4651 pupillo
558 4589 961 4652 excaecaloque
991 4597 1124 4635 vero
1156 4581 1402 4637 haerede.

374 4669 476 4724 His
526 4669 845 4741 imperator
875 4686 1007 4725 cum
1043 4670 1168 4725 suis
1218 4688 1395 4742 supra
1426 4672 1666 4726 modum
1716 4673 1951 4743 irritati,

298 4775 480 4829 quam
514 4759 572 4813 in
607 4764 873 4814 auctores
914 4759 1246 4813 libellorum
1272 4760 1395 4815 suis
1427 4760 1670 4816 latebris
1694 4765 1847 4817 tutos
1870 4764 1950 4817 ef-

297 4849 543 4903 fundere
575 4848 714 4903 iram
742 4850 1085 4920 nequibant,
1119 4850 1175 4903 in
1204 4866 1302 4904 eos
1327 4850 1427 4921 qui
1460 4850 1837 4906 sustulissent
1858 4851 1951 4905 in-

296 4943 499 4992 ventos
530 4939 682 5009 apud
717 4954 896 5009 seque
928 4943 1195 4993 tenerent
1224 4980 1239 5009 ,
1274 4956 1574 5010 pmnarum
1604 4940 1948 4996 crudelitate

294 5027 614 5083 satiabant.
646 5028 790 5082 Nam
820 5032 875 5082 et
898 5028 1071 5098 objici
1095 5028 1254 5093 talia,
1280 5036 1579 5102 utcunque
1609 5046 1763 5098 vera,
1784 5047 1945 5085 sum-

295 5134 455 5171 mam
485 5116 899 5172 contumeliam
927 5117 1251 5187 putabant:
1285 5123 1342 5173 et
1366 5118 1545 5189 hujus
1578 5119 1949 5175 contumelia:

292 5223 467 5261 veros
501 5212 770 5262 auctores
802 5224 900 5261 eos
932 5208 1317 5272 arbitrantur,
1350 5210 1449 5281 qui
1482 5209 1703 5265 nefaria
1731 5214 1789 5265 et
1816 5210 1942 5264 visu

295 5295 490 5367 primo
541 5296 828 5351 abolenda
868 5296 1089 5367 scripta
1118 5312 1251 5351 cum
1280 5295 1392 5367 ipsi
1415 5297 1696 5369 legerent,
1717 5302 1845 5352 tum
1868 5298 1945 5353 le-

284 5386 484 5457 genda
514 5384 735 5440 caeteris
768 5389 1086 5440 servarent.
1122 5386 1259 5441 Fixa
1288 5386 1465 5458 igitur
1494 5386 1551 5441 in
1586 5386 1821 5458 publico
1852 5386 1943 5443 lex

286 5480 385 5530 est
415 5474 594 5544 hujus
626 5474 928 5528 sententiae
956 5492 968 5528 :
1003 5496 1031 5524 ‹‹
1064 5474 1169 5538 Qui
1204 5476 1495 5531 famosum
1542 5475 1846 5543 invenerit,
1892 5478 1941 5533 si

287 5564 501 5633 legerit
532 5563 679 5635 ipse,
703 5563 750 5618 si
780 5563 878 5618 alii
899 5564 1129 5631 dixerit,
1155 5565 1345 5621 sinon
1371 5566 1567 5621 statim
1594 5567 1939 5622 combusse-

284 5655 388 5722 rit,
425 5653 474 5708 si
506 5655 658 5724 apud
691 5669 751 5707 se
802 5652 1011 5707 habere
1043 5654 1442 5725 deprehensus
1492 5655 1686 5726 fuerit,
1729 5655 1939 5727 capitis

283 5746 659 5801 damnator.»
691 5742 1053 5809 Quaestiones
1075 5742 1210 5801 inde
1232 5760 1394 5802 acres
1415 5746 1657 5816 diraque
1677 5746 1823 5802 492
1837 5745 1937 5817 ju-

2082 626 2263 677 μενον,
2296 604 2558 680 παρθενίᾳ
2601 608 2867 673 συζῶντα,
2920 603 3009 656 καὶ
3067 601 3447 675 ἐλεημοσύνην
3493 602 3583 656 καὶ
3632 604 3731 671 τὴν

2076 695 2210 768 πρὸς
2267 694 2359 747 τὸν
2401 692 2635 763 πλησίον
2698 691 2908 766 ἀγάπην
2970 691 3307 767 ἀσύγκριτον.
3372 690 3734 766 ἐξυπηρετού-

2080 804 2240 855 μενον
2275 781 2332 837 δὲ
2362 787 2430 857 τῇ
2492 780 2751 856 δεσποίνῃ
2809 785 2918 836 τῶν
2979 781 3266 853 ταμιείων,
3301 781 3384 849 ὃν,
3417 781 3531 835 ἐπεὶ
3569 776 3734 853 μόνον

2077 871 2223 948 ἔχων
2275 876 2523 927 τοιοῦτον
2578 870 2746 943 ἑάλω,
2799 868 2922 925 οὕτε
2964 872 3024 924 τὸ
3078 866 3301 932 εὐλαϐὲς
3356 866 3551 939 ἔσωζεν
3614 868 3737 925 οὕτε

2081 964 2187 1034 μὴν
2248 964 2282 1031 ἠ
2341 962 2474 1036 ὑπὲρ
2535 960 2740 1015 ἐκείνου
2813 967 2912 1029 τῆς
2971 958 3262 1029 δεσποίνης
3317 957 3528 1027 σπουδή
3583 981 3737 1034 περι-

2076 1053 2394 1122 εποιήσατο,
2426 1050 2572 1105 ἀλλὰ
2591 1055 2697 1104 τῶν
2732 1050 2997 1123 ὀμμάτων
3033 1055 3238 1121 στερεῖν
3292 1048 3530 1104 κελεύων
3568 1047 3730 1121 μόλις

2074 1143 2141 1195 τά
2190 1148 2289 1210 τῆς
2324 1142 2627 1213 ξκολάσεως
2679 1139 2756 1201 εἷς
2814 1140 2876 1193 τὸ
2928 1139 3275 1213 ἀνεκτότερον
3334 1137 3583 1213 περιίστα
3642 1136 3732 1193 διὰ

2074 1231 2173 1300 τὴν
2199 1238 2299 1300 τῆς
2328 1227 2617 1299 δεσποίνης
2674 1230 2882 1304 συχνήν
2943 1229 3196 1284 ἱκετείαν.
3230 1227 3559 1301 Προστάσσει
3592 1227 3721 1303 γᾶιρ⁹

2077 1323 2161 1395 [Ρ.
2195 1322 2325 1393 336]
2374 1322 2463 1375 καὶ
2510 1318 2695 1392 ἄγεται
2727 1320 2754 1373 ὁ
2784 1319 3107 1393 κατάκριτος
3165 1318 3312 1394 παρᾶ
3359 1318 3453 1371 τὸν
3507 1321 3605 1371 τοῦ
3632 1316 3729 1395 φό-

2076 1431 2175 1484 ρου
2230 1409 2391 1464 κίονα
2449 1408 2502 1463 ἐν
2562 1412 3030 1469 Κωνσταντιαναῖς
3069 1452 3081 1463 .
3129 1407 3228 1461 Καὶ
3282 1412 3401 1470 τοῖς
3438 1405 3732 1481 κληρικοῖς

2074 1500 2315 1570 ἀπαντᾷν
2349 1497 2660 1553 ἐπιστέλλει
2707 1498 2806 1568 τὴν
2858 1496 3127 1572 ταχίστην
3186 1493 3355 1569 μηδὲν
3408 1493 3603 1562 εἷ’δόσι,
3634 1496 3727 1551 καὶ

2073 1592 2153 1660 τῷ
2204 1587 2359 1660 τόπῳ
2418 1586 2751 1664 ἐφίστασθαι.
2814 1585 3125 1661 Κληρικοὸς
3169 1582 3226 1638 δὲ
3255 1582 3470 1647 πάντως
3522 1582 3732 1654 ἐκάλει,

2078 1678 2332 1741 ὑπόπτως
2366 1678 2448 1733 ἀεὶ
2480 1678 2616 1752 πρὸς
2650 1676 2847 1739 αὐτοὺς
2908 1671 3077 1752 ἔχων,
3109 1677 3184 1737 ὡς
3214 1680 3332 1736 ταῖς
3392 1674 3465 1735 εἷς
3524 1675 3727 1729 ἐκεῖνον

2071 1768 2363 1842 τιμωρίαις
2397 1762 2759 1840 δεδιξάμενος.
2806 1768 2995 1828 "Ocrth
3028 1764 3122 1819 οὖν
3172 1764 3275 1819 οὐκ
3322 1763 3374 1818 ἐν
3425 1761 3630 1833 εἷδήσει
3664 1763 3728 1830 ἦν

2070 1859 2137 1913 τά
2166 1859 2537 1931 πραττόμενα,
2594 1858 2935 1935 ἀφικνοῦντο’
2997 1857 3049 1910 oi
3100 1853 3145 1909 δ’
3186 1852 3389 1915 εἰδότες
3444 1852 3727 1929 ἐπραγμα-

2068 1947 2325 2002 τεύσαντο
2354 1948 2453 2016 τὴν
2503 1947 2821 2024 ἀποφυγὴν,
2854 1946 2929 2009 ὡς
2986 1944 3132 2019 εἶχεν
3193 1940 3443 2004 ἕκαστος.
3515 1944 3726 1999 Ἰστῶσι

2066 2036 2249 2091 τοίνυν
2302 2037 2394 2091 τὸν
2456 2034 2645 2106 ἄνδρα,
2705 2035 2793 2090 καὶ
2847 2039 3040 2110 πρῶτα
3101 2034 3195 2107 μὲν
3244 2033 3339 2094 τὰς
3395 2031 3592 2107 τρίχας
3622 2039 3723 2101 τῆς

2066 2125 2313 2203 κεφαλῆς
2363 2125 2461 2180 οὐκ
2517 2124 2568 2179 ἐν
2617 2130 2739 2200 χρῴ
2789 2124 3085 2199 κείραντες,
3129 2124 3201 2183 ὡς
3258 2127 3563 2197 συνεργοῖεν
3601 2121 3725 2175 καί-

2069 2238 2182 2271 οντι
2235 2220 2313 2288 τῷ
2361 2216 2514 2292 πυρὶ,
2575 2210 3053 2289 ἐμϐάλλουσιπῦρ
3109 2217 3227 2274 τοῖς
3258 2213 3488 2287 χάρταις
3522 2206 3724 2286 βεϐρά-

2066 2328 2185 2368 ναις
2238 2304 2357 2361 οὖσι
2410 2305 2500 2360 καὶ
2556 2304 2627 2379 τῇ
2684 2302 2898 2382 κεφαλῇ
2956 2301 3233 2367 ἐντιθεῖσιν
3281 2302 3355 2363 ὡς
3414 2302 3527 2374 ἅμα
3556 2299 3723 2374 ταύτῃ

2072 2531 2225 2586 dicia
2256 2532 2625 2601 frequentata
2657 2530 2728 2584 de
2762 2528 2868 2584 hoc
2898 2527 3165 2593 crimine,
3199 2526 3349 2597 quod
3397 2524 3725 2596 basilogra-

2068 2620 2275 2692 pbium
2295 2618 2773 2690 nuncupabatur.
2800 2617 2987 2687 Hujus
3017 2620 3083 2671 ut
3104 2631 3237 2670 reus
3258 2616 3393 2685 quis
3418 2629 3721 2685 peragere-

2066 2713 2184 2778 tur,
2217 2709 2361 2764 satis
2392 2713 2515 2763 erat
2539 2706 2779 2777 reperiri
2816 2721 2993 2777 penes
3024 2721 3155 2759 cum
3182 2703 3439 2774 aliquem
3463 2703 3591 2772 ejus
3623 2718 3722 2773 ge-

2067 2798 2226 2854 neris
2258 2797 2546 2854 libellum.
2578 2795 2854 2852 Convicto
2889 2811 3047 2849 mors
3078 2793 3505 2849 intentabatur.

2351 2942 2440 2996 25.
2476 2942 2550 2995 De
2581 2938 2809 2997 Caloida
2838 2941 2884 2995 et
2917 2938 2982 2993 de
3023 2940 3239 2993 Joanne
3269 2937 3434 2991 Daca.

2137 3069 2320 3132 Quam
2346 3071 2543 3121 autem
2577 3082 2690 3119 non
2724 3081 2870 3119 vana
2905 3079 3205 3135 quamque
3236 3060 3640 3117 irrevocabilis
3657 3078 3725 3115 ea

2064 3157 2339 3229 supplicii
2396 3154 2639 3211 extremi
2673 3154 3054 3209 comminatio
3107 3151 3299 3219 fuerit,
3336 3151 3568 3205 abunde
3620 3152 3721 3205 de-

2071 3248 2439 3314 monstravit,
2468 3246 2623 3316 quod
2647 3243 2894 3299 Caloidae
2926 3242 3193 3312 contigit,
3224 3241 3346 3296 viro
3370 3240 3596 3296 eximiae
3629 3256 3743 3319 re-p

2075 3336 2309 3408 ligionis
2333 3349 2699 3403 summisque
2714 3332 3068 3399 sanctitatis,
3086 3331 3142 3385 in
3157 3329 3493 3401 virginitate
3512 3328 3723 3383 viventi

2074 3424 2485 3494 exercentique
2518 3440 2580 3479 se
2612 3422 2848 3477 assidue
2880 3422 2939 3476 in
2971 3419 3359 3490 eleemosynis
3393 3436 3459 3473 ac
3500 3418 3727 3473 caeteris

2073 3516 2124 3571 id
2161 3533 2348 3587 genus
2379 3533 2517 3587 erga
2550 3516 2867 3586 proximos,
2910 3514 3037 3568 sine
3068 3510 3398 3565 differentia
3429 3509 3728 3563 delecluve

2073 3623 2482 3679 personarum,
2516 3604 2913 3660 misericordis
2936 3603 3243 3658 charitatis
3266 3599 3564 3671 operibus.
3589 3600 3727 3654 Erat

2072 3701 2268 3750 autem
2296 3695 2452 3750 idem
2486 3696 2555 3749 de
2583 3693 2806 3748 familia
2827 3690 3240 3763 imperatricis,
3262 3706 3449 3761 penus
3469 3690 3598 3759 ejus
3616 3704 3721 3743 cu-

2069 3801 2194 3839 ram
2231 3800 2461 3855 gerens.
2498 3784 2664 3838 Hunc
2694 3782 3111 3837 tantummodo
3144 3781 3356 3835 habere
3389 3779 3603 3833 librum
3640 3787 3723 3833 la-

2069 3874 2181 3929 lem
2216 3874 2651 3945 deprehensum
2686 3889 2802 3927 non
2836 3889 2945 3928 sua
2967 3873 3153 3942 pietas
3181 3868 3449 3938 servavit,
3474 3885 3587 3924 non
3622 3886 3721 3939 pa-

2068 3969 2253 4018 tronae
2299 3966 2574 4033 Augustas
2622 3968 2907 4032 quantum
2960 3964 3157 4032 posset
3187 3976 3288 4028 pro
3340 3958 3455 4012 fido
3486 3962 3545 4012 et
3587 3974 3721 4012 caro

2066 4054 2278 4107 cliente
2325 4067 2391 4106 ac
2424 4050 2695 4105 ministro
2726 4049 3050 4120 satagentis
3096 4046 3441 4117 suffragatio
3487 4046 3717 4100 studio-

2065 4140 2302 4195 sissima
2326 4142 2591 4211 protexit.
2618 4138 2766 4194 Illud
2794 4139 2950 4192 enim
2976 4138 3260 4191 duntaxat
3278 4134 3720 4189 ardentissimis

2063 4236 2122 4286 et
2152 4230 2501 4286 creberrime
2523 4228 2899 4297 ingeminatis
2920 4225 3188 4296 conjugis
3207 4242 3327 4279 suae
3359 4240 3460 4295 pro
3482 4223 3721 4279 Caloida

2066 4322 2337 4391 precibus
2364 4319 2456 4373 vix
2488 4318 2725 4373 tandem
2758 4320 3057 4387 Augustus
3090 4314 3370 4370 relaxavit
3404 4357 3418 4381 ,
3451 4318 3514 4368 ut
3545 4329 3716 4383 pmna

2066 4409 2271 4464 mortis
2299 4410 2355 4463 in
2385 4407 2826 4463 excaecationem
2854 4409 3199 4460 mutaretur.
3224 4403 3405 4458 Jussu
3430 4418 3566 4473 ergo
3586 4403 3716 4471 ejus

2065 4500 2379 4553 damnatus
2409 4499 2479 4552 ad
2508 4497 2612 4552 fori
2646 4496 2983 4551 columnam
3008 4495 3067 4549 in
3099 4492 3536 4550 Conslantianis
3558 4491 3719 4546 sisti-

2061 4593 2178 4643 tur.
2210 4589 2584 4642 Advocantur
2622 4587 2825 4640 eodem
2859 4589 2915 4639 et
2945 4582 3160 4651 clerici,
3196 4582 3499 4653 repentino
3530 4597 3715 4650 eoque

1984 4650 2032 4710 ί)
2063 4679 2181 4731 acri
2213 4693 2279 4731 ac
2311 4676 2485 4730 minis
2518 4676 2577 4729 in
2619 4678 2962 4729 cunctantes
3006 4673 3230 4727 sancito
3271 4671 3481 4735 accitu,
3526 4669 3714 4739 ignari

2062 4782 2236 4835 quam
2289 4766 2362 4819 ob
2396 4781 2657 4819 causam.
2689 4766 2911 4818 Adesse
2942 4767 3135 4817 autem
3170 4759 3515 4816 eos‘idcirco
3548 4758 3711 4828 prin-

2060 4872 2197 4923 ceps
2232 4854 2436 4923 voluit,
2472 4858 2535 4908 ut
2558 4870 2745 4923 genus
2777 4852 2832 4905 id
2861 4850 3168 4905 hominum
3203 4849 3311 4903 sibi
3348 4848 3573 4901 dudum
3598 4863 3706 4901 con

2060 4943 2329 4998 tumaciaa
2362 4949 2702 5013 suspectum
2737 4939 3011 5011 exemplo
3028 4940 3139 4993 diri
3164 4937 3437 5009 supplicii
3462 4942 3712 4991 terrere-

2058 5036 2176 5088 tur.
2210 5034 2557 5102 Quicunque
2586 5031 2766 5103 igitur
2797 5046 2864 5084 ex
2894 5030 2967 5083 iis
3020 5027 3159 5098 quid
3196 5026 3511 5097 spectaturi
3542 5041 3708 5080 voca-

2057 5128 2263 5176 rentur
2304 5121 2674 5192 ignorarunt,
2709 5135 2823 5189 quo
2846 5117 3221 5186 jubebantur
3251 5119 3391 5170 sunt
3434 5114 3709 5184 profecti;

2055 5211 2154 5282 qui
2190 5227 2311 5266 rem
2336 5208 2990 5281 praesenserantJugam
3009 5206 3390 5277 expedierunt
3411 5221 3527 5275 qua
3554 5204 3715 5275 quis-

2054 5316 2167 5370 que
2202 5299 2392 5369 potuit
2436 5296 2759 5352 tutissime.
2810 5296 3094 5351 Perduelo
3127 5295 3198 5349 ad
3232 5294 3431 5349 lucum
3463 5292 3707 5348 Caloidaa

2053 5407 2218 5445 coma
2253 5389 2495 5444 detonsa
2525 5392 2661 5452 est.,
2691 5402 2806 5440 non
2854 5386 2923 5441 ad
2958 5389 3177 5452 cutem,
3224 5386 3325 5440 sed
3360 5384 3492 5454 pilis
3544 5400 3577 5437 a
3607 5399 3707 5437 ra-

2052 5482 2179 5535 dice
2210 5479 2277 5534 ad
2315 5478 2573 5548 aliquam
2607 5476 2800 5531 adhuc
2823 5475 3191 5531 altitudinem
3226 5474 3444 5530 relictis
3469 5478 3701 5528 exstan-

2049 5570 2236 5635 tibus,
2270 5574 2333 5623 ut
2366 5566 2644 5639 pabulum
2679 5565 2797 5637 igni
2831 5571 3030 5621 essent
3060 5582 3159 5637 per
3191 5565 3298 5620 hos
3330 5563 3535 5617 intime
3568 5561 3699 5632 pel-

2047 5660 2162 5716 lem
2195 5660 2384 5731 ipsam
2424 5673 2491 5712 ac
2521 5655 2742 5711 calvam
2794 5655 3052 5711 ambusti
3082 5654 3315 5710 verticis
3359 5668 3695 5724 pervasuro.

2044 5749 2361 5823 Applicataa
2393 5746 2607 5802 dehinc
2658 5750 2935 5819 arcteque
2963 5763 3258 5821 appressaa
3289 5741 3487 5800 miseri
3521 5741 3701 5815 capiti
