4080 6396
408 380 515 434 955

1725 382 2028 437 GEORGII
2067 383 2533 436 PACHYMERIE

3735 375 3860 429 956

410 503 768 577 καυσομὲνοις
804 549 817 575 ,
869 505 983 560 εἶτα
1038 505 1127 560 καὶ
1176 508 1275 575 την
1324 504 1443 579 ῥῖνα
1499 504 1758 577 τεμόντες
1818 505 2065 581 μαχαίρᾳ
2094 510 2148 576 Α
2178 506 2294 559 κατ’
2321 504 2510 579 ὀλίγον
2542 502 2631 558 καὶ
2660 503 2925 577 συχνάκις
2954 499 3248 575 γινόμενον
3284 520 3361 562 εις
3394 502 3517 556 ὅσον
3574 499 3858 556 πλεῖστον

412 596 659 667 ἡμιθανῆ
695 592 789 648 εἴτ’
821 595 916 648 οὖν
967 593 1181 667 ἡμιδαῆ
1240 596 1475 671 ἀφιᾶσιν.
1528 593 1711 649 Ἀλλά
1752 599 1918 649 ταῦτα
1972 596 2064 668 μὲν

419 685 610 757 μικρὸν
646 682 890 759 ὕστερον⁵
933 684 1020 740 ὅτε
1048 688 1115 757 τῇ
1148 682 1311 739 πόλει
1353 682 1748 756 ἐπιδεδήμηκε.
1802 686 1940 740 Τότε
1988 682 2064 753 δὲ,

412 769 787 835 Ποσειδεῶνος
854 771 1205 846 ἑκκαιδεκάτῃ
1273 774 1408 844 μετά
1463 774 1560 841 τήν
1625 780 1724 841 τῆς
1800 773 2066 827 Θεοτόκου

409 862 626 935 ἑορτὴν,
675 860 991 931 ἐξεληλάκει
1047 863 1143 934 μὲν
1198 860 1476 935 βασιλεὺς,
1508 858 1827 933 ἐξεληλάκει
1861 858 1918 915 δὲ
1961 882 2067 915 πα-

405 950 701 1025 τριάρχης,
749 951 844 1004 τοῦ
898 949 1434 1025 πατριαρχεόσαντος
1479 951 1676 1026 Ἰωσὴφ
1726 952 2065 1028 πεμφθέντος

408 1040 483 1101 είς
514 1040 575 1093 τὸ
605 1036 927 1111 Κοσμίδιον.
968 1037 1123 1095 Ἀλλ’
1156 1041 1182 1093 ὁ
1220 1040 1312 1113 μὲν
1344 1038 1588 1112 πέμψας,
1632 1039 1722 1093 καὶ
1754 1040 1845 1093 τὸν
1882 1046 2059 1117 Σφαν-

404 1134 536 1197 τζῆν
588 1129 804 1201 ἀγαγὼν
861 1123 1130 1201 Γαϐριὴλ,
1182 1129 1239 1183 ’ὀν
1292 1130 1617 1201 αὐτανέψιον
1659 1125 1790 1182 ὄντα
1825 1134 1922 1184 τοῦ
1953 1128 2060 1200 ’ἤδη

402 1217 780 1295 τυφλωθὲντος
830 1218 1086 1273 Ἰωάννου
1133 1218 1249 1292 εἶχε
1307 1217 1401 1289 μὶν
1461 1216 1727 1292 πρότερον
1786 1216 1837 1270 ἐν
1866 1222 1934 1291 τῇ
1967 1223 2063 1272 τοῦ

414 1305 923 1379 παρακοιμωμένου
998 1312 1098 1375 τῆς
1188 1304 1437 1380 μεγάλης
1526 1303 1826 1379 σφενδόνης
1899 1310 2060 1380 τιμῇ,

404 1396 623 1468 ὕστερον
660 1395 703 1449 δ’
750 1394 834 1449 ἐπ’
878 1395 1074 1456 αἰτιαις
1128 1394 1439 1472 ἐξετόφλου,
1495 1393 1770 1465 συνδυάξει
1822 1400 2063 1471 συγγενεῖ

401 1506 463 1559 γε
490 1485 605 1539 ’ὸντι
632 1489 710 1555 τῷ
741 1486 987 1557 Ἰωάννῃ,
1011 1484 1100 1538 καὶ
1151 1485 1270 1556 μεθ’
1323 1484 1515 1538 ἑαυτοῦ
1570 1482 1913 1557 ἐπαγόμενος
1962 1485 2061 1552 τὴν

401 1574 539 1647 πρὸς
570 1576 671 1643 τήν
702 1570 1063 1645 Νικομήδους
1120 1573 1211 1626 καὶ
1267 1573 1334 1626 τὰ
1382 1572 1504 1647 περὶ
1566 1573 1772 1642 ἐκείνην
1831 1571 2056 1641 ἤλαυνε.

402 1664 761 1740 Πατριάρχης
794 1663 851 1719 δὲ
899 1665 990 1717 τὸν
1041 1665 1177 1720 κατὰ
1212 1666 1311 1733 τὴν
1362 1660 1598 1720 κιϐωτὸν
1649 1672 1748 1733 τῆς
1786 1662 2059 1735 Θαλάσσης

398 1754 685 1829 τράχηλον
749 1752 1290 1829 διαπεραιωσάμενος
1373 1755 1495 1809 εὐθὺ
1563 1754 1795 1814 Νικαίας
1875 1755 2054 1828 ὥρμα.

2180 593 2653 671 συγκεφαλαιωθὶν
2710 592 2771 645 τὸ
2830 593 3005 645 θανεῖν
3063 590 3255 664 ἐπῆγε,
3314 589 3599 645 κάντεῦθεν
3648 589 3855 659 ἀπήλ-

2179 682 2349 738 λακτο
2414 685 2506 756 μὲν
2566 682 2768 744 ἐκεῖνος
2822 684 2965 750 ζωῆς
3028 677 3335 748 ἐπωδόνου,
3390 678 3727 749 ἀπήλλακτο
3797 677 3864 734 δὲ

2175 775 2260 827 καὶ
2301 772 2556 847 βασιλεὺς
2587 778 2688 841 τῆς
2739 770 2822 826 ἐπ’
2872 769 3063 842 ἐκείνῳ
3112 766 3424 846 φροντίδος.
3459 768 3635 830 Αὐτὸς
3692 766 3752 822 δὲ
3786 770 3862 823 τὰ

2175 863 2311 918 κατά
2357 862 2448 916 τὸν
2508 861 2782 937 Σάγγαριν
2833 860 3333 934 περιηγησάμενος,
3393 858 3483 913 καὶ
3530 858 3599 911 τὰ
3661 857 3854 912 ἐκεῖσε

2175 951 2408 1026 φρούρια
2467 950 2517 1005 ἐν
2592 948 2825 1025 ἀσφαλεῖ
2880 952 2948 1022 τῇ
3002 948 3194 1003 ἑαυτοῦ
3252 945 3525 1021 παρουσίᾳ
3581 948 3854 1018 θέμενος,

2173 1045 2543 1112 Γαμηλιῶνος
2581 1040 2755 1112 μηνὸς
2810 1036 3131 1114 ὑποστρέφει
3162 1037 3298 1111 πρὸς
3327 1035 3515 1092 πόλιν.
3549 1037 3849 1109 Πατριάρ-

2172 1150 2282 1205 χης
2318 1128 2376 1183 δὲ
2409 1128 2649 1198 πλησίον
2688 1126 2859 1182 ἐλθὼν
2894 1124 3148 1193 Νικαίας,
3197 1124 3289 1180 καὶ
3341 1125 3577 1196 Ἐννάτῳ
3609 1124 3847 1178 ἐναυλι-

2173 1222 2427 1292 σάμενος,
2463 1218 2723 1281 εἰσελθεῖν
2775 1219 2856 1290 [Ρ.
2893 1218 3021 1289 337]
3049 1217 3147 1284 τὴν
3182 1214 3347 1269 πόλιν
3397 1212 3496 1267 οὐκ
3554 1212 3739 1289 ἔκρινε
3775 1215 3847 1269 τό

2169 1310 2217 1384 γ’
2260 1313 2436 1363 εκεῖνο
2469 1305 2600 1362 δεῖν’
2637 1305 2814 1369 θὲλειν
2834 1306 2935 1379 γὰρ
2982 1300 3127 1379 ἔχειν
3154 1300 3382 1375 ,διδόναι
3429 1303 3521 1356 καί
3580 1323 3647 1375 γε
3691 1324 3851 1376 γνω-

2172 1397 2354 1473 ρίμοις
2410 1398 2497 1452 καὶ
2541 1395 2887 1471 προσγενέσιν
2939 1395 3263 1468 εὐεργετεῖν,
3316 1389 3486 1465 μηδὲν
3521 1389 3580 1446 δὲ
3608 1391 3675 1447 τὸ
3708 1394 3839 1447 κατ’

2169 1487 2343 1542 ἐκεῖνο
2377 1491 2571 1562 καιροῦ
2601 1485 2874 1559 εὐπορεῖν,
2935 1485 3013 1541 Τὸ
3066 1481 3116 1538 δ’
3166 1481 3475 1538 εἰσελθόντα
3522 1480 3694 1537 πάλιν
3752 1483 3838 1555 μὴ

2170 1576 2467 1651 εὐεργετεῖν
2527 1575 2602 1637 ὠς
2662 1572 2807 1647 ἄξιον
2858 1573 3069 1644 ἀνάξιον
3126 1574 3318 1627 ἑαυτοῦ
3404 1572 3495 1627 καὶ
3572 1576 3684 1626 τῶν
3754 1574 3837 1646 μή

2166 1666 2485 1742 πρεπόντων
2517 1670 2634 1728 τοῖς
2690 1663 2899 1719 ἐκείνου
2956 1664 3263 1738 πράγμασιν
3324 1658 3484 1734 ᾤετο.
3547 1663 3711 1716 ’Όθεν
3742 1662 3845 1716 καὶ

2166 1756 2451 1831 πρύμναν,
2510 1756 2572 1811 τὸ
2628 1759 2725 1811 τοῦ
2784 1754 2979 1828 λόγου,
3035 1755 3410 1828 κρουσάμενος
3466 1750 3841 1807 ΙΙολυπιθίων

403 1843 505 1899 Καὶ
548 1841 613 1912 δὴ
647 1844 674 1896 ὁ
712 1845 805 1915 μὲν
838 1841 1094 1918 βασιλεὺς
1138 1844 1265 1906 τοὺς
1314 1842 1556 1923 τυφλοὺς
1609 1842 1772 1919 ἄγων,
1815 1843 1922 1913 ὅπη
1965 1846 2052 1898 καὶ
2085 1885 2133 1950 Β
2163 1867 2221 1901 τε
2246 1840 2496 1901 ἐπέϐαινε
2546 1843 2637 1899 καὶ
2692 1851 2792 1913 τῆν
2851 1843 3121 1917 ταχίστην
3172 1842 3522 1918 ὑποστρέφειν
3586 1836 3761 1914 ἓγνω·
3802 1844 3842 1910 ἡ

604 1932 615 1950 1
763 1931 786 1950 ἢ
930 1933 941 1950 I
1103 1934 1115 1950 ι
1168 1931 1211 1950 ἢκ
1273 1936 1311 1950 σε
1383 1933 1394 1950 1
1617 1935 1629 1950 \
1872 1934 1884 1949 ι
2028 1936 2041 1950 \
2211 1936 2223 1950 \
2336 1941 2362 1950 οι
2428 1935 2441 1950 ο
2469 1938 2478 1950 ι
2512 1935 2524 1950 1
2720 1934 2732 1950 ι
2861 1933 2873 1950 \
2954 1932 2967 1949 9
3046 1937 3070 1946 -
3276 1935 3302 1944 ὐ
3423 1931 3436 1947 1
3510 1930 3537 1950 n
3624 1926 3649 1950 δ
3670 1930 3685 1947 Ι

398 1932 728 2008 περιορίσειε
760 1931 1061 1987 διεσκόπειο
1097 1934 1123 1986 ὁ
1166 1931 1221 1987 δὲ
1273 1933 1535 2002 Ἰωάννης
1570 1935 1669 2001 τὴν
1728 1934 1927 2002 ποινὴν
1974 1936 2048 2006 μὴ

400 2022 573 2100 φέρων
633 2021 721 2077 καὶ
774 2023 1147 2092 ἀναξιοπαθῶν
1205 2023 1351 2084 ὅλως
1406 2023 1469 2077 οὐ
1519 2024 1728 2099 τροφὴν
1772 2022 2049 2095 προσίετο,

398 2111 462 2165 οὗ
496 2112 653 2164 πόσει
710 2117 1025 2185 προσεῖχεν,
1073 2110 1171 2164 οὐκ
1203 2108 1343 2165 ἄλλο
1373 2132 1425 2166 τι
1464 2116 1572 2165 τῶν
1624 2110 1699 2171 εἰς
1733 2109 2048 2183 ἐπιμέλειαν

395 2203 506 2253 τῶν
538 2196 843 2270 ὅφθαλμῶν
902 2197 983 2252 εἷά
1038 2199 1298 2274 γίνεσθαι,
1355 2198 1519 2270 μόνον
1566 2197 1622 2253 δὲ
1650 2201 1802 2261 κενὸς
1850 2200 2048 2275 φόρτος

399 2288 688 2363 ἀγόμενος,
720 2286 826 2354 ὅπη
879 2290 1171 2363 τετυχήκει
1214 2295 1315 2363 γῆς
1349 2290 1384 2359 ἢ
1431 2286 1517 2342 καὶ
1567 2291 1784 2362 πὲτρας,
1830 2290 1930 2358 τήν
1962 2310 2047 2345 κε-

400 2375 578 2454 φαλὴν
643 2376 1032 2451 προσαράττων
1085 2378 1158 2437 ὡς
1215 2377 1610 2449 τεθνηξόμενος
1666 2379 1754 2447 ἦν.
1791 2378 1895 2433 Καὶ
1923 2381 2050 2454 τάχ’

397 2463 458 2519 ἂν
484 2463 544 2519 ἐκ
570 2465 781 2520 τούτων
826 2465 885 2521 ἐκ
934 2464 1197 2522 πλείστου
1243 2468 1293 2520 οἱ
1345 2463 1618 2537 ξυνέϐαινε
1664 2470 1725 2522 τὸ
1768 2470 1968 2539 θανεῖν,
2003 2469 2047 2523 εἰ

401 2556 477 2627 μὴ
534 2554 623 2610 καὶ
673 2555 819 2631 παρά
875 2560 981 2610 τῶν
1031 2555 1415 2633 φυλαττόντων
1464 2556 1734 2632 ἐπείχετο.
1784 2556 1938 2629 Πλὴν
1986 2558 2047 2612 τὸ

394 2775 609 2831 chartas
640 2777 997 2831 membranae
1032 2776 1156 2846 pice
1205 2777 1363 2831 illita;
1398 2776 1861 2843 inflammantur,
1896 2777 2045 2831 vim-

392 2880 506 2934 que
554 2865 857 2919 ardentem
892 2866 962 2919 ab
996 2865 1230 2936 occipiti
1273 2866 1341 2920 ad
1378 2866 1653 2937 synciput
1695 2871 1751 2921 et
1797 2867 2045 2921 frontem

395 2969 588 3023 usque
619 2953 686 3006 ad
740 2952 940 3007 oculos
985 2970 1049 3008 ea
1081 2955 1538 3025 corrumpendos
1569 2956 1722 3009 498
1767 2959 2050 3025 spargunt

399 3056 717 3112 presseque
744 3043 1077 3099 admovent.
1110 3044 1258 3099 Naso
1283 3046 1351 3099 ad
1384 3048 1706 3099 extremum
1728 3044 1897 3099 cultri
1930 3044 2052 3099 acie

400 3134 695 3197 truncato,
748 3130 1226 3187 semiustulatum
1259 3133 1526 3203 semique
1558 3138 1860 3187 mortuum
1903 3132 2048 3188 infe-

2163 1936 2266 2010 γάρ
2297 1941 2395 2003 τῆς
2424 1935 2667 2007 ὑψόσεως
2720 1933 2881 2004 ἑορτή
2944 1932 3170 2005 ἀπεῖργε
3209 1935 3307 1985 τοῦ
3370 1931 3447 2003 μή
3510 1926 3843 2005 βραδύνειν.

2160 2027 2255 2094 Τῷ
2284 2044 2369 2077 τοι
2402 2023 2492 2077 καὶ
2534 2022 2691 2083 αὐτὸς
2722 2022 2859 2075 κατά
2907 2017 3103 2089 πόδας,
3153 2016 3573 2093 τρισκαιδεκάτῃ
3626 2024 3843 2090 Γαμη-

2158 2114 2384 2181 λιῶνος,
2420 2114 2631 2182 ἀπήντα
2657 2112 2791 2185 πρὸς
2830 2109 3013 2164 πόλιν.
3056 2107 3187 2184 Περὶ
3238 2106 3295 2162 δὲ
3342 2112 3438 2162 τοῦ
3476 2109 3599 2171 καθ’
3646 2108 3827 2162 αὐτὸν

2161 2199 2632 2273 ὑποστελλόμενος
2665 2201 2737 2261 ὡς
2776 2200 2851 2271 μὴ
2890 2195 2978 2253 διὰ
3000 2197 3067 2252 τὰ
3106 2193 3471 2270 συμϐαίνοντα
3518 2194 3831 2270 ὀλιγώρως

2158 2289 2305 2365 ἔχειν
2340 2288 2555 2360 δοκοίη.
2591 2286 2703 2362 ἅμα
2732 2293 2806 2360 νῷ
2831 2291 2931 2357 τῆς
2974 2287 3109 2349 νεὼς
3167 2282 3439 2356 ἀποϐῆναι
3472 2287 3612 2362 πρὸς
3659 2288 3834 2362 βασι-

2160 2380 2251 2434 λία
2306 2378 2416 2449 ἤϊε,
2477 2377 2768 2453 διημέρευὲ
2824 2399 2883 2432 τε
2938 2377 3073 2451 πρὸς
3132 2378 3323 2452 χάριν,
3374 2376 3464 2430 καὶ
3514 2376 3651 2448 πρὸς
3712 2378 3831 2444 την

2158 2470 2351 2545 ἑορτὴν
2384 2466 2729 2541 κεκλημένος
2761 2468 2899 2543 πρὸς
2944 2465 3216 2542 βασιλέως
3270 2462 3496 2537 ἕτοιμος
3538 2465 3606 2533 ἧν
3641 2463 3835 2529 ἐλθὼν

2158 2556 2418 2613 ἐκτελεῖν·
2478 2558 2638 2612 παντὶ
2698 2558 2801 2631 γὰρ
2865 2554 3189 2611 ὑπέστελλεν
3253 2554 3442 2610 ἑαυτὸν
3518 2553 3717 2629 τρόπῳ
3778 2554 3835 2625 ἐξ

2155 2776 2238 2831 tia
2268 2778 2384 2832 voti
2427 2776 2627 2831 miseri
2675 2792 2917 2847 compos
2947 2775 3105 2831 brevi
3152 2774 3337 2840 ﬁeret,
3370 2775 3428 2828 in
3474 2773 3578 2827 illa
3609 2774 3831 2844 despe-

2160 2866 2385 2921 ratione
2413 2866 2595 2921 vitam
2630 2865 2841 2920 finiens
2872 2870 2929 2920 et
2969 2864 3383 2935 imperatorem
3418 2862 3837 2917 sollicitudine

2160 2954 2231 3007 de
2253 2971 2315 3008 se
2334 2953 2617 3008 liberans.
2642 2955 2696 3007 Is
2720 2956 2914 3007 autem
2941 2951 3446 3021 obiterinspectis,
3471 2955 3655 3019 etquo
3672 2966 3837 3020 opus

2161 3042 2455 3097 habebant
2482 3042 2750 3113 praesidio
2775 3041 3049 3109 ﬁrmatis,
3073 3040 3311 3094 arcibus
3336 3039 3489 3093 circa
3509 3039 3833 3109 Sangarim

2160 3130 2487 3201 Septembri
2534 3146 2734 3185 mense
2764 3130 2822 3183 in
2858 3132 3063 3184 urbem
3110 3128 3442 3184 revertitur.
3479 3126 3833 3182 Patriarcha

395 3218 568 3273 licem
604 3219 930 3275 dimittunt.
964 3220 1179 3275 Verum
1213 3222 1331 3277 haec
1364 3222 1539 3291 paulo
1564 3228 1693 3293 post
1726 3226 1867 3278 sunt
1895 3227 2045 3291 acta,
2078 3256 2120 3323 Ο
2157 3237 2294 3274 vero
2340 3235 2689 3290 progressus
2722 3235 2909 3289 usque
2957 3218 3026 3272 ad
3058 3216 3335 3271 viciniam
3389 3216 3614 3285 Nicazas,
3651 3221 3713 3270 et
3749 3218 3827 3272 ad

392 3323 625 3362 reverso
670 3310 795 3379 jam
853 3309 910 3363 in
972 3310 1178 3363 urbem
1234 3310 1606 3381 imperatore.
1641 3312 1803 3365 Tunc
1853 3314 2045 3365 autem

394 3396 617 3451 mensis
664 3399 915 3468 Augusti
961 3399 1379 3465 sextadecima,
1431 3399 1711 3469 postridie
1749 3398 1879 3453 festi
1908 3399 2043 3454 Dei-

393 3503 568 3556 parae,
602 3488 877 3541 discessit
908 3487 1043 3541 inde
1072 3487 1414 3558 imperator,
1442 3488 1716 3542 discessit
1738 3492 1793 3543 et
1824 3488 2044 3559 patriar

392 3574 523 3639 cha,
573 3575 828 3646 Josepho
858 3575 1266 3645 expatriarcha
1293 3576 1457 3646 prius
1492 3576 1671 3631 misso
1702 3578 1773 3631 ad
1813 3577 2041 3633 Cosmi-

392 3664 579 3717 dium.
613 3664 844 3717 Curavit
868 3670 1062 3718 autem
1095 3665 1414 3735 imperator
1434 3666 1845 3721 adducendum
1877 3669 1946 3721 ad
1983 3684 2041 3723 se

393 3751 720 3806 Gabrielem
772 3752 1126 3823 Sphantzen,
1160 3760 1429 3825 nepotem
1471 3772 1539 3810 ex
1568 3771 1765 3811 sorore
1792 3755 2040 3811 Joannis

393 3855 580 3909 nuper
608 3841 898 3897 excaacati.
922 3841 1081 3910 {Huic
1111 3842 1409 3913 Sphantzi,
1454 3860 1630 3914 quem
1664 3849 1835 3900 antea
1856 3845 2039 3899 hono-

390 3933 617 3984 raverat
650 3930 993 4000 praefectura
1026 3932 1260 4001 majoris
1291 3932 1491 3999 sigilli,
1519 3938 1719 4003 postea
1750 3934 2038 4004 quasdam

390 4019 462 4073 ob
495 4020 699 4089 culpas
744 4036 909 4076 veras
942 4026 1043 4075 aut
1089 4022 1311 4077 effictas
1365 4027 1596 4077 eruerat
1645 4022 1865 4077 oculos.
1923 4026 2040 4077 Hoc

390 4124 559 4179 porro
612 4113 875 4179 tempore
932 4110 1337 4166 consociatum
1403 4112 1678 4166 eumdem
1736 4127 1869 4166 cum
1931 4128 2037 4166 suo

389 4197 677 4252 avunculo
706 4198 957 4263 Joanne,
989 4215 1164 4270 quem
1198 4199 1337 4254 item
1371 4199 1777 4265 accersiverat,
1823 4200 2036 4254 ducere

390 4302 590 4341 secum
625 4287 807 4341 voluit
837 4288 947 4341 hoc
978 4287 1185 4343 itinere
1210 4330 1224 4355 ,
1257 4304 1373 4358 quo
1409 4288 1800 4342 Nicomediam
1833 4305 2037 4344 versus

390 4378 445 4428 et
470 4375 521 4429 ei
555 4376 892 4445 adjacentes
918 4377 1047 4431 urbi
1073 4378 1341 4448 regiones
1371 4378 1669 4432 tendebat.
1706 4376 2037 4432 Patriarcha

390 4480 522 4518 vero
554 4468 718 4519 trans
760 4465 937 4520 maris
972 4467 1166 4521 fauces
1198 4467 1265 4520 ad
1311 4467 1579 4521 Cibotum
1612 4470 1843 4521 evectus
1877 4470 2035 4521 recta

388 4552 688 4607 contendit
723 4553 997 4609 Nicaeam.
1047 4558 1121 4609 At
1152 4555 1467 4624 imperator
1515 4556 1663 4608 duos
1694 4571 1877 4610 caecos
1921 4556 2031 4609 cir-

2160 3312 2452 3365 Ennatum
2506 3310 2626 3365 sive
2657 3310 2889 3364 Nonum
2936 3308 3293 3379 hospitatus,
3326 3307 3555 3379 ingredi
3610 3306 3823 3361 urbem

2157 3399 2364 3454 noluit.
2398 3403 2585 3455 Causa
2608 3401 2691 3454 sic
2733 3398 3033 3453 statuendi
3061 3397 3189 3463 fuit,
3216 3398 3373 3468 quod
3398 3394 3543 3450 nihil
3569 3395 3827 3451 haberet

2154 3492 2293 3542 tunc
2326 3490 2395 3543 ad
2430 3505 2672 3543 manum
2695 3487 2850 3541 unde
2872 3492 3302 3559 coguatossuos
3327 3501 3391 3540 ac
3421 3486 3821 3552 necessarios,

2153 3578 2254 3648 qui
2280 3578 2449 3632 multi
2474 3578 2765 3647 degebant
2787 3576 2926 3643 illic,
2952 3580 3373 3631 muneraretur.
3400 3575 3685 3630 Indecens
3710 3592 3821 3629 au-

2150 3673 2269 3721 tem
2316 3666 2738 3737 ingratumque
2777 3666 3105 3729 videbatur,
3154 3681 3259 3719 nec
3298 3668 3399 3718 aut
3442 3668 3653 3718 caetera
3705 3681 3819 3719 sua

2152 3756 2392 3823 dignum
2428 3755 2722 3825 elegantia
2736 3758 2837 3810 aut
2860 3754 3174 3823 rebusejus
3201 3752 3591 3819 conducibile,
3619 3754 3818 3824 primo

2153 3851 2284 3914 post
2316 3846 2595 3916 adeptum
2630 3860 2927 3898 summum
2952 3843 3234 3898 honorem
3263 3842 3355 3896 sui
3378 3848 3694 3912 conspectu
3726 3843 3814 3897 ni-

2150 3934 2233 3990 hil
2264 3935 2389 3990 suis
2420 3935 2643 4005 largiri.
2676 3936 2864 4000 Quare
2894 3933 2954 3988 in
2989 3949 3247 4003 proram,
3273 3933 3424 4003 quod
3455 3932 3696 3997 dicitur,
3722 3933 3815 3985 inv

2149 4024 2433 4078 cumbens
2459 4028 2727 4094 retroque
2748 4022 2885 4077 inde
2908 4024 3140 4087 cedens,
3169 4020 3495 4094 Polypithia
3509 4021 3817 4093 superavit

2148 4118 2204 4167 et
2230 4112 2536 4167 confestim
2573 4111 2777 4167 reverti
2804 4112 3111 4167 constituit
3136 4128 3147 4165 :
3179 4128 3321 4165 num
3353 4116 3410 4165 et
3436 4110 3816 4165 exaltationis

2148 4203 2339 4257 crucis
2394 4202 2710 4256 imminens
2743 4201 2957 4256 festum
2990 4200 3331 4271 increpabat
3362 4215 3576 4254 moras.
3618 4198 3813 4253 Festi-

2148 4307 2297 4345 nans
2328 4290 2507 4361 igitur
2538 4291 2631 4344 die
2659 4289 3065 4344 tcrtiadecima
3092 4288 3452 4358 Septembris
3476 4287 3683 4342 urbem
3731 4293 3815 4343 te-

2147 4379 2293 4433 nuit.
2324 4384 2402 4433 Ac
2451 4378 2741 4434 sollicitus
2774 4380 2843 4434 de
2874 4396 2980 4434 sua
3013 4379 3167 4448 apud
3222 4378 3546 4448 principem
3590 4377 3808 4447 gratia,

2146 4484 2320 4538 quam
2354 4484 2426 4521 ne
2457 4468 2789 4539 refrigerari
2820 4468 3181 4537 contingeret
3213 4483 3327 4521 non
3358 4466 3659 4520 immerito
3692 4467 3811 4520 foro

2143 4560 2300 4611 tasse
2347 4557 2657 4611 verebatur
2687 4558 2759 4611 ob
2792 4573 2859 4611 ea
2889 4573 3016 4627 quas
3050 4556 3107 4609 in
3143 4572 3319 4610 causa
3350 4554 3695 4609 schismatis
3742 4555 3800 4609 in

387 4642 903 4710 cumducens,;ubi
935 4659 1031 4699 eos
1065 4644 1175 4698 sub
1208 4618 1334 4698 tuta
1363 4644 1631 4699 custodia
1663 4642 2039 4699 concluderet
2069 4618 2115 4682 Β
2148 4645 2271 4699 dies
2321 4647 2689 4712 eveniebant,
2722 4618 3017 4717 plerisque
3048 4644 3467 4699 reluctantium
3505 4646 3631 4715 paci
3667 4646 3796 4698 cul—

299 4750 305 4754 '
388 4731 707 4800 quaarebat.
760 4732 1047 4787 Cmterum
1100 4734 1355 4789 Joannes
1384 4732 1716 4787 incredibili
1758 4732 2037 4787 maestitia

385 4819 779 4877 calamitatem
814 4822 1027 4891 ferens,
1061 4839 1237 4893 quam
1273 4838 1333 4877 se
1364 4822 1519 4877 haud
1555 4821 1828 4877 meritum
1865 4827 2035 4892 puta-

388 4910 510 4975 bat,
545 4928 647 4967 nec
702 4912 899 4967 cibum
935 4913 1287 4968 admittebat
1318 4929 1420 4967 nec
1449 4916 1674 4983 potum,
1716 4928 1821 4967 nec
1852 4912 2035 4972 cruda

385 5000 707 5056 etiamnum
759 5002 1002 5057 vulnera
1057 5018 1258 5057 recens
1324 5002 1671 5057 eﬁ'ossorum
1724 5000 2029 5056 oculorum

386 5103 527 5141 cura
558 5090 735 5145 foveri
769 5092 1100 5146 necessaria
1130 5091 1379 5145 sinebat.
1416 5089 1761 5145 Portabatur
1800 5094 2029 5144 tantum

384 5178 543 5231 iners
598 5180 859 5246 pondus;
894 5184 952 5235 et
982 5179 1321 5250 ubicunque
1360 5180 1767 5250 deponeretur,
1801 5180 1873 5234 ad
1925 5196 2030 5250 pe—

382 5273 536 5321 tram
570 5272 669 5321 aut
700 5270 768 5322 ad
799 5269 1013 5339 solum,
1048 5279 1217 5339 prout
1247 5272 1595 5333 occurrerat,
1620 5268 1898 5323 allidebat
1929 5286 2026 5324 ca-

385 5361 509 5425 put,
573 5362 818 5412 mortem
880 5359 1114 5414 omnino
1163 5358 1419 5414 velocem
1470 5374 1789 5428 quaerens;
1851 5375 2025 5427 quam

384 5446 555 5516 longe
588 5446 751 5517 prius
799 5446 1137 5513 invenisset,
1173 5448 1285 5502 nisi
1317 5448 1581 5503 studiose
1614 5465 1647 5503 a
1678 5449 2025 5504 custodibus

384 5540 681 5591 teneretur
728 5554 799 5591 ne
850 5541 1081 5591 noceret
1130 5536 1253 5607 ipse
1306 5537 1440 5591 sibi.
1492 5538 1605 5591 Nec
1641 5542 1835 5591 tamen
1886 5555 2027 5593 cura

383 5624 691 5688 quantavis
712 5623 943 5678 illorum
963 5623 1267 5692 prohibere
1300 5623 1369 5677 ad
1393 5629 1714 5678 extremum
1733 5624 1887 5678 494
1920 5641 2023 5695 po-

385 5708 501 5761 tuit
531 5713 673 5782 quin
704 5730 772 5768 ex
800 5711 1123 5768 intervallis
1153 5713 1362 5767 iterata
1377 5712 1590 5783 saepius
1613 5713 1671 5767 in
1704 5728 1831 5769 sese
1858 5714 2025 5769 saevi-

2150 4750 2282 4804 pam
2321 4750 2554 4788 omnem
2588 4734 2776 4790 Vecco
2808 4734 3262 4805 imputantibus,
3296 4734 3809 4806 querentibusque

2146 4822 2340 4894 ipsum
2364 4824 2601 4895 scriptis
2620 4824 2743 4878 suis
2770 4824 3054 4879 terminos
3072 4823 3310 4878 Patrum
3330 4828 3385 4877 et
3401 4824 3512 4877 fixa
3525 4824 3812 4893 dogmata

2144 4912 2468 4967 convellere
2509 4918 2683 4983 atque
2717 4914 2872 4967 ultra
2901 4913 3140 4967 modum
3189 4928 3423 4967 omnem
3455 4912 3670 4966 efferri.
3714 4911 3807 4967 Ob

2142 5000 2907 5072 haec,inquam,sibitimens
2930 5001 3132 5055 statim
3156 5017 3222 5055 ac
3239 5000 3367 5055 navi
3392 5000 3800 5065 exscendit,ad

2144 5089 2421 5160 palatium
2458 5095 2615 5145 recta
2646 5090 2898 5160 perrexit
2926 5089 3390 5160 imparatorique
3419 5089 3572 5144 diem
3606 5094 3805 5145 totum

2141 5179 2579 5235 officiosissime
2611 5179 2819 5245 astitit,
2844 5178 3150 5249 eidemque
3183 5179 3252 5231 ad
3308 5179 3523 5233 festum
3558 5181 3805 5235 vocanti

2128 5274 2403 5341 paratum
2454 5285 2517 5324 se
2570 5270 2641 5325 ad
2672 5268 2925 5325 eundem
2955 5272 3011 5323 et
3044 5266 3463 5323 celebrandum
3496 5267 3797 5324 exhibuit.

2140 5358 2483 5413 Mirabiliter
2512 5358 2669 5413 enim
2716 5376 2785 5414 ex
2818 5356 2914 5413 illo
2968 5362 3234 5411 mutatus
3283 5357 3387 5427 qui
3435 5362 3554 5411 tam
3606 5356 3803 5413 libere

2137 5452 2309 5501 antea
2357 5448 2641 5502 obsistere
2676 5446 2924 5517 principi
2959 5446 3233 5510 audebat,
3277 5462 3432 5500 nunc
3466 5447 3535 5499 ad
3573 5451 3801 5503 nutum

2137 5537 2263 5606 ejus
2295 5553 2357 5591 se
2388 5538 2648 5608 fingebat
2672 5539 2727 5592 in
2760 5536 3059 5603 omnibus,
3082 5534 3251 5589 malis
3278 5534 3557 5589 nimirum
3592 5536 3667 5590 iis
3690 5539 3799 5591 do-

2138 5626 2339 5692 mitus,
2375 5642 2499 5696 quae
2542 5643 2781 5696 passum
2825 5641 2959 5679 eum
2983 5640 3049 5677 ex
3084 5623 3404 5679 offensione
3434 5626 3684 5696 Augusti
3710 5627 3803 5681 ni-

2137 5714 2255 5770 mia
2284 5715 2471 5786 ipsius
2502 5714 2768 5771 libertate
2798 5713 3011 5770 irritati
3042 5712 3315 5784 superius
3354 5712 3691 5771 retulimus.
3727 5721 3801 5774 Et
