4080 6400
334 403 442 457 957

1418 403 1515 455 DE
1553 398 1928 454 MICHAELE
1966 393 2412 450 PALEOLOGO
2448 395 2583 446 LIB.
2625 392 2719 445 VI.

3647 369 3757 427 958

335 527 465 581 ὀτου
520 526 642 601 περ’
694 529 813 586 τοῖς
875 523 1152 599 ὀχληροῖς
1205 524 1559 600 προσέκυρσε,
1617 522 1705 576 καὶ
1761 519 1985 594 μεγίστη
2019 521 2073 586 Α
2104 513 2161 571 δὲ
2214 516 2302 570 καὶ
2363 512 2752 585 Κωνσταντίνῳ
2805 515 2883 582 τῷ
2937 503 3309 581 Ἀκροπολίτῃ
3360 499 3449 555 καὶ
3507 499 3598 600 τῷὶ
3630 504 3763 551 Θεο-

340 623 508 692 μοῖρα
563 620 672 671 τῶν
736 614 811 677 εἷς
868 615 930 669 τὸ
995 613 1229 688 μετρίως
1291 611 1494 687 δίάγειν
1528 609 1829 679 ἐλπίδωνή
1862 608 1999 684 πρὸς

332 708 425 762 τὸν
490 702 719 782 βασιλέα
780 703 1116 773 ὑποποίησις
1169 702 1537 779 κατεφαίνετο.
1600 704 1717 769 Τῆς
1775 700 1867 771 μὲν
1904 694 1994 751 οὗν

332 802 506 869 τιμῆς
555 793 745 865 ἐκείνῳ
790 791 1028 847 ἐλάττων
1085 792 1305 869 φροντὶς
1364 792 1454 858 ἦν.
1511 792 1573 845 τὸ
1627 787 1685 843 δὲ
1741 807 1998 865 πατριαρ-

338 884 577 960 χεύοντα
645 881 893 951 διακενῆς
954 880 1299 957 ἐνοχλεῖσθαι
1350 879 1447 935 ’ίσα
1501 881 1590 935 καὶ
1650 883 1730 951 τῷ
1786 876 1998 949 θανάτῳ

341 975 522 1039 ἐτίθει.
577 975 648 1029 ’Ὀ
697 969 764 1041 δὴ
816 972 907 1026 καὶ
939 970 999 1026 ἐκ
1021 975 1118 1026 τοῦ
1148 972 1558 1046 προστυχόντος
1593 970 1996 1040 ὑπονοούμενον

342 1066 411 1134 ἦν
440 1062 832 1135 τεθυμωμένου
860 1064 957 1115 τοῦ
1010 1059 1281 1135 βασιλέως
1311 1059 1386 1122 εἷς
1428 1060 1587 1115 ἅπαν.
1637 1060 1713 1114 Τὸ
1757 1057 1861 1132 γὰρ
1909 1055 1999 1110 καὶ

338 1152 464 1213 τοὺς
518 1147 754 1212 οἰκείους
798 1147 1148 1219 διασείεσθαι,
1209 1149 1299 1202 καὶ
1361 1150 1444 1209 οἷς
1504 1144 1564 1201 ἂν
1596 1146 1796 1207 ἐκεῖνος
1844 1144 1999 1220 ἐθάρ-

341 1241 423 1318 ρει
484 1242 699 1312 μᾶλΛον
762 1239 839 1300 ὡς
896 1240 1022 1313 παρ’
1054 1237 1243 1310 ἐκείνῳ
1291 1235 1688 1312 τεθραμμένοις
1715 1234 1804 1290 καὶ
1839 1231 1999 1303 δόξης

335 1334 598 1405 τυχοῦσιν
635 1373 647 1397 ,
707 1328 914 1382 ἀθετεῖν
998 1327 1090 1398 μὲν
1161 1327 1229 1381 τὰ
1286 1326 1613 1401 συγκείμενα
1681 1322 1795 1379 οὐδ’
1852 1322 2000 1384 ὅλως

338 1420 536 1489 ἐποίει,
591 1418 654 1472 τὸ
709 1415 767 1471 δὲ
822 1416 959 1491 πρὸς
1015 1417 1106 1470 τὸν
1157 1413 1633 1489 πατριαρχεύοντα
1681 1414 1778 1474 τὰς
1826 1410 2001 1473 αἰτίας

336 1508 487 1583 ἄγειν
547 1510 604 1580 (ἡ
674 1506 777 1581 γὰρ
834 1505 1081 1583 ἀναφορὰ
1134 1508 1233 1558 τοῦ
1294 1501 1602 1558 σκανδάλου
1661 1500 1809 1579 σφίσι
1867 1500 2003 1575 πρὸς

338 1598 548 1653 ἐκεῖνον
606 1595 692 1665 ἦν,
755 1596 829 1656 ὡς
889 1593 1098 1668 ἔλεγον,
1132 1592 1391 1671 ἀσφαλεῖς
1436 1594 1498 1646 τὸ
1554 1592 1672 1646 κατ’
1702 1591 1858 1644 αὐτὸν
1893 1597 1999 1643 Λα-

337 1687 543 1754 τίνους,
591 1684 741 1758 παρὰ
803 1684 975 1757 μόνην
1006 1685 1106 1751 τήν
1159 1683 1209 1737 ἐν
1270 1687 1351 1754 τῷ
1411 1677 1632 1754 συϐόλῳ
1690 1680 2001 1756 πρόσθεσιν,

337 1776 613 1853 κρίνοντα)
671 1770 892 1845 ἕτοιμον
925 1772 993 1842 ἦν
1053 1771 1112 1826 ἐκ
1166 1776 1262 1824 τοῢ
1322 1771 1489 1847 ῥᾷστα
1534 1770 1626 1825 καὶ
1684 1772 2003 1845 προφανῶς,

2106 603 2268 681 δώρῳ
2301 602 2657 673 Μουζάλωνι,
2699 599 2771 655 ὧν
2822 600 2915 655 τὸν
2949 598 3042 671 μὲν
3097 594 3245 667 παρᾶ
3298 594 3397 645 τοῦ
3437 586 3639 662 πατρὸς
3662 590 3761 641 τοῦ

2109 673 2351 769 μεγάλου
2393 696 2484 767 [Ρ.
2516 696 2641 763 338]
2690 689 2987 765 λογοθὲτου
3036 678 3221 739 λαϐὼν
3274 681 3442 752 ἀνῆγε
3488 673 3758 769 παιδεύων

2103 785 2191 838 καὶ
2252 784 2451 838 οἰκεῖον
2514 779 2848 836 ἀποκαθίστα
2904 776 2957 840 ἐς
3012 774 3093 829 ὅτι
3148 771 3406 846 μάλιστα,
3466 766 3558 820 τὸν
3616 763 3671 818 δὲ
3702 763 3763 819 ἐκ

2106 879 2504 946 στρατιωτικῆς
2543 872 2735 944 μοίρας
2792 861 3075 922 ἀναλαϐὼν
3135 861 3225 917 καὶ
3270 862 3387 919 τοῖς
3442 856 3759 929 μαθήμασιν

2106 942 2290 1024 ἐνδοὺς
2363 942 2693 1035 ἐνσχολάσαι
2754 956 3050 1031 λογοθὲτην
3109 956 3215 1006 τῶν
3277 949 3507 1022 γενικῶν
3583 942 3766 1015 ἐτίμα,

2108 1051 2357 1124 συζεύξας
2407 1048 2483 1110 εἷς
2526 1047 2755 1123 γυναῖκά
2804 1046 2854 1100 οἱ
2904 1042 2997 1098 καὶ
3043 1043 3145 1109 τὴν
3179 1042 3276 1094 τοῦ
3309 1036 3764 1102 Καντακουζηνοῦ

2111 1121 2395 1215 θυγατέρα,
2436 1121 2550 1192 καὶ-
2588 1135 2775 1210 μεσίτῃ
2821 1138 2928 1189 τῶν
2980 1135 3178 1186 κοινῶν
3226 1128 3451 1202 ἐχρῆτο.
3505 1123 3612 1179 Τὸν
3669 1121 3764 1193 μὲν

2110 1228 2200 1285 οὗν
2264 1226 2673 1304 Ἀκροπολίτην
2724 1226 2813 1280 καὶ
2862 1222 3357 1296 ἀποπροσεποιεῖτο
3403 1213 3493 1269 καὶ
3534 1216 3765 1286 κρείττω

2107 1323 2214 1373 τῶν
2269 1320 2385 1373 κατ’
2439 1316 2640 1371 ἐκεῖνον
2700 1315 2793 1369 τὸν
2855 1310 3025 1385 θυμὸν
3083 1312 3206 1383 ἦγε,
3239 1311 3317 1377 τῷ
3348 1301 3405 1357 δὲ
3439 1298 3764 1369 Μουζάλωνι

2109 1408 2197 1463 καὶ
2245 1406 2367 1462 λίαν
2402 1404 2747 1482 χολούμενος
2801 1406 2889 1471 ἦν.
2949 1404 3036 1471 Τῷ
3090 1418 3175 1452 τοι
3207 1395 3296 1450 καὶ
3329 1390 3609 1453 ἐνστάντος
3638 1409 3766 1443 και-

2114 1502 2208 1572 ροῦ
2257 1476 2543 1570 πρεσϐείας
2591 1476 2738 1569 πρὸς
2784 1492 3030 1562 Ῥώμην,
3085 1483 3373 1564 ἀφειμένος
3403 1485 3509 1535 τῶν
3574 1476 3758 1532 ἄλλων

2110 1588 2138 1642 ὁ
2193 1585 2449 1661 βασιλεὺς
2492 1584 2628 1640 κατὰ
2650 1568 2869 1658 πεῖραν,
2905 1580 3081 1651 οἶμαι,
3140 1573 3306 1630 πλὲον
3367 1570 3555 1644 ἐπεῖχε
3584 1568 3764 1639 τούτῳ

2108 1677 2176 1731 τά
2224 1683 2324 1745 τῆς
2376 1669 2667 1751 πρεσϐείας
2727 1656 3093 1739 ἀναδέξασθαι.
3154 1665 3241 1725 Ὠς
3273 1659 3352 1716 »δὲ
3411 1656 3762 1734 προστάσσων

2112 1764 2265 1821 οὐδὲν
2325 1745 2457 1834 ἤνυε
2486 1762 2653 1818 πλέον
2686 1766 2784 1816 τοῦ
2816 1758 2992 1815 δοκεῖν
3050 1758 3222 1833 κωφῷ
3274 1750 3638 1827 προλὲγεσθαι
3678 1745 3767 1800 καί

338 1866 430 1920 καὶ
490 1862 898 1941 ἀμφοτέρωθεν,
960 1856 1020 1915 ἔκ
1068 1882 1128 1915 τε
1189 1860 1462 1936 βασιλέως
1505 1860 1597 1914 καὶ
1621 1864 1730 1914 τῶν
1764 1858 2005 1933 πασχόν-
2036 1888 2081 1952 Β
2110 1876 2170 1930 γε
2198 1854 2390 1932 τυφλῷ
2435 1857 2517 1925 τῷ
2545 1852 2724 1922 τούτῳ
2758 1848 3048 1916 διανεύειν,
3093 1845 3182 1900 καὶ
3213 1846 3247 1911 ἡ
3274 1839 3421 1896 αἰτία
3446 1841 3546 1907 τῆς
3575 1856 3770 1911 παραι·

630 1949 638 1952 .
689 1950 698 1952 -
888 1951 896 1952 ,
1160 1950 1167 1952 _
1427 1948 1439 1952 _
1520 1948 1528 1952 .
1703 1949 1712 1952 _
1807 1949 1818 1952 _
1941 1948 1951 1952 -
2166 1946 2175 1952 .
2412 1942 2425 1952 ς
2540 1942 2553 1952 .
2648 1940 2659 1952 ι
2893 1937 2905 1952 9
2957 1936 2967 1952 ι
3096 1946 3112 1952 -
3238 1936 3262 1946 αι
3353 1926 3445 1952 ,-‘,.
3498 1924 3758 1952 2....-.._.1-

330 1954 471 2026 τῶν,
532 1955 560 2007 ὁ
611 1949 785 2027 ὄχλος
842 1951 991 2023 αὐτῷ
1020 1950 1359 2024 περιίστατο,
1422 1948 1629 2004 ἐκείνου
1664 1949 1755 2021 μὲν
1790 1949 1864 2009 ὡς
1894 1948 1993 2016 τὴν

339 2048 449 2098 τῶν
482 2042 695 2097 οἰκείων
729 2038 1090 2101 ἀπολωλότος
1124 2036 1357 2110 εὔνοιαν,
1415 2042 1522 2093 τῶν
1575 2036 1631 2092 δὲ
1660 2039 1747 2092 καὶ
1780 2035 1848 2091 δι’
1899 2036 1998 2091 αύ-

338 2134 430 2187 τὸν
480 2130 807 2206 πασχόντων
864 2131 936 2202 μὴ
993 2128 1164 2182 ἐῶντα
1210 2129 1276 2181 τὰ
1304 2125 1655 2202 πεπραγμένα
1700 2130 1780 2198 τῷ
1812 2124 1997 2201 χρόνῳ

344 2219 561 2295 μᾶλλον
595 2214 1001 2294 ὑποχαλᾶσθαι.

341 2382 443 2444 κς’.
501 2379 583 2435 Τά
645 2376 780 2431 κατά
838 2377 926 2430 τὸν
992 2373 1295 2501 λογὶρθέτην
1353 2378 1451 2429 τοῦ
1505 2377 1718 2449 γενικοῦ
1778 2373 1997 2441 Μουζά-

1131 2467 1257 2501 ωνα.

1131 2467 1257 2501 ωνα.

418 2580 592 2634 Τοῦτο
651 2568 843 2645 ξυνέϐη
901 2572 992 2627 καὶ
1051 2571 1247 2635 ἄΛλοις
1304 2569 1607 2641 πλείστοις,
1666 2563 2000 2643 ξυμϐεϐήκει

351 2796 581 2849 fructus
613 2791 795 2862 hujus
823 2788 976 2846 495
1008 2789 1273 2860 obsequii
1308 2804 1423 2844 non
1455 2803 1671 2860 parvus
1729 2785 1817 2841 illi
1867 2802 2004 2841 con-

349 2884 523 2939 stitit.
556 2881 701 2937 Nam
738 2884 1039 2950 utcunque
1073 2895 1187 2934 non
1220 2878 1507 2949 probabat
1529 2878 1851 2949 imperator
1867 2892 2005 2932 con-

355 2971 701 3027 troversiam
733 2971 803 3024 de
834 2970 1108 3040 dogmate
1138 2967 1381 3034 moveri,
1413 2971 1469 3022 et
1498 2966 1558 3021 in
1583 2966 1743 3038 pacis
1770 2964 2004 3037 negotio

360 3059 608 3115 ulterius
639 3075 756 3113 rem
791 3057 1029 3129 provehi
1053 3073 1229 3128 quam
1249 3060 1555 3128 pactorum
1580 3060 2002 3111 conventorum

354 3164 488 3204 cum
519 3148 739 3202 Latinis
772 3147 1014 3219 praecise
1044 3146 1401 3201 tuendorum
1434 3145 1756 3201 necessitas
1799 3160 2003 3216 posce-

2109 1924 2320 2014 τήσεως
2366 1924 2789 2017 οὐκί-ἠγνόητο,
2848 1936 3038 1992 αὐτίκα
3092 1936 3267 2006 θυμοῦ
3324 1926 3447 2003 πρῖν
3496 1924 3758 2000 ἐγκρατὴς

2108 2029 2180 2086 ὤν
2212 2034 2411 2102 ἠττᾶτε
2463 2029 2606 2099 τότε,
2664 2029 2755 2083 καὶ
2808 2031 2890 2099 τῷ
2929 2023 3149 2101 ἀδελφῷ
3198 2017 3518 2095 προστάξας,
3578 2014 3635 2069 ὀν
3669 2011 3760 2068 καὶ

2108 2120 2195 2177 ἐπὶ
2273 2126 2381 2175 τῶν
2459 2119 2773 2193 εἰσαγωγῶν
2854 2116 3020 2189 εἶχεν,
3084 2110 3288 2167 ἐκείνου
3353 2104 3762 2179 μεσιτεύσαντος

2107 2214 2204 2280 τὴν
2285 2209 2583 2283 ὑπηρεσίαν
2659 2205 2877 2269 πολλὰς
2951 2204 3043 2259 καὶ
3102 2200 3318 2277 βαρείας
3389 2196 3628 2266 ἐντείνει,
3689 2193 3763 2253 ὡς

2113 2299 2255 2373 μηδὲ
2306 2302 2403 2369 τὴν
2464 2300 2514 2353 ἒν
2575 2296 2735 2372 χερσὶ
2800 2297 3096 2370 βακτηριαν
3126 2292 3370 2365 συνεχῶς
3415 2284 3763 2354 πλήττουσαν

2106 2395 2185 2461 τῷ
2226 2392 2343 2444 κατ’
2386 2386 2589 2443 ἐκείνου
2644 2382 2909 2461 βασιλείῳ
2964 2384 3121 2454 θυμῷ
3174 2377 3416 2452 ἀρκέσαι,
3476 2370 3623 2427 ἀλλά
3674 2370 3763 2424 καὶ

2106 2481 2307 2551 ταύτης
2368 2477 2704 2547 ἀπειπούσης
2760 2480 2827 2549 τῇ
2888 2471 3106 2546 θραύσει
3164 2467 3342 2537 ἄλλην
3393 2463 3766 2541 παραληφθῆ-

2106 2590 2217 2638 ναι,
2270 2569 2332 2625 τὸ
2364 2567 2571 2639 ἐκείνης
2605 2561 2762 2641 ἔργον
2790 2561 3314 2638 ἀναπληρώσουσαν.
3378 2553 3539 2612 Ἀλλ’
3571 2550 3669 2606 οὐκ
3697 2550 3764 2619 ἦν

2384 2789 2474 2842 26.
2511 2792 2587 2842 De
2612 2785 2892 2856 logotheta
2921 2780 3181 2856 generali
3212 2775 3530 2836 Muwlone.

2187 2877 2268 2930 Ex
2327 2876 2439 2946 his,
2509 2880 2716 2946 praeter
2792 2872 2939 2928 alios
3012 2868 3298 2941 plurimos
3366 2860 3766 2920 stomachatos

2116 2966 2174 3019 in
2207 2969 2462 3021 Veccum
2491 2982 2608 3020 non
2640 2964 2905 3035 impune,
2940 2962 3053 3015 duo
3083 2975 3198 3030 prae
3241 2954 3464 3011 caeteris
3509 2953 3771 3016 fuerunt,

2116 3056 2539 3111 Constantinus
2602 3051 2931 3123 Acropolita
2997 3054 3054 3105 et
3119 3046 3465 3103 Theodorus
3520 3038 3769 3107 Muzalo,

2117 3160 2388 3216 quorum,
2446 3142 2768 3216 praesertim
2843 3138 3187 3204 Muzalonis,
3237 3150 3410 3190 casus
3485 3130 3580 3184 hic
3646 3145 3768 3183 me-

350 3242 461 3308 ret,
517 3252 747 3292 summa
804 3235 1076 3307 perstitit
1122 3236 1456 3291 constantia
1515 3235 1574 3289 in
1643 3235 2003 3306 protegendo
2038 3220 2079 3286 C
2120 3234 2336 3289 morari
2393 3250 2508 3288 non
2570 3234 2676 3288 abs
2735 3247 2794 3286 re
2850 3229 3059 3301 opinor
3133 3224 3331 3280 fuerit.
3398 3221 3620 3276 Horum
3696 3216 3770 3269 il-

344 3331 554 3393 Vecco,
586 3341 785 3396 quem,
810 3329 876 3379 ut
897 3324 1039 3392 dixi,
1062 3323 1309 3395 publica;
1367 3324 1589 3395 passim
1618 3323 2004 3394 querelzetra-

345 3417 642 3471 ducebant
674 3414 844 3485 quasi
880 3414 1100 3469 fontem
1126 3421 1305 3483 atque
1347 3417 1647 3468 auctorem
1701 3413 2009 3484 perturba-

346 3510 581 3561 tionum
618 3504 1022 3576 praesentium,
1050 3503 1266 3558 idcirco
1300 3504 1457 3574 quod
1492 3503 1647 3557 haud
1700 3507 2011 3558 contentus

349 3601 649 3664 utcunque
680 3592 914 3648 tolerari
965 3592 1360 3663 usurparique
1416 3591 1821 3657 concordiam,
1869 3607 2010 3647 con-

347 3684 614 3740 tenderet
646 3682 890 3754 insuper
914 3683 1322 3736 demonstrare
1354 3685 1507 3735 recte
1530 3681 1749 3736 sentire
1774 3681 2011 3737 Latinos

345 3775 408 3828 in
444 3774 719 3845 dogmate
748 3772 821 3827 de
848 3771 1223 3843 processione
1265 3771 1456 3825 sancti
1502 3770 1780 3841 Spiritus,
1825 3786 1889 3825 ac
1919 3770 2012 3825 vix

352 3863 586 3934 culpam
621 3878 820 3917 eorum
856 3860 1036 3916 levem
1068 3864 1411 3931 agnosceret
1448 3861 1730 3914 duntaxat
1756 3860 1812 3914 in
1845 3859 2011 3915 addi-

348 3955 511 4008 tione
545 3952 616 4007 ad
650 3949 985 4022 symbolum
1020 3950 1383 4005 attentanda.
1418 3953 1536 4003 Hac
1589 3948 2014 4003 incredibiliter

353 4041 679 4098 efferabant
710 4040 1127 4111 plerorumque
1161 4039 1410 4093 animos.
1445 4038 1772 4109 Opinioque
1804 4038 2014 4093 multo-

358 4147 492 4186 rum
529 4147 643 4185 non
675 4128 1079 4183 inverisimilis
1110 4128 1241 4193 fuit,
1276 4128 1323 4183 si
1357 4128 1427 4183 ab
1481 4128 1571 4183 his
1600 4127 1824 4183 Veccus
1863 4132 2010 4183 tem-

352 4223 639 4292 perasset,
671 4220 941 4273 futurum
967 4218 1148 4273 fuisse
1172 4222 1236 4272 ut
1258 4222 1473 4273 sensim
1516 4218 2015 4273 fervor.schisma-

347 4310 426 4365 tis
460 4310 904 4364 consenesceret
933 4308 1221 4374 etfcuncta
1242 4310 1502 4377 tempore
1524 4308 1593 4361 ad
1621 4306 2013 4378 tranquillita-

351 4405 472 4455 tem
505 4402 1030 4470 componerentur.
1091 4396 1237 4451 Cum
1270 4398 1453 4467 igitur
1498 4413 1565 4451 ex
1597 4396 1690 4453 his
1737 4398 1902 4453 ﬁeret
1950 4400 2015 4452 ut

351 4488 621 4559 quotidie
663 4485 996 4541 fervidiores
1048 4486 1289 4555 quidam
1333 4486 1455 4541 zelo
1503 4484 1840 4542 inconsulto
1874 4502 2011 4557 pro-

2116 3324 2241 3379 lum
2275 3322 2512 3393 quidem
2565 3339 2596 3377 a
2629 3325 2793 3392 patre
2843 3334 3056 3389 magno
3103 3313 3402 3385 logotheta
3458 3310 3765 3377 acceptum

2114 3413 2394 3468 educarat
2451 3413 2604 3483 apud
2651 3428 2711 3466 se
2758 3407 3184 3476 iuformarique
3241 3399 3482 3473 optimis
3534 3395 3764 3452 artibus

2116 3511 2345 3559 curarat
2404 3501 2746 3573 imperator,
2795 3497 3027 3569 sibique
3098 3498 3223 3564 jam
3306 3490 3513 3544 intime
3562 3486 3764 3541 admo-

2115 3598 2241 3647 tum
2278 3592 2432 3646 496
2473 3590 2533 3645 in
2584 3586 3070 3644 familiarissimis
3103 3582 3370 3638 habebat.
3420 3578 3586 3632 Hunc
3633 3588 3765 3628 vero

2116 3682 2367 3736 ascitum
2426 3696 2495 3735 ex
2555 3679 2794 3733 militari
2865 3675 3096 3739 ordine,
3169 3680 3225 3727 et
3274 3667 3488 3724 litteris
3533 3682 3598 3720 ac
3646 3662 3769 3718 dis-

2115 3769 2347 3840 ciplinis
2368 3785 2475 3824 suo
2507 3774 2747 3840 sumptu
2774 3768 3013 3837 jussum
3036 3762 3245 3827 imbui,
3275 3757 3581 3829 logothetas
3604 3768 3771 3824 gene-

2115 3859 2255 3915 ralis
2276 3858 2564 3927 dignitate
2582 3853 3321 3921 honoraverat;eodemque
3338 3852 3508 3902 aucto
3530 3846 3772 3913 insuper

2115 3950 2172 4003 in
2210 3947 2528 4020 potentiam
2582 3944 2862 4000 aﬂlnilate
2905 3941 3215 4013 splendida
3263 3939 3422 4008 (nam
3470 3933 3553 3988 illi
3590 3931 3769 3986 [illam

2117 4036 2506 4093 Cantacuzeni
2557 4036 2721 4088 dedit
2770 4031 3105 4102 conjugem)
3152 4024 3461 4098 principali
3495 4020 3767 4077 ministro

2116 4128 2174 4183 in
2210 4125 2578 4199 publicarum
2605 4139 2797 4178 rerum
2823 4118 3249 4190 gubernatione
3272 4116 3564 4176 utebatur,
3593 4113 3767 4178 atque

2117 4218 2175 4272 in
2204 4214 2526 4286 Acropolita
2549 4214 2788 4285 quidem
2830 4208 3166 4266 ulciscendo
3206 4206 3354 4259 iram
3390 4201 3447 4255 in
3480 4202 3769 4271 potestate

2119 4322 2287 4364 suam
2339 4304 2567 4365 habuit,
2625 4320 2742 4358 non
2798 4299 3047 4356 ulterius
3097 4294 3342 4351 saeviens
3400 4305 3578 4363 quam
3630 4301 3768 4342 eum

2118 4395 2401 4469 privando
2450 4394 2576 4449 loco
2626 4390 2825 4462 gratia;
2872 4404 3045 4460 quem
3102 4384 3265 4457 prius
3308 4380 3595 4436 tribuerat
3650 4379 3709 4469 et
3738 4391 3772 4429 a

2121 4468 2226 4540 sua
2257 4483 2655 4539 familiaritate
2684 4478 3074 4537 removendo:
3118 4476 3176 4529 in
3208 4471 3565 4527 Muzalonem
3618 4468 3773 4521 totas

348 4580 700 4648 rumperent
740 4575 811 4629 ad
846 4574 1177 4644 negandam
1228 4573 1571 4644 imperatori
1619 4575 2010 4629 obedientiam
2043 4577 2090 4641 D
2126 4576 2386 4631 habenas
2418 4572 2737 4628 iracundiae
2765 4569 3001 4623 laxavit.
3034 4567 3179 4621 Cum
3228 4562 3382 4617 enim
3436 4572 3569 4614 eum
3602 4570 3770 4609 occa-

356 4667 422 4722 in
466 4666 539 4720 iis
589 4682 716 4736 qua
770 4665 838 4718 ad
895 4664 1321 4719 observandam
1372 4678 1575 4734 pacem
1623 4664 1789 4733 juxta
1839 4668 2009 4734 pacta

350 4753 794 4828 praascribebat,
825 4752 1120 4822 iidemque
1153 4750 1547 4822 patriarcham
1589 4753 1903 4824 transfugii
1937 4753 2009 4807 ad

355 4849 556 4917 partes
593 4842 927 4897 Latinorum
978 4840 1456 4908 criminarentur,
1499 4841 1819 4912 imperator
1866 4858 2008 4896 con-

349 4932 537 4989 temni
571 4948 635 4986 se
667 4929 1066 4985 inobedientia
1097 4928 1476 4984 subditorum
1506 4930 1833 5001 patientius
1865 4930 2012 4985 tole-

349 5021 603 5088 rans,ita
624 5018 1038 5074 exardescebat
1057 5035 1161 5089 pro
1180 5018 1514 5088 patriarcha
1535 5023 1598 5073 ut
1618 5020 1767 5074 istas
1792 5019 1851 5073 in
1876 5036 2009 5074 eum

347 5114 609 5183 jactatas
635 5108 1042 5164 accusationes
1078 5113 1263 5162 morte
1297 5109 1465 5179 pejus
1506 5109 1759 5163 aversari
1783 5109 2009 5163 videre-

354 5206 473 5256 tur.
507 5202 649 5252 Cum
685 5202 880 5251 autem
913 5197 1023 5251 hoc
1054 5196 1293 5251 nomine
1322 5196 1700 5252 vehementer
1734 5197 2012 5253 irascere-

348 5294 450 5344 tur
490 5286 717 5341 cunctis
769 5301 837 5340 ex
876 5300 1229 5355 quocunque
1278 5285 1481 5341 ordine
1531 5302 1595 5340 ac
1636 5302 1871 5357 genere,
1907 5287 2008 5358 qui

351 5378 498 5435 talia
519 5379 1113 5440 murmurarent,tum
1139 5375 1633 5445 impotentissime
1654 5377 2008 5446 indignaba-

356 5477 458 5525 tur
487 5467 717 5538 quolies
748 5465 805 5518 id
860 5464 989 5519 illos
1035 5480 1201 5533 agere
1248 5465 1500 5530 videbat,
1535 5482 1684 5535 quos
1726 5465 2010 5523 charitate

352 5558 653 5632 praecipua
675 5554 1015 5627 complexus
1055 5556 1365 5611 educasset
1390 5573 1423 5611 a
1453 5556 1672 5626 pueris,
1706 5557 2011 5613 extulisset

357 5646 708 5711 honoribus,
745 5645 990 5713 ideoque
1021 5644 1090 5698 ad
1126 5644 1359 5714 quidvis
1408 5644 1521 5699 sibi
1561 5645 2005 5716 obsequendum

356 5736 702 5809 ingentibus
729 5734 840 5790 sibi
870 5738 1202 5790 auctoratos
1237 5735 1535 5791 beneficiis
1566 5736 1842 5791 crederet.

2119 4665 2281 4720 sione
2340 4666 2484 4717 forte
2543 4664 2803 4717 instante
2859 4656 3130 4711 mittendi
3205 4651 3429 4721 legatos
3499 4650 3768 4709 Romam,

2122 4752 2483 4825 explorandi,
2520 4755 2583 4805 ut
2620 4749 2848 4819 opinor,
2881 4747 3011 4815 ejus
3058 4742 3237 4798 animi
3280 4737 3469 4810 gratia
3522 4750 3637 4805 prae
3665 4748 3773 4787 cm-

2120 4823 2263 4899 teris
2292 4841 2604 4895 invitasset
2634 4840 2705 4895 ad
2727 4838 2899 4892 istam
2927 4833 3277 4905 legationem
3302 4823 3769 4895 suscipiendam,

2120 4938 2177 4988 et
2234 4933 2333 4987 ille
2393 4936 2627 5002 prepter
2676 4927 2949 4983 videlicet
2990 4922 3269 4979 omnibus
3316 4921 3514 4973 notam
3563 4914 3693 4984 ejus
3738 4928 3771 4968 a

2123 5023 2342 5077 Latinis
2374 5027 2429 5077 et
2461 5038 2494 5076 a
2528 5020 2838 5076 concordia
2868 5031 3001 5071 cum
3050 5012 3199 5084 ipsis
3249 5008 3610 5063 eversionem
3662 5004 3769 5057 ad-

2119 5112 2350 5166 mittere
2382 5111 2680 5183 praefracte
2706 5108 3057 5173 recusasset,
3085 5118 3151 5157 ac
3177 5116 3249 5157 ne
3272 5098 3499 5155 iteratis
3527 5097 3767 5167 quidem

2121 5202 2275 5273 apud
2306 5202 2504 5272 ipsum
2537 5200 2607 5254 de
2639 5199 2748 5253 hoc
2776 5193 3075 5250 instantiis
3117 5191 3247 5264 plus
3282 5189 3624 5260 profecisset
3654 5186 3767 5240 im-

2118 5294 2352 5361 perator
2381 5306 2557 5360 quam
2588 5289 2636 5342 si
2670 5287 2849 5342 surdo
2873 5287 3106 5339 caneret
3135 5285 3238 5335 aut
3276 5280 3545 5333 innueret
3592 5292 3768 5343 caeco,

2121 5381 2190 5434 ad
2252 5384 2574 5434 extremum
2627 5377 2784 5431 omni
2844 5389 3092 5429 excussa
3141 5370 3318 5442 priori
3371 5367 3767 5423 moderatione

2119 5469 2567 5531 excandescens,
2600 5467 2834 5521 fratrem
2861 5465 3193 5535 ejus,quem
3223 5457 3333 5513 sibi
3376 5454 3764 5512 admissiona-

2119 5558 2230 5613 lem
2263 5557 2447 5628 ipsius
2479 5555 2987 5612 commendatione
3013 5552 3247 5615 fecerat,
3280 5548 3527 5602 accitum
3574 5545 3761 5598 corri-

2118 5666 2251 5721 pere
2276 5650 2488 5703 fustem
2514 5648 2685 5718 jubet
2706 5661 3001 5717 suumque
3020 5654 3363 5715 germanum
3395 5633 3763 5693 validissime

2117 5738 2371 5810 pulsare.
2405 5737 2562 5794 Fecit
2605 5737 2662 5793 id
2712 5738 2810 5797 ille
2853 5758 2968 5797 non
3018 5740 3431 5816 perfunctorie,
3463 5726 3763 5807 spectante
