4080 6388
458 377 566 431 959

1772 371 2069 426 GEORGII
2107 370 2570 425 PACHYMERE

3758 380 3842 436 960

461 500 649 573 ἐκείνῳ
678 499 745 555 τὰ
769 506 870 570 τῆς
898 500 1172 577 τιμωρίας
1221 500 1275 562 ἐς
1303 498 1448 568 τόδε,
1483 497 1627 554 ἀλλά
1676 497 1765 553 καὶ
1807 495 1912 551 ἀπὸ
1943 514 2113 569 προσ·
2143 497 2198 563 Α
2228 491 2413 564 ἤθελε,
2470 492 2725 569 βασιλεὺς
2758 490 2816 548 δὲ
2864 492 2923 548 οὐ
2979 492 3039 549 τὸ
3070 493 3150 573 ἐφ’
3197 496 3395 551 ἑαυτοῦ
3430 498 3588 569 μόνον
3635 508 3843 577 προορώ.

462 592 615 645 ώπου
668 590 839 643 ἐποίει
890 591 1119 659 καὶτῆς
1160 595 1269 644 τῶν
1316 592 1514 643 κοινῶν
1566 585 1835 661 μεσιτείας
1886 604 2117 659 παρακι-

456 686 568 734 νεῖν
602 679 700 733 οὐκ
730 679 988 733 ἀπώκνει.
1027 680 1123 733 Καὶ
1158 677 1583 755 παρεωραμένος
1638 675 1863 731 διετέλει
1919 674 2118 748 μέχρις

459 770 521 824 οὗ
555 768 941 842 οἷκειοχείροις
990 768 1310 845 ἀσφαλείαις
1346 770 1421 840 μὴ
1459 769 1623 840 μόνον
1668 767 1984 840 πορσήκατο
2014 766 2111 830 τήν

457 858 703 932 εἰρήνην,
766 857 910 912 ἀλλὰ
966 858 1055 910 καὶ
1121 856 1288 911 πλέον
1344 860 1408 925 ἦν
1468 854 1712 929 ἕτοιμος,
1774 854 1819 909 εἷ
1870 851 2111 920 κελεύοι,

458 946 733 1020 πράττειν.
786 949 845 1001 Ὁ
892 945 947 1000 δῖε
992 952 1109 1010 τοῖς
1144 947 1238 1019 μὲν
1292 950 1557 1021 παροῦσιν
1605 944 1966 1019 ἀρκούμενος,
2025 941 2113 997 ἐπὶ

457 1035 515 1091 δὲ
560 1037 622 1091 τὸ
674 1035 840 1091 πλέον
894 1036 1099 1091 ἐκείνου
1146 1038 1239 1109 μὲν
1287 1034 1585 1108 καταγνοὺς
1637 1032 1795 1102 δῆθεν
1838 1033 1913 1094 ὡς
1944 1052 2112 1085 κατα-

454 1126 756 1201 ψυχθέντος
810 1126 901 1180 τὸν
964 1125 1168 1194 ζῆλον,
1229 1126 1414 1180 ἑαυτὸν
1476 1123 1533 1178 δὲ
1590 1121 1720 1197 μηδ’
1779 1120 2109 1197 ἀνεχόμενον

451 1220 728 1291 παριστῶν
763 1216 910 1276 ὅλως
948 1209 1301 1290 παραϐαίνειν
1352 1212 1520 1268 πλέον
1548 1218 1657 1268 τῶν
1711 1211 2110 1286 συγκειμένων,

454 1303 743 1378 δεξάμενος
810 1303 962 1368 αὖθις
1038 1309 1155 1368 τοῖς
1221 1308 1512 1379 πραχθεῖσι
1596 1301 1782 1375 μόνοις
1855 1299 2108 1374 ἐμμένειν

452 1394 774 1469 ἐπήγγειλε.

446 1559 545 1626 κζ’.
622 1559 813 1632 ’Ὁπως
888 1556 947 1610 ἐκ
1023 1554 1227 1632 δύσεως
1308 1554 1632 1632 ὑπέστρεφεν
1690 1555 1748 1632 ,ὁ
1821 1559 2107 1630 ῙΙορφυρο-

697 1630 977 1704 γέννητος,
1010 1629 1099 1682 καὶ
1128 1628 1192 1682 τὰ
1222 1629 1355 1683 κατὰ
1380 1624 1483 1682 τὸν
1507 1624 1857 1695 Κὲιτανίτζην.

518 1754 600 1825 [Ρ.
635 1755 761 1826 339]
814 1756 926 1809 Τοῦ
985 1750 1032 1807 δ’
1088 1752 1254 1807 αὐτοῦ
1313 1750 1467 1815 ἔτους
1525 1749 1847 1827 ὑποστρέφει
1908 1749 2001 1821 μὶν
2057 1749 2107 1818 ἐξ

443 1841 716 1911 ἀνατολῆς
792 1844 820 1896 ὁ
900 1841 1155 1917 βασιλεὺς
1231 1839 1605 1917 Ἀνδρόνικος,
1664 1841 1763 1908 τὴν
1819 1836 2103 1893 δέσποιναν

441 1930 613 1986 ἐκεῖσε
659 1931 1000 2000 καταλιπὼν,
1034 1931 1266 2006 ἀνήγετο
1299 1928 1355 1985 δὲ
1406 1931 1511 2003 πρὸ
1559 1928 1755 1983 τούτου
1803 1926 1893 1981 καὶ
1924 1925 1983 1981 ἐκ
2014 1924 2106 1979 δύ-

446 2042 583 2082 σεως
632 2022 659 2075 ὁ
700 2022 1242 2098 Πορφυρογέννητος,
1289 2017 1442 2074 οὐδὲν
1492 2018 1568 2080 εἷς
1612 2016 1877 2093 τρόπαιον
1927 2016 2102 2092 φέρων

439 2112 474 2179 ἢ
502 2111 593 2164 τὸν
628 2109 956 2179 Κοτανίτζην
1016 2109 1118 2164 ὑπὸ
1166 2114 1328 2182 χεῖρα
1371 2108 1742 2180 ποιησάμενος
1776 2104 2105 2181 ὁμολογίαις

436 2194 683 2272 ὲνὸρκοις
713 2203 810 2252 τοῦ
862 2196 1035 2270 μηδέν
1064 2219 1117 2251 τι
1149 2199 1338 2251 παθεῖν
1373 2196 1433 2251 ἐκ
1467 2196 1738 2268 βασιλέως
1776 2196 2099 2265 ἀνήκεστον.

448 2286 602 2341 Καὶὸ
669 2287 762 2359 μὲν
822 2286 1071 2359 ἐμμένων
1129 2291 1247 2348 τοῖς
1302 2285 1486 2362 ὅρκοις
1542 2285 1596 2349 ἐς
1647 2285 1806 2346 τέλος
1860 2283 2101 2358 εὐορκεῖν

433 2505 815 2575 instanteque
860 2507 978 2559 tam
1030 2503 1463 2576 inexplebiliter
1516 2504 1797 2575 Angusto,
1850 2504 1916 2556 ut
1964 2516 2097 2557 cum

434 2592 683 2649 baculus
742 2593 801 2647 in
859 2593 1167 2649 tundentis
1227 2610 1405 2648 manu
1458 2591 1828 2648 vehementia
1870 2590 2096 2647 ictuum

437 2685 659 2738 fractus
700 2680 1043 2738 dissiliisset
1071 2682 1130 2737 in
1182 2682 1389 2753 frusta,
1441 2682 1703 2737 nondum
1753 2681 1841 2735 ira
1882 2680 2098 2736 satiata

435 2772 588 2827 sumi
624 2770 875 2826 alterum
919 2771 1163 2842 jusserit
1211 2771 1535 2843 plagasque
1567 2770 1952 2826 accumulari.
1984 2768 2094 2825 Ne-

434 2877 549 2931 que
580 2859 675 2915 hic
706 2859 926 2915 infelici
962 2859 1253 2916 malorum
1286 2860 1444 2916 ﬁnis.
1496 2860 1780 2915 Eumdem
1830 2862 1889 2915 et
1922 2876 1955 2914 a
1984 2875 2093 2915 suo

441 2953 755 3020 conspectu
784 2953 841 3004 et
871 2949 943 3003 al)
974 2950 1484 3005 administratione
1508 2965 1705 3004 rerum
1747 2951 1995 3003 amovet.
2029 2950 2091 3003 In

440 3054 622 3108 eoque
640 3038 769 3106 ejus
792 3038 1067 3108 despectu
1103 3040 1513 3107 perseveravit,
1549 3039 1737 3110 quoad
1775 3036 1871 3091 ille
1901 3035 2093 3091 victus

434 3126 609 3181 malis
640 3130 696 3181 et
727 3126 940 3197 prioris
974 3128 1221 3182 fortunae
1244 3127 1601 3182 desiderium
1646 3143 1760 3181 non
1796 3130 1986 3181 ferens
2019 3126 2090 3179 ad

2141 1885 2183 1948 Β

2229 604 2386 656 μενος
2439 581 2516 645 εἴς
2573 604 2631 639 τε
2685 585 2783 653 τὴν
2846 584 2937 637 ἀπ’
2967 583 3172 639 ἐκείνου
3218 582 3476 642 δουλείαν
3526 590 3609 643 καὶ
3652 593 3708 646 τὸ
3743 594 3841 664 ἑξῆς

2222 674 2356 747 πρὸς
2407 670 2615 727 εὔνοιαν
2649 670 2989 741 ἀδολίευτον,
3039 672 3184 728 ἀλλὰ
3234 676 3326 729 καὶ
3374 676 3440 730 τὰ
3470 677 3567 751 ὀψὲ
3610 685 3705 734 τῶν
3734 703 3840 738 και-

2223 766 2330 837 ρῶν
2406 763 2778 835 σκοπούμενος
2856 761 3157 840 ἐκτυφλοῦν
3238 760 3521 820 ἐϐούλετο·
3585 768 3835 846 μηδὲγὰρ

2223 850 2381 905 αὐτὸν
2437 852 2681 924 ὀμνύειν,
2739 852 2811 913 ὡς
2840 850 3119 925 ἐπιορκίας
3174 855 3411 925 ἁλῶναι,
3474 854 3614 911 ἀλλὰ
3638 859 3721 912 τὸν
3747 863 3836 916 υἱὸν

2224 941 2355 1015 ὑπὲρ
2413 942 2582 995 αὐτοῦ
2642 938 2783 1015 μηδέ
2830 947 3206 1004 συναινοῦντος
3271 943 3444 1006 ὅλως.
3477 946 3579 1002 Τὸν
3627 945 3679 1001 δὲ
3704 952 3835 1004 κακὸν

2220 1030 2475 1105 προεώρα
2526 1032 2713 1103 κακὸν,
2774 1030 2835 1084 οὐ
2895 1033 3080 1104 Οεσμῷ
3142 1032 3423 1105 μαντείας,
3484 1034 3627 1091 ἀλλὰ
3673 1045 3835 1113 φυσικῇ

2217 1122 2411 1195 γνώσει
2472 1124 2725 1194 προορῶν
2786 1122 2849 1175 τὸ
2910 1119 3142 1193 μέλλον·
3190 1122 3286 1177 τόν
3340 1124 3443 1197 γὰρ
3479 1129 3572 1179 τοῦ
3605 1124 3835 1200 λῃστεύειν

2219 1210 2295 1271 εἰς
2330 1215 2519 1285 πεῖραν
2563 1209 2769 1279 ἥκοντα
2820 1208 2990 1283 μηδὲν
3052 1213 3254 1286 ὁρμαῖς
3316 1212 3504 1288 ἑτέρου
3555 1213 3839 1272 δουλεύοντα

2217 1300 2531 1374 ἀγαπῆσαι.
2586 1300 2673 1361 Ὠς
2734 1304 2865 1375 γοῦν
2930 1300 3277 1373 ἀμεταθέτως
3340 1304 3485 1378 εἶχεν
3547 1305 3573 1359 ὁ
3629 1303 3838 1380 βασιλεὺς

2218 1387 2305 1444 ἐπὶ
2365 1388 2566 1461 τούτῳ,
2624 1389 2715 1443 καὶ
2772 1388 2862 1443 τὸν
2925 1389 3041 1444 υἱὸν
3100 1391 3229 1454 τοὺς
3282 1390 3483 1466 ὅρκους
3532 1394 3836 1470 προτείνοντα

2217 1476 2364 1541 ὅλως
2415 1476 2693 1550 ἐπιορκίας
2743 1477 3069 1548 ἀπήλλαττε
3141 1478 3341 1554 λόγοις
3398 1481 3581 1553 (αὐτὸν
3639 1484 3832 1559 καὶγὰρ

2217 1566 2505 1640 φυλάττειν
2534 1566 2660 1629 τοὺς
2696 1566 2889 1642 ὅρκους
2921 1569 2994 1630 ὡς
3045 1566 3186 1641 μηδὲ
3237 1568 3577 1646 προδιδόντα
3616 1574 3647 1641 ἢ
3697 1594 3833 1626 συναι-

2214 1661 2411 1711 κοῦντα
2454 1656 2518 1711 τὸ
2573 1656 2813 1729 σύμπαν,
2869 1656 3059 1730 ἐκείνῳ
3119 1656 3166 1713 δ’
3199 1654 3318 1717 ὄντι
3376 1665 3485 1715 τῶν
3519 1662 3685 1735 ὅρκων
3713 1660 3829 1716 ἐλευ-

2217 1747 2358 1819 θέρῳ
2434 1743 2731 1809 ἀκινδύνως
2806 1749 3060 1822 πράττειν
3112 1748 3381 1823 ἐξεῖναι),
3438 1750 3677 1806 ἀπειπὼν
3728 1754 3833 1825 πρὸς

2214 1836 2338 1897 τοὺς
2392 1833 2595 1910 λόγους
2646 1836 2736 1891 καὶ
2765 1838 2863 1905 τὴν
2929 1837 3063 1911 ὑπὲρ
3101 1843 3199 1892 τοῦ
3246 1839 3433 1895 ἳκὲτου
3462 1841 3682 1896 ἱκετείαν
3712 1841 3830 1895 ἀσθε-

2216 1928 2405 1978 νοῦσαν
2442 1925 2581 1999 ὁρῶν
2634 1926 2662 1979 ὁ
2712 1922 3003 1998 δεξάμενος
3055 1925 3266 2001 βουλὴν
3322 1928 3523 2005 εἰσάγει
3567 1934 3640 2001 τῷ
3686 1927 3831 1984 κινδυ-

2215 2012 2424 2069 νεύοντι
2476 2020 2800 2091 καταφυγεῖν
2848 2017 2985 2089 πρὸς
3035 2017 3099 2071 τὸ
3142 2017 3328 2073 Μέλαν
3374 2019 3465 2073 καὶ
3516 2020 3579 2073 τὰ
3618 2023 3714 2074 τῶν
3756 2039 3831 2092 μο-

2214 2108 2399 2178 ναχῶν
2455 2104 2817 2180 ἀμφιέσασθαι
2853 2148 2867 2176 ,
2924 2102 2979 2159 εἷ’
3029 2110 3149 2169 πὼς
3210 2106 3451 2163 ἐντεῦθεν
3512 2108 3724 2178 σωθείη·
3774 2111 3829 2178 τῷ

2214 2192 2318 2268 γὰρ
2378 2194 2513 2265 ἅπαξ
2590 2194 2657 2247 τὰ
2724 2198 2822 2249 τοῦ
2880 2194 3092 2269 κόσμου
3169 2196 3505 2274 ὁμολογίαις
3553 2197 3827 2270 ἀποθεμένῳ

2214 2288 2466 2360 φρικταῖς
2500 2284 2575 2356 μὴ
2608 2282 2670 2338 ἂν
2708 2305 2828 2339 τινα
2879 2281 3102 2340 δυνατὸν
3148 2286 3286 2341 εἶναι
3338 2286 3593 2351 ὑπόπτως
3619 2281 3745 2362 ἔχειν
3772 2286 3827 2345 ὡς

2208 2500 2515 2556 Occidente
2547 2501 3107 2574 Porphyrogenitus,
3154 2504 3309 2560 nihil
3360 2505 3429 2561 ad
3474 2508 3735 2576 tropzsum
3763 2503 3825 2557 fe-

2208 2607 2365 2646 rens.
2391 2590 2517 2645 Non
2542 2590 2698 2645 enim
2723 2591 2870 2647 bello
2910 2593 3150 2659 vicerat,
3181 2595 3286 2649 sed
3338 2593 3495 2650 ultro
3535 2594 3818 2664 subjectum

2208 2678 2485 2751 potestati
2517 2679 2648 2749 ejus
2668 2680 3023 2737 Cotanitzam
3049 2698 3255 2738 secum
3284 2684 3531 2750 ducens,
3555 2686 3819 2755 postquam

2205 2770 2257 2823 ei
2282 2768 2669 2839 jurejurando
2710 2776 2943 2825 caverat
2982 2770 3131 2827 nihil
3167 2771 3341 2828 illum
3368 2788 3542 2843 grave
3571 2771 3638 2827 ab
3666 2770 3819 2840 impe-

2206 2864 2397 2914 ratore
2456 2876 2790 2930 passurum.
2866 2864 2938 2915 Ac
3014 2862 3554 2935 Porphyrogenitns
3621 2858 3817 2931 quidem

2204 2953 2493 3018 quantum
2528 2964 2585 3003 In
2614 2948 2743 3020 ipso
2773 2954 2919 3019 erat,
2952 2955 3228 3020 praestare
3274 2953 3529 3023 juratam
3582 2950 3735 3004 ﬁdem
3763 2946 3816 3000 ad

2202 3042 2531 3091 extremum
2562 3036 2811 3093 volebat.
2848 3039 3167 3109 Imperator
3219 3046 3423 3095 autem
3455 3037 3815 3094 turbulentum

2201 3126 2513 3181 Cotanitza:
2554 3125 2860 3197 ingenium
2904 3127 3055 3182 satis
3088 3134 3470 3200 perspectum
3528 3127 3730 3182 habens
3775 3125 3816 3176 et

428 3230 631 3286 preces
662 3215 899 3271 inﬁmas
939 3216 1264 3284 descendit,
1307 3215 1720 3286 dcclarataque
1782 3230 2087 3286 perperam
2120 3258 2162 3325 C
2210 3232 2551 3287 quanquam
2584 3216 2642 3271 in
2678 3219 2985 3285 praasentia
3020 3216 3167 3272 nihil
3200 3220 3279 3273 ab
3310 3236 3377 3273 eo
3410 3217 3718 3273 timendum
3750 3210 3814 3263 vi.

434 3307 691 3325 _-L-_--_.
746 3303 1079 3325 _“_:L-_L:_
1141 3309 1189 3325 ,Α
1240 3304 1465 3325 2-1--.-2-
1513 3303 1674 3325 _____-!
1724 3303 1969 3325 ---.I:L.-_
2023 3318 2085 3325 ,Α
2206 3304 2359 3325 ..1-..-Δ
2416 3304 2469 3325 Σ..
2510 3309 2802 3325 _.--L__-__._
2836 3305 3203 3325 ___-__!_)_,A__,
3246 3323 3287 3325 ,,_
3341 3312 3379 3325 ιν
3420 3323 3453 3325 _,
3494 3323 3512 3325 ξ
3540 3323 3551 3325 _
3584 3322 3599 3325 _
3633 3304 3813 3325 --..ι..ιη

432 3307 696 3359 actorum
746 3303 1107 3374 pcsnitentia,
1136 3309 1194 3358 et
1240 3304 1467 3359 idoneis
1507 3303 1677 3374 quasi
1724 3303 1971 3358 vadibus
2021 3318 2087 3356 ac

427 3392 776 3463 pignoribus
807 3392 878 3446 de
919 3409 982 3447 se
1024 3393 1201 3461 datis,
1250 3392 1611 3447 exhibitione
1657 3391 2083 3445 contrariorum

425 3496 669 3551 operum
700 3486 758 3536 et
788 3498 1101 3547 sensuum,
1134 3482 1307 3536 ﬁdem
1343 3480 1620 3551 promissi
1664 3479 1799 3535 fecit
1850 3495 1966 3549 quo
2024 3496 2086 3535 se

425 3571 835 3641 obstringebat
853 3587 967 3625 non
992 3569 1184 3625 solum
1206 3570 1276 3624 ad
1294 3568 1571 3639 deinceps
1584 3568 2083 3640 acquiescendum

426 3659 575 3730 paci,
600 3659 775 3715 sedet
804 3659 856 3714 si
889 3658 1028 3729 quid
1076 3657 1324 3713 ulterius
1364 3675 1430 3713 eo
1463 3658 1519 3712 in
1572 3674 1782 3729 genere
1822 3661 2084 3730 Augusto

425 3748 589 3802 cordi
634 3752 810 3817 esset,
862 3747 1010 3802 citra
1069 3747 1249 3802 ullam
1310 3746 1709 3819 exceptionem
1770 3747 1918 3802 497
1982 3751 2085 3802 aut

424 3851 653 3889 moram
702 3835 1231 3906 obtemperandum
1282 3835 1511 3891 cunctis
1560 3853 1687 3906 qua:
1712 3836 1969 3905 juberct,
2020 3836 2079 3890 in

425 3923 536 3979 hoc
567 3940 802 3995 quoque
854 3925 1096 3992 nimius,
1150 3930 1213 3980 ut
1243 3926 1556 3995 imperator
1607 3926 1733 3996 ipse
1764 3924 2076 3994 judicavit,

427 4012 530 4084 qui
561 4014 713 4083 quod
762 4014 1110 4069 efferebatur
1158 4019 1403 4070 eatenus
1449 4016 1738 4069 duntaxat
1783 4014 2078 4085 accipiens

425 4108 493 4157 ut
522 4103 887 4159 Muzalonem
922 4108 1187 4174 perstare
1230 4103 1508 4176 deinceps
1558 4104 1616 4158 in
1651 4103 1888 4159 statutis
1919 4104 2077 4158 circa

422 4208 628 4263 pacem
658 4192 1051 4248 Ecclesiarum
1102 4194 1402 4264 gauderet,
1450 4193 1802 4263 improbavit
1831 4192 1987 4262 apud
2015 4208 2075 4248 se

421 4282 677 4353 graviter
725 4282 1212 4353 praeparationem
1264 4282 1446 4336 animi
1505 4299 1679 4352 quam
1727 4281 2072 4337 ostendebat

416 4372 487 4427 ad
523 4371 793 4438 ulterius,
829 4372 877 4426 si
904 4373 1239 4442 juberetur,
1288 4371 1810 4442 progrediendum,
1860 4371 1920 4425 in
1952 4388 2067 4441 quo

416 4458 937 4524 animadvertebat,
966 4475 1079 4513 non
1119 4458 1247 4513 sine
1288 4458 1459 4513 tacito
1510 4462 1869 4529 contemptu,
1906 4457 2067 4512 refri-

414 4547 571 4601 xisse
600 4546 790 4602 zelum
824 4548 952 4616 ejus
986 4562 1173 4617 usque
1204 4548 1275 4600 ad
1325 4547 1741 4602 relaxationem
1794 4564 2063 4602 nccessa~

2201 3304 2383 3373 deret,
2416 3304 2475 3357 in
2510 3309 2808 3375 posterum
2836 3305 3207 3376 providenter
3242 3312 3515 3363 metuens
3538 3322 3605 3360 ne
3628 3304 3814 3373 captato

2200 3394 2518 3465 aliquando
2570 3399 2835 3466 tempore
2891 3396 3191 3467 negotium
3259 3396 3474 3453 hazredi
3520 3392 3811 3453 facesseret,

2197 3484 2581 3555 depositaque
2630 3484 2897 3555 obsequii
2945 3484 3126 3551 larva,
3179 3502 3364 3557 quam
3424 3485 3474 3541 ei
3523 3477 3808 3553 desperatio

2196 3588 2388 3626 rerum
2422 3588 2661 3627 suarum
2696 3571 2912 3627 utiliter
2944 3574 3116 3628 modo
3151 3573 3469 3640 induisset,
3514 3572 3579 3626 ad
3614 3565 3807 3623 fraudes

2194 3660 2614 3729 perﬁdiamque
2643 3659 2846 3714 solitas
2892 3659 3311 3725 revolveretur,
3362 3663 3682 3731 praevertere
3708 3653 3802 3707 for-

2194 3748 2477 3803 midatam
2498 3748 2815 3819 perniciem
2839 3748 3097 3819 suspecti
3122 3750 3335 3821 capitis
3348 3745 3709 3806 excaecatione
3728 3755 3801 3794 cu-

2193 3837 2408 3907 piebat.
2438 3838 2552 3892 Nec
2596 3836 2751 3891 enim
2804 3853 2919 3907 quo
2971 3837 3167 3892 minus
3205 3837 3268 3893 id
3316 3842 3528 3909 ageret,
3560 3830 3799 3903 religione

2190 3927 2541 3982 sacramenti
2578 3943 2641 3980 sc
2667 3926 2851 3981 teneri
2900 3926 3251 3992 disserebat,
3288 3927 3490 3997 utique
3537 3939 3657 3978 cum
3705 3931 3794 3971 non

2187 4014 2314 4085 ipse
2337 4016 2625 4085 jurasset,
2660 4015 2759 4070 sed
2815 4014 3038 4085 absque
3062 4015 3238 4085 jussu
3291 4026 3685 4081 consensuque
3710 4018 3794 4059 suo

2188 4104 2382 4171 ﬁlius;
2416 4103 2510 4159 cui
2545 4103 2696 4158 498
2748 4103 3047 4158 sufﬁceret
3093 4104 3164 4158 ad
3214 4104 3618 4161 exsolvendam
3649 4096 3791 4151 ﬁdem

2186 4194 2481 4248 abstinere
2523 4194 2716 4264 ipsum
2769 4210 2802 4248 a
2850 4192 3116 4265 supplice
3167 4194 3496 4260 multando,
3530 4206 3635 4245 non
3657 4185 3715 4240 ad
3744 4195 3791 4234 se

2184 4287 2461 4353 praeterea
2491 4281 2781 4353 pertinere
2807 4283 3213 4354 arhitrantem,
3266 4284 3315 4339 si
3345 4283 3483 4355 quid
3533 4276 3677 4334 aliud
3706 4285 3789 4326 suo

2180 4373 2435 4443 quodam
2469 4370 2713 4427 consilio
2749 4377 2910 4443 pater
2949 4373 3305 4429 decerneret.
3339 4372 3469 4427 Mali
3494 4384 3653 4442 porro
3681 4376 3787 4434 pra-

2177 4462 2348 4532 vique
2403 4461 2701 4517 hominem
2771 4462 2950 4516 animi
3007 4466 3065 4517 et
3114 4478 3241 4517 esse
3288 4468 3346 4517 et
3391 4462 3509 4515 fore
3554 4449 3785 4510 Cotanit-

2177 4567 2303 4604 zam
2356 4568 2455 4622 pro
2503 4554 2662 4605 certo
2713 4550 2965 4605 habebat
3021 4551 3361 4620 imperator,
3414 4565 3525 4603 non
3583 4543 3783 4598 edoctus

416 4635 514 4690 riae
547 4634 910 4699 constantiae,
944 4653 1122 4706 quam
1154 4635 1215 4689 in
1249 4637 1424 4691 rebus
1457 4636 1757 4707 religionis
1789 4637 2065 4692 invictam
2098 4625 2142 4689 D
2174 4640 2411 4696 oraculo
2443 4644 2547 4694 aut
2578 4640 2936 4694 vaticinandi
2985 4645 3353 4694 monstrante
3400 4638 3471 4705 vi,
3516 4634 3610 4689 sed
3643 4632 3778 4683 natu.

415 4724 685 4780 exhibere
716 4724 1032 4779 Christiani
1067 4729 1157 4780 est
1186 4725 1384 4779 ofﬁcii.
1430 4726 1556 4796 Ipse
1610 4742 1781 4795 porro
1813 4726 2066 4795 impera-

412 4816 506 4869 tor
535 4818 592 4869 et
621 4818 761 4868 tunc
792 4818 849 4869 et
874 4830 1108 4885 semper
1140 4813 1282 4869 alias
1333 4832 1445 4869 orae
1478 4831 1540 4870 se
1571 4814 1704 4869 lulit
1749 4814 2064 4869 abhorrere

409 4903 650 4957 omnino
675 4920 737 4958 se
761 4920 793 4957 a
834 4902 966 4974 plus
1002 4903 1373 4958 concedendo
1408 4903 1629 4957 Latinis
1670 4920 1846 4975 quam
1876 4921 2062 4975 quan-

404 4995 531 5045 tum
586 4996 753 5047 erant
812 4992 1299 5047 conventionibus
1349 4992 1638 5063 stipulati.
1698 4992 2059 5049 Muzalonem

404 5079 589 5151 igitur
607 5081 666 5135 in
686 5082 878 5137 locum
907 5082 1222 5153 pristinum
1248 5081 1758 5152 recipiens,jussit
1778 5099 1845 5138 ea
1867 5082 2059 5139 solum

404 5167 762 5226 inconcussa
790 5179 984 5226 tenere
1011 5172 1069 5226 in
1106 5188 1233 5242 quae
1286 5172 1564 5241 utrinque
1595 5188 1628 5226 a
1686 5174 2057 5229 concordiam

409 5259 803 5315 tractantibus
827 5266 1197 5317 convenerat.

406 5419 496 5475 27.
534 5420 598 5475 Ut
626 5435 695 5475 ex
726 5419 1020 5476 Occidente
1059 5420 1298 5545 νὲάῖῗθνξε
1328 5421 1866 5494 Porphyrogenilus;
1919 5428 1972 5479 et
1995 5425 2059 5481 de

1124 5508 1150 5544 ο
1178 5510 1273 5545 am
1308 5509 1391 5545 τα.

1124 5508 1391 5546 mamma.

478 5614 696 5670 Eodem
731 5632 885 5670 anno
919 5615 1090 5669 rediit
1119 5633 1187 5671 ex
1215 5616 1451 5672 Oriente
1481 5618 1801 5690 imperator
1830 5622 2058 5677 Andro-

415 5701 608 5773 nicus,
650 5704 888 5761 domina
920 5704 999 5759 ibi
1030 5703 1252 5761 relicta.
1304 5706 1572 5762 Redierat
1618 5714 1752 5763 ante
1805 5709 1961 5765 hunc
1990 5727 2059 5765 ex

2175 4727 2281 4781 tali
2316 4728 2629 4799 prudentia
2676 4729 2833 4799 quod
2886 4733 3011 4782 erat
3057 4736 3400 4783 eventurum
3455 4718 3782 4795 praesagiens,

2174 4833 2280 4872 nec
2314 4816 2655 4889 persuaderi
2692 4816 2804 4872 sibi
2850 4817 3052 4872 sinens
3095 4820 3341 4872 ferocem
3391 4816 3656 4885 juvenem
3696 4817 3782 4889 gur-

2173 4888 2325 4962 stata
2380 4907 2558 4963 semel
2609 4906 2899 4962 latrocinii
2950 4905 3282 4974 dulcedine,
3355 4906 3503 4959 hona
3544 4898 3647 4953 ﬁde
3691 4888 3779 4946 sub

2173 4997 2359 5053 alieno
2394 4998 2638 5069 imperio
2670 4998 2982 5067 victurum,
3042 5001 3571 5069 temperaturumve
3614 4986 3663 5040 in
3709 4994 3779 5069 oc-

2171 5088 2406 5143 casione
2441 5088 2841 5142 novandarum
2874 5104 3066 5142 rerum
3094 5104 3127 5142 a
3150 5088 3295 5159 jugo
3334 5076 3677 5142 excutiendo.
3708 5067 3777 5167 ab

2170 5175 2277 5232 hoc
2316 5181 2535 5243 autem,
2589 5175 2682 5231 cui
2733 5175 3133 5230 inflexibiliter
3192 5174 3467 5236 haerebat,
3518 5160 3777 5240 proposito

2170 5267 2387 5320 frustra
2415 5264 2952 5337 Porphyrogenitus
2975 5269 3311 5335 Augustum
3335 5263 3613 5317 dimovere
3628 5260 3775 5305 cona-

2169 5352 2361 5419 batur,
2386 5353 2590 5408 datum
2611 5371 2643 5407 a
2667 5352 3171 5423 sejusjurandum
3196 5350 3514 5407 obtendens
3539 5360 3550 5397 :
3574 5348 3777 5407 respon'

2168 5443 2344 5498 debat
2369 5443 2522 5498 enim
2560 5447 2723 5515 pater
2757 5443 2869 5514 ipsi
2921 5444 2990 5497 ad
3039 5442 3403 5498 conscientia:
3443 5429 3771 5491 securitatem

2170 5532 2313 5586 satis
2354 5548 2503 5597 esse,
2556 5532 2711 5603 quod
2764 5548 2868 5586 nec
2914 5534 3197 5603 prodente
3249 5547 3353 5587 nec
3396 5524 3657 5583 suadente
3684 5522 3770 5566 nec

2169 5620 2527 5677 assentiente
2559 5638 2619 5677 se
2663 5621 2993 5692 quidquam
3055 5622 3115 5675 in
3160 5617 3485 5676 dedititium
3528 5608 3678 5665 aliter
3714 5610 3766 5650 ac

2169 5714 2467 5780 sperasset
2517 5712 2913 5765 statueretur:
2956 5725 3020 5764 se
3076 5713 3270 5766 autem
3322 5703 3548 5768 sineret,
3590 5693 3764 5765 quale'
