  <div class='ocr_page' id='page_1' title='image "/cluster/home/n/w/nwhite01/storage/ocr_20150623/143:no.1/coo.31924054870484/488.png"; bbox 0 0 4080 6410; ppageno 0'>
   <div class='ocr_carea' id='block_1_1' title="bbox 299 405 411 459">
    <p class='ocr_par' dir='ltr' id='par_1_1' title="bbox 299 405 411 459">
     <span class='ocr_line' id='line_1_1' title="bbox 299 405 411 459; baseline 0 0"><span class='ocrx_word' id='word_1_1' title='bbox 299 405 411 459; x_wconf 84' lang='grc'><strong>961</strong></span> 
     </span>
    </p>
   </div>
   <div class='ocr_carea' id='block_1_2' title="bbox 1375 404 2677 470">
    <p class='ocr_par' dir='ltr' id='par_1_2' title="bbox 1375 404 2677 470">
     <span class='ocr_line' id='line_1_2' title="bbox 1375 404 2677 470; baseline 0.011 -14"><span class='ocrx_word' id='word_1_2' title='bbox 1375 405 1473 458; x_wconf 86' lang='lat' dir='ltr'><strong>DE</strong></span> <span class='ocrx_word' id='word_1_3' title='bbox 1509 404 1884 459; x_wconf 74' lang='lat' dir='ltr'><strong>MICHABLE</strong></span> <span class='ocrx_word' id='word_1_4' title='bbox 1921 407 2366 467; x_wconf 74' lang='lat' dir='ltr'><strong>PALEOLOGO</strong></span> <span class='ocrx_word' id='word_1_5' title='bbox 2402 415 2536 470; x_wconf 89' lang='lat' dir='ltr'><strong>LIB.</strong></span> <span class='ocrx_word' id='word_1_6' title='bbox 2580 419 2677 470; x_wconf 90' lang='lat' dir='ltr'><strong>VI.</strong></span> 
     </span>
    </p>
   </div>
   <div class='ocr_carea' id='block_1_3' title="bbox 3627 423 3735 478">
    <p class='ocr_par' dir='ltr' id='par_1_3' title="bbox 3627 423 3735 478">
     <span class='ocr_line' id='line_1_3' title="bbox 3627 423 3735 478; baseline 0 0"><span class='ocrx_word' id='word_1_7' title='bbox 3627 423 3735 478; x_wconf 79' lang='lat'>962</span> 
     </span>
    </p>
   </div>
   <div class='ocr_carea' id='block_1_4' title="bbox 300 520 3733 612">
    <p class='ocr_par' dir='ltr' id='par_1_4' title="bbox 300 520 3733 612">
     <span class='ocr_line' id='line_1_4' title="bbox 300 520 3733 612; baseline 0.006 -31"><span class='ocrx_word' id='word_1_8' title='bbox 300 527 670 605; x_wconf 78' lang='grc' dir='ltr'>στραφήσεται</span> <span class='ocrx_word' id='word_1_9' title='bbox 738 524 876 600; x_wconf 87' lang='grc' dir='ltr'>πρὸς</span> <span class='ocrx_word' id='word_1_10' title='bbox 930 525 995 578; x_wconf 78' lang='grc' dir='ltr'>τὰ</span> <span class='ocrx_word' id='word_1_11' title='bbox 1050 524 1325 612; x_wconf 41' lang='grc' dir='ltr'>πρότεραί</span> <span class='ocrx_word' id='word_1_12' title='bbox 1371 520 1699 595; x_wconf 79' lang='grc' dir='ltr'>σεϐασθῆναι</span> <span class='ocrx_word' id='word_1_13' title='bbox 1761 524 1822 612; x_wconf 65' lang='grc' dir='ltr'>δέ</span> <span class='ocrx_word' id='word_1_14' title='bbox 1873 524 2048 602; x_wconf 77' lang='grc' dir='ltr'>καὶΑ</span> <span class='ocrx_word' id='word_1_15' title='bbox 2083 529 2351 604; x_wconf 82' lang='grc' dir='ltr'>βατιλέως</span> <span class='ocrx_word' id='word_1_16' title='bbox 2407 535 2606 592; x_wconf 81' lang='grc' dir='ltr'>ἐκεῖθεν</span> <span class='ocrx_word' id='word_1_17' title='bbox 2660 536 2963 612; x_wconf 79' lang='grc' dir='ltr'>ἀπάραντος</span> <span class='ocrx_word' id='word_1_18' title='bbox 3023 540 3187 604; x_wconf 78' lang='grc' dir='ltr'>αὐτὸς</span> <span class='ocrx_word' id='word_1_19' title='bbox 3243 541 3309 610; x_wconf 81' lang='grc' dir='ltr'>ἧν</span> <span class='ocrx_word' id='word_1_20' title='bbox 3356 544 3467 598; x_wconf 83' lang='grc' dir='ltr'>ἀντ’</span> <span class='ocrx_word' id='word_1_21' title='bbox 3526 544 3733 600; x_wconf 77' lang='grc' dir='ltr'>ἐκείνου</span> 
     </span>
    </p>
   </div>
   <div class='ocr_carea' id='block_1_5' title="bbox 294 611 1961 692">
    <p class='ocr_par' dir='ltr' id='par_1_5' title="bbox 294 611 1961 692">
     <span class='ocr_line' id='line_1_5' title="bbox 294 611 1961 692; baseline -0.002 -19"><span class='ocrx_word' id='word_1_22' title='bbox 294 620 362 674; x_wconf 88' lang='grc' dir='ltr'>τὸ</span> <span class='ocrx_word' id='word_1_23' title='bbox 398 623 593 692; x_wconf 73' lang='grc' dir='ltr'>σχῆμα</span> <span class='ocrx_word' id='word_1_24' title='bbox 628 618 708 686; x_wconf 79' lang='grc' dir='ltr'>τῷ</span> <span class='ocrx_word' id='word_1_25' title='bbox 742 612 978 688; x_wconf 88' lang='grc' dir='ltr'>βασιλεῖ,</span> <span class='ocrx_word' id='word_1_26' title='bbox 1014 613 1149 669; x_wconf 79' lang='grc' dir='ltr'>ὥστε</span> <span class='ocrx_word' id='word_1_27' title='bbox 1198 611 1561 688; x_wconf 83' lang='grc' dir='ltr'>ἀποδέχεσθαι</span> <span class='ocrx_word' id='word_1_28' title='bbox 1612 615 1702 670; x_wconf 87' lang='grc' dir='ltr'>τὸν</span> <span class='ocrx_word' id='word_1_29' title='bbox 1748 611 1961 669; x_wconf 77' lang='grc' dir='ltr'>ἐνδεδυ-</span> 
     </span>
    </p>
   </div>
   <div class='ocr_carea' id='block_1_6' title="bbox 297 703 1961 779">
    <p class='ocr_par' dir='ltr' id='par_1_6' title="bbox 297 703 1961 779">
     <span class='ocr_line' id='line_1_6' title="bbox 297 703 1961 779; baseline -0.002 -16"><span class='ocrx_word' id='word_1_30' title='bbox 297 707 437 763; x_wconf 86' lang='grc' dir='ltr'>κότα</span> <span class='ocrx_word' id='word_1_31' title='bbox 470 708 547 779; x_wconf 82' lang='grc' dir='ltr'>μὴ</span> <span class='ocrx_word' id='word_1_32' title='bbox 580 709 866 779; x_wconf 86' lang='grc' dir='ltr'><strong>τιμωρεῖν.</strong></span> <span class='ocrx_word' id='word_1_33' title='bbox 898 706 1079 761; x_wconf 84' lang='grc' dir='ltr'>Ταῦτα</span> <span class='ocrx_word' id='word_1_34' title='bbox 1130 703 1300 779; x_wconf 87' lang='grc' dir='ltr'>λέγων</span> <span class='ocrx_word' id='word_1_35' title='bbox 1350 707 1486 779; x_wconf 87' lang='grc' dir='ltr'>πρὸς</span> <span class='ocrx_word' id='word_1_36' title='bbox 1520 703 1725 758; x_wconf 84' lang='grc' dir='ltr'>ἐκεῖνον</span> <span class='ocrx_word' id='word_1_37' title='bbox 1764 705 1791 759; x_wconf 89' lang='grc' dir='ltr'>ὁ</span> <span class='ocrx_word' id='word_1_38' title='bbox 1825 711 1961 776; x_wconf 86' lang='grc' dir='ltr'>Πορ-</span> 
     </span>
    </p>
   </div>
   <div class='ocr_carea' id='block_1_7' title="bbox 297 792 1960 872">
    <p class='ocr_par' dir='ltr' id='par_1_7' title="bbox 297 792 1960 872">
     <span class='ocr_line' id='line_1_7' title="bbox 297 792 1960 872; baseline -0.002 -21"><span class='ocrx_word' id='word_1_39' title='bbox 297 798 708 872; x_wconf 77' lang='grc' dir='ltr'>φυρογέννητοε</span> <span class='ocrx_word' id='word_1_40' title='bbox 746 840 760 866; x_wconf 85' lang='grc'><strong>,</strong></span> <span class='ocrx_word' id='word_1_41' title='bbox 840 792 929 849; x_wconf 88' lang='grc' dir='ltr'><strong>καὶ</strong></span> <span class='ocrx_word' id='word_1_42' title='bbox 993 792 1201 868; x_wconf 76' lang='grc' dir='ltr'>βουλὴν</span> <span class='ocrx_word' id='word_1_43' title='bbox 1259 794 1489 867; x_wconf 74' lang='grc' dir='ltr'>εἱσάγων</span> <span class='ocrx_word' id='word_1_44' title='bbox 1545 795 1643 862; x_wconf 77' lang='grc' dir='ltr'>τήν</span> <span class='ocrx_word' id='word_1_45' title='bbox 1699 793 1960 848; x_wconf 79' lang='grc' dir='ltr'>δοκοῦσαν</span> 
     </span>
    </p>
   </div>
   <div class='ocr_carea' id='block_1_8' title="bbox 296 882 1964 957">
    <p class='ocr_par' dir='ltr' id='par_1_8' title="bbox 296 882 1964 957">
     <span class='ocr_line' id='line_1_8' title="bbox 296 882 1964 957; baseline -0.003 -16"><span class='ocrx_word' id='word_1_46' title='bbox 296 885 589 953; x_wconf 80' lang='grc' dir='ltr'><strong>συνοίσειν,</strong></span> <span class='ocrx_word' id='word_1_47' title='bbox 626 882 800 953; x_wconf 82' lang='grc' dir='ltr'>δῆλος</span> <span class='ocrx_word' id='word_1_48' title='bbox 837 885 903 953; x_wconf 80' lang='grc' dir='ltr'>ἦν</span> <span class='ocrx_word' id='word_1_49' title='bbox 965 883 1223 938; x_wconf 74' lang='grc' dir='ltr'>ἀπολύων</span> <span class='ocrx_word' id='word_1_50' title='bbox 1286 885 1365 951; x_wconf 81' lang='grc' dir='ltr'><strong>[Ρ.</strong></span> <span class='ocrx_word' id='word_1_51' title='bbox 1429 885 1556 955; x_wconf 72' lang='grc'><strong>340]</strong></span> <span class='ocrx_word' id='word_1_52' title='bbox 1613 882 1964 957; x_wconf 75' lang='grc' dir='ltr'>ἐγκλήματος</span> 
     </span>
    </p>
   </div>
   <div class='ocr_carea' id='block_1_9' title="bbox 295 970 1959 1049">
    <p class='ocr_par' dir='ltr' id='par_1_9' title="bbox 295 970 1959 1049">
     <span class='ocr_line' id='line_1_9' title="bbox 295 970 1959 1049; baseline -0.001 -19"><span class='ocrx_word' id='word_1_53' title='bbox 295 976 488 1031; x_wconf 68' lang='grc' dir='ltr'>ἑαυτὸν</span> <span class='ocrx_word' id='word_1_54' title='bbox 512 976 575 1029; x_wconf 83' lang='grc' dir='ltr'>τὸ</span> <span class='ocrx_word' id='word_1_55' title='bbox 625 974 811 1049; x_wconf 87' lang='grc' dir='ltr'>μέρος,</span> <span class='ocrx_word' id='word_1_56' title='bbox 868 973 913 1027; x_wconf 91' lang='grc' dir='ltr'>εἰ</span> <span class='ocrx_word' id='word_1_57' title='bbox 966 974 1041 1045; x_wconf 78' lang='grc' dir='ltr'><strong>μή</strong></span> <span class='ocrx_word' id='word_1_58' title='bbox 1088 978 1260 1027; x_wconf 80' lang='grc' dir='ltr'>ποιῶν</span> <span class='ocrx_word' id='word_1_59' title='bbox 1310 970 1633 1027; x_wconf 82' lang='grc' dir='ltr'>κινδυνεύοι’</span> <span class='ocrx_word' id='word_1_60' title='bbox 1686 975 1746 1028; x_wconf 90' lang='grc' dir='ltr'>τὸ</span> <span class='ocrx_word' id='word_1_61' title='bbox 1774 976 1876 1049; x_wconf 72' lang='grc' dir='ltr'><strong>γὰρ</strong></span> <span class='ocrx_word' id='word_1_62' title='bbox 1910 973 1959 1046; x_wconf 79' lang='grc' dir='ltr'>ἐξ</span> 
     </span>
    </p>
   </div>
   <div class='ocr_carea' id='block_1_10' title="bbox 299 1059 1959 1136">
    <p class='ocr_par' dir='ltr' id='par_1_10' title="bbox 299 1059 1959 1136">
     <span class='ocr_line' id='line_1_10' title="bbox 299 1059 1959 1136; baseline -0.001 -17"><span class='ocrx_word' id='word_1_63' title='bbox 299 1065 467 1119; x_wconf 78' lang='grc' dir='ltr'>αὐτοῦ</span> <span class='ocrx_word' id='word_1_64' title='bbox 508 1064 632 1117; x_wconf 81' lang='grc' dir='ltr'>ὅσον</span> <span class='ocrx_word' id='word_1_65' title='bbox 683 1063 750 1131; x_wconf 80' lang='grc' dir='ltr'>ἦν</span> <span class='ocrx_word' id='word_1_66' title='bbox 817 1063 1034 1135; x_wconf 82' lang='grc' dir='ltr'>βοηθεῖν</span> <span class='ocrx_word' id='word_1_67' title='bbox 1096 1059 1339 1128; x_wconf 82' lang='grc' dir='ltr'>δυνατὸν,</span> <span class='ocrx_word' id='word_1_68' title='bbox 1400 1064 1738 1136; x_wconf 74' lang='grc' dir='ltr'>πεπρᾶχθαι.</span> <span class='ocrx_word' id='word_1_69' title='bbox 1779 1069 1959 1117; x_wconf 81' lang='grc' dir='ltr'>Κοτα-</span> 
     </span>
    </p>
   </div>
   <div class='ocr_carea' id='block_1_11' title="bbox 296 1146 1959 1227">
    <p class='ocr_par' dir='ltr' id='par_1_11' title="bbox 296 1146 1959 1227">
     <span class='ocr_line' id='line_1_11' title="bbox 296 1146 1959 1227; baseline -0.001 -20"><span class='ocrx_word' id='word_1_70' title='bbox 296 1153 449 1227; x_wconf 79' lang='grc' dir='ltr'>νίτζῃ</span> <span class='ocrx_word' id='word_1_71' title='bbox 487 1154 579 1226; x_wconf 73' lang='grc' dir='ltr'>μὲν</span> <span class='ocrx_word' id='word_1_72' title='bbox 616 1153 705 1207; x_wconf 78' lang='grc' dir='ltr'><strong>οὖν</strong></span> <span class='ocrx_word' id='word_1_73' title='bbox 757 1151 846 1205; x_wconf 85' lang='grc' dir='ltr'><strong>καὶ</strong></span> <span class='ocrx_word' id='word_1_74' title='bbox 891 1155 972 1222; x_wconf 78' lang='grc' dir='ltr'>τῷ</span> <span class='ocrx_word' id='word_1_75' title='bbox 1020 1146 1257 1225; x_wconf 72' lang='grc' dir='ltr'>γαμϐρῷ</span> <span class='ocrx_word' id='word_1_76' title='bbox 1304 1150 1593 1223; x_wconf 85' lang='grc' dir='ltr'>Τορνικίου</span> <span class='ocrx_word' id='word_1_77' title='bbox 1642 1149 1959 1225; x_wconf 81' lang='grc' dir='ltr'>ἐπηρτημέ-</span> 
     </span>
    </p>
   </div>
   <div class='ocr_carea' id='block_1_12' title="bbox 293 1236 1959 1316">
    <p class='ocr_par' dir='ltr' id='par_1_12' title="bbox 293 1236 1959 1316">
     <span class='ocr_line' id='line_1_12' title="bbox 293 1236 1959 1316; baseline -0.001 -19"><span class='ocrx_word' id='word_1_78' title='bbox 293 1264 389 1297; x_wconf 85' lang='grc' dir='ltr'>νον</span> <span class='ocrx_word' id='word_1_79' title='bbox 421 1243 513 1297; x_wconf 87' lang='grc' dir='ltr'><strong>τὸν</strong></span> <span class='ocrx_word' id='word_1_80' title='bbox 543 1239 794 1297; x_wconf 79' lang='grc' dir='ltr'>κίνδυνον</span> <span class='ocrx_word' id='word_1_81' title='bbox 851 1239 1110 1316; x_wconf 88' lang='grc' dir='ltr'>βλέποντι</span> <span class='ocrx_word' id='word_1_82' title='bbox 1162 1240 1363 1314; x_wconf 83' lang='grc' dir='ltr'>ἀγαθὸν</span> <span class='ocrx_word' id='word_1_83' title='bbox 1416 1236 1591 1293; x_wconf 83' lang='grc' dir='ltr'>ἐδόκει</span> <span class='ocrx_word' id='word_1_84' title='bbox 1629 1241 1692 1293; x_wconf 90' lang='grc' dir='ltr'>τὸ</span> <span class='ocrx_word' id='word_1_85' title='bbox 1727 1240 1959 1315; x_wconf 87' lang='grc' dir='ltr'>βούλευ-</span> 
     </span>
    </p>
   </div>
   <div class='ocr_carea' id='block_1_13' title="bbox 298 1329 1958 1408">
    <p class='ocr_par' dir='ltr' id='par_1_13' title="bbox 298 1329 1958 1408">
     <span class='ocr_line' id='line_1_13' title="bbox 298 1329 1958 1408; baseline -0.001 -21"><span class='ocrx_word' id='word_1_86' title='bbox 298 1354 397 1406; x_wconf 91' lang='grc' dir='ltr'><strong>μα,</strong></span> <span class='ocrx_word' id='word_1_87' title='bbox 429 1332 519 1386; x_wconf 77' lang='grc' dir='ltr'><strong>καὶ</strong></span> <span class='ocrx_word' id='word_1_88' title='bbox 550 1336 629 1403; x_wconf 79' lang='grc' dir='ltr'>τῷ</span> <span class='ocrx_word' id='word_1_89' title='bbox 668 1329 1022 1391; x_wconf 85' lang='grc' dir='ltr'>βουλεύσαντι</span> <span class='ocrx_word' id='word_1_90' title='bbox 1059 1337 1263 1404; x_wconf 79' lang='grc' dir='ltr'>χρῆται</span> <span class='ocrx_word' id='word_1_91' title='bbox 1301 1330 1494 1403; x_wconf 77' lang='grc' dir='ltr'>μεσίτῃ</span> <span class='ocrx_word' id='word_1_92' title='bbox 1546 1330 1679 1400; x_wconf 75' lang='grc' dir='ltr'>πρὸς</span> <span class='ocrx_word' id='word_1_93' title='bbox 1709 1331 1958 1408; x_wconf 30' lang='grc' dir='ltr'>,βασιλέα</span> 
     </span>
    </p>
   </div>
   <div class='ocr_carea' id='block_1_14' title="bbox 292 1416 1955 1500">
    <p class='ocr_par' dir='ltr' id='par_1_14' title="bbox 292 1416 1955 1500">
     <span class='ocr_line' id='line_1_14' title="bbox 292 1416 1955 1500; baseline -0.001 -24"><span class='ocrx_word' id='word_1_94' title='bbox 292 1420 378 1500; x_wconf 61' lang='grc' dir='ltr'>ἂρ’</span> <span class='ocrx_word' id='word_1_95' title='bbox 413 1420 458 1495; x_wconf 83' lang='grc' dir='ltr'>ᾧ</span> <span class='ocrx_word' id='word_1_96' title='bbox 487 1422 582 1476; x_wconf 88' lang='grc' dir='ltr'>τὸν</span> <span class='ocrx_word' id='word_1_97' title='bbox 615 1421 856 1494; x_wconf 81' lang='grc' dir='ltr'>μοναχὸν</span> <span class='ocrx_word' id='word_1_98' title='bbox 894 1416 1206 1486; x_wconf 83' lang='grc' dir='ltr'>ὑπενδῦναι,</span> <span class='ocrx_word' id='word_1_99' title='bbox 1237 1418 1443 1490; x_wconf 78' lang='grc' dir='ltr'>κόσμον</span> <span class='ocrx_word' id='word_1_100' title='bbox 1497 1418 1587 1472; x_wconf 74' lang='grc' dir='ltr'><strong>καὶ</strong></span> <span class='ocrx_word' id='word_1_101' title='bbox 1630 1419 1697 1473; x_wconf 74' lang='grc' dir='ltr'>τὰ</span> <span class='ocrx_word' id='word_1_102' title='bbox 1744 1419 1955 1492; x_wconf 77' lang='grc' dir='ltr'>κόσμου</span> 
     </span>
    </p>
   </div>
   <div class='ocr_carea' id='block_1_15' title="bbox 290 1506 1957 1587">
    <p class='ocr_par' dir='ltr' id='par_1_15' title="bbox 290 1506 1957 1587">
     <span class='ocr_line' id='line_1_15' title="bbox 290 1506 1957 1587; baseline -0.001 -22"><span class='ocrx_word' id='word_1_103' title='bbox 290 1512 510 1587; x_wconf 75' lang='grc' dir='ltr'>χαίρειν</span> <span class='ocrx_word' id='word_1_104' title='bbox 572 1510 745 1573; x_wconf 74' lang='grc' dir='ltr'>ἐάσας.</span> <span class='ocrx_word' id='word_1_105' title='bbox 806 1510 894 1571; x_wconf 77' lang='grc' dir='ltr'>Ὠς</span> <span class='ocrx_word' id='word_1_106' title='bbox 943 1507 989 1563; x_wconf 82' lang='grc' dir='ltr'>δ’</span> <span class='ocrx_word' id='word_1_107' title='bbox 1039 1508 1291 1582; x_wconf 75' lang='grc' dir='ltr'>ἀπῄτητο</span> <span class='ocrx_word' id='word_1_108' title='bbox 1350 1508 1437 1562; x_wconf 79' lang='grc' dir='ltr'><strong>καὶ</strong></span> <span class='ocrx_word' id='word_1_109' title='bbox 1498 1506 1626 1561; x_wconf 86' lang='grc' dir='ltr'>αὐτὸ</span> <span class='ocrx_word' id='word_1_110' title='bbox 1656 1509 1718 1562; x_wconf 89' lang='grc' dir='ltr'>τὸ</span> <span class='ocrx_word' id='word_1_111' title='bbox 1746 1507 1957 1563; x_wconf 76' lang='grc' dir='ltr'>τέλειον</span> 
     </span>
    </p>
   </div>
   <div class='ocr_carea' id='block_1_16' title="bbox 292 1594 1955 1675">
    <p class='ocr_par' dir='ltr' id='par_1_16' title="bbox 292 1594 1955 1675">
     <span class='ocr_line' id='line_1_16' title="bbox 292 1594 1955 1675; baseline -0.001 -20"><span class='ocrx_word' id='word_1_112' title='bbox 292 1607 492 1675; x_wconf 85' lang='grc' dir='ltr'>σχῆμα</span> <span class='ocrx_word' id='word_1_113' title='bbox 550 1594 850 1671; x_wconf 69' lang='grc' dir='ltr'>λαμϐάνειν</span> <span class='ocrx_word' id='word_1_114' title='bbox 909 1598 999 1652; x_wconf 77' lang='grc' dir='ltr'><strong>καί</strong></span> <span class='ocrx_word' id='word_1_115' title='bbox 1051 1600 1329 1653; x_wconf 87' lang='grc' dir='ltr'>κατένευεν</span> <span class='ocrx_word' id='word_1_116' title='bbox 1392 1596 1602 1667; x_wconf 79' lang='grc' dir='ltr'>αὐτίκα,</span> <span class='ocrx_word' id='word_1_117' title='bbox 1662 1597 1955 1662; x_wconf 77' lang='grc' dir='ltr'>ἀπολυθεὶς</span> 
     </span>
    </p>
   </div>
   <div class='ocr_carea' id='block_1_17' title="bbox 289 1686 1954 1765">
    <p class='ocr_par' dir='ltr' id='par_1_17' title="bbox 289 1686 1954 1765">
     <span class='ocr_line' id='line_1_17' title="bbox 289 1686 1954 1765; baseline -0.002 -20"><span class='ocrx_word' id='word_1_118' title='bbox 289 1689 630 1745; x_wconf 84' lang='grc' dir='ltr'>τελεῖταιτᾶ</span> <span class='ocrx_word' id='word_1_119' title='bbox 665 1692 948 1763; x_wconf 80' lang='grc' dir='ltr'>μοναχῶν,</span> <span class='ocrx_word' id='word_1_120' title='bbox 995 1688 1085 1741; x_wconf 81' lang='grc' dir='ltr'><strong>καὶ</strong></span> <span class='ocrx_word' id='word_1_121' title='bbox 1135 1689 1163 1742; x_wconf 80' lang='grc' dir='ltr'>ὁ</span> <span class='ocrx_word' id='word_1_122' title='bbox 1213 1688 1343 1762; x_wconf 75' lang='grc' dir='ltr'>χθὲς</span> <span class='ocrx_word' id='word_1_123' title='bbox 1393 1686 1670 1761; x_wconf 77' lang='grc' dir='ltr'>λῃστεύων</span> <span class='ocrx_word' id='word_1_124' title='bbox 1723 1688 1954 1765; x_wconf 80' lang='grc' dir='ltr'><strong>σώφρων</strong></span> 
     </span>
    </p>
   </div>
   <div class='ocr_carea' id='block_1_18' title="bbox 294 1774 1950 1853">
    <p class='ocr_par' dir='ltr' id='par_1_18' title="bbox 294 1774 1950 1853">
     <span class='ocr_line' id='line_1_18' title="bbox 294 1774 1950 1853; baseline -0.002 -20"><span class='ocrx_word' id='word_1_125' title='bbox 294 1779 506 1853; x_wconf 74' lang='grc' dir='ltr'>ἑωρᾶτο</span> <span class='ocrx_word' id='word_1_126' title='bbox 540 1777 629 1833; x_wconf 86' lang='grc' dir='ltr'><strong>καὶ</strong></span> <span class='ocrx_word' id='word_1_127' title='bbox 661 1779 882 1845; x_wconf 73' lang='grc' dir='ltr'>ἄκακος,</span> <span class='ocrx_word' id='word_1_128' title='bbox 915 1774 1061 1845; x_wconf 78' lang='grc' dir='ltr'>πλὴν</span> <span class='ocrx_word' id='word_1_129' title='bbox 1092 1775 1152 1830; x_wconf 83' lang='grc' dir='ltr'><strong>οὐ</strong></span> <span class='ocrx_word' id='word_1_130' title='bbox 1183 1779 1251 1841; x_wconf 81' lang='grc' dir='ltr'>τῆ</span> <span class='ocrx_word' id='word_1_131' title='bbox 1295 1782 1394 1844; x_wconf 82' lang='grc' dir='ltr'>τῆς</span> <span class='ocrx_word' id='word_1_132' title='bbox 1439 1779 1622 1850; x_wconf 76' lang='grc' dir='ltr'>ψυχῆς</span> <span class='ocrx_word' id='word_1_133' title='bbox 1675 1776 1950 1850; x_wconf 74' lang='grc' dir='ltr'>προθέσει,</span> 
     </span>
    </p>
   </div>
   <div class='ocr_carea' id='block_1_19' title="bbox 293 1864 1951 1942">
    <p class='ocr_par' dir='ltr' id='par_1_19' title="bbox 293 1864 1951 1942">
     <span class='ocr_line' id='line_1_19' title="bbox 293 1864 1951 1942; baseline -0.002 -19"><span class='ocrx_word' id='word_1_134' title='bbox 293 1866 441 1923; x_wconf 77' lang='grc' dir='ltr'>ἀλλὰ</span> <span class='ocrx_word' id='word_1_135' title='bbox 501 1868 652 1940; x_wconf 79' lang='grc' dir='ltr'>μόνῳ</span> <span class='ocrx_word' id='word_1_136' title='bbox 708 1872 787 1938; x_wconf 77' lang='grc' dir='ltr'><strong>τῷ</strong></span> <span class='ocrx_word' id='word_1_137' title='bbox 846 1867 1180 1942; x_wconf 70' lang='grc' dir='ltr'>φαινομένῳ·</span> <span class='ocrx_word' id='word_1_138' title='bbox 1237 1866 1264 1919; x_wconf 84' lang='grc' dir='ltr'>ὁ</span> <span class='ocrx_word' id='word_1_139' title='bbox 1305 1865 1406 1939; x_wconf 73' lang='grc' dir='ltr'><strong>γὰρ</strong></span> <span class='ocrx_word' id='word_1_140' title='bbox 1471 1864 1951 1939; x_wconf 88' lang='grc' dir='ltr'>μεμεριμνημένος</span> 
     </span>
    </p>
   </div>
   <div class='ocr_carea' id='block_1_20' title="bbox 295 1952 1957 2030">
    <p class='ocr_par' dir='ltr' id='par_1_20' title="bbox 295 1952 1957 2030">
     <span class='ocr_line' id='line_1_20' title="bbox 295 1952 1957 2030; baseline -0.001 -19"><span class='ocrx_word' id='word_1_141' title='bbox 295 1958 500 2018; x_wconf 84' lang='grc' dir='ltr'>σκοπὸς</span> <span class='ocrx_word' id='word_1_142' title='bbox 556 1956 643 2011; x_wconf 78' lang='grc' dir='ltr'>ἐπὶ</span> <span class='ocrx_word' id='word_1_143' title='bbox 700 1955 879 2028; x_wconf 87' lang='grc' dir='ltr'>τούτῳ</span> <span class='ocrx_word' id='word_1_144' title='bbox 942 1956 1031 2009; x_wconf 80' lang='grc' dir='ltr'><strong>καὶ</strong></span> <span class='ocrx_word' id='word_1_145' title='bbox 1092 1954 1215 2009; x_wconf 77' lang='grc' dir='ltr'>λίαν</span> <span class='ocrx_word' id='word_1_146' title='bbox 1272 1954 1437 2025; x_wconf 80' lang='grc' dir='ltr'>ἀπῆν,</span> <span class='ocrx_word' id='word_1_147' title='bbox 1499 1955 1732 2030; x_wconf 74' lang='grc' dir='ltr'>ἀνάγκης</span> <span class='ocrx_word' id='word_1_148' title='bbox 1774 1952 1831 2008; x_wconf 74' lang='grc' dir='ltr'><strong>δὲ</strong></span> <span class='ocrx_word' id='word_1_149' title='bbox 1874 1957 1957 2030; x_wconf 75' lang='grc' dir='ltr'>ἄρ’</span> 
     </span>
    </p>
   </div>
   <div class='ocr_carea' id='block_1_21' title="bbox 293 2041 1958 2119">
    <p class='ocr_par' dir='ltr' id='par_1_21' title="bbox 293 2041 1958 2119">
     <span class='ocr_line' id='line_1_21' title="bbox 293 2041 1958 2119; baseline -0.001 -18"><span class='ocrx_word' id='word_1_150' title='bbox 293 2046 537 2115; x_wconf 80' lang='grc' dir='ltr'>ὑπούσης</span> <span class='ocrx_word' id='word_1_151' title='bbox 585 2047 647 2101; x_wconf 87' lang='grc' dir='ltr'>τὸ</span> <span class='ocrx_word' id='word_1_152' title='bbox 691 2046 976 2119; x_wconf 86' lang='grc' dir='ltr'>γινόμενον</span> <span class='ocrx_word' id='word_1_153' title='bbox 1032 2043 1263 2108; x_wconf 85' lang='grc' dir='ltr'>ἀσθενές.</span> <span class='ocrx_word' id='word_1_154' title='bbox 1318 2046 1405 2106; x_wconf 86' lang='grc' dir='ltr'>Ἐς</span> <span class='ocrx_word' id='word_1_155' title='bbox 1451 2043 1654 2097; x_wconf 81' lang='grc' dir='ltr'>ὁπόσον</span> <span class='ocrx_word' id='word_1_156' title='bbox 1715 2041 1773 2097; x_wconf 69' lang='grc' dir='ltr'><strong>δὲ</strong></span> <span class='ocrx_word' id='word_1_157' title='bbox 1820 2045 1958 2099; x_wconf 88' lang='grc' dir='ltr'>κατὰ</span> 
     </span>
    </p>
   </div>
   <div class='ocr_carea' id='block_1_22' title="bbox 284 2130 1957 2209">
    <p class='ocr_par' dir='ltr' id='par_1_22' title="bbox 284 2130 1957 2209">
     <span class='ocr_line' id='line_1_22' title="bbox 284 2130 1957 2209; baseline -0.002 -19"><span class='ocrx_word' id='word_1_158' title='bbox 284 2135 481 2191; x_wconf 91' lang='grc' dir='ltr'>τούτον</span> <span class='ocrx_word' id='word_1_159' title='bbox 527 2130 765 2209; x_wconf 75' lang='grc' dir='ltr'>προέϐη,</span> <span class='ocrx_word' id='word_1_160' title='bbox 817 2135 1027 2196; x_wconf 78' lang='grc' dir='ltr'>ἐσαῦθις</span> <span class='ocrx_word' id='word_1_161' title='bbox 1076 2133 1328 2208; x_wconf 77' lang='grc' dir='ltr'>ἐροῦμεν.</span> <span class='ocrx_word' id='word_1_162' title='bbox 1376 2134 1437 2189; x_wconf 79' lang='grc' dir='ltr'><strong>Ὀ</strong></span> <span class='ocrx_word' id='word_1_163' title='bbox 1485 2136 1617 2206; x_wconf 77' lang='grc' dir='ltr'>γοῦν</span> <span class='ocrx_word' id='word_1_164' title='bbox 1662 2138 1957 2208; x_wconf 73' lang='grc' dir='ltr'>Πορφυρο-</span> 
     </span>
    </p>
   </div>
   <div class='ocr_carea' id='block_1_23' title="bbox 288 2220 1953 2301">
    <p class='ocr_par' dir='ltr' id='par_1_23' title="bbox 288 2220 1953 2301">
     <span class='ocr_line' id='line_1_23' title="bbox 288 2220 1953 2301; baseline -0.003 -20"><span class='ocrx_word' id='word_1_165' title='bbox 288 2227 552 2301; x_wconf 82' lang='grc' dir='ltr'>γέννητος</span> <span class='ocrx_word' id='word_1_166' title='bbox 583 2224 674 2280; x_wconf 80' lang='grc' dir='ltr'><strong>ἐπὶ</strong></span> <span class='ocrx_word' id='word_1_167' title='bbox 715 2222 931 2285; x_wconf 79' lang='grc' dir='ltr'>τούτοις</span> <span class='ocrx_word' id='word_1_168' title='bbox 978 2224 1095 2277; x_wconf 83' lang='grc' dir='ltr'>κατ’</span> <span class='ocrx_word' id='word_1_169' title='bbox 1146 2220 1415 2284; x_wconf 81' lang='grc' dir='ltr'>ἀνατολὰς</span> <span class='ocrx_word' id='word_1_170' title='bbox 1464 2222 1688 2298; x_wconf 83' lang='grc' dir='ltr'>γίνεται,</span> <span class='ocrx_word' id='word_1_171' title='bbox 1719 2222 1810 2275; x_wconf 84' lang='grc' dir='ltr'><strong>καὶ</strong></span> <span class='ocrx_word' id='word_1_172' title='bbox 1857 2228 1953 2276; x_wconf 91' lang='grc' dir='ltr'><strong>τοῦ</strong></span> 
     </span>
    </p>
   </div>
   <div class='ocr_carea' id='block_1_24' title="bbox 300 2440 1952 2519">
    <p class='ocr_par' dir='ltr' id='par_1_24' title="bbox 300 2440 1952 2519">
     <span class='ocr_line' id='line_1_24' title="bbox 300 2440 1952 2519; baseline -0.003 -16"><span class='ocrx_word' id='word_1_173' title='bbox 300 2465 410 2503; x_wconf 90' lang='lat' dir='ltr'>nus</span> <span class='ocrx_word' id='word_1_174' title='bbox 438 2447 585 2503; x_wconf 90' lang='lat' dir='ltr'>citra</span> <span class='ocrx_word' id='word_1_175' title='bbox 608 2445 851 2519; x_wconf 89' lang='lat' dir='ltr'>perjurii</span> <span class='ocrx_word' id='word_1_176' title='bbox 886 2444 1210 2517; x_wconf 91' lang='lat' dir='ltr'>periculum</span> <span class='ocrx_word' id='word_1_177' title='bbox 1249 2446 1467 2514; x_wconf 83' lang='lat' dir='ltr'><strong>posset,</strong></span> <span class='ocrx_word' id='word_1_178' title='bbox 1496 2440 1679 2513; x_wconf 79' lang='lat' dir='ltr'>quieti</span> <span class='ocrx_word' id='word_1_179' title='bbox 1704 2442 1952 2512; x_wconf 63' lang='lat' dir='ltr'>publica:</span> 
     </span>
    </p>
   </div>
   <div class='ocr_carea' id='block_1_25' title="bbox 297 2530 1947 2606">
    <p class='ocr_par' dir='ltr' id='par_1_25' title="bbox 297 2530 1947 2606">
     <span class='ocr_line' id='line_1_25' title="bbox 297 2530 1947 2606; baseline -0.007 -11"><span class='ocrx_word' id='word_1_180' title='bbox 297 2536 623 2595; x_wconf 89' lang='lat' dir='ltr'><strong>consulere.</strong></span> <span class='ocrx_word' id='word_1_181' title='bbox 650 2535 779 2590; x_wconf 73' lang='lat' dir='ltr'><strong>Haac</strong></span> <span class='ocrx_word' id='word_1_182' title='bbox 802 2534 1149 2606; x_wconf 85' lang='lat' dir='ltr'><strong>scrupulum</strong></span> <span class='ocrx_word' id='word_1_183' title='bbox 1186 2549 1300 2587; x_wconf 92' lang='lat' dir='ltr'>non</span> <span class='ocrx_word' id='word_1_184' title='bbox 1333 2530 1947 2603; x_wconf 73' lang='lat' dir='ltr'><strong>eximebantPorphy-</strong></span> 
     </span>
    </p>
   </div>
   <div class='ocr_carea' id='block_1_26' title="bbox 297 2620 1950 2698">
    <p class='ocr_par' dir='ltr' id='par_1_26' title="bbox 297 2620 1950 2698">
     <span class='ocr_line' id='line_1_26' title="bbox 297 2620 1950 2698; baseline -0.004 -16"><span class='ocrx_word' id='word_1_185' title='bbox 297 2626 581 2698; x_wconf 87' lang='lat' dir='ltr'><strong>rogenito:</strong></span> <span class='ocrx_word' id='word_1_186' title='bbox 615 2624 717 2697; x_wconf 92' lang='lat' dir='ltr'><strong>qui</strong></span> <span class='ocrx_word' id='word_1_187' title='bbox 749 2640 883 2679; x_wconf 91' lang='lat' dir='ltr'><strong>cum</strong></span> <span class='ocrx_word' id='word_1_188' title='bbox 915 2625 986 2678; x_wconf 93' lang='lat' dir='ltr'>ob</span> <span class='ocrx_word' id='word_1_189' title='bbox 1019 2622 1330 2678; x_wconf 84' lang='lat' dir='ltr'>obfirmato</span> <span class='ocrx_word' id='word_1_190' title='bbox 1362 2622 1421 2677; x_wconf 90' lang='lat' dir='ltr'><strong>in</strong></span> <span class='ocrx_word' id='word_1_191' title='bbox 1454 2621 1508 2676; x_wconf 90' lang='lat' dir='ltr'><strong>id</strong></span> <span class='ocrx_word' id='word_1_192' title='bbox 1560 2623 1716 2692; x_wconf 91' lang='lat' dir='ltr'><strong>quod</strong></span> <span class='ocrx_word' id='word_1_193' title='bbox 1768 2620 1950 2677; x_wconf 85' lang='lat' dir='ltr'><strong>semel</strong></span> 
     </span>
    </p>
   </div>
   <div class='ocr_carea' id='block_1_27' title="bbox 294 2710 1947 2786">
    <p class='ocr_par' dir='ltr' id='par_1_27' title="bbox 294 2710 1947 2786">
     <span class='ocr_line' id='line_1_27' title="bbox 294 2710 1947 2786; baseline -0.004 -14"><span class='ocrx_word' id='word_1_194' title='bbox 294 2717 629 2771; x_wconf 82' lang='lat' dir='ltr'><strong>decreverat</strong></span> <span class='ocrx_word' id='word_1_195' title='bbox 644 2714 825 2786; x_wconf 89' lang='lat' dir='ltr'>patris</span> <span class='ocrx_word' id='word_1_196' title='bbox 841 2712 1039 2768; x_wconf 91' lang='lat' dir='ltr'>animo</span> <span class='ocrx_word' id='word_1_197' title='bbox 1059 2711 1514 2783; x_wconf 90' lang='lat' dir='ltr'>impetraturum</span> <span class='ocrx_word' id='word_1_198' title='bbox 1534 2726 1595 2765; x_wconf 86' lang='lat' dir='ltr'>se</span> <span class='ocrx_word' id='word_1_199' title='bbox 1623 2710 1947 2782; x_wconf 84' lang='lat' dir='ltr'>quidquam</span> 
     </span>
    </p>
   </div>
   <div class='ocr_carea' id='block_1_28' title="bbox 293 2800 1947 2876">
    <p class='ocr_par' dir='ltr' id='par_1_28' title="bbox 293 2800 1947 2876">
     <span class='ocr_line' id='line_1_28' title="bbox 293 2800 1947 2876; baseline -0.004 -15"><span class='ocrx_word' id='word_1_200' title='bbox 293 2807 634 2876; x_wconf 82' lang='lat' dir='ltr'><strong>desperaret</strong></span> <span class='ocrx_word' id='word_1_201' title='bbox 665 2802 1056 2875; x_wconf 79' lang='lat' dir='ltr'>quantislibet</span> <span class='ocrx_word' id='word_1_202' title='bbox 1088 2818 1190 2873; x_wconf 88' lang='lat' dir='ltr'>pro</span> <span class='ocrx_word' id='word_1_203' title='bbox 1223 2805 1499 2873; x_wconf 88' lang='lat' dir='ltr'>suscepto</span> <span class='ocrx_word' id='word_1_204' title='bbox 1522 2817 1629 2855; x_wconf 91' lang='lat' dir='ltr'><strong>suo</strong></span> <span class='ocrx_word' id='word_1_205' title='bbox 1652 2800 1947 2872; x_wconf 87' lang='lat' dir='ltr'><strong>precibus,</strong></span> 
     </span>
    </p>
   </div>
   <div class='ocr_carea' id='block_1_29' title="bbox 294 2890 1949 2965">
    <p class='ocr_par' dir='ltr' id='par_1_29' title="bbox 294 2890 1949 2965">
     <span class='ocr_line' id='line_1_29' title="bbox 294 2890 1949 2965; baseline -0.004 -15"><span class='ocrx_word' id='word_1_206' title='bbox 294 2894 347 2950; x_wconf 89' lang='lat' dir='ltr'><strong>ei</strong></span> <span class='ocrx_word' id='word_1_207' title='bbox 378 2895 492 2965; x_wconf 83' lang='lat' dir='ltr'><strong>ipsi</strong></span> <span class='ocrx_word' id='word_1_208' title='bbox 526 2894 814 2965; x_wconf 87' lang='lat' dir='ltr'>patefacta</span> <span class='ocrx_word' id='word_1_209' title='bbox 844 2909 903 2947; x_wconf 93' lang='lat' dir='ltr'>re</span> <span class='ocrx_word' id='word_1_210' title='bbox 963 2891 1153 2947; x_wconf 86' lang='lat' dir='ltr'>suasit</span> <span class='ocrx_word' id='word_1_211' title='bbox 1200 2896 1281 2958; x_wconf 92' lang='lat' dir='ltr'><strong>ut,</strong></span> <span class='ocrx_word' id='word_1_212' title='bbox 1338 2907 1464 2961; x_wconf 64' lang='lat' dir='ltr'><strong>quae</strong></span> <span class='ocrx_word' id='word_1_213' title='bbox 1515 2906 1632 2946; x_wconf 88' lang='lat' dir='ltr'><strong>una</strong></span> <span class='ocrx_word' id='word_1_214' title='bbox 1689 2890 1949 2945; x_wconf 84' lang='lat' dir='ltr'><strong>restabat</strong></span> 
     </span>
    </p>
   </div>
   <div class='ocr_carea' id='block_1_30' title="bbox 296 2978 1941 3052">
    <p class='ocr_par' dir='ltr' id='par_1_30' title="bbox 296 2978 1941 3052">
     <span class='ocr_line' id='line_1_30' title="bbox 296 2978 1941 3052; baseline -0.003 -13"><span class='ocrx_word' id='word_1_215' title='bbox 296 2984 517 3040; x_wconf 77' lang='lat' dir='ltr'><strong>vitandi</strong></span> <span class='ocrx_word' id='word_1_216' title='bbox 549 2983 702 3038; x_wconf 81' lang='lat' dir='ltr'><strong>exitii</strong></span> <span class='ocrx_word' id='word_1_217' title='bbox 736 2982 909 3047; x_wconf 83' lang='lat' dir='ltr'><strong>ratio,</strong></span> <span class='ocrx_word' id='word_1_218' title='bbox 943 2981 1286 3052; x_wconf 79' lang='lat' dir='ltr'><strong>confugeret</strong></span> <span class='ocrx_word' id='word_1_219' title='bbox 1316 2981 1385 3035; x_wconf 88' lang='lat' dir='ltr'><strong>ad</strong></span> <span class='ocrx_word' id='word_1_220' title='bbox 1412 2978 1941 3050; x_wconf 88' lang='lat' dir='ltr'><strong>montemNigrum,</strong></span> 
     </span>
    </p>
   </div>
   <div class='ocr_carea' id='block_1_31' title="bbox 296 3069 1939 3144">
    <p class='ocr_par' dir='ltr' id='par_1_31' title="bbox 296 3069 1939 3144">
     <span class='ocr_line' id='line_1_31' title="bbox 296 3069 1939 3144; baseline -0.003 -16"><span class='ocrx_word' id='word_1_221' title='bbox 296 3072 536 3144; x_wconf 90' lang='lat' dir='ltr'><strong>illicque</strong></span> <span class='ocrx_word' id='word_1_222' title='bbox 569 3072 891 3128; x_wconf 88' lang='lat' dir='ltr'>monastico</span> <span class='ocrx_word' id='word_1_223' title='bbox 921 3071 1124 3127; x_wconf 91' lang='lat' dir='ltr'>induto</span> <span class='ocrx_word' id='word_1_224' title='bbox 1156 3070 1363 3126; x_wconf 87' lang='lat' dir='ltr'><strong>habitu</strong></span> <span class='ocrx_word' id='word_1_225' title='bbox 1394 3069 1574 3125; x_wconf 90' lang='lat' dir='ltr'><strong>vitam</strong></span> <span class='ocrx_word' id='word_1_226' title='bbox 1608 3069 1939 3141; x_wconf 81' lang='lat' dir='ltr'><strong>religiosam</strong></span> 
     </span>
    </p>
   </div>
   <div class='ocr_carea' id='block_1_32' title="bbox 292 3159 1941 3234">
    <p class='ocr_par' dir='ltr' id='par_1_32' title="bbox 292 3159 1941 3234">
     <span class='ocr_line' id='line_1_32' title="bbox 292 3159 1941 3234; baseline -0.002 -17"><span class='ocrx_word' id='word_1_227' title='bbox 292 3162 681 3234; x_wconf 83' lang='lat' dir='ltr'><strong>profiteretur.</strong></span> <span class='ocrx_word' id='word_1_228' title='bbox 720 3163 807 3217; x_wconf 90' lang='lat' dir='ltr'>Ita</span> <span class='ocrx_word' id='word_1_229' title='bbox 836 3160 1018 3216; x_wconf 91' lang='lat' dir='ltr'><strong>videri</strong></span> <span class='ocrx_word' id='word_1_230' title='bbox 1056 3161 1176 3216; x_wconf 91' lang='lat' dir='ltr'>fore</span> <span class='ocrx_word' id='word_1_231' title='bbox 1207 3164 1274 3215; x_wconf 92' lang='lat' dir='ltr'><strong>ut</strong></span> <span class='ocrx_word' id='word_1_232' title='bbox 1305 3175 1550 3215; x_wconf 87' lang='lat' dir='ltr'><strong>securus</strong></span> <span class='ocrx_word' id='word_1_233' title='bbox 1582 3159 1652 3214; x_wconf 91' lang='lat' dir='ltr'>de</span> <span class='ocrx_word' id='word_1_234' title='bbox 1705 3174 1772 3214; x_wconf 94' lang='lat' dir='ltr'><strong>eo</strong></span> <span class='ocrx_word' id='word_1_235' title='bbox 1815 3160 1941 3229; x_wconf 87' lang='lat' dir='ltr'><strong>jam</strong></span> 
     </span>
    </p>
   </div>
   <div class='ocr_carea' id='block_1_33' title="bbox 289 3248 1943 3322">
    <p class='ocr_par' dir='ltr' id='par_1_33' title="bbox 289 3248 1943 3322">
     <span class='ocr_line' id='line_1_33' title="bbox 289 3248 1943 3322; baseline -0.003 -15"><span class='ocrx_word' id='word_1_236' title='bbox 289 3256 589 3322; x_wconf 86' lang='lat' dir='ltr'><strong>Augustus</strong></span> <span class='ocrx_word' id='word_1_237' title='bbox 605 3250 962 3307; x_wconf 86' lang='lat' dir='ltr'>voluntatem</span> <span class='ocrx_word' id='word_1_238' title='bbox 978 3251 1026 3321; x_wconf 85' lang='lat' dir='ltr'>ej</span> <span class='ocrx_word' id='word_1_239' title='bbox 1039 3266 1105 3304; x_wconf 90' lang='lat' dir='ltr'>us</span> <span class='ocrx_word' id='word_1_240' title='bbox 1121 3248 1307 3304; x_wconf 91' lang='lat' dir='ltr'>oculis</span> <span class='ocrx_word' id='word_1_241' title='bbox 1322 3248 1586 3319; x_wconf 85' lang='lat' dir='ltr'>privandi</span> <span class='ocrx_word' id='word_1_242' title='bbox 1603 3249 1943 3321; x_wconf 85' lang='lat' dir='ltr'><strong>deponeret,</strong></span> 
     </span>
    </p>
   </div>
   <div class='ocr_carea' id='block_1_34' title="bbox 2080 624 2676 700">
    <p class='ocr_par' dir='ltr' id='par_1_34' title="bbox 2080 624 2676 700">
     <span class='ocr_line' id='line_1_34' title="bbox 2080 624 2676 700; baseline 0.015 -26"><span class='ocrx_word' id='word_1_243' title='bbox 2080 624 2474 700; x_wconf 85' lang='grc' dir='ltr'>μεταχειρίζων</span> <span class='ocrx_word' id='word_1_244' title='bbox 2508 629 2676 683; x_wconf 86' lang='grc' dir='ltr'>τάκεῖ.</span> 
     </span>
    </p>
   </div>
   <div class='ocr_carea' id='block_1_35' title="bbox 2074 729 3733 810">
    <p class='ocr_par' dir='ltr' id='par_1_35' title="bbox 2074 729 3733 810">
     <span class='ocr_line' id='line_1_35' title="bbox 2074 729 3733 810; baseline 0.01 -29"><span class='ocrx_word' id='word_1_245' title='bbox 2074 729 2181 796; x_wconf 85' lang='grc' dir='ltr'>κη’.</span> <span class='ocrx_word' id='word_1_246' title='bbox 2239 731 2476 794; x_wconf 80' lang='grc' dir='ltr'>Θάνατος</span> <span class='ocrx_word' id='word_1_247' title='bbox 2538 741 2639 803; x_wconf 80' lang='grc' dir='ltr'>τῆς</span> <span class='ocrx_word' id='word_1_248' title='bbox 2708 732 3000 810; x_wconf 59' lang='grc' dir='ltr'>δεσποίνης</span> <span class='ocrx_word' id='word_1_249' title='bbox 3062 739 3285 810; x_wconf 72' lang='grc' dir='ltr'>Ἀννης,</span> <span class='ocrx_word' id='word_1_250' title='bbox 3354 740 3443 794; x_wconf 78' lang='grc' dir='ltr'><strong>καὶ</strong></span> <span class='ocrx_word' id='word_1_251' title='bbox 3491 743 3558 795; x_wconf 71' lang='grc' dir='ltr'>τὰ</span> <span class='ocrx_word' id='word_1_252' title='bbox 3608 742 3733 797; x_wconf 74' lang='grc' dir='ltr'>τότε</span> 
     </span>
    </p>
   </div>
   <div class='ocr_carea' id='block_1_36' title="bbox 2742 803 3055 880">
    <p class='ocr_par' dir='ltr' id='par_1_36' title="bbox 2742 803 3055 880">
     <span class='ocr_line' id='line_1_36' title="bbox 2742 803 3055 880; baseline 0.016 -20"><span class='ocrx_word' id='word_1_253' title='bbox 2742 828 2803 860; x_wconf 91' lang='grc' dir='ltr'><strong>συ</strong></span> <span class='ocrx_word' id='word_1_254' title='bbox 2813 803 2887 880; x_wconf 73' lang='grc' dir='ltr'>μϐ</span> <span class='ocrx_word' id='word_1_255' title='bbox 2895 803 3023 863; x_wconf 32' lang='grc' dir='ltr'>άν-τα</span> <span class='ocrx_word' id='word_1_256' title='bbox 3044 852 3055 865; x_wconf 92' lang='grc'><strong>.</strong></span> 
     </span>
    </p>
   </div>
   <div class='ocr_carea' id='block_1_37' title="bbox 2149 888 3731 973">
    <p class='ocr_par' dir='ltr' id='par_1_37' title="bbox 2149 888 3731 973">
     <span class='ocr_line' id='line_1_37' title="bbox 2149 888 3731 973; baseline 0.009 -30"><span class='ocrx_word' id='word_1_257' title='bbox 2149 888 2306 943; x_wconf 88' lang='grc' dir='ltr'>Ἀλλ’</span> <span class='ocrx_word' id='word_1_258' title='bbox 2340 891 2528 967; x_wconf 80' lang='grc' dir='ltr'>ὀλίγον</span> <span class='ocrx_word' id='word_1_259' title='bbox 2561 895 2623 949; x_wconf 89' lang='grc' dir='ltr'>τὸ</span> <span class='ocrx_word' id='word_1_260' title='bbox 2652 896 2870 968; x_wconf 81' lang='grc' dir='ltr'>μεταξὺ,</span> <span class='ocrx_word' id='word_1_261' title='bbox 2910 898 2999 951; x_wconf 87' lang='grc' dir='ltr'><strong>καὶ</strong></span> <span class='ocrx_word' id='word_1_262' title='bbox 3038 900 3070 967; x_wconf 83' lang='grc' dir='ltr'>ἡ</span> <span class='ocrx_word' id='word_1_263' title='bbox 3108 896 3367 954; x_wconf 86' lang='grc' dir='ltr'>δέσποινα</span> <span class='ocrx_word' id='word_1_264' title='bbox 3420 902 3513 973; x_wconf 75' lang='grc' dir='ltr'><strong>μὲν</strong></span> <span class='ocrx_word' id='word_1_265' title='bbox 3566 905 3731 958; x_wconf 70' lang='grc' dir='ltr'>’Ἅννα</span> 
     </span>
    </p>
   </div>
   <div class='ocr_carea' id='block_1_38' title="bbox 2074 975 3731 1065">
    <p class='ocr_par' dir='ltr' id='par_1_38' title="bbox 2074 975 3731 1065">
     <span class='ocr_line' id='line_1_38' title="bbox 2074 975 3731 1065; baseline 0.011 -36"><span class='ocrx_word' id='word_1_266' title='bbox 2074 975 2187 1030; x_wconf 81' lang='grc' dir='ltr'>ἐκεῖ</span> <span class='ocrx_word' id='word_1_267' title='bbox 2212 979 2438 1051; x_wconf 82' lang='grc' dir='ltr'>τελευτᾷ</span> <span class='ocrx_word' id='word_1_268' title='bbox 2466 984 2555 1037; x_wconf 89' lang='grc' dir='ltr'>τὸν</span> <span class='ocrx_word' id='word_1_269' title='bbox 2612 984 2751 1058; x_wconf 87' lang='grc' dir='ltr'>βίον.</span> <span class='ocrx_word' id='word_1_270' title='bbox 2798 984 3123 1060; x_wconf 73' lang='grc' dir='ltr'>ἀγγέλλεται</span> <span class='ocrx_word' id='word_1_271' title='bbox 3161 985 3217 1042; x_wconf 75' lang='grc' dir='ltr'>δέ</span> <span class='ocrx_word' id='word_1_272' title='bbox 3271 992 3385 1060; x_wconf 90' lang='grc' dir='ltr'>μετ’</span> <span class='ocrx_word' id='word_1_273' title='bbox 3435 990 3622 1065; x_wconf 73' lang='grc' dir='ltr'>ὀλίγον</span> <span class='ocrx_word' id='word_1_274' title='bbox 3652 998 3731 1064; x_wconf 79' lang='grc' dir='ltr'>τῷ</span> 
     </span>
    </p>
   </div>
   <div class='ocr_carea' id='block_1_39' title="bbox 2078 1066 3730 1149">
    <p class='ocr_par' dir='ltr' id='par_1_39' title="bbox 2078 1066 3730 1149">
     <span class='ocr_line' id='line_1_39' title="bbox 2078 1066 3730 1149; baseline 0.009 -29"><span class='ocrx_word' id='word_1_275' title='bbox 2078 1066 2312 1139; x_wconf 85' lang='grc' dir='ltr'>βασιλεῖ.</span> <span class='ocrx_word' id='word_1_276' title='bbox 2362 1071 2453 1124; x_wconf 87' lang='grc' dir='ltr'><strong>καὶ</strong></span> <span class='ocrx_word' id='word_1_277' title='bbox 2509 1073 2567 1133; x_wconf 83' lang='grc' dir='ltr'><strong>’ὀς</strong></span> <span class='ocrx_word' id='word_1_278' title='bbox 2606 1074 2836 1147; x_wconf 80' lang='grc' dir='ltr'>προνοίᾳ</span> <span class='ocrx_word' id='word_1_279' title='bbox 2860 1080 2956 1128; x_wconf 87' lang='grc' dir='ltr'><strong>τοῦ</strong></span> <span class='ocrx_word' id='word_1_280' title='bbox 2992 1077 3067 1147; x_wconf 72' lang='grc' dir='ltr'>μὴ</span> <span class='ocrx_word' id='word_1_281' title='bbox 3132 1079 3318 1149; x_wconf 85' lang='grc' dir='ltr'>μαθεῖν</span> <span class='ocrx_word' id='word_1_282' title='bbox 3377 1080 3468 1133; x_wconf 87' lang='grc' dir='ltr'><strong>τὸν</strong></span> <span class='ocrx_word' id='word_1_283' title='bbox 3526 1081 3640 1134; x_wconf 77' lang='grc' dir='ltr'>υἱόν</span> <span class='ocrx_word' id='word_1_284' title='bbox 3673 1104 3730 1136; x_wconf 91' lang='grc' dir='ltr'><strong>τε</strong></span> 
     </span>
    </p>
   </div>
   <div class='ocr_carea' id='block_1_40' title="bbox 2072 1156 3727 1240">
    <p class='ocr_par' dir='ltr' id='par_1_40' title="bbox 2072 1156 3727 1240">
     <span class='ocr_line' id='line_1_40' title="bbox 2072 1156 3727 1240; baseline 0.01 -32"><span class='ocrx_word' id='word_1_285' title='bbox 2072 1156 2161 1209; x_wconf 81' lang='grc' dir='ltr'>καὶ</span> <span class='ocrx_word' id='word_1_286' title='bbox 2197 1156 2442 1231; x_wconf 82' lang='grc' dir='ltr'>βασιλέα,</span> <span class='ocrx_word' id='word_1_287' title='bbox 2486 1162 2559 1223; x_wconf 86' lang='grc' dir='ltr'>ὡς</span> <span class='ocrx_word' id='word_1_288' title='bbox 2616 1162 2698 1217; x_wconf 82' lang='grc' dir='ltr'>ἐπ’</span> <span class='ocrx_word' id='word_1_289' title='bbox 2756 1164 3079 1240; x_wconf 66' lang='grc' dir='ltr'>ἀπορρήτῳ,</span> <span class='ocrx_word' id='word_1_290' title='bbox 3143 1164 3357 1222; x_wconf 89' lang='grc' dir='ltr'>στέλλει</span> <span class='ocrx_word' id='word_1_291' title='bbox 3412 1170 3501 1223; x_wconf 87' lang='grc' dir='ltr'>τὸν</span> <span class='ocrx_word' id='word_1_292' title='bbox 3562 1171 3727 1225; x_wconf 78' lang='grc' dir='ltr'>αὐτοῦ</span> 
     </span>
    </p>
   </div>
   <div class='ocr_carea' id='block_1_41' title="bbox 2076 1238 3723 1336">
    <p class='ocr_par' dir='ltr' id='par_1_41' title="bbox 2076 1238 3723 1336">
     <span class='ocr_line' id='line_1_41' title="bbox 2076 1238 3723 1336; baseline 0.011 -39"><span class='ocrx_word' id='word_1_293' title='bbox 2076 1246 2169 1317; x_wconf 81' lang='grc' dir='ltr'><strong>μὲν</strong></span> <span class='ocrx_word' id='word_1_294' title='bbox 2204 1238 2611 1323; x_wconf 78' lang='grc' dir='ltr'>ἀρχιδιάκονον,</span> <span class='ocrx_word' id='word_1_295' title='bbox 2650 1254 2747 1321; x_wconf 71' lang='grc' dir='ltr'>τῆς</span> <span class='ocrx_word' id='word_1_296' title='bbox 2803 1254 3133 1324; x_wconf 78' lang='grc' dir='ltr'>Ἐκκλησίας</span> <span class='ocrx_word' id='word_1_297' title='bbox 3192 1253 3249 1309; x_wconf 78' lang='grc' dir='ltr'><strong>δὲ</strong></span> <span class='ocrx_word' id='word_1_298' title='bbox 3304 1260 3723 1336; x_wconf 71' lang='grc' dir='ltr'>χαρτοςρύλακα,</span> 
     </span>
    </p>
   </div>
   <div class='ocr_carea' id='block_1_42' title="bbox 2068 1334 3725 1422">
    <p class='ocr_par' dir='ltr' id='par_1_42' title="bbox 2068 1334 3725 1422">
     <span class='ocr_line' id='line_1_42' title="bbox 2068 1334 3725 1422; baseline 0.01 -35"><span class='ocrx_word' id='word_1_299' title='bbox 2068 1334 2160 1387; x_wconf 91' lang='grc' dir='ltr'>τὸν</span> <span class='ocrx_word' id='word_1_300' title='bbox 2225 1334 2645 1409; x_wconf 84' lang='grc' dir='ltr'>Μελιτηνιώτην</span> <span class='ocrx_word' id='word_1_301' title='bbox 2699 1345 3131 1412; x_wconf 82' lang='grc' dir='ltr'>Κωνσταντῐνον,</span> <span class='ocrx_word' id='word_1_302' title='bbox 3191 1342 3270 1419; x_wconf 75' lang='grc' dir='ltr'><strong>ἐφ’</strong></span> <span class='ocrx_word' id='word_1_303' title='bbox 3338 1347 3382 1417; x_wconf 80' lang='grc' dir='ltr'>ᾧ</span> <span class='ocrx_word' id='word_1_304' title='bbox 3427 1349 3725 1422; x_wconf 86' lang='grc' dir='ltr'>μετακομί-</span> 
     </span>
    </p>
   </div>
   <div class='ocr_carea' id='block_1_43' title="bbox 2074 1426 3727 1510">
    <p class='ocr_par' dir='ltr' id='par_1_43' title="bbox 2074 1426 3727 1510">
     <span class='ocr_line' id='line_1_43' title="bbox 2074 1426 3727 1510; baseline 0.01 -35"><span class='ocrx_word' id='word_1_305' title='bbox 2074 1427 2179 1490; x_wconf 80' lang='grc' dir='ltr'>ζειν</span> <span class='ocrx_word' id='word_1_306' title='bbox 2235 1426 2323 1479; x_wconf 87' lang='grc' dir='ltr'>τὸν</span> <span class='ocrx_word' id='word_1_307' title='bbox 2383 1430 2590 1503; x_wconf 85' lang='grc' dir='ltr'>νεκρὸν,</span> <span class='ocrx_word' id='word_1_308' title='bbox 2650 1432 2725 1493; x_wconf 84' lang='grc' dir='ltr'>ὡς</span> <span class='ocrx_word' id='word_1_309' title='bbox 2775 1430 2968 1506; x_wconf 80' lang='grc' dir='ltr'>ἐχρῆν,</span> <span class='ocrx_word' id='word_1_310' title='bbox 3026 1432 3102 1494; x_wconf 81' lang='grc' dir='ltr'>εἰς</span> <span class='ocrx_word' id='word_1_311' title='bbox 3161 1433 3411 1492; x_wconf 82' lang='grc' dir='ltr'>Νίκαιαν.</span> <span class='ocrx_word' id='word_1_312' title='bbox 3464 1439 3613 1510; x_wconf 73' lang='grc' dir='ltr'>’Ἅμα</span> <span class='ocrx_word' id='word_1_313' title='bbox 3668 1437 3727 1492; x_wconf 79' lang='grc' dir='ltr'><strong>δὲ</strong></span> 
     </span>
    </p>
   </div>
   <div class='ocr_carea' id='block_1_44' title="bbox 2070 1510 3726 1599">
    <p class='ocr_par' dir='ltr' id='par_1_44' title="bbox 2070 1510 3726 1599">
     <span class='ocr_line' id='line_1_44' title="bbox 2070 1510 3726 1599; baseline 0.011 -36"><span class='ocrx_word' id='word_1_314' title='bbox 2070 1513 2255 1585; x_wconf 84' lang='grc' dir='ltr'>καιρὸν</span> <span class='ocrx_word' id='word_1_315' title='bbox 2320 1510 2503 1570; x_wconf 80' lang='grc' dir='ltr'>λαϐὼν</span> <span class='ocrx_word' id='word_1_316' title='bbox 2576 1517 2816 1592; x_wconf 77' lang='grc' dir='ltr'>εὐπρεπῆ</span> <span class='ocrx_word' id='word_1_317' title='bbox 2866 1525 2963 1574; x_wconf 87' lang='grc' dir='ltr'><strong>τοῦ</strong></span> <span class='ocrx_word' id='word_1_318' title='bbox 3044 1522 3130 1575; x_wconf 75' lang='grc' dir='ltr'>τὸν</span> <span class='ocrx_word' id='word_1_319' title='bbox 3186 1524 3726 1599; x_wconf 72' lang='grc' dir='ltr'>Ιίορφυρογέννητον,</span> 
     </span>
    </p>
   </div>
   <div class='ocr_carea' id='block_1_45' title="bbox 2070 1596 3724 1693">
    <p class='ocr_par' dir='ltr' id='par_1_45' title="bbox 2070 1596 3724 1693">
     <span class='ocr_line' id='line_1_45' title="bbox 2070 1596 3724 1693; baseline 0.01 -40"><span class='ocrx_word' id='word_1_320' title='bbox 2070 1596 2428 1658; x_wconf 73' lang='grc' dir='ltr'>ἀποϐαὶὸντα</span> <span class='ocrx_word' id='word_1_321' title='bbox 2485 1602 2575 1660; x_wconf 71' lang='grc' dir='ltr'><strong>διὰ</strong></span> <span class='ocrx_word' id='word_1_322' title='bbox 2619 1609 2681 1662; x_wconf 91' lang='grc' dir='ltr'>τὸ</span> <span class='ocrx_word' id='word_1_323' title='bbox 2739 1610 2934 1672; x_wconf 85' lang='grc' dir='ltr'>πένθος</span> <span class='ocrx_word' id='word_1_324' title='bbox 2994 1610 3061 1664; x_wconf 80' lang='grc' dir='ltr'>τὰ</span> <span class='ocrx_word' id='word_1_325' title='bbox 3119 1611 3337 1687; x_wconf 67' lang='grc' dir='ltr'>ἐρυθρὰ,</span> <span class='ocrx_word' id='word_1_326' title='bbox 3408 1616 3482 1685; x_wconf 77' lang='grc' dir='ltr'>μὴ</span> <span class='ocrx_word' id='word_1_327' title='bbox 3540 1622 3724 1693; x_wconf 75' lang='grc' dir='ltr'>φορεῖν</span> 
     </span>
    </p>
   </div>
   <div class='ocr_carea' id='block_1_46' title="bbox 2070 1686 3727 1776">
    <p class='ocr_par' dir='ltr' id='par_1_46' title="bbox 2070 1686 3727 1776">
     <span class='ocr_line' id='line_1_46' title="bbox 2070 1686 3727 1776; baseline 0.01 -33"><span class='ocrx_word' id='word_1_328' title='bbox 2070 1686 2273 1745; x_wconf 77' lang='grc' dir='ltr'>ἄλλοτε</span> <span class='ocrx_word' id='word_1_329' title='bbox 2331 1695 2752 1769; x_wconf 82' lang='grc' dir='ltr'>παρασκευάσαι,</span> <span class='ocrx_word' id='word_1_330' title='bbox 2801 1697 3116 1772; x_wconf 76' lang='grc' dir='ltr'>εὐτρεπίσας</span> <span class='ocrx_word' id='word_1_331' title='bbox 3170 1686 3461 1776; x_wconf 80' lang='grc' dir='ltr'>ἀλλόχροα</span> <span class='ocrx_word' id='word_1_332' title='bbox 3513 1686 3579 1758; x_wconf 60' lang='grc' dir='ltr'><strong>τα</strong></span> <span class='ocrx_word' id='word_1_333' title='bbox 3635 1705 3727 1758; x_wconf 79' lang='grc' dir='ltr'><strong>σὺν</strong></span> 
     </span>
    </p>
   </div>
   <div class='ocr_carea' id='block_1_47' title="bbox 2070 1778 3722 1869">
    <p class='ocr_par' dir='ltr' id='par_1_47' title="bbox 2070 1778 3722 1869">
     <span class='ocr_line' id='line_1_47' title="bbox 2070 1778 3722 1869; baseline 0.01 -37"><span class='ocrx_word' id='word_1_334' title='bbox 2070 1778 2251 1852; x_wconf 77' lang='grc' dir='ltr'>λευκῷ</span> <span class='ocrx_word' id='word_1_335' title='bbox 2280 1792 2536 1860; x_wconf 82' lang='grc' dir='ltr'>πορφυρᾶ</span> <span class='ocrx_word' id='word_1_336' title='bbox 2585 1792 2773 1862; x_wconf 87' lang='grc' dir='ltr'>χρυσῷ</span> <span class='ocrx_word' id='word_1_337' title='bbox 2820 1786 3102 1858; x_wconf 83' lang='grc' dir='ltr'>ποικιλτά,</span> <span class='ocrx_word' id='word_1_338' title='bbox 3147 1789 3236 1844; x_wconf 78' lang='grc' dir='ltr'><strong>καὶ</strong></span> <span class='ocrx_word' id='word_1_339' title='bbox 3290 1788 3377 1845; x_wconf 80' lang='grc' dir='ltr'><strong>διὰ</strong></span> <span class='ocrx_word' id='word_1_340' title='bbox 3429 1795 3722 1869; x_wconf 79' lang='grc' dir='ltr'>μαργάρων</span> 
     </span>
    </p>
   </div>
   <div class='ocr_carea' id='block_1_48' title="bbox 2067 1869 3723 1957">
    <p class='ocr_par' dir='ltr' id='par_1_48' title="bbox 2067 1869 3723 1957">
     <span class='ocr_line' id='line_1_48' title="bbox 2067 1869 3723 1957; baseline 0.01 -37"><span class='ocrx_word' id='word_1_341' title='bbox 2067 1870 2128 1922; x_wconf 90' lang='grc' dir='ltr'>τὸ</span> <span class='ocrx_word' id='word_1_342' title='bbox 2165 1869 2448 1944; x_wconf 87' lang='grc' dir='ltr'>βασιλικὸν</span> <span class='ocrx_word' id='word_1_343' title='bbox 2482 1876 2565 1947; x_wconf 88' lang='grc' dir='ltr'><strong>[Ρ.</strong></span> <span class='ocrx_word' id='word_1_344' title='bbox 2598 1879 2725 1947; x_wconf 82' lang='grc'><strong>341]</strong></span> <span class='ocrx_word' id='word_1_345' title='bbox 2775 1884 3006 1949; x_wconf 84' lang='grc' dir='ltr'>σημεῖον</span> <span class='ocrx_word' id='word_1_346' title='bbox 3040 1878 3167 1941; x_wconf 77' lang='grc' dir='ltr'>τοὺς</span> <span class='ocrx_word' id='word_1_347' title='bbox 3212 1878 3400 1942; x_wconf 81' lang='grc' dir='ltr'>ἀετοὺς</span> <span class='ocrx_word' id='word_1_348' title='bbox 3458 1884 3723 1957; x_wconf 83' lang='grc' dir='ltr'>περιθείς,</span> 
     </span>
    </p>
   </div>
   <div class='ocr_carea' id='block_1_49' title="bbox 2068 1956 3717 2049">
    <p class='ocr_par' dir='ltr' id='par_1_49' title="bbox 2068 1956 3717 2049">
     <span class='ocr_line' id='line_1_49' title="bbox 2068 1956 3717 2049; baseline 0.009 -39"><span class='ocrx_word' id='word_1_349' title='bbox 2068 1956 2157 2011; x_wconf 73' lang='grc' dir='ltr'>καί</span> <span class='ocrx_word' id='word_1_350' title='bbox 2186 1962 2405 2033; x_wconf 74' lang='grc' dir='ltr'>πέμψας</span> <span class='ocrx_word' id='word_1_351' title='bbox 2438 1960 2497 2016; x_wconf 85' lang='grc' dir='ltr'>ἐκ</span> <span class='ocrx_word' id='word_1_352' title='bbox 2524 1964 2732 2019; x_wconf 86' lang='grc' dir='ltr'>τούτων</span> <span class='ocrx_word' id='word_1_353' title='bbox 2788 1964 2987 2021; x_wconf 82' lang='grc' dir='ltr'>πέδιλά</span> <span class='ocrx_word' id='word_1_354' title='bbox 3041 1989 3099 2021; x_wconf 91' lang='grc' dir='ltr'><strong>τε</strong></span> <span class='ocrx_word' id='word_1_355' title='bbox 3127 1968 3217 2022; x_wconf 82' lang='grc' dir='ltr'>καὶ</span> <span class='ocrx_word' id='word_1_356' title='bbox 3254 1971 3481 2043; x_wconf 69' lang='grc' dir='ltr'>χαλινὰ,</span> <span class='ocrx_word' id='word_1_357' title='bbox 3540 1972 3717 2049; x_wconf 70' lang='grc' dir='ltr'>σφίσιν</span> 
     </span>
    </p>
   </div>
   <div class='ocr_carea' id='block_1_50' title="bbox 2069 2048 3723 2133">
    <p class='ocr_par' dir='ltr' id='par_1_50' title="bbox 2069 2048 3723 2133">
     <span class='ocr_line' id='line_1_50' title="bbox 2069 2048 3723 2133; baseline 0.01 -33"><span class='ocrx_word' id='word_1_358' title='bbox 2069 2048 2143 2109; x_wconf 82' lang='grc' dir='ltr'>ὡς</span> <span class='ocrx_word' id='word_1_359' title='bbox 2198 2054 2551 2125; x_wconf 79' lang='grc' dir='ltr'>παρασήμοις</span> <span class='ocrx_word' id='word_1_360' title='bbox 2600 2056 2689 2109; x_wconf 90' lang='grc' dir='ltr'><strong>τὸν</strong></span> <span class='ocrx_word' id='word_1_361' title='bbox 2748 2057 2866 2111; x_wconf 77' lang='grc' dir='ltr'>υἱὸν</span> <span class='ocrx_word' id='word_1_362' title='bbox 2925 2058 3285 2132; x_wconf 79' lang='grc' dir='ltr'>προσέταττεν</span> <span class='ocrx_word' id='word_1_363' title='bbox 3320 2059 3723 2133; x_wconf 82' lang='grc' dir='ltr'>ἐμπομπεύειν,</span> 
     </span>
    </p>
   </div>
   <div class='ocr_carea' id='block_1_51' title="bbox 2070 2136 3723 2225">
    <p class='ocr_par' dir='ltr' id='par_1_51' title="bbox 2070 2136 3723 2225">
     <span class='ocr_line' id='line_1_51' title="bbox 2070 2136 3723 2225; baseline 0.011 -36"><span class='ocrx_word' id='word_1_364' title='bbox 2070 2136 2221 2225; x_wconf 79' lang='grc' dir='ltr'>μόνῳ</span> <span class='ocrx_word' id='word_1_365' title='bbox 2268 2144 2377 2193; x_wconf 84' lang='grc' dir='ltr'><strong>τῶν</strong></span> <span class='ocrx_word' id='word_1_366' title='bbox 2420 2140 2661 2217; x_wconf 81' lang='grc' dir='ltr'>ἐρυθρῶν</span> <span class='ocrx_word' id='word_1_367' title='bbox 2715 2144 2974 2199; x_wconf 79' lang='grc' dir='ltr'>ἐκστάντα</span> <span class='ocrx_word' id='word_1_368' title='bbox 3029 2151 3108 2218; x_wconf 81' lang='grc' dir='ltr'>τῷ</span> <span class='ocrx_word' id='word_1_369' title='bbox 3146 2146 3381 2222; x_wconf 86' lang='grc' dir='ltr'>βασιλεῖ.</span> <span class='ocrx_word' id='word_1_370' title='bbox 3440 2154 3618 2225; x_wconf 82' lang='grc' dir='ltr'>Σοφὸν</span> <span class='ocrx_word' id='word_1_371' title='bbox 3665 2150 3723 2207; x_wconf 76' lang='grc' dir='ltr'><strong>δὲ</strong></span> 
     </span>
    </p>
   </div>
   <div class='ocr_carea' id='block_1_52' title="bbox 2065 2224 3722 2315">
    <p class='ocr_par' dir='ltr' id='par_1_52' title="bbox 2065 2224 3722 2315">
     <span class='ocr_line' id='line_1_52' title="bbox 2065 2224 3722 2315; baseline 0.01 -36"><span class='ocrx_word' id='word_1_372' title='bbox 2065 2224 2167 2299; x_wconf 79' lang='grc' dir='ltr'><strong>ἄρα</strong></span> <span class='ocrx_word' id='word_1_373' title='bbox 2194 2229 2285 2281; x_wconf 87' lang='grc' dir='ltr'><strong>καὶ</strong></span> <span class='ocrx_word' id='word_1_374' title='bbox 2316 2229 2378 2284; x_wconf 90' lang='grc' dir='ltr'>τὸ</span> <span class='ocrx_word' id='word_1_375' title='bbox 2406 2236 2503 2285; x_wconf 91' lang='grc' dir='ltr'><strong>τοῦ</strong></span> <span class='ocrx_word' id='word_1_376' title='bbox 2547 2238 2740 2308; x_wconf 78' lang='grc' dir='ltr'>καιροῦ</span> <span class='ocrx_word' id='word_1_377' title='bbox 2770 2235 2861 2305; x_wconf 81' lang='grc' dir='ltr'>ἧν,</span> <span class='ocrx_word' id='word_1_378' title='bbox 2906 2235 2979 2296; x_wconf 80' lang='grc' dir='ltr'>ὡς</span> <span class='ocrx_word' id='word_1_379' title='bbox 3030 2236 3106 2307; x_wconf 77' lang='grc' dir='ltr'>μὴ</span> <span class='ocrx_word' id='word_1_380' title='bbox 3161 2233 3307 2308; x_wconf 81' lang='grc' dir='ltr'>δόξαι</span> <span class='ocrx_word' id='word_1_381' title='bbox 3356 2239 3424 2292; x_wconf 78' lang='grc' dir='ltr'>τὰ</span> <span class='ocrx_word' id='word_1_382' title='bbox 3475 2224 3722 2315; x_wconf 81' lang='grc' dir='ltr'>ἐπισημα</span> 
     </span>
    </p>
   </div>
   <div class='ocr_carea' id='block_1_53' title="bbox 2068 2447 3713 2529">
    <p class='ocr_par' dir='ltr' id='par_1_53' title="bbox 2068 2447 3713 2529">
     <span class='ocr_line' id='line_1_53' title="bbox 2068 2447 3713 2529; baseline 0.012 -30"><span class='ocrx_word' id='word_1_383' title='bbox 2068 2447 2316 2518; x_wconf 75' lang='lat' dir='ltr'>propriae</span> <span class='ocrx_word' id='word_1_384' title='bbox 2348 2458 2574 2506; x_wconf 65' lang='lat' dir='ltr'>aeternae</span> <span class='ocrx_word' id='word_1_385' title='bbox 2640 2452 2850 2509; x_wconf 90' lang='lat' dir='ltr'><strong>salutis</strong></span> <span class='ocrx_word' id='word_1_386' title='bbox 2908 2471 3177 2529; x_wconf 88' lang='lat' dir='ltr'><strong>scopum.</strong></span> <span class='ocrx_word' id='word_1_387' title='bbox 3223 2460 3521 2515; x_wconf 88' lang='lat' dir='ltr'><strong>Cotanitza</strong></span> <span class='ocrx_word' id='word_1_388' title='bbox 3569 2478 3713 2519; x_wconf 85' lang='lat' dir='ltr'><strong>sane</strong></span> 
     </span>
    </p>
   </div>
   <div class='ocr_carea' id='block_1_54' title="bbox 2064 2538 3725 2620">
    <p class='ocr_par' dir='ltr' id='par_1_54' title="bbox 2064 2538 3725 2620">
     <span class='ocr_line' id='line_1_54' title="bbox 2064 2538 3725 2620; baseline 0.012 -34"><span class='ocrx_word' id='word_1_389' title='bbox 2064 2550 2180 2588; x_wconf 89' lang='lat' dir='ltr'>non</span> <span class='ocrx_word' id='word_1_390' title='bbox 2213 2538 2779 2607; x_wconf 89' lang='lat' dir='ltr'><strong>spectabat,amoliri</strong></span> <span class='ocrx_word' id='word_1_391' title='bbox 2804 2543 3131 2613; x_wconf 92' lang='lat' dir='ltr'><strong>periculum</strong></span> <span class='ocrx_word' id='word_1_392' title='bbox 3166 2546 3397 2603; x_wconf 89' lang='lat' dir='ltr'>instans</span> <span class='ocrx_word' id='word_1_393' title='bbox 3421 2548 3530 2604; x_wconf 91' lang='lat' dir='ltr'><strong>hoc</strong></span> <span class='ocrx_word' id='word_1_394' title='bbox 3549 2551 3725 2620; x_wconf 88' lang='lat' dir='ltr'><strong>quasi</strong></span> 
     </span>
    </p>
   </div>
   <div class='ocr_carea' id='block_1_55' title="bbox 2063 2623 3711 2707">
    <p class='ocr_par' dir='ltr' id='par_1_55' title="bbox 2063 2623 3711 2707">
     <span class='ocr_line' id='line_1_55' title="bbox 2063 2623 3711 2707; baseline 0.012 -31"><span class='ocrx_word' id='word_1_395' title='bbox 2063 2623 2245 2679; x_wconf 93' lang='lat' dir='ltr'>mimo</span> <span class='ocrx_word' id='word_1_396' title='bbox 2277 2628 2631 2697; x_wconf 57' lang='lat' dir='ltr'><strong>poenitentia;</strong></span> <span class='ocrx_word' id='word_1_397' title='bbox 2664 2635 3017 2688; x_wconf 76' lang='lat' dir='ltr'>contentust</span> <span class='ocrx_word' id='word_1_398' title='bbox 3050 2651 3121 2689; x_wconf 85' lang='lat' dir='ltr'><strong>ex</strong></span> <span class='ocrx_word' id='word_1_399' title='bbox 3160 2652 3275 2706; x_wconf 92' lang='lat' dir='ltr'><strong>quo</strong></span> <span class='ocrx_word' id='word_1_400' title='bbox 3310 2637 3449 2707; x_wconf 91' lang='lat' dir='ltr'><strong>quid</strong></span> <span class='ocrx_word' id='word_1_401' title='bbox 3507 2654 3711 2694; x_wconf 89' lang='lat' dir='ltr'>conse-</span> 
     </span>
    </p>
   </div>
   <div class='ocr_carea' id='block_1_56' title="bbox 2059 2715 3715 2787">
    <p class='ocr_par' dir='ltr' id='par_1_56' title="bbox 2059 2715 3715 2787">
     <span class='ocr_line' id='line_1_56' title="bbox 2059 2715 3715 2787; baseline 0.011 -22"><span class='ocrx_word' id='word_1_402' title='bbox 2059 2716 2259 2767; x_wconf 91' lang='lat' dir='ltr'><strong>cutum</strong></span> <span class='ocrx_word' id='word_1_403' title='bbox 2294 2715 2547 2787; x_wconf 90' lang='lat' dir='ltr'><strong>denique</strong></span> <span class='ocrx_word' id='word_1_404' title='bbox 2571 2718 2669 2785; x_wconf 92' lang='lat' dir='ltr'>sit,</span> <span class='ocrx_word' id='word_1_405' title='bbox 2705 2735 2811 2774; x_wconf 92' lang='lat' dir='ltr'><strong>suo</strong></span> <span class='ocrx_word' id='word_1_406' title='bbox 2844 2722 3166 2779; x_wconf 83' lang='lat' dir='ltr'><strong>referemus</strong></span> <span class='ocrx_word' id='word_1_407' title='bbox 3215 2724 3361 2780; x_wconf 93' lang='lat' dir='ltr'><strong>loco.</strong></span> <span class='ocrx_word' id='word_1_408' title='bbox 3424 2727 3543 2781; x_wconf 93' lang='lat' dir='ltr'><strong>Sub</strong></span> <span class='ocrx_word' id='word_1_409' title='bbox 3594 2726 3715 2784; x_wconf 68' lang='lat' dir='ltr'>haec</span> 
     </span>
    </p>
   </div>
   <div class='ocr_carea' id='block_1_57' title="bbox 2059 2804 3711 2886">
    <p class='ocr_par' dir='ltr' id='par_1_57' title="bbox 2059 2804 3711 2886">
     <span class='ocr_line' id='line_1_57' title="bbox 2059 2804 3711 2886; baseline 0.01 -31"><span class='ocrx_word' id='word_1_410' title='bbox 2059 2817 2232 2872; x_wconf 89' lang='lat' dir='ltr'>porro</span> <span class='ocrx_word' id='word_1_411' title='bbox 2258 2804 2795 2878; x_wconf 87' lang='lat' dir='ltr'><strong>Porphyrogenitus</strong></span> <span class='ocrx_word' id='word_1_412' title='bbox 2826 2808 2886 2864; x_wconf 91' lang='lat' dir='ltr'>in</span> <span class='ocrx_word' id='word_1_413' title='bbox 2920 2810 3215 2868; x_wconf 83' lang='lat' dir='ltr'><strong>Orientem</strong></span> <span class='ocrx_word' id='word_1_414' title='bbox 3244 2818 3335 2869; x_wconf 93' lang='lat' dir='ltr'>est</span> <span class='ocrx_word' id='word_1_415' title='bbox 3395 2816 3711 2886; x_wconf 82' lang='lat' dir='ltr'><strong>profectus,</strong></span> 
     </span>
    </p>
   </div>
   <div class='ocr_carea' id='block_1_58' title="bbox 2056 2890 3710 2970">
    <p class='ocr_par' dir='ltr' id='par_1_58' title="bbox 2056 2890 3710 2970">
     <span class='ocr_line' id='line_1_58' title="bbox 2056 2890 3710 2970; baseline 0.012 -28"><span class='ocrx_word' id='word_1_416' title='bbox 2056 2890 2262 2960; x_wconf 86' lang='lat' dir='ltr'>patris,</span> <span class='ocrx_word' id='word_1_417' title='bbox 2304 2892 2402 2963; x_wconf 87' lang='lat' dir='ltr'><strong>qui</strong></span> <span class='ocrx_word' id='word_1_418' title='bbox 2436 2894 2609 2965; x_wconf 91' lang='lat' dir='ltr'><strong>paulo</strong></span> <span class='ocrx_word' id='word_1_419' title='bbox 2642 2902 2776 2951; x_wconf 84' lang='lat' dir='ltr'>ante</span> <span class='ocrx_word' id='word_1_420' title='bbox 2807 2897 2944 2955; x_wconf 91' lang='lat' dir='ltr'><strong>inde</strong></span> <span class='ocrx_word' id='word_1_421' title='bbox 2974 2908 3317 2970; x_wconf 78' lang='lat' dir='ltr'>recesserat,</span> <span class='ocrx_word' id='word_1_422' title='bbox 3379 2904 3534 2959; x_wconf 85' lang='lat' dir='ltr'>vices</span> <span class='ocrx_word' id='word_1_423' title='bbox 3585 2907 3710 2961; x_wconf 89' lang='lat' dir='ltr'>obi-</span> 
     </span>
    </p>
   </div>
   <div class='ocr_carea' id='block_1_59' title="bbox 2055 2983 3701 3059">
    <p class='ocr_par' dir='ltr' id='par_1_59' title="bbox 2055 2983 3701 3059">
     <span class='ocr_line' id='line_1_59' title="bbox 2055 2983 3701 3059; baseline 0.01 -27"><span class='ocrx_word' id='word_1_424' title='bbox 2055 2983 2247 3050; x_wconf 86' lang='lat' dir='ltr'><strong>turus,</strong></span> <span class='ocrx_word' id='word_1_425' title='bbox 2277 2985 2685 3039; x_wconf 90' lang='lat' dir='ltr'>sustentandis</span> <span class='ocrx_word' id='word_1_426' title='bbox 2717 2992 2889 3056; x_wconf 87' lang='lat' dir='ltr'><strong>prout</strong></span> <span class='ocrx_word' id='word_1_427' title='bbox 2911 2995 3127 3059; x_wconf 87' lang='lat' dir='ltr'><strong>posset,</strong></span> <span class='ocrx_word' id='word_1_428' title='bbox 3177 2991 3297 3046; x_wconf 90' lang='lat' dir='ltr'>illic</span> <span class='ocrx_word' id='word_1_429' title='bbox 3354 2992 3411 3046; x_wconf 94' lang='lat' dir='ltr'><strong>in</strong></span> <span class='ocrx_word' id='word_1_430' title='bbox 3475 2994 3701 3050; x_wconf 91' lang='lat' dir='ltr'><strong>ruinam</strong></span> 
     </span>
    </p>
   </div>
   <div class='ocr_carea' id='block_1_60' title="bbox 2053 3069 2756 3144">
    <p class='ocr_par' dir='ltr' id='par_1_60' title="bbox 2053 3069 2756 3144">
     <span class='ocr_line' id='line_1_60' title="bbox 2053 3069 2756 3144; baseline 0.011 -23"><span class='ocrx_word' id='word_1_431' title='bbox 2053 3069 2259 3138; x_wconf 89' lang='lat' dir='ltr'><strong>pronis</strong></span> <span class='ocrx_word' id='word_1_432' title='bbox 2288 3072 2464 3127; x_wconf 84' lang='lat' dir='ltr'><strong>rebus</strong></span> <span class='ocrx_word' id='word_1_433' title='bbox 2497 3072 2756 3144; x_wconf 91' lang='lat' dir='ltr'><strong>imperii.</strong></span> 
     </span>
    </p>
   </div>
   <div class='ocr_carea' id='block_1_61' title="bbox 2122 3214 3693 3299">
    <p class='ocr_par' dir='ltr' id='par_1_61' title="bbox 2122 3214 3693 3299">
     <span class='ocr_line' id='line_1_61' title="bbox 2122 3214 3693 3299; baseline 0.01 -31"><span class='ocrx_word' id='word_1_434' title='bbox 2122 3214 2211 3269; x_wconf 86' lang='lat'><strong>28.</strong></span> <span class='ocrx_word' id='word_1_435' title='bbox 2245 3216 2383 3272; x_wconf 78' lang='lat' dir='ltr'>Mors</span> <span class='ocrx_word' id='word_1_436' title='bbox 2411 3216 2655 3276; x_wconf 70' lang='lat' dir='ltr'>dominae</span> <span class='ocrx_word' id='word_1_437' title='bbox 2682 3219 2876 3275; x_wconf 72' lang='lat' dir='ltr'>Annae:</span> <span class='ocrx_word' id='word_1_438' title='bbox 2906 3231 2958 3277; x_wconf 78' lang='lat' dir='ltr'>et</span> <span class='ocrx_word' id='word_1_439' title='bbox 2988 3238 3114 3293; x_wconf 67' lang='lat' dir='ltr'><strong>quae</strong></span> <span class='ocrx_word' id='word_1_440' title='bbox 3140 3229 3274 3282; x_wconf 79' lang='lat' dir='ltr'><strong>tunc</strong></span> <span class='ocrx_word' id='word_1_441' title='bbox 3322 3229 3693 3299; x_wconf 76' lang='lat' dir='ltr'><strong>contigerunt.</strong></span> 
     </span>
    </p>
   </div>
   <div class='ocr_carea' id='block_1_62' title="bbox 287 3300 3704 3413">
    <p class='ocr_par' dir='ltr' id='par_1_62' title="bbox 287 3300 3704 3413">
     <span class='ocr_line' id='line_1_62' title="bbox 287 3300 3704 3413; baseline 0.004 -18"><span class='ocrx_word' id='word_1_442' title='bbox 287 3300 592 3413; x_wconf 49' lang='grc' dir='ltr'><strong>ξιῖίῖἶῖεᾞὶ</strong></span> <span class='ocrx_word' id='word_1_443' title='bbox 618 3300 1389 3397; x_wconf 53' lang='grc' dir='ltr'><strong>νῖιῖξέζέἷὲῖιῶῖᾶἓῖιειίιιῖιί</strong></span> <span class='ocrx_word' id='word_1_444' title='bbox 1412 3300 1737 3410; x_wconf 53' lang='lat' dir='ltr'><strong>genus,etra</strong></span> <span class='ocrx_word' id='word_1_445' title='bbox 1759 3300 1943 3393; x_wconf 70' lang='lat' dir='ltr'>semei</span> <span class='ocrx_word' id='word_1_446' title='bbox 1974 3300 2017 3366; x_wconf 75' lang='lat' dir='ltr'>C</span> <span class='ocrx_word' id='word_1_447' title='bbox 2127 3338 2251 3394; x_wconf 92' lang='lat' dir='ltr'><strong>Non</strong></span> <span class='ocrx_word' id='word_1_448' title='bbox 2282 3338 2457 3412; x_wconf 89' lang='lat' dir='ltr'>longo</span> <span class='ocrx_word' id='word_1_449' title='bbox 2490 3346 2620 3413; x_wconf 91' lang='lat' dir='ltr'>post</span> <span class='ocrx_word' id='word_1_450' title='bbox 2650 3342 2773 3399; x_wconf 72' lang='lat' dir='ltr'><strong>haec</strong></span> <span class='ocrx_word' id='word_1_451' title='bbox 2804 3344 3105 3401; x_wconf 88' lang='lat' dir='ltr'>intervallo</span> <span class='ocrx_word' id='word_1_452' title='bbox 3147 3348 3388 3406; x_wconf 90' lang='lat' dir='ltr'><strong>domina</strong></span> <span class='ocrx_word' id='word_1_453' title='bbox 3417 3352 3585 3407; x_wconf 87' lang='lat' dir='ltr'>Anna</span> <span class='ocrx_word' id='word_1_454' title='bbox 3614 3353 3704 3407; x_wconf 89' lang='lat' dir='ltr'>vi-</span> 
     </span>
    </p>
   </div>
   <div class='ocr_carea' id='block_1_63' title="bbox 290 3426 1940 3502">
    <p class='ocr_par' dir='ltr' id='par_1_63' title="bbox 290 3426 1940 3502">
     <span class='ocr_line' id='line_1_63' title="bbox 290 3426 1940 3502; baseline -0.004 -15"><span class='ocrx_word' id='word_1_455' title='bbox 290 3430 623 3502; x_wconf 88' lang='lat' dir='ltr'>abjunctoa</span> <span class='ocrx_word' id='word_1_456' title='bbox 653 3430 830 3485; x_wconf 90' lang='lat' dir='ltr'><strong>rebus</strong></span> <span class='ocrx_word' id='word_1_457' title='bbox 862 3427 1138 3483; x_wconf 89' lang='lat' dir='ltr'><strong>humanis</strong></span> <span class='ocrx_word' id='word_1_458' title='bbox 1183 3427 1350 3483; x_wconf 86' lang='lat' dir='ltr'><strong>facile</strong></span> <span class='ocrx_word' id='word_1_459' title='bbox 1401 3427 1802 3483; x_wconf 92' lang='lat' dir='ltr'>inducendum</span> <span class='ocrx_word' id='word_1_460' title='bbox 1860 3426 1940 3481; x_wconf 91' lang='lat' dir='ltr'><strong>vi-</strong></span> 
     </span>
    </p>
   </div>
   <div class='ocr_carea' id='block_1_64' title="bbox 289 3516 1941 3576">
    <p class='ocr_par' dir='ltr' id='par_1_64' title="bbox 289 3516 1941 3576">
     <span class='ocr_line' id='line_1_64' title="bbox 289 3516 1941 3576; baseline -0.004 0"><span class='ocrx_word' id='word_1_461' title='bbox 289 3521 412 3576; x_wconf 90' lang='lat' dir='ltr'>deri</span> <span class='ocrx_word' id='word_1_462' title='bbox 440 3537 511 3575; x_wconf 94' lang='lat' dir='ltr'>ne</span> <span class='ocrx_word' id='word_1_463' title='bbox 560 3519 933 3575; x_wconf 90' lang='lat' dir='ltr'><strong>rebellionem</strong></span> <span class='ocrx_word' id='word_1_464' title='bbox 993 3522 1051 3573; x_wconf 88' lang='lat' dir='ltr'>et</span> <span class='ocrx_word' id='word_1_465' title='bbox 1106 3516 1307 3572; x_wconf 88' lang='lat' dir='ltr'>civiles</span> <span class='ocrx_word' id='word_1_466' title='bbox 1366 3517 1571 3572; x_wconf 89' lang='lat' dir='ltr'>turbas</span> <span class='ocrx_word' id='word_1_467' title='bbox 1630 3520 1941 3573; x_wconf 86' lang='lat' dir='ltr'><strong>metueret.</strong></span> 
     </span>
    </p>
   </div>
   <div class='ocr_carea' id='block_1_65' title="bbox 287 3606 1941 3681">
    <p class='ocr_par' dir='ltr' id='par_1_65' title="bbox 287 3606 1941 3681">
     <span class='ocr_line' id='line_1_65' title="bbox 287 3606 1941 3681; baseline -0.002 -16"><span class='ocrx_word' id='word_1_468' title='bbox 287 3610 418 3665; x_wconf 73' lang='lat' dir='ltr'>Haec</span> <span class='ocrx_word' id='word_1_469' title='bbox 441 3626 651 3681; x_wconf 90' lang='lat' dir='ltr'><strong>parum</strong></span> <span class='ocrx_word' id='word_1_470' title='bbox 683 3609 922 3680; x_wconf 91' lang='lat' dir='ltr'><strong>quidem</strong></span> <span class='ocrx_word' id='word_1_471' title='bbox 955 3607 1025 3662; x_wconf 91' lang='lat' dir='ltr'>ad</span> <span class='ocrx_word' id='word_1_472' title='bbox 1050 3606 1606 3679; x_wconf 69' lang='lat' dir='ltr'><strong>geniumCotanitza:</strong></span> <span class='ocrx_word' id='word_1_473' title='bbox 1632 3606 1941 3662; x_wconf 82' lang='lat' dir='ltr'>faciebant:</span> 
     </span>
    </p>
   </div>
   <div class='ocr_carea' id='block_1_66' title="bbox 287 3694 1942 3767">
    <p class='ocr_par' dir='ltr' id='par_1_66' title="bbox 287 3694 1942 3767">
     <span class='ocr_line' id='line_1_66' title="bbox 287 3694 1942 3767; baseline -0.003 -13"><span class='ocrx_word' id='word_1_474' title='bbox 287 3703 486 3754; x_wconf 91' lang='lat' dir='ltr'><strong>tamen</strong></span> <span class='ocrx_word' id='word_1_475' title='bbox 519 3698 694 3753; x_wconf 80' lang='lat' dir='ltr'>homo</span> <span class='ocrx_word' id='word_1_476' title='bbox 722 3697 994 3753; x_wconf 89' lang='lat' dir='ltr'>solertior</span> <span class='ocrx_word' id='word_1_477' title='bbox 1019 3712 1196 3767; x_wconf 91' lang='lat' dir='ltr'><strong>quam</strong></span> <span class='ocrx_word' id='word_1_478' title='bbox 1249 3694 1578 3766; x_wconf 84' lang='lat' dir='ltr'><strong>religiosior</strong></span> <span class='ocrx_word' id='word_1_479' title='bbox 1636 3695 1942 3767; x_wconf 88' lang='lat' dir='ltr'><strong>ingressus</strong></span> 
     </span>
    </p>
   </div>
   <div class='ocr_carea' id='block_1_67' title="bbox 289 3784 1941 3855">
    <p class='ocr_par' dir='ltr' id='par_1_67' title="bbox 289 3784 1941 3855">
     <span class='ocr_line' id='line_1_67' title="bbox 289 3784 1941 3855; baseline -0.002 -13"><span class='ocrx_word' id='word_1_480' title='bbox 289 3788 499 3844; x_wconf 89' lang='lat' dir='ltr'>intime</span> <span class='ocrx_word' id='word_1_481' title='bbox 529 3788 590 3842; x_wconf 90' lang='lat' dir='ltr'>in</span> <span class='ocrx_word' id='word_1_482' title='bbox 613 3804 814 3842; x_wconf 87' lang='lat' dir='ltr'><strong>curam</strong></span> <span class='ocrx_word' id='word_1_483' title='bbox 848 3802 1043 3842; x_wconf 89' lang='lat' dir='ltr'><strong>rerum</strong></span> <span class='ocrx_word' id='word_1_484' title='bbox 1069 3801 1310 3839; x_wconf 89' lang='lat' dir='ltr'>suarum</span> <span class='ocrx_word' id='word_1_485' title='bbox 1332 3784 1415 3839; x_wconf 92' lang='lat' dir='ltr'>sic</span> <span class='ocrx_word' id='word_1_486' title='bbox 1440 3788 1710 3855; x_wconf 92' lang='lat' dir='ltr'>reputare</span> <span class='ocrx_word' id='word_1_487' title='bbox 1740 3800 1941 3839; x_wconf 87' lang='lat' dir='ltr'>secum</span> 
     </span>
    </p>
   </div>
   <div class='ocr_carea' id='block_1_68' title="bbox 289 3871 1943 3945">
    <p class='ocr_par' dir='ltr' id='par_1_68' title="bbox 289 3871 1943 3945">
     <span class='ocr_line' id='line_1_68' title="bbox 289 3871 1943 3945; baseline -0.002 -14"><span class='ocrx_word' id='word_1_488' title='bbox 289 3876 521 3945; x_wconf 85' lang='lat' dir='ltr'>institit,</span> <span class='ocrx_word' id='word_1_489' title='bbox 556 3876 711 3931; x_wconf 88' lang='lat' dir='ltr'><strong>istud</strong></span> <span class='ocrx_word' id='word_1_490' title='bbox 747 3875 856 3931; x_wconf 91' lang='lat' dir='ltr'>sibi</span> <span class='ocrx_word' id='word_1_491' title='bbox 890 3872 1075 3930; x_wconf 92' lang='lat' dir='ltr'><strong>amice</strong></span> <span class='ocrx_word' id='word_1_492' title='bbox 1106 3880 1447 3943; x_wconf 73' lang='lat' dir='ltr'><strong>suggestum</strong></span> <span class='ocrx_word' id='word_1_493' title='bbox 1482 3890 1515 3928; x_wconf 92' lang='lat' dir='ltr'><strong>a</strong></span> <span class='ocrx_word' id='word_1_494' title='bbox 1549 3871 1943 3944; x_wconf 76' lang='lat' dir='ltr'><strong>Porphyrege~</strong></span> 
     </span>
    </p>
   </div>
   <div class='ocr_carea' id='block_1_69' title="bbox 289 3960 1943 4034">
    <p class='ocr_par' dir='ltr' id='par_1_69' title="bbox 289 3960 1943 4034">
     <span class='ocr_line' id='line_1_69' title="bbox 289 3960 1943 4034; baseline -0.004 -13"><span class='ocrx_word' id='word_1_495' title='bbox 289 3966 412 4022; x_wconf 90' lang='lat' dir='ltr'>nito</span> <span class='ocrx_word' id='word_1_496' title='bbox 443 3964 757 4021; x_wconf 90' lang='lat' dir='ltr'>consilium</span> <span class='ocrx_word' id='word_1_497' title='bbox 795 3964 916 4020; x_wconf 90' lang='lat' dir='ltr'>fore</span> <span class='ocrx_word' id='word_1_498' title='bbox 956 3962 1038 4016; x_wconf 94' lang='lat' dir='ltr'><strong>ilii</strong></span> <span class='ocrx_word' id='word_1_499' title='bbox 1074 3964 1227 4034; x_wconf 90' lang='lat' dir='ltr'><strong>apud</strong></span> <span class='ocrx_word' id='word_1_500' title='bbox 1291 3978 1497 4017; x_wconf 89' lang='lat' dir='ltr'>omnes</span> <span class='ocrx_word' id='word_1_501' title='bbox 1549 3960 1943 4017; x_wconf 86' lang='lat' dir='ltr'>excusationis</span> 
     </span>
    </p>
   </div>
   <div class='ocr_carea' id='block_1_70' title="bbox 288 4049 1941 4125">
    <p class='ocr_par' dir='ltr' id='par_1_70' title="bbox 288 4049 1941 4125">
     <span class='ocr_line' id='line_1_70' title="bbox 288 4049 1941 4125; baseline -0.004 -14"><span class='ocrx_word' id='word_1_502' title='bbox 288 4056 511 4111; x_wconf 77' lang='lat' dir='ltr'>idoneae</span> <span class='ocrx_word' id='word_1_503' title='bbox 544 4055 690 4123; x_wconf 94' lang='lat' dir='ltr'>loco,</span> <span class='ocrx_word' id='word_1_504' title='bbox 726 4070 796 4110; x_wconf 90' lang='lat' dir='ltr'><strong>ne</strong></span> <span class='ocrx_word' id='word_1_505' title='bbox 829 4053 1083 4125; x_wconf 67' lang='lat' dir='ltr'>perfidia:</span> <span class='ocrx_word' id='word_1_506' title='bbox 1114 4052 1452 4124; x_wconf 88' lang='lat' dir='ltr'><strong>culparetur</strong></span> <span class='ocrx_word' id='word_1_507' title='bbox 1478 4052 1550 4106; x_wconf 96' lang='lat' dir='ltr'>ob</span> <span class='ocrx_word' id='word_1_508' title='bbox 1608 4049 1941 4107; x_wconf 61' lang='lat' dir='ltr'><strong>excaecatio-</strong></span> 
     </span>
    </p>
   </div>
   <div class='ocr_carea' id='block_1_71' title="bbox 291 4140 1947 4215">
    <p class='ocr_par' dir='ltr' id='par_1_71' title="bbox 291 4140 1947 4215">
     <span class='ocr_line' id='line_1_71' title="bbox 291 4140 1947 4215; baseline -0.004 -14"><span class='ocrx_word' id='word_1_509' title='bbox 291 4161 427 4201; x_wconf 91' lang='lat' dir='ltr'><strong>nem</strong></span> <span class='ocrx_word' id='word_1_510' title='bbox 460 4145 664 4215; x_wconf 86' lang='lat' dir='ltr'>dediti,</span> <span class='ocrx_word' id='word_1_511' title='bbox 689 4143 781 4200; x_wconf 93' lang='lat' dir='ltr'><strong>cui</strong></span> <span class='ocrx_word' id='word_1_512' title='bbox 814 4142 1034 4200; x_wconf 90' lang='lat' dir='ltr'>scilicet</span> <span class='ocrx_word' id='word_1_513' title='bbox 1061 4142 1391 4198; x_wconf 64' lang='lat' dir='ltr'>avertendae</span> <span class='ocrx_word' id='word_1_514' title='bbox 1454 4140 1597 4196; x_wconf 90' lang='lat' dir='ltr'>nihil</span> <span class='ocrx_word' id='word_1_515' title='bbox 1646 4141 1947 4197; x_wconf 91' lang='lat' dir='ltr'><strong>omisisset</strong></span> 
     </span>
    </p>
   </div>
   <div class='ocr_carea' id='block_1_72' title="bbox 290 4230 1946 4307">
    <p class='ocr_par' dir='ltr' id='par_1_72' title="bbox 290 4230 1946 4307">
     <span class='ocr_line' id='line_1_72' title="bbox 290 4230 1946 4307; baseline -0.004 -16"><span class='ocrx_word' id='word_1_516' title='bbox 290 4235 351 4291; x_wconf 90' lang='lat' dir='ltr'>in</span> <span class='ocrx_word' id='word_1_517' title='bbox 381 4238 673 4307; x_wconf 88' lang='lat' dir='ltr'>potestate</span> <span class='ocrx_word' id='word_1_518' title='bbox 706 4234 886 4291; x_wconf 89' lang='lat' dir='ltr'><strong>situm</strong></span> <span class='ocrx_word' id='word_1_519' title='bbox 920 4248 1030 4288; x_wconf 91' lang='lat' dir='ltr'>sua</span> <span class='ocrx_word' id='word_1_520' title='bbox 1065 4232 1214 4299; x_wconf 86' lang='lat' dir='ltr'>;sibi</span> <span class='ocrx_word' id='word_1_521' title='bbox 1238 4236 1432 4287; x_wconf 91' lang='lat' dir='ltr'><strong>autem</strong></span> <span class='ocrx_word' id='word_1_522' title='bbox 1459 4230 1580 4302; x_wconf 92' lang='lat' dir='ltr'>uni,</span> <span class='ocrx_word' id='word_1_523' title='bbox 1640 4232 1688 4286; x_wconf 91' lang='lat' dir='ltr'><strong>si</strong></span> <span class='ocrx_word' id='word_1_524' title='bbox 1743 4247 1946 4303; x_wconf 88' lang='lat' dir='ltr'>parere</span> 
     </span>
    </p>
   </div>
   <div class='ocr_carea' id='block_1_73' title="bbox 290 4319 1944 4391">
    <p class='ocr_par' dir='ltr' id='par_1_73' title="bbox 290 4319 1944 4391">
     <span class='ocr_line' id='line_1_73' title="bbox 290 4319 1944 4391; baseline -0.002 -14"><span class='ocrx_word' id='word_1_525' title='bbox 290 4321 576 4377; x_wconf 89' lang='lat' dir='ltr'><strong>salutaria</strong></span> <span class='ocrx_word' id='word_1_526' title='bbox 606 4321 864 4377; x_wconf 87' lang='lat' dir='ltr'>monenti</span> <span class='ocrx_word' id='word_1_527' title='bbox 896 4324 1185 4387; x_wconf 91' lang='lat' dir='ltr'><strong>renueret,</strong></span> <span class='ocrx_word' id='word_1_528' title='bbox 1220 4319 1613 4375; x_wconf 80' lang='lat' dir='ltr'><strong>calamitatem</strong></span> <span class='ocrx_word' id='word_1_529' title='bbox 1647 4319 1944 4391; x_wconf 90' lang='lat' dir='ltr'>imputan-</span> 
     </span>
    </p>
   </div>
   <div class='ocr_carea' id='block_1_74' title="bbox 290 4409 1943 4478">
    <p class='ocr_par' dir='ltr' id='par_1_74' title="bbox 290 4409 1943 4478">
     <span class='ocr_line' id='line_1_74' title="bbox 290 4409 1943 4478; baseline -0.002 -10"><span class='ocrx_word' id='word_1_530' title='bbox 290 4413 425 4468; x_wconf 81' lang='lat' dir='ltr'>dam</span> <span class='ocrx_word' id='word_1_531' title='bbox 459 4429 651 4468; x_wconf 90' lang='lat' dir='ltr'><strong>suam.</strong></span> <span class='ocrx_word' id='word_1_532' title='bbox 687 4415 876 4478; x_wconf 86' lang='lat' dir='ltr'><strong>Quare</strong></span> <span class='ocrx_word' id='word_1_533' title='bbox 907 4411 1059 4466; x_wconf 75' lang='lat'><strong>499</strong></span> <span class='ocrx_word' id='word_1_534' title='bbox 1093 4426 1224 4465; x_wconf 92' lang='lat' dir='ltr'><strong>cum</strong></span> <span class='ocrx_word' id='word_1_535' title='bbox 1274 4426 1522 4465; x_wconf 75' lang='lat' dir='ltr'>summae</span> <span class='ocrx_word' id='word_1_536' title='bbox 1564 4409 1643 4465; x_wconf 91' lang='lat' dir='ltr'><strong>rei</strong></span> <span class='ocrx_word' id='word_1_537' title='bbox 1704 4409 1943 4466; x_wconf 85' lang='lat' dir='ltr'>rationi-</span> 
     </span>
    </p>
   </div>
   <div class='ocr_carea' id='block_1_75' title="bbox 290 4499 1943 4571">
    <p class='ocr_par' dir='ltr' id='par_1_75' title="bbox 290 4499 1943 4571">
     <span class='ocr_line' id='line_1_75' title="bbox 290 4499 1943 4571; baseline -0.002 -14"><span class='ocrx_word' id='word_1_538' title='bbox 290 4503 401 4557; x_wconf 88' lang='lat' dir='ltr'>bus</span> <span class='ocrx_word' id='word_1_539' title='bbox 431 4502 739 4558; x_wconf 88' lang='lat' dir='ltr'><strong>subductis</strong></span> <span class='ocrx_word' id='word_1_540' title='bbox 768 4518 883 4556; x_wconf 92' lang='lat' dir='ltr'>non</span> <span class='ocrx_word' id='word_1_541' title='bbox 912 4499 1027 4555; x_wconf 89' lang='lat' dir='ltr'><strong>alia</strong></span> <span class='ocrx_word' id='word_1_542' title='bbox 1057 4499 1270 4555; x_wconf 88' lang='lat' dir='ltr'><strong>certior</strong></span> <span class='ocrx_word' id='word_1_543' title='bbox 1299 4504 1605 4571; x_wconf 85' lang='lat' dir='ltr'><strong>appareret</strong></span> <span class='ocrx_word' id='word_1_544' title='bbox 1634 4500 1726 4554; x_wconf 89' lang='lat' dir='ltr'>via</span> <span class='ocrx_word' id='word_1_545' title='bbox 1760 4499 1943 4555; x_wconf 84' lang='lat' dir='ltr'>decli-</span> 
     </span>
    </p>
   </div>
   <div class='ocr_carea' id='block_1_76' title="bbox 291 4588 1942 4663">
    <p class='ocr_par' dir='ltr' id='par_1_76' title="bbox 291 4588 1942 4663">
     <span class='ocr_line' id='line_1_76' title="bbox 291 4588 1942 4663; baseline -0.002 -16"><span class='ocrx_word' id='word_1_546' title='bbox 291 4593 498 4647; x_wconf 74' lang='lat' dir='ltr'>nandze</span> <span class='ocrx_word' id='word_1_547' title='bbox 532 4591 715 4663; x_wconf 89' lang='lat' dir='ltr'>pestis</span> <span class='ocrx_word' id='word_1_548' title='bbox 746 4591 875 4662; x_wconf 89' lang='lat' dir='ltr'><strong>ejus</strong></span> <span class='ocrx_word' id='word_1_549' title='bbox 907 4588 1154 4659; x_wconf 73' lang='lat' dir='ltr'>geminae</span> <span class='ocrx_word' id='word_1_550' title='bbox 1204 4604 1331 4658; x_wconf 73' lang='lat' dir='ltr'>quin</span> <span class='ocrx_word' id='word_1_551' title='bbox 1370 4588 1659 4644; x_wconf 82' lang='lat' dir='ltr'>Joannem</span> <span class='ocrx_word' id='word_1_552' title='bbox 1688 4589 1942 4644; x_wconf 91' lang='lat' dir='ltr'><strong>Tornicii</strong></span> 
     </span>
    </p>
   </div>
   <div class='ocr_carea' id='block_1_77' title="bbox 2055 3428 3703 3511">
    <p class='ocr_par' dir='ltr' id='par_1_77' title="bbox 2055 3428 3703 3511">
     <span class='ocr_line' id='line_1_77' title="bbox 2055 3428 3703 3511; baseline 0.009 -30"><span class='ocrx_word' id='word_1_553' title='bbox 2055 3430 2127 3482; x_wconf 70' lang='lat' dir='ltr'>tae</span> <span class='ocrx_word' id='word_1_554' title='bbox 2162 3428 2335 3483; x_wconf 82' lang='lat' dir='ltr'><strong>ﬁnem</strong></span> <span class='ocrx_word' id='word_1_555' title='bbox 2362 3429 2583 3485; x_wconf 91' lang='lat' dir='ltr'>invenit</span> <span class='ocrx_word' id='word_1_556' title='bbox 2632 3430 2749 3486; x_wconf 91' lang='lat' dir='ltr'><strong>illic</strong></span> <span class='ocrx_word' id='word_1_557' title='bbox 2803 3432 2902 3487; x_wconf 91' lang='lat' dir='ltr'>ubi</span> <span class='ocrx_word' id='word_1_558' title='bbox 2947 3450 3076 3490; x_wconf 91' lang='lat' dir='ltr'>eam</span> <span class='ocrx_word' id='word_1_559' title='bbox 3131 3436 3372 3494; x_wconf 59' lang='lat' dir='ltr'>hwsisse</span> <span class='ocrx_word' id='word_1_560' title='bbox 3419 3439 3703 3511; x_wconf 82' lang='lat' dir='ltr'>diximus,</span> 
     </span>
    </p>
   </div>
   <div class='ocr_carea' id='block_1_78' title="bbox 2055 3517 3703 3584">
    <p class='ocr_par' dir='ltr' id='par_1_78' title="bbox 2055 3517 3703 3584">
     <span class='ocr_line' id='line_1_78' title="bbox 2055 3517 3703 3584; baseline 0.008 -14"><span class='ocrx_word' id='word_1_561' title='bbox 2055 3517 2177 3572; x_wconf 92' lang='lat' dir='ltr'>viro</span> <span class='ocrx_word' id='word_1_562' title='bbox 2206 3533 2272 3573; x_wconf 85' lang='lat' dir='ltr'>ex</span> <span class='ocrx_word' id='word_1_563' title='bbox 2306 3517 2546 3574; x_wconf 90' lang='lat' dir='ltr'><strong>Oriente</strong></span> <span class='ocrx_word' id='word_1_564' title='bbox 2579 3536 2807 3576; x_wconf 91' lang='lat' dir='ltr'>reverso</span> <span class='ocrx_word' id='word_1_565' title='bbox 2840 3522 2898 3577; x_wconf 92' lang='lat' dir='ltr'>in</span> <span class='ocrx_word' id='word_1_566' title='bbox 2931 3523 3155 3579; x_wconf 93' lang='lat' dir='ltr'><strong>urbem.</strong></span> <span class='ocrx_word' id='word_1_567' title='bbox 3218 3526 3483 3584; x_wconf 87' lang='lat' dir='ltr'>Perlatns</span> <span class='ocrx_word' id='word_1_568' title='bbox 3544 3529 3703 3584; x_wconf 92' lang='lat' dir='ltr'>brevi</span> 
     </span>
    </p>
   </div>
   <div class='ocr_carea' id='block_1_79' title="bbox 2057 3606 3698 3687">
    <p class='ocr_par' dir='ltr' id='par_1_79' title="bbox 2057 3606 3698 3687">
     <span class='ocr_line' id='line_1_79' title="bbox 2057 3606 3698 3687; baseline 0.009 -27"><span class='ocrx_word' id='word_1_569' title='bbox 2057 3607 2126 3661; x_wconf 90' lang='lat' dir='ltr'>ad</span> <span class='ocrx_word' id='word_1_570' title='bbox 2164 3606 2577 3673; x_wconf 78' lang='lat' dir='ltr'><strong>imperatorem</strong></span> <span class='ocrx_word' id='word_1_571' title='bbox 2594 3614 2683 3664; x_wconf 92' lang='lat' dir='ltr'><strong>est</strong></span> <span class='ocrx_word' id='word_1_572' title='bbox 2712 3611 2840 3681; x_wconf 88' lang='lat' dir='ltr'>ejus</span> <span class='ocrx_word' id='word_1_573' title='bbox 2855 3613 3045 3667; x_wconf 90' lang='lat' dir='ltr'><strong>acerbi</strong></span> <span class='ocrx_word' id='word_1_574' title='bbox 3061 3629 3235 3670; x_wconf 84' lang='lat' dir='ltr'>casus</span> <span class='ocrx_word' id='word_1_575' title='bbox 3250 3617 3698 3687; x_wconf 90' lang='lat' dir='ltr'><strong>nuntius,quem</strong></span> 
     </span>
    </p>
   </div>
   <div class='ocr_carea' id='block_1_80' title="bbox 2058 3694 3706 3773">
    <p class='ocr_par' dir='ltr' id='par_1_80' title="bbox 2058 3694 3706 3773">
     <span class='ocr_line' id='line_1_80' title="bbox 2058 3694 3706 3773; baseline 0.009 -25"><span class='ocrx_word' id='word_1_576' title='bbox 2058 3694 2109 3749; x_wconf 91' lang='lat' dir='ltr'>is</span> <span class='ocrx_word' id='word_1_577' title='bbox 2132 3711 2486 3767; x_wconf 85' lang='lat' dir='ltr'><strong>magnopere</strong></span> <span class='ocrx_word' id='word_1_578' title='bbox 2520 3697 2722 3754; x_wconf 90' lang='lat' dir='ltr'>haberi</span> <span class='ocrx_word' id='word_1_579' title='bbox 2766 3701 2995 3756; x_wconf 89' lang='lat' dir='ltr'><strong>studuit</strong></span> <span class='ocrx_word' id='word_1_580' title='bbox 3052 3719 3357 3773; x_wconf 89' lang='lat' dir='ltr'>arcanum,</span> <span class='ocrx_word' id='word_1_581' title='bbox 3410 3722 3481 3761; x_wconf 89' lang='lat' dir='ltr'>ne</span> <span class='ocrx_word' id='word_1_582' title='bbox 3529 3706 3706 3763; x_wconf 89' lang='lat' dir='ltr'>citius</span> 
     </span>
    </p>
   </div>
   <div class='ocr_carea' id='block_1_81' title="bbox 2057 3789 3707 3856">
    <p class='ocr_par' dir='ltr' id='par_1_81' title="bbox 2057 3789 3707 3856">
     <span class='ocr_line' id='line_1_81' title="bbox 2057 3789 3707 3856; baseline 0.008 -18"><span class='ocrx_word' id='word_1_583' title='bbox 2057 3799 2238 3854; x_wconf 91' lang='lat' dir='ltr'><strong>quam</strong></span> <span class='ocrx_word' id='word_1_584' title='bbox 2267 3801 2416 3856; x_wconf 91' lang='lat' dir='ltr'>opus</span> <span class='ocrx_word' id='word_1_585' title='bbox 2444 3792 2602 3841; x_wconf 91' lang='lat' dir='ltr'>esset</span> <span class='ocrx_word' id='word_1_586' title='bbox 2634 3789 2960 3855; x_wconf 79' lang='lat' dir='ltr'>perveniret</span> <span class='ocrx_word' id='word_1_587' title='bbox 2992 3792 3061 3845; x_wconf 89' lang='lat' dir='ltr'>ad</span> <span class='ocrx_word' id='word_1_588' title='bbox 3114 3793 3385 3849; x_wconf 86' lang='lat' dir='ltr'>notitiam</span> <span class='ocrx_word' id='word_1_589' title='bbox 3442 3795 3707 3852; x_wconf 87' lang='lat' dir='ltr'><strong>Junioris</strong></span> 
     </span>
    </p>
   </div>
   <div class='ocr_carea' id='block_1_82' title="bbox 2058 3873 3710 3943">
    <p class='ocr_par' dir='ltr' id='par_1_82' title="bbox 2058 3873 3710 3943">
     <span class='ocr_line' id='line_1_82' title="bbox 2058 3873 3710 3943; baseline 0.01 -19"><span class='ocrx_word' id='word_1_590' title='bbox 2058 3874 2325 3943; x_wconf 81' lang='lat' dir='ltr'>Augusti,</span> <span class='ocrx_word' id='word_1_591' title='bbox 2355 3873 2456 3927; x_wconf 91' lang='lat' dir='ltr'>tali</span> <span class='ocrx_word' id='word_1_592' title='bbox 2493 3880 2677 3929; x_wconf 85' lang='lat' dir='ltr'>morte</span> <span class='ocrx_word' id='word_1_593' title='bbox 2710 3876 3060 3934; x_wconf 91' lang='lat' dir='ltr'><strong>charissima</strong></span> <span class='ocrx_word' id='word_1_594' title='bbox 3092 3897 3268 3937; x_wconf 87' lang='lat' dir='ltr'><strong>uxore</strong></span> <span class='ocrx_word' id='word_1_595' title='bbox 3299 3883 3710 3940; x_wconf 86' lang='lat' dir='ltr'>viduati.Misit</span> 
     </span>
    </p>
   </div>
   <div class='ocr_carea' id='block_1_83' title="bbox 2053 3963 3707 4042">
    <p class='ocr_par' dir='ltr' id='par_1_83' title="bbox 2053 3963 3707 4042">
     <span class='ocr_line' id='line_1_83' title="bbox 2053 3963 3707 4042; baseline 0.01 -28"><span class='ocrx_word' id='word_1_596' title='bbox 2053 3976 2190 4031; x_wconf 83' lang='lat' dir='ltr'><strong>ergo</strong></span> <span class='ocrx_word' id='word_1_597' title='bbox 2222 3963 2529 4017; x_wconf 87' lang='lat' dir='ltr'>confestim</span> <span class='ocrx_word' id='word_1_598' title='bbox 2559 3964 2614 4017; x_wconf 93' lang='lat' dir='ltr'><strong>in</strong></span> <span class='ocrx_word' id='word_1_599' title='bbox 2649 3963 2961 4036; x_wconf 89' lang='lat' dir='ltr'>Orientem,</span> <span class='ocrx_word' id='word_1_600' title='bbox 3003 3968 3192 4025; x_wconf 85' lang='lat' dir='ltr'>celata</span> <span class='ocrx_word' id='word_1_601' title='bbox 3235 3970 3545 4042; x_wconf 89' lang='lat' dir='ltr'><strong>diligenler</strong></span> <span class='ocrx_word' id='word_1_602' title='bbox 3567 3974 3707 4030; x_wconf 88' lang='lat' dir='ltr'>mit-</span> 
     </span>
    </p>
   </div>
   <div class='ocr_carea' id='block_1_84' title="bbox 2053 4050 3707 4132">
    <p class='ocr_par' dir='ltr' id='par_1_84' title="bbox 2053 4050 3707 4132">
     <span class='ocr_line' id='line_1_84' title="bbox 2053 4050 3707 4132; baseline 0.007 -28"><span class='ocrx_word' id='word_1_603' title='bbox 2053 4050 2236 4120; x_wconf 92' lang='lat' dir='ltr'>tendi,</span> <span class='ocrx_word' id='word_1_604' title='bbox 2261 4051 2858 4118; x_wconf 84' lang='lat' dir='ltr'><strong>causa,Melitenioten</strong></span> <span class='ocrx_word' id='word_1_605' title='bbox 2882 4055 3332 4113; x_wconf 85' lang='lat' dir='ltr'><strong>Constantinum</strong></span> <span class='ocrx_word' id='word_1_606' title='bbox 3366 4076 3539 4115; x_wconf 89' lang='lat' dir='ltr'>suum</span> <span class='ocrx_word' id='word_1_607' title='bbox 3569 4062 3707 4132; x_wconf 92' lang='lat' dir='ltr'>qui-</span> 
     </span>
    </p>
   </div>
   <div class='ocr_carea' id='block_1_85' title="bbox 2055 4139 3703 4214">
    <p class='ocr_par' dir='ltr' id='par_1_85' title="bbox 2055 4139 3703 4214">
     <span class='ocr_line' id='line_1_85' title="bbox 2055 4139 3703 4214; baseline 0.006 -19"><span class='ocrx_word' id='word_1_608' title='bbox 2055 4141 2212 4207; x_wconf 91' lang='lat' dir='ltr'>dem,</span> <span class='ocrx_word' id='word_1_609' title='bbox 2250 4139 2358 4195; x_wconf 91' lang='lat' dir='ltr'>boc</span> <span class='ocrx_word' id='word_1_610' title='bbox 2388 4146 2476 4195; x_wconf 92' lang='lat' dir='ltr'>est</span> <span class='ocrx_word' id='word_1_611' title='bbox 2507 4140 2751 4212; x_wconf 89' lang='lat' dir='ltr'><strong>palatini</strong></span> <span class='ocrx_word' id='word_1_612' title='bbox 2784 4142 2947 4207; x_wconf 91' lang='lat' dir='ltr'><strong>cleri,</strong></span> <span class='ocrx_word' id='word_1_613' title='bbox 2978 4145 3470 4214; x_wconf 84' lang='lat' dir='ltr'>archidiaconum,</span> <span class='ocrx_word' id='word_1_614' title='bbox 3522 4151 3703 4205; x_wconf 88' lang='lat' dir='ltr'>eccle-</span> 
     </span>
    </p>
   </div>
   <div class='ocr_carea' id='block_1_86' title="bbox 2054 4229 3706 4310">
    <p class='ocr_par' dir='ltr' id='par_1_86' title="bbox 2054 4229 3706 4310">
     <span class='ocr_line' id='line_1_86' title="bbox 2054 4229 3706 4310; baseline 0.006 -26"><span class='ocrx_word' id='word_1_615' title='bbox 2054 4229 2153 4284; x_wconf 67' lang='lat' dir='ltr'><strong>size</strong></span> <span class='ocrx_word' id='word_1_616' title='bbox 2185 4246 2318 4285; x_wconf 91' lang='lat' dir='ltr'>vero</span> <span class='ocrx_word' id='word_1_617' title='bbox 2340 4229 2875 4303; x_wconf 83' lang='lat' dir='ltr'><strong>chartopbylacem,</strong></span> <span class='ocrx_word' id='word_1_618' title='bbox 2909 4237 2971 4287; x_wconf 93' lang='lat' dir='ltr'><strong>ut</strong></span> <span class='ocrx_word' id='word_1_619' title='bbox 2996 4234 3240 4289; x_wconf 87' lang='lat' dir='ltr'><strong>cadaver</strong></span> <span class='ocrx_word' id='word_1_620' title='bbox 3268 4236 3554 4292; x_wconf 69' lang='lat' dir='ltr'>defunctae</span> <span class='ocrx_word' id='word_1_621' title='bbox 3573 4255 3706 4310; x_wconf 89' lang='lat' dir='ltr'>por-</span> 
     </span>
    </p>
   </div>
   <div class='ocr_carea' id='block_1_87' title="bbox 2054 4319 3707 4382">
    <p class='ocr_par' dir='ltr' id='par_1_87' title="bbox 2054 4319 3707 4382">
     <span class='ocr_line' id='line_1_87' title="bbox 2054 4319 3707 4382; baseline 0.005 -9"><span class='ocrx_word' id='word_1_622' title='bbox 2054 4319 2168 4374; x_wconf 91' lang='lat' dir='ltr'>tari</span> <span class='ocrx_word' id='word_1_623' title='bbox 2201 4319 2272 4374; x_wconf 92' lang='lat' dir='ltr'>de</span> <span class='ocrx_word' id='word_1_624' title='bbox 2304 4336 2465 4375; x_wconf 91' lang='lat' dir='ltr'>more</span> <span class='ocrx_word' id='word_1_625' title='bbox 2496 4320 2747 4375; x_wconf 75' lang='lat' dir='ltr'><strong>Nicaeam</strong></span> <span class='ocrx_word' id='word_1_626' title='bbox 2778 4326 3028 4376; x_wconf 89' lang='lat' dir='ltr'><strong>curaret.</strong></span> <span class='ocrx_word' id='word_1_627' title='bbox 3073 4322 3261 4378; x_wconf 91' lang='lat' dir='ltr'><strong>Simul</strong></span> <span class='ocrx_word' id='word_1_628' title='bbox 3308 4325 3486 4381; x_wconf 91' lang='lat' dir='ltr'>etiam</span> <span class='ocrx_word' id='word_1_629' title='bbox 3537 4343 3707 4382; x_wconf 87' lang='lat' dir='ltr'><strong>occa-</strong></span> 
     </span>
    </p>
   </div>
   <div class='ocr_carea' id='block_1_88' title="bbox 2055 4410 3705 4485">
    <p class='ocr_par' dir='ltr' id='par_1_88' title="bbox 2055 4410 3705 4485">
     <span class='ocr_line' id='line_1_88' title="bbox 2055 4410 3705 4485; baseline 0.005 -20"><span class='ocrx_word' id='word_1_630' title='bbox 2055 4410 2281 4466; x_wconf 90' lang='lat' dir='ltr'>sionem</span> <span class='ocrx_word' id='word_1_631' title='bbox 2314 4428 2377 4467; x_wconf 82' lang='lat' dir='ltr'><strong>se</strong></span> <span class='ocrx_word' id='word_1_632' title='bbox 2416 4413 2792 4466; x_wconf 87' lang='lat' dir='ltr'><strong>commodum</strong></span> <span class='ocrx_word' id='word_1_633' title='bbox 2827 4414 3167 4469; x_wconf 70' lang='lat' dir='ltr'>oﬂ‘erentem</span> <span class='ocrx_word' id='word_1_634' title='bbox 3205 4416 3522 4485; x_wconf 87' lang='lat' dir='ltr'>prudenter</span> <span class='ocrx_word' id='word_1_635' title='bbox 3549 4419 3705 4474; x_wconf 78' lang='lat'><strong>500</strong></span> 
     </span>
    </p>
   </div>
   <div class='ocr_carea' id='block_1_89' title="bbox 2054 4502 3702 4579">
    <p class='ocr_par' dir='ltr' id='par_1_89' title="bbox 2054 4502 3702 4579">
     <span class='ocr_line' id='line_1_89' title="bbox 2054 4502 3702 4579; baseline 0.005 -23"><span class='ocrx_word' id='word_1_636' title='bbox 2054 4502 2305 4573; x_wconf 89' lang='lat' dir='ltr'><strong>arripuit</strong></span> <span class='ocrx_word' id='word_1_637' title='bbox 2327 4502 2625 4574; x_wconf 85' lang='lat' dir='ltr'><strong>redigendi</strong></span> <span class='ocrx_word' id='word_1_638' title='bbox 2658 4502 2726 4557; x_wconf 92' lang='lat' dir='ltr'>ad</span> <span class='ocrx_word' id='word_1_639' title='bbox 2748 4504 3189 4560; x_wconf 81' lang='lat' dir='ltr'>convenientem</span> <span class='ocrx_word' id='word_1_640' title='bbox 3223 4507 3500 4579; x_wconf 86' lang='lat' dir='ltr'><strong>deinceps</strong></span> <span class='ocrx_word' id='word_1_641' title='bbox 3530 4525 3702 4564; x_wconf 87' lang='lat' dir='ltr'><strong>orna-</strong></span> 
     </span>
    </p>
   </div>
   <div class='ocr_carea' id='block_1_90' title="bbox 2057 4590 3700 4666">
    <p class='ocr_par' dir='ltr' id='par_1_90' title="bbox 2057 4590 3700 4666">
     <span class='ocr_line' id='line_1_90' title="bbox 2057 4590 3700 4666; baseline 0.004 -21"><span class='ocrx_word' id='word_1_642' title='bbox 2057 4594 2184 4645; x_wconf 91' lang='lat' dir='ltr'>tum</span> <span class='ocrx_word' id='word_1_643' title='bbox 2218 4590 2700 4664; x_wconf 83' lang='lat' dir='ltr'>Porphyrogeniti</span> <span class='ocrx_word' id='word_1_644' title='bbox 2736 4592 3105 4649; x_wconf 87' lang='lat' dir='ltr'>Constantini</span> <span class='ocrx_word' id='word_1_645' title='bbox 3143 4596 3390 4651; x_wconf 87' lang='lat' dir='ltr'>minoris</span> <span class='ocrx_word' id='word_1_646' title='bbox 3422 4597 3511 4652; x_wconf 89' lang='lat' dir='ltr'><strong>sui</strong></span> <span class='ocrx_word' id='word_1_647' title='bbox 3547 4598 3651 4651; x_wconf 83' lang='lat' dir='ltr'>{ilii</span> <span class='ocrx_word' id='word_1_648' title='bbox 3686 4618 3700 4666; x_wconf 89' lang='lat'><strong>;</strong></span> 
     </span>
    </p>
   </div>
   <div class='ocr_carea' id='block_1_91' title="bbox 285 4674 3704 4753">
    <p class='ocr_par' dir='ltr' id='par_1_91' title="bbox 285 4674 3704 4753">
     <span class='ocr_line' id='line_1_91' title="bbox 285 4674 3704 4753; baseline 0.001 -17"><span class='ocrx_word' id='word_1_649' title='bbox 285 4697 571 4753; x_wconf 91' lang='lat' dir='ltr'><strong>generum</strong></span> <span class='ocrx_word' id='word_1_650' title='bbox 610 4698 797 4752; x_wconf 91' lang='lat' dir='ltr'><strong>nuper</strong></span> <span class='ocrx_word' id='word_1_651' title='bbox 828 4683 1225 4750; x_wconf 82' lang='lat' dir='ltr'>Oppresserat,</span> <span class='ocrx_word' id='word_1_652' title='bbox 1259 4681 1515 4733; x_wconf 79' lang='lat' dir='ltr'>mentem</span> <span class='ocrx_word' id='word_1_653' title='bbox 1548 4678 1617 4732; x_wconf 91' lang='lat' dir='ltr'>ad</span> <span class='ocrx_word' id='word_1_654' title='bbox 1680 4695 1942 4734; x_wconf 89' lang='lat' dir='ltr'>necessa-</span> <span class='ocrx_word' id='word_1_655' title='bbox 1970 4674 2018 4740; x_wconf 91' lang='lat' dir='ltr'><strong>D</strong></span> <span class='ocrx_word' id='word_1_656' title='bbox 2050 4681 2140 4734; x_wconf 91' lang='lat' dir='ltr'><strong>cui</strong></span> <span class='ocrx_word' id='word_1_657' title='bbox 2177 4681 2331 4751; x_wconf 90' lang='lat' dir='ltr'><strong>quod</strong></span> <span class='ocrx_word' id='word_1_658' title='bbox 2357 4679 2643 4735; x_wconf 88' lang='lat' dir='ltr'>hactenus</span> <span class='ocrx_word' id='word_1_659' title='bbox 2676 4680 3028 4749; x_wconf 78' lang='lat' dir='ltr'><strong>indulserat,</strong></span> <span class='ocrx_word' id='word_1_660' title='bbox 3075 4689 3141 4738; x_wconf 94' lang='lat' dir='ltr'>ut</span> <span class='ocrx_word' id='word_1_661' title='bbox 3190 4685 3384 4740; x_wconf 89' lang='lat' dir='ltr'>rubris</span> <span class='ocrx_word' id='word_1_662' title='bbox 3442 4687 3704 4742; x_wconf 89' lang='lat' dir='ltr'>vestibus</span> 
     </span>
    </p>
   </div>
   <div class='ocr_carea' id='block_1_92' title="bbox 291 4765 1943 4840">
    <p class='ocr_par' dir='ltr' id='par_1_92' title="bbox 291 4765 1943 4840">
     <span class='ocr_line' id='line_1_92' title="bbox 291 4765 1943 4840; baseline -0.001 -16"><span class='ocrx_word' id='word_1_663' title='bbox 291 4770 445 4825; x_wconf 92' lang='lat' dir='ltr'>rium</span> <span class='ocrx_word' id='word_1_664' title='bbox 494 4770 809 4826; x_wconf 85' lang='lat' dir='ltr'>consilium</span> <span class='ocrx_word' id='word_1_665' title='bbox 867 4768 1170 4840; x_wconf 86' lang='lat' dir='ltr'><strong>appelens,</strong></span> <span class='ocrx_word' id='word_1_666' title='bbox 1229 4765 1358 4838; x_wconf 83' lang='lat' dir='ltr'>ipso</span> <span class='ocrx_word' id='word_1_667' title='bbox 1445 4767 1943 4840; x_wconf 84' lang='lat' dir='ltr'><strong>Porphyrogenito</strong></span> 
     </span>
    </p>
   </div>
   <div class='ocr_carea' id='block_1_93' title="bbox 291 4855 1943 4932">
    <p class='ocr_par' dir='ltr' id='par_1_93' title="bbox 291 4855 1943 4932">
     <span class='ocr_line' id='line_1_93' title="bbox 291 4855 1943 4932; baseline -0.002 -19"><span class='ocrx_word' id='word_1_668' title='bbox 291 4858 611 4932; x_wconf 88' lang='lat' dir='ltr'><strong>interprete</strong></span> <span class='ocrx_word' id='word_1_669' title='bbox 633 4859 864 4914; x_wconf 88' lang='lat' dir='ltr'>veniam</span> <span class='ocrx_word' id='word_1_670' title='bbox 920 4858 992 4913; x_wconf 91' lang='lat' dir='ltr'><strong>ab</strong></span> <span class='ocrx_word' id='word_1_671' title='bbox 1036 4858 1303 4927; x_wconf 89' lang='lat' dir='ltr'><strong>Augusto</strong></span> <span class='ocrx_word' id='word_1_672' title='bbox 1362 4855 1612 4911; x_wconf 88' lang='lat' dir='ltr'><strong>abstulit</strong></span> <span class='ocrx_word' id='word_1_673' title='bbox 1661 4857 1943 4927; x_wconf 91' lang='lat' dir='ltr'><strong>sequendi</strong></span> 
     </span>
    </p>
   </div>
   <div class='ocr_carea' id='block_1_94' title="bbox 290 4944 1944 5020">
    <p class='ocr_par' dir='ltr' id='par_1_94' title="bbox 290 4944 1944 5020">
     <span class='ocr_line' id='line_1_94' title="bbox 290 4944 1944 5020; baseline -0.002 -15"><span class='ocrx_word' id='word_1_674' title='bbox 290 4950 447 5020; x_wconf 91' lang='lat' dir='ltr'><strong>quod</strong></span> <span class='ocrx_word' id='word_1_675' title='bbox 474 4949 915 5005; x_wconf 91' lang='lat' dir='ltr'>ostendebatur.</span> <span class='ocrx_word' id='word_1_676' title='bbox 949 4951 1213 5016; x_wconf 89' lang='lat' dir='ltr'><strong>Cumque</strong></span> <span class='ocrx_word' id='word_1_677' title='bbox 1236 4945 1480 5016; x_wconf 90' lang='lat' dir='ltr'><strong>petitum</strong></span> <span class='ocrx_word' id='word_1_678' title='bbox 1510 4945 1581 4999; x_wconf 91' lang='lat' dir='ltr'>ab</span> <span class='ocrx_word' id='word_1_679' title='bbox 1609 4944 1738 5017; x_wconf 88' lang='lat' dir='ltr'>ipso</span> <span class='ocrx_word' id='word_1_680' title='bbox 1787 4950 1944 5001; x_wconf 88' lang='lat' dir='ltr'><strong>esset</strong></span> 
     </span>
    </p>
   </div>
   <div class='ocr_carea' id='block_1_95' title="bbox 292 5033 1945 5110">
    <p class='ocr_par' dir='ltr' id='par_1_95' title="bbox 292 5033 1945 5110">
     <span class='ocr_line' id='line_1_95' title="bbox 292 5033 1945 5110; baseline -0.001 -18"><span class='ocrx_word' id='word_1_681' title='bbox 292 5043 357 5093; x_wconf 93' lang='lat' dir='ltr'><strong>ut</strong></span> <span class='ocrx_word' id='word_1_682' title='bbox 386 5038 582 5110; x_wconf 89' lang='lat' dir='ltr'><strong>ipsum</strong></span> <span class='ocrx_word' id='word_1_683' title='bbox 611 5038 879 5093; x_wconf 87' lang='lat' dir='ltr'><strong>habitum</strong></span> <span class='ocrx_word' id='word_1_684' title='bbox 915 5034 1300 5108; x_wconf 88' lang='lat' dir='ltr'>professionis</span> <span class='ocrx_word' id='word_1_685' title='bbox 1346 5033 1474 5088; x_wconf 72' lang='lat' dir='ltr'>vitae</span> <span class='ocrx_word' id='word_1_686' title='bbox 1535 5034 1800 5104; x_wconf 80' lang='lat' dir='ltr'>perfectas</span> <span class='ocrx_word' id='word_1_687' title='bbox 1860 5035 1945 5091; x_wconf 86' lang='lat' dir='ltr'><strong>in-</strong></span> 
     </span>
    </p>
   </div>
   <div class='ocr_carea' id='block_1_96' title="bbox 289 5124 1942 5194">
    <p class='ocr_par' dir='ltr' id='par_1_96' title="bbox 289 5124 1942 5194">
     <span class='ocr_line' id='line_1_96' title="bbox 289 5124 1942 5194; baseline -0.003 -10"><span class='ocrx_word' id='word_1_688' title='bbox 289 5128 481 5184; x_wconf 88' lang='lat' dir='ltr'><strong>dicem</strong></span> <span class='ocrx_word' id='word_1_689' title='bbox 508 5131 788 5194; x_wconf 88' lang='lat' dir='ltr'>sumeret,</span> <span class='ocrx_word' id='word_1_690' title='bbox 826 5124 1026 5180; x_wconf 89' lang='lat' dir='ltr'>statim</span> <span class='ocrx_word' id='word_1_691' title='bbox 1060 5124 1288 5194; x_wconf 85' lang='lat' dir='ltr'>annuit,</span> <span class='ocrx_word' id='word_1_692' title='bbox 1312 5127 1369 5178; x_wconf 87' lang='lat' dir='ltr'>et</span> <span class='ocrx_word' id='word_1_693' title='bbox 1398 5124 1621 5179; x_wconf 92' lang='lat' dir='ltr'>mundo</span> <span class='ocrx_word' id='word_1_694' title='bbox 1670 5125 1799 5180; x_wconf 87' lang='lat' dir='ltr'>vale</span> <span class='ocrx_word' id='word_1_695' title='bbox 1854 5125 1942 5179; x_wconf 91' lang='lat' dir='ltr'><strong>di-</strong></span> 
     </span>
    </p>
   </div>
   <div class='ocr_carea' id='block_1_97' title="bbox 288 5212 1943 5284">
    <p class='ocr_par' dir='ltr' id='par_1_97' title="bbox 288 5212 1943 5284">
     <span class='ocr_line' id='line_1_97' title="bbox 288 5212 1943 5284; baseline -0.003 -10"><span class='ocrx_word' id='word_1_696' title='bbox 288 5233 429 5274; x_wconf 90' lang='lat' dir='ltr'><strong>cens</strong></span> <span class='ocrx_word' id='word_1_697' title='bbox 452 5218 509 5273; x_wconf 91' lang='lat' dir='ltr'>in</span> <span class='ocrx_word' id='word_1_698' title='bbox 543 5233 771 5273; x_wconf 88' lang='lat' dir='ltr'><strong>sacram</strong></span> <span class='ocrx_word' id='word_1_699' title='bbox 804 5232 867 5271; x_wconf 90' lang='lat' dir='ltr'><strong>se</strong></span> <span class='ocrx_word' id='word_1_700' title='bbox 896 5214 1275 5284; x_wconf 88' lang='lat' dir='ltr'>transcripsit</span> <span class='ocrx_word' id='word_1_701' title='bbox 1306 5212 1599 5283; x_wconf 90' lang='lat' dir='ltr'><strong>militiam,</strong></span> <span class='ocrx_word' id='word_1_702' title='bbox 1620 5213 1943 5269; x_wconf 85' lang='lat' dir='ltr'>mutatione</span> 
     </span>
    </p>
   </div>
   <div class='ocr_carea' id='block_1_98' title="bbox 289 5301 1939 5372">
    <p class='ocr_par' dir='ltr' id='par_1_98' title="bbox 289 5301 1939 5372">
     <span class='ocr_line' id='line_1_98' title="bbox 289 5301 1939 5372; baseline -0.001 -10"><span class='ocrx_word' id='word_1_703' title='bbox 289 5306 439 5362; x_wconf 89' lang='lat' dir='ltr'>mira</span> <span class='ocrx_word' id='word_1_704' title='bbox 488 5324 557 5363; x_wconf 87' lang='lat' dir='ltr'><strong>ex</strong></span> <span class='ocrx_word' id='word_1_705' title='bbox 616 5305 890 5361; x_wconf 89' lang='lat' dir='ltr'>hesterno</span> <span class='ocrx_word' id='word_1_706' title='bbox 951 5303 1175 5357; x_wconf 88' lang='lat' dir='ltr'>latrone</span> <span class='ocrx_word' id='word_1_707' title='bbox 1218 5301 1542 5358; x_wconf 91' lang='lat' dir='ltr'>hodiernus</span> <span class='ocrx_word' id='word_1_708' title='bbox 1592 5302 1939 5372; x_wconf 89' lang='lat' dir='ltr'>monachus,</span> 
     </span>
    </p>
   </div>
   <div class='ocr_carea' id='block_1_99' title="bbox 287 5391 1943 5466">
    <p class='ocr_par' dir='ltr' id='par_1_99' title="bbox 287 5391 1943 5466">
     <span class='ocr_line' id='line_1_99' title="bbox 287 5391 1943 5466; baseline -0.002 -14"><span class='ocrx_word' id='word_1_709' title='bbox 287 5395 639 5451; x_wconf 69' lang='lat' dir='ltr'><strong>innocentiae</strong></span> <span class='ocrx_word' id='word_1_710' title='bbox 672 5411 736 5449; x_wconf 89' lang='lat' dir='ltr'>ac</span> <span class='ocrx_word' id='word_1_711' title='bbox 768 5391 1172 5464; x_wconf 70' lang='lat' dir='ltr'><strong>temperantiae</strong></span> <span class='ocrx_word' id='word_1_712' title='bbox 1220 5391 1393 5446; x_wconf 92' lang='lat' dir='ltr'>modo</span> <span class='ocrx_word' id='word_1_713' title='bbox 1450 5392 1715 5460; x_wconf 83' lang='lat' dir='ltr'><strong>studens,</strong></span> <span class='ocrx_word' id='word_1_714' title='bbox 1771 5391 1943 5466; x_wconf 86' lang='lat' dir='ltr'><strong>longe</strong></span> 
     </span>
    </p>
   </div>
   <div class='ocr_carea' id='block_1_100' title="bbox 285 5480 1942 5553">
    <p class='ocr_par' dir='ltr' id='par_1_100' title="bbox 285 5480 1942 5553">
     <span class='ocr_line' id='line_1_100' title="bbox 285 5480 1942 5553; baseline -0.001 -12"><span class='ocrx_word' id='word_1_715' title='bbox 285 5486 460 5542; x_wconf 90' lang='lat' dir='ltr'><strong>aliter</strong></span> <span class='ocrx_word' id='word_1_716' title='bbox 512 5485 703 5540; x_wconf 90' lang='lat' dir='ltr'>vivere</span> <span class='ocrx_word' id='word_1_717' title='bbox 751 5498 939 5553; x_wconf 90' lang='lat' dir='ltr'><strong>nuper</strong></span> <span class='ocrx_word' id='word_1_718' title='bbox 990 5486 1285 5537; x_wconf 91' lang='lat' dir='ltr'><strong>assuetus.</strong></span> <span class='ocrx_word' id='word_1_719' title='bbox 1340 5480 1448 5536; x_wconf 83' lang='lat' dir='ltr'><strong>Sed</strong></span> <span class='ocrx_word' id='word_1_720' title='bbox 1500 5498 1703 5536; x_wconf 90' lang='lat' dir='ltr'>verum</span> <span class='ocrx_word' id='word_1_721' title='bbox 1782 5483 1942 5539; x_wconf 88' lang='lat' dir='ltr'>intus</span> 
     </span>
    </p>
   </div>
   <div class='ocr_carea' id='block_1_101' title="bbox 287 5572 1939 5650">
    <p class='ocr_par' dir='ltr' id='par_1_101' title="bbox 287 5572 1939 5650">
     <span class='ocr_line' id='line_1_101' title="bbox 287 5572 1939 5650; baseline -0.003 -16"><span class='ocrx_word' id='word_1_722' title='bbox 287 5578 657 5650; x_wconf 89' lang='lat' dir='ltr'><strong>propositum</strong></span> <span class='ocrx_word' id='word_1_723' title='bbox 688 5575 758 5631; x_wconf 91' lang='lat' dir='ltr'>ad</span> <span class='ocrx_word' id='word_1_724' title='bbox 795 5577 978 5630; x_wconf 90' lang='lat' dir='ltr'>ratam</span> <span class='ocrx_word' id='word_1_725' title='bbox 1008 5572 1354 5645; x_wconf 89' lang='lat' dir='ltr'><strong>religionem</strong></span> <span class='ocrx_word' id='word_1_726' title='bbox 1414 5573 1813 5629; x_wconf 88' lang='lat' dir='ltr'>necessarium</span> <span class='ocrx_word' id='word_1_727' title='bbox 1865 5575 1939 5630; x_wconf 88' lang='lat' dir='ltr'><strong>si-</strong></span> 
     </span>
    </p>
   </div>
   <div class='ocr_carea' id='block_1_102' title="bbox 285 5661 1941 5733">
    <p class='ocr_par' dir='ltr' id='par_1_102' title="bbox 285 5661 1941 5733">
     <span class='ocr_line' id='line_1_102' title="bbox 285 5661 1941 5733; baseline -0.002 -10"><span class='ocrx_word' id='word_1_728' title='bbox 285 5666 558 5723; x_wconf 89' lang='lat' dir='ltr'><strong>mulatori</strong></span> <span class='ocrx_word' id='word_1_729' title='bbox 588 5666 786 5720; x_wconf 86' lang='lat' dir='ltr'>deerat</span> <span class='ocrx_word' id='word_1_730' title='bbox 814 5663 1035 5720; x_wconf 90' lang='lat' dir='ltr'><strong>animo.</strong></span> <span class='ocrx_word' id='word_1_731' title='bbox 1076 5661 1367 5717; x_wconf 89' lang='lat' dir='ltr'><strong>Nimirum</strong></span> <span class='ocrx_word' id='word_1_732' title='bbox 1401 5678 1577 5733; x_wconf 92' lang='lat' dir='ltr'><strong>quem</strong></span> <span class='ocrx_word' id='word_1_733' title='bbox 1613 5662 1829 5718; x_wconf 90' lang='lat' dir='ltr'><strong>intueri</strong></span> <span class='ocrx_word' id='word_1_734' title='bbox 1851 5680 1941 5721; x_wconf 86' lang='lat' dir='ltr'><strong>so-</strong></span> 
     </span>
    </p>
   </div>
   <div class='ocr_carea' id='block_1_103' title="bbox 280 5749 1942 5828">
    <p class='ocr_par' dir='ltr' id='par_1_103' title="bbox 280 5749 1942 5828">
     <span class='ocr_line' id='line_1_103' title="bbox 280 5749 1942 5828; baseline -0.001 -16"><span class='ocrx_word' id='word_1_735' title='bbox 280 5756 405 5814; x_wconf 89' lang='lat' dir='ltr'><strong>lent</strong></span> <span class='ocrx_word' id='word_1_736' title='bbox 428 5756 531 5828; x_wconf 90' lang='lat' dir='ltr'><strong>qui</strong></span> <span class='ocrx_word' id='word_1_737' title='bbox 580 5757 789 5827; x_wconf 89' lang='lat' dir='ltr'>sponte</span> <span class='ocrx_word' id='word_1_738' title='bbox 836 5752 986 5807; x_wconf 84' lang='lat' dir='ltr'><strong>ﬁunt</strong></span> <span class='ocrx_word' id='word_1_739' title='bbox 1045 5750 1341 5817; x_wconf 89' lang='lat' dir='ltr'><strong>monachi,</strong></span> <span class='ocrx_word' id='word_1_740' title='bbox 1407 5749 1591 5806; x_wconf 88' lang='lat' dir='ltr'>divini</span> <span class='ocrx_word' id='word_1_741' title='bbox 1639 5753 1835 5809; x_wconf 90' lang='lat' dir='ltr'><strong>cultus</strong></span> <span class='ocrx_word' id='word_1_742' title='bbox 1884 5759 1942 5810; x_wconf 90' lang='lat' dir='ltr'><strong>et</strong></span> 
     </span>
    </p>
   </div>
   <div class='ocr_carea' id='block_1_104' title="bbox 2054 4768 3702 4843">
    <p class='ocr_par' dir='ltr' id='par_1_104' title="bbox 2054 4768 3702 4843">
     <span class='ocr_line' id='line_1_104' title="bbox 2054 4768 3702 4843; baseline 0.004 -20"><span class='ocrx_word' id='word_1_743' title='bbox 2054 4770 2351 4840; x_wconf 89' lang='lat' dir='ltr'>etiamque</span> <span class='ocrx_word' id='word_1_744' title='bbox 2382 4768 2593 4825; x_wconf 88' lang='lat' dir='ltr'><strong>calceis</strong></span> <span class='ocrx_word' id='word_1_745' title='bbox 2628 4769 2901 4824; x_wconf 79' lang='lat' dir='ltr'>similiter</span> <span class='ocrx_word' id='word_1_746' title='bbox 2922 4772 3235 4843; x_wconf 87' lang='lat' dir='ltr'><strong>atqueipse</strong></span> <span class='ocrx_word' id='word_1_747' title='bbox 3267 4780 3702 4843; x_wconf 86' lang='lat' dir='ltr'><strong>uteretur,tem-</strong></span> 
     </span>
    </p>
   </div>
   <div class='ocr_carea' id='block_1_105' title="bbox 2054 4854 3703 4933">
    <p class='ocr_par' dir='ltr' id='par_1_105' title="bbox 2054 4854 3703 4933">
     <span class='ocr_line' id='line_1_105' title="bbox 2054 4854 3703 4933; baseline 0.004 -21"><span class='ocrx_word' id='word_1_748' title='bbox 2054 4856 2345 4927; x_wconf 89' lang='lat' dir='ltr'><strong>pestivum</strong></span> <span class='ocrx_word' id='word_1_749' title='bbox 2376 4854 2633 4927; x_wconf 89' lang='lat' dir='ltr'>amplius</span> <span class='ocrx_word' id='word_1_750' title='bbox 2666 4873 2779 4911; x_wconf 91' lang='lat' dir='ltr'>non</span> <span class='ocrx_word' id='word_1_751' title='bbox 2813 4858 3163 4924; x_wconf 87' lang='lat' dir='ltr'>erat,adulto</span> <span class='ocrx_word' id='word_1_752' title='bbox 3194 4864 3249 4914; x_wconf 92' lang='lat' dir='ltr'><strong>et</strong></span> <span class='ocrx_word' id='word_1_753' title='bbox 3279 4862 3348 4915; x_wconf 94' lang='lat' dir='ltr'><strong>ad</strong></span> <span class='ocrx_word' id='word_1_754' title='bbox 3383 4861 3703 4933; x_wconf 89' lang='lat' dir='ltr'><strong>imperato-</strong></span> 
     </span>
    </p>
   </div>
   <div class='ocr_carea' id='block_1_106' title="bbox 2055 4944 3701 5018">
    <p class='ocr_par' dir='ltr' id='par_1_106' title="bbox 2055 4944 3701 5018">
     <span class='ocr_line' id='line_1_106' title="bbox 2055 4944 3701 5018; baseline 0.004 -17"><span class='ocrx_word' id='word_1_755' title='bbox 2055 4945 2202 5001; x_wconf 89' lang='lat' dir='ltr'><strong>riam</strong></span> <span class='ocrx_word' id='word_1_756' title='bbox 2218 4950 2414 5001; x_wconf 92' lang='lat' dir='ltr'>evecto</span> <span class='ocrx_word' id='word_1_757' title='bbox 2442 4944 2787 5016; x_wconf 89' lang='lat' dir='ltr'><strong>dignitatem</strong></span> <span class='ocrx_word' id='word_1_758' title='bbox 2805 4946 3196 5018; x_wconf 91' lang='lat' dir='ltr'><strong>primogenito</strong></span> <span class='ocrx_word' id='word_1_759' title='bbox 3214 4949 3701 5018; x_wconf 86' lang='lat' dir='ltr'><strong>ejusAndronico:</strong></span> 
     </span>
    </p>
   </div>
   <div class='ocr_carea' id='block_1_107' title="bbox 2056 5033 3703 5111">
    <p class='ocr_par' dir='ltr' id='par_1_107' title="bbox 2056 5033 3703 5111">
     <span class='ocr_line' id='line_1_107' title="bbox 2056 5033 3703 5111; baseline 0.005 -22"><span class='ocrx_word' id='word_1_760' title='bbox 2056 5039 2324 5106; x_wconf 87' lang='lat' dir='ltr'><strong>poterant</strong></span> <span class='ocrx_word' id='word_1_761' title='bbox 2352 5034 2509 5089; x_wconf 90' lang='lat' dir='ltr'>enim</span> <span class='ocrx_word' id='word_1_762' title='bbox 2545 5033 3021 5090; x_wconf 67' lang='lat' dir='ltr'><strong>emulationeset</strong></span> <span class='ocrx_word' id='word_1_763' title='bbox 3041 5038 3367 5093; x_wconf 71' lang='lat' dir='ltr'>ambitiosae</span> <span class='ocrx_word' id='word_1_764' title='bbox 3401 5056 3535 5111; x_wconf 89' lang='lat' dir='ltr'>spes</span> <span class='ocrx_word' id='word_1_765' title='bbox 3568 5042 3703 5098; x_wconf 90' lang='lat' dir='ltr'><strong>inde</strong></span> 
     </span>
    </p>
   </div>
   <div class='ocr_carea' id='block_1_108' title="bbox 2056 5122 3701 5203">
    <p class='ocr_par' dir='ltr' id='par_1_108' title="bbox 2056 5122 3701 5203">
     <span class='ocr_line' id='line_1_108' title="bbox 2056 5122 3701 5203; baseline 0.005 -24"><span class='ocrx_word' id='word_1_766' title='bbox 2056 5130 2202 5179; x_wconf 63' lang='lat' dir='ltr'><strong>nata:</strong></span> <span class='ocrx_word' id='word_1_767' title='bbox 2234 5125 2444 5179; x_wconf 84' lang='lat' dir='ltr'>fratres</span> <span class='ocrx_word' id='word_1_768' title='bbox 2473 5122 2866 5191; x_wconf 90' lang='lat' dir='ltr'><strong>committere,</strong></span> <span class='ocrx_word' id='word_1_769' title='bbox 2899 5142 3034 5179; x_wconf 92' lang='lat' dir='ltr'><strong>cum</strong></span> <span class='ocrx_word' id='word_1_770' title='bbox 3092 5128 3531 5197; x_wconf 83' lang='lat' dir='ltr'><strong>perturbatione</strong></span> <span class='ocrx_word' id='word_1_771' title='bbox 3588 5149 3701 5203; x_wconf 85' lang='lat' dir='ltr'><strong>pu-</strong></span> 
     </span>
    </p>
   </div>
   <div class='ocr_carea' id='block_1_109' title="bbox 2054 5210 3702 5287">
    <p class='ocr_par' dir='ltr' id='par_1_109' title="bbox 2054 5210 3702 5287">
     <span class='ocr_line' id='line_1_109' title="bbox 2054 5210 3702 5287; baseline 0.005 -19"><span class='ocrx_word' id='word_1_772' title='bbox 2054 5212 2219 5269; x_wconf 71' lang='lat' dir='ltr'><strong>blicze</strong></span> <span class='ocrx_word' id='word_1_773' title='bbox 2242 5210 2715 5284; x_wconf 82' lang='lat' dir='ltr'><strong>tranquillitatis.</strong></span> <span class='ocrx_word' id='word_1_774' title='bbox 2789 5212 2858 5268; x_wconf 91' lang='lat' dir='ltr'>Ut</span> <span class='ocrx_word' id='word_1_775' title='bbox 2906 5211 3107 5284; x_wconf 88' lang='lat' dir='ltr'><strong>igitur,</strong></span> <span class='ocrx_word' id='word_1_776' title='bbox 3165 5217 3319 5287; x_wconf 90' lang='lat' dir='ltr'><strong>quod</strong></span> <span class='ocrx_word' id='word_1_777' title='bbox 3372 5220 3702 5277; x_wconf 90' lang='lat' dir='ltr'><strong>necessario</strong></span> 
     </span>
    </p>
   </div>
   <div class='ocr_carea' id='block_1_110' title="bbox 2052 5302 3702 5381">
    <p class='ocr_par' dir='ltr' id='par_1_110' title="bbox 2052 5302 3702 5381">
     <span class='ocr_line' id='line_1_110' title="bbox 2052 5302 3702 5381; baseline 0.002 -24"><span class='ocrx_word' id='word_1_778' title='bbox 2052 5303 2387 5358; x_wconf 89' lang='lat' dir='ltr'><strong>faciendum</strong></span> <span class='ocrx_word' id='word_1_779' title='bbox 2421 5305 2565 5366; x_wconf 88' lang='lat' dir='ltr'><strong>erat,</strong></span> <span class='ocrx_word' id='word_1_780' title='bbox 2624 5316 2800 5370; x_wconf 92' lang='lat' dir='ltr'><strong>quam</strong></span> <span class='ocrx_word' id='word_1_781' title='bbox 2866 5302 3109 5357; x_wconf 89' lang='lat' dir='ltr'>minime</span> <span class='ocrx_word' id='word_1_782' title='bbox 3169 5304 3410 5362; x_wconf 83' lang='lat' dir='ltr'><strong>moleste</strong></span> <span class='ocrx_word' id='word_1_783' title='bbox 3470 5314 3702 5381; x_wconf 78' lang='lat' dir='ltr'>captato</span> 
     </span>
    </p>
   </div>
   <div class='ocr_carea' id='block_1_111' title="bbox 2053 5390 3704 5463">
    <p class='ocr_par' dir='ltr' id='par_1_111' title="bbox 2053 5390 3704 5463">
     <span class='ocr_line' id='line_1_111' title="bbox 2053 5390 3704 5463; baseline 0.005 -18"><span class='ocrx_word' id='word_1_784' title='bbox 2053 5395 2186 5463; x_wconf 89' lang='lat' dir='ltr'><strong>apte</strong></span> <span class='ocrx_word' id='word_1_785' title='bbox 2213 5393 2543 5462; x_wconf 91' lang='lat' dir='ltr'>opportuno</span> <span class='ocrx_word' id='word_1_786' title='bbox 2572 5392 2834 5459; x_wconf 90' lang='lat' dir='ltr'><strong>tempore</strong></span> <span class='ocrx_word' id='word_1_787' title='bbox 2866 5390 3049 5459; x_wconf 80' lang='lat' dir='ltr'>ﬁeret,</span> <span class='ocrx_word' id='word_1_788' title='bbox 3074 5392 3230 5449; x_wconf 90' lang='lat' dir='ltr'>hunc</span> <span class='ocrx_word' id='word_1_789' title='bbox 3261 5411 3457 5451; x_wconf 93' lang='lat' dir='ltr'>rerum</span> <span class='ocrx_word' id='word_1_790' title='bbox 3487 5399 3704 5454; x_wconf 89' lang='lat' dir='ltr'><strong>articu-</strong></span> 
     </span>
    </p>
   </div>
   <div class='ocr_carea' id='block_1_112' title="bbox 2050 5477 3703 5559">
    <p class='ocr_par' dir='ltr' id='par_1_112' title="bbox 2050 5477 3703 5559">
     <span class='ocr_line' id='line_1_112' title="bbox 2050 5477 3703 5559; baseline 0.005 -24"><span class='ocrx_word' id='word_1_791' title='bbox 2050 5479 2174 5535; x_wconf 93' lang='lat' dir='ltr'>lum</span> <span class='ocrx_word' id='word_1_792' title='bbox 2208 5477 2889 5535; x_wconf 89' lang='lat' dir='ltr'>accommodatissimum</span> <span class='ocrx_word' id='word_1_793' title='bbox 2935 5482 3002 5535; x_wconf 87' lang='lat' dir='ltr'>ad</span> <span class='ocrx_word' id='word_1_794' title='bbox 3067 5481 3121 5535; x_wconf 91' lang='lat' dir='ltr'><strong>id</strong></span> <span class='ocrx_word' id='word_1_795' title='bbox 3183 5488 3366 5552; x_wconf 91' lang='lat' dir='ltr'>ratus,</span> <span class='ocrx_word' id='word_1_796' title='bbox 3416 5503 3533 5557; x_wconf 91' lang='lat' dir='ltr'><strong>quo</strong></span> <span class='ocrx_word' id='word_1_797' title='bbox 3576 5487 3703 5559; x_wconf 89' lang='lat' dir='ltr'>ipse</span> 
     </span>
    </p>
   </div>
   <div class='ocr_carea' id='block_1_113' title="bbox 2052 5568 3700 5645">
    <p class='ocr_par' dir='ltr' id='par_1_113' title="bbox 2052 5568 3700 5645">
     <span class='ocr_line' id='line_1_113' title="bbox 2052 5568 3700 5645; baseline 0.005 -21"><span class='ocrx_word' id='word_1_798' title='bbox 2052 5568 2633 5626; x_wconf 87' lang='lat' dir='ltr'>ultroConsiantinus</span> <span class='ocrx_word' id='word_1_799' title='bbox 2657 5568 3431 5645; x_wconf 71' lang='lat' dir='ltr'><strong>propterluctumAugustze</strong></span> <span class='ocrx_word' id='word_1_800' title='bbox 3453 5582 3700 5633; x_wconf 76' lang='lat' dir='ltr'><strong>mortuas</strong></span> 
     </span>
    </p>
   </div>
   <div class='ocr_carea' id='block_1_114' title="bbox 2052 5657 3705 5732">
    <p class='ocr_par' dir='ltr' id='par_1_114' title="bbox 2052 5657 3705 5732">
     <span class='ocr_line' id='line_1_114' title="bbox 2052 5657 3705 5732; baseline 0.005 -17"><span class='ocrx_word' id='word_1_801' title='bbox 2052 5660 2230 5715; x_wconf 88' lang='lat' dir='ltr'><strong>rubra</strong></span> <span class='ocrx_word' id='word_1_802' title='bbox 2261 5658 2656 5729; x_wconf 88' lang='lat' dir='ltr'>deposuisset,</span> <span class='ocrx_word' id='word_1_803' title='bbox 2686 5657 2874 5726; x_wconf 78' lang='lat' dir='ltr'>jussit</span> <span class='ocrx_word' id='word_1_804' title='bbox 2904 5658 3227 5732; x_wconf 90' lang='lat' dir='ltr'><strong>imperator</strong></span> <span class='ocrx_word' id='word_1_805' title='bbox 3284 5663 3705 5725; x_wconf 86' lang='lat' dir='ltr'><strong>Meliteniotem</strong></span> 
     </span>
    </p>
   </div>
   <div class='ocr_carea' id='block_1_115' title="bbox 2050 5745 3701 5826">
    <p class='ocr_par' dir='ltr' id='par_1_115' title="bbox 2050 5745 3701 5826">
     <span class='ocr_line' id='line_1_115' title="bbox 2050 5745 3701 5826; baseline 0.005 -22"><span class='ocrx_word' id='word_1_806' title='bbox 2050 5749 2141 5804; x_wconf 90' lang='lat' dir='ltr'>illi</span> <span class='ocrx_word' id='word_1_807' title='bbox 2171 5766 2205 5805; x_wconf 92' lang='lat' dir='ltr'><strong>a</strong></span> <span class='ocrx_word' id='word_1_808' title='bbox 2237 5766 2299 5805; x_wconf 91' lang='lat' dir='ltr'>se</span> <span class='ocrx_word' id='word_1_809' title='bbox 2328 5750 2535 5803; x_wconf 75' lang='lat' dir='ltr'><strong>offerre</strong></span> <span class='ocrx_word' id='word_1_810' title='bbox 2557 5745 2762 5818; x_wconf 88' lang='lat' dir='ltr'>quales</span> <span class='ocrx_word' id='word_1_811' title='bbox 2788 5752 3019 5819; x_wconf 86' lang='lat' dir='ltr'>gestare</span> <span class='ocrx_word' id='word_1_812' title='bbox 3048 5749 3213 5805; x_wconf 92' lang='lat' dir='ltr'>illum</span> <span class='ocrx_word' id='word_1_813' title='bbox 3234 5751 3510 5825; x_wconf 89' lang='lat' dir='ltr'>deinceps</span> <span class='ocrx_word' id='word_1_814' title='bbox 3532 5772 3701 5826; x_wconf 92' lang='lat' dir='ltr'><strong>opor-</strong></span> 
     </span>
    </p>
   </div>
  </div>
