4080 6384
338 427 448 484 963

1642 399 1942 461 GEORGII
1981 397 2447 457 PACHYMBM

3660 404 3771 458 964

346 546 736 625 μεταλλάττειν
765 539 855 596 καὶ
910 537 1002 610 ἅμ’
1061 527 1411 625 ἀποϐαλόντα
1459 528 1524 583 τά
1563 525 1774 625 ’ἐρυθρὰ
1812 543 1994 625 κμεταῖ
2029 532 2080 595 Α
2112 523 2262 625 ὁσίας
2292 524 2358 578 τὰ
2391 523 2576 625 πολλὰ
2626 521 2910 625 κερδάναςζ
2937 524 2990 625 ,εἴ
3018 527 3106 582 καὶ
3130 526 3240 625 ἐξῆν
3294 525 3455 625 χεὶροξ
3503 529 3538 597 ἡ
3571 528 3768 625 γνώμῖη

343 611 642 712 λαμϐάνειν
675 633 741 687 τά
788 623 1069 692 ποικιλτά,
1105 619 1248 676 ἀλλά
1292 617 1498 693 χρόνου
1553 615 1770 692 ῥυέντος
1807 611 1896 667 διὰ
1940 614 2004 668 τὸ

2116 613 2418 692 μέμφεσθαι
2462 613 2578 688 εἶχε
2614 617 2696 686 τῷ
2743 611 3044 690 φιλοδώρῳ
3087 622 3186 684 τῆς
3229 615 3620 691 προαιρέσεως,
3669 619 3772 684 τήν

344 699 540 790 πένθος
580 724 668 780 ἐπὶ
730 719 918 793 μόνοις
975 712 1196 787 μέλασιν
1253 709 1478 776 ἀνεκτὴν
1529 707 1628 774 τὴν
1690 699 2006 776 μεταϐολὴν
2110 702 2590 793 πρὸς-τὴνῄπόλιν
2641 701 2730 758 καὶ
2773 702 2926 793 αὖθις
2973 702 3199 793 ἤλαυνε.
3247 705 3562 777 Πυθόμενος
3591 703 3649 760 δὲ
3677 706 3776 793 τον

351 815 630 891 δεδόχθαι,
663 813 738 871 ὡς
771 809 820 878 ἐξ
869 807 1048 880 ἀρχῆς
1102 799 1477 871 κοσμηθέντος
1528 800 1623 849 τοῦ
1680 797 2006 870 φορέσαντος

343 881 648 976 τοῖςημετά
701 895 927 974 βασιλέα
974 891 1277 963 λαμπροῖς,
1311 887 1384 947 ὡς
1434 883 1520 939 ἐπὶ
1579 883 1765 960 ῥητοῖς
1816 881 2005 955 γέρασι

351 970 629 1072 βασιλείας
656 970 1002 1054 τοῦπίσημον
1037 976 1287 1054 ἔχοντος.
1324 975 1422 1028 Καί
1457 971 1522 1042 δὴ
1564 970 1761 1046 ἤπειγέ
1809 989 1868 1025 τε
1913 970 2006 1030 τὸν

355 1059 738 1157 αρχιδιάκονον
775 1069 1067 1148 ὁκρατῶν,
1127 1067 1216 1121 καὶ
1261 1063 1509 1138 παραυτά
1568 1059 1734 1134 μηδὲν
1793 1059 2008 1157 μελλῆῗ

354 1139 832 1233 σᾶζὰπέστελλεν’
1021 1157 1066 1231 ᾧ
1121 1157 1195 1228 μὴ
1239 1153 1397 1230 γνοίη
1453 1153 1481 1206 ὁ
1517 1149 1788 1226 βασιλεύς.
1853 1144 2012 1205 Ἀ).λ’

348 1262 553 1320 ἐκεῖνος
591 1258 683 1330 μὲν
734 1252 826 1307 καὶ
868 1251 959 1305 τὸν
1019 1245 1241 1309 δοθέντα
1288 1243 1478 1317 καιρὸν
1513 1241 1787 1312 συντεμὼν
1835 1236 2014 1306 ἤλαυ-

354 1373 436 1406 νεν
470 1349 549 1417 ἐφ’
591 1326 758 1417 ⁷ἑῴας,
809 1336 1064 1416 βασιλεὺς
1116 1334 1173 1388 δὲ
1229 1334 1490 1405 πειράσας
1539 1327 1815 1390 διαλαθεῖν
1859 1326 2012 1399 ὅμως

353 1441 416 1495 τὸ
455 1405 591 1494 κάτᾶ
643 1405 848 1510 βουλῆν
899 1429 998 1482 οὒκ
1034 1424 1218 1494 ἤνυεν,
1271 1419 1415 1475 ’ἀλλ’
1470 1419 1780 1496 εὐφώρατον
1829 1419 2015 1492 γέγονε

355 1533 417 1587 τὸ
470 1509 806 1604 ἀπὸῥρνητον,
838 1523 924 1575 καὶ
986 1518 1084 1586 τήν
1141 1513 1422 1590 συμφορὰν
1458 1512 1484 1564 ὁ
1525 1510 1708 1564 παθὼν
1770 1509 1842 1569 ὡς
1903 1509 2016 1583 εἶχε

358 1593 710 1696 διέφερενίὉ
747 1613 930 1686 μέντοι
982 1628 1044 1682 γε
1091 1603 1358 1678 πεμφθεῖς
1408 1597 1629 1660 ἐπιστὰς
1684 1593 2013 1696 βαρὺξιὲδίν

359 1685 473 1782 ξενξ
514 1685 932 1778 ’ἄδωρανδῶρα
987 1697 1162 1774 φέρων
1347 1692 1448 1762 υἱῷ
1498 1689 1641 1782 παρᾶ
1703 1685 2012 1782 βασιλέως.

361 1775 578 1872 ’,Ολίγον
632 1775 688 1849 δὲ
744 1789 1033 1866 προλιπών
1094 1783 1218 1838 ὅσον
1279 1780 1623 1836 ἐπισκευάσαι
1679 1778 1770 1831 τὸν
1827 1775 2014 1850 νεκρὸν

359 1865 629 1964 εὐάγόυγον
688 1865 807 1944 καθ’
864 1877 986 1934 ὁδὸν
1024 1920 1038 1944 ,
1107 1872 1338 1934 σπεύσας
1389 1868 1464 1930 είς
1510 1867 1734 1924 Νίκαιαν
1819 1865 1964 1943 φέρει
2001 1907 2014 1921 ,

358 1955 738 2043 Καὶ-παραυτᾶ
791 1971 882 2043 μὲν
945 1964 1226 2022 στέλλεται
1285 1962 1385 2029 τὴν
1440 1956 1528 2013 ἐπὶ
1589 1955 2012 2043 Νικαίαςὸπατ

357 2033 656 2143 τριάρχέης,
703 2033 1023 2115 στέλλονται
1071 2049 1266 2143 δὶΔκαὶ
1307 2049 1562 2143 ἱεράρχαι
1613 2045 1731 2143 ὅσοι
1786 2041 1851 2111 δὴ

360 2133 716 2224 πόλιν-ἦσαν,
748 2149 837 2204 καὶ
868 2145 931 2202 τὸ
959 2150 1054 2200 τοῦ
1105 2137 1318 2216 κλήρου
1380 2137 1624 2211 ἔκκριτον
1678 2133 1912 2206 ξύμπαν.
1944 2134 2019 2185 Τὰ

360 2239 418 2300 δέ
445 2265 505 2321 γε
533 2222 602 2317 τῇ
649 2222 772 2311 aeta
822 2236 1172 2314 προσήκοντα
1219 2228 1309 2321 καὶ
1359 2223 1477 2321 λίαν
1523 2222 1853 2321 περιφανῆΙὸ
1883 2241 2017 2321 nepa:

356 2310 470 2389 τῶν
550 2331 888 2403 ηὐτρέπιζε.
970 2322 1101 2378 Τότε
1172 2318 1352 2373 τοίνυν
1424 2315 1488 2370 τὰ
1526 2310 1890 2384 νενομισμένα
1946 2313 2014 2383 τῇ

357 2399 582 2495 κειμένῂ
630 2399 855 2478 τελέσας
901 2415 930 2468 ὁ
985 2409 1372 2498 πατριάρχης,
1437 2404 1529 2498 καί
1607 2399 1857 2498 πολλους
1906 2404 2014 2498 τᾶὲν

353 2488 648 2588 γνιυρίμων
702 2503 954 2583 χρυσίοις
1021 2502 1232 2562 ἱκανοῖς
1305 2493 1701 2569 δωρησάμενος
1733 2529 1749 2562 ,
1806 2488 1866 2544 ἐκ
1917 2488 2014 2555 τῆς

362 2733 519 2785 teret
545 2731 753 2796 vestes,
785 2719 1165 2780 versicolores
1215 2715 1345 2772 albo
1406 2711 1614 2768 mlstas
1637 2713 1692 2765 et
1741 2719 2022 2780 purpum,

357 2819 582 2873 intextu
608 2814 736 2870 auri
770 2811 1118 2882 variegatas,
1153 2801 1552 2877 superadditis
1598 2815 1700 2870 pro
1759 2796 2022 2851 Czesareo

360 2905 594 2979 insigni
628 2903 843 2977 aquilis
877 2917 1046 2972 opere
1079 2893 1456 2970 phrygionico
1494 2886 1760 2979 formatis
1791 2888 2022 2979 contes-

360 2973 652 3052 seratione
681 2973 1166 3064 margaritarum.
1215 2984 1359 3054 Ejus
1418 2979 1647 3053 generis
1706 2973 1763 3031 et
1818 2976 2016 3064 formae

355 3091 484 3140 tum
518 3059 889 3138 indumentis
923 3093 1161 3134 crurum
1195 3075 1529 3146 pedumque
1554 3071 1678 3122 tum
1721 3059 2018 3133 ephippiis

361 3191 427 3230 ac
451 3173 652 3242 frenis,
687 3168 1002 3227 declaravit
1053 3166 1375 3238 imperator
1435 3176 1537 3231 per
1592 3151 2014 3242 Melitenioten,

2117 788 2343 866 βασιλέα
2394 789 2742 866 Ἀνδρόνικον
2793 789 2959 846 πάλιν
3010 792 3309 866 ἁπτόμενον
3370 797 3477 847 τῶν
3530 795 3649 858 καθ’
3694 791 3776 850 ἓω

2117 877 2573 954 διαπεραιωθήναι
2629 881 2720 934 τὸν
2777 880 3052 958 Βόσπορον
3090 925 3104 949 ,
3158 881 3348 937 αὐτίκα
3409 883 3780 956 παρεγκλίνας

2115 967 2167 1022 ἐν
2216 974 2298 1040 τῷ
2352 973 2448 1023 τοῦ
2498 968 2655 1043 ἀγίου
2716 969 3005 1040 Αὖεεντίου
3066 973 3241 1045 βουνῷ
3297 969 3434 1026 κατὰ
3485 992 3590 1026 που
3645 971 3782 1035 τοὺς

2117 1057 2398 1132 πρόποδας
2449 1059 2804 1131 σκηνουμένῳ
2863 1060 3190 1134 συγγίνεται.
3249 1059 3495 1130 Κάπειδὴ
3546 1063 3782 1134 Μαιμα-

2117 1151 2426 1221 κτηριῶνος
2455 1146 2727 1222 λήγοντος
2756 1151 2790 1216 ἡ
2823 1153 2930 1202 τῶν
2973 1149 3142 1224 ἁγίων
3190 1149 3513 1205 ἀποστόλων
3563 1153 3788 1224 προσή-

2121 1236 2312 1290 λαυνεν
2364 1238 2548 1311 ἑορτὴ,
2608 1235 2780 1291 ἐκεῖσε
2842 1240 3036 1311 μικρὸν
3087 1239 3368 1311 ἐπιμείνας
3420 1245 3497 1311 τῷ
3561 1239 3787 1314 βασιλεῖ

2121 1325 2336 1397 ὁμιλῶν
2369 1326 2435 1379 τά
2490 1325 2672 1380 εῗκότα
2726 1325 2905 1398 (έῲκει
2960 1328 3059 1402 γὰρ
3112 1329 3204 1383 καὶ
3262 1327 3602 1383 συνδεδέσθαι
3659 1336 3789 1393 ταῖς

2120 1416 2258 1486 πρὸς
2311 1415 2471 1470 αὐτὸν
2528 1415 2759 1491 ἀγάπαις
2819 1417 2847 1470 ὁ
2907 1415 3204 1491 βασιλεὺς),
3264 1419 3424 1480 τέλος
3479 1421 3581 1488 τήν
3629 1416 3784 1473 θείαν

2121 1501 2403 1565 ἐκτελέσας
2456 1505 2844 1579 μυσταγωγίαν
2875 1504 2926 1560 ἐν
2957 1511 3025 1580 τῇ
3061 1512 3204 1582 μονῇ
3256 1513 3353 1563 τοῦ
3407 1508 3788 1583 ἀρχιστρατή-

2121 1615 2217 1668 γου
2275 1595 2411 1648 κατὰ
2465 1595 2563 1662 τὴν
2625 1596 2817 1672 ἑορτὴν
2853 1642 2867 1668 ,
2919 1596 3009 1650 καὶ
3076 1597 3150 1659 ὡς
3226 1597 3366 1660 εἰκὸς
3427 1597 3792 1671 ἐπευξάμενος

2124 1683 2523 1739 ἀπαλλάττεται
2535 1728 2546 1741 .

2123 1848 2223 1909 κθ’.
2286 1847 2614 1922 Εκστρατεία
2671 1845 2903 1926 ῌιχαήλ
2968 1847 3238 1926 βασιλέιυς
3283 1851 3420 1924 πρὸς
3483 1851 3782 1926 Σάγγαριν,

2621 1919 2710 1974 καὶ
2737 1919 2802 1975 τὰ
2836 1919 3107 1994 γεγονότα
3151 1921 3279 1976 ἐκεῖ.

2200 2044 2284 2112 [Ρ.
2347 2045 2471 2114 342]
2530 2041 2793 2105 Βασιλεὺς
2851 2041 2909 2096 δὲ
2946 2043 3034 2098 καὶ
3085 2043 3236 2106 αὖθις
3292 2042 3546 2120 ἀγγελθὲν
3598 2044 3793 2117 ἐκείνῳ

2128 2130 2202 2190 ὡς
2255 2130 2323 2184 τὰ
2373 2129 2538 2203 πέραν
2591 2135 2688 2185 τοῦ
2763 2134 3086 2207 Σαγγάρεως
3159 2132 3413 2204 ἀσθενεῖ,
3475 2135 3673 2209 Πέρσαι
3727 2151 3795 2190 τι

2127 2223 2353 2294 συχναῖς
2413 2220 2777 2288 ὲπιτίθέμενοι
2836 2223 3051 2296 πείραις
3109 2223 3245 2278 κατὰ
3301 2222 3520 2290 πολλὴν
3600 2221 3793 2280 ἄδειαν

2128 2305 2608 2382 διαπεραιοῦμενοι
2639 2315 2820 2372 κακῶς
2861 2315 3078 2365 ποιοῦσι
3127 2311 3216 2366 καὶ
3266 2312 3348 2368 τὰ.
3374 2310 3635 2388 ἐνδοτέρω
3685 2317 3793 2367 τοῦ

2124 2401 2413 2469 ποταμοῦ,
2459 2395 2714 2472 δυνάμεις
2773 2401 3129 2476 συναθροίσας
3179 2401 3306 2463 ὅσας
3353 2401 3381 2455 ὁ
3421 2402 3610 2477 καιρὸς
3670 2400 3790 2456 ἐδί-

2127 2485 2223 2543 δου
2253 2489 2342 2544 καὶ
2374 2488 2635 2565 ἐνεχώρει
2677 2491 2799 2546 τότε
2830 2493 2947 2546 κατ’
3006 2490 3164 2546 αὐτὸν
3214 2512 3528 2568 πράγματα,
3563 2489 3790 2569 ἀπτέρῳ

2134 2705 2390 2775 ciens,ut
2420 2708 2565 2764 satis
2599 2716 2906 2782 appareret
2929 2727 3041 2765 non
3063 2713 3414 2782 respondere
3440 2712 3788 2771 facultatem

2131 2798 2444 2866 Voluntati,
2479 2803 2535 2853 et
2567 2798 2699 2869 plus
2731 2799 2904 2872 longe
2930 2802 3279 2871 profundere
3302 2805 3565 2873 paratam
3619 2821 3790 2860 men-

2131 2891 2247 2942 tem
2280 2887 2600 2943 beneficam
2631 2899 2808 2959 quem
2842 2895 3131 2960 quantum
3167 2905 3377 2947 manus
3426 2909 3530 2964 pro
3585 2894 3792 2950 dantis

2132 2980 2261 3030 voto
2291 2973 2518 3030 exiliter
2542 2978 2832 3032 instructa
2861 2984 3222 3050 suggereret.
3259 2979 3360 3034 Hls
3391 2982 3543 3036 actis
3567 2981 3793 3038 Veccus

2131 3080 2193 3119 se
2224 3064 2282 3118 in
2315 3064 2519 3120 urbem
2553 3065 2828 3132 referens,
2879 3067 3067 3122 obiter
3121 3068 3320 3123 audito
3380 3069 3793 3126 Andronicum

2128 3157 2460 3224 Augustum
2492 3157 2734 3225 trajecta
2765 3156 3022 3227 Bosporo
3055 3169 3260 3212 versus
3318 3158 3612 3215 Orientem
3678 3161 3798 3215 iter

358 3263 506 3319 velle
539 3237 667 3318 sese
690 3266 866 3331 atque
896 3237 1405 3330 asquumicensere
1451 3249 1512 3302 in
1569 3248 1865 3316 posterum
1929 3237 2014 3292 uti
2048 3241 2090 3306 C
2129 3244 2532 3314 capessere,de
2563 3244 2654 3298 via
2675 3244 2978 3300 declinans
3001 3259 3135 3301 eum
3169 3248 3439 3303 convenit
3469 3250 3540 3304 ad
3557 3249 3790 3305 radices

362 3350 833 3419 Constantinum,
862 3343 1045 3403 solius
1063 3339 1380 3399 unicoloris
1403 3342 1457 3392 et
1479 3331 1858 3406 impermistte
1880 3341 2022 3400 pur—

365 3459 523 3514 purae
556 3457 667 3495 usu
699 3435 1113 3494 concedentem
1149 3430 1310 3485 fratri
1345 3423 1550 3514 majori
1579 3421 2020 3514 jam‘Augusto.

361 3509 609 3585 strenue
642 3525 868 3584 curavit
901 3519 1188 3596 quidquid
1221 3511 1643 3573 demandatum
1706 3509 1894 3564 fixerat
1937 3521 2022 3560 ar-

367 3615 838 3684 chidiaconus,et
863 3610 1167 3668 celerrime
1198 3602 1686 3662 clamAndronico
1719 3601 2022 3670 pervectus

369 3707 429 3762 in
458 3707 756 3761 Orientem
780 3707 917 3758 ante
946 3701 1144 3756 omnia
1201 3689 1583 3751 Constantino
1629 3687 2024 3760 Porphyroge-

371 3795 493 3849 nito
515 3797 572 3848 et
603 3793 878 3848 mandata
901 3795 954 3845 et
982 3787 1374 3858 dona,parum
1404 3781 1541 3836 licet
1565 3774 2022 3851 grata,parentis

367 3881 615 3955 Augusti
651 3877 921 3937 reddidit.
955 3879 1237 3932 Cmterum
1274 3873 1428 3928 haud
1462 3869 1546 3925 sic
1578 3880 1789 3925 arcano
1820 3863 2023 3955 haberi

372 3952 531 4028 mors
558 3972 833 4044 Augustae
866 3969 964 4024 diu
999 3965 1208 4040 potuit,
1245 3967 1311 4018 ut
1342 3965 1632 4016 amentem
1671 3955 1897 4044 falleret
1940 3952 2022 4008 vi-

372 4054 504 4117 rum
535 4041 678 4131 ejus‘
704 4063 1028 4131 Augustum
1056 4055 1380 4126 juniorem;
1414 4047 1513 4120 qui
1560 4047 1672 4101 cito
1723 4041 2023 4115 cognitum

375 4151 490 4206 sibi
522 4147 1025 4204 luctuosissimum
1057 4158 1260 4199 casum
1289 4140 1424 4194 tulit
1449 4142 1512 4192 ut
1545 4135 1755 4206 potuit.
1798 4132 2024 4201 Corpus

378 4256 550 4312 porro
582 4237 834 4293 dominae
867 4237 1110 4291 mortuae
1153 4227 1329 4287 simul
1385 4224 1789 4319 compositum
1837 4224 1894 4274 et
1925 4235 2028 4319 cu-

372 4311 569 4384 ratum
603 4345 672 4382 ex
706 4328 862 4399 regio
891 4325 1038 4381 50]
1079 4337 1236 4377 more
1266 4322 1375 4380 est,
1405 4315 1614 4370 idoneo
1646 4312 1704 4366 in
1739 4311 1792 4364 id
1835 4311 2025 4399 spatio

375 4415 642 4486 impenso
676 4421 738 4469 ut
761 4397 886 4484 jam
917 4411 1107 4467 efferri
1130 4414 1185 4464 et
1213 4410 1271 4462 in
1318 4421 1528 4476 pompa
1576 4401 1806 4457 ostendi
1863 4397 2030 4454 salvo

371 4513 635 4577 Augusta
661 4506 987 4578 majestatis
1011 4505 1218 4559 decore
1263 4501 1482 4572 posset,
1543 4493 1868 4567 splendidis
1928 4507 2028 4546 ex-

374 4597 600 4670 sequiis
621 4613 756 4652 eum
790 4614 822 4650 a
871 4590 1367 4664 Porphyrogenito
1419 4593 1545 4640 tum
1600 4602 1630 4639 a
1677 4580 2030 4676 Meliteniote
2063 4611 2106 4676 Ι)

375 4686 671 4759 deportari
705 4689 1000 4753 curatum,
1025 4694 1357 4751 magnoque
1387 4677 1706 4730 deductum
1745 4672 2028 4727 comitatu

377 4776 630 4831 Nicaeam
660 4779 772 4842 est;
805 4790 920 4846 quo
945 4772 1124 4828 etiam
1158 4768 1342 4824 missu
1379 4761 1752 4829 imperatoris
1807 4760 2027 4831 patiar-

380 4867 491 4921 cha
520 4865 774 4922 occurrit
803 4880 939 4919 cum
972 4859 1283 4934 episcopis,
1343 4858 1633 4928 quotquot
1691 4857 1830 4906 tunc
1881 4850 2034 4905 Con-

381 4954 767 5026 stantinopoli
816 4955 996 5018 fuere,
1049 4967 1114 5005 ac
1161 4950 1300 5003 ﬂore
1359 4947 1602 5015 insuper
1633 4941 1761 5012 ipso
1821 4939 2030 4995 urbani

379 5045 518 5099 cieri
551 5044 830 5099 universi.
863 5041 1170 5113 Magnifice
1194 5039 1318 5108 jam
1353 5035 1430 5089 ibi
1456 5049 1522 5088 ac
1554 5031 1723 5104 plane
1749 5030 1902 5101 regie
1931 5047 2031 5099 pa-

385 5139 676 5189 rentatum
701 5133 989 5188 defuncta:
1015 5137 1124 5196 est,
1160 5125 1306 5182 nihil
1329 5125 1397 5178 ad
1433 5121 1805 5194 Splendorem
1861 5135 2036 5190 appa-

382 5227 546 5278 ratus
583 5239 928 5294 pompaaque
988 5234 1166 5291 quam
1226 5210 1716 5288 augustissimam
1775 5209 2034 5280 speciem

381 5310 685 5366 omittente
716 5310 1072 5380 imperatore
1104 5323 1255 5362 curae
1287 5321 1350 5358 ac
1396 5303 1692 5371 sumptus.
1753 5297 1873 5352 Sub
1915 5296 2037 5351 haec

383 5402 730 5475 perfunctus
763 5399 1107 5454 caeremonia
1131 5395 1357 5451 funebri
1393 5389 1730 5466 patriarcha
1759 5387 1868 5443 sibi
1894 5387 2036 5441 olim

385 5487 708 5546 familiares
739 5504 805 5542 ac
837 5485 1202 5542 necessarios
1242 5483 1460 5539 multos
1493 5479 1708 5541 aureis,
1733 5491 1879 5548 quos
1935 5475 2036 5530 illo

385 5583 593 5635 funere
622 5577 886 5632 lucratus
919 5575 1206 5647 plurimos
1240 5573 1448 5638 fuerat,
1506 5566 1824 5624 liberaliter
1878 5566 2034 5622 elar-

387 5663 622 5740 giendis
654 5665 966 5728 demeruit,
1000 5667 1163 5718 tanta
1198 5663 1254 5717 id
1317 5659 1592 5734 propensi
1651 5655 1723 5712 ad
1774 5657 2036 5711 dandum

388 5752 574 5812 animi
607 5752 900 5809 declarata
931 5751 1096 5809 vultu
1131 5751 1256 5824 ipso
1288 5767 1353 5806 ac
1387 5753 1555 5822 gestu
1591 5745 1893 5802 alacritate
1953 5747 2036 5801 fa-

2131 3333 2317 3388 monti
2349 3333 2542 3387 Sancti
2571 3334 2843 3388 Auxentii
2895 3336 3084 3406 posito
3117 3336 3428 3406 Augustali
3488 3339 3786 3392 diversam-

2130 3428 2270 3476 tem.
2303 3422 2440 3477 Erat
2472 3427 2611 3476 tunc
2644 3427 2874 3494 tempus
2905 3424 3228 3480 desinentis
3253 3426 3784 3496 Junii,festumque

2129 3511 2481 3566 imminebat
2538 3513 2874 3566 sanctorum
2907 3513 3336 3584 Apostolorum,
3361 3517 3518 3586 quod
3554 3515 3782 3570 Andro-

2131 3600 2300 3654 nicus
2327 3599 2446 3654 illic
2475 3597 2770 3655 celebrare
2801 3602 3207 3657 constituerat.
3244 3605 3322 3658 Ea
3353 3619 3534 3659 causa
3563 3605 3794 3675 pariar-

2129 3690 2250 3744 chte
2281 3688 2361 3742 ibi
2384 3688 2556 3761 paulo
2599 3687 2824 3745 diutius
2846 3691 3081 3746 detento
3102 3695 3330 3763 copiam
3371 3693 3623 3763 praebuit
3645 3693 3795 3750 libe-

2131 3780 2345 3834 riorem
2381 3779 2712 3851 longiorum
2738 3779 3166 3852 colloquiorum
3190 3797 3321 3837 cum
3382 3789 3676 3854 Augusto,
3737 3789 3799 3840 et

2133 3877 2196 3923 ut
2230 3870 2570 3939 apparebat,
2604 3869 2751 3924 bene
2781 3870 2988 3924 affecto
3016 3885 3082 3925 ac
3116 3881 3217 3942 per
3249 3867 3358 3926 hoc
3403 3870 3590 3942 ipsius
3647 3889 3792 3928 con-

2132 3957 2446 4012 suetudine
2477 3959 2788 4029 gaudente.
2815 3957 3078 4015 Tandem
3114 3960 3358 4016 solemni
3382 3963 3672 4017 sacrificio
3697 3962 3799 4020 die

2134 4051 2472 4102 sanctorum
2507 4047 2658 4102 Petri
2689 4053 2745 4103 et
2775 4049 2939 4104 Pauli
2975 4050 3079 4105 rite
3102 4052 3256 4122 apud
3280 4051 3800 4108 SanctiMichaelis

2135 4136 2473 4208 archangeli
2537 4138 2960 4193 monasterium
3020 4155 3053 4195 a
3126 4141 3426 4212 patiarcha
3497 4141 3798 4198 celebrato

2132 4224 2466 4280 valedicens
2499 4225 2547 4280 is
2589 4225 2947 4297 imperatori,
2991 4227 3224 4300 ipsique
3282 4229 3341 4284 in
3401 4231 3674 4302 digressu
3726 4232 3803 4287 de

2138 4329 2296 4368 more
2329 4315 2475 4369 bene
2497 4319 2793 4386 precatus,
2827 4322 3012 4388 empto
3039 4319 3241 4374 urbem
3274 4335 3482 4376 versus
3511 4319 3707 4377 itineri
3734 4337 3804 4377 se

2139 4403 2420 4458 reddidit.

2134 4567 2225 4621 29.
2262 4567 2858 4696 ExpeditioMichaelis
2871 4571 3221 4698 ξῖιρενιῖιονίδ
3248 4589 3438 4628 versus
3467 4572 3805 4645 Sangarim;

2785 4656 2814 4695 e
2866 4657 2886 4696 ι
2927 4659 2946 4696 ι
2975 4658 3064 4698 aes
3089 4660 3143 4698 a.

2785 4656 2836 4696 et
2866 4656 2946 4698 tm
2974 4656 3143 4714 gesta.

2213 4766 2366 4822 502
2400 4770 2475 4819 At
2506 4765 2828 4837 imperator
2868 4784 3075 4824 rursus
3135 4787 3250 4824 non
3313 4771 3512 4826 dubiis
3571 4772 3806 4829 nuntiis

2141 4855 2355 4911 certior
2389 4855 2576 4910 factus
2609 4855 3172 4930 ulterioresSangari
3203 4859 3475 4930 regiones
3507 4859 3804 4932 laborare,

2146 4945 2329 5000 Persae
2358 4943 2653 5015 siquidem
2687 4961 2865 5016 opum
2896 4945 2977 5000 ibi
3012 4947 3418 5003 Romanorum
3453 4949 3808 5007 inﬁrmitate

2145 5032 2784 5088 crebrisincursionum
2810 5035 3221 5106 experimentis
3244 5038 3476 5093 abunde
3497 5045 3811 5111 comperta

2145 5127 2381 5177 tantum
2414 5122 2781 5194 fiduciaajam
2814 5131 3194 5195 sumpserant
3225 5131 3289 5179 ut
3319 5142 3492 5181 amne
3543 5129 3811 5184 securis-

2147 5213 2295 5267 sime
2325 5212 2568 5282 trajecta
2599 5213 2774 5266 etiam
2793 5213 3089 5270 citeriores
3111 5215 3353 5286 Sangari
3385 5220 3609 5272 tractus
3632 5233 3812 5289 agere

2146 5301 2418 5370 ferreque
2449 5299 2671 5372 rapinis
2703 5305 2761 5356 et
2782 5302 3214 5358 vastationibus
3262 5321 3380 5360 non
3439 5305 3810 5374 dubitarent,

2147 5388 2464 5444 contractis
2492 5390 2673 5461 copiis
2705 5395 2958 5462 quantas
2990 5409 3092 5463 pro
3115 5397 3380 5464 tempore
3403 5409 3632 5466 proque
3660 5412 3812 5467 pra:-

2147 5479 2297 5532 senti
2331 5478 2500 5548 copia
2522 5479 2712 5550 potuit
2744 5495 2968 5551 cogere,
2990 5496 3227 5537 summa
3251 5483 3552 5539 celeritate
3585 5483 3729 5539 illuc
3745 5504 3811 5542 se

2147 5566 2419 5631 contulit,
2447 5569 2691 5640 Sangari
2745 5571 3118 5626 transmisso.
3170 5571 3333 5626 Tunc
3385 5588 3632 5629 cernens
3687 5573 3810 5631 illic

2147 5655 2477 5728 Scythicam
2503 5659 2825 5728 quamdam
2857 5659 2948 5730 (ut
2967 5659 3144 5732 vulgo
3167 5661 3397 5732 dicunt)
3421 5661 3806 5720 solitudinem

2145 5750 2268 5800 tam
2318 5744 2436 5800 acri
2469 5745 2690 5802 doloris
2713 5747 2996 5804 urebatur
3025 5766 3444 5823 sensu,parum
3474 5753 3540 5806 ut
3567 5753 3808 5811 abesset
