4080 6390
317 423 428 478 965

1396 421 1488 473 DE
1525 418 1901 474 MICHABLB
1938 419 2383 475 PALEOLOGO
2420 422 2553 474 LIB.
2594 425 2689 475 VI.

3633 422 3741 475 966

314 546 475 620 τάχει
532 543 747 599 τάκεῖσε
798 536 1207 613 καταλαμϐάνει
1241 539 1656 617 διαπεραιωθεὶς
1685 541 1774 595 τὸν
1830 541 1977 613 Σάγ-
2005 545 2061 610 Α
2092 538 2143 594 0'i
2200 538 2265 609 δὴ
2326 541 2738 617 γλισχρότητος
2798 543 2892 615 μὶν
2927 541 3225 613 ἡττημένοι
3269 542 3599 616 λημμάτων,
3636 542 3740 599 δέει

319 654 501 711 γαριν.
567 634 701 687 Τότε
758 632 936 685 τοίνυν
1002 630 1221 705 βλέπων
1275 633 1375 697 τὴν
1420 632 1663 702 Σκυθῶν,
1696 630 1838 683 εἶ’ποι
1872 651 1976 697 τις,

323 724 555 800 ἐρημίαν
618 721 725 776 έκεί
782 719 1015 794 μονονοὺ
1074 720 1270 795 τρίχας
1327 715 1550 776 ἴτιλλε.
1612 719 1979 791 Κατῳκτίζετο

326 816 420 886 μὲν
466 814 567 887 γὰρ
601 811 846 872 ἐκτόπως
879 811 969 865 τὸν
1025 810 1215 878 τόπον,
1275 810 1367 863 καὶ
1427 811 1526 879 τήν
1560 808 1771 883 χλεύην
1802 830 1981 861 κατω-

322 902 523 976 δύμετο
582 906 691 956 τῶν
727 898 901 955 ἰδίων.
958 901 1101 973 Πρὸς
1132 898 1187 953 δέ
1214 920 1275 975 γε
1321 900 1413 952 τὸν
1448 896 1855 972 Ἀλεξανδρείας
1879 918 1979 950 πα-

318 992 617 1066 τριάρχην,
662 990 833 1044 ἐκεῖσε
884 991 1021 1042 κατᾶ
1068 986 1412 1061 παραμυθίαν
1458 992 1537 1059 τῷ
1595 986 1810 1061 βασιλεῖ
1866 1009 1986 1040 συν-

324 1080 606 1155 διάγοντα,
654 1082 755 1147 τήν
815 1083 911 1132 τοῦ
968 1078 1115 1132 ταῦτ’
1176 1078 1508 1151 ἠρημῶσθαι
1540 1077 1715 1131 αἴτίαν
1761 1074 1982 1151 καρδίας

323 1173 653 1244 στεναγμοῖς
698 1167 1033 1241 ἰσχυρίζετο,
1092 1171 1189 1219 τοῦ
1245 1167 1419 1220 τόπου
1481 1167 1575 1237 μὲν
1634 1164 1982 1237 μεμνημένος

324 1262 398 1321 ὡς
453 1261 569 1332 εἶχε
626 1258 687 1311 τὸ
747 1256 1062 1329 πρότερον,
1124 1254 1213 1308 ὅτε
1268 1257 1385 1309 κατ’
1453 1254 1770 1325 ἐπιτροπίαν
1826 1254 1987 1316 αὐτὸς

322 1350 667 1423 ἐστρατήγει,
728 1345 777 1405 ἐς
834 1344 1036 1398 ὁπόσον
1098 1341 1154 1396 δὲ
1211 1348 1495 1417 συμφορᾶς
1548 1345 1986 1413 κατηντήκειτῴ

318 1439 442 1492 τότε
504 1436 742 1510 βλέπων,
805 1435 879 1493 ὡς
934 1430 1073 1504 μηδὲ
1109 1434 1269 1507 βατὸν
1325 1432 1631 1506 ἀνθρώποις
1676 1433 1832 1503 εἶναι,
1867 1430 1986 1485 δέν-

323 1524 502 1599 δρεσιν
563 1523 859 1596 ὑψικόμοις
920 1519 1381 1592 κατειλημμένον.
1438 1522 1517 1576 Τὸ
1569 1518 1613 1573 δ’
1646 1518 1843 1587 αἶ’τιον,
1879 1542 1988 1596 ιρη-

324 1617 430 1688 σὶν,
491 1617 525 1683 ἡ
583 1618 691 1667 τῶν
752 1610 1017 1680 ζηλωτῶν
1073 1612 1333 1677 ἐπίθεσις,
1395 1610 1590 1664 καὶτὸ
1641 1608 1981 1681 ἐκπολεμοῦν

326 1703 543 1780 βασιλεῖ
598 1707 659 1756 τὸ
709 1702 949 1769 ὑπήκοον
1009 1697 1280 1770 σπευδειν,
1334 1698 1407 1761 ὠς
1465 1700 1532 1753 τὰ
1562 1699 1650 1753 καὶ
1682 1700 1749 1753 τὰ
1780 1699 1984 1771 πέπρα-

320 1810 441 1847 κται
504 1792 789 1865 λέγοντας,
850 1790 939 1843 καὶ
1000 1788 1073 1849 ὡς
1135 1787 1482 1860 παρανομοίη
1518 1788 1546 1842 ὁ
1583 1786 1860 1863 βασιλεὺς,
1894 1787 1984 1841 καὶ

2089 624 2145 681 δὲ
2175 628 2275 680 τοῦ
2312 630 2384 700 μή
2431 651 2483 683 τι
2533 630 2679 701 παρᾶ
2728 628 2993 703 βασιλέως
3045 629 3231 683 παθεῖν
3275 631 3349 693 ὡς
3379 631 3523 703 παρὰ
3556 631 3618 684 τὸ
3668 631 3745 685 εἷ-

2086 717 2179 777 κὸς
2232 715 2719 791 ἐλλελειμμένους,
2774 720 2841 773 τὰ
2895 717 3207 790 πταίσματα
3247 719 3747 793 συγκαλύπτοντες,

2086 810 2164 875 τῷ
2194 807 2329 859 κατὰ
2377 812 2511 883 σιρᾶς
2560 805 2706 861 ἀδεεῖ
2748 805 2919 879 ψευδῆ
2968 808 3288 883 γράφοντες,
3343 809 3596 882 ἠρήμουν
3646 812 3744 878 την

2094 895 2281 969 χώραν
2338 898 2428 949 καὶ
2486 894 2648 957 τέλος
2706 895 2913 969 ἔρημον
2945 898 3044 965 τὴν
3076 896 3405 969 οἷκουμένην
3442 900 3746 975 ἀπέφηναν.

2088 989 2263 1038 Ταῦτα
2311 983 2510 1059 λέγων,
2563 986 2766 1061 τρυφὰς
2823 985 3105 1060 βασιλικὰς
3165 985 3399 1060 ἀφεικὼς
3448 989 3533 1041 καὶ
3589 1000 3746 1062 θερα-

2090 1072 2244 1127 πείαν
2304 1076 2531 1142 ἅπασαν,
2584 1076 2657 1139 ὡς
2688 1081 2947 1138 σιτεῖσθαι
3006 1075 3093 1129 καὶ
3150 1081 3272 1138 τοῖς
3328 1081 3580 1150 τυχοῦσι,
3639 1082 3746 1131 τῶν

2090 1162 2319 1235 πρόσθεν
2384 1164 2455 1223 ὡς
2515 1164 2659 1237 εἶχεν
2718 1159 2984 1218 ἐπέϐαινε.
3021 1165 3232 1238 Πέρσας
3272 1163 3351 1232 δὲ,
3380 1167 3509 1218 ἄτον
3544 1165 3751 1225 ἐκεῖνος

2091 1253 2461 1326 προσεχώρει,
2506 1253 2607 1306 ὑπὸ
2640 1252 2783 1307 πόδα
2833 1257 2913 1326 [Ρ.
2949 1257 3072 1327 343]
3128 1261 3330 1329 χωρεῖν
3364 1254 3473 1309 ἐκεῖ
3522 1260 3614 1309 τοῦ
3651 1257 3747 1329 βα-

2092 1340 2291 1402 σιλέως
2327 1341 2774 1416 διημερεύοντος,
2826 1343 2899 1404 ὡς
2939 1344 3027 1398 καὶ
3080 1342 3156 1397 ἔτι
3208 1345 3411 1417 θερμὰς
3442 1346 3537 1406 τας
3572 1345 3748 1401 έστίας

2093 1428 2309 1484 ἐκείνων
2361 1426 2903 1503 καταλαμϐάνοντος,
2955 1431 3091 1486 ὅπου
3126 1430 3182 1486 δὲ
3216 1432 3468 1507 βασιλεὺς
3502 1431 3753 1510 ἐφειστή-

2091 1542 2197 1588 κει,
2278 1522 2477 1585 ἐκεῖθεν
2548 1524 2654 1598 πρὸ
2724 1530 2851 1595 μιᾶς
2920 1525 3232 1599 φθανόντων
3290 1524 3508 1580 ἐκείνων
3566 1524 3600 1593 ἢ
3660 1526 3746 1579 καὶ

2095 1608 2345 1681 δευτέρας
2407 1616 2801 1685 μετασκηνοῖω.
2867 1614 3084 1681 Πλῆθος
3146 1612 3191 1667 δ’
3244 1613 3308 1681 ἦν
3343 1615 3571 1687 ὀπωρῶν
3607 1612 3750 1667 ἐκκε-

2096 1702 2348 1774 χυμένων
2409 1706 2556 1756 κάτω
2615 1707 2723 1757 τῶν
2786 1699 3045 1774 δένδρων,
3105 1703 3179 1763 ὡς
3213 1701 3413 1765 ἐκεῖθεν
3464 1704 3524 1756 τὸ
3583 1702 3748 1756 πλέον

2091 1795 2188 1843 τοῦ
2266 1796 2659 1863 στρατιωτικοῦ
2740 1790 3052 1859 σιτίζεσθαν
3126 1791 3188 1845 τὸ
3270 1791 3372 1864 γὰρ
3430 1790 3751 1865 εἰσαχθῆναί

321 1883 503 1937 τᾶλλα
533 1883 615 1940 οἷς
662 1879 756 1940 τὰς
807 1875 1029 1951 καρδίας
1059 1880 1165 1931 τῶν
1192 1868 1517 1951 ’ἀνθρώπων
1564 1875 1986 1950 ἀλλοτριοῦντες
2020 1913 2062 1975 Β
2091 1901 2198 1933 τισι
2258 1884 2367 1933 τῶν
2428 1878 2711 1952 ἐδωδίμων
2768 1880 2878 1935 ἐκεῖ
2936 1880 3025 1934 καὶ
3085 1879 3206 1934 λίαν
3247 1877 3335 1933 διὰ
3362 1881 3424 1934 τὸ
3457 1877 3573 1955 δεος
3605 1881 3751 1935 ἀπώ-

325 1969 424 2025 τοῦ
483 1967 870 2043 βασιλιὺοντος
923 1966 1139 2020 ἐποίουν
1199 1966 1289 2019 καὶ
1343 1966 1570 2040 βασιλέα
1627 1966 1750 2040 περί
1811 1967 1984 2037 έαυτῷ

329 2057 648 2127 δεδοικέναι,
708 2058 795 2111 καὶ
853 2058 952 2123 τὴν
1012 2057 1128 2109 καθ’
1188 2056 1371 2109 ἑαυτὸν
1436 2052 1706 2130 ὀρρωδίαν
1770 2058 1984 2115 πάντως

324 2146 553 2222 καρδίας
611 2148 776 2215 οὔσης
835 2146 901 2199 τα
955 2145 1095 2216 μέλη
1143 2150 1616 2219 συγκατασπᾶσθαι
1662 2140 1980 2214 ξυνέϐαινεν.

321 2237 531 2294 Αὐτίκα
582 2235 685 2310 γὰρ
744 2232 1016 2307 μέλλησις
1060 2232 1385 2303 ἠκολούθει,
1442 2234 1621 2288 καὶτὸ
1663 2233 1983 2308 έπιτροπαῐς

326 2330 646 2402 στρατηγῶν
685 2325 771 2379 καὶ
829 2322 1018 2397 μόναις
1072 2320 1393 2385 διοικεῖσθαι
1443 2324 1511 2378 τὰ
1564 2325 1702 2379 κατὰ
1755 2325 1981 2391 τόπους,

331 2542 475 2615 quin
518 2540 669 2613 pilos
716 2538 841 2609 ipse
891 2539 1003 2595 sibi
1053 2540 1264 2612 capitis
1316 2534 1569 2596 velleret.
1606 2536 1995 2597 Miserabatur

332 2631 490 2687 enim
522 2628 947 2684 incredibiliter
989 2628 1383 2684 calamitatem
1416 2627 1677 2684 locorum
1712 2624 1947 2683 illorum
1976 2643 1989 2695 ;

332 2726 390 2775 et
419 2726 540 2775 tam
574 2720 817 2789 impune
851 2719 926 2771 ibi
962 2735 1100 2773 suos
1133 2718 1387 2772 ludibrio
1441 2735 1570 2772 esse
1622 2717 1887 2772 barbaris
1919 2719 1990 2771 ad

336 2810 631 2881 preprinm
666 2808 855 2879 ipsius
906 2808 1198 2877 pertinere
1244 2808 1628 2877 ignominiam
1683 2807 1994 2877 reputabat

343 2914 616 2952 mmrens.
651 2897 864 2950 Aderat
889 2898 938 2950 ei
976 2897 1154 2966 hujus
1189 2896 1575 2965 expeditionis
1606 2899 1673 2951 ad
1712 2895 1991 2950 solatium

339 3001 531 3040 comes
561 2984 997 3041 Alexandrinus
1027 2983 1357 3055 patriarcha
1392 2986 1557 3055 Apud
1592 2984 1749 3039 hunc
1780 2999 1994 3038 exone-

340 3089 476 3129 rans
533 3075 819 3143 animum,
853 3089 966 3127 non
1027 3073 1155 3127 sine
1214 3072 1349 3127 altis
1390 3089 1419 3126 e
1464 3074 1640 3128 corde
1698 3071 1994 3143 suspiriis,

339 3165 671 3219 afﬁrmabat
703 3168 1061 3233 compertam
1098 3180 1225 3217 sero
1258 3162 1369 3217 sibi
1399 3180 1594 3218 veram
1629 3179 1865 3217 causam
1900 3161 1998 3217 0b-

332 3254 624 3310 versantis
648 3252 832 3308 oculis
862 3252 1263 3320 desolationis,
1291 3269 1421 3323 quae
1454 3257 1671 3321 quanta
1696 3267 1994 3323 quamque
2027 3289 2069 3355 Ο

336 3342 695 3399 miserabilis
728 3345 883 3396 esset
914 3338 1039 3411 ipse
1072 3340 1292 3411 Optime
1326 3339 1594 3395 omnium
1636 3344 1859 3406 nosset,
1893 3340 1996 3393 ad-

325 3432 498 3503 jutus
549 3432 620 3486 ad
666 3430 727 3484 id
776 3430 1060 3485 memoria
1109 3430 1373 3486 ﬂorentis
1419 3431 1716 3501 quondam
1751 3446 1815 3483 ac
1844 3429 1997 3484 beati

333 3519 647 3591 regionum
692 3520 905 3575 harum
953 3524 1167 3585 status,
1218 3519 1451 3590 qualem
1484 3534 1545 3575 se
1577 3524 1879 3590 spectasse
1910 3535 1998 3573 re-

339 3610 719 3674 cordabatur,
753 3625 885 3664 cum
943 3613 1260 3679 antequam
1310 3607 1367 3662 in
1419 3608 1735 3678 imperium
1793 3606 1998 3662 evehe-

338 3707 518 3765 retur,
543 3700 827 3754 Romanis
849 3699 1032 3769 capiis
1055 3698 1133 3751 ibi
1158 3702 1454 3768 praeesset.
1478 3699 1837 3768 Comparans
1861 3712 1998 3765 ergo

340 3789 540 3843 animo
574 3804 753 3859 quam
806 3788 1039 3856 uberes,
1065 3803 1244 3857 quam
1279 3788 1613 3857 frequentes
1643 3784 1783 3839 olim
1818 3784 2001 3838 felici-

335 3879 449 3933 bus
480 3876 689 3933 incolis
724 3882 909 3937 terraa,
950 3878 1009 3931 in
1043 3880 1329 3948 quantam
1364 3891 1543 3943 nunc,
1578 3891 1703 3946 quae
1737 3888 2001 3929 cernere-

337 3966 873 4035 tur,calamitatem
898 3965 1290 4030 devenissent,
1321 3969 1382 4019 ut
1404 3981 1519 4019 non
1544 3963 1839 4019 exhaustae
1862 3961 2005 4016 civi-

342 4057 455 4110 bus
486 4054 825 4125 colonisque
858 4054 1074 4119 solum,
1110 4056 1210 4110 sed
1240 4070 1311 4109 ne
1342 4054 1550 4125 pervias
1595 4054 1835 4124 quidem
1878 4052 2005 4121 jam

347 4145 688 4200 hominibus
736 4149 952 4211 essent,
984 4144 1147 4199 nullo
1199 4144 1418 4214 passim
1465 4142 1710 4214 vestigio
1750 4141 2003 4206 viarum,

344 4234 628 4306 stirpibus
679 4239 855 4305 atque
908 4232 1167 4289 arbustis
1210 4235 1411 4289 densis
1446 4237 1616 4302 atque
1647 4232 1786 4287 altis
1817 4232 2008 4286 enatis

346 4323 567 4394 ubique
615 4327 855 4378 temere.
889 4324 1101 4392 Causa,
1130 4322 1464 4393 inquiebat,
1499 4321 1638 4377 mali
1687 4320 1835 4377 tanti
1886 4321 2008 4375 haec

347 4414 587 4467 demum
610 4417 719 4477 est,
742 4412 971 4481 eruptio
993 4412 1309 4467 inconsulti
1333 4412 1439 4466 zeli
1464 4410 1733 4467 subditos
1764 4411 2010 4465 efferens

348 4504 407 4556 in
462 4507 710 4557 conatus
760 4502 1005 4556 rebelles
1054 4501 1443 4571 impugnandi
1490 4500 1854 4571 principem;
1909 4500 2011 4554 ubi

352 4593 584 4663 prodire
616 4590 785 4646 aliter
817 4593 873 4646 in
906 4608 1027 4646 rem
1064 4606 1177 4644 non
1213 4594 1485 4660 possunt,
1519 4588 1836 4644 maledicas
1865 4590 2009 4643 inci-

346 4681 791 4751 tanteslinguas
815 4680 883 4734 ad
911 4678 1187 4735 seditiose
1206 4678 1705 4733 murmurandum
1728 4679 2009 4733 adversus

350 4771 765 4842 imperantem,
799 4768 919 4823 haec
969 4772 1025 4823 et
1068 4767 1168 4821 illa
1216 4767 1345 4837 ejus
1394 4772 1525 4822 acta
1572 4770 2008 4837 percensentes,

352 4875 481 4929 quis
516 4874 692 4928 prava
720 4871 852 4912 esse
880 4855 1338 4922 contendunt,et
1387 4870 1551 4909 reum
1584 4853 1752 4908 illum
1773 4853 2014 4909 violata-

353 4963 483 5001 rum
520 4946 715 5016 legum
767 4951 825 5000 et
873 4943 1208 5015 reipublicae
1268 4944 1524 5014 pessime
1586 4943 2010 4997 administratae

351 5035 742 5091 licentissime
774 5038 1102 5105 peragunt;
1157 5034 1311 5089 503
1364 5049 1463 5105 per
1510 5032 1631 5087 haec
1672 5033 1744 5087 ab
1776 5049 1840 5087 eo
1871 5031 2013 5086 alie-

355 5128 568 5180 nantes
617 5123 845 5179 animos
895 5121 1225 5191 hominum,
1260 5126 1316 5177 et
1346 5126 1603 5178 metuere
1652 5119 1848 5191 ipsum
1899 5121 2014 5175 sibi

356 5220 632 5284 cogentes
666 5228 681 5268 :
714 5212 982 5268 naturale
1010 5211 1226 5282 quippe
1259 5212 1473 5281 cuique
1500 5218 1591 5266 est
1615 5210 1685 5265 ad
1718 5211 2014 5280 objectum

356 5319 533 5375 grave
566 5303 693 5357 vitae
738 5319 804 5357 ac
854 5307 1045 5358 status
1092 5301 1312 5373 proprii
1373 5300 1700 5371 periculum
1756 5300 2014 5355 horrere.

358 5394 507 5449 Hinc
539 5392 730 5463 capite
782 5389 1115 5461 reipublicae
1142 5391 1212 5444 de
1236 5407 1298 5445 se
1321 5388 1596 5457 sollicito,
1622 5392 1679 5443 et
1709 5405 1777 5444 ea
1812 5405 2017 5444 neces-

356 5482 516 5538 saria
565 5482 656 5537 sui
705 5496 845 5535 cura
891 5499 924 5535 a
975 5479 1335 5535 consulendo
1394 5477 1710 5533 efﬁcaciter
1766 5478 2020 5534 subditis

362 5585 591 5636 averso,
642 5571 907 5624 membra
966 5568 1195 5639 imperii
1258 5568 1508 5637 discerpi
1559 5568 1822 5637 contigit.
1877 5567 2021 5622 Hinc

361 5666 590 5731 torpor,
637 5659 911 5725 addebat,
953 5658 1216 5730 obrepsit
1248 5657 1450 5725 nobis;
1485 5656 1621 5711 hinc
1653 5658 1803 5711 tardi
1836 5674 1901 5711 ac
1932 5674 2023 5713 se-

363 5765 512 5821 gnes
544 5747 770 5803 fuimus
801 5748 859 5803 in
887 5748 1246 5803 occurrendo
1288 5762 1390 5818 per
1438 5763 1545 5802 nos
1589 5745 2024 5817 provinciarum

2097 1990 2263 2039 μοτον
2322 1971 2406 2036 ἥν.
2467 1972 2621 2031 Ὅθεν
2679 1974 2770 2023 καί
2828 1968 3097 2030 πολλάκις
3155 1967 3383 2041 πέμπων
3420 1968 3446 2021 ὁ
3496 1967 3750 2043 βασιλεὺς

2093 2058 2159 2110 τὰ
2213 2064 2315 2125 τῆς
2361 2058 2633 2128 τραπέζης
2687 2057 2891 2133 τρύφη,
2956 2056 3046 2111 τὸν
3110 2057 3347 2131 σκληρὸν
3380 2056 3627 2131 πιτυρίαν
3661 2057 3752 2111 καὶ

2100 2145 2305 2217 μέλανα
2342 2188 2355 2214 ,
2408 2146 2622 2219 γυναικί
2679 2166 2737 2200 τε
2796 2147 2908 2217 ἅμα
2966 2146 3053 2199 κκὶ
3114 2150 3341 2219 πενθερᾷ
3385 2147 3473 2199 καί
3527 2167 3587 2221 γε
3645 2167 3752 2200 πα-

2093 2233 2334 2310 τριάρχῃ
2385 2236 2472 2289 καὶ
2524 2240 2642 2296 τοῖς
2698 2235 3003 2310 γνωρίμοις
3059 2235 3294 2309 παρίστα
3350 2235 3411 2287 τὸ
3466 2232 3753 2308 δυσπαθὲς,

2094 2324 2315 2400 γράφων
2365 2321 2495 2397 μηδ’
2555 2325 2722 2378 αὐτοῦ
2783 2322 3093 2399 πηγιμαίου
3142 2321 3335 2385 ὕδατος
3365 2322 3636 2399 εὐπορεῖν,
3694 2324 3757 2377 τὸ

2106 2535 2314 2605 malis;
2350 2538 2487 2592 hinc
2517 2539 2756 2609 defungi
2790 2539 3144 2609 cugebamu‘r
3176 2539 3592 2610 perfunctoriis
3624 2552 3761 2610 pro-

2101 2623 2452 2694 visionibus,
2488 2628 2796 2681 mittendis
2838 2627 2957 2681 haec
3012 2627 3067 2682 in
3113 2626 3241 2683 loca
3292 2630 3607 2698 praefectis,
3641 2643 3759 2698 quo

2101 2715 2300 2769 venire
2354 2716 2513 2786 ipsos
2548 2732 2651 2770 nos
2684 2720 3072 2784 orportuerat.
3112 2720 3172 2770 Et
3214 2717 3609 2781 venissemus,
3643 2716 3760 2771 nisi

2103 2804 2268 2862 falsis
2303 2804 2400 2859 isti
2434 2804 2657 2860 nuntiis
2690 2806 3097 2860 necessitatem
3136 2804 3317 2859 noslri
3351 2806 3633 2859 adventus
3656 2806 3761 2859 ab-

2104 2895 2472 2949 sconderent.
2495 2896 2669 2949 Erant
2691 2894 2748 2948 hi
2775 2895 3043 2949 homines
3068 2896 3243 2965 avari,
3263 2896 3485 2966 rapinis
3506 2894 3717 2950 intenti
3745 2909 3758 2947 :

2107 2986 2435 3055 praedarum
2470 3002 2711 3040 suarum
2745 2992 2803 3040 et
2833 2986 3289 3041 concussionum
3336 2986 3431 3041 hic
3475 2986 3759 3042 exercita-

2108 3091 2238 3128 rum
2283 3079 2462 3129 testes
2497 3074 2711 3128 habere
2739 3076 2984 3145 Augusti
3021 3075 3323 3145 praesentis
3354 3076 3558 3130 oculos
3589 3075 3764 3129 time-

2107 3164 2270 3217 bant.
2292 3164 2425 3217 Ideo
2450 3162 2658 3216 litteris
2684 3162 2991 3218 fallacibus
3014 3163 3390 3219 occultabant
3411 3162 3763 3220 offensiones

2108 3252 2247 3306 belli
2282 3253 2604 3323 ruinasque
2638 3252 2923 3321 locorum,
2951 3269 3019 3306 ne
3054 3251 3380 3307 remedium
3414 3253 3508 3315 iis,
3534 3253 3580 3307 si
3614 3257 3761 3306 notae

2110 3342 2385 3406 fuissent,
2418 3341 2821 3395 adhibendum
2854 3358 2887 3395 a
2918 3341 3089 3395 nobis
3122 3341 3449 3396 rationibus
3498 3342 3762 3411 ipsorum

2111 3430 2351 3502 privatis
2385 3430 2867 3485 incommodaret.
2894 3430 3041 3500 Ergo
3062 3430 3386 3499 utimpune
3409 3430 3553 3502 ipsis
3586 3434 3762 3498 esset,

2111 3525 2176 3573 ut
2201 3520 2594 3575 violentarum
2645 3520 3047 3574 extorsionum
3098 3537 3300 3590 pcenas
3349 3537 3461 3574 non
3509 3518 3761 3587 luerent,

2113 3610 2496 3664 mendacibus
2544 3627 2652 3664 nos
2698 3609 2986 3664 lactantes
3020 3608 3252 3677 scriptis
3287 3607 3577 3679 regionem
3614 3608 3765 3663 hanc

2111 3702 2437 3766 vastarunt,
2461 3704 2517 3752 et
2549 3698 2605 3752 in
2652 3697 2945 3768 frequenti
2974 3698 3111 3751 olim
3148 3715 3213 3752 ac
3246 3698 3468 3768 passim
3501 3697 3770 3752 habitata

2109 3790 2265 3842 terra
2295 3786 2702 3857 solitudinem,
2736 3804 2912 3857 quam
2947 3792 3250 3858 gementes
3278 3787 3597 3853 cernimus,
3624 3787 3769 3841 fece-

2111 3878 2269 3929 runt.
2303 3876 2433 3930 Haec
2464 3874 2801 3945 deplorans,
2835 3874 3073 3929 omissis
3114 3872 3339 3930 deliciis
3373 3876 3570 3947 regiis,
3604 3875 3765 3930 cultu

2112 3980 2177 4019 ac
2209 3965 2362 4019 fastu
2405 3964 2717 4036 principali
2765 3964 3066 4036 neglectis,
3108 3966 3353 4020 curandi
3404 3966 3547 4036 quin
3590 3967 3768 4022 etiam

2113 4055 2374 4125 corporis
2428 4054 2571 4108 adeo
2622 4052 2933 4108 immemor
2966 4059 3026 4107 ut
3057 4054 3244 4108 obviis
3276 4053 3611 4125 quibusque
3642 4056 3771 4111 sine

2113 4142 2335 4215 delectu
2373 4148 2475 4197 aut
2498 4146 2781 4213 apparatu
2810 4147 3165 4210 vesceretur,
3192 4142 3343 4196 ultra
3370 4142 3562 4213 quoad
3588 4144 3781 4213 potuit

2115 4233 2414 4288 tendebat.
2450 4232 2769 4303 Coegitque
2799 4236 2926 4286 tum
2957 4230 3183 4295 Persas,
3212 4236 3501 4302 Quantum
3534 4234 3625 4285 est
3653 4231 3781 4304 ipse

2118 4338 2492 4393 progressus,
2557 4322 2940 4376 retrocedere.
2992 4321 3129 4375 Erat
3178 4324 3374 4374 autem
3436 4319 3665 4375 itineris
3714 4338 3782 4376 ea

2117 4416 2260 4465 tunc
2309 4412 2479 4481 ratio,
2514 4413 2580 4464 ut
2612 4410 2711 4465 ubi
2745 4410 3089 4480 praecedenti
3124 4425 3363 4480 vespere
3412 4409 3596 4463 Persae
3648 4410 3781 4464 fue-

2119 4505 2274 4563 rant,
2301 4506 2601 4571 posterum
2636 4499 2715 4554 ibi
2747 4498 2903 4553 diem
2938 4499 3258 4570 imperator
3288 4497 3561 4563 exigeret,
3584 4496 3643 4551 in
3679 4499 3783 4553 ho-

2121 4591 2321 4662 spitia,
2353 4588 2570 4659 quibus
2602 4587 2687 4641 illi
2735 4594 2903 4643 erant
2934 4590 3046 4655 usi,
3084 4588 3225 4643 focis
3277 4587 3468 4642 adhuc
3515 4586 3781 4658 ipsorum

2042 4658 2089 4720 D
2124 4679 2410 4737 fumantia
2440 4678 2785 4732 succedens.
2816 4677 3023 4749 Itaque
3082 4676 3323 4732 dieculae
3351 4675 3444 4729 vix
3474 4674 3652 4730 unius
3682 4679 3785 4730 aut

2121 4784 2425 4824 summum
2455 4766 2618 4821 bidui
2651 4766 2962 4821 intervallo
2993 4768 3153 4821 locus
3185 4767 3343 4820 idem
3366 4771 3423 4820 et
3452 4767 3658 4820 Persas
3691 4763 3781 4819 di-

2124 4856 2366 4911 miserat
2397 4857 2603 4927 pedem
2637 4872 2745 4909 sua
2774 4871 2979 4909 versus
3020 4856 3340 4908 referentes
3373 4859 3428 4907 et
3462 4854 3779 4924 instantem

2122 4946 2363 5017 vestigis
2390 4945 2652 5015 ipsorum
2680 4944 3005 5015 excipiebat
3026 4946 3378 5014 Augustum.
3408 4942 3785 5014 Apparebant

2123 5040 2319 5091 autem
2350 5037 2472 5088 tota
2502 5033 2725 5105 passim
2758 5032 2994 5104 regione
3024 5037 3208 5087 strata
3240 5031 3365 5085 suis
3400 5047 3647 5102 quaeque
3669 5032 3780 5086 sub

2126 5124 2433 5179 arboribus
2468 5140 2641 5194 poma
2672 5122 2921 5177 decidua
2951 5124 3296 5191 fructusque
3327 5120 3521 5175 omnis
3551 5120 3785 5193 generis

2128 5212 2365 5277 maturi,
2388 5216 2552 5267 tanta
2583 5211 2749 5281 copia
2772 5221 2836 5265 ut
2868 5211 3071 5281 majori
3106 5209 3401 5265 exercitus
3430 5209 3581 5281 parti
3613 5210 3783 5265 cibus

2126 5302 2263 5357 inde
2292 5301 2607 5355 sufficeret.
2660 5298 2804 5353 Nam
2834 5299 2948 5353 alia
2979 5298 3202 5354 ratione
3230 5299 3475 5369 praeberi
3509 5299 3697 5353 forum
3731 5306 3786 5352 et

2128 5389 2329 5445 inferri
2363 5388 2573 5444 castris
2605 5386 2719 5440 illis
2747 5392 3167 5453 commeatum,
3202 5388 3512 5443 interdicto
3558 5387 3785 5441 dudum

2130 5479 2182 5534 vi
2217 5495 2281 5533 ac
2312 5481 2473 5531 metu
2504 5475 2699 5530 hostili
2734 5493 2836 5546 per
2868 5477 3021 5532 504
3053 5495 3287 5532 omnem
3322 5476 3480 5530 hunc
3510 5478 3623 5530 late
3654 5480 3782 5529 tra-

2132 5572 2292 5622 ctum
2318 5564 2689 5630 commercio,
2708 5568 3062 5635 sperandum
3078 5566 3233 5621 haud
3256 5572 3399 5621 erat.
3418 5567 3618 5635 Itaque
3635 5580 3785 5635 smpe

2135 5658 2193 5710 in
2224 5655 2519 5726 specimen
2551 5654 2747 5709 miseri
2782 5672 2899 5725 quo
2930 5662 3069 5711 tunc
3104 5656 3378 5710 utebatur
3401 5653 3590 5708 victus
3625 5653 3791 5708 misit

2138 5747 2459 5817 imperator
2487 5744 2559 5800 ad
2584 5749 2910 5816 Augustam
2933 5751 2990 5802 et
3004 5762 3264 5815 socrum,
3286 5745 3357 5799 ad
3390 5742 3785 5816 patriarcham
