4080 6410
443 421 551 476 967
1751 417 2053 473 GEORGII
2093 415 2557 471 PACHYMEBE
3723 426 3810 481 968

443 544 501 600 δὲ
528 566 587 621 γε
643 548 897 617 ποταμοῦ
951 541 1233 619 τρυγοίπῳ
1292 540 1652 613 διηθούμενον
1710 541 1799 594 καὶ
1830 539 2316 613 ἐξαιθρια-Ατῶν
2376 545 2475 608 τῆς
2536 538 2788 614 Προύσης
2853 543 3030 613 μερῶν
3094 538 3366 615 ἀνάγεται,
3420 540 3484 597 τὰ
3526 548 3617 610 τῆς
3661 547 3807 603 αὐτῶν

445 636 671 707 ζόμενον
737 632 899 707 μόλις
954 634 1210 709 προσιτὸν
1259 631 1393 685 εἶναί
1452 632 1502 684 οἳ
1564 626 1753 688 ποτόν.
1811 630 1903 697 Μὴ
1965 632 2096 703 γοῦν
2209 625 2564 701 ἐπισκέψεως,
2598 627 2735 683 ὥστε
2765 627 2993 682 καὶτῶν
3025 626 3239 705 ἐχθρῶν
3260 629 3457 693 τελέως
3487 628 3809 708 ἐκδιωχθῆναι

441 726 639 785 ἱκανῶς
689 719 832 797 ἔχων
894 723 1015 777 τότε
1068 719 1283 775 διώκειν
1346 719 1394 773 ἐν
1442 717 1777 793 δυσχωρίαις
1807 718 1868 773 τὸ
1906 721 2092 792 ΙΙερσι-
2206 714 2281 778 εἷς
2311 718 2497 784 καιρὸν
2532 715 2744 773 εὔθετον
2780 718 3132 792 ἀναθέμενος.

439 815 561 883 κὸν,
610 810 799 875 ἄλλως
856 833 914 867 τε
968 812 1059 865 καὶ
1118 808 1317 872 ἐνδείας
1372 810 1725 882 ἐπικειμένης
1773 814 1878 863 τῶν
1928 808 2093 881 ἀναγ-

440 904 632 970 καίων,
664 904 725 957 τὸ
754 903 890 963 τέως
943 900 1078 974 ἔγνω
1134 901 1224 954 τὸν
1285 901 1454 954 τόπον
1505 902 1865 974 κατοχυροῦν,
1900 898 1990 952 καὶ
2025 894 2090 966 δὴ

440 994 719 1070 φρουρίοις
780 992 873 1063 μὲν
935 995 1159 1064 συχνοῖς
1214 991 1278 1043 τά
1325 990 1451 1062 παρ’
1508 987 1732 1063 ἑκάτερα
1787 992 1884 1042 τοῦ
1915 1008 2091 1042 ποτα-

444 1087 548 1155 μοῢ
597 1076 946 1152 διελάμϐανε,
996 1081 1063 1133 τὰ
1116 1080 1211 1151 μὲν
1249 1078 1704 1149 πεπονηκότατῷ
1736 1078 1922 1152 χρόνῳ
1972 1076 2092 1131 ἐπι-

437 1171 705 1239 σκευάζων
743 1172 832 1224 καὶ
887 1174 1171 1234 συνιστῶν,
1222 1166 1366 1222 ἄλλα
1415 1166 1470 1221 δὲ
1502 1168 1664 1228 αὐτὸς
1694 1168 1919 1221 ἀνιστῶν
1953 1165 2089 1220 ὅπου

2206 877 2253 932 λ’
2329 881 2408 936 Τὰ
2499 879 2636 951 κατᾶ
2727 880 2854 959 τους
2950 881 3089 955 πρὸς
3140 883 3251 959 Δτὸν
3328 883 3500 939 πάπαν
3573 892 3808 959 Μαρτῖνον

2799 953 3269 1028 ἀποκρισιαρίους.

2278 1080 2359 1151 [Ρ.
2415 1080 2540 1151 344]
2596 1074 2808 1150 Ξυνέϐη
2877 1078 2935 1134 δὲ
2985 1080 3098 1136 τότ’
3150 1081 3250 1136 ἀνὰ
3306 1084 3545 1156 Ηροῦσαν
3600 1081 3811 1159 διάγοντι

2202 1168 2389 1222 καὶτὰ
2437 1169 2573 1223 κατὰ
2618 1169 2711 1223 τὸν
2762 1169 2985 1224 πάππαν
3021 1177 3231 1243 μαθεῖν,
3265 1170 3323 1233 ὃς
3377 1169 3442 1241 δὴ
3491 1172 3576 1226 καὶ
3628 1179 3811 1248 Μαρτῖ-

432 1266 527 1315 τοῦ
560 1264 815 1332 ποταμοῦ
843 1255 1272 1332 λειψυδροῦντος
1312 1257 1479 1330 πόρον
1514 1253 1619 1310 ἔδει
1670 1255 1964 1330 γίγνεσθαι,
2016 1255 2088 1316 ὡς

435 1348 491 1404 ἂν
555 1350 668 1422 ἅμα
730 1349 825 1420 μὲν
874 1351 941 1421 τῇ
999 1351 1104 1401 τῶν
1167 1344 1440 1423 φρουρίων
1496 1346 1817 1414 πυκνότητι,
1870 1346 1983 1416 ἅμα
2032 1341 2088 1399 δὲ

430 1439 517 1493 καὶ
576 1443 695 1499 ταῖς
725 1442 831 1490 τῶν
868 1435 1175 1510 ἀναγκαίων
1222 1435 1404 1489 τόπων
1426 1438 1815 1509 νπροκατοχαῖς
1848 1432 1900 1487 ἐν
1936 1434 2085 1505 ἀμη-

431 1528 625 1602 χάνοις
680 1525 748 1580 τὰ
805 1530 913 1579 τῶν
977 1528 1195 1599 Περσῶν
1249 1523 1527 1599 γίνωνται,
1588 1519 1877 1577 Συστεῐλαι
1912 1520 1969 1575 δὲ
1994 1522 2082 1576 θέ-

430 1615 541 1671 λων
597 1616 688 1669 καὶ
741 1615 833 1676 τὰς
892 1610 1116 1691 ἐφόδους
1171 1618 1279 1667 τῶν
1336 1610 1599 1666 ἐπιόντων
1635 1612 1707 1673 ὡς
1764 1612 1839 1683 μὴ
1887 1608 2078 1680 ἀνέδην

429 1705 622 1759 ὁπόθεν
686 1702 976 1780 βούλοιντο
1036 1700 1330 1757 διεκπαίειν
1388 1703 1476 1757 καὶ
1544 1700 1908 1755 ἐπεισπίπτειν
1942 1698 2080 1769 ἀδή-

429 1793 561 1862 λως,
624 1793 983 1869 ἀξινηφόρους
1042 1792 1093 1854 ἐς
1154 1790 1298 1845 πολὺ
1356 1788 1571 1860 πλῆθος
1628 1792 2077 1861 συναθροισθῆναι

2200 1278 2293 1321 νος
2342 1258 2477 1330 μετὰ
2501 1257 2775 1313 Νικόλαον
2834 1260 2924 1327 ἦν.
2958 1260 3099 1333 Πρὸς
3146 1261 3250 1335 γὰρ
3299 1260 3455 1315 αὐτὸν
3488 1257 3669 1334 ἔφθασε
3694 1262 3813 1334 πέμ·

2201 1350 2297 1420 ψαι
2373 1346 2461 1401 τόν
2541 1369 2600 1402 τε
2674 1347 2996 1423 Ἡρακλείας
3067 1350 3272 1405 Λέοντα
3326 1350 3417 1404 καὶ
3473 1350 3560 1403 τὸν
3612 1350 3811 1410 Νικαίας

2202 1437 2496 1512 Θεοφάνην.
2560 1437 2623 1490 Οἰ
2676 1436 2742 1505 δὴ
2801 1439 2886 1493 καὶ
2941 1438 3249 1501 ἐπιστάντες
3307 1438 3367 1493 οὐ
3426 1440 3539 1493 κατ’
3594 1436 3807 1505 ἐλπίδας,

2199 1523 2259 1587 ἃς
2317 1526 2466 1600 εἶχον
2526 1526 3053 1595 ἀποστελλόμενοι,
3110 1530 3238 1603 παρ’
3298 1528 3507 1583 ἐκείνων
3565 1524 3806 1601 ἐδέχοντο,

2198 1612 2344 1668 ἀλλὰ
2399 1614 2710 1669 τούναντίον
2770 1618 2927 1673 ἅπαν.
2985 1618 3059 1670 Τά
3113 1616 3213 1692 γὰρ
3245 1620 3360 1681 καθ⁷
3413 1619 3554 1689 ἡμᾶς
3586 1617 3656 1677 ὡς
3684 1615 3806 1689 εἶχον

2201 1703 2486 1773 μαθόντες,
2544 1704 2633 1757 καὶ
2687 1703 2819 1779 ὅπερ
2880 1704 2948 1773 ἦν
3009 1705 3464 1775 ὑποτοπάσαντες,
3524 1703 3715 1779 χλεύην
3756 1703 3805 1756 τὸ

2196 1793 2414 1865 γεγονὸς
2460 1792 2547 1846 καὶ
2580 1793 2683 1848 οὐκ
2729 1793 2991 1863 ἀλήθειαν
3022 1793 3273 1869 ἄντικρυς
3323 1795 3487 1870 (παρᾶ
3520 1793 3671 1865 μόνον
3721 1793 3803 1865 γὰρ

427 1881 657 1951 κελεύει,
707 1883 795 1937 καὶ
856 1889 1029 1955 μῆκος
1093 1881 1186 1953 μὲν
1247 1882 1640 1955 παραμετρήας
1698 1884 1794 1932 τοῦ
1826 1883 2077 1951 ποταμοῦ
2111 1916 2155 1979 Β
2200 1880 2426 1955 βασιλέα
2472 1881 2561 1935 καὶ
2593 1882 2942 1958 πατριάρχην
2985 1885 3073 1938 καί
3125 1905 3274 1945 τινας
3321 1889 3424 1938 τῶν
3473 1883 3592 1958 περί
3644 1879 3806 1940 αὐτοὺς

423 1974 547 2027 ὃσον
602 1975 666 2041 ἦν
722 1974 1011 2046 ἀναγκαῖον
1040 1975 1498 2044 κατοχυροῦσται,
1532 1968 1742 2030 πλάτος
1778 1965 1835 2021 δὲ
1865 1969 1926 2021 τὸ
1960 1969 2078 2021 ἱκα-
2111 1965 2155 1979 υ
2192 1978 2383 2032 πάντες
2442 1968 2820 2043 ἐδυσμέναινον
2880 1976 2946 2045 τῇ
3006 1972 3223 2047 εἰρήνῃ,
3276 1973 3364 2027 καὶ
3398 1970 3603 2045 μᾶλλον
3632 1969 3705 2024 ὅτι
3731 1967 3804 2023 καὶ

419 2063 510 2116 νὸν
567 2060 949 2137 λογισάμενος,
1011 2057 1224 2130 σπουδῇ
1274 2059 1340 2113 τὰ
1388 2056 1581 2133 δένδρα
1628 2058 1929 2120 κόπτοντας
1959 2057 2080 2112 ἐπι-
2188 2066 2403 2122 ποιναῖς
2458 2060 2786 2123 ἀλλοκότοις
2844 2061 3037 2131 ἤθελεν
3110 2062 3499 2140 ἀσφαλίζεσθαι
3553 2059 3733 2128 ταύτην
3782 2057 3804 2110 ὁ

419 2152 597 2205 τάττει
658 2145 1116 2205 ἐπικαταϐάλλειν
1171 2145 1224 2202 ἓν
1287 2150 1368 2225 ἐφ’
1418 2148 1516 2216 ἑνὶ,
1572 2147 1661 2201 καὶ
1720 2146 1861 2201 οὕτω
1910 2167 2076 2201 κατα·
2193 2148 2471 2223 βασιλεὺς)
2531 2150 2764 2213 ἐκείνους
2819 2152 2913 2224 μὲν
2976 2151 3027 2205 ἐν
3090 2152 3311 2225 ἀτίμοις
3369 2152 3537 2227 εἶχον,
3590 2149 3670 2203 καὶ
3719 2148 3800 2213 τήν

420 2244 701 2294 πυκνῶσαι
751 2245 869 2300 τοῖς
898 2236 1073 2293 κλωσὶ
1106 2241 1214 2292 τῶν
1247 2234 1480 2310 δένδρων
1512 2236 1602 2291 τὸν
1635 2236 1801 2289 τόπον
1836 2237 1910 2297 ὡς
1947 2233 2081 2308 μηδ’
2190 2239 2265 2300 εἰς
2321 2240 2413 2293 τὸν
2469 2241 2691 2294 πάππαν
2749 2239 3021 2315 πρόσοδον
3085 2242 3185 2316 ὀψε
3240 2242 3331 2297 καὶ
3368 2239 3525 2316 μόλις
3549 2242 3801 2313 παρεῖχον,

422 2326 544 2405 ὅφιν
596 2328 709 2384 οἷόν
742 2331 789 2383 τ’
840 2328 972 2382 εἶναι
1024 2325 1219 2401 σχεδὸν
1254 2323 1586 2400 διέρχεσθαι.
1641 2330 1820 2380 Ταῦτα
1856 2326 1992 2400 πρὸς
2015 2326 2078 2379 τὸ
2186 2328 2344 2390 τέλος
2380 2327 2437 2383 δὲ
2471 2328 2696 2405 βασιλέα
2728 2331 2821 2403 μὲν
2864 2331 2953 2385 καὶ
2985 2330 3115 2393 τοὺς
3148 2333 3286 2408 ἀμφ’
3340 2330 3495 2386 αὐτὸν
3528 2330 3596 2389 ὡς
3627 2324 3804 2401 χλευα-

418 2419 589 2488 παρὸν
646 2417 896 2488 ἐπιτάξας
949 2439 1007 2471 τε
1062 2417 1151 2471 καὶ
1218 2414 1615 2477 κατασκευάσας
1672 2420 1751 2487 τῷ
1801 2413 2076 2487 ἐπιμεῖναι
2188 2418 2315 2480 κτὰς
2349 2418 2653 2493 ἐπιτιμίοις
2704 2420 2791 2474 καὶ
2849 2420 2925 2493 μὴ
2968 2419 3253 2490 ἀληθείαις
3312 2424 3651 2494 στοιχοῦντας
3697 2416 3809 2482 ἀφο-

419 2505 947 2584 ταλαιπωρούμενος
983 2551 996 2575 ,
1056 2504 1216 2561 τέλος
1293 2506 1623 2579 σιταρκήσας
1680 2510 1795 2567 τοῖς
1854 2504 1905 2559 ἐν
1960 2509 2075 2567 τοῖς
2189 2514 2409 2583 ρισμοῖς
2494 2503 2896 2578 καθυπέϐαλον,
2972 2508 3101 2571 τοὺς
3180 2507 3237 2564 δὲ
3307 2505 3550 2585 πρέσϐεις
3608 2500 3806 2579 μηδενὸς

420 2598 701 2675 φρουρίοις
750 2599 813 2653 τὸ
873 2597 1071 2667 ἱκανὸν,
1129 2596 1274 2671 παρά
1328 2596 1419 2650 τὸν
1476 2594 1724 2669 ποταμὸν
1775 2596 1942 2672 μέχρι
1986 2595 2077 2649 καὶ
2189 2597 2511 2670 ἀξιώσαντες
2578 2603 2685 2653 τῶν
2751 2596 2976 2653 εἷ’κότων
3032 2598 3404 2673 ἀπέπεμττον.
3462 2596 3625 2652 Ταῦτα
3675 2590 3814 2668 γνοὺς

2191 2832 2346 2872 nona
2366 2815 2423 2872 in
2449 2833 2612 2872 arces
2643 2822 2865 2889 quanta
2896 2836 3045 2891 opus
3066 2823 3191 2874 erat
3213 2819 3408 2889 illata,
3428 2817 3617 2888 legens
3645 2809 3807 2867 ﬂumi-

2191 2905 2282 2959 nis
2315 2906 2502 2977 ripam
2536 2906 2729 2961 Prusae
2762 2907 3030 2977 partibus
3060 2924 3123 2962 se
3154 2907 3459 2973 admovet,
3498 2895 3809 2973 diligentiori

2190 2993 2552 3066 inspectione
2586 2994 2845 3051 locorum
2887 2998 3255 3066 eorumdem,
3301 2997 3382 3052 uti
3431 2998 3487 3050 et
3532 2992 3687 3065 plena
3726 3004 3808 3042 ex-

2190 3083 2458 3153 pulsione
2488 3084 2624 3139 inde
2655 3085 2939 3154 hostium,
2973 3085 3029 3139 in
3064 3090 3313 3158 tempus
3341 3085 3707 3157 opportunum
3735 3075 3801 3129 di-

2190 3173 2345 3229 latis.

420 2819 594 2876 etiam
619 2823 677 2874 et
699 2817 845 2873 alios
870 2816 1212 2883 familiares,
1240 2816 1599 2871 furfurosum
1626 2831 1833 2887 panem
1860 2816 2076 2870 durum

420 2914 479 2965 et
500 2914 717 2973 atrum,
746 2907 855 2962 has
890 2923 1019 2962 esse
1052 2906 1320 2961 scribens
1374 2904 1635 2960 lautitias
1668 2922 1787 2960 suae
1823 2921 2075 2972 mensae;

419 3002 478 3052 et
508 2997 870 3067 adjungebat
926 2994 1136 3050 iisdem
1197 2993 1412 3048 litteris
1446 3010 1517 3048 ne
1551 2994 1801 3047 fontanae
1835 2992 2075 3064 quidem

417 3087 531 3144 sibi
562 3104 726 3159 aquze
758 3085 985 3158 copiam
1019 3086 1089 3140 ad
1124 3088 1326 3157 potum
1359 3088 1693 3156 suppetere,
1728 3084 1827 3137 sed
1862 3088 1920 3137 et
1948 3086 2076 3137 tur-

415 3175 552 3231 bido
600 3174 884 3230 haustum
932 3173 1198 3238 ﬂumine,
1231 3172 1342 3227 coli
1392 3171 1842 3227 transmissione
1891 3170 2079 3226 obiter

413 3267 730 3338 purgatum
747 3262 1275 3335 refrigeratamque
1298 3262 1409 3316 sub
1430 3262 1732 3331 dio,quem
1756 3260 2071 3315 sitibundae

415 3357 613 3412 fauces
638 3372 792 3427 zegre
823 3357 891 3410 ad
904 3354 1223 3421 mitterent,
1247 3352 1537 3423 liquorem
1572 3351 1897 3423 propinari.
1920 3355 2068 3406 Cum

413 3451 609 3502 autem
661 3445 861 3501 hostes
894 3444 975 3499 sic
1006 3442 1287 3497 instando
1321 3441 1715 3497 contrusisset
1740 3441 1798 3495 in
1833 3455 2073 3509 asperos

405 3537 531 3608 jam
558 3550 663 3590 nec
696 3534 862 3589 facile
892 3532 1123 3604 pervios
1152 3530 1363 3586 limitis
1390 3530 1654 3601 ipsorum
1686 3528 1894 3597 saltus,
1916 3527 2073 3582 haud

411 3640 474 3680 se
504 3622 734 3679 idoneis
766 3622 1124 3677 instructum
1174 3617 1356 3690 copiis
1390 3618 1652 3673 sentiens
1686 3618 1756 3673 ad
1791 3634 1891 3673 eos
1925 3618 2073 3672 ulte-

410 3714 537 3768 rius
571 3710 1029 3783 persequendos,
1052 3714 1109 3763 et
1129 3708 1367 3764 aliunde
1385 3724 1581 3763 rerum
1604 3706 2071 3762 necessariarum

411 3802 659 3875 penuria
690 3804 954 3872 urgente,
989 3799 1246 3871 cogitare
1281 3800 1351 3854 de
1382 3798 1571 3854 reditu
1618 3803 1855 3853 coactus
1906 3797 2072 3868 prius

413 3900 626 3961 lamen,
656 3891 847 3962 quoad
882 3906 975 3945 res
1007 3890 1259 3957 sinebat,
1284 3887 1517 3943 munire
1557 3887 1807 3943 limitem
1841 3886 2074 3941 studuit

410 3982 646 4037 arcibus
678 3980 750 4035 ad
785 3983 1094 4050 utramque
1145 3977 1409 4032 ﬂuminis
1461 3977 1651 4049 ripam
1704 3976 1974 4031 excitatis
2016 3980 2073 4030 et

407 4069 679 4143 praesidio
726 4068 968 4124 insessis
1017 4066 1310 4139 plurimis.
1348 4069 1607 4133 Quarum
1642 4065 1873 4136 aliquas
1905 4068 2069 4119 vetu-

406 4163 557 4215 state
580 4175 647 4214 ac
668 4161 1001 4228 temporum
1030 4155 1268 4226 injuriis
1291 4154 1607 4210 semirutas
1631 4154 1832 4209 refecit
1851 4152 2070 4208 instru-

401 4250 621 4320 xitque,
646 4265 826 4304 novas
857 4247 985 4319 ipse
1006 4246 1236 4317 aliquas
1255 4246 1611 4317 adjungens,
1634 4244 1716 4298 ibi
1741 4243 2064 4315 praesertim

415 4338 517 4393 ubi
549 4337 779 4409 parcior
808 4352 969 4405 aquae
1001 4334 1193 4390 amnis
1242 4333 1390 4388 vado
1420 4332 1608 4401 trajici
1643 4336 1855 4403 potest,
1890 4336 1954 4385 ut
1983 4333 2068 4386 sic

405 4432 462 4482 et
486 4426 798 4482 crebritate
847 4423 1258 4496 praesidiorum
1292 4429 1345 4476 et
1378 4420 1880 4492 praeoccupatione
1910 4420 2065 4475 loco-

405 4534 536 4573 rum
570 4515 1066 4579 necessariorum,
1099 4513 1305 4583 inopes
1339 4510 1571 4567 consilii
1618 4516 1807 4567 Persae
1861 4511 2066 4565 redde-
2174 4514 2345 4570 cham
2371 4514 2776 4584 quosdamque
2798 4530 2928 4569 cum
2956 4514 3048 4568 his
3070 4514 3371 4579 assiduos,
3396 4518 3633 4569 oaateros
3654 4504 3801 4578 plane

404 4610 628 4663 rentur.
664 4606 923 4670 Quorum
956 4602 1131 4657 etiam
1174 4601 1545 4655 incursiones
1592 4616 1855 4656 coercere
1899 4598 2064 4653 obice
2173 4617 2377 4657 omnes
2406 4602 2621 4657 taedere
2652 4602 3018 4669 concordiae),
3051 4602 3297 4673 insuper
3346 4602 3526 4657 etiam
3575 4595 3700 4651 illas
3744 4587 3801 4643 ab

403 4694 673 4767 opposito
706 4692 974 4757 studens,
1002 4706 1073 4745 ne
1094 4694 1159 4745 ut
1179 4695 1352 4745 antea
1372 4688 1734 4761 pralicenter
1756 4688 1902 4742 citra
1933 4703 2055 4742 me-
2088 4680 2136 4743 D
2168 4691 2521 4761 imperatore
2543 4691 2614 4745 ad
2638 4690 2813 4745 ﬁdem
2847 4691 3008 4761 pacis
3039 4691 3266 4746 sincere
3289 4690 3447 4746 initis
3498 4681 3798 4767 faciendam

398 4766 527 4840 tum
555 4784 725 4839 illum
750 4799 864 4854 quo
893 4781 1133 4837 lubebat
1163 4779 1579 4851 irrumperent,
1600 4778 1953 4833 inobservati
1988 4794 2056 4833 ex
2170 4780 2467 4834 aﬂ'ectatas
2499 4796 2805 4850 poenarum
2830 4780 2904 4834 ab
2929 4779 3198 4835 Ecclesia)
3221 4775 3674 4835 mansuetudine
3692 4766 3803 4823 alie'

399 4872 717 4946 improviso
767 4871 1081 4935 irruentes,
1129 4869 1495 4941 securigeras
1543 4883 1758 4938 magno
1809 4883 2054 4921 numero
2168 4885 2381 4923 narum
2413 4869 2747 4923 atrocitates
2785 4867 3205 4939 improbantes,
3261 4866 3475 4939 frigide
3506 4864 3718 4934 legatos
3744 4866 3800 4907 ac

398 4962 741 5035 congregari
777 4960 1063 5034 praecipit,
1088 4964 1147 5014 et
1178 4958 1606 5030 longitudinem
1639 4956 1802 5011 ﬂuvii
1831 4957 2057 5012 dimen-
2165 4956 2548 5027 contemptim
2584 4956 2860 5022 habuere,
2887 4973 2992 5012 nec
3024 4972 3123 5012 eos
3156 4955 3270 5012 nisi
3302 4972 3437 5012 sero
3461 4953 3555 5008 vix
3584 4946 3798 5006 tandem

398 5066 503 5106 sus
560 5056 842 5123 quantam
905 5048 1250 5121 expediebat
1297 5061 1472 5118 opere
1523 5046 1763 5112 muniri,
1799 5045 2054 5116 huicque
2165 5052 2222 5103 et
2253 5063 2403 5118 aegre
2442 5047 2514 5101 ad
2566 5063 2777 5119 papam
2810 5047 3283 5115 introduxerunt,
3317 5062 3387 5102 eo
3419 5046 3653 5100 demum
3683 5048 3798 5091 suc-

398 5140 606 5197 idonea
649 5140 962 5196 latitudine
1012 5142 1181 5211 juxta
1234 5153 1553 5210 congruam
1618 5135 2052 5208 proportionem
2164 5153 2335 5192 cessu
2368 5136 2701 5208 legationis,
2729 5141 2793 5192 ut
2821 5137 3143 5208 imperator
3171 5153 3304 5193 cum
3361 5134 3488 5192 suis
3535 5137 3794 5199 tanquam

398 5231 861 5301 accommodata,
921 5230 1195 5286 festinato
1252 5244 1433 5284 caesas
1494 5228 1734 5283 arbores
1802 5226 2050 5282 invicem
2162 5224 3054 5288 illusores,etostentationibus
3076 5224 3501 5297 suppliciorum
3532 5219 3601 5274 ad
3634 5216 3798 5270 simu-

399 5318 726 5375 coacervari
758 5335 875 5373 una
905 5319 1007 5373 uni
1035 5317 1632 5389 superpositajussit,
1667 5314 2051 5388 colligarique
2164 5312 2428 5381 landam,
2452 5330 2631 5384 quam
2647 5313 3200 5382 verenoninierant,
3226 5311 3600 5369 concordiam
3623 5297 3796 5361 abusi,

395 5411 606 5464 mutuo
655 5405 976 5478 implicatis
1022 5386 1286 5477 ipsarum
1328 5386 1482 5463 5075
1529 5405 1730 5473 ramis,
1760 5386 2049 5461 densitate
2163 5403 2530 5459 anathemati
2562 5403 3017 5471 subjicerentur.
3053 5406 3175 5470 Quo
3208 5402 3359 5458 facto
3385 5401 3608 5471 legatos
3653 5386 3797 5447 nulla

394 5502 559 5555 tanta
590 5502 655 5552 ut
685 5514 758 5552 ne
789 5494 967 5565 angui
994 5496 1228 5565 quidem
1264 5497 1383 5551 fere
1415 5496 1682 5567 quaedam
1736 5494 1857 5551 hinc
1893 5493 2050 5550 velut
2162 5494 2435 5565 dignatos
2483 5492 2898 5548 benevolentiae
2949 5498 3051 5549 aut
3104 5491 3340 5548 honoris
3390 5480 3799 5567 significatione

393 5602 564 5657 sepes
597 5562 1450 5656 praeberet—transitumﬂisin
1476 5601 1735 5657 praesens
1764 5584 2050 5640 ordinatis
2161 5562 2536 5639 dimiserunt.
2571 5583 2724 5638 606
2750 5582 2879 5638 Haec
2934 5582 3036 5637 ubi
3088 5580 3427 5638 renuntiata
3476 5562 3794 5657 imperatori

391 5678 451 5729 et
477 5674 747 5742 provisis.
786 5691 918 5731 cum
975 5672 1309 5726 ulteriorem
1363 5656 1495 5728 istic
1548 5691 1773 5729 moram
1826 5674 2051 5729 incom-
2165 5693 2266 5746 per
2296 5674 2591 5729 Nicaanum
2628 5675 2951 5745 sunt(nam
2984 5672 3324 5729 Heracleota
3344 5668 3633 5726 eoitinere
3654 5656 3793 5716 obie-

383 5757 567 5816 moda
615 5762 1020 5832 gravescentia
1053 5777 1167 5815 non
1198 5761 1622 5830 permitterent,
1654 5765 1891 5819 tandem
1942 5780 2045 5818 an-
2166 5765 2279 5833 rat)
2302 5763 2719 5835 indignissime
2748 5762 2902 5834 tulit,
2927 5763 3072 5819 adeo
3106 5767 3171 5818 ut
3200 5777 3332 5819 cum
3364 5759 3519 5815 inter
3547 5767 3702 5811 sacra
3728 5746 3790 5800 d9

2247 3316 2337 3370 30.
2372 3317 2443 3371 De
2471 3316 2857 3388 apocrisiariis
2885 3318 2962 3373 ad
2987 3333 3194 3389 papam
3228 3319 3547 3374 Martinam
3573 3310 3738 3368 missis.

2251 3440 2506 3511 Contigit
2551 3446 2747 3497 autem
2805 3445 2947 3497 tunc
2998 3442 3151 3513 apud
3204 3443 3456 3499 Prusam
3508 3427 3791 3511 imperatori

2182 3532 2569 3586 commoranti
2594 3532 2786 3587 afferri
2807 3531 3082 3587 nuntium
3107 3533 3179 3587 de
3202 3536 3371 3589 statu
3386 3547 3575 3589 rerum
3592 3535 3796 3583 suarum

2182 3621 2336 3691 apud
2376 3637 2612 3692 papam.
2643 3622 2930 3677 Martinus
2958 3621 3055 3676 hic
3086 3625 3231 3688 erat,
3266 3622 3379 3695 qui
3427 3618 3649 3676 Nicolao
3689 3626 3799 3667 suc-

2180 3714 2459 3764 cesserat.
2494 3710 2575 3763 Ad
2608 3709 2766 3765 hunc
2798 3715 3193 3766 maturaverat
3225 3712 3466 3768 mittere
3495 3704 3803 3763 Heracleen-

2181 3814 2303 3852 sem
2335 3799 2677 3870 episcopum
2716 3799 2964 3855 Leonem
2986 3799 3370 3857 etNicaenum
3405 3797 3800 3869 Theophanem-

2177 3886 2393 3942 Verum
2428 3887 2486 3942 hi
2505 3887 2737 3960 appulsi
2758 3905 2873 3959 quo
2898 3889 3312 3958 mittebantur,
3339 3891 3491 3946 haud
3512 3882 3798 3943 secundum

2179 3977 2674 4047 exspectationem
2718 3977 2985 4047 ipsorum
3034 3977 3172 4033 istic
3222 3986 3366 4034 sunt
3412 3973 3645 4046 excepti,
3677 3966 3794 4041 qui“

2176 4066 2377 4119 omnia
2428 4066 2626 4136 potius
2653 4067 2907 4138 speratis
2937 4067 3159 4138 experti
3191 4066 3505 4123 contraria.
3537 4058 3795 4118 Nimirum

2176 4154 2368 4209 edocti
2402 4156 2472 4210 ad
2507 4172 2706 4210 verum
2741 4156 2983 4211 Romani
3015 4158 3085 4211 de
3118 4157 3297 4213 rebus
3328 4153 3565 4220 nostris,
3588 4154 3641 4206 et
3668 4139 3799 4218 quod

2177 4259 2268 4299 res
2281 4249 2405 4298 erat
2426 4244 2734 4316 suspicati,
2754 4245 2952 4311 istam,
2978 4262 3102 4316 qua:
3118 4262 3470 4319 magnopere
3478 4239 3798 4315 jactabatur.

2177 4348 2378 4403 pacem
2413 4332 2559 4387 nihil
2594 4334 2833 4388 demum
2868 4334 3029 4389 aliud
3054 4334 3169 4390 nisi
3201 4336 3404 4391 fucum
3430 4325 3799 4389 etludibrium

2174 4440 2303 4479 esse
2324 4423 2556 4495 (praeter
2576 4423 2791 4495 quippe
2823 4425 3236 4496 imperatorem
3271 4424 3466 4481 solum
3499 4428 3555 4477 et
3585 4414 3804 4489 patriar-
