4080 6426
341 504 449 560 969

1404 504 1504 558 DE
1540 501 1914 558 MICHAELE
1950 501 2397 558 PALEOLOGO
2432 505 2566 560 LIB.
2608 507 2707 561 VI.

3657 508 3764 565 970

344 624 602 702 βασιλεὺς
634 625 781 700 παρᾶ
809 629 907 680 τοῦ
938 624 1164 687 Νικαίας
1210 620 1525 684 ἐπανιόντος
1582 625 1631 695 (ὁ
1686 623 1788 697 γὰρ
1819 623 1990 696 ⁴Ηρα-
2022 625 2070 688 Α
2167 621 2270 680 λα’.
2321 624 2451 699 Περὶ
2490 629 2596 680 τῶν
2641 623 2918 696 διαθηκῶν
2956 633 3053 683 τοῦ
3091 632 3438 706 πατριάρχου
3479 633 3700 708 Ἰωσήφ,

1034 711 1056 730 κ

338 716 526 778 κλείας
561 715 854 787 ἐτεθνήκει)
915 715 967 769 ἐν
1030 711 1189 784 δεινῷ
1247 713 1508 779 ἐποιεῖτο,
1559 708 1697 766 ὥστε
1753 711 1842 765 καὶ
1899 711 1995 764 τοῦ

339 804 592 860 διακόνου
655 803 955 877 μέλλοντος
1014 802 1374 876 μνημονεύειν
1447 807 1544 856 τοῦ
1598 800 1790 855 πάππα
1859 798 1995 854 κατᾶ

335 898 396 950 τὸ
451 895 678 964 σύνηθες
740 893 1008 967 βασιλέως
1063 891 1328 966 παρόντος
1385 893 1412 944 ὁ
1457 895 1666 965 κρατῶν
1704 888 1990 955 διεκώλυε,

333 982 478 1039 καλά
524 983 696 1056 λέγων
728 985 824 1050 τῆς
851 980 1062 1057 ἀγάπης
1114 980 1330 1034 ἐκείνων
1383 979 1703 1050 ἀπόνασθαι,
1737 979 1862 1031 ὥστ’
1896 977 1992 1030 αὐ-

330 1075 422 1128 τὸν
459 1073 554 1144 μὲν
586 1071 970 1144 ἐκπολεμῶσαι
1013 1069 1082 1124 δι’
1113 1069 1352 1130 ἐκείνους
1378 1069 1550 1138 ἐαυτῷ
1570 1068 1697 1130 τοὺς
1729 1066 1984 1132 οἰκείους,

331 1161 568 1222 ἐκείνους
603 1157 660 1213 δὲ
695 1161 770 1232 μὴ
805 1160 953 1220 ὅπως
980 1160 1144 1232 ςιιάριν
1197 1156 1366 1232 ἔχειν,
1412 1155 1556 1211 ἀλλὰ
1587 1157 1674 1210 καὶ
1707 1175 1985 1230 προσαιρο-

330 1252 517 1326 ρίζειν.
561 1244 701 1305 Τότε
728 1247 785 1302 ’δὲ
831 1249 918 1302 καὶ
954 1247 1198 1302 διαλύειν
1249 1245 1416 1315 ἤθελε
1445 1247 1539 1308 τάς
1571 1243 1829 1305 σπονδάς.
1876 1243 1986 1299 Κᾶν

328 1337 638 1406 διελύοντο,
689 1337 733 1391 εἰ
785 1339 859 1409 μή
893 1359 944 1391 τι
977 1337 1304 1410 προσίστατο
1330 1339 1397 1408 τῇ
1437 1333 1628 1409 βουλῇ.
1688 1333 1852 1388 Αὐτὸν
1888 1334 1982 1404 μὲν

325 1429 430 1504 γὰρ
479 1426 666 1482 πολλὰ
693 1433 881 1490 παθεῖν
931 1424 1019 1480 διὰ
1048 1430 1214 1479 ταῦτα
1258 1425 1348 1478 καὶ
1401 1422 1562 1496 μόλις
1616 1423 1824 1490 ἀνύσαι,
1885 1421 1980 1476 κᾶν

324 1515 647 1586 ἐξαπιναίως
705 1515 826 1568 Λύοι
885 1510 1250 1584 παλινῳδῶν,
1311 1511 1626 1571 ἐπιστάντος
1684 1509 1772 1562 καὶ
1831 1507 1982 1569 αὖθις

321 1610 517 1681 καιροῦ
544 1609 641 1659 τοῦ
691 1608 859 1658 ταῦτα
892 1605 1222 1672 ζητήσοντος
1259 1601 1333 1672 μή
1378 1602 1458 1672 [Ρ.
1493 1601 1616 1670 345]
1670 1597 1728 1651 ἂν
1782 1597 1982 1650 ἀνυστα

320 1699 564 1774 γενέσθαι
595 1697 657 1750 τὸ
690 1695 938 1749 σύνολον.
977 1700 1189 1767 Χωρεῖν
1224 1690 1281 1746 δὲ
1330 1691 1516 1752 ἄλλως
1565 1690 1656 1744 καὶ
1701 1689 1777 1750 εἷς
1813 1709 1978 1761 μετα-

324 1783 496 1856 ϐολὴν
528 1786 594 1840 τὰ
617 1792 716 1854 τῆς
767 1784 1096 1853 Ἐκκλησίας
1129 1782 1429 1856 πράγματα
1456 1785 1554 1834 τοῦ
1606 1779 1808 1853 Ἰωσὴφ
1857 1778 1978 1832 ἐπι-

321 1877 702 1936 καταστάντος.
733 1873 908 1928 Αὐτὸν
949 1873 1043 1944 μὲν
1105 1870 1194 1924 οὖν
1254 1871 1342 1924 καὶ
1403 1870 1672 1945 εἷρηνικὸν
1706 1869 1782 1930 εἰς
1841 1869 1978 1921 ἅπαν

326 1966 484 2031 εἶναι,
540 1964 630 2018 καὶ
692 1959 860 2034 μηδὲν
917 1961 966 2030 ἐξ
1026 1961 1192 2014 αὐτοῦ
1223 1959 1490 2013 πιστεύειν
1518 1963 1624 2012 τῶν
1662 1957 1970 2026 ἀνηκέστων

323 2056 614 2128 γίνεσθαι,
673 2051 736 2105 οὐ
817 2052 923 2122 μὴν
984 2048 1110 2104 ἀλλ’
1168 2049 1403 2123 ἀνάγκην
1473 2048 1601 2101 εἶναι
1676 2047 1765 2100 καὶ
1839 2045 1966 2107 τοὺς

319 2145 659 2212 κινήσοντας.
711 2142 808 2194 Καὶ
855 2140 1005 2193 ταῦτ’
1034 2137 1140 2214 οὐχ
1183 2135 1372 2198 ἁπλῶς
1406 2138 1721 2190 ὑποπτευων
1763 2134 1967 2208 ἔλεγεν,

316 2231 461 2286 ἀλλά
514 2253 574 2305 γε
627 2230 690 2284 τὸ
750 2229 856 2303 πρὸ
912 2227 1118 2281 τούτων
1179 2222 1386 2298 συμϐὰν
1451 2225 1548 2279 ἀνὰ
1576 2226 1666 2278 τὸν
1697 2224 1966 2298 Σάγγαριν

317 2315 691 2396 διατρίϐοντος
750 2316 957 2387 δειλιᾷν
1011 2316 1182 2370 ἐποίει
1240 2315 1499 2389 περὶτῶν
1534 2316 1677 2368 ὅλων
1730 2315 1822 2367 τὸν
1869 2314 1964 2387 βα-

314 2410 491 2478 σιλέα,
549 2407 604 2463 εἷ’
653 2428 770 2471 πως
828 2407 900 2469 ὡς
961 2404 1235 2484 ἐπισφαλῆ
1293 2405 1359 2459 τὰ
1418 2403 1738 2478 συγκείμενα
1777 2399 1970 2456 διαλύ-

313 2522 475 2562 σειεν.

310 2737 492 2785 more,
543 2719 896 2788 imperatore
938 2719 1244 2786 praesente,
1288 2714 1572 2768 diaconus
1621 2717 1965 2768 consuetam

309 2826 471 2882 papa
539 2804 1158 2862 commemorationem
1224 2804 1714 2873 pronuntiaturus
1783 2807 1962 2867 esset,

311 2899 578 2969 princeps
631 2912 703 2950 ne
736 2895 952 2949 faceret
983 2893 1368 2963 prohibuerit.
1413 2891 1607 2946 Palam
1642 2897 1837 2945 autem
1892 2892 1963 2945 ad

315 2986 631 3040 familiares
662 2999 1050 3053 conquerens,
1093 2981 1263 3035 nebat
1295 2979 1629 3050 praeclarum
1663 2979 1964 3035 enimvero

316 3074 431 3129 sibi
465 3073 714 3128 fructum
766 3076 1036 3126 constare
1071 3069 1374 3124 charitatis
1424 3070 1482 3123 in
1519 3069 1755 3124 Latinos
1789 3085 1908 3124 sua
1948 3085 1960 3123 :

315 3177 377 3217 se
440 3179 648 3234 nempe
711 3176 889 3216 causa
937 3175 1146 3214 eorum
1208 3158 1559 3213 necessariis
1609 3159 1783 3212 etiam
1837 3157 1961 3212 suis

308 3252 629 3306 certamine
661 3253 958 3320 suscepto,
993 3266 1064 3302 ne
1097 3249 1283 3318 poenis
1317 3249 1553 3318 quidem
1586 3247 1820 3302 acribus
1853 3248 1958 3300 du-

2175 717 2232 768 Ὁ
2267 712 2359 784 μὲν
2391 715 2490 789 γάρ
2522 717 2724 792 Ἰωσὴφ
2757 715 3212 792 προσδοκήσιμος
3256 715 3329 773 ὤν
3388 719 3476 775 ἐπὶ
3527 722 3607 793 τῷ
3667 733 3762 785 θα-

2103 806 2211 854 νεῖν
2269 803 2363 863 τὰς
2398 801 2658 874 διαθήκας
2708 805 2945 876 ἐξήνυεν,
3003 807 3069 876 ἦν
3132 805 3188 862 δὲ
3240 809 3396 884 χρεία
3450 818 3760 882 μεμνῆσθαι

2103 890 2190 943 καὶ
2229 890 2494 964 βασιλέως
2524 895 2739 964 καὶτῆς
2774 896 2904 969 ὑπὲρ
2949 895 3156 950 ἐκείνου
3207 897 3401 973 εὐχῆς.
3437 899 3540 953 Καὶ
3586 899 3763 971 ἐμέμ-

2101 977 2232 1046 νητὸ
2265 999 2327 1053 γε
2356 979 2446 1032 καὶ
2479 976 2708 1054 ηὔχετο,
2755 981 2816 1035 οὐ
2868 983 2974 1054 μὴν
3024 980 3080 1036 δὲ
3131 983 3435 1058 προσετίθει
3489 986 3552 1038 τὸ
3584 988 3762 1060 ἅγιος,

2100 1067 2128 1120 ’ὁ
2177 1068 2405 1137 σύνηθες
2449 1065 2593 1142 ἔχειν
2648 1071 2719 1131 ὡς
2769 1071 3088 1144 χρισθέντας
3125 1071 3283 1145 μόρῳ
3315 1071 3442 1135 τοὺς
3487 1075 3753 1149 βασιλεῖς.

2097 1156 2156 1211 Ὀ
2191 1153 2246 1209 δὲ
2306 1155 2560 1231 βασιλεὺς
2609 1158 2750 1213 οὕτω
2783 1161 3123 1236 πεμφθείσης
3172 1161 3381 1231 ἐκείνην
3413 1160 3542 1217 ἰδὼν
3593 1159 3760 1239 ἔχου-

2098 1265 2188 1298 σαν
2240 1242 2608 1322 ἐδυσχέραινε,
2661 1247 2750 1302 καὶ
2808 1251 3002 1326 γράφει
3063 1251 3158 1322 μὲν
3215 1253 3552 1327 πατριάρχῃ,
3611 1254 3754 1328 γρά-

2096 1356 2182 1410 φει
2234 1332 2290 1388 δὲ
2337 1336 2426 1389 καὶ
2475 1342 2554 1409 τῷ
2601 1339 2700 1406 τὴν
2751 1337 2916 1392 πόλιν
2947 1339 3420 1414 ἐπιτετραμμένῳ,
3494 1345 3754 1414 μανθάνει

2093 1422 2410 1497 ἐρωτῶντας
2458 1430 2574 1487 πῶς
2627 1430 2788 1481 τοῦτο
2821 1428 3126 1502 πέπρακταί
3181 1431 3231 1482 oi.
3278 1429 3370 1483 καὶ
3402 1431 3481 1508 ἐφ’
3512 1432 3540 1485 ’ὁ
3565 1453 3618 1485 τι
3647 1440 3752 1501 τῆς

2096 1511 2374 1586 βασιλείας
2397 1512 2620 1568 κολούει
2652 1515 2713 1568 τὸ
2741 1515 2890 1590 ἅγιος
2948 1519 3033 1586 Μή
3071 1538 3187 1578 πως
3217 1519 3290 1579 ὡς
3322 1517 3558 1591 ἀνάξιον,
3593 1520 3749 1594 φησὶ,

2095 1622 2160 1673 με
2203 1601 2399 1674 κρίνων
2457 1609 2557 1670 τῆς
2615 1604 2891 1677 ἁγιστείας
2951 1604 3093 1659 οὕτω
3148 1607 3379 1684 γράφει;
3438 1607 3749 1683 Γέγραπται

2091 1688 2136 1743 δ’
2195 1690 2326 1764 ὑπὲρ
2385 1691 2592 1745 τούτων
2649 1693 2738 1746 καὶ
2791 1697 2872 1764 τῷ
2931 1695 3274 1769 Ἀντιοχείας
3317 1697 3635 1773 πατριάρχῃ
3670 1699 3750 1768 τῷ

2089 1779 2368 1854 Πρίγκιπι.
2417 1779 2485 1836 Οἳ
2532 1782 2622 1835 καὶ
2673 1783 2980 1856 πέμψαντες
3009 1782 3370 1838 ἐπυνθάνοντο
3417 1787 3516 1855 τὴν
3573 1786 3745 1840 αἶ’τίαν

2085 1872 2180 1921 τοῦ
2238 1867 2380 1923 οὕτω
2436 1868 2682 1947 γράφειν,
2738 1871 2815 1930 ὡς
2865 1871 3120 1934 θέλοντος
3181 1877 3386 1947 γνῶναι
3441 1875 3533 1928 καὶ
3595 1875 3746 1950 βασι-

2087 1956 2249 2019 λὲως.
2311 1957 2412 2014 Καὶ
2462 1959 2520 2020 ὃς
2575 1959 2836 2031 μετετίθει
2867 1962 2965 2028 τὴν
3015 1961 3224 2016 τούτων
3257 1962 3430 2016 αἷτίαν
3482 1963 3558 2026 εἷς
3611 1963 3742 2028 τοὺς

2079 2047 2212 2122 ἀμφ’
2261 2046 2419 2101 αὐτὸν
2458 2047 2753 2122 μοναχοὺς,
2802 2051 2888 2102 καὶ
2925 2049 3000 2110 εἷς
3029 2050 3204 2105 πίστιν
3261 2049 3437 2122 ἄλλην
3498 2059 3736 2128 προῆγεν

2081 2135 2256 2196 οὕτως
2324 2133 2556 2209 ἔχουσαν
2618 2135 2704 2191 ἐπὶ
2763 2143 2894 2191 πᾶσι
2953 2136 3102 2206 πλὴν
3178 2141 3580 2214 προσκειμένης
3637 2149 3738 2209 τῆς

2079 2223 2392 2298 ἁγιότητος.
2463 2224 2680 2294 Ταύτην
2753 2231 2881 2300 γοῦν
2946 2226 3250 2303 ἐμφανίζων
3311 2223 3462 2302 ἔλεγε
3509 2232 3734 2306 γράφειν

2077 2315 2139 2366 τὸ
2187 2313 2472 2389 πρότερον·
2527 2313 2640 2368 ἐπεὶ
2695 2311 2751 2368 δὲ
2799 2316 2850 2369 οἱ
2901 2317 3024 2389 περὶ
3055 2315 3214 2370 αὐτὸν
3267 2314 3736 2386 σκανδαλίζοιντο,

2082 2403 2476 2476 μετεγγράφειν
2532 2404 2754 2466 ἀει-αὖθις
2811 2405 2910 2472 τήν
2973 2403 3025 2466 ἐς
3086 2409 3277 2480 χεῖρας
3327 2406 3528 2475 ταύτην
3582 2427 3737 2482 γεγο-

2076 2494 2226 2545 νυῖαν
2274 2494 2353 2561 τῷ
2404 2491 2640 2566 βασιλεῖ.
2701 2490 2889 2554 Οὕτως
2947 2493 3016 2561 ἦν
3065 2492 3264 2555 ἐκεῖνος
3321 2493 3595 2570 εἰρηνικὸς
3656 2494 3740 2572 ἐφ’

2078 2710 2232 2781 quod
2265 2727 2331 2765 eo
2381 2710 2536 2781 apud
2565 2710 2874 2780 Sangarim
2909 2727 3097 2783 nuper
3142 2717 3352 2784 agente
3382 2712 3729 2786 contigerat:

2288 2852 2376 2906 31.
2418 2856 2499 2906 De
2540 2856 2862 2908 testamento
2897 2854 3240 2925 patriarchae
3278 2855 3514 2928 Iosephi.

2146 2976 2290 3030 Cum
2327 2977 2482 3030 enim
2519 2993 2618 3047 per
2657 2977 2716 3032 id
2747 2981 2982 3049 tempus
3017 3021 3030 3044 ,
3067 2979 3222 3033 brevi
3259 2979 3582 3034 moriturus
3615 3023 3630 3048 ,
3665 2985 3732 3036 ut

2072 3069 2200 3120 tum
2236 3065 2574 3135 putabatur,
2608 3066 2904 3137 Josephus
2935 3072 3118 3123 testes
3152 3067 3374 3122 ultimae
3409 3068 3732 3124 voluntatis

2073 3154 2305 3209 tabulas
2337 3154 2447 3209 rite
2480 3155 2624 3210 507
2664 3156 3060 3212 conﬁciendas
3091 3156 3445 3228 censuisset,
3477 3156 3535 3212 in
3569 3158 3643 3213 iis
3665 3175 3733 3213 ex

2076 3259 2232 3298 more
2280 3243 2634 3298 mentionem
2688 3244 3078 3314 imperatoris,
3111 3246 3223 3317 ipsi
3254 3247 3402 3302 bene
3430 3249 3724 3318 precando

304 3341 458 3396 bitas
493 3357 556 3395 se
589 3341 750 3412 ipsos
779 3338 1186 3408 comprimere,
1220 3336 1354 3391 illos
1386 3341 1576 3391 autem
1613 3355 1716 3408 pro
1750 3336 1956 3407 gratiis
1987 3354 2030 3420 ρ
2074 3333 2316 3400 faciens,
2369 3332 2594 3386 nomini
2646 3335 2773 3404 ejus
2820 3335 3173 3390 vocabulum
3224 3334 3401 3408 ἅγιος,
3454 3335 3563 3391 hoc
3609 3342 3717 3406 est,

304 3447 424 3484 suae
458 3434 633 3485 tanta:
662 3429 721 3483 in
748 3429 861 3482 ﬁde
886 3427 1148 3498 ipsorum
1182 3427 1525 3481 constantiae
1549 3425 1765 3479 debitis
1797 3427 1956 3478 diras

303 3525 362 3574 et
393 3519 822 3574 exsecrationes
865 3517 1099 3571 referre.
1131 3520 1291 3569 Tunc
1325 3515 1496 3584 igitur
1531 3531 1797 3569 revocare
1830 3531 1959 3568 om—

298 3609 400 3665 nia
450 3607 612 3679 prius
662 3606 887 3661 sancita
918 3609 976 3660 et
1021 3607 1217 3658 tutum
1270 3605 1594 3658 concordiae
1636 3608 1952 3658 tractatum

298 3697 634 3753 rescindere
667 3694 870 3749 voluit.
907 3694 1280 3763 Fecissetque
1311 3693 1610 3761 continuo,
1647 3692 1703 3746 ni
1737 3693 1808 3746 ab
1845 3693 1952 3745 hoc

284 3804 422 3842 eum
452 3784 698 3841 consilio
721 3784 987 3855 quaedam
1019 3783 1750 3851 revocassentR.eputabat
1783 3781 1948 3835 vide-

287 3878 446 3939 licet,
483 3876 534 3930 si
572 3874 731 3945 quod
763 3877 883 3927 tam
917 3872 1090 3943 longa
1119 3876 1174 3925 et
1205 3871 1497 3926 laboriosa
1521 3870 1824 3925 molitione
1857 3871 1949 3923 vix

288 3967 527 4021 tandem
547 3963 802 4020 summis
824 3967 948 4015 suis
973 3960 1251 4015 aerumnis
1275 3959 1635 4030 perfecisset,
1652 3963 1946 4013 momento

284 4055 588 4123 disjiceret
621 4094 634 4120 ,
689 4051 1194 4119 mutationemque
1237 4065 1303 4103 ac
1354 4048 1776 4104 revocationem
1825 4053 1942 4102 tam

282 4149 445 4199 certo
492 4159 557 4196 ac
591 4141 783 4208 palam
834 4143 1167 4194 contestata
1202 4138 1410 4209 prioris
1443 4137 1748 4191 sententiae
1792 4137 1941 4190 ultro

283 4232 659 4305 proﬁteretur
710 4272 723 4295 ,
776 4230 912 4282 inde
962 4229 1246 4282 armanda
1297 4228 1442 4282 forte
1493 4235 1693 4281 contra
1743 4227 1938 4296 ipsum

283 4321 422 4376 odia
455 4319 874 4374 malevolorum
913 4359 924 4382 ,
961 4323 1017 4372 et
1057 4318 1324 4370 futurum
1360 4333 1472 4370 non
1510 4316 1941 4370 inversimililer

278 4417 521 4480 tempus
571 4424 686 4478 quo
719 4423 833 4460 non
886 4412 1041 4460 esset
1075 4406 1188 4475 ipsi
1231 4404 1377 4459 utile
1429 4406 1623 4474 priora
1654 4406 1774 4458 haec
1807 4405 1936 4474 ejus

275 4504 411 4553 acta
442 4513 548 4552 suo
601 4496 792 4567 ipsius
820 4494 1001 4548 videri
1038 4494 1317 4562 suffragio
1367 4494 1666 4548 damnata.
1711 4493 1937 4547 Veritus

275 4603 418 4658 ergo
451 4603 522 4640 ne
553 4585 603 4640 si
634 4584 784 4638 hanc
809 4582 1168 4654 palinodiam
1207 4582 1598 4652 praecipitaret
1620 4582 1934 4653 palamque

273 4675 700 4746 divulgaret,id
735 4679 935 4748 ageret
966 4673 1120 4742 quod
1137 4670 1455 4740 aliquando
1500 4671 1779 4724 infectum
1812 4672 1930 4726 vei-

273 4767 376 4835 let,
422 4763 608 4819 satius
657 4763 822 4817 duxit
869 4749 1255 4832 supersedere
1291 4803 1303 4826 ,
1353 4761 1556 4814 videns
1614 4760 1936 4828 praesertim

272 4853 547 4909 Ecclesia
615 4870 705 4906 res
762 4853 816 4904 in
873 4849 1190 4904 notabilem
1245 4850 1629 4903 mutationem
1705 4866 1938 4919 pronus.

277 4945 630 5014 Quanquam
667 4943 826 4996 enim
858 4981 871 5003 ,
907 4939 953 4993 si
987 4935 1276 5009 Iosephus
1303 4981 1318 5004 ,
1355 4940 1508 5009 quod
1545 4942 1806 4992 futurum
1841 4956 1940 5008 ap-

275 5034 520 5105 parebat
552 5075 567 5103 ,
601 5031 801 5085 denuo
836 5029 895 5083 in
928 5028 1065 5083 sede
1098 5027 1474 5099 patriarchaii
1509 5033 1888 5099 reponeretur
1923 5067 1935 5091 ,

267 5123 345 5178 ab
376 5122 503 5193 ipso
535 5121 799 5190 quidem,
831 5119 1003 5188 cujus
1027 5117 1171 5172 mite
1195 5134 1261 5172 ac
1291 5118 1598 5188 pacificum
1629 5117 1933 5188 ingenium

265 5214 670 5284 perspexerat,
705 5206 852 5262 nihil
887 5208 1191 5262 adversum
1223 5222 1285 5260 se
1315 5206 1623 5261 sinistrum
1655 5212 1756 5260 aut
1784 5205 1929 5260 infe-

262 5307 428 5357 stum
478 5306 768 5354 tentatum
801 5297 871 5350 iri
929 5295 1280 5364 conﬁdebat,
1331 5302 1527 5350 tamen
1570 5297 1725 5365 quod
1773 5295 1929 5350 idem

259 5394 428 5446 esset
459 5388 647 5442 facilis
679 5387 747 5440 ad
785 5384 1118 5455 sequendos
1168 5384 1461 5454 impulsus
1494 5385 1736 5438 aliorum
1774 5427 1788 5451 ,
1823 5402 1928 5438 nec

259 5477 533 5536 defuturi
566 5477 906 5530 viderentur
952 5473 1051 5544 qui
1096 5488 1227 5527 eum
1262 5474 1336 5527 ad
1387 5473 1654 5543 exempla
1702 5473 1927 5528 edenda

254 5571 325 5624 in
363 5566 524 5638 pacis
555 5565 756 5618 invisae
773 5567 1042 5617 auctores
1077 5561 1449 5631 instigarent,
1480 5563 1925 5632 temperandum

243 5655 553 5732 judicavit
583 5670 615 5707 a
646 5669 708 5708 se
740 5653 868 5722 ipso
903 5651 1056 5704 ultro
1090 5651 1565 5720 prmdamnando.
1601 5651 1784 5713 Quam
1818 5668 1919 5706 au-

252 5754 385 5803 tem
415 5760 532 5798 non
563 5759 710 5798 vane
741 5741 855 5796 tale
882 5739 1023 5810 quid
1046 5745 1332 5795 metueret
1353 5741 1425 5795 ab
1449 5739 1688 5794 asseclis
1711 5746 1767 5794 et
1788 5758 1918 5794 con-

251 5833 488 5896 siliaris
534 5832 817 5904 Iosephi,
890 5829 1336 5885 demonstrabat
1405 5847 1609 5886 recens
1662 5831 1913 5900 factum,

589 5953 858 6012 PATROL.
906 5949 1018 6009 Gn.
1065 5947 1319 6009 CXLIII.

2073 3428 2317 3478 sanctus
2348 3429 2446 3478 aut
2469 3441 2651 3492 sacer,
2679 3442 2793 3480 non
2827 3426 3113 3495 adjunxit,
3138 3443 3251 3497 quo
3277 3433 3469 3482 tamen
3502 3427 3722 3498 passim

2069 3512 2455 3584 imperatores
2507 3515 2776 3570 honorari
2825 3521 3274 3581 consueverunt,
3319 3533 3388 3570 ex
3419 3533 3535 3586 quo
3569 3518 3718 3573 sacri

2068 3604 2344 3659 unctione
2375 3604 2484 3659 olei
2532 3611 2671 3660 sunt
2722 3606 3081 3678 inaugurati.
3133 3608 3244 3662 Eas
3277 3606 3505 3662 tabulas
3553 3608 3624 3662 ad
3658 3625 3718 3663 so

2066 3691 2290 3747 delatas
2309 3694 3135 3765 imperator,legens,miratus
3159 3697 3217 3750 in
3240 3695 3313 3750 iis
3337 3696 3718 3751 omissioncm

2065 3797 2300 3850 novam,
2355 3783 2591 3853 scripsit
2623 3783 2692 3836 ad
2740 3785 3136 3853 patriarcham
3165 3802 3232 3840 ea
3262 3785 3333 3839 de
3369 3801 3430 3840 re
3461 3801 3720 3857 conque-

2063 3884 2196 3923 rens
2224 3887 2236 3922 :
2271 3869 2508 3940 scripsit
2554 3871 2732 3925 etiam
2766 3873 2835 3926 ad
2885 3874 3225 3942 praefectum
3260 3873 3424 3929 urbis
3458 3916 3472 3942 ,
3499 3875 3716 3944 jubens

2061 3958 2214 4013 serio
2247 3959 2545 4029 inquirere
2579 3975 2694 4029 quo
2728 3959 2786 4013 id
2807 3976 3000 4015 errore
3019 3977 3205 4032 quove
3228 3962 3469 4018 consilio
3493 3964 3713 4017 factum

2056 4048 2140 4101 ita
2171 4053 2363 4102 esset:
2398 4047 2564 4114 Vide,
2592 4049 2888 4118 inquiens,
2914 4066 3198 4120 quorsum
3221 4051 3516 4122 Josephus
3539 4069 3632 4106 me
3655 4053 3713 4106 in

2056 4138 2320 4191 ordinem
2369 4139 2657 4209 redegerit
2687 4143 2744 4192 et
2775 4139 3073 4208 immperii
3107 4140 3291 4194 nostri
3336 4141 3706 4210 majestatem

2055 4226 2429 4281 imminuerit
2451 4233 2662 4296 negato
2695 4227 2867 4281 titulo
2901 4229 3090 4282 sacri:
3125 4245 3198 4282 an
3233 4230 3385 4299 quod
3418 4245 3511 4283 me
3533 4246 3705 4299 pecu-

2054 4315 2280 4370 liariter
2305 4315 2405 4370 illo
2435 4317 2740 4386 indignum
2780 4323 2940 4386 putet
2963 4317 3252 4388 ?Scripsit
3279 4318 3457 4372 etiam
3488 4318 3548 4372 in
3572 4337 3711 4373 sen-

2049 4405 2296 4459 tentiam
2320 4407 2586 4460 eamdem
2604 4406 2857 4477 Principi
2883 4406 3206 4462 Anticheno
3232 4406 3708 4478 patriarchaamui

2048 4511 2185 4549 cum
2219 4495 2392 4548 ambo
2426 4494 2733 4549 misissent
2765 4495 2833 4549 ad
2862 4495 3210 4566 Josephum,
3245 4500 3567 4566 querentes
3600 4513 3706 4551 cur

2051 4583 2157 4638 hoc
2207 4583 2462 4650 fecisset,
2515 4599 2728 4654 cupere
2759 4584 2917 4638 enim
2971 4585 3385 4656 imperatorem
3439 4587 3491 4640 id
3537 4586 3705 4656 scire,

2049 4672 2149 4726 ille
2199 4673 2433 4742 utrique
2465 4673 2788 4742 respondit,
2837 4673 3074 4744 culpam
3106 4675 3234 4744 ejus
3283 4675 3499 4730 erroris
3527 4691 3704 4745 penes

2052 4761 2374 4815 monachos
2427 4761 2540 4832 ipsi
2589 4762 3000 4817 ministrantes
3033 4764 3308 4818 residere.
3339 4764 3408 4816 Et
3437 4765 3497 4818 in
3530 4764 3705 4818 {idem

2056 4851 2196 4904 dicti
2228 4850 2318 4903 sui
2346 4851 2592 4920 protulit
2624 4851 2999 4922 archetypum
3032 4852 3332 4922 exemplar
3361 4853 3704 4908 testamenti

2053 4945 2260 4993 caetera
2289 4939 2488 4994 omnia
2518 4940 2714 4995 simile
2744 4939 2966 5011 perlato
2989 4941 3060 4994 ad
3083 4943 3415 5013 Augustum
3436 4942 3702 5013 exemplo

2052 5030 2164 5084 nisi
2200 5030 2355 5100 quod
2392 5029 2600 5084 titulus
2632 5029 2806 5101 ἅγιος,
2850 5029 2952 5100 qui
2997 5031 3446 5085 desiderabatur
3473 5032 3531 5086 in
3567 5050 3704 5103 apo-

2051 5118 2296 5190 grapho,
2331 5118 2485 5173 clare
2537 5119 2594 5172 in
2628 5120 2989 5190 autographo
3039 5119 3364 5190 legebatur.
3409 5125 3481 5176 Se
3522 5121 3706 5193 igitur

2047 5209 2212 5280 prius
2245 5209 2324 5262 ita
2356 5209 2664 5278 scripsisse
2691 5225 2704 5262 :
2730 5207 3006 5279 quoniam
3028 5225 3160 5264 vero
3193 5211 3292 5281 qui
3323 5209 3476 5267 circa
3508 5212 3705 5283 ipsum

2043 5302 2211 5354 erant
2255 5297 2795 5352 scandalizarentur
2828 5339 2843 5365 ,
2879 5303 3080 5368 postea
3120 5299 3424 5356 reiinxisse
3454 5302 3513 5357 in
3563 5319 3694 5357 eam

2042 5393 2288 5447 formam
2322 5403 2449 5455 qum
2489 5387 2831 5456 imperatori
2875 5392 3030 5442 esset
3060 5387 3279 5444 oblata.
3312 5390 3394 5444 Ea
3443 5391 3702 5462 ingenua

2039 5475 2710 5546 confessioneJosephus
2733 5483 2783 5530 el
2805 5493 2970 5530 suam
2996 5477 3300 5548 paciﬁcam
3336 5479 3592 5536 indolem
3633 5488 3692 5536 et

2037 5582 2279 5620 suorum
2315 5565 2720 5618 ministerium
2755 5565 2812 5619 in
2843 5569 3174 5637 Augustum
3203 5567 3482 5624 invidiam
3509 5569 3704 5623 decia-

2034 5655 2222 5720 ravit;
2259 5670 2618 5724 causamque
2642 5654 2780 5708 huic
2810 5657 3031 5724 justam
3058 5659 3302 5728 praebuit
3322 5657 3592 5728 timendi,
3619 5676 3650 5712 n
3672 5676 3703 5714 e

2030 5747 2150 5797 tam
2188 5742 2337 5796 male
2392 5743 2635 5797 animati
2667 5743 2720 5796 in
2763 5745 2954 5814 ipsum
3007 5746 3280 5800 homines
3320 5747 3692 5802 occasionem

2034 5832 2298 5903 aliquam
2333 5833 2660 5903 arriperent
2695 5834 2822 5904 ejus
2854 5835 3172 5890 accusandi
3219 5837 3391 5906 quasi
3425 5837 3689 5893 Ecclesiae

3294 5954 3366 6012 31
