4080 6484
348 538 457 596 973

1415 545 1508 598 DE
1545 542 1921 598 MICHAELE
1959 541 2407 600 PALBOLOGO
2440 545 2575 599 LIB.
2608 546 2705 600 VI.

3673 539 3789 606 974

349 666 537 738 ψυχῆς
592 662 1004 732 καταστάσεσιν,
1066 663 1370 740 ὑπὲροφρυς
1419 659 1476 717 δὲ
1530 667 1649 725 ταῖς
1705 661 2000 737 ἐντυχίαις,
2033 663 2208 730 Ατοῦ
2267 664 2529 740 φρουρίου
2591 665 2998 739 περικαθίζουσι
3036 712 3051 738 ,
3116 670 3202 725 καὶ
3265 667 3332 739 δή
3395 670 3787 743 ἐπιστήσαντες

350 753 539 825 ξανθὸς
594 753 693 819 τήν
747 751 936 827 τρίχα,
997 751 1088 806 καὶ
1158 751 1473 827 ὑπερασόχην
1509 751 1837 826 ἐκψυχικοῦ
1867 772 2012 813 τινος

351 841 617 916 ἐκθέρμου
646 842 976 913 κινήματος.
1013 842 1180 916 Οἶμαι
1229 839 1284 896 δὲ
1331 843 1613 896 κάντεῦθεν
1659 843 1756 911 τήν
1811 840 2012 912 ὄνομα-

352 932 471 986 σίαν
526 934 701 1005 σχεῖν,
760 931 904 1006 παρὲ
962 931 1064 998 τὴν
1119 931 1255 1005 πρὸς
1307 931 1443 991 Ῥὼς
1479 930 1805 1003 ὁμοιότητα.
1866 936 2010 1002 Upo-

350 1018 603 1096 αχθέντες
626 1017 805 1073 τοίνυν
834 1024 958 1080 ταῖς
997 1017 1235 1092 τόλμαις
1269 1020 1320 1073 οἱ
1370 1016 1572 1075 Ἰταλοὶ
1619 1017 1708 1073 ἐπὶ
1754 1019 1823 1072 τὰ
1874 1017 2009 1074 Βελο

351 1106 597 1184 λάγραδα
655 1112 872 1183 πρῶτον
928 1109 1135 1183 ὥρμων
1198 1108 1273 1171 ὠς
1326 1108 1377 1179 ἐξ
1437 1109 1607 1178 αὐτῆς
1670 1107 2008 1183 αἷρῆσοντες.

348 1200 427 1256 Τὸ
462 1196 518 1253 δὲ
564 1219 623 1272 γε
671 1196 932 1273 φροῦριον
968 1196 1116 1261 ἔνθεν
1151 1199 1244 1270 μὲν
1303 1200 1393 1252 τὸν
1454 1197 1598 1252 οὕτω
1630 1219 1748 1261 πως
1777 1197 2012 1272 λεγόμε-

347 1312 436 1345 νον
470 1289 788 1366 ἐπιχωρίως
841 1288 1106 1359 ’Λσοῦνην
1140 1290 1386 1362 ποταμὸν
1420 1288 1828 1365 προϊσχόμενον
1891 1286 2006 1342 ἐπί-

347 1379 521 1435 κειταί
574 1381 631 1452 οἱ
669 1379 807 1434 κατᾶ
853 1375 1112 1453 πλευρὰν,
1173 1380 1320 1447 πλὴν
1370 1379 1467 1433 οὐκ
1510 1377 1589 1431 ἐπ’
1639 1376 2006 1452 ἀγχωμάλου,

347 1469 477 1525 ἀλλ’
529 1470 785 1542 ἐκκρεμὲς
843 1468 1276 1542 πληξιμυροῦντι
1326 1467 1473 1522 κάτω
1524 1466 2005 1544 γεωλοφοῦμενον·

348 1560 411 1614 οὗ
443 1557 509 1627 δὴ
541 1559 630 1613 καὶ
658 1551 849 1628 ἔξωθεν
882 1552 1108 1629 ἐμϐόλῳ
1136 1559 1243 1611 τινὶ
1302 1560 1599 1629 σκευαστῑξ),
1663 1556 1737 1619 ὡς
1785 1555 1861 1627 μὴ
1888 1558 2005 1615 τοῖς

349 1648 746 1721 ἐπιτιθεμένοις
777 1644 1031 1720 ἐμποδὼν
1090 1645 1402 1719 ἱσταμένοις
1452 1644 1782 1707 κωλύοιντο,
1819 1641 2008 1718 ὑδρεύ-

350 1760 501 1793 ονται
533 1737 806 1812 ὁσημέραι
835 1740 933 1790 τοῦ
980 1740 1233 1809 ποταμοῦ
1283 1736 1550 1798 πίνοντες.
1600 1733 1767 1788 Τόσον
1820 1730 1876 1786 δὲ
1931 1736 2009 1803 τῷ

350 1826 597 1904 φρουρίῳ
645 1826 671 1880 ὁ
729 1825 976 1898 ποταμὸς
1036 1824 1355 1899 παράκειται
1417 1824 1544 1879 ὥστ’
1603 1823 1707 1877 ἀπὸ
1765 1821 2010 1896 ἐγγίονος

352 1918 476 1980 θὲχς
527 1916 655 1978 τοὺς
706 1915 857 1977 ἐντὸς
924 1915 1205 1985 σαρίτταις
1262 1912 1536 1990 ἀπείργειν
1595 1911 1725 1973 τοὺς
1784 1908 2002 1982 ἐμποδί-

355 2011 562 2075 ζοντας,
594 2005 686 2060 καί
731 2007 783 2080 γ’
840 2005 914 2066 ὡς
963 2000 1194 2065 πέλταις
1221 2008 1301 2074 τῷ
1357 2003 1691 2074 σκεπάσματι
1749 1999 1877 2061 τοὺς

352 2093 498 2171 ὕδωρ
554 2094 732 2156 ἰόντας
784 2100 1046 2168 χρῆσθαι.
1104 2093 1230 2148 Ἐπὶ
1280 2093 1474 2166 θάτερα
1521 2088 1577 2145 δὲ
1609 2090 1804 2144 τοότου
1836 2087 2008 2165 λόφος

346 2181 532 2259 ἕτερος
591 2184 912 2259 ὑπερανὲχει
969 2188 1069 2249 τῆς
1116 2178 1392 2247 πεδιάδος,
1443 2177 1768 2253 καταντικρῦ
1822 2178 2007 2250 κείμε-

346 2295 462 2344 νος,
523 2275 584 2329 οὗ
644 2272 709 2344 δὴ
742 2275 831 2328 καὶ
890 2272 1139 2344 ποταμὸς
1200 2271 1422 2342 Βοώσης
1479 2268 1776 2343 λεγόμενος
1836 2265 2006 2329 ἄλλος

346 2363 705 2440 πλημμυρῶν
756 2364 893 2418 κατὰ
945 2363 1115 2435 μέσην
1178 2363 1419 2435 ἀπείργει
1474 2361 1539 2413 τὰ
1596 2360 1821 2414 Κάνινα.
1853 2364 2008 2429 Παμ-

345 2454 550 2523 πληθεὶ
581 2458 712 2529 γοῦν
744 2451 948 2507 ἐκεῖνον
1008 2452 1472 2525 περαιωσάμενοι,
1524 2449 1893 2524 κατασχόντες
1917 2448 2010 2502 τὸν

347 2543 519 2625 λόφον
575 2542 878 2618 μετεώρους
930 2536 1088 2603 ὄντας
1133 2539 1221 2594 ἐπὶ
1264 2543 1343 2610 τῷ
1390 2536 1654 2612 μέλλοντι
1683 2531 1836 2615 φόϐῳ
1884 2535 2009 2600 τοὺς

347 2765 517 2820 sibus
547 2763 874 2832 despectus.
904 2759 1089 2814 ﬂavus
1130 2756 1344 2826 crines,
1406 2753 1626 2810 cervice
1685 2752 2008 2809 insolenter

347 2855 501 2910 elata
531 2851 793 2907 incitatis
850 2847 1304 2918 circumagenda
1363 2844 1618 2899 motibus
1677 2846 2003 2896 naturalem

348 2942 664 3016 quemdam
724 2938 993 2995 ardorem
1053 2936 1402 3008 praeferens:
1457 2933 1609 2987 unde
1656 2931 2001 2986 crediderim

349 3050 484 3088 eum
504 3031 662 3087 Rbos
693 3033 958 3084 vocatum
983 3044 1052 3082 ex
1082 3023 1471 3080 similitudine
1490 3020 1701 3095 capitis
1734 3021 2003 3091 ejnstum

353 3138 530 3177 comae
545 3126 664 3175 tum
682 3118 879 3174 vultus
899 3116 1089 3172 colore
1109 3112 1633 3179 rubescentis,cum
1654 3117 1791 3166 uota
1810 3109 2004 3182 specie

351 3211 640 3284 phalangii
697 3207 858 3264 Rhox
889 3206 1062 3260 dicta.
1090 3208 1206 3260 Ista
1254 3203 1434 3275 igitur
1465 3200 1823 3257 confidentia
1875 3199 2003 3255 Itali

350 3305 607 3366 ruentes,
650 3299 964 3355 admovent
996 3312 1056 3349 se
1092 3294 1346 3364 primum
1387 3289 1786 3362 Bellagradis:
1850 3289 2006 3345 arcis

345 3392 407 3446 id
470 3405 723 3453 nomen,
771 3402 943 3459 quam
1005 3386 1160 3441 510
1236 3382 1427 3454 primo
1490 3398 1552 3436 se
1628 3383 2005 3451 speraverant

343 3482 569 3552 impetu
631 3481 925 3547 capturos.
977 3474 1163 3545 Hujus
1218 3476 1414 3527 autem
1468 3469 1602 3524 talis
1649 3468 1884 3541 quidem
1917 3472 2007 3523 est

347 3566 715 3626 situs.Habet
741 3565 875 3620 hinc
890 3562 1127 3634 quidem
1146 3563 1490 3632 pratentum
1510 3575 1599 3612 am
1614 3574 1744 3613 nem
1772 3556 2009 3629 propria

347 3658 764 3726 indigenarum
823 3653 1025 3724 lingua
1093 3654 1356 3706 vocatum
1415 3654 1699 3702 Asunem.
1764 3646 2008 3715 Adjacet

352 3754 552 3806 autem
587 3744 749 3800 amni
781 3760 881 3798 arx
912 3759 945 3796 a
971 3743 1173 3805 latere,
1205 3756 1317 3793 non
1368 3737 1542 3809 plano
1573 3752 1744 3808 aqua
1775 3750 2009 3804 campo,

350 3837 455 3893 sed
488 3838 772 3907 suggestu
808 3831 1060 3901 quodam
1094 3828 1360 3884 eminens
1394 3824 1572 3880 nativi
1626 3823 1810 3888 collis,
1838 3822 2006 3891 cujus

346 3927 537 3981 imum
571 3923 761 3979 solum
819 3920 1033 3976 ﬂuvius
1094 3917 1282 3972 alluit.
1342 3917 1419 3970 Ex
1474 3930 1592 3985 quo
1643 3930 1716 3968 ne
1768 3911 2005 3967 haurire

345 4017 422 4071 ad
457 4012 866 4085 quotidianum
918 4023 1093 4063 usum
1128 4004 1322 4060 hostili
1353 4005 1404 4057 vi
1439 4000 1779 4074 praesidiarii
1816 3998 2005 4071 prohi-

341 4106 648 4168 berentur,
696 4102 1037 4172 protensum
1072 4113 1102 4149 a
1135 4093 1435 4150 radicibus
1490 4090 1621 4146 clivi
1656 4091 1725 4145 ad
1785 4089 2005 4144 ﬂumen

339 4196 598 4263 aggesta:
628 4188 802 4245 molis
835 4186 1145 4241 brachium
1205 4182 1459 4254 tegebat,
1519 4197 1668 4251 opus
1729 4177 1865 4233 olim
1931 4178 2002 4231 ad

337 4280 661 4337 dubiorum
698 4275 1042 4332 discrimina
1071 4278 1406 4342 temporum
1467 4276 1763 4340 paratum.
1815 4268 2008 4321 Tanta

340 4387 522 4445 porro
555 4367 750 4423 amnis
808 4366 878 4420 ad
937 4379 1130 4418 arcem
1180 4360 1395 4416 vicinia
1424 4364 1536 4424 est,
1591 4364 1654 4412 ut
1686 4356 1785 4430 qui
1841 4373 1908 4410 ex
1939 4373 2005 4411 eo

336 4459 555 4532 aquari
588 4455 808 4513 externi
859 4453 1197 4509 obsidentes
1251 4449 1477 4514 volunt,
1520 4448 1569 4502 si
1628 4447 1683 4503 id
1720 4446 1817 4501 ubi
1879 4464 2006 4517 pro-

331 4549 544 4607 ximus
575 4556 655 4603 est
690 4547 1043 4614 conspectus
1098 4545 1344 4608 tentent,
1405 4537 1642 4593 sarissis
1693 4537 1854 4590 intus
1915 4536 2006 4589 de-

333 4644 614 4712 gentium
666 4632 925 4704 contigui
986 4630 1139 4685 sint.
1199 4630 1386 4693 Quare
1458 4625 1691 4681 nonnisi
1762 4623 2004 4698 protecti

332 4727 522 4802 peltis
568 4727 624 4780 id
679 4729 806 4779 tuto
866 4718 1308 4792 aggrediantur.
1365 4716 1444 4770 Ex
1503 4716 1745 4770 adverso
1805 4718 1999 4768 autem

2133 754 2508 826 μηχανήματα
2585 750 2902 829 πετροϐόλοι
2972 758 3174 823 ἐκεῖθεν
3255 759 3451 827 βολαῖς
3536 761 3788 838 ἰσχυραῖς

2128 838 2349 895 ἐκάκουν
2408 843 2470 896 τὸ
2527 848 2739 917 τεῖχος.
2799 846 2861 901 Ἡ
2894 847 3102 901 τούτων
3161 852 3290 923 γοῦν
3344 851 3504 926 φήμη
3568 851 3786 926 ἀπτὲρῳ

2126 926 2281 1003 τάχει
2341 930 2505 1005 μέχρι
2555 932 2644 985 καὶ
2702 932 3000 1006 βασιλικῶν
3028 936 3207 990 ἀκοῶν
3259 937 3467 1013 φθάνει,
3515 942 3604 994 καὶ
3656 943 3783 1004 τοὺς

2128 1016 2429 1093 λογισμοὺς
2498 1022 2751 1093 ταράσσει
2826 1028 2906 1094 τῷ
2989 1025 3224 1098 βασιλεῖ,
3292 1028 3381 1081 καὶ
3465 1030 3591 1097 περῖ

2127 1107 2270 1162 ὅλων
2329 1111 2699 1184 τετρεμαίνειν
2755 1118 3017 1170 ποιεῖται.
3070 1119 3237 1187 Θυμῷ
3280 1116 3379 1192 γὰρ
3440 1119 3780 1193 συγκράτους

2123 1195 2335 1269 τόλμας
2396 1203 2500 1271 πῦρ
2556 1197 2722 1268 ἐλαίῳ
2787 1202 3114 1274 μιγνύμενον
3169 1200 3234 1272 ἤν
3287 1226 3370 1266 τις
3428 1204 3619 1280 λέγοι,
3682 1208 3782 1263 οὐκ

2125 1284 2184 1339 ἂν
2215 1293 2314 1355 τῆς
2349 1286 2554 1351 εἶγὸνος
2608 1288 2863 1363 ἁμάρτοι.
2920 1288 3061 1347 Οὐδὲ
3108 1293 3211 1367 γὰρ
3262 1291 3404 1349 ἄλλο
3436 1316 3518 1359 τις
3546 1297 3661 1371 εἶχε
3690 1318 3782 1349 το-

2121 1376 2310 1444 πάζειν
2370 1375 2542 1431 ἐκεῖνο
2587 1377 2622 1446 ἢ
2663 1378 2757 1440 τὰς
2810 1378 3185 1454 ἐπισχεθείσας
3239 1378 3493 1456 δυνάμεις
3553 1384 3613 1439 ἐκ
3672 1408 3783 1455 μγ,-

2121 1471 2304 1541 χανῶν
2335 1468 2509 1523 τόσων
2572 1466 2661 1522 διὰ
2720 1468 2994 1541 θαλάσσης
3029 1470 3198 1543 μηδὲν
3232 1473 3390 1541 ἰὲναί,
3442 1474 3639 1538 ταύτας
3667 1473 3776 1546 ἤδη

2122 1553 2210 1610 διὰ
2262 1556 2427 1631 ξηρᾶς
2456 1554 2685 1629 εὐοδεῖν,
2745 1557 2909 1613 πλέον
2970 1559 3206 1635 ἐχούσας
3265 1561 3474 1617 ἐκείνου
3503 1564 3566 1618 τὸ
3615 1562 3774 1620 δίνα-

2118 1657 2239 1708 σθαι
2294 1650 2369 1717 τῷ
2425 1647 2518 1701 ἀπ’
2546 1647 2715 1717 αὐτῆς
2752 1643 3018 1723 βαλϐῖδος
3041 1657 3141 1719 τῆς
3172 1651 3358 1727 μάχης
3401 1650 3778 1726 κερδαίνοντας

2117 1734 2347 1808 ἀποζῇν.
2385 1737 2464 1808 [Ρ.
2498 1739 2622 1809 348]
2682 1739 2776 1808 Τῷ
2831 1759 2919 1792 τοι
2972 1739 3062 1793 καὶ
3121 1740 3478 1818 καταφεύγειν
3536 1742 3632 1814 μὲν
3688 1740 3776 1796 ἐπὶ

2118 1824 2245 1878 Θεὸν
2294 1820 2449 1897 ἔγνω,
2485 1825 2789 1899 ἑτοιμάζειν
2824 1824 2883 1881 δὲ
2925 1827 3013 1882 καὶ
3048 1827 3305 1899 δυνάμεις
3360 1831 3457 1892 τὰς
3490 1831 3778 1906 ἀποχρών-

3672 1037 3779 1085 τῶν

2114 1935 2224 1976 τως
2275 1914 2593 1985 ἀνθεξοῦσας
2643 1914 2882 1986 πλῆθος,
2936 1918 3011 1981 ὡς
3044 1918 3157 1992 ἅμα
3185 1925 3265 1992 τῷ
3296 1924 3528 1997 φανῆναι
3589 1929 3779 1992 στῆναι

1929 2000 2007 2077 ἐρ’
2042 2048 2086 2111 Β
2119 2000 2416 2079 σφαλέντας
2476 2005 2579 2058 κάκ
2634 2010 2732 2071 τῆς
2791 2007 3017 2077 πρώτης
3075 2008 3260 2083 πείρας
3308 2011 3371 2065 τὸ
3422 2010 3612 2085 πρόσω
3672 2034 3779 2083 μα-

1962 2110 1965 2111 ,
2122 2089 2177 2111 ..ο
2374 2087 2429 2111 Vp
2628 2092 2697 2111 ...κ
2806 2093 2819 2109 κ
2929 2090 2953 2107 ν
3102 2094 3113 2111 ε
3202 2102 3229 2111 Α
3273 2097 3285 2111 ι
3394 2095 3419 2111 μ
3569 2096 3612 2111 ς..

2118 2089 2306 2153 οὸντας
2364 2087 2580 2149 ἄϐατον.
2628 2092 2708 2147 Τὰ
2766 2093 2858 2164 μὲν
2890 2090 2984 2146 οὖν
3018 2094 3153 2169 πρὸς
3198 2097 3323 2151 Θεὸν
3360 2095 3532 2159 οὕτως
3565 2096 3779 2169 ἐξητοι·

2118 2180 2338 2251 μάζετο·
2396 2180 2750 2254 παρήγγελτο
2803 2180 2901 2256 γὰρ
2965 2184 3282 2258 πατριάρχῃ
3342 2206 3399 2239 τε
3447 2186 3534 2240 καὶ
3591 2186 3777 2261 ἀρχιε-

2119 2272 2267 2343 ρεῦσι
2327 2268 2539 2340 σῦναμα
2595 2269 2753 2324 παντὶ
2811 2274 2890 2340 τῷ
2946 2268 3141 2345 κλήρῳ
3196 2278 3413 2345 πρῶτον
3450 2276 3774 2348 μὲνπσὶννυ·

2118 2375 2218 2432 χον
2291 2357 2519 2411 ἱκετείαν
2580 2359 2715 2432 πρὸς
2774 2357 2903 2414 Θεὸν
2956 2361 3073 2415 κατ’
3139 2359 3357 2416 ἐκείνων
3423 2365 3777 2433 ποιήσασθαι,

2118 2447 2230 2501 εἶτα
2287 2444 2344 2500 δὲ
2402 2447 2494 2519 ἅμ’
2547 2442 2624 2519 ἕῳ
2674 2450 3024 2524 πατριάρχης)
3080 2471 3140 2505 τε
3165 2451 3255 2506 καὶ
3289 2451 3381 2506 σὺν
3416 2452 3563 2525 αὐτῷ
3591 2450 3644 2523 ἓξ
3674 2450 3778 2509 ἅλ-

2118 2535 2250 2598 λους
2306 2539 2414 2590 τῶν
2444 2534 2805 2612 προύχόντων
2843 2538 3165 2614 ἀρχιερέων,
3223 2540 3318 2604 τὰς
3375 2541 3523 2618 ἱερὰς
3581 2543 3789 2612 στολὰς

2118 2751 2447 2822 Reputabat
2492 2751 2766 2808 videlicet
2816 2753 3046 2809 incitari
3102 2755 3334 2811 Latinos
3385 2757 3444 2811 in
3494 2756 3643 2813 hanc
3697 2757 3781 2812 ir-

2117 2840 2449 2910 ruptionem
2501 2840 2555 2894 vi
2614 2840 2833 2914 duplici
2896 2846 3147 2914 utraque
3199 2844 3552 2914 vehementi,
3614 2847 3781 2903 iraet

2117 2930 2383 2993 audacia,
2414 2947 2665 3001 quarum
2700 2930 2877 2986 simul
2914 2931 3219 2988 mistarum
3253 2951 3320 2988 ex
3344 2939 3549 2991 mutuo
3568 2936 3779 2992 crescit

2115 3020 2409 3074 consortio
2443 3020 2755 3090 pernicies,
2786 3020 2945 3076 velut
2976 3039 3107 3077 cum
3143 3022 3261 3095 igni
3286 3023 3476 3080 oleum
3512 3026 3774 3082 additur.

2115 3108 2261 3173 Ergo
2293 3109 2439 3165 511
2480 3114 2753 3179 expertus
2812 3115 3036 3180 quanta
3083 3111 3431 3168 difﬁcultate
3489 3118 3578 3169 tot
3633 3115 3776 3169 arli-

2119 3196 2263 3252 ﬁciis
2291 3202 2668 3262 tractatuum,
2695 3202 2775 3254 tot
2805 3199 3052 3268 objectis
3075 3201 3464 3271 apparatibus
3495 3201 3775 3258 classium

2116 3303 2266 3357 aegre
2300 3286 2582 3341 hactenus
2613 3286 2821 3359 vixque
2851 3288 3199 3357 obstitisset,
3235 3307 3306 3345 ne
3350 3291 3498 3346 mari
3564 3291 3777 3347 Latina:

2035 3410 2078 3477 Ο
2119 3376 2295 3446 copim
2354 3376 2411 3430 in
2474 3381 2731 3432 nostram
2788 3378 3184 3434 cantinentem
3264 3379 3774 3452 importarentur;

2119 3465 2322 3521 videns
2346 3465 2473 3536 jam
2497 3483 2594 3521 eas
2628 3465 2799 3536 potiri
2832 3483 3059 3536 campo,
3119 3472 3178 3523 et
3228 3468 3566 3538 expeditum
3600 3470 3771 3524 dein-

2117 3569 2253 3625 ceps
2288 3553 2649 3624 planumque
2673 3554 2932 3609 terrestri
2968 3570 3283 3627 progressu
3317 3555 3525 3626 inipsa
3551 3555 3778 3612 viscera

2116 3640 2350 3713 imperii
2381 3641 2493 3697 iter
2524 3642 2816 3711 insistere,
2852 3641 3059 3699 ultimo
3094 3643 3202 3699 sibi
3263 3648 3472 3700 conatu
3534 3651 3778 3701 conten-

2118 3732 2377 3786 dendum
2412 3732 2728 3798 statuebat,
2762 3748 2877 3802 quo
2910 3732 3090 3787 istum
3127 3733 3386 3804 primum
3442 3735 3783 3791 retunderet

2120 3818 2425 3888 impetum;
2453 3835 2584 3872 nam
2609 3836 2675 3874 eo
2701 3819 2749 3874 si
2778 3836 2891 3874 non
2911 3821 3104 3875 solum
3131 3820 3374 3892 impune
3397 3820 3782 3895 defungeren-

2116 3911 2233 3973 tur,
2259 3907 2357 3960 sed
2391 3922 2460 3960 ex
2490 3905 2600 3961 hoc
2630 3907 2809 3963 etiam
2834 3924 2968 3962 cum
3002 3910 3194 3963 fructu
3233 3925 3542 3981 operasque
3588 3912 3780 3981 pretio

2117 3993 2395 4065 redirent,
2431 3996 2488 4049 in
2522 3998 2751 4049 tantum
2812 3997 3117 4067 augendos
3175 3998 3498 4068 apparebat
3553 3998 3779 4053 feroces

2114 4083 2379 4154 ipsorum
2412 4083 2661 4151 animos,
2697 4088 2762 4138 ut
2791 4084 2865 4138 iis
2896 4084 3102 4139 obsisti
3165 4084 3424 4156 amplius
3484 4087 3781 4157 nequiret.

2115 4174 2300 4244 Igitur
2334 4178 2398 4229 ut
2426 4174 2485 4229 in
2518 4178 2636 4230 tam
2673 4175 2914 4246 ancipiti
2937 4174 3277 4231 discrimine
3304 4191 3553 4232 summas
3581 4193 3777 4233 rerum

2116 4263 2446 4318 faciendum
2478 4263 2716 4319 omnino
2749 4264 2858 4320 sibi
2895 4264 3140 4336 putavit,
3193 4270 3254 4319 ut
3302 4265 3373 4319 ad
3432 4270 3613 4321 Deum
3645 4273 3779 4322 ante

2114 4356 2311 4410 omnia
2341 4362 2683 4411 recurreret:
2717 4355 2895 4412 simul
2931 4363 3127 4413 tamen
3163 4356 3371 4413 deinde
3417 4362 3535 4413 tam
3568 4375 3776 4413 nume-

2117 4463 2280 4500 rosas
2300 4450 2538 4517 tamque
2562 4445 2783 4501 validas
2808 4464 2873 4502 eo
2897 4446 3219 4502 destinaret
3243 4447 3464 4519 copias,
3491 4452 3554 4502 ut
3575 4464 3775 4502 eorum

2114 4535 2347 4603 objecta
2405 4534 2528 4589 solo
2589 4537 2838 4605 repressi
2895 4541 3167 4609 retroque
3219 4537 3367 4592 trusi
3445 4554 3502 4592 re
3562 4536 3781 4592 infecta

2116 4624 2311 4679 hostes
2353 4625 2541 4695 primo
2597 4625 2995 4696 experimento
3041 4626 3356 4696 discerent,
3419 4644 3595 4698 quam
3664 4643 3777 4681 non

2116 4713 2285 4767 facile
2317 4714 2525 4784 perviae
2584 4713 2848 4785 ipsorum
2908 4716 3090 4769 armis
3148 4715 3477 4783 ulteriores,
3542 4716 3777 4786 imperii

332 4785 526 4888 i‘IDjUS
570 4831 745 4887 quem
770 4785 1113 4866 arxinsidet
1151 4806 1339 4871 collis,
1373 4804 1523 4859 alius
1555 4806 1774 4859 eminet
1824 4820 2007 4874 supra
2037 4785 2080 4848 Ῑ)
2116 4803 2381 4873 regiones
2415 4804 2622 4869 forent,
2657 4820 2910 4875 quarum
2947 4803 3147 4873 utique
3206 4803 3387 4859 limen
3445 4805 3641 4876 ipsum
3703 4823 3771 4862 ac

335 4924 547 4978 aequor
579 4917 924 4977 camporum
959 4895 1247 4965 tumulus,
1275 4895 1344 4948 ad
1380 4911 1554 4965 quem
1582 4894 1728 4948 alter
1758 4892 1995 4956 fluvius,

332 4998 561 5055 Booses
596 4990 947 5064 appellatus,
1012 4986 1307 5058 proﬂuens
1343 4989 1399 5038 et
1434 4982 1735 5055 planitiem
1792 4997 1998 5036 secans

330 5085 606 5146 mediam
660 5084 806 5138 ﬁnes
857 5078 1213 5134 Caninorum
1270 5072 1512 5128 dirimit.
1566 5072 1805 5127 Boosem
1862 5086 1999 5141 ergo

325 5189 583 5235 amnem
640 5170 927 5227 universze
992 5164 1334 5221 Latinorum
1384 5161 1561 5233 copiae
1622 5165 1997 5232 transgressae

318 5261 644 5325 tumulum
677 5274 853 5332 quem
885 5255 1005 5312 dixi
1036 5255 1344 5325 occupant,
1404 5254 1462 5305 et
1518 5266 1661 5306 sane
1716 5248 1999 5305 sollicitos

321 5368 465 5429 quo
494 5353 814 5422 apparatus
860 5346 972 5400 iste
1026 5342 1319 5398 desineret
1349 5338 1828 5429 Bellagradenses
1856 5337 1998 5429 “cir-

318 5427 724 5507 eumsident;
783 5449 1032 5506 moxque
1080 5430 1333 5488 ballistis
1391 5428 1642 5484 admotis
1685 5427 1996 5499 grandium

320 5537 593 5592 incussu
624 5527 891 5599 lapidum
914 5522 1265 5579 labefactare
1289 5534 1523 5573 murum
1555 5517 1997 5590 aggrediuntur.

322 5618 598 5682 Perlata,
641 5615 947 5672 velocitate
996 5627 1251 5676 summa,
1314 5607 1492 5678 hujus
1539 5604 2001 5678 oppugnationis

320 5717 506 5772 fama
537 5708 606 5761 ad
640 5722 815 5761 aures
872 5699 1266 5772 imperatoris,
1318 5696 1513 5752 subito
1545 5694 1640 5751 ille
1684 5695 1839 5749 haud
1902 5713 2004 5767 ρει-

316 5816 481 5863 rum
512 5796 897 5852 conturbatus
928 5794 1040 5846 est:
1074 5790 1250 5844 etiam
1283 5802 1475 5857 usque
1534 5786 1603 5839 ad
1660 5784 1890 5839 anxiam
1934 5785 2004 5839 de

319 5904 589 5954 summa
618 5900 813 5943 rerum
846 5878 1216 5938 formidinem
1259 5874 1468 5932 nuntio
1519 5873 1623 5930 tali
1675 5873 2002 5945 perculsus.

2109 4891 2355 4946 limitem
2404 4892 2668 4947 viderent
2717 4892 3079 4948 ineluctabili
3143 4894 3404 4964 potentia
3464 4892 3769 4949 vallatum.

2108 4984 2287 5037 Porro
2320 4998 2449 5053 qua:
2492 4983 2564 5037 ad
2600 4982 2703 5037 Dei
2756 4981 3225 5052 propitiationem
3287 4981 3643 5053 attinebant,
3706 4986 3769 5038 in

2108 5069 2265 5125 hunc
2303 5071 2544 5125 modum
2606 5076 2932 5142 praeparata
2986 5076 3146 5127 sunt.
3187 5070 3603 5127 Denuntiatum
3665 5087 3774 5143 pa-

2104 5158 2398 5228 triarchae,
2441 5158 2752 5231 episcopis,
2814 5159 3087 5215 universo
3144 5159 3297 5215 clero
3346 5164 3456 5226 est,
3513 5160 3772 5233 primum

2108 5247 2343 5320 quidem
2380 5253 2445 5304 ut
2475 5254 2703 5305 noctem
2737 5248 2914 5306 simul
2947 5252 3134 5304 totam
3167 5248 3541 5320 imploranda
3566 5255 3772 5306 contra

2110 5338 2310 5393 hostes
2341 5337 2441 5393 Dei
2475 5337 2688 5411 auxilio
2722 5337 3062 5409 pervigilem
3103 5340 3403 5409 ducerent,
3444 5339 3557 5395 sub
3601 5356 3771 5395 auro-

2110 5446 2234 5484 ram
2268 5444 2398 5483 vero
2431 5428 2541 5483 diei
2576 5427 2939 5499 insequentis
3002 5426 3353 5499 patriarcha,
3417 5445 3517 5484 sex
3577 5428 3706 5483 aliis
3739 5444 3770 5482 e

2112 5516 2423 5590 praecipuis
2458 5516 2868 5589 episcoporum
2901 5534 3104 5573 secum
3138 5519 3464 5591 assumptis
3495 5521 3552 5572 et
3585 5516 3772 5572 sacris

2111 5622 2317 5662 omnes
2348 5604 2519 5661 stolis
2552 5605 2766 5672 induti,
2808 5605 3037 5661 cunctis
3094 5604 3330 5660 interim
3391 5605 3522 5660 aliis
3582 5604 3768 5659 Deum

2112 5694 2541 5760 invocantibus,
2578 5695 3045 5751 benedictionem
3104 5695 3256 5750 sacri
3288 5695 3401 5750 olei
3434 5694 3764 5749 solemnem

2113 5786 2221 5840 rite
2281 5788 2662 5855 peragerent;
2727 5794 2847 5838 tum
2922 5789 3157 5855 paratos
3209 5784 3279 5839 ad
3342 5783 3396 5838 id
3458 5781 3769 5837 fasciculos

2114 5878 2554 5947 segmentorum
2603 5874 2804 5948 papyri
2865 5876 3204 5929 consecrato
3264 5871 3563 5943 tingcrcnt
3618 5870 3766 5929 oleo,
