4080 6388
512 383 620 437 975

518 502 858 571 ὲνόυθέντας,

516 593 702 648 τελεῖν
738 588 1051 665 εὐχέλαιον,
1084 580 1397 661 φακέλλους
1440 575 1497 630 δὲ
1544 572 1809 647 παπύρων
1860 569 2186 635 ποιήσαντος

515 687 599 755 τῷ
629 678 1034 755 καθαγνισοέντι
1088 672 1262 743 ἐλαίῳ
1329 670 1571 742 βάπτειν,
1625 661 1714 716 καὶ
1774 658 1916 713 οὕτω
1976 652 2187 710 διδόναι

512 777 631 832 τοῖς
660 770 809 825 ταῦτ’
864 765 1123 837 ἀπάξουσι
1180 759 1315 834 πρὸς
1361 756 1425 811 τὸ
1480 754 1808 829 στράτευμα,
1865 746 1990 801 ὥστ’
2050 744 2183 797 ἄπο-

514 830 722 935 χρῶντ’
774 857 909 911 εἶναι
1103 830 1233 904 τῶν·
1261 846 1607 922 στρατιωτῶν
1658 838 1883 909 πλήθει,
1928 835 2009 911 ἐφ’
2039 832 2083 905 ᾧ
2127 830 2180 885 ἓν

512 950 602 1004 καὶ
680 944 903 1001 ἕκαστον
969 946 1075 995 τῶν
1169 936 1433 1010 παπύρων
1501 929 1597 986 ἕνα
1658 931 1958 999 κρατοῦντα
2015 920 2185 994 ὁμόσε

510 1041 728 1114 χωρεῖν
759 1040 874 1096 τοῖς
930 1030 1173 1106 ἐχθροῖς.
1236 1025 1403 1082 Ταῦτ’
1466 1020 1785 1076 ἐπετέκτατο
1843 1014 1933 1069 καὶ
1962 1013 2061 1081 τὴν
2094 1030 2180 1063 τα-

1622 1107 1629 1114 -
1698 1104 1752 1114 η
1895 1106 1921 1114 ..
2140 1097 2152 1114 ι

517 1097 551 1114 η.
618 1097 626 1112 .
962 1097 1046 1106 .-.

517 1127 718 1201 χίστην
752 1121 1079 1197 ἐπέπρακτο,
1130 1115 1221 1171 καὶ
1280 1115 1331 1168 οἳ
1390 1116 1525 1175 Οεῖοι
1560 1104 1826 1186 φάκελλοι
1856 1106 1962 1156 τῶν
2008 1097 2184 1154 παπύ-

520 1237 628 1291 ρων
663 1213 903 1268 σκεύεσιν
965 1206 1200 1269 ὑελίνοις
1262 1196 1673 1276 ἐμϐεϐλημένοι
1733 1196 1848 1266 ἅμα
1908 1190 2000 1264 μὲν
2067 1187 2180 1260 μετ’

516 1284 715 1379 εὐχῆς,
748 1302 861 1374 ἅμα
919 1296 977 1352 δὲ
1022 1297 1111 1351 καὶ
1144 1295 1259 1368 μετ’
1322 1286 1621 1366 ἀσφαλείας
1653 1284 1981 1355 ἐπέμποντο.
2014 1284 2180 1333 Βασι-

514 1392 642 1456 λεὺς
689 1388 746 1445 δέ
788 1389 879 1444 τὸν
916 1386 1081 1441 αὐτοῦ
1112 1377 1362 1459 γαμϐρὸν
1401 1374 1635 1451 Μιχαὴλ
1667 1374 1755 1427 τὸν
1792 1369 2059 1437 δεσπότην
2088 1364 2179 1420 καὶ

512 1483 605 1536 τὸν
641 1480 802 1554 μέγαν
855 1474 1176 1549 δομέστικον
1231 1471 1323 1524 τὸν
1385 1464 1812 1541 Ταρχανειώτην
1871 1459 1961 1513 καὶ
2015 1455 2173 1510 αὐτὸν

512 1570 773 1643 Μιχαὴλ,
836 1564 913 1619 ἔτι
971 1561 1028 1618 δὲ
1081 1563 1172 1616 τὸν
1230 1561 1396 1633 μέγαν
1418 1549 1902 1629 στρατοπεδάρχην
1937 1542 2180 1613 Συναδη-

512 1657 606 1713 νὸν
666 1656 951 1723 Ἰωάννην,
1009 1650 1100 1707 καὶ
1156 1649 1410 1722 τέταρτον
1473 1643 1567 1698 σὺν
1625 1640 1843 1699 τούτοις
1874 1637 1965 1691 τὸν
2019 1632 2174 1687 ἐκτο-

514 1747 637 1821 μίαν
699 1742 1070 1818 Ἀνδρόνικον,
1119 1744 1280 1793 τατᾶν
1361 1737 1455 1809 μὲν
1516 1736 1616 1796 τῆς
1678 1727 1852 1792 αὐλῆς
1913 1722 2044 1779 ὄντα
2097 1726 2176 1793 τῷ

492 1810 640 1893 τότε.
697 1810 1066 1900 Ἠνοπολίτην
1101 1827 1150 1883 δ’
1215 1822 1678 1893 ἒπικεκλημένον,
1730 1814 2043 1893 ἐγχειρίσας
2077 1810 2175 1866 δυο

498 1926 691 1997 νάμεις
745 1923 928 1984 ἱκανὰς
981 1920 1121 1995 πρὸς
1149 1915 1383 1991 τοῦργον
1434 1913 1721 1983 ἐκπέμπει,
1755 1901 2024 1982 ὀρρωδίαν
2061 1902 2156 1974 μὲν

498 2020 672 2069 πᾶσαν
729 2013 782 2082 ἐξ
838 2009 1012 2065 αὒτῶν
1047 2002 1353 2073 ἐκϐάλλων,
1388 2001 1582 2077 θάρῥος
1624 1996 1668 2052 δ’
1719 1993 1942 2058 ἐντιθεὶς
1995 1990 2157 2045 πλεῖ-

502 2124 627 2157 στον
684 2106 805 2161 ταῖς
862 2099 967 2153 ἀπὸ
1023 2101 1131 2149 τῶν
1179 2093 1359 2167 εὐχῶν
1413 2095 1518 2144 τῶν
1574 2088 1761 2162 ἱερέων
1822 2082 2156 2154 συνάρσεσιν.

506 2192 671 2247 Οὗτοι
733 2189 830 2261 μὲν
890 2186 979 2240 οὗν
1028 2182 1353 2242 ἀπελθόντες
1411 2173 1683 2233 ἀπωτάτω
1734 2174 1857 2226 ὅσον
1882 2170 1947 2237 ἦν
1977 2167 2159 2241 ἐγχω-

508 2283 633 2353 ροῦν
696 2270 1271 2351 ἐστρατοπεδεύσαντο,
1304 2269 1395 2323 καὶ
1445 2260 1775 2339 προσϐαλεῖν
1835 2259 1927 2331 μὲν
1974 2256 2157 2326 ἐξαπι-

502 2343 671 2429 ναίως
715 2343 891 2420 οὐκέτ’
940 2360 1189 2433 έτόλμων
1223 2356 1524 2431 (ἀλογίστῳ
1570 2353 1671 2427 γὰρ
1722 2351 1993 2422 ἀντισχεῖν
2027 2343 2159 2420 θρά-

505 2477 585 2510 σει
617 2453 863 2524 ἒδόκουν,
914 2451 1007 2507 καὶ
1067 2446 1280 2523 μᾶλλον
1337 2446 1390 2498 οἱ
1422 2442 1547 2517 περὶ
1577 2442 1666 2495 τὸν
1701 2436 1866 2512 μέγαν
1903 2433 2158 2507 δομέστι-

500 2567 615 2616 κον,
677 2546 722 2617 ᾧ
756 2542 823 2612 δὴ
870 2540 961 2597 καὶ
990 2539 1053 2595 τὸ
1101 2544 1203 2593 πᾶν
1260 2534 1645 2608 ἐπετέτραπτο,
1700 2528 1779 2583 ἀεὶ
1812 2523 2157 2601 προμηθείας

503 2633 694 2710 θρόνον
726 2632 1017 2708 τιμῶντα),
1078 2630 1345 2701 σιταρκεῖν
1402 2620 1459 2677 δὲ
1488 2618 1597 2690 ἤδη
1628 2620 1781 2691 λιμῷ
1831 2612 2160 2674 λελοιπότας

506 2872 644 2915 mox
670 2854 881 2909 darent
913 2846 1201 2921 expeditis
1226 2841 1591 2904 cursoribus,
1626 2837 1727 2909 qui
1763 2836 1869 2891 hos
1899 2834 1971 2889 ad
2004 2849 2169 2889 exer-

510 2949 696 3003 citum
730 2938 1017 3013 portaturi
1050 2938 1109 2991 in
1143 2934 1445 3005 procinctu
1479 2928 1737 2984 stabant.
1770 2929 1911 2979 Erat
1967 2926 2163 2977 autem

507 3049 794 3092 numerus
853 3026 1254 3083 chartularum
1319 3022 1446 3077 oleo
1517 3019 1838 3073 tinctarum
1911 3016 2167 3084 quantus

509 3124 825 3186 sufﬁceret,
861 3123 927 3173 ut
962 3114 1280 3184 unicuique
1317 3108 1489 3166 militi
1523 3111 1725 3161 contra
1760 3104 1987 3157 hostem
2021 3102 2177 3154 ituro

508 3230 618 3269 sua
646 3210 1028 3273 tribueretur,
1076 3218 1253 3275 quam
1287 3214 1491 3255 secum
1524 3197 1583 3249 in
1640 3193 1839 3266 praelio
1897 3194 2168 3261 gestaret.
2203 3236 2244 3302 Ο

769 3299 778 3302 -
1002 3300 1007 3302 Α
1167 3292 1178 3302 -
1497 3286 1533 3302 .-
1623 3281 1964 3302 suum-.-
2032 3294 2132 3302 ---

509 3306 637 3358 Ηεεο
668 3304 735 3355 ut
765 3299 1077 3370 imperata,
1132 3292 1216 3347 sic
1276 3284 1638 3345 exsecutioni
1689 3281 1973 3337 mandata
2029 3294 2167 3334 con-

508 3392 700 3449 festim
735 3392 892 3444 sunt.
927 3386 998 3441 Et
1028 3382 1180 3439 sacri
1216 3376 1483 3434 fasciculi
1547 3375 1883 3429 chartarum
1944 3372 2000 3424 in
2031 3386 2174 3424 vasa

499 3482 683 3537 vitrea
741 3475 983 3549 injecti,
1044 3469 1223 3527 simul
1282 3465 1567 3536 religione
1624 3476 1923 3531 congrua,
1984 3458 2167 3513 simul

496 3568 807 3625 velocitate
855 3563 1010 3621 512
1035 3574 1272 3615 summa
1302 3554 1618 3610 mittuntur
1651 3550 1708 3605 in
1742 3552 1953 3603 castra.
2009 3551 2168 3601 Prae-

497 3659 745 3714 miserat
766 3654 922 3709 enim
954 3651 1277 3718 imperator
1301 3661 1367 3699 eo
1399 3641 1596 3713 copias
1616 3642 1871 3710 quantas
1904 3637 1975 3691 ad
2005 3637 2164 3706 quod

497 3748 744 3818 optabat
773 3741 1122 3797 suffecturas
1155 3738 1407 3807 putarat,
1442 3732 1550 3785 sub
1583 3728 1832 3783 ducibus
1883 3724 2164 3780 Michaele

500 3838 747 3905 despota
782 3846 889 3886 suo
913 3843 1148 3900 genero,
1174 3839 1385 3894 magno
1409 3818 1729 3874 domestico
1750 3814 2158 3877 Tarchaniota,

501 3930 559 3980 et
610 3923 740 3994 ipso
790 3915 1214 3991 praenominato
1258 3907 1562 3979 Michaele,
1614 3923 1825 3977 magno
1868 3908 2157 3973 stratOpe-

504 3992 725 4068 dare—ha
750 4010 976 4065 Joanne
1007 4004 1337 4076 Synadeno,
1373 4004 1430 4053 et
1461 4002 1668 4069 quarto
1719 4010 1853 4049 cum
1907 3992 1998 4046 his
2053 4007 2154 4045 eu-

500 4101 692 4158 nucho
725 4096 1059 4153 Andronico
1092 4098 1235 4146 tunc
1267 4089 1411 4145 aula
1444 4091 1585 4155 tata,
1646 4084 1739 4138 cui
1799 4080 2152 4150 Eoquolita:

495 4204 817 4263 cognomen
882 4189 1027 4240 erat.
1101 4180 1218 4235 Hos
1290 4176 1531 4231 mittens
1591 4188 1827 4227 omnem
1901 4170 2151 4239 abjicere

491 4280 764 4335 timorem
797 4274 997 4345 jussit;
1035 4275 1093 4325 et
1133 4278 1289 4324 certa
1338 4262 1589 4320 victoria:
1644 4278 1745 4331 spe
1796 4259 1922 4327 niti,
1983 4275 2145 4329 mag-

490 4384 707 4440 nopere
754 4362 1007 4419 conﬁsos
1072 4355 1287 4412 auxilio
1345 4353 1561 4421 divino,
1618 4350 1771 4420 quod
1807 4348 1879 4401 ab
1912 4353 2144 4402 exorato

488 4457 763 4530 precibus
794 4450 1165 4507 sacerdotum
1207 4443 1449 4499 numine
1480 4442 1637 4495 haud
1679 4437 2016 4493 dubitantes
2046 4453 2141 4490 ex-

488 4526 843 4619 spectarent.
876 4540 971 4595 Sic
1014 4536 1099 4592 illi
1130 4533 1367 4607 profecti
1398 4532 1783 4585 admoverunt
1813 4543 1875 4581 se
1931 4526 2138 4581 castris

1833 356 2139 416 GEORGII
2178 348 2525 407 PACHYME
2534 353 2647 405 RE

918 502 1026 553 τῶν
1089 495 1299 551 λοιπῶν
1356 490 1528 544 ἐκεῖσε
1572 480 2034 550 θεοκλυτούντων,
2066 474 2184 532 ἐπι-
2213 480 2267 546 Α
2294 471 2422 534 τοὺς
2482 475 2578 527 τοῦ
2636 471 2901 549 φρουρίου
2948 468 3075 532 τοὺς
3116 467 3466 544 πειράσονται(
3510 465 3723 543 ἔγνωσαν
3768 470 3875 524 ἀπο-

3791 347 3876 403 976

2294 561 2562 617 στέλλειν.
2614 562 2805 633 Ἐῲκει
2853 560 2954 637 γὰρ
2985 560 3073 613 καὶ
3131 559 3158 612 ὁ
3206 556 3520 634 παραρρέων
3563 559 3621 613 τὸ
3666 559 3879 635 φρούριον

2292 652 2541 724 ποταμὸς
2572 651 2639 705 τὰ
2685 648 2872 705 πολλά
2906 642 3310 720 ξυλλαμϐάνειν
3352 648 3545 723 σφίσιν,
3578 649 3680 720 ἅμα
3711 647 3788 719 μὲν
3831 647 3881 701 δι’

2292 741 2457 795 αὐτοῦ
2518 739 2941 815 φορτηγυύντων
2998 738 3214 806 νυκτὸς,
3274 737 3385 808 ἅμα
3440 734 3495 789 δὲ
3551 737 3634 790 καὶ
3685 741 3755 809 τῷ
3780 738 3884 791 κατὰ

2292 830 2482 905 χρείαν
2537 827 2836 903 ὑδρεύσεως
2869 821 3096 899 ἐμϐόλῳ
3146 826 3280 901 πρὸς
3310 826 3407 893 τὴν
3436 824 3519 879 ἐπὶ
3567 825 3626 878 τὸ
3670 825 3880 902 φρούριον

2292 919 2581 994 ἀναγωγὴν
2614 922 2720 971 τῶν
2756 916 2991 995 φορτίων
3035 915 3085 969 ἐν
3137 914 3371 990 ἀσφαλεῖ
3418 914 3752 989 χρησομένων
3801 920 3880 968 τῶν

2293 1007 2381 1062 ἐπὶ
2437 1012 2518 1080 τῷ
2578 1012 2848 1081 σιταρκείν
2897 1005 3262 1077 τεταγμένων.
3313 1007 3492 1060 Ταῦτα
3543 1001 3880 1071 διανοηθέντες,

2288 1096 2417 1160 τοὺς
2470 1094 2776 1172 φορτηγοὺς
2834 1095 3246 1167 εὐτρεπίσαντες
3301 1092 3391 1145 καὶ
3448 1091 3599 1146 ἱκανὰ
3647 1091 3881 1163 νηησάμε-

2289 1191 2480 1257 νοιτῷ
2506 1189 2739 1258 ποταμῷ
2769 1181 3113 1244 πιστεύοντες
3162 1177 3425 1253 ἔπεμπον,
3479 1180 3564 1235 καὶ
3614 1180 3730 1241 τοὺς
3772 1180 3882 1251 παρὰ

2292 1278 2377 1348 [Ρ.
2409 1278 2534 1348 340]
2591 1275 2652 1328 τὸ
2683 1272 2875 1348 χεῖλος
2905 1275 3001 1327 τοῦ
3032 1276 3289 1344 ποταμοῦ
3338 1269 3613 1341 αὐτάρκεις
3658 1269 3776 1343 πρὸς
3806 1268 3880 1341 μά-

2289 1385 2398 1441 χην
2453 1369 2563 1419 τῶν
2619 1363 3026 1434 ἐπιθησομένων
3081 1362 3330 1432 τάξαντες
3365 1404 3378 1417 .
3432 1363 3595 1413 Τοῦτο
3647 1358 3879 1432 γινόμενον

2292 1456 2368 1527 μὴ
2430 1452 2596 1509 λαθὸν
2658 1450 2902 1523 ἐκμαίνει
2959 1449 3085 1512 τοὺς
3140 1448 3406 1520 Ἰταλοὺς,
3464 1448 3550 1502 καὶ
3587 1446 3800 1521 ἐπισχεῖν
3828 1447 3881 1507 ὡς

2289 1544 2347 1597 ἂν
2409 1542 2515 1597 οἷοί
2572 1544 2616 1596 τ’
2676 1542 2812 1609 ἦσαν
2865 1538 3130 1615 ἐξέθορον.
3192 1539 3255 1591 Οἱ
3305 1539 3397 1607 μὲν
3454 1537 3543 1591 οὖν
3575 1536 3709 1610 παρά
3733 1535 3883 1608 θάτερα

2283 1637 2381 1686 τοῦ
2438 1634 2689 1702 ποταμοῦ
2743 1629 2971 1699 Ἀσούνη
3006 1626 3285 1691 σταθέντες
3343 1623 3556 1698 ἕτοιμοι
3585 1626 3709 1694 ἦσαν
3738 1624 3879 1678 ἐπιόν-

2284 1742 2378 1783 τας
2439 1720 2734 1792 ἀμύνεσθαί
2766 1739 2824 1772 τε
2872 1716 2962 1771 καὶ
3020 1714 3255 1771 κωλύειν
3287 1718 3386 1785 τὴν
3434 1714 3717 1789 σιταρκίαν,
3767 1713 3881 1783 λιμῷ

2289 1809 2501 1884 μᾶλλον
2560 1810 2623 1862 τὸ
2682 1808 2940 1885 φρούριον
2999 1805 3313 1875 ἐλπίζοντες
3369 1804 3812 1879 παραστήσασθαι·
3860 1802 3879 1853 ὁ

2295 1897 2351 1953 δέ
2381 1920 2442 1973 γε
2471 1900 2604 1960 Ῥὼς
2637 1897 2918 1969 Σολυμᾶς,
2950 1896 3163 1969 σύναμα
3206 1901 3325 1957 τοῖς
3370 1896 3493 1970 περὶ
3538 1893 3720 1947 ἐκεῖνον
3760 1889 3879 1945 πλεί-

2293 2011 2441 2051 στοις
2490 1988 2578 2042 καὶ
2629 1989 2882 2063 ἰσχυροῖς
2923 1986 3063 2055 οὖσι,
3125 1984 3321 2061 διέγνω
3349 1986 3441 2040 τὸν
3476 1985 3703 2055 ποταμὸν
3734 1979 3881 2034 διαπε-

2278 2078 2658 2154 ραιωσάμενος
2707 2076 2833 2138 τοὺς
2865 2076 3012 2151 παρά
3039 2076 3101 2130 τὸ
3134 2075 3329 2149 χεῖλος
3361 2075 3447 2129 ἐπὶ
3481 2072 3710 2151 φυλακὴν
3742 2071 3879 2128 ἱέντας

2266 2167 2751 2243 καταγωνίζεσθαι.
2833 2164 2938 2219 Καὶ
3013 2162 3079 2232 δὴ
3156 2169 3235 2235 τῷ
3295 2163 3525 2240 ῥεύματι
3580 2164 3686 2235 μεθ’
3736 2162 3877 2231 ὁρμῆς

2266 2253 2599 2330 ἐμϐαλόντες
2629 2254 2885 2319 πλείστης
2916 2254 3105 2307 ἱστῶσί
3137 2274 3195 2307 τε
3218 2254 3323 2322 τὴν
3373 2258 3467 2307 τοῦ
3510 2249 3688 2312 ὕδατος
3717 2248 3859 2324 ῥύμην

2268 2346 2357 2401 καὶ
2392 2344 2528 2399 κατὰ
2561 2344 2755 2418 θάτερα
2792 2344 2892 2411 τὴν
2941 2342 3207 2418 ταχίστην
3264 2343 3531 2418 γίνονται,
3587 2342 3877 2417 φριμαγμοῖς

2279 2436 2369 2489 καὶ
2433 2434 2621 2506 μόνοις
2677 2437 2786 2486 τῶν
2843 2431 2977 2486 κατᾶ
3036 2437 3168 2508 σφᾶς
3217 2433 3520 2506 ἀγερώχων
3550 2428 3719 2484 ’ίππων
3746 2446 3879 2480 κατα-

2271 2523 2500 2593 πλήξειν
2564 2522 2626 2575 τὸ
2685 2522 3074 2593 ἀνθιστάμενον
3133 2521 3280 2574 ἅπαν
3342 2522 3605 2593 οἰόμενοι.
3657 2519 3736 2579 Ὦς
3776 2517 3876 2589 γοῦν

2270 2618 2349 2684 τῷ
2403 2610 2587 2688 οάρῥει
2638 2607 3033 2685 προπηδῶντες
3095 2609 3320 2675 εἰκαίως
3376 2608 3463 2665 ἐπὶ
3510 2607 3629 2671 τοὺς
3681 2603 3878 2678 πεμφθὲν

2278 2833 2657 2897 conarentur,
2713 2827 2998 2882 beneﬁcio
3058 2826 3191 2883 valli
3247 2828 3327 2883 ab
3382 2844 3510 2883 arce
3565 2827 3630 2882 ad
3678 2823 3876 2879 ﬂuvium

2280 2917 2553 2989 producti
2611 2916 2945 2989 aquationis
3005 2922 3130 2972 tuto
3190 2917 3477 2972 faciendae
3532 2932 3721 2980 causa,
3772 2926 3878 2967 suos

2288 3024 2521 3078 quoque
2549 3010 2919 3061 convectores
2959 3005 3041 3060 rei
3099 3006 3366 3061 cibatriae
3420 3005 3701 3062 commode
3728 3002 3784 3056 ad
3811 3001 3877 3054 in-

2291 3099 2580 3151 offensum
2613 3096 2927 3149 transitum
2952 3095 3229 3166 tegendos
3246 3095 3635 3151 verisimiliter
3654 3097 3876 3148 autuma-

2288 3185 2450 3239 bant.
2488 3184 2603 3239 Hoc
2662 3182 2906 3238 consilio
2944 3183 3159 3253 bajulis
3205 3185 3519 3256 expeditis,
3566 3180 3876 3249 oneratisquc

2289 3278 2619 3329 commeatu
2657 3274 2900 3338 ratibus,
2930 3290 3028 3327 eas
3059 3274 3327 3329 secundo
3376 3274 3683 3328 immittunt
3721 3281 3872 3332 amne,

2287 3362 2595 3435 dispositis
2627 3361 2685 3415 in
2721 3361 2847 3432 ripa
2879 3361 3087 3415 idoneo
3119 3378 3373 3417 numero
3405 3362 3669 3417 militibus
3700 3358 3754 3412 ad
3783 3354 3869 3407 im-

2280 3458 2453 3524 petus
2516 3451 2750 3505 obstare
2827 3450 2981 3505 513
3054 3452 3402 3506 conantium
3464 3450 3726 3507 arcendos.
3772 3442 3872 3495 Non

2276 3540 2446 3597 latuit
2500 3540 2702 3595 hostes
2763 3539 2905 3610 quid
2967 3546 3300 3610 pararetur.
3364 3542 3671 3613 Erumpunt
3717 3532 3872 3591 statim

2275 3631 2496 3685 furioso
2530 3633 2735 3683 contra
2786 3629 3009 3697 impetu
3070 3627 3216 3682 Itali.
3274 3629 3418 3685 Pars
3475 3630 3669 3685 horum
3714 3626 3763 3680 in
3800 3620 3869 3676 ad-

2273 3737 2442 3775 versa
2475 3718 2642 3773 ﬂuvii
2675 3724 2893 3771 Asunaa
2922 3716 3193 3770 instructi
3224 3717 3363 3790 ripa
3393 3720 3636 3785 stabant,
3667 3704 3869 3787 procinc-

2273 3812 2315 3862 ti
2351 3810 2421 3863 ad
2460 3805 2827 3876 repellendos
2860 3821 2959 3859 eos
2983 3805 3083 3875 qui
3115 3805 3403 3863 alimenta
3432 3806 3677 3863 obsessis
3710 3801 3871 3857 inferre

2274 3894 2823 3951 moliebanturzhos
2870 3894 3027 3948 enim
3080 3909 3142 3948 se
3202 3895 3362 3951 fame
3422 3894 3797 3967 compulsuros
3821 3885 3868 3940 ad

2274 3986 2630 4040 deditionem
2665 3986 3063 4053 speraverant.
3124 3985 3198 4038 At
3260 3984 3424 4041 Rhos
3479 3985 3725 4055 Solymas
3772 3992 3866 4032 cum

2278 4094 2492 4143 magna
2524 4091 2767 4129 suarum
2812 4090 3014 4140 manu,
3048 4075 3312 4130 virorum
3347 4076 3543 4146 utique
3599 4074 3805 4129 fortium
3829 4070 3867 4120 et

2273 4166 2501 4221 roboris
2525 4164 2824 4236 praecipui,
2858 4164 3270 4233 trajiciendum
3334 4167 3445 4222 sibi
3481 4166 3628 4221 ultro
3676 4160 3865 4217 ﬂuvium

2267 4256 2475 4311 statuit
2505 4254 2575 4307 ad
2610 4270 2707 4307 eos
2741 4251 3121 4307 debellandos
3154 4255 3255 4324 qui
3289 4273 3359 4310 ex
3386 4258 3624 4310 adversa
3652 4255 3761 4322 ripa
3794 4262 3863 4300 se-

2258 4345 2450 4402 cundo
2466 4360 2636 4397 amne
2668 4341 2977 4396 ﬂuentium
2994 4344 3310 4398 transitum
3347 4345 3732 4400 defensabant.
3750 4342 3861 4405 Ergo

2254 4435 2520 4506 equitatu
2555 4433 2737 4485 denso
2769 4430 3011 4485 eluctati
3034 4435 3360 4488 torrentem
3402 4435 3679 4505 impetum
3711 4422 3868 4483 ﬂumi'

2264 4526 2377 4591 nis,
2417 4522 2747 4576 ulteriorem
2778 4536 2938 4574 oram
2992 4521 3149 4574 brevi
3208 4527 3472 4591 tenuere,
3534 4524 3677 4577 fastu
3725 4518 3867 4571 tanto.

489 4600 812 4691 hbslilibus
845 4643 1023 4699 quam
1058 4623 1320 4696 proxime
1351 4618 1629 4674 licuit.Et
1657 4618 1879 4670 irruere
1913 4616 2152 4685 quidem
2186 4600 2231 4663 ἰ)
2266 4619 2329 4668 ut
2376 4611 2498 4666 solo
2545 4611 2780 4663 fremitu
2822 4616 2879 4663 et
2928 4609 3262 4665 hinnitibus
3309 4613 3587 4666 ferocium
3634 4615 3867 4679 equorum

487 4724 549 4778 in
584 4724 785 4777 hostes
819 4718 1011 4790 primo
1044 4713 1245 4769 statim
1280 4710 1535 4764 adventu
1570 4709 1904 4761 noluerunt.
1948 4706 2153 4758 Incon-

487 4813 657 4868 sulta:
692 4810 909 4881 quippe
940 4806 996 4860 id
1031 4804 1153 4859 fore
1172 4796 2001 4856 temeritatisarbitrabantur:
2028 4811 2153 4863 quae

482 4902 596 4959 fuit
628 4880 923 4971 praecipue
955 4888 1251 4948 sententia
1284 4884 1484 4957 magni
1531 4880 1857 4949 domestici,
1889 4880 1981 4934 cui
2014 4897 2155 4934 cura

492 4988 767 5043 universa
790 4982 1008 5056 negotii
1066 4979 1248 5034 totius
1283 4980 1340 5029 et
1388 4988 1660 5043 suprema
1717 4971 1777 5024 in
1809 4969 2151 5024 universum

486 5076 806 5132 exercitum
848 5069 1173 5128 auctoritas
1218 5061 1538 5122 commissa
1584 5060 1793 5125 fuerat,
1854 5058 1934 5112 ita
1968 5062 2031 5110 ut
2083 5073 2151 5111 ex

481 5169 611 5234 ejus
640 5162 1005 5235 providentia
1047 5174 1113 5213 ac
1155 5153 1383 5227 judicio
1434 5153 1647 5204 cuncta
1695 5147 1775 5202 ibi
1808 5149 2148 5218 penderent.

489 5255 881 5309 Decreverunt
911 5256 1109 5305 autem
1143 5243 1469 5301 mittendos
1502 5257 1531 5294 e
1563 5239 1686 5293 suis
1718 5237 1817 5309 qui
1851 5253 2148 5291 commea-

485 5349 611 5397 tum
645 5340 904 5396 obsessis
932 5338 1054 5408 jam
1089 5338 1241 5390 fame
1275 5328 1685 5387 laborantibus
1736 5327 2145 5399 importarent.

484 5433 566 5487 Ad
605 5430 711 5485 hoc
740 5428 1049 5482 videbatur
1081 5424 1427 5494 profuturus
1457 5417 1604 5489 ipsis
1641 5417 1875 5483 ﬂuvius,
1926 5432 2139 5483 artem,

488 5529 552 5577 ut
581 5518 721 5588 divi,
756 5515 1114 5589 praelabens:
1159 5528 1293 5566 nam
1355 5514 1411 5563 et
1470 5506 1764 5579 impositis
1824 5505 1909 5559 illi
1969 5510 2142 5559 noctu

481 5609 738 5667 navibus
770 5604 938 5661 facile
969 5617 1173 5657 versus
1215 5614 1407 5655 arcem
1438 5596 1759 5668 promoturi
1791 5594 2146 5656 videbantur

492 5696 887 5757 necessariam
912 5704 1231 5757 annonam;
1281 5696 1335 5743 et
1382 5686 1432 5742 si
1481 5685 1680 5740 hostes
1729 5684 1787 5740 id
1840 5683 2147 5755 prohibere

2269 4703 2484 4773 quibus
2534 4698 2867 4753 insidebant
2932 4698 3307 4769 perculsuros
3366 4717 3428 4755 se
3501 4701 3868 4760 aversurosque

2266 4791 2468 4847 statim
2505 4790 2559 4841 in
2596 4790 2791 4858 fugam
2819 4789 3182 4843 adversarios
3209 4806 3417 4845 omnes
3444 4789 3719 4846 conﬁdere
3754 4778 3869 4834 vide-

2265 4885 2492 4935 rentur.
2556 4877 2701 4931 Cum
2755 4875 2935 4946 igitur
2985 4876 3320 4933 exsilientes
3371 4897 3401 4934 e
3452 4879 3685 4933 ﬂumine
3738 4862 3867 4941 quasi

2262 4967 2664 5042 perfunctorie
2695 4970 2753 5019 et
2810 4966 3195 5036 contemptim
3246 4968 3553 5036 praenimis
3595 4964 3722 5021 certi
3772 4970 3867 5012 suc-

2261 5075 2463 5115 cessus
2499 5056 2718 5110 ﬁducia
2747 5054 2805 5108 in
2844 5058 3077 5109 nostros
3110 5056 3187 5110 ibi
3222 5060 3446 5111 stantes
3486 5053 3868 5113 inveherentur,

2259 5148 2317 5203 hi
2354 5147 2568 5219 partim
2596 5143 2861 5215 prudenti
2891 5145 3171 5199 cautione
3208 5145 3473 5215 periculi,
3528 5144 3721 5215 partim
3772 5138 3866 5190 arte

2261 5237 2517 5308 quadam
2552 5232 3092 5303 stratagematis,ad
3117 5233 3435 5289 eliciendos
3466 5234 3659 5287 hostes
3700 5228 3749 5282 in
3801 5223 3863 5275 Ιο-

2259 5343 2393 5381 cum
2428 5321 2801 5392 iniquiorem,
2848 5319 3151 5390 paululum
3196 5324 3349 5375 retro
3395 5323 3702 5376 cesserunt.
3732 5306 3863 5367 Nacti

2257 5431 2391 5469 vero
2425 5412 2619 5466 locum
2654 5414 2879 5480 aptum,
2912 5409 3040 5463 lixis
3074 5410 3130 5463 in
3155 5428 3219 5465 eo
3251 5410 3511 5481 vestigiis
3535 5403 3863 5475 insequentes

2258 5504 2487 5575 equites
2519 5505 2819 5554 armatura
2869 5498 3178 5568 impeditos
3236 5500 3396 5571 gravi
3443 5498 3656 5569 jacutis
3702 5494 3862 5564 petere

2257 5592 2577 5663 cmperunt.
2610 5586 2781 5641 Acin
2842 5587 3106 5657 ipsorum
3154 5587 3389 5659 quidem
3440 5600 3673 5657 corpora
3709 5572 3861 5650 galeis

2257 5698 2323 5737 ac
2371 5678 2567 5734 loricis
2617 5680 2879 5748 protecta
2934 5678 3190 5747 perferre
3245 5693 3308 5731 se
3342 5676 3496 5732 ictus
3555 5671 3856 5745 sagittarum
