4080 6384
184 460 299 515 977
1258 474 1354 526 DE
1391 474 1768 530 MICHAELE
1805 477 2253 538 PALEOLOGO
2289 484 2428 540 LIB.
2469 488 2567 540 VI.
3510 487 3619 543 978

183 607 287 648 τας
310 588 596 662 ἐξώρμων,
621 590 680 690 οἳ
715 591 810 690 μεν
860 594 997 668 πρὸς
1048 596 1142 667 μὲν
1191 596 1292 690 τζὴν
1337 598 1562 672 πρώτην
1596 594 1843 672 ἐμϐολὴν
1875 602 1930 668 Α
1959 602 2096 658 κατὰ
2140 604 2316 680 στόμα
2346 609 2637 682 παιόμενοι
2697 607 3067 687 διεφθείροντο
3107 612 3193 686 (οὐ
3224 612 3328 690 γὰρ
3383 613 3522 684 πρὸς
3553 612 3616 667 τὸ

180 681 350 730 τοῦτο
408 680 501 748 μὲν
546 677 970 755 φυλαττόμενοι,
1002 688 1162 738 10510
1214 682 1270 738 δὲ
1317 686 1406 739 καὶ
1436 689 1840 761 τεχνιτεύοντες
1953 691 2252 769 ἀντισχεῖν,
2286 697 2430 754 ἀλκὰ
2458 700 2593 775 πρὸς
2652 700 2713 754 τὸ
2763 701 2948 773 μαθεῖν
3004 701 3169 774 μόνον
3219 704 3272 759 τί
3300 704 3361 757 τὸ
3390 702 3613 778 γινόμε-

179 765 440 829 ἐπιεικῶς
502 769 666 838 εἶξαν,
723 768 1029 841 ἐπιτήδειον
1079 771 1124 827 δ’
1182 775 1430 849 εὑρόντες
1484 778 1651 831 τόπον
1708 781 1841 851 μετᾶ
1949 806 2038 839 νον
2099 786 2392 863 ἐτρέποντο
2450 793 2587 845 κατά
2640 791 2982 867 πρόσωπον),
3022 795 3073 847 οἱ
3108 792 3165 848 δὲ
3222 794 3358 850 κατᾶ
3417 796 3610 849 πώτου

183 856 389 929 βάρους
449 856 637 911 ὅπλων
697 858 873 921 ἰόντας
947 861 1295 917 κατοίστευον
1330 910 1341 921 .
1405 867 1676 922 Κάκείνων
1740 871 1834 941 μὲν

176 943 455 1020 ἐφικέσθαι
486 951 593 1000 τῶν
639 946 915 1003 ἀδυνάτων
948 951 1142 1022 ᾣοντο,
1177 952 1404 1029 ἐπείρων
1440 954 1497 1010 δὲ
1532 958 1834 1032 βάλλοντες

174 1033 553 1101 τοὺςῗππους,
588 1034 640 1091 εἷ’
665 1058 779 1100 πως
827 1044 1360 1117 κατευστοχήσαντες
1408 1044 1535 1108 τοὺς
1586 1047 1673 1102 ἐπὶ
1722 1055 1829 1104 τῶν

167 1123 361 1179 ⁹ίππων
437 1128 809 1201 γαννυμένους
874 1130 1069 1198 πεζοὺς
1135 1130 1489 1205 ἀποδείξαιεν.
1548 1137 1825 1209 Ἐτρώθη-

1948 874 2325 950 πληττόμενοι
2393 879 2775 937 διωλίσθαινόν
2833 903 2892 936 τε
2943 887 3049 937 τῶν
3107 885 3295 939 ἳππων
3355 884 3445 939 καὶ
3513 885 3607 939 πί-

1945 979 2169 1031 πτοντες
2212 967 2494 1040 ἔθνησκον,
2554 972 2664 1027 ἔστι
2729 970 2773 1027 δ’
2828 974 2889 1027 οὗ
2921 973 3010 1028 καὶ
3073 978 3264 1043 ζῶντες
3323 974 3601 1047 συνελαμ-

1944 1051 2188 1114 ϐάνοντο.
2225 1058 2446 1129 Σπουδὴ
2478 1063 2577 1136 γὰρ
2610 1062 2676 1130 ἦν
2723 1067 2839 1124 τοῖς
2891 1063 2985 1135 μὲν
3024 1063 3113 1117 τὸν
3165 1065 3412 1136 ποταμὸν
3445 1066 3598 1120 Βοώ-

1940 1167 2036 1215 σην
2105 1149 2300 1223 φθάσαι
2368 1150 2457 1204 καὶ
2525 1156 2874 1223 περαιωθεῖσι
2935 1153 3296 1221 σωθήσεσθαι,
3356 1158 3474 1215 τοῖς
3538 1150 3595 1207 δὲ

1934 1238 2032 1287 105
2064 1238 2145 1307 [P.
2180 1240 2305 1308 350]
2362 1238 2630 1312 βασιλέως
2679 1239 2775 1301 τὰς
2834 1238 2921 1293 ἐπὶ
2976 1239 3069 1294 τὸν
3126 1239 3377 1313 ποταμὸν
3415 1239 3591 1294 αὐτῶν

1936 1323 2109 1396 ὁρμὰς
2145 1324 2436 1381 διακλείειν
2470 1330 2860 1403 προφθάνουσι.
2896 1328 3005 1385 Μὶν
3055 1326 3160 1384 δέει
3211 1334 3309 1384 τοῦ
3346 1330 3422 1402 μὴ
3476 1351 3592 1384 κω-

1934 1411 2165 1481 λυθῆναι
2233 1415 2615 1485 παντάπασιν,
2678 1417 2863 1479 αὐταῖς
2922 1423 3104 1480 σκευῖς
3177 1417 3268 1472 καὶ
3347 1419 3588 1493 γυναιξὶν

1928 1499 2323 1575 ἐνειλούμενοι,
2374 1505 2463 1559 καὶ
2506 1508 2533 1560 ὁ
2565 1505 2729 1561 ἐπιὼν
2786 1507 2877 1561 τὸν
2936 1506 3201 1580 προϊόντα
3257 1508 3580 1561 καταπατῶν

1925 1611 1983 1643 τε
2026 1592 2115 1645 καὶ
2168 1593 2550 1663 κατασποδῶν,
2587 1595 2741 1649 αὐτοὶ
2790 1596 2916 1671 παρ’
2969 1596 3174 1649 ἑαυτῶν
3231 1596 3298 1649 τὰ
3349 1594 3581 1649 πλεῖστα

1925 1677 2285 1755 ἐσφάλλοντο,
2337 1682 2583 1746 πολλοὺς
2634 1683 2691 1739 δέ
2742 1686 2830 1739 καὶ
2893 1684 3254 1758 ὑπετέμνοντο
3303 1685 3355 1737 οἱ
3394 1685 3579 1746 ἱππεῖς

173 1236 269 1268 σαν
294 1219 426 1288 γοῦν
458 1216 545 1269 καὶ
601 1214 767 1271 ἄλλοι
823 1223 933 1272 τῶν
977 1218 1188 1289 ἵππων,
1238 1224 1593 1297 τιτρώσκεται
1651 1224 1708 1281 δὲ
1737 1228 1827 1282 καὶ

168 1306 205 1373 ἡ
256 1309 355 1359 105
413 1306 546 1367 Ῥὼς
604 1304 855 1379 Σολυμᾶ,
913 1309 1060 1377 πλὴν
1123 1313 1187 1366 οὐ
1248 1314 1474 1387 καιρίως
1534 1315 1673 1371 ὥστε
1732 1319 1824 1372 καὶ

168 1392 495 1466 ἐξαπιναίως
540 1402 884 1454 καταπεσεῖν.
934 1401 1127 1471 ’Ὀμως
1160 1402 1242 1474 (τὸ
1274 1403 1377 1478 γὰρ
1416 1403 1574 1479 βέλος
1603 1404 1821 1481 ἤπειγε)

165 1484 260 1537 καὶ
308 1488 406 1537 105
453 1482 671 1539 πολλοῦ
720 1488 952 1561 θράσους
1001 1496 1254 1553 καθυεῖτο
1294 1493 1384 1545 καὶ
1432 1494 1522 1548 τὸν
1554 1490 1817 1565 ἐπιϐάτην

164 1573 388 1635 εἰκαίως
421 1571 627 1650 ἔφερεν,
661 1574 797 1631 ὥστε
826 1577 915 1631 καὶ
951 1577 1279 1654 σιτοδοχείῳ
1319 1583 1455 1635 κατὰ
1499 1590 1600 1657 γῆς
1647 1605 1815 1658 προσ-

159 1670 351 1719 παῖσαι
413 1666 699 1739 ἄνεῳγότι,
762 1665 1198 1738 συμποδισθῆναί
1235 1692 1291 1725 τε
1322 1671 1412 1725 καί
1471 1673 1559 1725 τὸν
1621 1669 1816 1727 ἐπιϐά-

154 1774 256 1823 την
308 1747 657 1809 καταϐαλεῖν.
693 1755 755 1808 Οἱ
814 1752 870 1808 δὲ
904 1757 978 1827 μή
1015 1755 1313 1829 δυνάμενον
1369 1762 1660 1830 κινηθῆναι
1715 1762 1807 1816 τὸν
1921 1768 2047 1843 πρὶν
2083 1773 2277 1846 φθάσαι
2327 1774 2416 1827 τὸν
2471 1776 2742 1847 ποταμὸν,
2775 1773 2865 1828 καὶ
2898 1770 3054 1850 ἔργον
3117 1775 3358 1842 εὐζώνου
3412 1779 3579 1841 πεζοῦ

155 1836 393 1916 σοϐαρὸν
450 1841 795 1918 περιστάντες
860 1843 1046 1918 χερσίν
1108 1845 1387 1902 ἁλίσκουσι
1422 1892 1434 1903 ,
1497 1850 1805 1921 φημίζεται
1918 1836 2114 1924 ἱππεὺς
2172 1862 2383 1936 ἐγένετο
2446 1861 2699 1940 σοϐαρὸς,
2761 1865 2836 1928 ὡς
2895 1863 3211 1928 ἁλισκεσθαι
3266 1864 3361 1936 μὲν
3413 1861 3579 1917 πλεί-

150 1933 282 2003 γοῦν
315 1931 564 2005 παραυτὰ
594 1927 739 1993 ἔνθεν
798 1933 892 2004 μὲν
947 1938 1065 1994 τοῖς
1124 1939 1219 1987 105
1282 1935 1567 2009 βασιλέως,
1602 1937 1802 2002 ἐκεῖθεν
1838 1968 1884 2032 Β
1917 1969 2095 2019 στους,
2147 1927 2261 2024 ἅμα
2315 1950 2361 2007 δ’
2420 1927 2729 2017 ἑαλωκότας
2789 1954 3085 2029 ἀπάγεσθαι
3136 1952 3363 2028 πρὸςτό
3404 1952 3574 2028 φρού-

151 2015 211 2072 δέ
235 2024 356 2082 τοῖς
408 2020 543 2075 κατά
598 2020 658 2074 τὸ
712 2022 971 2097 φρούριον
1005 2025 1038 2090 ἡ
1069 2022 1273 2078 ἐκείνου
1330 2025 1552 2088 ἅλωσις.
1617 2029 1718 2085 Καὶ
1751 2031 1802 2083 οἳ
1838 2015 1884 2032 υ
1917 2058 2053 2113 ριον,
2085 2039 2173 2094 καὶ
2204 2039 2372 2096 πάλιν
2417 2040 2622 2105 ἄλλους
2670 2045 2760 2098 καὶ
2805 2043 2887 2098 ἐπ’
2930 2044 3150 2105 ἐκείνοις
3200 2042 3426 2111 ἄλλους,
3479 2040 3570 2094 καὶ

149 2107 250 2180 μὲν
284 2107 336 2162 ἐν
393 2110 579 2183 χερσὶν
634 2111 783 2184 εἶχον
833 2111 926 2165 τὸν
985 2109 1121 2174 τέως
1174 2116 1313 2188 μέγα
1346 2112 1799 2192 σοϐαρευόμενον,
1913 2125 2088 2190 οὕτως
2127 2127 2319 2205 ἐφεξῆς
2372 2131 2498 2194 τοὺς
2530 2133 2615 2187 υὶν
2645 2134 2983 2210 φονεύεσθαι,
3042 2132 3174 2196 τοὺς
3229 2129 3566 2204 ὀνομαστοὺς

145 2198 197 2251 οἱ
232 2194 290 2252 δὲ
326 2203 425 2253 τοῦ
482 2199 747 2275 φρουρίου
801 2202 891 2255 καὶ
946 2203 1051 2275 πρὸ
1110 2208 1207 2258 ἰτοὕ
1259 2205 1387 2268 τοὺς
1439 2208 1801 2284 ἀγγελοῦντας
1911 2212 1968 2270 δὶ
2026 2194 2505 2292 συλλαμϐάνεσθαι
2540 2268 2553 2294 ,
2618 2194 2817 2297 μέχρις
2892 2194 2981 2275 οὗ,
3023 2222 3113 2277 καὶ
3159 2221 3250 2276 τὸν
3310 2220 3558 2291 ποταμὸν

143 2287 533 2364 παραγενέσθαι
614 2287 941 2368 ἐφηδόμενοι
1010 2298 1127 2356 τοῖς
1202 2293 1354 2357 ἐκτὸς
1425 2299 1525 2366 τὴν
1588 2298 1793 2355 ἅλωσιν
1906 2307 2137 2377 Βοώσην
2179 2287 2474 2385 φθάσαντες
2532 2287 2582 2364 οἱ
2795 2312 2973 2367 ἑκοντὶ
3013 2310 3236 2372 ἑαυτοὺς
3270 2308 3558 2386 ἐρρίπτουν

141 2376 441 2454 ἤγγελλον.
473 2382 628 2453 ’Ἀμα
657 2386 784 2455 γοῦν
812 2379 887 2454 ἕῳ
945 2385 995 2438 οἱ
1046 2384 1281 2441 ἐντεῦθεν
1340 2391 1792 2463 συνησκπικότες,
1903 2396 2041 2449 κατά
2090 2376 2201 2451 τοῦ.
2248 2397 2537 2473 ῥεύματος,
2590 2401 2652 2454 τὸ
2711 2397 3117 2471 ἐξαπολωλέναι
3176 2402 3557 2473 προτιμῶντες

142 2473 464 2544 κρατοῦντες
490 2465 713 2533 ἕκαστος
749 2473 836 2527 καὶ
887 2474 978 2528 τὸν
1024 2475 1166 2529 θεῖον
1200 2474 1250 2545 ἐξ
1282 2475 1467 2532 ἐλαίου
1516 2477 1787 2556 πάπυρον,
1898 2487 1996 2537 105
2040 2488 2153 2556 μετ’
2214 2486 2485 2563 αἰσχύνης
2540 2497 2721 2546 πεσεῖν
2783 2490 2858 2552 εἰς
2915 2494 3108 2565 χεῖρας
3162 2487 3468 2560 Ῥωμαίων,
3505 2488 3557 2540 οἱ

139 2558 527 2634 περαιωθέντες
609 2560 700 2615 τὸν
785 2563 1036 2635 ποταμὸν
1117 2565 1536 2641 τεταραγμένοις
1619 2569 1786 2643 ἐμπί-
1899 2571 1956 2629 δὲ
2007 2577 2098 2651 βίᾳ
2151 2579 2242 2632 τὸν
2295 2558 2541 2655 ποταμὸν
2604 2558 2976 2643 διεκπαίοντες
3007 2578 3067 2634 ἐκ
3091 2576 3317 2633 πολλῶν
3372 2574 3554 2651 ὀλίγοι

134 2669 328 2703 πτουσι
374 2648 465 2704 καὶ
511 2650 625 2723 ἅμα
667 2651 805 2725 πρὸς
858 2653 1031 2728 φυγὴν
1076 2651 1386 2727 τρέπονται.
1443 2657 1509 2714 Οἳ
1546 2658 1640 2731 μὲν
1691 2659 1782 2715 οὖν
1893 2665 2032 2740 πρὸς
2060 2668 2122 2722 τὸ
2156 2672 2263 2724 τῶν
2315 2671 2553 2726 Κανίνιον
2614 2669 2875 2749 φρούριον
2935 2666 3259 2738 διεσώζοντο
3319 2666 3552 2741 φεύγον-

134 2886 307 2942 posse
340 2871 742 2943 desperantes,
778 2873 837 2928 in
862 2888 1045 2945 equos
1094 2874 1495 2947 collimabant,
1549 2886 1776 2951 partem

131 2976 195 3016 se
229 2962 451 3016 ferociae
484 2961 830 3033 dempturos
864 2965 1119 3034 superbe
1151 2982 1211 3020 se
1258 2981 1327 3020 ex
1360 2969 1524 3037 equis
1586 2975 1779 3026 osten—

135 3049 401 3105 tantibus
431 3052 556 3118 rati,
590 3052 640 3107 si
673 3053 896 3123 pedites
941 3071 1009 3108 ex
1056 3055 1355 3126 equitibus
1406 3058 1664 3114 facerent
1720 3064 1777 3115 et

129 3138 215 3194 sic
245 3155 344 3193 eos
375 3140 674 3210 perculsos
726 3157 889 3210 casu,
937 3142 1087 3198 mole
1136 3160 1435 3200 armorum
1479 3153 1773 3220 gravatos,

126 3227 357 3283 facilius
388 3229 670 3285 obnoxios
703 3230 1005 3286 haberent.
1042 3232 1229 3304 Igitur
1248 3251 1381 3289 cum
1415 3234 1513 3291 alii
1565 3236 1769 3293 vulne-

122 3317 230 3372 rati
266 3317 400 3388 equi
435 3323 592 3384 sunt,
653 3323 777 3374 tum
827 3336 975 3389 equa
1029 3336 1313 3391 generosa
1364 3328 1419 3379 et
1466 3326 1765 3395 praeferox,

120 3423 237 3477 qua
272 3406 427 3462 Rbos
459 3406 727 3479 Solymus
758 3408 1052 3465 insultans
1086 3412 1397 3483 minaxque
1430 3414 1583 3471 514
1630 3417 1767 3473 fere-

118 3497 315 3565 batur,
349 3512 629 3566 percussa
656 3496 770 3551 telo
803 3501 905 3565 est;
945 3515 1060 3553 non
1084 3498 1285 3555 lethali
1336 3503 1574 3572 quidem
1619 3504 1764 3575 ictu,

113 3600 227 3654 quo
259 3584 483 3653 statim,
516 3585 1095 3642 concideretztamen
1137 3604 1312 3643 sensu
1334 3591 1764 3663 qualiscunque

112 3672 257 3728 satis
288 3673 401 3729 alte
429 3675 788 3745 penetrantis
817 3676 1078 3731 vuineris
1109 3678 1348 3732 turbata
1378 3696 1493 3734 non
1528 3698 1760 3751 parum,

114 3760 370 3817 multum
404 3762 474 3817 de
507 3762 688 3833 priori
741 3765 970 3821 remisit
1023 3766 1288 3833 audacia,
1346 3785 1758 3841 sessoremque

104 3849 232 3919 jam
268 3852 507 3923 segnius
538 3855 595 3906 et
623 3853 951 3910 titubanter
989 3855 1339 3924 sustinebat,
1401 3861 1591 3928 quoad
1648 3860 1755 3916 im-

100 3942 354 4012 pingens
384 3942 532 3999 forte
556 3942 613 3997 in
643 3951 979 4000 excavatam
1015 3946 1131 4000 illic
1163 3948 1388 4002 foveam
1433 3951 1750 4019 frumento,

96 4036 168 4086 ut
195 4032 278 4097 fit,
305 4032 635 4102 condendo,
659 4032 1025 4104 implicatam
1060 4052 1199 4091 cavo
1220 4039 1424 4108 pedem
1480 4042 1751 4111 expedire

93 4138 213 4177 non
250 4122 450 4176 valens
483 4122 757 4189 concidit,
792 4124 1049 4195 equitem
1083 4127 1537 4197 superciliosum
1583 4130 1747 4200 prius

88 4211 263 4266 illum
296 4211 607 4281 ferumque
638 4212 955 4281 dejiciens;
983 4232 1153 4286 quem
1187 4218 1258 4272 ob
1290 4220 1522 4289 pondus
1552 4239 1746 4279 armo-

89 4317 225 4355 rum
258 4300 623 4356 immobilem
659 4302 970 4359 haerentem
1002 4307 1188 4361 nostri
1222 4310 1481 4379 undique
1538 4329 1744 4368 accur-

92 4395 290 4445 rentes
314 4391 801 4461 comprehensum
828 4394 1463 4470 adducunt.Divulgata
1485 4418 1744 4458 momen-

86 4484 147 4535 to
204 4485 294 4536 est
352 4479 495 4535 totis
547 4480 921 4553 imperatoris
970 4488 1180 4542 castris
1227 4493 1284 4542 et
1332 4491 1489 4546 intra
1548 4492 1740 4563 ipsam

88 4571 390 4626 obsessam
427 4587 619 4627 arcem
652 4573 820 4629 ducis
851 4574 1111 4630 hostium
1145 4581 1611 4649 comprehensio.
1674 4589 1741 4640 Et

83 4660 143 4714 in
178 4659 392 4715 castris
425 4661 662 4732 quidem
691 4667 847 4719 certa
878 4664 1020 4719 ﬁdes
1052 4671 1177 4721 erat
1208 4668 1534 4740 oculorum,
1592 4690 1737 4744 prea-

1897 2907 2209 2961 reslstendi
2263 2909 2481 2976 animo,
2538 2910 2733 2966 subito
2812 2908 3071 2980 dejectis.
3159 2903 3533 2977 Fugientium

1889 2996 2085 3049 autem
2137 2997 2263 3065 jam
2325 2999 2543 3070 pariter
2600 2999 2870 3053 omnium
2933 3002 3099 3069 terga
3153 2996 3536 3065 insequentes

1886 3085 2073 3139 nostri
2103 3087 2294 3142 valide
2343 3089 2601 3144 incussis
2636 3087 2970 3144 missilibus
2994 3085 3312 3142 caedebant.
3375 3084 3542 3137 Unde

1884 3175 2405 3242 prosternebantur
2436 3178 2687 3249 equites,
2740 3177 2981 3233 vulnere
3026 3178 3127 3230 aut
3184 3171 3535 3229 olfendiculo

1881 3260 2049 3330 equis
2082 3261 2453 3334 lapsantibus
2475 3265 2710 3320 evoluti.
2744 3269 2963 3320 Horum
2998 3261 3264 3332 plerique
3293 3272 3532 3315 occum-

1880 3349 2134 3407 hebant:
2165 3354 2279 3408 vivi
2324 3355 2589 3410 nonnulli
2649 3354 3052 3427 capiebantur,
3104 3349 3410 3406 interclusi
3461 3364 3528 3402 eo

1880 3442 2037 3509 quod
2082 3459 2315 3499 summo
2366 3445 2563 3500 studio
2616 3444 2949 3516 captabant.
3012 3442 3075 3497 Id
3136 3444 3331 3496 autem
3400 3442 3525 3494 erat

1877 3533 2174 3598 pervenire
2201 3534 2522 3589 adBoosem
2557 3534 2801 3589 ﬂuvium
2821 3538 2878 3588 et
2902 3549 2968 3587 eo
3000 3529 3250 3586 transito
3269 3526 3521 3583 salutem

1873 3617 1931 3672 in
1964 3624 2090 3674 tuto
2122 3638 2356 3692 ponere.
2390 3625 2461 3677 At
2496 3622 2855 3695 imperatorii
2888 3620 3041 3678 515
3066 3634 3305 3675 cursum
3337 3617 3518 3671 istum

1871 3712 2171 3768 retardare
2200 3718 2329 3768 tum
2374 3731 2408 3769 a
2450 3719 2612 3786 tergo
2666 3713 3032 3779 lacessendo,
3077 3715 3204 3767 tum
3264 3723 3517 3780 praecur-

1868 3800 2049 3854 rendo
2080 3801 2355 3873 viamque
2385 3803 2765 3871 obstruendo,
2792 3803 2950 3858 varie
2986 3800 3313 3856 certabant.
3364 3797 3520 3852 Inter

1865 3902 1991 3957 quae
2026 3889 2150 3945 Itali
2176 3891 2426 3959 confusi,
2460 3909 2569 3960 qua
2602 3896 2761 3947 metu
2811 3907 2883 3945 ne
2941 3889 3397 3962 prohiberentur
3452 3885 3513 3940 in

1860 3980 2055 4033 tutum
2116 3982 2381 4049 evadere,
2466 3999 2584 4053 qua
2641 3980 2917 4035 mistione
2993 3974 3511 4033 inordinatissima

1860 4068 2228 4125 sarcinarum
2247 4075 2302 4126 et
2325 4071 2639 4126 mulierum
2661 4086 2807 4142 quas
2832 4085 2949 4123 una
2969 4083 3169 4123 secum
3191 4065 3508 4120 trahebant

1859 4158 2195 4229 quibusque
2221 4159 2487 4231 impliciti
2521 4159 3030 4224 conﬂictabantur,
3050 4155 3371 4211 trudebant
3402 4154 3505 4208 deo

1852 4239 2254 4313 jiciebantque
2286 4258 2414 4297 sese
2446 4247 2674 4307 mutuo,
2724 4244 2944 4295 temere
3000 4237 3253 4295 invicem
3305 4237 3505 4291 incur-

1857 4339 2049 4385 rentes
2082 4347 2147 4386 ac
2180 4330 2614 4400 conculcantes,
2643 4330 2727 4385 ita
2751 4334 2818 4385 ut
2848 4345 3049 4385 eorum
3074 4326 3245 4383 multi
3260 4343 3505 4383 curren-

1852 4420 2001 4475 tium
2033 4423 2103 4476 ad
2137 4421 2354 4477 ﬂumen
2409 4439 2696 4493 equorum
2750 4419 2989 4493 ungulis
3018 4422 3457 4475 contererentur
3490 4436 3503 4485 ;

1853 4514 1910 4563 et
1941 4510 2142 4565 afflicti
2175 4511 2344 4583 lapsu
2378 4511 2629 4583 superbe
2661 4508 3280 4582 oataphracti,equites
3308 4509 3502 4579 praeda

1852 4598 2041 4653 facilis
2072 4604 2241 4654 erant
2270 4600 2532 4671 peditum
2561 4598 3223 4672 expeditorum.Horum
3260 4596 3499 4669 plurimi

1850 4686 2029 4741 simul
2063 4688 2465 4759 capiebantur,
2510 4688 2688 4744 simul
2746 4689 2815 4743 ad
2874 4704 3067 4744 arcem
3127 4685 3498 4742 custodiendi

86 4752 336 4814 sentem,
372 4765 499 4820 quae
531 4752 811 4808 manibus
842 4757 1159 4821 teneretur,
1193 4758 1449 4827 Prmdam
1502 4778 1736 4819 cemen-
1766 4754 1811 4819 D
1844 4752 2251 4846 trahebantur,
2277 4752 2663 4834 redeuntibus
2698 4794 2829 4833 mox
2864 4777 2964 4849 qui
2996 4776 3382 4840 deduxerant,
3441 4778 3500 4829 et

84 4837 239 4892 tium
282 4853 345 4890 ac
396 4837 620 4894 scilicet
675 4839 1054 4897 illudentium
1115 4844 1174 4898 in
1243 4862 1370 4902 eam
1431 4854 1732 4912 servitutis

82 4924 484 4981 humilitatem
512 4929 637 4997 jam
662 4930 896 4985 redacto
927 4935 1047 4986 tam
1108 4936 1335 4991 tumide
1385 4939 1558 5009 paulo
1600 4949 1733 5000 ante

85 5014 408 5083 gloriatori.
464 5015 700 5072 Obsessi
741 5035 875 5074 vero
923 5020 1098 5076 etiam
1138 5027 1453 5096 antequam
1486 5031 1556 5085 ad
1634 5050 1734 5089 eos

80 5103 491 5174 pervenissent
522 5106 621 5177 qui
654 5106 763 5162 hoc
780 5108 1107 5165 nuntiaturi
1133 5113 1297 5168 missi
1329 5121 1514 5189 erant,
1536 5121 1731 5176 nescio

81 5195 379 5265 quomodo
413 5211 586 5251 casus
617 5198 746 5267 eius
779 5200 911 5255 facti
944 5201 1239 5270 certiores,
1292 5206 1460 5277 signa
1516 5207 1727 5266 laetitiae

74 5284 414 5351 ediderunt,
449 5302 518 5340 ex
556 5286 773 5357 quibus
836 5290 1021 5345 uestri
1079 5293 1280 5362 procul
1335 5294 1729 5368 intelligerent

63 5376 194 5447 jam
225 5375 374 5430 scire
406 5375 567 5447 ipsos
596 5378 737 5448 quid
768 5383 1287 5452 contigissetErgo
1316 5387 1426 5440 sub
1451 5404 1725 5447 auroram

71 5465 265 5522 nostri
294 5481 498 5521 omnes
531 5468 714 5523 armis
738 5471 1016 5542 sumptis,
1050 5481 1431 5547 correptaque
1480 5479 1729 5552 quisque

66 5558 129 5613 in
187 5572 433 5613 manum
475 5556 660 5614 tincta
725 5560 849 5641 oleo
925 5578 1089 5619 sacro
1151 5565 1439 5636 chartula,
1484 5572 1728 5642 trajecto

66 5661 248 5704 amne
292 5645 350 5700 in
379 5646 647 5705 turbatos
679 5636 841 5705 clade
895 5651 1063 5707 ducis
1118 5652 1318 5711 hostes
1378 5636 1592 5715 ruunt:
1655 5658 1723 5715 Hi

64 5736 276 5793 statim
330 5735 663 5795 funduntur
711 5740 1133 5815 fuganturque,
1193 5747 1396 5818 paucis
1481 5749 1580 5820 qui
1658 5768 1725 5807 os

60 5827 445 5882 obverterant
492 5829 795 5898 spectandi
853 5830 1050 5904 potius
1118 5834 1458 5893 curiositate
1542 5854 1720 5910 quam

1848 4864 1978 4920 aliis
2009 4865 2154 4922 alios
2188 4866 2451 4938 aliosque
2483 4867 2774 4932 similiter,
2808 4866 3005 4921 statim
3045 4864 3144 4921 ubi
3196 4862 3498 4934 corripue-

1847 4958 1996 5021 rant,
2022 4956 2235 5011 intuta
2264 4957 2535 5012 custodia
2560 4956 2912 5025 locantibus,
2947 4971 3013 5009 eo
3045 4954 3103 5008 in
3138 4953 3230 5008 his
3290 4952 3495 5007 discri-

1846 5045 2004 5100 mine
2036 5049 2286 5112 servato,
2320 5050 2385 5101 ut
2414 5047 2621 5119 vulgus
2654 5046 2886 5116 quidem
2920 5049 2979 5100 et
3007 5042 3257 5115 gregarii
3319 5058 3492 5097 neca-

1845 5137 2067 5199 rentur,
2101 5134 2531 5207 insignioribus
2554 5140 2613 5191 et
2640 5134 2939 5206 primariis
2988 5131 3317 5189 reservatis.
3382 5132 3493 5186 Per

1845 5222 2003 5278 hunc
2034 5224 2357 5280 tumultum
2389 5226 2488 5296 qui
2520 5225 2748 5279 tandem
2785 5240 2816 5278 e
2872 5222 3096 5278 Latinis
3155 5222 3228 5277 ad
3285 5220 3489 5276 Boosis

1844 5311 2003 5382 ripas
2035 5314 2335 5383 pervenire
2372 5316 2708 5384 potuerunt,
2730 5329 2793 5368 se
2830 5311 3090 5367 volentes
3148 5310 3209 5365 in
3268 5309 3488 5364 ﬂumen

1842 5399 2306 5471 praecipitabant,
2332 5394 2590 5455 'mortem
2634 5404 3026 5471 praeoptantes
3083 5396 3489 5471 ignominiosae

1841 5487 1951 5542 sub
1974 5488 2256 5545 Romanis
2284 5489 2818 5559 captivitati.Fuere
2847 5493 3043 5544 tamen
3074 5488 3287 5559 quibus
3318 5503 3489 5541 cona-

1837 5580 1934 5631 tus
1965 5578 2373 5634 transnatandi
2405 5577 2837 5634 succederet.Hi
2873 5577 3146 5650 perpauci
3171 5573 3490 5646 eplurimis

1836 5657 1895 5720 in
1928 5665 2282 5722 Caninarum
2306 5668 2541 5724 tandem
2576 5684 2770 5723 arcem
2799 5671 2994 5722 tutum
3026 5682 3095 5721 ex
3124 5665 3312 5722 effusa
3348 5663 3489 5731 fuga

1835 5758 2135 5825 receptum
2167 5756 2521 5829 habuerunt,
2544 5757 2709 5829 nudi,
2732 5757 3010 5825 inermes,
3030 5754 3132 5828 qui
3163 5753 3338 5828 paulo
3352 5756 3488 5807 ante

1835 5841 2079 5900 fastuosi
2112 5861 2178 5901 ac
2211 5843 2470 5904 minaces
2497 5844 3140 5905 universumOrientale
3161 5842 3477 5919 imperium
