4080 6388
313 348 421 409 979
1629 347 1927 401 GEORGII
1969 351 2431 405 PACHYMERE
3626 350 3725 405 980

314 498 423 539 τες,
454 474 655 551 γυμνοί
694 494 753 530 τε
808 475 898 539 καὶ
960 470 1160 528 ἄοπλοι
1219 471 1306 526 καὶ
1338 469 1493 539 πεζοὶ
1532 470 1584 525 οἱ
1632 469 1738 542 πρό
1784 472 1981 542 μικροῦ
2013 475 2063 540 Α
2096 468 2396 546 στοιχηδὸν
2431 469 2827 542 διεληλακότας
2880 474 3246 543 κατανοήσας·
3299 473 3523 546 σώματα
3551 475 3735 547 στυγνᾶ

328 564 616 627 σοϐοῦντες
647 566 738 620 καὶ
779 566 854 626 ὡς
905 564 1121 619 νοσσιὰν
1179 563 1277 629 τὴν
1328 558 1610 634 Ῥωμαὶδα
1658 556 1984 615 καταλαϐεῖν
2097 560 2192 632 μεν
2221 564 2297 629 τῷ
2329 560 2451 614 τότε
2476 560 2565 614 καὶ
2595 562 2685 614 οἶα
2724 558 2866 633 μηδὲ
2915 560 3124 633 σώματ’
3173 559 3235 614 ἃν
3288 581 3373 622 τις
3408 560 3570 630 εἶπεν,
3601 561 3735 618 ἀλλά

2096 650 2249 711 σκιὰς
2291 653 2399 703 τῶν
2447 647 2618 704 πάλαι
2665 651 2941 725 γιγάντων
2970 692 2983 715 ,
3029 650 3201 723 ψυκάς
3245 647 3304 703 δὲ
3341 654 3420 720 τῷ
3471 650 3563 721 μὲν
3614 653 3737 705 κατά

2099 743 2232 810 cci;
2267 742 2425 800 παθει
2469 738 2557 792 καὶ
2618 736 2738 793 λίαν
2797 739 3209 811 καμπτομένας,
3237 742 3309 811 τῇ
3343 737 3399 792 δὲ
3444 743 3548 792 τῶν
3581 759 3735 814 προσ-

2101 825 2267 878 ώπων
2321 826 2467 880 τάσει
2526 827 2616 881 καὶ
2669 832 2749 899 τῷ
2808 832 2905 882 τοῦ
2955 830 3310 904 φρονήματος
3361 821 3607 901 ἒμϐριθεῖ
3647 830 3737 895 τῆν

2100 914 2273 969 πάλαι
2335 911 2612 984 δηλούσας
2672 915 2979 991 ἐλευθερίαν
3017 960 3031 986 ,
3106 915 3426 993 ἐπεκάμφθη
3489 916 3582 988 μὶν
3634 921 3742 977 τοῖς

2102 1004 2219 1057 κατ’
2282 1004 2564 1076 ἄνθρωπον
2626 1006 3034 1078 συναντήμασι,
3091 1010 3283 1080 χεῖρας
3331 1002 3377 1059 δ’
3426 1003 3563 1080 αἳρει
3619 1005 3745 1080 πρὸς

2102 1091 2195 1145 τὸν
2230 1092 2359 1146 Θεὸν
2391 1091 2481 1145 καὶ
2524 1092 2795 1168 ὁμολογεῖ
2829 1095 2930 1162 τήν
2958 1092 3122 1169 χάριν
3176 1096 3356 1168 τρανῷ
3396 1096 3476 1165 τῷ
3507 1092 3742 1167 στόματι,

2101 1181 2190 1235 καί
2250 1201 2310 1254 γε
2354 1181 2527 1244 θέλων
2588 1182 2899 1258 ἀνάγραπτα
2956 1185 3125 1238 θεῖναι
3177 1179 3503 1259 προστάσσει
3558 1184 3742 1260 γράφε-

2103 1281 2223 1331 σθαι
2265 1276 2381 1332 τοῖς
2412 1271 2521 1325 τῶν
2557 1270 2866 1345 ἀνακτόρων
2898 1272 3246 1347 τοιχίσμασι,
3278 1271 3426 1341 πλὴν
3475 1271 3571 1326 οὐκ
3617 1272 3744 1326 αὐτά

2101 1361 2189 1415 καὶ
2228 1355 2385 1433 μόνα,
2419 1360 2546 1416 ἀλλ’
2578 1358 2612 1415 ἅ
2640 1359 2704 1429 δὴ
2737 1362 2828 1416 καὶ
2850 1362 3094 1437 ἀρχῆθεν
3126 1367 3259 1419 Θεοῦ
3291 1363 3508 1437 γέγονεν
3540 1358 3746 1416 ἐλεοῦν-

2100 1470 2215 1516 τος,
2264 1446 2357 1503 κᾶν
2421 1447 2598 1504 ἐκεῖνα
2658 1452 2752 1522 μὲν
2809 1452 2897 1507 καὶ
2944 1450 3097 1517 αὖθις
3128 1450 3178 1507 έν
3211 1454 3524 1526 προστώοις
3551 1453 3741 1527 γεγρά-

2104 1559 2261 1615 ιρατο,
2301 1538 2368 1592 τά
2420 1536 2467 1592 δ’
2520 1539 2619 1594 οὐκ
2671 1537 2865 1618 ἔφθασε
2919 1541 3240 1609 τελεσθῆναι
3299 1539 3619 1601 ἐπελθόντος
3669 1545 3741 1611 τῷ

2108 1625 2326 1703 βασιλεῖ
2350 1632 2447 1681 τοῦ
2481 1629 2727 1685 θανάτου.
2780 1628 3055 1692 Ἐκείνους
3087 1629 3167 1699 δὲ,
3194 1632 3296 1700 τὴν
3341 1634 3439 1685 τοῦ
3487 1634 3617 1686 Θεοῦ
3646 1632 3739 1704 χά-

336 1722 598 1798 ὐποξόγια
633 1769 646 1792 ,
708 1724 858 1797 σφίσι
915 1723 1013 1791 τήν
1086 1722 1335 1796 στρατιὰν
1415 1715 1775 1779 ἀναλαϐόντες
1846 1714 1995 1791 (οὐδὲ
2106 1735 2186 1791 ριν
2219 1712 2486 1770 δεικνύναι
2520 1716 2692 1780 θέλων
2751 1717 2837 1773 ἐπὶ
2886 1720 3127 1785 πάντων,
3160 1719 3260 1774 οὐκ
3314 1718 3478 1781 αὐτὸς
3525 1717 3740 1793 μεγαλι-

335 1813 440 1888 γὰρ
473 1812 620 1888 εἶχον
676 1810 914 1874 ἐντεῦθεν
975 1809 1204 1866 δεδιέναι
1260 1814 1590 1885 πανστρατιᾷ
1647 1806 1993 1881 ἑαλωκότων)
2036 1845 2078 1907 B
2108 1805 2337 1876 ζόμενος
2368 1811 2483 1867 τοῖς
2516 1807 2731 1878 πρώϊζα
2767 1806 3099 1872 τελεσθεῖσιν
3161 1810 3251 1863 οἶά
3286 1830 3371 1870 τις
3396 1806 3740 1885 ἀπειρόκαλος

339 1902 394 1963 ές
457 1901 683 1975 βασιλέα
744 1901 878 1975 μετά
922 1923 984 1975 γε
1012 1900 1290 1976 τροπαίων
1351 1900 1621 1973 λαμπρῶν
1684 1896 1999 1971 ἀνεζεύγνυ-
2036 1893 2077 1907 υ
2108 1893 2199 1947 καὶ
2231 1894 2598 1969 μικρόψυχος,
2632 1893 2778 1951 ἀλλά
2813 1896 3024 1969 μᾶλλον
3059 1897 3188 1953 Θεὺν
3234 1898 3332 1971 μὶν
3380 1894 3539 1959 εἰδὼς
3585 1893 3740 1951 αἴτιον

343 2011 456 2057 σαν,
491 1990 583 2053 θέα
613 1985 785 2052 ὄντως
831 1987 1238 2068 φιλορωμαίοις
1289 1989 1728 2061 πυθαῦμαστος.
1777 1987 1839 2043 Ὁ
1869 1989 1996 2062 γοῦν
2111 1982 2237 2036 Θεὸν
2269 1979 2325 2037 δὲ
2357 1984 2445 2038 καὶ
2499 1983 2823 2058 μεγαλύνειν
2868 1986 3226 2061 προθέμενος,
3275 1981 3541 2062 θρίαμϐον
3589 2005 3745 2060 προσ·

347 2078 605 2152 βασιλεὺσ
637 2076 923 2153 δεξάμενος
961 2080 1057 2151 μὲν
1098 2077 1226 2142 τοὺς
1273 2075 1466 2139 ἰδίους.
1504 2076 1691 2149 μαθὼν
1744 2074 1786 2129 δ’
1817 2073 1868 2136 ἐς
1898 2076 1997 2128 τὰ·
2108 2070 2294 2125 τάσσει
2344 2078 2691 2148 καταγαγεῖν.
2752 2075 2813 2132 Ὀ
2873 2072 2918 2130 δ’
2974 2077 3065 2145 ἦν,
3118 2077 3311 2131 ἳστατο
3367 2079 3447 2147 [Ρ.
3477 2077 3599 2147 352]
3658 2073 3742 2147 μὲν

340 2162 525 2242 κριὸὲς
573 2168 641 2222 τά
696 2166 1008 2243 πραχθέντα
1042 2211 1057 2236 ,
1116 2161 1195 2221 ἔτι
1283 2163 1341 2220 δὲ
1416 2164 1506 2219 καὶ
1574 2162 1707 2219 ἰδὼν
1773 2160 1997 2218 ἕκαστον
2111 2160 2312 2215 ἄνωθεν
2353 2160 2402 2232 ἐξ
2435 2162 2681 2217 ἀπόπτου
2713 2165 2741 2218 ὁ
2778 2163 3032 2239 βασιλεὺς
3064 2165 3115 2219 ὲν
3148 2171 3274 2229 τοῖς
3302 2165 3614 2236 ἀνακτόροις
3650 2167 3748 2218 τῶν

342 2256 528 2317 αὐτοῖς
584 2256 778 2318 ἳπποις
833 2277 891 2311 τε
937 2255 1026 2309 καὶ
1062 2260 1302 2323 σκευαῖς,
1360 2258 1484 2308 τοῖσ
1538 2254 1634 2326 μὲν
1690 2249 1997 2321 κατεσκλη-
2114 2250 2479 2324 Βλαχερνῶν,
2521 2252 2658 2327 πρὸς
2716 2253 2852 2308 κατά
2909 2254 3181 2318 θάλασσαν
3241 2251 3463 2310 δυτικὸν
3518 2253 3745 2329 ἀφορῶν,

339 2346 462 2399 κόσι
488 2345 578 2399 καὶ
629 2344 821 2418 μόνοις
852 2343 1061 2408 ὀστέοις
1092 2345 1182 2400 καὶ
1233 2341 1462 2417 δέρμασι
1519 2344 1621 2411 τὴν
1682 2340 1853 2396 παλαι
1885 2338 1993 2394 δει-
2113 2340 2194 2417 ἐφ’
2240 2340 2284 2410 ᾦ
2336 2341 2448 2413 ἅμα
2490 2343 2583 2412 μὲν
2634 2347 2827 2415 θεῷτο,
2887 2340 3001 2417 ἅμα
3048 2341 3094 2398 δ’
3140 2343 3470 2407 εὐσύνοπτος
3516 2341 3598 2414 εἴη
3642 2347 3746 2402 τοῖς

338 2433 589 2489 κνῦουσιν
624 2431 943 2505 εὐκληρίαν,
974 2438 1095 2493 ταῖς
1144 2430 1201 2488 δὲ
1252 2430 1631 2508 διερέωγυίαις
1682 2429 1783 2485 οὐκ
1814 2429 1999 2491 αὐταῖς

2113 2428 2432 2500 θεωμένοις.
2489 2431 2728 2505 Ἦγοντο
2786 2430 3081 2508 στοιχηδὸν
3142 2433 3349 2489 ἐκεῖνοι
3396 2435 3512 2490 καθ’
3541 2428 3649 2502 ἕνα,
3680 2431 3745 2492 ὡς

338 2523 474 2584 ’ἰσως
505 2524 586 2585 αἶς
615 2524 705 2578 καὶ
756 2523 951 2599 πρώην
1012 2523 1285 2598 ἐχρῶντο,
1318 2520 1467 2577 ἀλλά
1530 2526 1647 2582 ταῖς
1702 2518 2000 2594 τυχούσαις

2113 2517 2257 2590 εἶχεν
2290 2513 2515 2581 ἕκαστος
2558 2518 2638 2597 ἐφ’
2682 2521 2880 2593 ἳππον,
2911 2521 3046 2578 κατά
3102 2523 3304 2597 θάτερα
3359 2527 3468 2578 τῶν
3519 2518 3749 2597 πλευρῶν

342 2610 433 2665 καὶ
465 2613 550 2674 αἷς
578 2610 639 2666 ἃν
672 2609 914 2675 ἐκείνους
964 2608 1317 2685 ἐπολυώρουν
1365 2610 1418 2690 cl.
1471 2608 1769 2680 ἐλεοῦντες,
1817 2608 1907 2662 καί
1941 2627 2004 2682 γε
2112 2606 2438 2679 καθήμενος.
2470 2605 2715 2664 Ἐδίδοτο
2747 2607 2793 2665 δ’
2824 2610 3034 2686 ἑκάστῳ
3085 2617 3311 2688 κρατεῖν
3361 2612 3450 2667 καὶ
3474 2610 3652 2667 κοντὸν
3693 2607 3747 2663 ἐκ

327 659 446 711 κατ’
476 654 746 728 ἐλπισμὸν
781 652 1025 729 ἔχοντες.

561 762 671 838 λγ’.
707 756 1001 838 Θρίαμϐος
1018 758 1493 838 τιόξνιὲαλωκότων
1523 759 1659 812 κατὰ
1682 758 1746 811 τά

970 829 1350 906 Βελλάγραδα.

395 926 481 997 [Ρ.
528 922 656 993 351]
709 920 899 992 Ἄξιον
953 918 1010 975 δὲ
1058 916 1200 992 μηδὲ
1249 920 1450 973 ἐκεῖνον
1476 918 1567 972 τὸν
1602 911 1867 991 θρίαμϐον
1900 916 1992 970 τὸν

335 1014 386 1067 ἐν
440 1016 508 1085 τῇ
574 1008 734 1065 πόλει
800 1009 1065 1085 γεγονότα
1131 1005 1505 1084 παραδραμεῖν
1545 1050 1557 1063 .
1609 1002 1832 1074 Ἐπειδὴ
1886 1004 1988 1080 γάρ

326 1101 462 1155 κατᾶ
516 1097 714 1175 κράτος
776 1097 968 1152 ἐνίκων
1031 1098 1083 1151 οἱ
1149 1096 1456 1173 βασιλέως,
1517 1093 1732 1168 μᾶλλον
1789 1090 1847 1147 δὲ
1900 1093 1990 1147 καὶ

327 1188 535 1245 ἀκονιτὶ
565 1189 633 1242 τά
663 1189 947 1259 θαυμαστά
991 1186 1128 1241 κατά
1182 1190 1291 1240 τῶν
1350 1183 1625 1253 ἀλαζόνων
1654 1184 1991 1257 κατώρθουν,

326 1278 453 1339 τους
487 1277 579 1350 μὲν
630 1278 893 1339 πεσόντας
958 1274 1270 1341 ἐσκυλευον,
1340 1273 1580 1329 πλοῦτον
1639 1271 1991 1347 συλλέγοντες

330 1366 517 1422 ὅπλων
549 1388 605 1421 τε
635 1365 725 1420 καὶ
756 1362 1068 1437 ἒνδυμάτων
1106 1362 1404 1418 καῖἳππων
1456 1361 1546 1416 καὶ
1601 1364 1803 1415 σκευῶν
1852 1381 1989 1414 παν-

329 1455 495 1511 τοίων
556 1454 964 1527 ἐξησκημένων,
996 1452 1124 1513 τοῦς
1187 1450 1243 1506 δέ

332 1546 421 1599 καὶ
466 1546 675 1605 ἳππους
739 1543 913 1598 αὐτῶν
964 1542 1529 1616 ἐτισυναθροίσαντες,
1576 1540 1665 1593 καὶ
1715 1538 1841 1600 τοὺς
1897 1537 1989 1611 μὲν

1539 1626 1562 1645 ἡ

1300 1472 1363 1526 γε
1428 1455 1630 1519 ζῶντας
1683 1447 1877 1510 αὐτοὺς
1933 1470 1992 1502 τε

333 1632 522 1695 πέδαις
581 1632 840 1707 ἀφύκτοις
903 1629 1295 1705 δεσμήσαντες,
1350 1628 1476 1692 τοὺς
1536 1626 1583 1683 δ’
1649 1627 1855 1689 ἀνέντες
1915 1626 1992 1687 εἷς

351 2844 413 2884 se
436 2832 713 2899 tanquam
740 2827 1101 2883 avicularum
1122 2827 1331 2882 nidum
1360 2824 1735 2897 implumium
1761 2822 2006 2895 impune
2118 2835 2253 2892 gem
2291 2823 2554 2895 digestos
2587 2826 2796 2881 seriem
2832 2825 3396 2900 intuensAugustus
3425 2830 3633 2884 attente
3650 2824 3753 2881 sin-

354 2922 651 2988 rapturos,
687 2916 991 2972 ablaturos
1022 2915 1368 2986 ludibunda,
1394 2918 1789 2985 speraverant.

528 3060 619 3115 33.
657 3059 989 3133 Triumphus
1018 3068 1302 3132 captorum
1332 3058 1404 3114 ad
1438 3056 1789 3125 Bellagrada.

426 3185 681 3258 Dignum
715 3200 886 3256 porro
922 3184 1095 3239 fuerit
1124 3199 1232 3240 nec
1254 3182 1419 3239 illum
1452 3181 1821 3252 triumphum
1858 3193 2003 3250 pree-

352 3279 548 3345 terire,
580 3277 681 3349 qui
714 3276 893 3347 hujus
924 3275 1316 3348 gratulatione
1336 3290 1648 3330 successus
1678 3271 2006 3326 celebratus

353 3366 412 3420 in
446 3365 588 3420 urbe
610 3370 721 3421 est.
745 3365 1063 3436 Postquam
1084 3364 1238 3420 enim
1276 3362 1685 3433 plenissimam
1708 3359 1864 3416 516
1891 3360 2008 3413 Ca3-

356 3455 507 3511 sarei
538 3455 840 3510 victoriam
876 3456 1277 3525 reportarunt,
1312 3456 1412 3506 aut
1461 3450 1660 3522 potius
1719 3446 1886 3503 facile
1944 3463 2010 3501 ac

358 3547 485 3600 sine
518 3545 753 3617 pulvere
783 3548 901 3598 tam
938 3542 1088 3597 mira
1133 3542 1188 3595 in
1248 3539 1768 3612 arrogantissimos
1819 3538 2007 3608 jacta-

363 3640 519 3687 tores
549 3635 885 3703 gesserunt,
910 3636 1175 3685 mortuos
1206 3628 1445 3699 quidem
1481 3626 1831 3699 spoliarunt,
1853 3626 2010 3680 unde

372 3719 609 3775 divitias
642 3724 1067 3790 congesserunt
1095 3717 1380 3789 plurimas
1411 3733 1476 3772 ex
1512 3714 2009 3782 armis,vestibus,

371 3808 726 3879 cquis,vasis
756 3804 1071 3862 elaboratis
1102 3806 1295 3861 omnis
1337 3806 1606 3877 generis;
1661 3804 2008 3875 superstites

362 3901 558 3950 autem
593 3900 649 3951 et
670 3910 852 3965 equos
886 3893 1145 3964 ipsorum
1196 3896 1653 3965 congregantes:
1686 3891 1819 3947 illos
1848 3907 2008 3946 com-

360 3984 607 4055 pedibus
638 3984 865 4039 vinctos
894 3981 1125 4048 validis,
1161 3982 1267 4037 bos
1291 3983 1513 4038 solutos
1545 3986 1602 4037 et
1647 3983 1887 4036 abactos
1918 3980 2007 4034 in-

360 4075 760 4145 terjumenta,
793 4072 992 4144 copias
1024 4087 1224 4127 secum
1250 4072 1560 4126 universas
1617 4086 1768 4143 quas
1823 4070 2009 4124 duxe-

358 4169 491 4217 rant
520 4166 970 4234 resumpserunt
1000 4162 1023 4230 (
1054 4176 1245 4233 neque
1275 4160 1435 4216 enim
1467 4164 1593 4214 erat
1638 4176 1745 4215 cur
1796 4158 1875 4212 ibi
1935 4157 2005 4212 ad

359 4251 696 4324 prmeidium
726 4249 932 4305 limitis
963 4265 1101 4320 pars
1134 4265 1339 4304 earum
1386 4248 1506 4304 ulla
1555 4248 2006 4319 relinqueretur,

362 4341 585 4412 ubique
640 4338 909 4394 hostibus
969 4336 1141 4405 plane
1198 4337 1430 4407 deletis)
1515 4342 1573 4392 et
1657 4336 1848 4392 redire
1932 4333 2004 4388 ad

357 4430 770 4501 imperatorem
821 4425 1229 4490 instituerunt,
1276 4425 1602 4496 splendidis
1655 4424 1775 4480 illic
1844 4424 2005 4495 prius

356 4517 589 4589 tropaeis
630 4513 856 4588 positis.
923 4512 1328 4583 Spectaculum
1385 4513 1470 4568 sic
1518 4518 1724 4569 euntes
1782 4512 2003 4584 passim

2117 2910 2310 2981 gulos,
2350 2929 2594 2984 corpora
2625 2914 2972 2971 observabat
3002 2916 3308 2987 squallida
3332 2916 3433 2972 illa
3459 2920 3596 2970 tunc
3635 2920 3750 2985 quis

2119 3000 2248 3053 dem
2285 2998 2618 3073 luridaque,
2653 3004 2751 3058 sed
2798 3021 2924 3076 quac
2981 3021 3096 3060 non
3157 3010 3288 3060 tam
3347 3021 3583 3078 corpora
3629 3001 3748 3074 quis

2119 3087 2341 3145 diceret
2372 3107 2547 3161 quam
2583 3091 2822 3149 umbras
2856 3098 3113 3149 veterum
3148 3094 3500 3166 gigantum;
3524 3105 3745 3165 quorum

2120 3177 2329 3233 animae
2360 3184 2582 3251 tamen,
2616 3199 2755 3237 casu
2788 3180 2927 3237 licet
2956 3200 3025 3238 ac
3051 3182 3221 3238 malis
3241 3184 3467 3252 fractae,
3495 3183 3744 3255 quadam.

2118 3269 2556 3339 exporrectione
2592 3271 2870 3327 l‘acierum
2902 3275 2959 3327 et
3014 3272 3319 3331 eminente
3378 3274 3434 3328 in
3469 3273 3643 3329 fronte
3688 3284 3741 3324 ac

2119 3358 2454 3428 snperciliis
2478 3360 2725 3416 audacia
2754 3367 3006 3416 veterem
3036 3362 3376 3419 libertatem
3430 3380 3542 3435 prae
3568 3376 3621 3418 se
3652 3357 3737 3413 ad-

2120 3444 2236 3499 buc
2267 3446 2503 3515 ferrent,
2533 3453 2726 3504 motus
2760 3449 2972 3506 intima
3031 3455 3121 3506 est
3180 3452 3565 3508 miseratione
3614 3445 3733 3505 5"

2119 3533 2514 3591 humanorum
2547 3554 2817 3606 casuum,
2853 3555 3064 3594 manus
3097 3544 3303 3597 autem
3335 3542 3404 3597 ad
3429 3546 3601 3597 Deum
3631 3551 3745 3592 sus-

2119 3622 2278 3689 tulit,
2313 3625 2472 3680 clara
2502 3643 2638 3683 voce
2668 3627 2891 3700 gratias
2922 3628 2973 3683 ei
3006 3628 3305 3699 referens;
3341 3636 3401 3686 et
3454 3627 3617 3702 quasi
3665 3640 3745 3679 vo-

2118 3711 2253 3767 tivis
2283 3714 2485 3771 volens
2516 3716 2736 3771 tabulis
2765 3716 3190 3788 gratitudinem
3246 3718 3405 3775 hanc
3461 3732 3618 3773 suam
3661 3728 3745 3768 ex-

2119 3806 2272 3857 stare
2308 3803 2363 3858 in
2402 3809 2705 3876 posterum
2740 3810 3038 3872 testatam,
3072 3808 3352 3878 praecepit
3380 3808 3537 3881 pingi
3590 3817 3747 3875 super

2120 3891 2369 3962 parietes
2404 3894 2602 3963 palatii
2637 3899 2815 3949 totam
2876 3894 3055 3966 hujus
3111 3896 3369 3952 victoriae
3423 3913 3488 3953 ac
3542 3905 3747 3967 pompae

2117 3979 2498 4051 triumphalis
2532 3983 2766 4050 seriem,
2802 4000 2916 4038 non
2967 3983 3077 4039 hoc
3133 3988 3336 4041 autem
3395 3985 3603 4052 solum,
3657 3978 3745 4035 sed

2117 4073 2175 4123 et
2235 4069 2380 4125 alios
2449 4078 2728 4142 praetcrea
2789 4089 3102 4144 prosperos
3158 4066 3495 4141 su‘ccessus,
3552 4071 3749 4144 quibus

2121 4162 2292 4213 antea
2320 4176 2552 4232 quoque
2584 4177 2758 4215 suum
2794 4161 2948 4218 Deus
2981 4161 3300 4234 imperium
3340 4166 3609 4236 dignatus
3636 4160 3745 4214 erat

2118 4246 2440 4303 fortunare.
2475 4250 2881 4321 Continuoque
2913 4250 3255 4307 inchoatum
3289 4253 3349 4309 id
3383 4269 3533 4325 opus
3562 4258 3640 4306 est
3692 4245 3743 4300 in

2116 4336 2407 4392 vestibulo
2441 4340 2771 4408 porticuum
2806 4338 3017 4408 regite:
3050 4340 3149 4395 sed
3184 4341 3424 4412 perduci
3454 4342 3525 4397 ad
3562 4340 3744 4399 ﬁnem,

2113 4430 2171 4481 et
2196 4425 2375 4495 hujus
2408 4427 2627 4482 ultimm
2645 4428 3023 4498 adjunctione
3051 4429 3307 4486 victorias
3338 4428 3612 4502 compleri
3636 4441 3746 4481 mo-

2117 4519 2467 4569 numentum
2503 4515 2558 4569 id
2590 4532 2704 4571 non
2736 4519 2928 4589 potuit
2958 4522 3092 4572 ante
3125 4525 3372 4576 mortem
3434 4519 3607 4589 hujus
3660 4514 3749 4569 im-

359 4606 697 4678 przcbcbant
729 4601 976 4657 miriﬁce
998 4602 1337 4671 jucundum
1382 4602 1529 4657 bene
1597 4602 1819 4657 affectis
1870 4617 2011 4672 erga
2038 4588 2084 4655 Β
2118 4605 2403 4672 pcratoris
2436 4588 2760 4672 Michaelis,
2796 4623 2921 4678 qua:
2956 4606 3128 4678 paulo
3154 4615 3289 4680 post
3312 4588 3747 4681 cont1git.Porro

368 4712 461 4750 res
484 4695 803 4751 Romanas.
839 4690 1162 4762 Imperator
1182 4689 1280 4745 ubi
1312 4705 1431 4760 qua
1472 4706 1576 4761 par
1630 4695 1755 4746 erat
1808 4690 2008 4759 gratiis

363 4783 794 4856 significatione
823 4796 964 4835 suos
994 4779 1241 4851 excepit,
1276 4778 1375 4834 ubi
1409 4795 1531 4834 rem
1568 4783 1634 4834 ut
1669 4784 1834 4851 gesta
1886 4786 2011 4835 erat

362 4891 392 4929 e
446 4873 750 4946 sigillatim
804 4876 860 4927 et
907 4874 1107 4925 exacte
1163 4868 1542 4924 narrantibus
1603 4868 1847 4936 audivit,
1907 4869 2009 4924 ubi

361 4963 538 5018 etiam
567 4962 747 5020 otiose
802 4957 1059 5030 inspexit
1106 4973 1589 5030 unumquemque
1646 4958 2008 5029 captivorum

360 5068 497 5106 cum
530 5052 700 5121 cquis
731 5055 788 5105 et
818 5047 1055 5113 vestitu,
1087 5046 1257 5116 equis
1283 5046 1550 5115 strigosis
1606 5051 1663 5101 et
1719 5047 2009 5115 exsuccis,

364 5146 560 5194 tamen
588 5139 645 5193 in
667 5137 768 5192 illa
801 5136 986 5191 macie
1017 5134 1165 5189 nihil
1197 5139 1408 5206 praeter
1427 5134 1636 5206 pellem
1693 5136 2008 5192 obductam

363 5228 600 5295 ossibus
630 5224 991 5280 trahentium
1016 5223 1184 5295 signa
1207 5240 1322 5278 non
1354 5222 1605 5279 obscura
1629 5225 2012 5281 monstranti-

366 5319 477 5373 bus
511 5316 742 5389 pristini
764 5314 1006 5386 vigoris,
1039 5314 1256 5369 vestitu
1289 5315 1546 5371 obsoleto
1575 5316 1862 5389 etlacero,
1893 5334 2009 5374 non

364 5422 429 5459 eo
464 5404 730 5460 videlicet
758 5418 873 5475 quo
907 5400 1070 5473 prius
1102 5402 1275 5458 domo
1305 5402 1480 5458 allato
1511 5404 1603 5459 usi
1638 5384 1885 5475 fuerant,
1909 5407 2010 5461 scd

364 5510 434 5550 ex
469 5497 611 5550 torte
644 5492 829 5548 obviis
862 5489 1228 5545 centunculis
1249 5492 1320 5545 ari
1358 5494 1749 5549 necessarium
1780 5500 2011 5568 tegmen

367 5583 753 5657 spoliatorum
785 5594 1096 5652 corporum
1129 5580 1388 5650 precario
1416 5581 1597 5639 ascito
1619 5589 1722 5640 aut
1749 5589 2015 5657 spectan-

370 5677 516 5730 tium
547 5668 945 5729 tuircricordia
978 5682 1253 5725 concesso
1289 5711 1301 5737 ,
1331 5669 1457 5742 hos,
1491 5671 1756 5743 inquam,
1795 5675 1849 5729 in
1882 5672 2011 5731 lun-
2046 5706 2055 5711 α

2120 4694 2264 4747 istos
2295 4699 2434 4748 tunc
2465 4694 2723 4766 captivos
2755 4699 3048 4752 ostentare
3081 4713 3182 4767 per
3213 4698 3414 4754 urbem
3466 4691 3746 4765 triumpho

2118 4783 2422 4838 traductos
2451 4782 2655 4847 voluit,
2681 4802 2796 4839 non
2828 4783 2927 4839 illo
2962 4780 3199 4857 quidem
3251 4786 3589 4858 jactationis
3640 4794 3747 4837 suae

2119 4887 2323 4941 causa,
2358 4874 2524 4944 quasi
2558 4872 2671 4929 sibi
2701 4872 2937 4929 laudem
2969 4873 3290 4946 gloriantcr
3321 4875 3616 4932 ascribcns
3671 4868 3745 4925 vi-

2120 4961 2315 5016 ctoriae
2375 4961 2548 5018 istius
2609 4979 2798 5034 nuper
2855 4966 3051 5035 partae,
3102 4963 3160 5018 id
3221 4966 3377 5036 quod
3454 4961 3751 5019 insolenter

2120 5050 2253 5105 vani
2287 5051 2606 5123 pusillique
2637 5051 2816 5106 animi
2851 5057 2986 5106 nota
3018 5070 3131 5107 non
3155 5059 3394 5121 careret,
3420 5052 3519 5109 sed
3551 5067 3613 5106 eo
3632 5052 3749 5105 stu-

2121 5137 2216 5194 dio
2250 5144 2318 5194 ut
2348 5144 2406 5194 et
2435 5138 2550 5195 Deo
2582 5139 2707 5211 ipse
2737 5146 2933 5211 grates
2989 5140 3221 5197 debitas
3270 5141 3652 5213 profiteretur,
3698 5135 3749 5189 et

2120 5236 2363 5285 cunctos
2396 5229 2667 5285 invitaret
2690 5231 2761 5285 ad
2796 5229 3293 5287 divinumNumcn
3317 5230 3390 5287 ob
3420 5227 3743 5303 praeclarum

2123 5318 2294 5374 nobis
2325 5318 2622 5374 indultum
2686 5318 3037 5375 beneﬁcium
3095 5320 3483 5377 laudandum.
3537 5321 3744 5385 Pompa

2121 5407 2306 5478 igitur
2334 5407 2465 5479 ipsa
2500 5408 2554 5463 in
2588 5408 2746 5464 hunc
2778 5408 3019 5464 modum
3054 5409 3356 5481 processit.
3390 5407 3589 5465 Stabat
3642 5404 3744 5459 im—

2122 5501 2359 5567 perator
2385 5496 2612 5554 excelso
2645 5498 2702 5553 in
2737 5497 2862 5554 loco
2895 5498 3092 5570 palatii
3118 5497 3569 5556 Blacbernarum
3589 5495 3745 5566 juxta

2124 5601 2285 5642 mare
2316 5586 2376 5641 in
2428 5603 2702 5645 occasum
2762 5588 3029 5660 obverso,
3089 5592 3155 5645 ut
3208 5586 3383 5648 simul
3434 5579 3743 5661 Spectacula

2128 5673 2438 5745 frueretur,
2471 5675 2649 5735 simul
2681 5679 2839 5736 esset
2866 5673 2996 5751 ipse
3024 5673 3139 5738 late
3167 5675 3519 5755 conspicuus
3564 5668 3743 5733 multi-
