4080 6386
182 436 299 492 981

1277 449 1374 500 DE
1412 449 1788 502 MICHAELE
1827 449 2272 505 PALAEOLOGO
2307 450 2441 502 LIB.
2483 446 2579 502 νε.

3513 443 3622 497 982

181 561 448 637 παπύρου
504 563 538 631 ἢ
596 583 744 625 τινος
771 562 947 620 ἄλλου
975 565 1201 635 εἷκαίου,
1236 570 1310 632 ὡς
1339 571 1599 645 τρόπαιον
1632 573 1844 634 πάντως
1878 578 1931 645 Α
1961 572 2050 627 καὶ
2081 568 2392 633 ἀλαπαδνὸς
2425 569 2509 625 ἐπ’
2558 569 2989 642 εὐσωματοῦντι,
3037 568 3128 622 καὶ
3177 567 3618 631 καταπεπτωκὼς

181 655 288 706 υοῦ
345 652 482 706 κατᾶ
513 657 648 729 σφᾶς
679 653 1040 726 πταίσματος,
1097 657 1310 732 Ὀχλος
1359 657 1416 714 δὲ
1463 663 1589 736 παρ’
1623 663 1846 735 ἑκάτερα

179 740 450 802 πλεῖστος
475 738 688 814 (ίστατο,
723 743 773 796 οἱ
809 743 904 816 μὲν
934 745 999 798 τὰ
1045 752 1146 815 τῆς
1193 749 1368 823 τύχης
1399 749 1841 823 ἐποικτιζόμενοι

175 831 277 884 καί
337 851 399 906 γε
429 828 709 893 ἐλεοῦντες
763 832 980 896 εἰκαίως
1049 837 1347 912 ἀγομένους
1403 839 1529 901 τοὺς
1590 846 1844 915 μεγιστᾶ-

173 943 304 993 νας,
339 923 390 976 οἱ
423 920 480 977 δὲ
505 924 594 978 καὶ
644 923 1092 999 ἐπιμωκώμενοι,
1129 927 1428 994 δεικνύντες
1459 934 1570 986 οἷον
1607 933 1658 994 ἐς
1707 933 1840 988 ὁπό-

174 1033 273 1066 σον
337 1013 487 1090 φέρει
548 1013 834 1086 μετανοίας
865 1018 898 1085 ἡ
934 1018 1185 1090 ἀπόνοια,
1219 1019 1252 1089 ἢ
1301 1023 1470 1097 μικρά
1531 1024 1623 1094 μὲν
1650 1023 1839 1088 σαίνει,

175 1100 398 1174 μεγάλα
448 1099 507 1156 δὲ
553 1104 619 1157 τὰ
665 1105 806 1158 κακὰ
835 1105 999 1182 φέρει.
1062 1107 1266 1164 ’Άλλοι
1321 1109 1378 1165 δὲ
1406 1113 1494 1166 καὶ
1558 1113 1838 1187 συρίττον-

168 1210 287 1257 τες,
324 1190 412 1244 οἵα
439 1195 535 1245 τοῦ
566 1191 837 1263 πλήθους,
869 1193 1190 1270 ἐχλεύαζον.
1224 1201 1412 1274 Τρυφή
1475 1199 1522 1254 δ’
1551 1203 1618 1271 ἦν
1651 1201 1836 1264 αὐτοῖς

169 1280 207 1347 ἡ
243 1282 356 1333 τῶν
401 1279 703 1354 ἀλωμένων
746 1285 968 1356 πομπὴ,
1033 1285 1094 1340 ού
1145 1286 1313 1343 τόπον
1375 1290 1434 1344 ἐκ
1461 1291 1638 1346 τόπου
1674 1314 1833 1366 μετα-

175 1363 560 1441 λαμϐάνουσιν
635 1372 707 1434 ὡς
785 1370 940 1442 δῆθεν
1006 1378 1458 1454 μεταφερομένων
1535 1381 1626 1435 καὶ
1679 1384 1832 1437 κενὸν

169 1464 322 1538 σφῶν
385 1459 983 1539 ἀφιὲννωντοῧπισθεν·
1043 1465 1172 1522 ἀλλ’
1224 1470 1251 1523 ὁ
1315 1471 1409 1542 μὲν
1467 1468 1656 1546 ἤγετο,
1719 1475 1746 1528 ὁ
1788 1470 1834 1527 δ’

169 1547 432 1623 ἐπήγετο,
483 1551 573 1605 καὶ
601 1554 812 1628 τρυφήν
843 1555 1089 1624 ἰκανήνὸ
1139 1561 1358 1631 πρῶτος
1405 1564 1525 1622 τοῖς
1572 1560 1832 1637 φιλοθεά-

180 1659 312 1710 μοσι
345 1641 645 1716 παρασχὼν
676 1647 754 1713 τῷ
806 1643 957 1716 μόνῳ
1005 1652 1234 1722 φανῆναι
1279 1649 1430 1702 ἀπὼν
1473 1649 1571 1705 οὐκ
1618 1650 1828 1724 ἐλύπει,

177 1728 370 1801 ἕτερου
443 1727 806 1805 διαεχομὲνου
857 1734 951 1788 τὸν
1005 1735 1174 1791 τόπον
1229 1737 1318 1792 καὶ
1377 1740 1474 1807 τὴν
1527 1741 1673 1811 τάξιν
1732 1748 1829 1798 τοῦ

169 1817 496 1892 τὲρψαντος.
523 1818 754 1876 Μᾶλλον
792 1822 885 1894 μὲν
943 1821 1034 1878 οὖν
1077 1826 1167 1879 καὶ
1199 1826 1281 1880 ἀεὶ
1332 1826 1450 1882 νέον
1480 1828 1722 1895 ἐπιόντες
1750 1839 1829 1904 τῷ

165 1902 348 1970 ἄλλος
376 1907 466 1961 καὶ
499 1905 670 1970 ἄλλος
718 1910 998 1984 φαίνεσθαι
1028 1916 1165 1968 κατὰ
1190 1916 1291 1984 τὴν
1321 1916 1372 1970 ἐν
1400 1922 1479 1990 τῷ
1510 1918 1700 1994 κύκλῳ
1729 1944 1829 1977 κα-

161 1996 418 2067 τατομήν
477 1996 694 2072 ἔτερπον
743 2004 822 2071 τῷ
867 2007 1040 2075 καινῷ
1087 2001 1258 2059 πλέον
1313 2007 1441 2070 τοὺς
1499 2010 1824 2083 θεωμένους.

161 2085 269 2140 Ἠν
331 2081 378 2138 δ’
435 2087 538 2162 ἄρα
598 2089 672 2160 μὴ
738 2089 901 2162 μόνον
959 2090 1116 2162 ἀοιδὴ
1176 2097 1414 2166 νεωτάτη
1449 2096 1678 2172 ἐπίηρος
1706 2107 1825 2165 τοῖς

157 2171 484 2245 ἀκούουσιν,
516 2173 662 2230 ἀλλά
717 2199 778 2252 γε
831 2179 921 2234 καὶ
971 2182 1064 2236 νὲα
1124 2183 1217 2247 θέα
1247 2185 1477 2258 ποικίλη
1508 2194 1624 2251 τοῖς
1655 2191 1821 2266 ὁρῶσι

152 2263 362 2357 τρυφή.
416 2263 695 2328 Ἀντίπαις
743 2268 843 2343 γὰρ
897 2269 982 2323 ἐπὶ
1030 2269 1152 2344 νέῳ,
1207 2273 1296 2328 καὶ
1356 2276 1476 2338 νὲος
1530 2276 1624 2333 ἐωὶ
1682 2263 1823 2357 παρ-

159 2346 421 2449 ηϐὶηκότιι,
451 2354 541 2408 καί
567 2377 630 2430 γε
658 2359 864 2430 γυμνὸς
896 2358 978 2414 ἐπ’
1018 2359 1381 2436 ἐνδεδυμὲνῳ,
1411 2366 1502 2420 καὶ
1536 2346 1822 2449 ἆκαλυφῆς

155 2437 244 2493 ἐπὶ
295 2440 610 2517 καλύπτραν
657 2444 897 2522 φέροντι,
937 2448 1027 2503 καὶ
1059 2457 1341 2529 κατηφιῶν
1393 2453 1475 2510 ἐπ’
1527 2437 1815 2535 ἀγερώγιῴ,

156 2658 351 2715 tudini
409 2663 831 2732 spectantium.
891 2668 1271 2729 Ducebantur
1318 2677 1598 2733 continua
1655 2678 1806 2735 serie

155 2747 368 2818 captivi
429 2749 756 2824 sigillatim,
792 2755 1000 2815 idoneo
1057 2760 1363 2821 intervallo
1405 2765 1656 2823 invicem
1687 2769 1807 2824 dis-

155 2837 325 2892 creti.
358 2837 522 2910 Equo
554 2841 808 2915 quisque
856 2849 1090 2920 proprio
1112 2852 1382 2925 vehebat,
1416 2873 1531 2911 non
1555 2856 1806 2914 libratus

154 2925 217 2980 in
250 2926 424 2983 dorso
454 2931 726 2988 cruribus
761 2934 897 2991 hinc
937 2938 1072 2994 inde
1114 2943 1526 3012 pendentibus,
1561 2948 1661 3002 sed
1713 2965 1806 3004 se-

157 3013 317 3106 dens
338 3016 512 3106 pedes
538 3024 818 3092 compede
849 3025 1073 3084 vinctos
1106 3030 1164 3084 in
1198 3031 1450 3088 alterum
1476 3036 1611 3106 equi
1650 3036 1806 3092 latus

163 3100 764 3167 demittebat.lnditus
795 3120 919 3170 erat
952 3119 1152 3174 manui
1185 3122 1475 3194 cujusque
1507 3100 1717 3179 contus
1739 3142 1808 3180 ex

157 3206 378 3282 papyro
410 3199 509 3249 aut
539 3196 637 3253 vili
670 3198 786 3254 alia
816 3205 1320 3282 materia,insigne
1337 3211 1605 3268 videlicet
1625 3215 1806 3270 offen-

1954 668 2034 734 τῷ
2090 665 2247 727 πάθει
2279 659 2367 716 ἐπὶ
2395 665 2474 733 τῷ
2506 659 2806 735 λογισμοὺς
2845 657 3043 731 ὀρθοὺς
3092 656 3310 734 φέροντι
3361 655 3615 712 ἐποίκιλ-

1956 751 2052 808 λον
2107 754 2202 816 τὰς
2230 758 2330 820 τῆς
2359 750 2504 819 θέας,
2535 750 2625 804 καὶ
2667 747 2988 824 ὀφθαλμοὺς
3022 746 3232 801 εἷστίων
3265 750 3371 801 τῶν
3405 767 3611 818 συμμι·

1953 847 2064 917 γῶν
2092 841 2290 916 ὄψεων.
2321 838 2455 895 Οὐδὲ
2483 841 2583 916 γὰρ
2615 840 2668 903 ἐς
2709 838 2893 914 ὀλίγον
2943 839 2977 905 ἡ
3025 837 3378 912 σχοινοτενής
3428 833 3603 903 ἐκείνη

1950 933 2101 1005 σειρὰ
2155 937 2262 987 τῶν
2295 929 2528 1003 ἀνδρῶν,
2560 929 2684 985 ἀλλ’
2717 929 2770 990 ἐς
2803 926 2884 983 ὅτι
2915 925 3180 981 πλεῖστοο
3213 930 3438 1000 συχναῖς
3489 926 3608 980 ἑκα-

1947 1023 2165 1078 τοστύσι
2226 1020 2538 1090 διείληπτο.
2589 1022 2859 1080 Ἕκαστος
2906 1015 2952 1070 δ’
2984 1016 3175 1071 ἰόντων
3235 1015 3322 1070 ἐπὶ
3353 1017 3416 1070 τὸ
3473 1017 3602 1088 παρ’

1949 1111 2172 1188 ἑκάτερα
2217 1108 2314 1165 τοῖ’)
2379 1107 2649 1184 βασιλέως
2708 1106 2996 1182 γινόμενος
3055 1105 3146 1160 καὶ
3206 1103 3347 1159 ἄκων
3398 1102 3599 1173 ἐδίδου,

1947 1200 2164 1256 κύπτων
2200 1200 2250 1271 ἐξ
2310 1196 2642 1277 ἐφεστρίδος,
2698 1201 2776 1268 τῷ
2810 1195 3027 1270 βασιλεῖ
3075 1195 3174 1263 τὴν
3205 1193 3598 1269 προσκύνησιν,

1951 1291 2246 1366 μορφάζων
2304 1291 2367 1346 τὸ
2421 1287 2672 1344 ταπεινὸν
2731 1286 2821 1341 καὶ
2873 1287 2935 1340 τὸ
2992 1291 3092 1354 τῆς
3144 1289 3332 1360 ψυχῆς
3361 1282 3600 1339 υἰδαῖνον

1951 1379 2444 1453 μετασχηματίζων
2480 1376 2554 1437 εἷς
2583 1373 2908 1447 ἱλαρότητα.
2969 1373 3128 1430 Οὕτω
3165 1373 3261 1445 μὲν
3297 1369 3387 1427 οὖν
3419 1372 3599 1429 εἰσελ-

1945 1472 2127 1537 θόντες
2186 1475 2286 1543 τήν
2341 1474 2527 1539 πόλιν,
2587 1471 2677 1526 καὶ
2737 1468 2826 1524 διὰ
2885 1469 3055 1542 μὲσης
3084 1466 3287 1538 ταύτης
3335 1468 3383 1539 ἐξ
3419 1465 3596 1542 ἄκρων

1944 1566 2018 1628 εἰς
2076 1564 2242 1642 ἄκρας
2302 1570 2423 1627 τοῖς
2461 1564 2596 1618 κατᾶ
2627 1567 2764 1637 σφᾶς
2824 1562 3068 1632 ἀνιαροῖς
3126 1557 3593 1630 ἐμπομπεύοντες,

1938 1659 2006 1728 τῇ
2037 1662 2136 1724 τῆς
2171 1654 2470 1725 Ζευξίππου
2517 1651 2755 1707 δίδονται
2805 1647 3023 1728 φυλακῇ
3055 1649 3142 1720 ('),
3191 1651 3310 1709 τοῖς
3359 1651 3589 1720 τυχοῦσι

1944 1746 2036 1817 μὲν
2071 1744 2273 1819 χλεύη,
2306 1742 2532 1799 ἐλεεινοὶ
2565 1740 2623 1796 δὲ
2666 1745 2786 1803 τοῖς
2815 1739 3234 1812 ἐπιεικεστέροις
3281 1731 3589 1812 γινόμενοι.

1934 1831 2117 1889 Ἀλλὰ
2143 1836 2308 1890 ταῦτα
2341 1835 2435 1906 μὲν
2470 1832 2820 1909 ἐπράχθησαν
2850 1827 2998 1904 τῇδε.

1857 1956 1905 2020 Β
1937 1985 2039 2043 λδ’.
2071 1986 2152 2043 Τὰ
2202 1987 2339 2042 κατὰ
2383 1987 2476 2040 τὸν
2527 1985 2770 2062 ἄρχοντα
2815 1989 2923 2062 τῖον
2959 1983 3147 2062 Aditur:
3181 1983 3460 2051 Ἰωαννην,
3493 1980 3584 2035 καὶ

2187 2057 2338 2122 ὅπως
2368 2059 2531 2114 αὐτὸν
2563 2051 2835 2133 ¹(δ’ἷιρατῶν
2880 2051 3335 2131 ἐπεγάμϐρευσεν.

2007 2199 2087 2269 [Ρ.
2121 2199 2246 2270 353]
2280 2195 2509 2252 Βασιλεῖ
2539 2192 2596 2250 δὲ
2626 2193 2687 2249 οὐ
2741 2193 2904 2267 μόνον
2931 2196 3038 2248 τῶν
3069 2191 3232 2246 αὐτοῦ
3295 2196 3460 2263 μετῆν
3511 2188 3587 2250 εἷς

1929 2285 2137 2358 κόσμον
2190 2291 2323 2365 σφᾶς
2353 2283 2498 2362 ἄγειν
2555 2286 2624 2340 τὰ
2675 2285 2971 2359 πρέποντα,
3031 2279 3176 2336 ἀλλὰ
3202 2279 3292 2334 καὶ
3322 2278 3449 2342 τοὺς
3483 2300 3591 2352 μη-

1931 2372 2017 2430 δὲν
2049 2378 2430 2451 προσήκοντας
2476 2375 2612 2430 κατά
2640 2395 2761 2430 τινα
2803 2370 3115 2428 δεσποτείαν
3175 2367 3588 2446 ὑπερηρμένους

1926 2465 1996 2520 τὰ
2029 2467 2196 2542 μέτρα
2219 2465 2531 2521 συστέλλειν
2566 2461 2654 2518 διὰ
2708 2458 2953 2531 σπουδῆς
3008 2463 3096 2530 ἦν.
3149 2457 3248 2513 Καὶ
3303 2457 3430 2518 τοὺς
3491 2457 3587 2530 μὶν

1921 2683 2402 2756 Dlstinguebatur
2433 2691 2628 2742 autem
2675 2703 2887 2760 pompa
2945 2684 3134 2740 multa
3185 2679 3488 2743 varietate,
3520 2679 3580 2731 et

1917 2773 2048 2845 ipsa
2107 2775 2430 2832 delectante
2465 2817 2478 2842 ,
2539 2777 2675 2832 dum
2736 2771 3172 2832 adolescentulo
3222 2767 3579 2826 succedebat

1909 2865 2170 2936 juvenis,
2203 2867 2766 2923 intermiscebantur
2809 2866 3056 2936 juvenes
3086 2861 3228 2918 viris
3264 2881 3278 2930 ;
3348 2874 3578 2930 semper

1919 2955 2387 3027 inexspectatum
2459 2956 2680 3028 aliquid
2747 2955 2902 3012 vices
2959 2952 3133 3010 varia;
3195 2947 3577 3006 multiformis

1921 3046 2237 3117 spectaculi
2293 3045 2632 3112 offerebant,
2689 3046 2830 3100 dum
2860 3043 3054 3100 nudus
3115 3044 3247 3114 post
3292 3037 3575 3094 vestitum

1919 3135 2288 3202 trahebatur,
2321 3136 2673 3191 succedebat
2705 3135 2960 3207 pileatus
3012 3132 3228 3186 intecto
3279 3127 3577 3195 verticem,

1921 3225 2183 3295 dejectus
2216 3224 2459 3290 vultum
2475 3223 2739 3280 ferociter
2759 3220 3324 3287 contumaci,macer
3345 3216 3577 3290 pingui,

155 3279 342 3397 :ioqis
401 3283 539 3339 belli
571 3303 686 3358 qua
746 3293 1000 3350 erantin
1051 3297 1224 3354 istam
1279 3302 1499 3357 redacti
1559 3309 1799 3360 sortem.
1835 3329 1878 3397 α
1920 3279 2216 3370 fortunam
2260 3315 2482 3385 abjecte
2529 3314 2720 3369 ferens
2777 3312 3071 3367 excelsum
3124 3308 3390 3364 animum
3451 3305 3570 3360 oris

199 3386 338 3397 an“
378 3375 745 3397 --__l:.__l_n
906 3386 915 3397 ι
960 3383 972 3395 ι
1180 3389 1195 3397 -
1682 3394 1696 3397 -
3361 3396 3368 3397 κ
3513 3393 3526 3397 -

145 3368 344 3464 Turba
376 3375 828 3464 constipabatur
859 3383 1137 3456 utrinque
1163 3389 1367 3460 densa,
1404 3394 1796 3464 quorumdam

146 3457 558 3518 miserantium
603 3467 851 3525 fortuna:
911 3489 1082 3530 casus
1142 3477 1411 3549 infestos,
1472 3483 1796 3552 praesertim

148 3547 250 3602 ubi
283 3548 341 3603 in
368 3551 667 3625 principes
696 3573 759 3612 ac
792 3560 1104 3631 primarios
1157 3567 1313 3624 viros
1347 3570 1450 3625 tali
1502 3574 1800 3629 traductos

145 3636 861 3708 ignominaincurrebant
890 3653 1043 3708 oculi
1073 3655 1227 3712 518
1286 3657 1534 3715 aliorum
1594 3665 1798 3718 contra

141 3724 515 3786 irridentium
546 3732 854 3793 insultanti
867 3757 1084 3814 umque
1108 3745 1262 3801 ultro
1282 3747 1796 3819 increpando,me-

143 3814 324 3872 ritum
355 3835 455 3875 eos
490 3822 640 3880 ferre
668 3829 918 3884 vesaniae
951 3849 1072 3888 suae
1099 3835 1576 3902 fructum,seram
1611 3839 1793 3910 paeni-

139 3906 550 3981 tentiam,qum
577 3915 770 3983 proles
801 3935 931 3976 esse
953 3921 1101 3978 solet
1129 3924 1471 3983 inconsultae
1493 3929 1792 3996 amentiae,

141 3996 443 4089 modicum
478 4001 719 4074 quidem
755 4007 926 4065 initio
958 4027 1104 4083 quos
1127 4015 1345 4089 abripit
1376 4017 1788 4084 mulcentis,ad

134 4087 465 4145 extremum
551 4094 896 4163 gravissime
929 4087 1275 4162 multantis,
1331 4109 1508 4164 Erant
1566 4127 1596 4165 e
1655 4110 1792 4167 fasce

131 4176 456 4244 praesrtim
511 4180 700 4251 plebis
732 4187 834 4257 qui
888 4189 1065 4248 etiam
1100 4195 1348 4253 miseros
1380 4198 1787 4257 exsibilarent.

131 4262 395 4360 pur-abet
427 4274 624 4327 autem
650 4274 841 4334 dulcis
865 4285 1185 4352 spectaculi
1217 4289 1485 4360 voluptas
1512 4307 1628 4346 uno
1652 4290 1790 4347 licet

132 4352 194 4406 in
226 4352 348 4410 loco
381 4355 762 4429 haerentibus,
797 4383 901 4423 nec
956 4387 1104 4442 opus
1162 4352 1458 4432 habebant
1515 4379 1628 4435 alio
1676 4381 1785 4436 mi-

131 4456 324 4512 grare,
356 4450 422 4500 ut
449 4449 776 4534 viso,vquod
805 4455 1126 4528 placuerat,
1190 4471 1576 4535 praetereunte
1635 4471 1787 4527 frue-

131 4532 719 4598 rentur.Succedebat
748 4545 900 4601 enim
930 4550 1166 4607 assidue
1192 4532 1483 4624 vpraeeunti
1533 4575 1784 4630 sequens

132 4621 256 4715 pari
290 4638 394 4715 suo
426 4625 709 4687 dedecore
739 4631 1064 4693 ludibrium
1111 4621 1415 4715 exhibens,
1478 4651 1534 4702 et
1583 4621 1784 4707 oculos

128 4709 362 4807 abunde
393 4730 666 4789 pascens,
718 4738 790 4778 ne
849 4728 1292 4802 prmterlapsum
1328 4737 1493 4808 sequi
1529 4742 1632 4794 aut
1693 4757 1781 4796 re-

130 4797 362 4868 quirere
391 4816 682 4864 curarent.
718 4797 866 4874 Quin
917 4817 1116 4888 potius
1173 4797 1474 4881 crescebat
1530 4827 1780 4887 dulcedo

127 4890 451 4989 spectandi,
465 4904 847 4989 praevertente
860 4906 1191 4965 satietatem
1212 4915 1502 4970 continuae
1521 4919 1776 4989 quadam

124 4973 638 5080 velutmutatioue
669 5005 880 5059 scenae,
908 4997 1110 5054 sannis
1142 5003 1466 5071 praesertim
1499 4973 1777 5080 gregarius

127 5063 524 5168 multi-tudinis
546 5079 604 5130 et
629 5078 947 5149 petulantis
976 5063 1167 5145 atatis
1188 5063 1776 5168 materiamkpraelben;

123 5161 178 5210 te
209 5155 454 5216 ridicula
483 5166 729 5223 tonsura
762 5171 908 5228 foede
940 5191 1207 5235 raeorum
1262 5183 1402 5239 orbe
1432 5155 1554 5242 toto
1612 5190 1776 5260 capi—

121 5248 272 5344 tum,
306 5250 585 5344 novitatis
627 5259 782 5329 apud
815 5263 1029 5336 vulgus
1081 5270 1274 5339 specie
1318 5275 1608 5343 jucunda.
1651 5248 1774 5344 dua

117 5332 274 5422 sicut
300 5338 640 5407 gaudebunt
670 5346 846 5417 oculi,
874 5332 958 5406 sic
992 5357 1048 5408 et
1077 5332 1248 5413 aures
1281 5332 1775 5422 demulcebantur

113 5421 376 5524 confusis
407 5426 781 5524 i-mproperiis
811 5437 865 5493 in
917 5440 1305 5516 hostesjactis
1337 5451 1513 5522 digna
1541 5453 1774 5524 patien-

113 5515 234 5615 tes;
264 5529 392 5613 quae
421 5517 612 5615 instar
644 5523 943 5584 habebant
969 5515 1486 5608 novaaicantilenvae,
1537 5515 1769 5615 placere

116 5599 445 5674 plurimum
481 5607 569 5681 (ut
597 5616 765 5672 vetus
797 5615 969 5676 habet
1015 5622 1282 5699 verbum)
1315 5599 1766 5702 populo-solita;

189 5783 254 5854 ll;-
286 5781 368 5841 Cf.
407 5785 768 5852 Glossarium
805 5796 1158 5870 νΖευξζππου
1189 5800 1429 5879 φυλακή.

1913 3403 2246 3459 constantia
2305 3402 2678 3470 monstranti;
2733 3419 2862 3474 qua:
2910 3399 3073 3455 velut
3128 3401 3296 3453 erant
3348 3393 3570 3450 fercula

1911 3493 2092 3559 varia,
2127 3497 2184 3548 et
2213 3493 2323 3548 hoc
2356 3493 2484 3566 ipso
2516 3492 2882 3565 gratissima,
2933 3486 3208 3560 exquisiti
3258 3483 3560 3542 oculorum

1911 3582 2090 3654 epuli,
2115 3587 2276 3639 tanto
2309 3583 2576 3654 producti
2607 3581 2798 3654 spatio
2827 3579 3111 3651 temporis
3145 3592 3246 3648 per
3274 3577 3556 3645 quantum

1911 3671 2018 3726 loci
2049 3672 2202 3728 519
2237 3668 3064 3744 prolendebaturlongissima
3096 3663 3556 3730 catena,vinctas

1907 3760 2207 3818 innectens
2237 3762 2560 3818 intervallis
2592 3761 2745 3816 inter
2773 3751 3554 3830 singulosjustis,plurimas

1905 3849 2218 3906 hominum
2250 3851 2566 3907 centurias.
2618 3851 2795 3905 Porro
2849 3845 3064 3920 singuli
3098 3849 3163 3900 ut
3219 3844 3289 3898 ad
3358 3842 3554 3898 locum

1902 3944 2206 4007 venerant,
2249 3943 2406 3996 unde
2466 3955 2721 4010 superne
2771 3935 3150 4009 despectabat
3207 3933 3552 4004 imperator,

1900 4030 2163 4085 venerari
2197 4046 2332 4085 eum
2364 4027 2451 4084 vel
2483 4027 2651 4082 inviti
2704 4025 2998 4098 profunda
3022 4040 3092 4080 ex
3121 4021 3290 4093 equis
3340 4019 3554 4091 capitis

1903 4117 2262 4174 demissione
2292 4118 2670 4188 cogebantur,
2699 4116 2758 4170 id
2794 4119 2985 4170 tamen
3019 4129 3081 4168 se
3135 4110 3437 4182 plerisque
3483 4106 3552 4160 li-

1900 4207 2107 4263 benter
2136 4207 2326 4263 facere
2348 4206 2602 4279 quadam
2641 4202 2939 4260 modestiae
2967 4197 3331 4256 affectatione
3354 4196 3549 4252 simu-

1899 4296 2181 4366 lantibus,
2217 4298 2361 4368 quin
2395 4296 2569 4352 etiam
2604 4312 2720 4367 quo
2769 4292 3006 4366 penitus
3051 4285 3548 4345 contabescehant

1899 4384 2081 4442 animi
2116 4403 2419 4443 moerorem
2463 4385 2783 4442 renidentis
2819 4382 2936 4440 oris
2967 4378 3223 4438 ascilitia
3251 4375 3548 4432 hilaritate

1900 4476 2257 4534 fucantibus.
2284 4477 2378 4533 Sic
2408 4477 2660 4549 ingressi
2693 4473 3013 4537 civitatem,
3062 4473 3118 4525 et
3151 4468 3200 4525 si
3258 4483 3361 4538 per
3413 4482 3540 4522 eam

1897 4571 2183 4639 quantum
2219 4571 2376 4639 patet
2405 4568 2739 4623 universam
2801 4564 3083 4637 probrosa
3109 4560 3201 4617 sui
3243 4559 3546 4615 dedecoris

1895 4657 2150 4714 traducti
2211 4675 2445 4730 pompa,
2491 4657 2549 4713 in
2609 4671 2900 4712 carcerem
2960 4651 3237 4724 Zeuxippi
3295 4651 3543 4721 conjecli

1895 4751 2058 4812 sunt,
2088 4748 2446 4820 vulgarium,
2479 4751 2546 4802 ut
2576 4745 2718 4809 dixi,
2750 4744 3060 4800 hominum
3123 4739 3540 4811 intemperanti

1891 4835 2146 4892 ludibrio
2177 4837 2353 4906 irrisi,
2388 4835 2715 4908 elegantius
2745 4833 3036 4895 institutis
3067 4835 3125 4887 et
3155 4846 3258 4902 per
3295 4827 3542 4884 huchu-

1891 4925 2258 4981 manioribus
2291 4925 2623 4982 infelicitati
2659 4921 3112 4980 condolentibus
3144 4919 3542 4991 ipsorum.At-

1889 5031 2001 5086 que
2031 5015 2152 5070 haec
2180 5017 2416 5087 quidem
2453 5019 2582 5071 acta
2612 5017 2666 5070 in
2701 5014 2857 5069 hunc
2891 5011 3129 5066 modum
3164 5013 3323 5065 sunt.

1923 5123 2011 5178 34.
2057 5129 2132 5179 De
2149 5125 2419 5181 Lazarum
2440 5123 2685 5194 principe
2713 5123 3009 5194 Joanne,th
3037 5134 3163 5174 eum
3206 5119 3505 5188 imperator

2388 5192 2502 5252 sibi
2519 5192 2786 5264 generum
2809 5192 3036 5269 fecerit.

1958 5286 2240 5339 Caeterum
2274 5283 2614 5356 imperatori
2651 5299 2762 5338 non
2825 5281 3020 5337 solum
3075 5295 3228 5334 cura:
3285 5281 3431 5344 erat,
3473 5283 3540 5332 ul.

1886 5373 2150 5442 quicum
2198 5389 2264 5428 eo
2296 5378 2351 5429 et
2409 5373 2519 5428 sub
2551 5389 2617 5428 eo
2658 5370 2954 5436 vivebant,
2988 5369 3146 5424 intra
3200 5368 3349 5424 fines
3408 5384 3538 5423 sese

1885 5463 2253 5517 continerent
2284 5461 2544 5518 decentis
2601 5458 3023 5516 moderationis
3053 5479 3068 5527 ;
3098 5459 3198 5515 sed
3245 5462 3303 5513 et
3360 5457 3533 5512 istam

1883 5552 2234 5608 extendebat
2263 5549 2692 5624 providentiam
2725 5550 2794 5605 ad
2831 5547 3055 5605 alienos
3077 5548 3330 5622 quadam
3354 5546 3534 5601 inter-

1883 5639 2025 5696 dum
2055 5640 2516 5698 intumescentes
2545 5638 2756 5696 ﬁducia
2787 5637 3082 5712 potentiae,
3109 5652 3364 5708 quorum
3395 5633 3533 5691 eil‘o-
