4072 6402
327 306 434 365 983

1641 323 1943 384 GEORGII
1985 330 2445 390 PACHYMERB

3618 348 3711 405 984

326 430 541 496 ἄλλους
570 431 702 509 δόρυ
733 439 897 490 κινῶν
930 434 1205 513 ἠνάγκαζε
1245 445 1363 505 τοῖς
1420 444 1664 519 μετρίοις
1723 455 1984 524 χρῆσθαι,
2015 459 2071 524 Α
2098 454 2248 509 Metto
2276 456 2379 531 γὰρ
2411 456 2607 534 φθόνον
2638 456 2878 515 πεδίλων
2934 461 3064 516 εἶναι
3094 458 3450 542 κοκκοϐαφῶν
3503 469 3587 523 καὶ
3635 471 3725 545 βα-

324 523 386 578 τὸ
423 525 517 596 μὲν
552 523 859 597 αὐτόνομον
917 524 978 581 ἐκ
1004 526 1184 602 τύχης
1232 526 1463 604 ἔχοντας
1493 541 1629 611 σφᾶς
1658 538 1747 592 moi
1776 535 1986 611 συμϐἅ-

331 632 524 685 ματος,
573 614 636 666 τὸ
667 611 710 667 δ’
759 611 947 678 ἄλλως
998 616 1130 691 ὑπὲρ
1186 620 1253 672 τὰ
1309 619 1622 695 ἐσκαμμένα
1675 624 1851 697 πηδᾷν
1898 630 1988 683 καί

334 700 615 774 βασιλείας
695 700 925 765 δικαίοις
982 711 1411 780 κατωφρυῶσθαι
1478 711 1803 779 κινδυνῶδες
1861 719 1985 773 έαυ-

326 795 447 851 τοῖς
506 786 795 863 μαθόντας·
857 798 937 865 τῷ
997 792 1053 847 δέ
1110 816 1168 869 γε
1224 804 1323 865 τῆς
1373 804 1479 853 τῶν
1535 807 1723 872 Λαζῶν
1759 808 1987 882 ἄρχοντι

327 880 549 954 Ἰωάννῃ
628 883 980 955 παρασήμοις
1037 883 1346 957 βασιλικοῖς
1398 887 1813 964 έμπομπεύοντι
1848 939 1861 963 ,
1924 896 1986 950 οὐ

327 968 489 1040 μετὸν
548 966 695 1030 ὅλως
756 969 1034 1044 βασιλείας
1092 972 1305 1047 ἐκείνῳ,
1387 979 1620 1051 πέμπων
1705 981 1984 1048 πολλάκις

324 1054 639 1131 ἐπήγγελλε
674 1064 776 1127 τῆς
813 1059 906 1132 μὲν
960 1062 1077 1115 καθ’
1127 1061 1286 1117 αὐτὸν
1338 1065 1579 1136 ἐξουσίας
1614 1068 1808 1142 ἀνέδην
1836 1070 1983 1149 ἔχειν

320 1144 394 1206 ὡς
433 1142 712 1219 βούλεται,
747 1145 1033 1220 ὀνομάτων
1070 1147 1128 1205 δὲ
1155 1152 1245 1206 καὶ
1285 1159 1631 1231 παρασήμων
1685 1162 1986 1235 βασιλικῶν

317 1230 608 1311 φείδεσθαι·
666 1232 808 1308 μηδὲ
855 1237 959 1313 γὰρ
1020 1239 1190 1312 ἄξιον,
1251 1230 1416 1298 αὐτοῦ
1481 1246 1753 1321 βασιλέως
1804 1247 1981 1340 ὄντος,

318 1322 331 1340 ,
386 1323 398 1340 .
499 1323 511 1337 .
590 1328 615 1338 -
683 1326 709 1340 η
812 1325 832 1340 κ
886 1326 897 1340 ,
1027 1330 1091 1340 λ.
1339 1332 1350 1340 .
1474 1334 1505 1340 .-

314 1322 398 1376 ἐπ’
454 1323 619 1378 αὑτοῦ
681 1325 964 1399 βασιλείου
1025 1330 1207 1385 θώκου
1264 1332 1354 1387 καὶ
1413 1334 1651 1407 πόλεως,
1711 1340 1800 1394 καί
1831 1322 1983 1404 τινας

319 1409 529 1473 ἄλλους
585 1412 673 1467 ἐπὶ
729 1419 827 1468 τοῦ
891 1414 1141 1488 μείζονάς
1199 1441 1258 1475 τε
1288 1423 1379 1477 καὶ
1413 1425 1713 1500 ὑπερτάτου
1745 1429 1984 1506 φημίζε-

319 1500 438 1554 σθαι
472 1500 806 1575 ἀξιώματος,
854 1504 1000 1559 ἀλλὰ
1048 1506 1210 1583 μέρος
1258 1507 1386 1567 ὄντα
1434 1516 1681 1573 κάκεῖνον
1730 1518 1981 1575 ἐπισυνά-

317 1609 469 1643 πτειν
500 1593 580 1661 τῷ
610 1589 750 1663 ὅλῳ,
805 1591 937 1664 μηδ’
969 1594 1113 1649 οὕτω
1150 1598 1408 1675 βασιλικῇ
1439 1604 1582 1677 τάξει
1622 1607 1719 1675 τήν
1773 1607 1979 1683 σύγχυ-

320 1700 399 1733 σιν
462 1678 758 1755 ἐπιφέρειν.
821 1681 999 1739 Τοῦτο
1056 1691 1192 1761 γοῦν
1252 1690 1531 1757 πολλάκις
1587 1702 1761 1752 ποιῶν
1824 1698 1975 1755 οὐδὲν

316 1767 484 1823 πλέον
535 1767 727 1839 ἤνυτεν
757 1770 792 1840 ἢ
821 1772 884 1827 τὸ
917 1770 1093 1830 δοκεῖν
1148 1776 1313 1851 μηδὲν
1348 1778 1492 1857 ἔχων
1527 1785 1758 1842 ἀνύτειν·
1790 1795 1913 1844 ’Υπε

311 1858 504 1934 ηφάνει
558 1860 660 1933 γὰρ
724 1856 1001 1938 βάρϐαρος
1061 1862 1135 1921 ὤν
1183 1867 1274 1922 καὶ
1338 1856 1621 1950 ὑπερεώρα
1673 1877 1772 1945 τὴν
1807 1856 1971 1953 πρόσ-

309 1946 480 2017 ταξιν,
540 1946 631 2002 καί
687 1970 837 2013 τινας
893 1954 1193 2030 προφᾶσεις
1248 1964 1346 2014 τοῦ
1389 1963 1465 2034 μὴ
1523 1965 1684 2027 αὐτὸς
1714 1968 1972 2042 κατάρξαι

305 2040 407 2103 τῆς
440 2032 529 2089 ἐπὶ
558 2036 776 2099 τούτοις
801 2036 1160 2116 παραϐασίας,
1218 2046 1347 2103 ἀλλ’
1391 2032 1503 2106 ήάπὸ
1546 2054 1795 2128 πατέρων
1823 2032 1972 2131 ἔχειν

309 2120 643 2179 ἐπλάττετοο
703 2126 927 2203 προσέτι
987 2127 1045 2185 δὲ
1105 2132 1249 2205 μηδὲ
1304 2136 1431 2200 τοὺς
1488 2143 1612 2216 περὶ
1672 2120 1971 2217 αὐτὸνσέᾷν

308 2207 469 2285 ἔλεγε
492 2212 745 2269 κολούειν
798 2215 974 2280 οὕτως
1021 2219 1237 2297 ἀξίωμα
1284 2207 1568 2302 πατρικὸν.
1597 2230 1657 2288 ἐκ
1712 2207 1974 2291 πλείστου

307 2300 400 2355 καὶ
429 2300 484 2363 ἐς
529 2301 690 2358 αὑτὸν
740 2307 952 2379 κατιὸν,
1007 2309 1139 2384 μηδ’
1186 2314 1403 2381 ἀκλεεῖς
1451 2322 1541 2375 καί
1591 2324 1791 2388 αὐτοὺς
1838 2326 1971 2381 εἶναι

306 2389 372 2444 τὸ
424 2389 593 2467 μέρος
652 2392 899 2459 εὐκλείας
956 2403 1308 2476 στερηθέντος
1378 2407 1579 2467 ἐκείνου
1655 2414 1970 2489 βασιλικῆς.

314 2711 382 2752 ac
412 2697 807 2769 comprimere
840 2704 1136 2765 studebat.
1171 2711 1293 2776 Quo
1328 2713 1386 2770 in
1418 2731 1635 2787 genere
1656 2697 1804 2776 alios
1833 2721 1963 2794 qui-

314 2785 446 2839 dem
474 2801 624 2857 quos
657 2787 894 2846 fortuna
922 2797 1170 2854 casusve
1201 2785 1711 2879 aliquis—suijuris
1732 2814 1789 2865 et
1806 2812 1965 2868 omni

309 2874 681 2944 subjectione
714 2877 928 2936 liberos
980 2883 1232 2957 fecisset,
1269 2907 1451 2949 manu
1473 2874 1700 2953 armata
1745 2901 1963 2956 fastum

304 2962 620 3061 demittere
653 2968 860 3039 coegit,
896 2970 1030 3028 belli
1061 2975 1486 3041 offensionibus
1516 2986 1753 3045 edoctos
1782 3005 1961 3061 quam

308 3050 705 3122 periculosum
739 3056 886 3128 ipsis
919 3070 1075 3119 esset
1106 3070 1405 3128 transilire
1436 3076 1747 3147 cancellos,
1781 3082 1839 3134 et
1868 3096 1963 3134 su-

1917 1811 2055 1934 ΞΙΒ

2099 543 2309 607 σιλείας
2355 545 2626 620 ὀνόματος
2656 554 2735 621 τῷ
2786 550 2869 623 ]Ρ.
2903 553 3031 624 354]
3077 550 3145 606 τὰ
3201 553 3368 625 μείζω
3424 543 3725 630 ἔχοντιίτὰ

2100 630 2148 685 δ’
2200 635 2290 702 ἦν,
2343 636 2418 698 ὡς
2474 630 2682 710 ἔλεγεν,
2719 637 3032 702 ὑπόπτωσίς
3062 661 3120 695 τε
3143 641 3232 696 καὶ
3265 638 3490 711 δουλική
3518 642 3724 721 ἐντυχία

2097 722 2184 775 καὶ
2245 723 2513 799 εἰρηνικαὶ
2570 723 2798 781 σπονδαὶ
2856 728 2944 782 καὶ
3016 729 3153 803 πρὸς
3208 730 3271 784 τὸ
3324 734 3721 806 συγκεχωρηκὸς

2098 808 2179 887 ἐφ’
2234 814 2449 869 ἅπασιν.
2506 818 2689 890 Ἔγνω
2742 822 2872 891 γοῦν
2906 819 2933 872 ὁ
2991 823 3201 892 κρατῶν
3235 817 3324 874 διὰ
3350 824 3514 875 ταῦτα
3544 821 3715 893 μετελ-

2098 900 2207 953 θεῖν
2267 901 2454 965 ἄλλως
2508 905 2598 958 τὸν
2655 905 2938 977 Ἰωάννην,
2995 906 3085 961 καὶ
3147 907 3360 980 μᾶλλον
3393 908 3474 963 ὅτι
3500 909 3586 963 καὶ
3613 911 3718 965 νέον

2098 986 2185 1043 ἐπὶ
2232 994 2331 1055 τῆς
2384 993 2565 1068 ἀρχῆς
2612 994 2928 1059 καθίστατο.
2977 992 3144 1066 Κήδει
3191 1002 3317 1071 γοῦν
3366 997 3581 1071 θέμενος
3625 998 3719 1053 εἷσ-

2098 1081 2431 1149 ποιήσασθαι
2486 1083 2575 1137 καὶ
2635 1083 2696 1138 τὸ
2757 1079 2827 1136 δι’
2884 1084 3121 1158 ὑποψίας
3179 1084 3312 1139 εἶναι
3364 1089 3459 1140 τοῦ
3486 1084 3718 1142 κολούειν

2094 1165 2284 1232 ἄλλως
2316 1168 2489 1232 θέλειν
2534 1171 2633 1240 τήν
2688 1171 2930 1242 ἐξουσίαν
2980 1173 3072 1228 καὶ
3121 1173 3195 1246 μὴ
3232 1175 3350 1228 κατ’
3397 1173 3522 1228 αὐτὸ
3548 1174 3607 1229 τὸ
3632 1177 3721 1247 τῇς

2098 1256 2375 1331 βασιλείας
2405 1256 2612 1315 δίκαιον
2648 1259 3008 1336 ἐπαγγέλλειν
3048 1263 3147 1331 τήν
3185 1261 3543 1340 μεταμφίασιν
3586 1263 3722 1317 ἀναι-

2094 1351 2203 1421 ρεῖν
2240 1348 2413 1420 (παισὶ
2442 1349 2545 1424 γὰρ
2579 1349 2802 1412 οἰκείοις
2834 1352 2909 1424 μή
2946 1350 3004 1406 ἂν
3047 1345 3192 1427 ἔχειν
3225 1353 3413 1427 χώραν
3450 1350 3719 1427 βούλεσθαι

2090 1436 2152 1490 τὸ
2203 1441 2309 1490 τῶν
2371 1435 2593 1494 δικαίων
2652 1439 2799 1518 σφίσι
2859 1441 3229 1518 καθυφεικὸς),
3262 1444 3480 1517 πρῶτον
3530 1441 3617 1513 μὲν
3670 1438 3722 1494 ἐκ

2090 1523 2352 1581 πλείστου
2432 1534 2713 1603 μεγιστᾶσι
2782 1530 2872 1585 καὶ
2947 1535 3136 1608 σοφοῖς
3186 1531 3282 1593 τὰς
3340 1530 3475 1605 πρὸς
3532 1528 3721 1583 ἐκεῖνον

2089 1610 2376 1688 πρεσϐείας
2406 1616 2716 1694 ἐκπληροῦν
2768 1616 2927 1696 ἔγνω,
2978 1620 3054 1681 ὡς
3112 1617 3172 1674 ἂν
3208 1618 3333 1693 ἅμα
3366 1618 3458 1691 μὶν
3503 1622 3580 1689 τῷ
3628 1621 3721 1671 τῶν

2089 1707 2400 1778 προσώπων
2454 1708 2807 1782 ἆξιωματικῷ
2845 1709 3061 1772 ἱκανοὺς
3090 1710 3159 1764 τὰ
3187 1711 3238 1771 ἐς
3267 1707 3441 1763 πίστιν
3478 1702 3718 1806 ἕχῃιτοὺς

2089 1792 2287 1869 λόγους
2320 1793 2581 1852 δεικνύειν
2644 1794 2823 1865 ὄντας,
2882 1800 2998 1871 ἅμα
3055 1796 3114 1853 δὲ
3159 1799 3251 1853 καὶ
3303 1796 3374 1872 τῇ
3404 1797 3517 1852 κατ’
3545 1792 3723 1855 αὐτοὺς

2087 1879 2365 1959 ἐπιστήμῃ
2398 1890 2506 1940 τῶν
2541 1881 2720 1962 λόγων
2751 1887 2955 1951 πείθειν
2985 1890 3068 1950 οἷς
3118 1886 3257 1963 λέγῃ
3288 1886 3379 1943 καὶ
3417 1890 3582 1940 πᾶσαν
3613 1903 3723 1958 χει-

2086 1972 2270 2049 ρίστην
2331 1974 2608 2050 ἐκκρούειν
2664 1972 2942 2032 ὑπόνοιαν.
2999 1978 3097 2032 Διὰ
3150 1982 3321 2033 ταῦτα
3374 1975 3522 2030 καὶὸ
3570 1971 3721 2046 μέγας

2086 2063 2388 2134 Λογοθέτης
2419 2064 2446 2118 ὁ
2480 2063 2885 2139 ’Λκροπολίτης
2944 2061 3021 2119 ἔτι
3079 2070 3185 2135 ζῶν
3235 2060 3611 2129 ἀπεστέλλετο,
3639 2058 3720 2113 καὶ

2083 2150 2110 2204 ὁ
2159 2157 2262 2219 τῆς
2310 2151 2566 2226 Μεγάλης
2599 2152 2896 2223 ἐκκλησίας
2950 2156 3115 2231 μέγας
3169 2151 3516 2226 οἰκονόμοςὸ
3567 2152 3717 2222 Ξιφι-

2083 2237 2258 2308 λῖνος,
2304 2236 2771 2313 μεσολαϐήσοντες
2833 2244 2927 2315 μὲν
2989 2245 3081 2298 καὶ
3136 2243 3207 2299 τὰ
3255 2247 3359 2299 τοῦ
3413 2237 3606 2311 κήδους
3635 2237 3712 2308 (ἦν

2081 2328 2183 2402 γὰὸ
2229 2329 2320 2383 καὶ
2368 2330 2524 2403 τρίτη
2579 2334 2817 2408 θυγάτηρ
2847 2330 2926 2405 τῷ
2979 2333 3199 2408 βασιλεῖ
3251 2328 3505 2401 Εὑδοκία,
3542 2329 3599 2396 ἣν
3654 2322 3713 2393 δὴ

2080 2418 2436 2495 συναρμόζειν
2488 2420 2564 2482 εἰς
2622 2422 2835 2496 γάμους
2893 2426 2974 2494 τῷ
3011 2424 3242 2498 Ἰωάννῃ
3274 2416 3571 2491 ἐϐούλετο),
3598 2412 3713 2471 πεί-

2082 2634 2117 2688 d
2134 2634 2421 2692 orisillius
2453 2636 2680 2709 antiqui
2703 2654 2795 2694 res
2817 2638 2874 2693 id
2884 2637 3180 2694 uisadhuc
3195 2635 3546 2711 quibusdam
3561 2627 3714 2702 quasi

2076 2723 2258 2780 radiis
2286 2725 2599 2798 fulgerent.
2635 2726 2752 2784 Nec
2810 2743 2938 2784 esse
2989 2744 3095 2784 cur
3147 2728 3482 2819 invidentur
3533 2720 3703 2819 honos

2074 2813 2391 2870 rubrorum
2423 2813 2749 2872 calceorum
2782 2822 2839 2872 et
2867 2817 3030 2888 regni
3049 2833 3265 2874 nomen
3283 2814 3505 2885 majora
3525 2813 3709 2906 utique

2073 2900 2338 2958 babenti.
2391 2905 2487 2960 Sic
2516 2905 2635 2975 ille,
2660 2923 2763 2977 per
2819 2905 2919 2961 illa
2951 2907 3199 2977 majora,
3254 2904 3469 2977 quibus
3522 2899 3709 2993 italus-9

2073 2990 2463 3062 gloriabatur,
2500 2994 2757 3051 innuens
2788 2996 3224 3085 prostrationes
3256 2993 3371 3067 ipsi
3403 3008 3437 3048 ει
3475 2987 3707 3085 subditis

2073 3080 2130 3135 in
2166 3098 2415 3139 occursu
2447 3084 2871 3140 venerantibus
2900 3085 3023 3140 ﬁeri
3053 3084 3285 3154 solitas,
3326 3087 3384 3138 et
3426 3080 3703 3135 tractatio-

307 3155 419 3210 pra
448 3156 625 3212 quam
658 3160 787 3201 sors
820 3151 877 3202 et
905 3165 1045 3222 opes
1072 3153 1331 3226 ipsorum
1366 3161 1606 3233 ferrent,
1658 3183 1848 3238 usque
1886 3168 1957 3223 ad
1988 3175 2032 3243 α
2072 3185 2175 3224 nes
2205 3171 2367 3242 pacis
2387 3189 2454 3228 ac
2484 3173 2702 3230 fcedera
2723 3190 2887 3246 aaquo
2935 3173 3069 3245 jure
3097 3190 3236 3230 cum
3299 3167 3566 3228 maximis
3621 3176 3702 3216 r6-

310 3229 993 3306 usurpationemjurium
1023 3245 1314 3315 regiorum
1334 3255 1956 3325 assurgere.Lazorum

312 3316 466 3374 520
495 3335 628 3376 vero
688 3323 938 3399 principi
970 3329 1208 3406 Joanni,
1259 3339 1358 3408 qui
1420 3342 1585 3413 regni
1630 3343 1967 3417 insignibus

310 3409 531 3463 temere
562 3423 629 3464 ac
655 3416 863 3482 praeter
884 3414 970 3472 fas
1002 3423 1327 3494 assumptis
1357 3443 1420 3483 se
1460 3409 1833 3500 ostendebat,
1859 3451 1964 3489 saa-

312 3493 445 3566 pius
477 3497 849 3592 denuntiavit
878 3505 1025 3562 nihil
1040 3525 1103 3564 se
1125 3493 1363 3583 quidem
1389 3517 1624 3576 obstare
1647 3493 1963 3592 quominus

310 3582 574 3642 dominio
589 3587 681 3643 sui
697 3591 1062 3664 principatus
1079 3582 1180 3669 pro
1193 3600 1361 3659 libito
1381 3582 1814 3666 utereturzillud
1831 3629 1961 3669 ma-

310 3686 568 3742 gnopere
600 3692 859 3748 monere,
884 3683 1209 3744 abstineret
1231 3696 1469 3751 nomine
1501 3698 1792 3770 regio,nec
1822 3716 1957 3758 cum

305 3760 589 3816 vestitum
625 3769 729 3820 aut
760 3774 1035 3829 ornatum
1071 3776 1513 3857 adhiberet,qui
1557 3760 1953 3848 characterem

303 3850 604 3948 praeferret
635 3856 909 3913 Cazsareze
940 3868 1272 3933 potestatis.
1314 3850 1795 3948 Meminissetque
1839 3897 1953 3937 non

301 3937 507 3994 decere
536 3940 754 4011 ipsum,
816 3949 913 4019 qui
974 3969 1112 4024 pars
1171 3964 1327 4016 esset
1383 3963 1616 4036 imperii
1678 3969 1950 4038 Romani,

301 4026 569 4133 ejussibi
599 4031 824 4133 cultum
858 4043 917 4094 et
945 4048 1114 4100 notas
1145 4026 1797 4131 majestatisarrogare,
1846 4026 1950 4133 qui

296 4113 557 4220 legitime
589 4124 946 4220 constitutus
993 4131 1053 4188 in
1085 4113 1295 4195 throno
1325 4144 1588 4216 Augusto
1621 4113 1949 4220 imperat};

293 4202 377 4301 cis
402 4205 567 4261 urbis
602 4207 711 4265 loci
744 4214 876 4305 ejus
905 4217 1095 4291 ipsius
1119 4228 1176 4279 et
1203 4202 1452 4287 summ;
1479 4202 1785 4305 dignitatis

300 4291 389 4346 cio
420 4302 730 4366 cogeretur
757 4303 896 4360 dare
926 4323 1187 4379 operam,
1212 4332 1284 4371 ne
1313 4321 1643 4377 membrum
1678 4340 1946 4397 exaequa-

287 4384 377 4435 ret
410 4398 472 4438 se
511 4386 688 4458 capiti
707 4396 766 4446 et
787 4393 1131 4456 discrimina
1177 4407 1469 4476 graduum
1491 4410 1731 4470 honoris
1748 4384 1944 4472 ambi-

287 4467 452 4573 tione
485 4476 827 4536 turbulenta
887 4467 1293 4551 confunderet.
1353 4496 1568 4556 Verum
1623 4467 1727 4559 ἐξ

284 4557 423 4616 licet
446 4565 664 4637 sapius
695 4569 923 4630 iteratis
956 4579 1215 4651 monitis,
1276 4603 1389 4643 non
1423 4588 1601 4648 alium
1634 4597 1940 4669 Augustus

286 4648 461 4669 ,.____,_
655 4659 665 4669 .

286 4648 548 4755 tractum
584 4657 792 4755 retulit
845 4678 1024 4733 quam
1076 4648 1546 4743 desperationem

280 4735 561 4845 deinceps
598 4743 706 4802 hac
737 4748 833 4805 via
863 4735 1230 4823 proﬁciendi.
1254 4735 1932 4845 Superciliosbslquiprg

283 4825 573 4887 barbarus
605 4836 837 4894 tumore
857 4857 919 4896 se
951 4841 1196 4903 inﬂabat
1224 4867 1329 4909 suo
1379 4825 1931 4934 admonitiouesque

290 4919 629 5022 spernebat,
661 4930 978 5022 praeteritus
1010 4934 1339 4997 obtendens
1370 4919 1931 5022 vanos,fingensque

273 5016 338 5056 se
372 5019 487 5060 non
542 5011 801 5081 primum
860 5018 1144 5081 inchoare
1201 5027 1337 5099 ista,
1399 5050 1651 5106 quorum
1705 5039 1929 5098 scilicet

276 5106 455 5199 usum
492 5114 522 5150 ει
555 5106 790 5199 patrum
825 5115 1109 5186 exemplis
1138 5119 1400 5192 duceret;
1435 5140 1501 5181 ac
1551 5130 1788 5199 quando
1834 5147 1929 5188 re-

271 5178 469 5251 digere
493 5202 567 5288 ‘se
600 5190 751 5249 ultro
781 5196 841 5252 in
874 5204 1139 5262 ordinem
1173 5210 1528 5280 vellet,haud
1558 5178 1845 5288 passuros
1866 5221 1924 5277 id

271 5275 509 5384 εξλίῗειείά
536 5277 790 5379 dedecus
805 5292 1053 5362 propria
1077 5297 1411 5370 reipublicae
1436 5308 1729 5376 pertinere
1745 5315 1922 5384 ratos,

309 5356 321 5369 ο
807 5356 823 5358 -
913 5356 932 5362 -
1164 5356 1182 5370 ι
1290 5356 1301 5357 ί
1344 5356 1403 5359 ηε
1436 5356 1922 5384 ι---ν·’·ν··’·ν·”ν·-”

272 5371 324 5468 ξι
357 5363 777 5468 transmissum
793 5375 948 5435 avita
966 5389 1338 5448 successione
1352 5394 1720 5468 principatus
1743 5400 1922 5458 decus

272 5446 522 5545 dynasta
550 5456 820 5556 psorum
850 5465 1127 5539 degeneri
1156 5446 1717 5556 vilitate—abiieeret.
1749 5446 1919 5548 Haud

269 5536 425 5642 enim
461 5557 524 5598 se
546 5547 669 5603 tam
690 5554 1194 5628 contemptibilem
1218 5536 1579 5642 imperiilate
1600 5579 1922 5637 clarissimi

269 5630 498 5696 partem
531 5648 680 5707 esse,
714 5642 780 5699 ut
809 5640 1037 5718 indigni
1070 5651 1254 5713 videri
1285 5630 1572 5722 deberent

2076 3258 2251 3329 gibus
2283 3260 2447 3318 inita.
2485 3263 2586 3319 His
2614 3267 2943 3334 turgentem
2976 3263 3314 3353 magniﬁcis
3340 3259 3514 3353 b2],
3558 3254 3622 3353 de
3646 3263 3698 3353 se

2075 3349 2346 3405 sensibus
2376 3350 2684 3418 Joannem,
2721 3352 2863 3408 ﬂore
2896 3356 3178 3423 praeterea
3209 3350 3414 3408 viridis
3454 3342 3624 3436 astatis

2074 3435 2439 3510 principatus
2472 3441 2727 3496 novitate
2786 3440 3151 3507 ferociorem,
3214 3438 3387 3496 facile
3440 3427 3692 3528 intellexit

2072 3524 2392 3598 imperator
2419 3545 2532 3585 non
2565 3529 2675 3585 alia
2707 3531 2933 3586 ratione
2964 3530 3383 3586 adducendum
3418 3526 3486 3581 ad
3518 3519 3692 3588 subje-

2070 3615 2325 3672 ctionem
2358 3635 2499 3692 erga
2548 3636 2612 3676 se
2641 3618 2900 3692 aliquam
2930 3620 2981 3675 si
3038 3635 3175 3711 eum
3240 3617 3523 3711 αίᾘῑιίΐεξίθ

2068 3711 2419 3778 occupatum
2451 3709 2782 3781 adoptionis
2807 3709 2982 3766 modo
3014 3708 3273 3779 quodam
3322 3708 3380 3763 in
3439 3697 3698 3759 familiam

2066 3793 2353 3853 insereret
2382 3815 2574 3854 suam.
2609 3799 2704 3855 Sic
2733 3799 2889 3856 enim
2924 3816 2986 3855 se
3034 3798 3119 3854 illi
3152 3796 3701 3891 suspicionemtqﬁ

2064 3886 2512 3944 abalienabatur
2540 3889 2646 3945 abs
2661 3881 3691 3981 se,dempturum,mo‘destiam.istain

2064 3976 2259 4033 cultus
2288 3983 2346 4034 et
2375 3977 2685 4034 titulorum
2706 3994 2823 4034 non
2855 3977 2968 4034 alio
3012 3978 3128 4051 ipsi
3168 3977 3373 4033 animo
3406 3973 3475 4028 ab
3521 3973 3692 4037 impe-

2060 4070 2251 4121 ratore
2280 4066 2578 4139 praescribi
2614 4082 2790 4137 quam
2833 4071 2897 4122 ut
2955 4069 3369 4155 exauctoraret
3410 4063 3599 4155 ἱρευῐξι
3643 4053 3695 4155 eli

2049 4154 2186 4227 jure
2219 4155 2462 4211 ditionis
2496 4154 2693 4227 patriis
2726 4155 3132 4227 privaret.Ubi
3161 4151 3404 4248 enim-is
3436 4141 3700 4248 ερηξίεεξί

2056 4245 2251 4300 vocari
2284 4261 2348 4300 se
2378 4244 2449 4299 ad
2487 4244 2763 4300 honorem
2799 4242 3167 4316 imperatorii
3219 4236 3494 4311 coniugii,
3546 4227 3688 4289 hand

2056 4332 2315 4405 amplius
2347 4333 2774 4389 formidaturus
2795 4332 3104 4388 videbatur
3131 4331 3275 4386 talia
3296 4327 3693 4398 imperatorem

2056 4422 2404 4489 machinari,
2437 4439 2571 4477 cum
2606 4427 2814 4477 natura
2849 4439 2961 4477 non
2987 4421 3135 4477 ferat
3164 4434 3401 4476 soceros
3447 4415 3691 4469 deterere

2053 4511 2400 4584 dignitatem
2437 4511 2815 4582 minuereque
2835 4528 2976 4583 opes
3002 4523 3355 4584 generorum
3383 4502 3689 4571 velle;qu03

2051 4605 2254 4657 contra
2286 4600 2477 4673 patria
2519 4600 2806 4656 charitate
2862 4600 3357 4692 complectantur,
3371 4593 3687 4692 et.aucto-l

2044 4690 2293 4746 fortunis
2324 4707 2390 4745 ac
2422 4688 2613 4745 titulis
2666 4690 2843 4745 etiam
2905 4706 3087 4762 supra
3146 4681 3513 4744 hereditaria
3541 4679 3686 4734 bona

2043 4778 2359 4835 cumulatis
2391 4778 2652 4851 cupiant.
2699 4778 2818 4834 Hoc
2849 4779 3047 4835 animo
3105 4778 3677 4871 imperatorac‘spe,

2041 4868 2183 4924 viris
2214 4867 2614 4924 summatibus
2646 4867 2974 4940 iisdemque
3006 4859 3490 4956 prudentissimis
3534 4855 3679 4956 lega-

2040 4957 2231 5013 tiones
2263 4958 2334 5013 ad
2366 4957 2651 5013 Joannem
2681 4956 3152 5025 demandavit,ut
3170 4960 3229 5011 et
3258 4949 3512 5037 dignitas
3532 4949 3680 5037 ipsc-

2040 5062 2171 5102 rum
2233 5046 2573 5101 conciliaret
2628 5044 2940 5117 promissis
2988 5044 3187 5113 ﬁdem,
3238 5045 3295 5097 et
3353 5036 3676 5132 οιοίιυςηξια

2039 5136 2476 5207 dexteritasque
2512 5133 2799 5189 tractandi
2831 5138 3075 5190 cunctas
3103 5133 3365 5189 eluctata
3402 5132 3675 5193 suspicio-

2038 5242 2144 5282 nes
2177 5242 2304 5298 quze
2333 5224 3020 5296 obstarent,persuadere
3039 5224 3193 5295 quod
3213 5217 3526 5292 optabatur
3553 5214 3680 5264 tan-

2036 5316 2168 5371 dem
2201 5319 2419 5388 posset.
2455 5316 2660 5385 Itaque
2691 5330 2823 5369 cum
2862 5313 3191 5386 Acropolita
3224 5319 3477 5379 magnus
3524 5300 3673 5388 Μεθ’

2033 5386 2218 5476 theta,
2249 5406 2388 5461 dum
2431 5405 2670 5470 viveret,
2703 5408 2829 5459 tum
2875 5402 3213 5477 Xiphilinus
3252 5386 3670 5482 Magnmgeccle:

2035 5495 2132 5551 sim
2160 5511 2500 5552 ceconomus
2530 5495 2602 5550 ad
2636 5493 2813 5549 Lazos
2845 5495 3036 5559 missi,
3065 5496 3130 5549 ut
3159 5490 3434 5549 offerrent
3472 5480 3669 5571 Joanlll

2035 5584 2271 5611 .......i:....
2328 5584 2511 5611 “4:...
2561 5582 2931 5611 :........-...-a-_:..
2991 5582 3124 5611 an...
3184 5573 3456 5611 Iam-Inoino
3533 5556 3668 5611 mhll

2033 5584 2272 5656 nuptias
2328 5584 2513 5640 tertia
2561 5582 2932 5656 imperatoris
2991 5582 3124 5639 filim
3184 5573 3492 5656 Eudociaa,
3533 5562 3644 5620 nibi

2032 5655 2697 5733 omiseruntindustriaa
2728 5678 2906 5747 atque
2965 5673 3134 5742 artis,
3166 5685 3284 5744 quo
3337 5659 3426 5721 vel
3479 5655 3664 5729 ipsum
