4072 6406
205 369 314 425 985

1243 377 1359 429 -DE
1398 375 1772 431 MICHAELE
1809 376 2253 434 PALEOLOGO
2292 381 2426 434 LIB.
2469 380 2564 431 VI.

3522 369 3630 424 986

211 515 392 556 σοντες
424 491 483 548 δὲ
509 494 672 549 αὐτὸν
703 492 769 562 δὴ
803 496 892 550 καὶ
934 495 1064 560 τοὺς
1087 497 1208 571 περὶ
1257 497 1440 568 αὐτὸν,
1491 498 1732 562 ἐκείνους
1768 500 1860 573 μὲν
1895 503 1948 568 Α
1975 500 2158 575 γελίαν
2196 546 2208 572 ,
2266 502 2360 557 τὸν
2423 498 2480 556 δὲ
2529 499 2665 555 κατὰ
2720 519 2841 554 τινα
2895 496 3286 572 πληροφορίαν
3315 494 3406 549 καὶ
3459 493 3640 548 πίστιν

213 585 414 662 ἐφεῖναι
445 589 526 655 τῷ
563 585 664 655 νέῳ
721 587 822 652 τήν
880 586 1016 658 πρὸς
1082 585 1308 660 βασιλέα
1367 585 1562 664 ἄφιξιν,
1622 589 1780 643 αὐτὸν
1816 587 1873 642 δὲ

213 675 406 734 πιστὰς
435 666 636 747 ἔχοντα
663 673 756 734 τὰς
796 671 1022 737 ἐλπίδας
1055 675 1131 736 ὡς
1181 675 1267 729 ἐπὶ
1299 675 1492 738 καλοῖς
1522 676 1873 752 προσκαλού-

218 785 376 834 μενον
424 762 664 832 ἀπαντᾷν
729 764 862 834 μετᾶ
913 763 1166 839 θάῤῥους.
1222 767 1282 821 Ὁ
1318 765 1414 837 μέν
1465 764 1555 820 οὖν
1612 765 1867 841 βασιλεὺς

209 858 403 920 ταῦτα,
459 851 587 913 τοὺς
649 849 706 905 δὲ
778 855 905 924 μήτ’
965 853 1200 916 ἐκείνους
1251 853 1451 931 ἐφιίναι
1494 857 1555 910 τὸ
1611 858 1864 928 παράπαν

216 943 340 1013 μήτ’
373 940 533 995 αύύὸν
587 943 888 1014 προθυμεῖν
947 944 1115 1011 ἣκειν·
1162 942 1403 1005 πολλοῖς
1445 945 1546 1019 γὰρ
1600 945 1862 1019 πρότερον

210 1031 431 1105 χρόνοις
460 1029 590 1091 τοὺς
620 1030 678 1084 ἐκ
705 1031 962 1106 γειτόνων
1007 1034 1142 1107 πρὸς
1201 1033 1324 1094 τοὺς
1376 1035 1646 1108 ἄρχοντας
1691 1033 1864 1088 αὐτῶν

209 1118 591 1193 ἐκγαμίζεσθαι
643 1119 732 1174 καὶ
780 1122 899 1174 καθ’
945 1121 1142 1183 αὑτοὺς
1197 1122 1353 1190 εἶναι,
1387 1122 1451 1176 τὰ
1510 1122 1777 1198 βασιλέως
1812 1122 1863 1176 ἐν

208 1209 424 1282 ἄστροις
455 1208 850 1280 μανθάνοντας,
886 1209 975 1263 καί
1006 1232 1069 1284 γε
1119 1213 1224 1287 πρὸ
1275 1215 1383 1266 τῶν
1444 1212 1533 1266 ἀπ’
1565 1212 1734 1281 αύτής
1765 1232 1860 1265 κα-

207 1295 318 1351 λῶν
365 1297 454 1350 καὶ
511 1299 776 1373 μεγίστων
833 1299 902 1354 τὰ
956 1300 1091 1354 κατᾶ
1148 1306 1282 1376 σφᾶς
1340 1300 1699 1375 αἱρουμένους
1763 1303 1860 1372 μέ-

202 1405 346 1459 τρια.
403 1387 490 1448 Ὡς
548 1392 679 1461 γοῦν
737 1387 1015 1449 ποικίλαις
1072 1387 1434 1461 συμϐουλίαις
1495 1391 1545 1444 οἱ
1603 1385 1858 1464 πρέσϐεις

211 1476 313 1530 οὐκ
344 1475 556 1538 ἔπειθον
610 1477 857 1550 λέγοντες
902 1479 1073 1532 πάντα
1113 1476 1335 1551 δεύτερα
1382 1480 1709 1552 τιθεμένομς
1756 1486 1857 1548 τῆς

209 1570 352 1641 σφῶν
391 1564 690 1634 Θελήσεως,
723 1567 861 1640 πρὺς
917 1567 1142 1642 βασιλέα
1194 1568 1521 1647 ὑπέστρεφον
1578 1567 1746 1641 μηδὲν
1796 1570 1858 1622 τὸ

208 1654 458 1728 παράπαν
501 1655 802 1717 ἀνύσαντες.
856 1656 931 1712 Ού
982 1658 1087 1728 μὴν
1142 1654 1197 1711 δὲ
1244 1658 1334 1712 καὶ
1368 1658 1420 1721 ἐς
1467 1656 1624 1718 τέλος
1672 1663 1859 1732 πειρᾷν

209 1740 466 1820 διαφῆκεν
501 1745 530 1798 ὁ
580 1742 858 1818 βασιλεὺς,
909 1745 1052 1801 ἀλλά
1099 1745 1600 1818 προσαποστέλλων
1653 1747 1854 1822 συχνά-

1983 594 2089 644 τῶν
2123 591 2452 666 λεγομένων,
2501 592 2575 651 ὡς
2630 589 2718 644 ἐπὶ
2748 588 2964 647 τούτοις
3012 586 3103 640 καὶ
3149 591 3251 653 τῆς
3303 581 3638 652 Ἐκκλησίας

1981 675 2411 751 πρεσϐευούσης,
2440 677 2608 752 μηδὲν
2642 675 2845 737 εἷδυίας
2891 675 3028 730 κατά
3056 675 3118 728 τὸ
3167 671 3335 740 εἰκὺς,
3390 672 3464 734 ὡς
3495 670 3637 725 έκεῖ-

1979 789 2068 830 νος
2103 764 2279 824 ἔπειθε
2314 768 2509 843 λέγων,
2546 768 2624 844 ἐφ’
2679 770 2761 829 οἷς
2823 763 2881 819 ἂν
2935 764 3024 819 καὶ
3084 769 3168 834 [Ρ.
3226 762 3353 836 355]
3398 783 3635 832 συνομο-

1980 856 2175 932 λογοίη
2230 855 2537 931 ψεύδεσθαι,
2589 857 2727 911 ὥστε
2777 855 3044 930 παρέντας
3092 854 3187 914 τὰς
3240 851 3481 924 ὑποψίας
3534 851 3634 904 αύ-

1974 953 2090 1008 τοῖς
2148 953 2267 1010 τοῖς
2323 969 2601 1024 πραγμασι
2653 945 2850 1021 κρίνειν
2921 943 2966 998 εἷ
3023 939 3192 997 παῖδα
3269 942 3382 1012 ἅμα
3453 945 3629 994 ποιεῖν

1975 1038 2179 1091 ἐκεῖνον
2207 1037 2295 1091 καῖ
2327 1037 2492 1091 κακὸν
2544 1033 2824 1110 βούλοιτο.
2876 1038 3058 1087 Ταῦτα
3111 1030 3365 1104 λέγοντες
3397 1028 3635 1097 ἔπειθον,

1973 1126 2062 1182 καὶ
2113 1128 2308 1201 ὅρκους
2367 1126 2699 1200 ταμόντεςῆ
2757 1125 2867 1197 μὴν
2923 1123 3012 1177 καὶ
3067 1115 3321 1196 γαμϐρὸν
3383 1115 3631 1192 γενέσθαι

1969 1222 2067 1271 τοῦ
2104 1214 2371 1291 βασιλέως
2411 1216 2500 1270 τὸν
2559 1218 2814 1284 Ἰωάννην
2865 1213 2956 1268 καὶ
3007 1212 3142 1281 μετά
3185 1209 3460 1265 πλείστων
3517 1211 3625 1261 τῶν

1967 1306 2174 1380 ἀγαθῶν
2211 1305 2514 1376 ἐπανήξειν,
2545 1303 2732 1364 καλῶς
2785 1301 2874 1357 καὶ
2922 1305 3028 1356 τῶν
3080 1299 3204 1372 περὶ
3254 1297 3313 1352 ἐκ
3373 1303 3514 1350 εῖνον
3544 1293 3634 1350 δε-

1974 1395 2361 1469 χοησοιιένων,
2425 1399 2632 1467 μακρᾶς
2682 1393 2815 1462 νηὸς
2845 1385 3128 1450 ἐπίϐάντες
3160 1388 3212 1450 ές
3241 1385 3404 1441 πόλιν
3455 1387 3627 1454 κατή-

1968 1504 2148 1556 γοντο.
2178 1483 2326 1536 Ἐπεί
2357 1480 2413 1537 δὲ
2457 1484 2484 1536 ὁ
2539 1480 2792 1556 βασιλεὺς
2827 1481 2920 1552 μὲν
2981 1475 3170 1550 ἔτυχεν
3204 1474 3290 1529 ἐπὶ
3328 1477 3429 1528 τοῦ
3486 1493 3622 1547 παρ-

1970 1571 2123 1632 όντος
2175 1571 2368 1642 ἀπὼν,
2429 1565 2721 1643 διατρίϐων
2785 1568 2836 1623 ἐν
2899 1563 3162 1636 Λοπαδίῳ
3215 1562 3351 1637 (ἐκεῖ
3403 1562 3504 1636 γὰρ
3562 1561 3630 1614 τὰ

1971 1662 2106 1715 κατὰ
2140 1660 2412 1735 Σάγγαριν
2458 1658 2687 1714 διελθὼν
2737 1659 2826 1712 καί
2859 1657 2909 1731 γ’
2963 1656 3038 1718 ὡς
3094 1655 3160 1723 ἦν
3221 1649 3632 1728 κατασφαΛισά-

1971 1770 2130 1822 μενος
2162 1748 2353 1819 ἔστησε
2381 1750 2479 1817 τὴν
2531 1757 2779 1820 πορείαν,
2830 1747 2903 1807 ὡς
2961 1744 3164 1806 ἐκεῖθεν
3218 1741 3625 1815 κατοχυρώσων

205 1853 288 1894 κις
313 1835 375 1887 τὸ
412 1834 505 1905 μὲν
553 1833 796 1903 ἠπείλει,
827 1836 889 1888 τὸ
940 1833 1114 1890 δὲκαὶ
1162 1841 1280 1900 τοῖς
1326 1837 1414 1913 ἀφ’
1460 1837 1650 1891 ἑαυτοῦ
1688 1859 1851 1913 γενη-
1885 1869 1932 1934 Β
1961 1840 2050 1894 καὶ
2102 1841 2198 1901 τὰς
2250 1840 2386 1893 κατὰ
2413 1840 2511 1907 τήν
2569 1837 2878 1913 Ἀχυράους
2934 1836 3141 1908 ἄκρας(,
3199 1829 3402 1891 ἐκεῖνος
3434 1825 3493 1882 δὲ
3521 1833 3629 1885 τῶν

208 1923 461 1992 σομένοις
519 1922 746 1984 ἐκείνοις
802 1920 996 1986 καλοῖς
1051 1922 1326 1992 ἐδελέαζεν
1388 1924 1444 1979 ἂν
1511 1927 1675 1997 μόνον
1731 1947 1856 1981 πει-

209 2011 420 2074 σθέντες
475 2011 682 2080 ἥκοιεν.
746 2010 918 2074 Τέλος
975 2013 1192 2068 στέλλει
1249 2015 1341 2068 τὸν
1398 2013 1701 2088 λυγοΟέτην
1747 2019 1854 2069 τῶν

207 2100 494 2155 οἷκειακῶν
551 2101 963 2176 Ἰατρόπουλον,
1024 2104 1119 2156 σύν
1169 2102 1316 2175 αύτῷ
1358 2101 1422 2157 δὲ
1468 2105 1559 2158 καὶ
1607 2111 1706 2173 τῆς
1737 2107 1863 2160 Ἐκ-

204 2187 436 2260 κλησίας
468 2185 854 2266 πρεσϐύτερον,
886 2192 980 2246 τὸν
1029 2193 1121 2264 μὲν
1175 2192 1309 2246 κατὰ
1365 2193 1533 2265 τιμὴν
1563 2197 1661 2248 τοῦ
1690 2215 1862 2270 προσ-

205 2277 553 2352 καλουμένου
594 2280 686 2334 καὶ
741 2285 850 2334 τῶν
907 2280 1013 2334 ἀπὸ
1061 2285 1157 2335 τοῦ
1207 2281 1479 2357 βασιλέως
1535 2281 1718 2338 καλῶν
1768 2283 1861 2357 ἀγ-

202 2501 482 2571 juvenem
516 2502 807 2558 Joannem
838 2502 930 2558 vel
964 2504 1094 2575 ejus
1125 2503 1446 2559 familiares
1478 2521 1544 2559 ac
1595 2501 1864 2559 consilia-

211 2591 326 2647 rios
357 2590 718 2663 pellicerent,
754 2592 920 2647 illum
955 2593 1194 2664 quidem
1243 2594 1314 2647 ad
1368 2593 1857 2664 proﬁciscendum

211 2685 368 2736 metu
419 2680 575 2736 omni
631 2681 898 2753 deposito
957 2681 1556 2753 Constantinopolim,
1606 2681 1858 2736 summis

208 2769 325 2824 illic
356 2770 681 2825 honoribus
711 2771 1094 2839 dignandum,
1120 2771 1228 2826 hos
1260 2776 1454 2826 autem
1480 2772 1550 2825 ad
1584 2771 1638 2825 id
1661 2773 1856 2841 ipsum

209 2861 578 2914 suadendum
611 2876 720 2914 suo
745 2859 1016 2932 principi.
1054 2863 1339 2915 Successu
1372 2867 1570 2915 tamen
1602 2859 1651 2914 is
1683 2877 1856 2916 cona-

208 2955 307 3004 tus
336 2954 460 3003 tum
482 2949 717 3020 quidem
753 2949 962 3006 caruit.
990 2953 1137 3004 Nam
1167 2965 1273 3004 nec
1305 2950 1518 3005 Lazico's
1551 2949 1697 3004 aulae
1729 2966 1857 3021 pro-

212 3053 370 3092 ceres
401 3042 667 3094 auctores
694 3037 820 3093 ﬁeri
850 3038 1062 3093 Joanni
1087 3038 1400 3093 voluerunt
1422 3037 1652 3092 itineris
1693 3037 1852 3106 talis,

212 3142 316 3180 nec
347 3126 469 3197 ipse
499 3143 597 3197 per
628 3144 690 3183 se
740 3127 1014 3199 princeps
1071 3129 1225 3184 522
1285 3127 1344 3182 in
1404 3128 1461 3181 id
1519 3128 1850 3199 propendit,

1968 1929 2136 2004 ὁρίων
2193 1935 2292 1996 τῆς
2344 1926 2597 1999 Ῥωμίων
2652 1921 2968 1991 ἐπιϐαίνων,
3020 1921 3227 1998 βουλὴν
3259 1921 3349 1974 καὶ
3400 1919 3452 1973 οἱ
3483 1919 3624 1990 πρέ-

1973 2013 2119 2079 σϐεις
2180 2017 2453 2092 εἰσάγουσι
2510 2022 2627 2078 τοῖς
2678 2015 2818 2092 ἀμφὶ
2869 2014 2958 2068 τὸν
3019 2013 3274 2080 Ἰωάννην
3333 2008 3624 2072 ἀποθέσθαι

1961 2098 2162 2160 ’τοῦτον
2192 2107 2259 2160 τὰ
2289 2105 2488 2181 ἐρυθρὰ
2516 2105 2607 2160 καὶ
2657 2101 2907 2165 πεδίλοις
2945 2100 3167 2175 μέλασιν
3227 2096 3625 2169 ὑποδήσασθαι,

1973 2196 2047 2257 ὡς
2079 2192 2144 2263 δὴ
2179 2195 2380 2258 παντὸς
2414 2194 2568 2257 εὐθὺς
2604 2194 2749 2269 παρὰ
2800 2192 3071 2269 βασιλέως
3125 2184 3497 2266 γενησομένου
3528 2189 3624 2239 τοῦ

1971 2285 2089 2339 κατ’
2132 2285 2294 2340 αὐτὸν
2355 2283 2674 2357 ἐξιώματος.
2748 2284 2846 2336 Ἵιν
2901 2280 3002 2356 γὰρ
3065 2278 3415 2355 συγκείμενον
3476 2273 3629 2353 σφίσι

1971 2503 2098 2572 ejus
2123 2501 2301 2570 socio,
2335 2519 2440 2558 nec
2469 2502 2844 2557 dubitaturos
2905 2498 3049 2571 ipsis
3108 2495 3342 2550 credere
3396 2489 3624 2564 pollici-

1970 2595 2295 2650 tationibus
2330 2611 2580 2665 quarum
2612 2592 2872 2648 Ecclesia
2901 2606 3028 2661 quae
3086 2586 3288 2642 fallere
3345 2581 3619 2647 nesciret,

1971 2704 2035 2742 se
2065 2687 2269 2742 vadem
2297 2684 2736 2756 quodammodo
2761 2681 3080 2748 exhiberet,
3107 2693 3348 2747 compos
3379 2674 3621 2729 effectus

1967 2780 2236 2831 votorum
2271 2778 2572 2846 Augustus
2605 2777 2714 2828 est.
2746 2775 2885 2826 Cum
2922 2769 3079 2825 enim
3145 2766 3317 2822 ambo
3375 2762 3461 2818 illi
3517 2777 3621 2832 pro

1969 2880 2032 2919 se
2057 2864 2307 2934 quisque
2332 2863 2833 2916 conslestarentur
2855 2857 3077 2928 optima
3101 2855 3212 2909 ﬁde
3228 2869 3293 2932 ac
3324 2849 3624 2905 voluntate

1966 2952 2386 3022 imperatorem
2419 2965 2620 3004 vocare
2659 2947 2944 3003 Joannem
3002 2944 3064 2998 in
3123 2937 3616 2997 necessitudinem

1966 3043 2120 3097 523
2156 3040 2278 3106 ﬁlii,
2310 3044 2552 3111 paterno
2583 3037 2794 3093 deinde
2825 3035 3032 3090 aﬂectu
3062 3031 3228 3086 illum
3253 3027 3412 3084 omni
3434 3027 3620 3080 bono-

1965 3148 2094 3186 rum
2130 3146 2340 3202 genere
2372 3133 2710 3193 aucturum,
2771 3123 3055 3180 discussis
3107 3119 3360 3191 denique
3419 3114 3616 3185 suspi-

206 3231 339 3271 cum
373 3217 764 3272 concordibus
797 3233 1002 3272 omnes
1035 3217 1310 3272 sensibus
1343 3217 1604 3272 dicerent
1655 3233 1852 3271 exem-
1883 3251 1926 3316 Ο
1964 3220 2198 3275 cionum
2233 3219 2460 3274 umbris
2491 3219 2620 3272 Lazi
2653 3215 2822 3288 plane
2869 3214 3287 3277 assenserunt;
3349 3223 3414 3261 ac
3460 3205 3623 3302 jure-

207 3303 318 3374 plis
352 3321 414 3359 se
444 3305 786 3360 domesticis
816 3306 1008 3361 doceri
1043 3323 1158 3360 non
1195 3305 1424 3378 evagari
1459 3305 1853 3361 afﬁnitatibus

205 3400 363 3448 extra
384 3393 626 3449 ditionis
655 3393 876 3449 limites
909 3394 1130 3464 patriae,
1165 3395 1265 3450 sed
1296 3411 1545 3466 sponsas
1578 3395 1634 3449 in
1664 3393 1858 3466 gentis

207 3485 474 3556 ejusdem
504 3485 857 3558 cptimatum
889 3485 1166 3539 domibus
1197 3500 1454 3557 quaerere
1488 3501 1500 3538 :
1544 3484 1857 3556 imperato-

211 3575 364 3629 rium
398 3591 531 3631 vero
562 3590 750 3646 genus
798 3591 864 3629 ac
894 3575 1162 3646 stirpem,
1197 3573 1356 3629 velut
1388 3589 1482 3629 res
1509 3575 1654 3629 volis
1685 3590 1856 3628 acca-

218 3668 318 3735 ptu
353 3664 607 3735 propriis
638 3663 1082 3734 superiores,sic
1104 3663 1321 3718 intueri
1355 3667 1420 3717 ut
1441 3662 1642 3718 stellas
1664 3663 1858 3718 homi-

216 3769 319 3808 nes
350 3770 416 3808 ac
447 3753 572 3808 caeli
606 3752 797 3808 sidera
831 3752 1029 3807 mirari
1065 3751 1276 3820 solent,
1311 3768 1438 3822 qua:
1497 3751 1722 3807 scilicet
1775 3752 1859 3807 ita

214 3841 552 3914 suspiciunt
585 3845 650 3896 ut
679 3841 749 3896 ad
784 3845 1118 3896 contactum
1151 3857 1352 3896 eorum
1385 3858 1419 3895 a
1449 3845 1660 3895 natura
1683 3855 1858 3910 nega-

209 3936 337 3986 tum
371 3949 484 3987 non
519 3931 798 4003 aspirent.
829 3930 1106 3986 Viderent
1135 3929 1310 3999 igitur
1340 3946 1516 4000 quam
1573 3946 1685 3984 non
1721 3930 1860 3985 fuis-

212 4026 302 4077 set
331 4039 478 4093 opus
527 4022 931 4076 commendari
978 4022 1450 4092 ah‘imperatore
1507 4021 1854 4076 modestiam

206 4110 282 4166 iis
315 4111 415 4181 qui
450 4127 607 4166 nunc
637 4110 966 4166 oblatarum
993 4109 1147 4185 ultro
1169 4109 1316 4181 ipsis
1348 4109 1632 4165 honorum
1668 4111 1856 4165 maxi-

213 4216 443 4254 morum
476 4199 858 4272 splendorum
892 4217 1006 4256 non
1040 4199 1384 4255 dubitarent
1416 4215 1686 4255 recusare
1715 4203 1856 4255 tan-

210 4305 388 4360 quam
429 4288 848 4344 mediocritatis
879 4289 1169 4360 ipsorum,
1204 4306 1321 4360 qua
1343 4289 1600 4344 contenti
1635 4295 1854 4360 essent,

205 4377 585 4432 excedentem
619 4377 884 4432 modum.
906 4376 1056 4449 Ergo
1087 4376 1265 4447 legati
1293 4377 1494 4432 omnia
1524 4377 1744 4434 frustra
1761 4394 1855 4433 ex-

208 4466 377 4535 perti,
403 4468 591 4522 redire
648 4467 884 4523 tandem
935 4467 1004 4522 ad
1055 4466 1467 4537 imperatorem
1530 4485 1591 4523 re
1641 4469 1856 4524 infecta

205 4561 348 4612 sunt
378 4557 580 4612 coacti.
614 4557 728 4612 Nec
759 4562 953 4612 tamen
984 4555 1082 4610 ille
1140 4556 1332 4610 adhuc
1361 4557 1673 4628 despondit
1729 4557 1853 4612 ani-

206 4662 398 4715 mum,
430 4647 524 4701 sed
553 4645 683 4702 aliis
713 4662 780 4702 eo
811 4650 984 4716 atque
1039 4643 1170 4700 aliis
1228 4645 1619 4717 legationibus
1651 4650 1855 4704 crebro
1891 4619 1938 4685 D

203 4737 596 4807 missitandis,
630 4737 767 4794 hinc
797 4742 1014 4795 terrere
1045 4735 1142 4792 illo
1180 4737 1381 4807 minis,
1431 4737 1567 4793 inde
1624 4738 1859 4794 allicere

206 4825 543 4896 promissis,
575 4831 632 4882 et
663 4844 797 4883 cum
819 4829 1125 4884 universos
1157 4829 1282 4880 tum
1303 4825 1569 4898 singulos
1585 4827 1855 4898 privatim

203 4915 644 4972 accomnodatis
675 4919 747 4973 ad
778 4919 1063 4990 cujusque
1093 4933 1227 4989 spes
1259 4933 1324 4972 ac
1363 4922 1594 4988 captum
1633 4923 1858 4976 tentare

200 5007 582 5062 sermonibus
624 5024 738 5063 non
788 5007 1035 5076 destitit,
1092 5005 1378 5062 terribilia
1434 5005 1736 5064 intentans
1793 5011 1853 5065 ni

199 5095 488 5165 facerent,
520 5101 754 5153 montes
814 5113 1023 5154 aureos
1083 5095 1389 5168 pollicens,
1450 5096 1499 5152 si
1559 5099 1851 5168 audirent,

196 5187 398 5254 quoad
421 5188 661 5242 tandem
696 5187 876 5244 misso
907 5187 1047 5243 illuc
1071 5187 1369 5260 logotheta
1391 5188 1850 5247 domesticorum

193 5273 521 5345 latropulo,
556 5276 649 5330 cui
691 5277 964 5332 comitem
998 5275 1264 5332 Ecclesiae
1297 5277 1702 5350 presbyterum
1755 5281 1849 5334 ad-

179 5363 410 5432 junxit,
445 5363 529 5419 sic
562 5382 763 5420 secum
796 5373 1097 5438 reputans,
1133 5365 1442 5437 logothetae
1497 5367 1846 5439 dignitatem

184 5452 508 5508 valituram
536 5455 605 5511 ad
640 5455 964 5511 faciendam
999 5456 1171 5511 ﬁdem
1209 5457 1420 5512 sinceri
1475 5457 1850 5530 imperatoris

184 5541 467 5597 animiin
503 5544 917 5614 promittendis
948 5545 1120 5600 bonis
1174 5545 1524 5618 ingentibus.
1571 5563 1697 5618 quzs
1747 5549 1848 5605 tali

180 5629 518 5702 interprete
548 5633 1115 5703 olferret,cumulum
1152 5651 1283 5691 vero
1315 5636 1717 5707 persuasionis
1739 5639 1846 5694 ad-

179 5719 454 5777 dituram
489 5719 945 5781 ecclesiasticam
996 5724 1342 5797 gravitatem
1400 5726 1727 5782 elucentem
1783 5726 1843 5784 in

1960 3311 2216 3381 jurando
2251 3328 2283 3364 a
2313 3308 2520 3380 legatis
2552 3311 2943 3378 accepto,quo
2975 3301 3213 3358 nomine
3244 3293 3618 3369 imperatoris

1969 3406 2024 3453 et
2055 3417 2163 3455 sua
2193 3401 2456 3470 ipsorum
2508 3398 2621 3452 ﬁde
2673 3399 2873 3450 sancte
2938 3391 3305 3463 spondebant
3376 3383 3616 3441 omnino

1971 3490 2092 3544 fore
2126 3494 2190 3544 ut
2218 3490 2477 3544 Joannes
2507 3481 3080 3553 Constantinopolim
3110 3477 3482 3552 proﬁciscens
3535 3471 3617 3525 ibi

1969 3579 2154 3633 ﬁliam
2187 3575 2563 3649 imperatoris
2590 3575 2828 3628 duceret
2858 3586 3120 3635 uxorem,
3153 3585 3219 3624 ac
3264 3581 3398 3620 mox
3445 3560 3618 3616 bonis

1969 3665 2411 3736 honoribusque
2466 3662 2806 3719 cumulatus
2866 3660 3265 3715 remitteretur
3347 3654 3616 3718 domum,

1968 3756 2212 3810 comites
2244 3769 2476 3824 quoque
2508 3770 2649 3807 suos
2696 3749 3046 3806 liberalitate
3101 3743 3351 3817 Augusti
3402 3741 3619 3795 ditatos

1968 3845 2256 3900 reducens
2287 3858 2511 3908 secum,
2537 3857 2682 3895 nave
2711 3838 2891 3896 simul
2913 3852 3118 3893 omnes
3141 3837 3315 3905 longa
3336 3845 3620 3887 conscen-

1970 3951 2035 3989 sa
2056 3951 2261 3990 versus
2296 3932 2499 3986 urbem
2556 3931 2875 3984 solverunt.
2935 3927 3220 3993 Quoniam
3279 3939 3412 3977 vero
3475 3923 3622 3977 torte

1967 4028 2108 4080 tunc
2140 4023 2388 4094 contigit
2427 4023 2628 4078 abesse
2681 4021 2754 4075 ah
2814 4021 2958 4073 urbe
3001 4018 3410 4087 imperatorem
3462 4028 3622 4067 com-

1971 4117 2292 4170 morantem
2325 4112 2395 4166 ad
2426 4109 2766 4181 Lapadium,
2799 4106 2998 4178 ibique
3028 4105 3319 4158 intentum
3353 4099 3436 4155 vel
3473 4117 3621 4170 prte-

1965 4204 2265 4261 vertendis
2298 4200 2532 4258 damnis
2557 4199 2647 4256 vel
2677 4197 2869 4254 ruinis
2914 4194 3256 4267 reparandis
3307 4190 3613 4262 regionum

1967 4296 2122 4351 circa
2151 4293 2452 4366 Sangarim
2485 4289 2617 4363 (hoc
2648 4289 2805 4345 enim
2838 4292 2904 4343 ut
2935 4289 3131 4356 ageret
3163 4283 3370 4338 itinere
3413 4296 3619 4337 versus

1965 4385 2097 4440 illas
2131 4389 2325 4456 partes
2359 4386 2657 4454 suscepto,
2698 4378 2940 4451 Lopadii
3000 4373 3438 4431 consistendum
3502 4372 3616 4427 sibi

1966 4480 2292 4547 putaverat,
2310 4476 2446 4530 inde
2473 4471 2747 4529 videlicet
2775 4467 2990 4524 vicinia
3013 4465 3104 4521 sui
3137 4469 3458 4533 ceteraque
3482 4478 3616 4533 pro-

1967 4566 2227 4622 videntia
2261 4566 2601 4620 ﬁrmaturus
2633 4561 2915 4617 adversus
2943 4557 3059 4612 vim
3103 4555 3395 4610 Persicam
3451 4567 3619 4606 arces

1969 4654 2130 4709 illius
2164 4654 2369 4710 limitis
2401 4654 2547 4708 sitas
2579 4651 2649 4706 ad
2711 4645 3087 4710 Acheraumi,
3126 4642 3302 4714 legati
3340 4639 3610 4709 Romam)

1964 4745 2250 4802 Joannem
2289 4746 2495 4799 Lazum
2539 4741 2918 4805 deducentes,
2968 4752 3035 4790 ea
3081 4731 3454 4805 imperatoris
3512 4729 3616 4783 ab-

1966 4836 2156 4890 sentia
2187 4835 2373 4890 otiter
2401 4830 2654 4904 cognite,
2684 4827 2785 4883 ubi
2809 4825 3062 4898 primum
3119 4822 3266 4876 ﬁnes
3314 4820 3613 4874 Romanos

1965 4922 2680 4997 attigerunt,occasionem
2714 4917 2850 4972 inde
2867 4916 3195 4986 opportune
3231 4911 3616 4997 sumpserunt

1963 4995 2317 5085 suggerendi
2350 5008 2560 5066 Joanni
2606 5006 2903 5077 eleganter
2960 5003 3251 5056 facturum
3310 4997 3502 5066 illum,
3564 4995 3614 5051 si

1962 5103 2157 5158 rubris
2185 5097 2599 5157 calceamentis
2657 5093 2957 5167 paulisper
2986 5090 3175 5146 exutis
3210 5088 3375 5160 nigra
3404 5087 3616 5142 indue-

1960 5196 2045 5247 ret
2078 5208 2263 5261 usque
2296 5191 2365 5246 ad
2401 5185 2774 5258 imperatoris
2819 5181 2974 5237 brevi
3021 5178 3282 5235 adfuturi
3332 5177 3612 5232 reditum.

1958 5284 2028 5339 Et
2057 5283 2106 5337 si
2139 5282 2291 5338 enim
2322 5281 2377 5335 in
2406 5279 2673 5334 discessu
2698 5277 3049 5330 conventum
3072 5270 3402 5341 interipsos
3427 5268 3618 5324 fuerat

1957 5373 2358 5444 profecturum
2391 5369 2680 5424 Joannem
2711 5380 2841 5419 cum
2878 5362 2989 5418 sibi
3039 5361 3230 5417 solitis
3275 5358 3612 5431 insignibus

1957 5461 2268 5533 despoticae
2302 5458 2636 5532 potestatis,
2674 5459 2871 5510 tamen
2903 5469 3144 5508 causam
3175 5465 3305 5507 esse
3336 5448 3608 5504 idoneam

1957 5550 2328 5606 disserebant
2361 5563 2465 5603 cur
2495 5546 2554 5600 in
2603 5559 2669 5599 eo
2726 5547 2854 5598 tum
2915 5540 3222 5614 quidpiam
3281 5538 3610 5594 remitteret

1956 5632 2090 5697 cum
2148 5641 2366 5696 foenore
2419 5635 2617 5710 gloriae
2675 5651 2812 5690 mox
2862 5636 3206 5705 recepturus
3282 5626 3605 5685 honoriﬁco

1952 5730 2203 5804 Augusti
2226 5725 2451 5803 judicio
2473 5726 2530 5783 id
2565 5725 2721 5799 quod
2745 5723 2947 5784 volens
2969 5725 3039 5782 ad
3071 5729 3307 5793 tempus
3333 5716 3612 5776 brevissi-
