4072 6414
280 419 384 472 987

273 543 363 597 καὶ
430 542 498 598 τὰ
562 550 662 612 τῆς

275 627 551 704 σῦμϐολα,
584 633 700 705 ἅμα
730 635 807 706 τῷ
848 632 1016 688 παῖδα
1063 634 1334 708 γενέσθαι,
1361 637 1672 706 περιφανῶς
1720 632 1932 695 ἐσαῦθις

276 720 607 791 κλεῖζεσθαι.
643 724 716 780 Τὸ
761 721 805 777 δ’
856 723 938 778 ἐπ’
987 724 1235 800 έρυθροῖς
1290 717 1725 796 μεταλαμϐάνειν
1775 721 1842 776 τὰ
1875 721 1932 775 ἐκ

279 812 564 888 πορφύρας
594 811 792 888 δίχροα
828 815 902 886 μή
962 813 1050 868 καὶ
1110 812 1256 874 ὅλως
1313 813 1550 884 ἀπρεπὲς
1595 811 1654 885 ᾖ,
1687 813 1821 881 πρὸς
1853 815 1930 881 τῷ

282 900 374 953 καὶ
408 900 596 963 ἄλλως
630 899 888 976 δυσχερές
936 909 1166 978 φανῆναι
1196 906 1276 972 τῷ
1338 901 1572 974 βασιλεῖ.
1630 905 1806 954 Ταῦτα
1838 898 1931 954 λέ-

277 988 458 1057 ξαντές
488 1011 544 1044 τε
582 991 671 1044 καὶ
720 991 1012 1065 πράξαντες
1075 995 1136 1065 τῇ
1195 990 1352 1045 πόλει
1414 990 1805 1065 προσίσχουσι,
1837 988 1926 1042 καὶ

273 1077 411 1131 κατὰ
466 1079 556 1131 τὸν
618 1078 816 1151 λιμένα
871 1081 933 1134 τὸ
989 1082 1157 1154 Κέρας
1231 1075 1530 1141 ἀποϐάντες
1588 1080 1721 1150 νηὸς
1777 1079 1926 1148 ξενα-

273 1167 857 1244 γοῦνταιπολυτελῶχ
888 1167 938 1224 ἕν
987 1191 1096 1224 τισι
1145 1175 1262 1231 τοῖς
1320 1171 1457 1224 κατά
1503 1171 1602 1238 τήν
1659 1167 1822 1222 πόλιν
1851 1168 1928 1220 οἱ·

272 1257 501 1328 κήμασι.
561 1256 665 1314 Καί
713 1259 761 1332 γ’
793 1257 1136 1336 ἐφ’-ἡμέραις
1193 1261 1281 1314 τὸν
1339 1259 1445 1314 ἀπὸ
1501 1265 1603 1328 τῆς
1653 1256 1924 1327 Θαλάσσης

276 1346 774 1420 ἀποσκευασάμενοι
833 1345 1084 1424 θόρυϐον,
1146 1348 1369 1410 ἐντολὰς
1429 1345 1709 1421 δεξάμενοι
1772 1348 1926 1418 βασι-

275 1433 432 1502 λέως,
465 1437 602 1510 πρὸς
628 1437 690 1491 τὸ
745 1435 1019 1493 Λοπάδιον
1053 1437 1315 1513 γίνονται.
1350 1439 1450 1495 Καὶ
1505 1435 1572 1507 δὴ
1622 1437 1690 1490 τὰ
1745 1434 1926 1490 εἶ’κότα

274 1524 788 1602 φιλοφρονηθέντες,
842 1529 934 1601 ἅμ’
984 1528 1130 1600 αὖτῷ
1188 1530 1403 1604 βασιλεῖ
1451 1526 1577 1599 πλῷ
1637 1527 1928 1601 χρησάμε-

274 1634 380 1680 νοι,
420 1616 518 1682 τὴν
569 1614 732 1670 πόλιν
792 1613 1323 1691 καταλαμϐάνουσιν.
1383 1619 1644 1692 ’Ἡπειγον
1697 1617 1798 1690 γὰρ
1831 1613 1928 1668 αὐ-

273 1703 364 1756 τὸν
396 1708 557 1758 τοῦτο
593 1705 688 1777 μὲν
751 1707 801 1760 οἱ
830 1706 996 1780 γάμοι
1056 1713 1153 1776 τῆς
1212 1706 1499 1782 θυγατρὸς,
1530 1709 1692 1760 τοῦτο
1751 1701 1807 1757 δὲ
1835 1702 1925 1757 καὶ

276 1793 336 1845 ἐκ
384 1789 587 1871 δύσεως
637 1796 884 1871 Τόχαροι
934 1797 1278 1871 ἆγγελΟέντες
1337 1795 1672 1871 ἐξέρχεσθαι,
1703 1792 1794 1855 οὕς
1827 1794 1925 1846 αὖ·

274 1882 364 1942 τὸς
398 1870 677 1956 βασίλεὺς,
711 1870 892 1960 Nova
941 1870 1172 1956 ἀξιώσας
1231 1886 1365 1941 κατά
1418 1870 1516 1939 τοῦ
1565 1878 1924 1958 σεϐαστοκρά-
1959 1919 2005 1982 Β

273 1990 434 2044 τορος
494 1972 743 2027 Ἰωάννου
777 2018 792 2045 ,
863 1973 1069 2030 ἐκείνου
1115 1977 1434 2048 πέμψαντος
1494 1971 1792 2046 ἐξεδέχετο.
1853 1973 1930 2042 τῷ

275 2059 412 2122 τέως
441 2065 569 2134 γοῦν
605 2063 778 2134 μηνὸς
825 2064 1187 2138 Γαμηλιῶνος
1237 2063 1506 2138 λήγοντος
1554 2060 1773 2122 ἐπιστὰς
1801 2058 1928 2120 τοὺς

277 2149 494 2222 γάμους
537 2149 706 2206 ἐτέλει
736 2155 804 2226 τῇ
865 2151 1107 2228 θυγατρί.
1161 2151 1332 2210 ’Όλον
1388 2149 1435 2206 δ’
1465 2145 1929 2226 Ἐλαφηϐολιῶνα

279 2235 553 2314 διαγαγὼν
611 2239 832 2316 ἐξήρτυε
882 2239 1136 2314 δυνάμεις
1187 2241 1276 2296 καὶ
1335 2240 1473 2315 πρὸς
1536 2238 1719 2310 ἔξοδον
1773 2239 1927 2307 ἡτοι-

278 2327 500 2399 μάζετο.

275 2431 371 2490 λε’.
456 2434 655 2512 ⁶¹Οπως
716 2433 1080 2512 ὁγβασιλεὺς
1161 2435 1555 2512 μετέκαλέσατο
1630 2434 1924 2509 Τοχάρους

525 2508 662 2561 κατά
707 2504 1360 2585 τοῦ’σεϐαστοκρᾶτορος
1411 2508 1672 2578 Ἰαάννου,

353 2595 435 2666 [Ρ.
468 2596 723 2669 356]Τῷ
777 2598 880 2672 γὰρ
916 2594 1370 2675 σεϐαστοκράτορι
1428 2599 1647 2671 Ἰωάννῃ
1706 2594 1804 2650 οὐκ
1860 2595 1928 2663 ἦν

275 2829 434 2870 mum
487 2817 880 2889 deposuisset.
938 2817 1282 2892 Imperatori
1342 2816 1560 2889 quippe
1610 2816 1910 2870 decretum

270 2919 396 2959 esse
423 2904 732 2976 Joannem,
757 2907 957 2962 statim
993 2912 1167 2979 atque
1199 2907 1256 2962 id
1287 2903 1786 2961 necessitudinem
1812 2901 1913 2956 filii

269 2993 544 3050 admotus
574 2996 623 3050 is
655 2997 765 3051 sibi
800 2998 945 3052 foret
977 2999 1273 3068 desponsa
1303 2997 1414 3068 ipsi
1478 2995 1712 3066 propria
1772 2993 1913 3062 ﬁlia,

273 3083 584 3154 magniﬁce
615 3101 823 3140 ornare
853 3085 927 3141 iis
953 3085 1234 3156 symbolis
1267 3101 1554 3156 supremae
1587 3084 1909 3156 dignitatis:

273 3187 400 3241 qua
434 3171 698 3244 despotis
728 3175 785 3228 in
821 3174 956 3230 aula
987 3174 1358 3247 imperatoris
1391 3173 1572 3229 tribui
1611 3173 1903 3230 solebant.

274 3258 598 3316 Doliturum
633 3267 828 3319 autem
863 3263 996 3335 ipsi,
1019 3263 1359 3320 siJoannem
1382 3264 1604 3320 videret
1629 3280 1695 3318 ea
1726 3279 1827 3334 per
1852 3279 1914 3318 se

1592 420 1894 475 GEORGII
1932 419 2396 472 PACHYMER/E

748 541 1065 606 δεσποτείας
1150 543 1355 599 ἐκεῖνον
1436 537 2291 621 ἆμφιϐαλλόμενοςΑὴρεμεῖν,
2340 538 2486 596 ἀλλὰ
2550 541 2639 595 καὶ
2699 537 2852 604 αὖθις
2908 537 3145 604 σπονδὰς
3202 538 3411 602 ἐκείνας
3469 543 3690 617 συγχέας

3583 417 3686 472 988

2041 631 2312 706 ἐπεχείρει
2362 636 2479 692 τοῖς
2528 631 2602 702 μὴ
2655 631 3046 707 προσήκουσιν.
3107 627 3338 692 ’Ἄλλως
3372 629 3418 684 δ’
3450 630 3686 706 ἐπισχεῖν

2040 720 2200 775 αὐτὸν
2232 725 2341 774 τῶν
2401 717 2793 796 βουλευμάτων
2857 717 3111 795 βασιλεὺς
3169 721 3273 775 οὐκ
3303 715 3449 794 ἔχων
3481 721 3563 794 (τὸ
3590 721 3688 796 γὰρ

2041 809 2380 884 θερμουργὸν
2440 808 2643 864 ἐκείνου
2700 809 2790 864 καὶ
2845 807 3069 874 αὔθαδες
3119 810 3287 886 μέχρι
3332 809 3422 864 καὶ
3471 807 3523 870 ἐς
3557 809 3687 864 ἀποο

2037 899 2260 971 κήρυξιν
2301 897 2505 952 ἐκεῖνον
2553 900 2626 960 ὡς
2671 898 2984 970 ἀποστάτην
3034 898 3239 968 ἐτίθει),
3292 897 3341 952 εἷ’
3375 900 3449 971 μή
3501 919 3562 972 γε
3588 901 3690 954 Το-

2037 985 2242 1063 χσὶρους
2283 987 2567 1063 ἐπαγαγὼν
2629 994 2799 1043 πᾶσαν
2865 988 2957 1062 μὲν
3017 990 3116 1056 τὴν
3175 987 3386 1046 ἐκείνου
3447 986 3688 1058 ληΐσεται

2038 1075 2195 1131 αὐτὸν
2239 1074 2283 1131 δ’
2337 1075 2390 1132 ἐν
2453 1081 2620 1149 στενῷ
2687 1080 3015 1148 καταστήσει
3092 1076 3430 1154 πραγμάτων
3489 1097 3548 1130 τε
3603 1074 3689 1130 καὶ

2038 1163 2302 1236 ἐλπίδων,
2364 1166 2413 1222 εἲ
2467 1167 2600 1230 τέως
2661 1165 2937 1240 διαδράσει
2993 1169 3085 1222 τὸν
3147 1164 3396 1222 κίνδυνον
3455 1167 3602 1221 ταῦτ’
3631 1164 3692 1220 ἐπ

2035 1255 2158 1310 νοῦν
2223 1256 2464 1333 στρέφων
2523 1258 2808 1334 Τοχάρους
2873 1255 3106 1332 ἐπῆγεν.
3170 1252 3438 1330 Εὕκαιρον
3501 1252 3547 1308 δ’
3604 1253 3691 1328 είχ

2035 1342 2123 1397 καὶ
2190 1344 2281 1398 τὸν
2359 1343 2632 1422 ἐφεστῶτα
2710 1350 2982 1420 χειμῶνω
3075 1349 3358 1421 χειμῶνος
3425 1343 3526 1418 γὰρ
3601 1343 3689 1396 καὶ

2036 1431 2263 1503 σύνηθες
2318 1432 2543 1497 ἐκείνοις
2603 1435 2930 1510 στρατεύειν·
2982 1435 3040 1489 ὃν
3090 1433 3206 1490 καῖ’
3251 1425 3687 1505 προκαταλαϐεῖν

2035 1521 2315 1596 ἠπείγετο,
2349 1523 2424 1585 ὡς
2483 1523 2583 1594 ἔξω
2641 1524 2859 1587 πόλεως
2908 1519 3206 1596 συμϐαλεῖν
3262 1521 3561 1598 Τοχάροις.
3591 1522 3686 1576 Ἤν

2038 1607 2094 1664 δὲ
2125 1613 2228 1684 ἄρα
2255 1613 2317 1666 τὸ
2348 1611 2729 1687 μελετώμενον
2762 1613 2993 1687 μέλημα
3029 1613 3124 1686 μὲν
3152 1609 3342 1673 ἄλλως
3390 1609 3688 1684 στρατιώτῃ

2036 1703 2242 1774 πρέπον
2300 1700 2574 1771 ἐπιεικῶς,
2636 1709 2945 1779 Χριστιανῷ
3003 1701 3060 1759 δὲ
3129 1703 3222 1759 καὶ
3281 1700 3402 1756 λίαν
3464 1697 3685 1770 ἀπᾷδον·

2036 1786 2248 1852 ἀσεϐεῖς
2289 1793 2390 1868 γὰρ
2454 1792 2542 1848 ἐπὶ
2598 1792 2953 1868 Χριστιανοὺς
3010 1792 3239 1869 ἐξορμᾷν
3295 1792 3388 1846 καὶ
3421 1791 3472 1865 γ’
3505 1789 3685 1852 ἀθέους

2037 1878 2116 1957 ἐφ’
2148 1881 2287 1955 ἱερὰ,
2323 1883 2400 1954 μὴ
2432 1883 2518 1937 καὶ
2552 1888 2658 1937 τῶν
2693 1881 2901 1962 σφόδρα
2949 1884 3096 1947 θείου
3146 1877 3322 1959 φόϐου
3372 1877 3686 1954 ἆνεπιστρό-

2039 1991 2152 2046 φων
2211 1970 2272 2024 τὸ
2310 1966 2581 2044 τόλμημα
2735 1970 2898 2028 Ἀλλ’
2955 1972 3191 2035 ἐκείνους
3249 1972 3344 2045 μὲν
3416 1969 3596 2044 ἐξῆγεν
3651 1967 3684 2034 ἦ

2039 2058 2146 2113 ἀπὸ
2209 2059 2478 2133 βασιλέως
2538 2060 2758 2132 ἀξίωσις
2810 2063 2946 2136 πρὸς
3003 2067 3207 2137 Νογᾶν,
3269 2059 3361 2116 καὶ
3414 2059 3476 2114 τὸ
3519 2054 3683 2112 Θέλειν

2036 2146 2250 2210 πάντως
2309 2149 2508 2204 ἐκεῖνον
2568 2151 2873 2228 ἐξαφανίσαι
2941 2153 3029 2208 καὶ
3091 2153 3282 2227 χώρας
3343 2147 3547 2208 ἐκείνας
3600 2145 3683 2200 καὶ

2034 2237 2125 2291 τὸν
2161 2235 2377 2312 ἐχθρόν·
2413 2239 2513 2295 οὐκ
2539 2241 2606 2310 ἦν
2636 2238 2693 2296 δὲ
2749 2239 2852 2317 ἄρα
2882 2239 3328 2318 καταρῥᾳθυμεῖν
3361 2239 3460 2307 τήν
3509 2233 3679 2304 δίκην,

2035 2325 2182 2381 ἀλλᾶ
2219 2326 2544 2400 παλίμποῦς
2588 2327 2720 2385 οὖσα
2775 2332 2897 2385 τότε
2953 2327 3168 2404 μᾶλλον
3218 2328 3315 2386 καὶ
3371 2329 3681 2403 προηγεῖτο,

2035 2415 2110 2478 ὡς
2143 2417 2277 2488 μετὰ
2306 2417 2502 2492 μικρὸν
2535 2419 2562 2473 ὁ
2594 2415 2757 2495 λόγος
2790 2418 2923 2494 ἐρεῖ.
2955 2418 3169 2490 Τηνίκα
3201 2416 3264 2474 δὲ
3293 2417 3682 2490 Μουνυχιῶνος

2038 2505 2212 2579 μηνὸς
2245 2504 2528 2570 ἐνστάντος
2560 2507 2764 2573 ἐκεῖνος
2795 2509 2890 2582 μὲν
2931 2509 3069 2583 πρὸς
3099 2509 3197 2578 τὴν
3241 2503 3427 2580 ἔξοδον
3459 2508 3681 2574 ἡτοιμα-

2036 2598 2175 2666 ζετο,
2209 2593 2275 2649 οὐ
2303 2595 2463 2652 τόσον
2508 2602 2587 2671 τῷ
2634 2600 2754 2653 κατ’
2801 2597 2958 2654 αὐτὸν
3001 2597 3204 2670 πλήθει
3253 2597 3346 2654 καὶ
3392 2600 3507 2656 ταῖς
3536 2589 3680 2648 δυνά-

2073 2812 2163 2867 35.
2220 2817 2282 2873 Ut
2338 2819 2642 2891 imperator
2699 2818 2970 2875 Tocharos
3016 2815 3376 2874 accersiverit
3455 2821 3636 2870 contra

2453 2893 2724 2948 Joannem
2738 2891 3225 2949 sebaslocralorem
3236 2930 3251 2944 .

2096 2995 2285 3054 Causa
2298 2999 2476 3072 hujus
2496 3001 2887 3074 expeditionis
2904 2999 3199 3072 fuit,quod
3215 2998 3664 3065 Joannes,quem

2025 3108 2170 3148 suus
2191 3092 2493 3164 inquietus
2509 3093 2744 3149 animus
2759 3090 3287 3163 tranquillevivere
3300 3106 3416 3145 non
3431 3084 3667 3147 sinebat,

2023 3197 2228 3237 rursus
2262 3182 2476 3238 ﬁndere
2509 3199 2694 3255 nuper
2724 3181 2870 3238 inito
2917 3179 3131 3236 violato
3163 3177 3493 3234 conabatur
3522 3172 3672 3227 inva-

2023 3271 2161 3326 dere
2192 3288 2308 3327 non
2341 3288 2469 3328 sua.
2502 3272 2582 3327 Ea
2613 3288 2703 3328 res
2733 3272 3067 3341 Augustum
3101 3267 3311 3337 movit,
3341 3268 3494 3322 feros
3550 3261 3664 3330 ejus

270 3364 607 3420 occupasse,
639 3368 770 3423 qua:
804 3353 1019 3409 habere
1051 3353 1218 3409 illum
1253 3371 1358 3410 suo
1391 3352 1694 3422 beneﬁcio,
1720 3357 1777 3408 et
1807 3352 1920 3409 sibi
1952 3342 1995 3409 C
2035 3361 2407 3433 audacesque
2431 3360 2686 3431 impetus
2707 3374 3078 3431 compescere
3101 3357 3279 3413 aliter
3325 3371 3440 3411 non
3483 3349 3662 3406 valen-

267 3453 507 3509 suzeque
537 3457 674 3513 erga
705 3441 870 3497 illum
902 3442 1317 3499 benevolentiae
1349 3442 1632 3514 imputari
1655 3445 1912 3514 cuperet.

267 3525 414 3588 Quin
447 3533 504 3582 et
534 3528 752 3601 alioqui
777 3547 985 3603 parum
1012 3531 1448 3600 convenirejam
1470 3548 1729 3602 purpura
1752 3535 1912 3585 uten-

265 3618 382 3668 tem
408 3615 694 3673 bicolores
717 3635 785 3673 ex
815 3635 980 3674 roseo
1003 3625 1060 3674 et
1081 3619 1487 3690 candido,quae
1512 3619 1755 3692 prOpriae
1779 3620 1915 3674 des-

273 3708 543 3776 potarum
578 3713 796 3772 essent,
829 3711 1020 3764 vestes
1045 3725 1369 3764 assumere.
1390 3709 1592 3781 itaque
1624 3726 1694 3765 ne
1715 3725 1915 3781 grava-

271 3795 434 3846 retur
464 3794 720 3865 primum
754 3813 1060 3853 occursum
1085 3798 1422 3870 imperatori
1453 3798 1726 3854 exhibere
1748 3799 1806 3853 in
1848 3813 1914 3852 eo

272 3878 454 3948 cultu,
498 3877 598 3953 qui
652 3885 988 3942 facultatem
1038 3887 1089 3942 ei
1139 3904 1252 3943 non
1304 3887 1638 3960 praeriperet
1692 3887 1911 3958 ipsum,

271 3971 426 4042 quod
461 3973 683 4042 avebat,
715 3974 963 4032 insolitis
995 3977 1235 4034 honoris
1268 3977 1603 4049 insignibus
1634 3979 1914 4034 decoran-

268 4058 348 4117 di.
407 4059 538 4117 Haec
594 4063 852 4121 dicentes
912 4067 1065 4124 524
1128 4072 1513 4140 persuserunt
1561 4069 1712 4141 quod
1759 4067 1916 4122 vole-

265 4148 427 4219 bant,
480 4168 734 4226 cumque
767 4155 1047 4212 Lazorum
1084 4157 1346 4230 principe
1377 4175 1442 4214 eo
1476 4174 1650 4230 quem
1680 4161 1912 4230 optave-

267 4242 399 4294 rant
431 4242 600 4297 modo
651 4246 858 4302 vestito
907 4248 975 4302 ad
1035 4249 1237 4303 urbem
1291 4248 1668 4320 appulerunt,
1712 4263 1914 4303 excen-

267 4326 584 4399 dentesque
605 4347 633 4386 e
661 4333 789 4387 navi
810 4335 880 4388 ad
907 4340 1141 4406 portum
1165 4338 1340 4392 Ceras
1363 4337 1582 4392 dictum
1607 4335 1916 4407 splendide

267 4420 409 4472 sunt
439 4417 695 4490 hospitio
727 4425 947 4495 excepti
979 4424 1040 4479 in
1065 4425 1422 4482 suburbanis
1449 4424 1788 4494 domiciliis,
1814 4423 1913 4480 ubi

265 4520 370 4576 per
395 4504 619 4579 aliquot
647 4509 774 4566 dies
805 4512 1005 4568 refecti
1038 4530 1069 4568 θ
1101 4515 1420 4584 jactatione
1453 4514 1618 4570 navis
1649 4517 1706 4569 et
1737 4513 1913 4570 maris

265 4611 506 4664 nausea,
547 4599 824 4656 mandato
865 4603 935 4657 ad
996 4619 1058 4658 se
1112 4604 1383 4660 veniendi
1433 4603 1503 4659 ab
1561 4604 1910 4674 imperatore

2023 3453 2164 3519 tem,
2194 3451 2265 3506 ad
2288 3466 2422 3506 eum
2446 3450 2934 3522 proscribendum
2957 3453 3023 3506 ut
3051 3441 3660 3517 rebellem,'l‘ocharos-

2025 3555 2140 3610 que
2157 3540 2216 3595 in
2240 3556 2372 3595 eum
2389 3535 3402 3612 immittendos,quivastitateterris
3419 3525 3664 3605 ipsisub-

2019 3629 2196 3700 jectis
2228 3629 2533 3685 inferenda
2565 3645 2700 3699 spes
2730 3644 2944 3700 resque
2975 3627 3166 3699 ipsius
3190 3627 3247 3680 in
3287 3628 3476 3681 artum
3511 3629 3663 3700 coga-

2025 3699 2175 3774 rent.
2208 3716 2374 3772 Talia
2403 3721 2732 3772 versantem
2759 3699 2957 3771 animo
2991 3714 3235 3786 urgebat
3268 3713 3460 3768 hiems
3482 3699 3662 3762 immi-

2023 3821 2193 3875 nens,
2224 3805 2492 3877 ineptum
2526 3804 2606 3860 rei
2640 3821 2674 3859 a
2703 3803 2828 3859 suis
2885 3804 3152 3875 gerendae
3208 3805 3470 3870 tempus,
3517 3788 3654 3851 525

2026 3893 2297 3967 quamvis
2353 3897 2749 3965 opportunum
2785 3891 3092 3960 Tocharis,
3127 3890 3228 3961 qui
3285 3885 3558 3946 libentius
3607 3894 3665 3934 ea

2023 3985 2374 4055 tempestate
2398 3982 2630 4054 prodire
2683 3982 2754 4037 ad
2784 3980 3003 4037 bellum
3047 3979 3255 4036 solent.
3293 3980 3508 4035 Tamen
3565 3983 3664 4025 sua

2024 4077 2081 4129 et
2127 4086 2370 4129 suorum
2427 4087 2605 4127 causa
2651 4073 2994 4142 praevertere
3061 4069 3390 4140 oportebat,
3449 4063 3663 4118 mature

2025 4161 2382 4219 occurrendo
2413 4165 2576 4216 extra
2605 4157 3191 4226 urbemTocharis,ut
3219 4156 3355 4212 illos
3383 4155 3525 4209 bene
3547 4143 3664 4202 ani-

2026 4256 2216 4308 matos
2238 4250 2560 4306 dimitteret
2590 4251 2661 4307 ad
2697 4249 3062 4322 diripiendas
3095 4249 3365 4319 ferroque
3397 4261 3460 4300 ac
3501 4241 3660 4297 ﬂam-

2024 4361 2122 4400 ma
2153 4342 2569 4399 deformandas
2597 4341 2808 4398 ditioni
2835 4340 3085 4397 Joannis
3117 4340 3389 4396 subditas
3444 4333 3656 4406 gentes-

2022 4430 2309 4510 Cogitatio
2331 4429 2454 4486 haec
2483 4434 2608 4486 erat
2638 4429 2902 4486 bellatori
2937 4429 3177 4500 quidem
3219 4429 3366 4484 forte
3414 4437 3542 4510 non
3576 4415 3659 4470 in-

2023 4539 2373 4594 congruens,
2408 4525 2467 4577 at
2497 4521 2895 4578 Christianum
2929 4521 3220 4576 dedecens
3251 4518 3338 4576 vel
3401 4509 3656 4572 maxime.

2024 4611 2244 4682 Impios
2323 4611 2478 4667 enim
2522 4610 2580 4666 in
2643 4609 3008 4667 Christianos
3056 4625 3308 4679 armare,
3363 4609 3420 4661 et
3468 4598 3659 4656 atheos

261 4689 496 4776 ἒθοξρίο
522 4689 846 4759 Ῑιοραάίυῐη
881 4691 1146 4763 Ρνοῖθοῐῖν
1179 4693 1392 4765 finibus
1421 4693 1616 4749 ἀθουίδ
1662 4693 1905 4748 beneVO'
1937 4710 1984 4776 ί)
2015 4699 2448 4770 sacrilegosque
2475 4703 2740 4770 raptores
2761 4699 2817 4754 in
2833 4701 3072 4754 sacraet
3092 4689 3654 4776 templaimmitterc.

261 4772 450 4828 lentiae
481 4776 1012 4848 significationibus
1040 4783 1284 4839 admissi
1316 4782 1666 4853 tractatique
1713 4783 1783 4838 ab
1836 4797 1902 4836 eo

260 4869 419 4931 sunt,
449 4881 699 4939 moxque
731 4887 864 4926 cum
899 4871 1058 4942 ipso
1091 4873 1220 4928 navi
1250 4873 1396 4928 vecti
1432 4890 1638 4928 rursus
1699 4871 1903 4927 urbem

259 4956 596 5012 tenuerunt.
633 4959 970 5017 Festinabat
1001 4961 1156 5018 enim
1189 4962 1510 5035 imperator
1564 4967 1693 5017 tum
1751 4963 1905 5033 quod

264 5041 396 5096 filias
431 5045 666 5115 nuptias
697 5051 984 5107 conficere
1015 5052 1457 5125 quamprimum
1491 5069 1521 5107 e
1555 5069 1614 5107 re
1645 5054 1906 5116 duceret,

262 5127 386 5178 tum
421 5128 575 5195 quod
609 5131 1025 5189 nuntiarentur
1054 5151 1123 5190 ex
1153 5133 1427 5190 Occiduis
1479 5134 1748 5206 partibus
1806 5133 1907 5190 ad-

263 5217 497 5270 ventare
553 5215 822 5288 Tochari,
857 5240 1005 5294 quos
1038 5241 1072 5280 a
1115 5225 1276 5297 Noga
1336 5224 1753 5297 impetraverat
1811 5225 1910 5280 ad-

264 5315 469 5358 versus
500 5303 787 5362 Joannem
820 5311 1342 5368 sebastocratorem
1368 5314 1585 5370 auxilio
1604 5314 1716 5370 sibi
1735 5314 1909 5370 mitti.

263 5393 425 5446 Tunc-
457 5393 637 5466 igitur
659 5396 987 5468 Septembri
1020 5417 1216 5457 mense
1247 5402 1551 5460 desinente
1609 5420 1911 5478 regressus

267 5480 327 5535 in
357 5481 558 5538 urbem
611 5485 848 5557 nuptias
899 5487 1029 5542 tiliae
1086 5488 1359 5547 celebrat.
1410 5492 1716 5550 Octobrem
1775 5495 1914 5550 inde

266 5573 459 5628 totum
491 5577 884 5649 comsumpsit
919 5577 1104 5648 copiis
1137 5578 1502 5640 instruendis
1522 5584 1916 5657 expeditione-

270 5673 385 5728 que
415 5665 771 5733 apparanda.

2016 4789 2245 4846 facinus
2301 4788 2413 4844 fuit
2442 4789 2700 4844 immane
2732 4791 3018 4858 quantum
3055 4785 3312 4842 alienum
3345 4800 3379 4839 a
3425 4775 3655 4834 timente

2017 4879 2203 4935 Deum
2237 4881 2295 4933 et
2321 4877 2536 4934 Christi
2560 4877 2784 4933 cultore
2811 4875 3093 4947 principe.
3125 4875 3344 4932 Tamen
3376 4863 3652 4960 exercitus

2022 4967 2287 5024 barbaria
2318 4965 2478 5022 illius
2501 4965 2694 5038 gentis
2715 4982 2750 5021 ει
2779 4965 2942 5036 Noga
2975 4964 3247 5036 precibus
3301 4956 3656 5030 imperatoris

2023 5056 2168 5112 ﬂexo
2203 5056 2448 5123 missus,
2477 5057 2597 5128 jam
2631 5072 2662 5112 e
2687 5055 2904 5111 ﬁnibus
2925 5070 3202 5127 egressus
3223 5052 3348 5111 suis
3364 5048 3432 5105 ad
3457 5045 3652 5100 nutum

2022 5147 2264 5215 paratus
2288 5145 2500 5213 stabat,
2532 5147 2598 5199 ut
2641 5143 2701 5198 in
2750 5142 3035 5198 ditionem
3081 5141 3326 5198 Joannis
3376 5128 3654 5192 hostiliter

2022 5231 2394 5305 irrumperet.
2429 5233 2542 5289 Nec
2566 5232 2748 5302 hujus
2777 5231 3014 5286 sceleris
3044 5226 3650 5300 vindicta,quanquam

2025 5321 2171 5378 alias
2201 5323 2462 5378 cunctari
2495 5322 2687 5389 solita,
2721 5321 2886 5377 tarde
2918 5337 3076 5376 nunc
3099 5317 3349 5377 occurrit
3379 5331 3394 5372 :
3439 5316 3648 5366 verum.

2025 5415 2092 5466 ut
2123 5427 2254 5467 mox
2286 5412 2534 5484 dicetur,
2567 5427 2744 5483 quam
2775 5409 3079 5466 celerrime
3119 5403 3524 5483 repraesentata
3551 5391 3651 5490 (ξεῖν

2027 5499 2193 5554 Tunc
2220 5515 2358 5572 ergo
2390 5501 2501 5556 sub
2534 5497 3193 5555 mediumNovembrem
3214 5491 3652 5575 procinctum?-

2025 5591 2259 5660 Perator
2288 5567 2346 5644 in
2388 5587 2815 5662 expeditionem
2855 5567 3234 5644 imminebat'
3262 5597 3393 5644 cum
3445 5567 3648 5662 paratis

2025 5658 2233 5748 copiis,
2266 5676 2425 5734 haud
2457 5658 2690 5734 tantum
2723 5675 2937 5732 harum
2981 5675 3358 5733 multitudine
3405 5658 3647 5748 confisi18

2029 5741 2318 5838 quantum
2349 5766 2559 5825 robore
2589 5763 2935 5834 feritateque
2963 5761 3379 5822 Tocharorum.
3399 5741 3646 5821 Augusta
