4072 6384
216 366 327 420 989

1276 367 1370 419 DE
1409 365 1782 421 MICHAELE
1822 367 2267 422 PALIEOLOGO
2305 371 2438 424 LIB.
2480 368 2553 425 Vl

3537 371 3648 425 990

224 511 377 564 μεσιν
411 491 497 564 [Ρο
532 491 659 562 357]
691 488 816 544 ὅσον
853 487 1131 564 Τοχάροις
1162 487 1394 565 θαῤῥῶνο
1446 490 1482 560 ἡ
1527 485 1572 544 δ’
1601 488 1882 564 Αὐγούστα
1910 491 1964 558 Α
1994 493 2061 563 τῇ
2119 490 2264 564 παρᾶ
2314 496 2414 559 τῆς
2470 490 2792 564 Αὐγούστης
2852 491 3085 567 οχλήσει
3149 495 3240 548 καὶ
3296 495 3536 568 ταραχῇ,
3571 492 3647 556 ὡς

214 585 381 636 τοῦτο
447 579 542 652 μὲν
604 579 863 657 ἀφορῶσα
919 578 1010 633 καὶ
1081 579 1215 653 πρὸς
1271 579 1333 633 τὸ
1390 585 1490 648 τῆς
1544 577 1883 649 ἐκστρατείας

215 667 535 744 παράλογόν
567 689 624 722 τε
671 667 761 721 καὶ
817 667 1197 744 παρακαίριον,
1247 671 1409 723 τοῦτο
1459 665 1515 722 δὲ
1561 669 1650 722 καὶ
1704 666 1880 744 ἆρῥω-

216 759 369 812 στίαν
436 757 786 828 ἐπικειμένην
854 760 1195 811 κατανοοῦσα
1249 761 1328 828 τῷ
1392 754 1608 832 βασιλεῖ
1667 755 1726 809 ἐκ
1778 758 1877 824 τῆς

213 846 352 902 κατὰ
407 845 469 900 τὸ
521 844 677 920 θέρος
710 842 1050 921 δυσπραγίας
1094 841 1492 918 ἐπισυμϐἆσαν,
1546 845 1636 899 καί
1664 865 1712 898 τι
1765 848 1874 898 τῶν

217 931 547 1004 ἀϐουλήτων
613 935 939 1003 ὑποπιοοῦσα,
1000 933 1187 1010 ἐπεῖχὲ
1241 956 1299 989 τε
1356 935 1754 1008 σθεναρώτερον
1785 933 1877 987 καὶ

220 1023 415 1094 ἐξιέναι
476 1021 575 1078 οὒκ
603 1021 704 1091 εἴα,
766 1023 864 1078 οὐκ
896 1023 1322 1097 ἄφωσιωμένως,
1379 1024 1453 1087 ὡς
1509 1023 1567 1078 ἂν
1593 1044 1676 1085 τις
1707 1021 1873 1091 εἷ’ποι,

211 1115 303 1169 καὶ
357 1113 416 1167 ἐκ
469 1111 732 1187 πλαγίου,
794 1111 920 1168 ἀλλ’
969 1112 1291 1174 ἐνστατικῶς
1321 1111 1450 1188 ἄγαν
1483 1112 1573 1166 καὶ
1605 1117 1872 1188 φανερῶς,

213 1204 290 1266 ὡς
350 1204 490 1278 μέγα
543 1224 596 1257 τι
671 1204 833 1257 κακὸν
894 1202 944 1274 ἐξ
1020 1202 1255 1279 ἀνάγκης
1333 1201 1698 1279 προξενούσης
1769 1208 1870 1271 τῆς

213 1292 581 1367 ἐκστρατείας,
617 1292 736 1360 Καὶ,
795 1317 813 1342 ιι
867 1292 927 1346 Τί
957 1293 1166 1363 παθὼν,
1218 1289 1425 1366 ἔλεγεν,
1476 1275 1714 1366 ἀφειδεῖς
1773 1293 1868 1364 μὲν

209 1383 490 1454 σώματος,
538 1377 776 1457 ἀφειδεῖς
810 1378 867 1435 δὲ
917 1380 1006 1435 καὶ
1039 1381 1207 1450 αὐτῆς
1243 1385 1424 1451 ζωῆςς
1476 1381 1532 1436 ὃν
1598 1380 1643 1434 εἶ
1707 1383 1780 1453 μή
1813 1380 1866 1434 τί

210 1474 264 1548 γ’
317 1471 459 1527 ἄλλο
519 1472 594 1534 εἷς
626 1472 858 1546 ὑποψίας
915 1473 972 1526 ἂν
1034 1472 1219 1546 ἐνῆγεν
1278 1473 1380 1526 οὐκ
1411 1472 1615 1546 ἀγαθὰς
1643 1473 1731 1526 καὶ
1765 1470 1868 1526 δεί-

215 1583 357 1636 ματα
407 1560 612 1633 καίρια,
675 1561 799 1616 ἀλλ’
858 1560 950 1616 οὖν
1008 1565 1042 1631 ἡ
1100 1562 1257 1622 νόσος
1287 1561 1422 1630 αὐτή
1455 1563 1636 1616 καὶτὸ
1672 1563 1746 1634 μὴ
1778 1562 1865 1616 εὐ-

211 1652 435 1727 ρώστνος
470 1649 617 1724 ἔχειν
647 1650 828 1704 ἱκανὸν
871 1649 1104 1706 κωλύειν
1167 1649 1224 1704 ἂν
1279 1650 1578 1723 ἐνομίζετο,
1613 1675 1640 1702 ››
1691 1655 1777 1721 Τῷ
1809 1651 1866 1705 δὲ

205 1746 328 1802 ταῖς
360 1738 642 1811 ἀληθείαις
697 1740 832 1794 κατὰ
862 1744 986 1793 νοῦν
1033 1741 1125 1807 ἦν,
1184 1740 1307 1814 περὶ
1365 1739 1538 1811 ἑαυτῷ
1587 1737 1861 1794 δειλιῶντι

208 1830 469 1902 κάκείνῳ,
541 1829 643 1897 τήν
701 1835 914 1900 Θρᾳκην
981 1823 1358 1883 καταλαϐόντα
1444 1828 1707 1901 συμμίξαι
1765 1829 1858 1902 μὲν

209 1925 331 1982 τοῖς
377 1918 653 1992 Τοχσὶροις
696 1919 786 1971 καί
837 1939 896 1993 γε
922 1915 1115 1992 λόγοις
1145 1917 1232 1972 καὶ
1275 1915 1549 1987 δεξιώσεσι
1580 1915 1862 1992 διεγεῖραι,

217 2008 281 2062 οὐ
337 2008 444 2079 μην
491 2004 546 2061 δὲ
587 2005 677 2061 καὶ
727 2010 1224 2080 συκθεκστρατεῦσαι,
1276 2003 1401 2060 ἀλλ’
1431 2005 1554 2060 ὅσον
1584 2004 1866 2082 ἐγχωροῦν

215 2098 482 2173 προϊόντα
538 2095 629 2150 σὺν
699 2095 876 2172 σφίσιν
911 2094 1145 2149 ἐκείνους
1195 2094 1288 2167 μὲν
1344 2100 1459 2156 τοῖς
1512 2094 1734 2158 οίκείοις
1763 2117 1868 2149 πα-

217 2183 472 2261 ραδοῦναι
530 2184 619 2240 καί
671 2182 822 2256 τᾶξαι
875 2184 934 2239 τὸ
992 2185 1273 2254 ποιητέον,
1332 2183 1492 2239 αὐτὸν
1526 2181 1573 2239 δ’
1607 2185 1869 2260 ὑποστρὲ.

214 2278 332 2348 ψαι.
367 2273 733 2350 Ἐτεκμηρίου
775 2271 830 2328 δὲ
879 2277 1045 2328 ταῦτα
1087 2273 1177 2327 καὶ
1232 2273 1295 2328 τὸ
1353 2273 1681 2343 συνεξελθεῖν
1731 2274 1870 2328 υἱέσι

211 2385 270 2421 τε
314 2363 404 2419 καὶ
462 2359 772 2441 γαμϐροῖς,
830 2363 942 2436 ἅμα
999 2363 1088 2419 καὶ
1146 2362 1292 2434 αὐτῷ
1349 2363 1415 2433 δὴ
1474 2368 1554 2436 τῷ
1608 2363 1873 2439 πρότριτα

210 2450 680 2532 γαμϐρευσαμένῳ
733 2458 812 2526 τῷ
871 2454 1120 2526 Ἰωάννῃ.
1181 2450 1339 2509 Ἀλλ’
1367 2451 1520 2526 ὅμως
1557 2453 1660 2508 ὑπὸ
1683 2450 1873 2527 πολλῇ

213 2694 348 2735 vero
380 2682 664 2750 reputans
696 2695 872 2751 quam
905 2677 1095 2734 alieno
1148 2681 1414 2748 tempore
1458 2674 1872 2747 profectionem

215 2769 394 2826 talem
450 2767 765 2824 adornaret
821 2768 1161 2838 imperator,
1195 2783 1327 2838 quae
1363 2765 1451 2821 vel
1515 2765 1872 2822 benevalenti

219 2857 548 2931 periculosa
581 2857 728 2913 foret
759 2874 772 2913 :
809 2860 1029 2929 quanto
1051 2872 1189 2928 ergo
1222 2857 1410 2928 magis
1458 2854 1694 2909 inﬁrmo
1755 2871 1875 2909 cer-

223 2952 340 3002 tam
376 2947 623 3002 allatura
654 2946 974 3018 perniciem
1005 2946 1302 3001 videretur
1347 2945 1506 3017 (nam
1540 2946 1874 3000 confractus

235 3035 509 3090 aerumnis
559 3034 859 3106 praeteritae
907 3034 1127 3090 aestatis
1151 3034 1221 3089 ab
1256 3033 1606 3104 imperatore
1638 3033 1876 3088 morbus

225 3122 329 3178 etsi
370 3122 657 3194 aliosipso
676 3123 899 3178 celante
947 3123 1189 3188 latebat,
1215 3127 1555 3193 perspectus
1600 3125 1872 3193 Augustae

220 3216 415 3268 tamen
447 3215 614 3282 erat),
645 3212 805 3267 omni
834 3229 941 3285 ope
963 3228 1259 3267 removere
1281 3213 1470 3267 virum
1513 3212 1585 3268 ab
1619 3211 1727 3266 hoc
1774 3211 1868 3266 iti-

218 3317 354 3357 nere
385 3300 757 3373 suscipicndo
791 3302 1134 3357 conabatur.
1172 3303 1233 3356 In
1269 3318 1384 3373 quo
1407 3318 1522 3358 non
1555 3300 1871 3356 artiﬁcioso

216 3391 460 3446 circuitu
488 3395 592 3446 aut
637 3407 739 3462 per
786 3391 1058 3462 obliquos
1107 3393 1410 3447 anfractus
1465 3392 1870 3462 grassabatur,

216 3483 308 3536 sed
337 3481 532 3552 palam
567 3481 888 3536 damnabat
911 3479 1222 3536 consilium
1256 3481 1748 3553 eundi,elareque
1767 3481 1866 3536 de-

218 3571 527 3625 nuntiabat
557 3570 969 3642 gravissimam
1002 3586 1106 3625 nec
1137 3570 1307 3626 aliter
1346 3587 1522 3642 quam
1557 3572 1717 3626 domi
1745 3585 1872 3641 per-

217 3661 510 3715 manando
540 3659 871 3714 evitabilem
924 3657 1075 3715 526
1103 3660 1417 3731 perniciem
1466 3659 1577 3714 ista
1624 3659 1732 3730 ipsi
1777 3675 1874 3714 ex-

217 3750 512 3821 peditione
539 3749 692 3803 cudi.
723 3749 977 3819 Ejusque
1026 3752 1093 3804 ad
1132 3749 1316 3804 virum
1362 3749 1449 3804 hae
1490 3749 1708 3819 saepius
1767 3748 1868 3803 ite-

218 3848 351 3893 ratae
396 3854 565 3893 voces
620 3842 820 3892 erant:
856 3841 994 3901 Quae
1041 3844 1119 3903 te,
1154 3837 1400 3904 malum,
1432 3837 1758 3909 praecipitat
1788 3837 1875 3890 in-

219 3929 499 3999 quietudo
557 3926 1066 3983 inconsultissima
1105 3928 1133 3983 ?
1185 3928 1323 3998 quin
1359 3929 1546 3998 parcis
1571 3944 1722 3998 aegro
1746 3944 1870 3982 cor-

217 4017 341 4088 pori
372 4017 398 4070 ?
425 4033 532 4073 cur
562 4017 800 4072 dubiam
835 4016 1231 4072 valetudinem
1260 4017 1320 4072 in
1351 4021 1574 4072 certum
1633 4015 1874 4072 exitium

217 4106 506 4178 proiicis?
533 4122 660 4178 quae
691 4105 837 4160 tanti
871 4106 1112 4161 demum
1169 4106 1274 4161 tibi
1316 4123 1407 4161 res
1448 4111 1550 4162 aut
1597 4121 1732 4177 spes
1786 4109 1877 4161 est

217 4211 392 4266 quam
427 4193 1121 4264 vitemanifestajactura
1157 4200 1311 4251 recte
1327 4198 1498 4267 putes
1512 4195 1823 4251 emendem
1846 4193 1874 4248 Ἰ

214 4282 345 4338 Haec
389 4283 472 4338 ita
521 4281 838 4354 pulsabant
876 4281 1245 4354 imperatoris
1287 4301 1481 4351 aures,
1517 4288 1580 4339 ut
1608 4284 1873 4339 animum

217 4389 452 4445 quoque
532 4375 968 4427 commoverant
1051 4372 1280 4440 intime,
1363 4377 1876 4445 perterrerentque

217 4463 460 4518 sinistro
532 4460 709 4516 etiam
785 4460 982 4516 omine
1056 4467 1112 4516 et
1185 4462 1576 4534 auguratione
1649 4463 1874 4518 infauta

216 4550 544 4607 tristissimi
595 4565 928 4606 successus.
983 4549 1094 4605 Sed
1146 4555 1203 4606 et
1248 4551 1372 4622 ipse
1417 4551 1606 4606 morbi
1659 4567 1872 4606 sensus

2081 575 2128 632 8‘
2263 585 2285 595 “’
2343 579 2380 633 ἐ·
2443 579 2497 614 ⁸-
2562 581 2574 598 ⁵
2715 585 2738 596 ⁹
3091 582 3103 600 ’
3441 580 3463 615 έ
3525 578 3548 598 ’⁵
3600 580 3613 599 ¹

1996 599 2070 650 μη
2117 599 2138 633 ε
2195 601 2314 641 τοις
2373 599 2494 640 mo,
2551 591 2842 654 αγνοεισθα
2887 580 2954 636 τὰ
3000 579 3256 656 δρωμενα
3311 578 3680 657 διορρωοου-,

1991 687 2089 736 σης
2116 669 2176 722 τὸ
2212 667 2440 742 μέλλον,
2473 669 2509 739 ἢ
2546 667 2760 740 μᾶλλον
2810 667 3296 749 προεροιϐαζοῦσης
3324 678 3426 740 τῆς
3459 673 3645 745 ψυχῆς

1991 754 2200 825 ἐκείνης
2235 759 2292 812 τὸ
2326 753 2766 832 συμϐησόμενον,
2819 757 3328 834 ἐπιτεταραγμένως
3388 761 3502 812 οἷον
3557 758 3648 813 καὶ

1987 845 2338 918 ἀνειμένως»
2401 848 2676 922 βασιλεὺς,
2723 852 2823 920 τὴν
2869 856 2968 919 τῆς
3023 848 3312 920 δεσποίνης
3373 846 3639 924 ὀρρωδίαν

1987 937 2088 990 οὐκ
2119 937 2315 1010 ἀγαθὸν
2350 937 2539 992 οἶωνόν
2591 939 2810 1014 κρίνων,
2867 945 2984 1002 τοῖς
3030 939 3336 1014 γνωρίμοις
3380 941 3639 1010 συνταξά-

1989 1045 2148 1097 μενος
2175 1025 2354 1098 ἔξεισι.
2408 1027 2503 1081 Καὶ
2537 1025 2602 1097 δὴ
2653 1025 2816 1104 μέχρι
2871 1025 3185 1104 Σηλυϐρίας
3219 1027 3378 1088 αὐτός
3430 1047 3489 1082 τε
3545 1026 3636 1082 καὶ

1983 1113 2173 1177 παῖδες
2229 1114 2423 1178 ’ίπποις
2483 1116 2765 1191 χρώμενοι
2820 1113 3004 1192 ᾔεσαν·
3069 1117 3182 1173 ἐπεὶ
3218 1115 3274 1172 δὲ
3321 1118 3385 1171 τὰ
3413 1119 3511 1181 τῆς
3545 1117 3634 1170 νό-

1983 1225 2078 1257 σου
2144 1201 2392 1259 ἐπεδίδου
2452 1207 2541 1260 καὶ
2631 1205 2729 1262 οὐκ
2781 1208 2848 1276 ἧν
2913 1205 3151 1282 βαδίζειν
3211 1206 3411 1262 ἐκεῖνον
3468 1208 3628 1278 πεζῇ,

1979 1291 2180 1348 ἐκεῖθεν
2225 1293 2466 1367 Θαλάσσῃ
2517 1295 2728 1365 καῖνηῗ
2777 1293 3060 1370 διεγνώκει
3114 1295 3278 1370 μέχρι
3325 1292 3632 1348 Ῥαιδεστοῦ

1978 1389 2238 1455 χρῆσθαι.
2295 1385 2390 1439 Καὶ
2442 1385 2535 1456 ἅμ’
2587 1381 2868 1458 ἐμϐάντων
2911 1385 3269 1460 (ἠγγέλλοντο
3313 1383 3416 1460 γὰρ
3476 1381 3634 1459 ἐγγὺς

1979 1467 2125 1534 ὄντες
2176 1473 2264 1526 καὶ
2310 1473 2572 1548 Τὸχαροι,
2625 1474 2714 1528 καὶ
2764 1474 2861 1529 οὐκ
2907 1475 2974 1544 ἧν
3026 1470 3424 1537 ἀναϐάλλεσθαι
3453 1475 3488 1542 ἢ
3527 1472 3634 1544 μὴν

1977 1560 2199 1633 ἀμελεῖν
2282 1561 2372 1616 καὶ
2453 1560 2541 1617 διὰ
2605 1565 2703 1632 τήν
2763 1563 2922 1619 νόσον
2985 1564 3377 1640 ὑπερτίθεσθαι·
3440 1561 3631 1616 ἐκακο-

1977 1647 2281 1725 σπλάχγνει
2338 1650 2438 1726 γὰρ
2481 1653 2568 1706 καὶ
2619 1658 2728 1708 τῶν
2789 1653 3029 1728 ἐγκάτων
3092 1653 3386 1730 ἁρῥώστως
3436 1651 3628 1725 εἶχεν),

1974 1739 2087 1811 ἅμα
2117 1739 2296 1794 τοίνυν
2331 1736 2611 1814 ἐμϐάντων
2648 1742 2813 1796 αὐτοῦ
2851 1765 2910 1798 τε
2957 1744 3047 1797 καὶ
3077 1741 3288 1798 παίδων
3323 1741 3632 1818 στοχαστής

1973 1849 2055 1890 τις
2088 1828 2146 1882 ἃν
2176 1831 2322 1902 τότε,
2369 1829 2460 1884 καὶ
2514 1831 2652 1906 πρὸς
2698 1833 2798 1900 τὴν
2830 1836 2937 1886 τῶν
2976 1830 3293 1906 μελλόντων
3324 1838 3524 1908 γνῶσιν
3577 1832 3634 1906 ἐξ

1975 1916 2262 1992 ἀγχινοίας
2313 1917 2528 1983 οἰκείως
2571 1918 2738 1996 ἔχων,
2789 1919 3069 1984 εὖσκόπως
3126 1922 3220 1995 ἅμ’
3259 1921 3310 1992 ἐξ
3343 1923 3512 1988 αὐτῆς
3565 1923 3628 1977 τὸ

1981 2005 2184 2078 μὲλλον
2213 2005 2274 2061 ἃν
2300 2006 2656 2063 κατετόπασεν
2668 2055 2680 2067 .

1981 2158 2082 2222 λς’.
2143 2164 2325 2222 Ὅπως
2368 2156 2715 2238 ,κινδυνεῆων
2764 2162 2904 2238 κατᾲ
2961 2160 3230 2238 θάλασσαν
3292 2164 3320 2218 ὁ
3385 2163 3638 2238 βασιλεὺς

2366 2230 2583 2307 ὕστερον
2614 2231 2847 2303 ἐξελθὼν
2881 2233 3249 2306 ἐτελεύτησεν.

2054 2367 2141 2438 [Ρ.
2179 2367 2306 2438 358]
2338 2364 2547 2443 Α’ίφνης
2578 2367 2678 2444 γὰρ
2730 2365 2909 2430 εὐδίας
2969 2366 3138 2440 οὔσης
3185 2368 3321 2441 πρὸς
3350 2367 3413 2424 τὰ
3443 2388 3639 2444 χειμε-

1987 2454 2247 2530 ριώτερον
2284 2450 2619 2527 μετέϐαλλεν
2678 2457 2946 2533 ὁκαιρὸς,
2997 2457 3241 2522 θάλασσᾶ
3289 2479 3349 2514 τε
3409 2461 3444 2528 ἡ
3503 2458 3641 2520 τὲως

1985 2676 2102 2731 fere
2134 2677 2473 2748 nuptiarum
2507 2695 2537 2734 e
2559 2679 2688 2733 filia:
2720 2679 2978 2736 thalamo
3038 2683 3371 2752 abreptum,
3433 2697 3634 2737 secum

1986 2765 2265 2836 prodiens
2294 2767 2483 2835 duxit;
2519 2769 2673 2840 quod
2693 2786 2992 2841 nunquam
3026 2769 3262 2840 faceret,
3297 2771 3345 2825 si
3377 2770 3638 2826 hiemare

1985 2854 2046 2908 in
2083 2856 2450 2926 expeditione
2480 2857 2813 2929 cogitasset.
2879 2859 3029 2931 Ergo
3088 2859 3241 2914 inter
3297 2858 3429 2915 illas
3488 2877 3639 2932 quas

1985 2944 2104 2998 dixi
2141 2944 2438 3000 ominosas
2471 2947 2919 3003 reclamationes
2975 2949 3276 3020 Augustas,
3335 2965 3462 3020 quae
3523 2967 3638 3004 non

1985 3032 2068 3087 ita
2086 3035 2435 3105 tegebantur
2449 3035 2922 3106 penenetralibus
2938 3036 3106 3108 regia:
3120 3036 3259 3108 quin
3279 3037 3349 3092 ad
3371 3037 3639 3094 notitiam

1985 3126 2358 3177 externorum
2391 3129 2788 3194 erumperent,
2823 3125 3096 3181 turbalus
3147 3126 3391 3196 augurio
3444 3131 3500 3182 et
3548 3144 3642 3182 se-

1985 3216 2143 3266 creta
2165 3212 2570 3284 praesagitione
2595 3213 2809 3268 mentis
2832 3213 3268 3281 exhorrescens,
3295 3214 3642 3272 obfirmatus

1989 3305 2181 3356 tamen
2215 3302 2273 3355 in
2307 3303 2626 3373 proposito,
2664 3302 2785 3358 vale
2817 3303 3161 3359 necessariis
3192 3303 3368 3372 dicto,
3411 3306 3641 3376 egredi-

1985 3394 2085 3445 tur
2114 3391 2288 3459 urbe;
2316 3407 2381 3446 ac
2412 3389 2735 3464 Selybriam
2788 3392 2934 3448 527
2965 3409 3151 3464 usque
3181 3393 3306 3462 ipse
3337 3410 3468 3449 cum
3505 3394 3641 3450 {iliis

1986 3479 2158 3551 equis
2197 3486 2422 3549 vectus,
2481 3496 2612 3534 cum
2671 3480 3027 3536 invalescere
3067 3482 3337 3537 morbum
3399 3483 3643 3538 sentiret

1987 3585 2091 3623 nec
2121 3569 2318 3624 itineri
2350 3568 2613 3624 terrestri
2640 3570 2765 3639 jam
2828 3574 2983 3626 esset
3031 3586 3152 3641 par,
3211 3570 3357 3625 mari
3403 3575 3458 3626 et
3497 3588 3643 3626 nave

1985 3657 2240 3712 decrevit
2269 3674 2457 3729 usque
2488 3659 2560 3713 ad
2594 3657 2969 3715 Rhsedestum
3019 3660 3126 3714 uti.
3185 3661 3641 3716 Conscendenti-

1981 3746 2144 3802 tibus
2200 3747 2534 3817 supervenit
2609 3750 2854 3803 nuntius
2912 3749 3181 3804 indicans
3256 3750 3316 3804 in
3377 3749 3639 3820 proximo

1984 3852 2114 3891 esse
2144 3835 2458 3907 Tocharos,
2483 3840 2548 3891 ut
2578 3838 2892 3893 cunctandi
2921 3839 3047 3908 jam
3082 3838 3338 3910 amplius
3392 3839 3640 3895 facultas

1982 3925 2146 3980 nulla
2173 3931 2437 3991 restaret,
2463 3927 2564 3980 sed
2631 3927 3011 3997 quantumvis
3053 3930 3375 3983 retardaret
3398 3929 3640 3984 morbus

1983 4013 2422 4084 ingravescens,
2454 4015 2681 4069 occasio
2732 4031 2950 4086 urgens
2997 4017 3329 4073 necessario
3361 4016 3640 4084 traheret,

1981 4103 2170 4158 Causa
2204 4102 2532 4175 languoris,
2579 4119 2695 4175 quo
2749 4103 2806 4157 in
2851 4103 3024 4159 horas
3084 4105 3274 4176 magis
3335 4105 3640 4177 magisque

1985 4191 2424 4262 debilitabafur,
2485 4193 2544 4247 in
2602 4191 2927 4246 visceribus
3000 4192 3154 4247 male
3209 4191 3434 4247 affectis
3493 4197 3640 4263 erat,

1983 4296 2237 4352 eumque
2269 4280 2474 4337 intime
2506 4282 2624 4337 acri
2658 4282 2983 4336 admonens
3017 4282 3106 4336 sui
3141 4298 3318 4337 sensu
3341 4282 3638 4338 turbabat.

1986 4388 2058 4426 ne
2086 4371 2235 4427 bene
2291 4386 2527 4444 sperare
2579 4375 2796 4443 posset.
2828 4370 2943 4426 Nec
2996 4371 3164 4426 illum
3227 4371 3641 4426 consternabat

1985 4459 2177 4515 solum
2203 4460 2399 4516 minax
2421 4476 2635 4516 mceror
2658 4459 2902 4532 auspicii
2920 4461 3155 4528 funesti;
3187 4461 3363 4515 uenio
3395 4459 3454 4514 in
3481 4459 3640 4514 illam

1985 4566 2119 4604 cum
2152 4567 2216 4605 eo
2244 4550 2587 4605 conscendit
2621 4565 2844 4616 navem,
2879 4549 2980 4621 qui
3013 4549 3169 4604 mala
3198 4547 3420 4605 solvere
3473 4547 3636 4604 illam

218 4657 320 4711 per
381 4638 583 4695 vitalia
613 4632 943 4711 grassantis
1004 4637 1173 4694 facile
1222 4640 1453 4695 conscio
1513 4641 1877 4695 monstrabat
1909 4625 1953 4690 D
1985 4638 2122 4694 alite
2152 4642 2208 4693 et
2245 4655 2484 4694 cursum
2540 4639 2853 4694 exitiosum
2913 4639 3190 4695 inchoare
3251 4638 3638 4693 ominaretur.

216 4729 375 4784 haud
397 4727 548 4784 vires
605 4745 761 4783 nunc
791 4729 1098 4798 suppetere
1155 4726 1378 4782 militiae
1429 4727 1750 4800 praesertim
1787 4727 1875 4783 hi-

218 4819 410 4873 bernae
469 4817 771 4873 laboribus
833 4815 1111 4872 ferendis.
1145 4815 1332 4887 Igitur
1359 4821 1656 4888 utcunque
1687 4817 1874 4872 simu-

221 4906 372 4963 labat
405 4907 588 4977 aliud,
620 4921 817 4961 revera
847 4921 963 4960 non
997 4904 1152 4960 ultra
1191 4905 1499 4961 Thraciam
1545 4907 1878 4962 decreverat

214 4996 528 5070 progredi;
571 4993 1039 5065 destinabatque,
1091 4994 1230 5050 visis
1273 4994 1353 5050 ibi
1387 4994 1688 5065 Tocharis,
1712 5000 1770 5051 et
1799 4996 1870 5050 ad

213 5103 336 5143 rem
371 5092 605 5142 strenue
629 5083 942 5156 gerendam
1003 5083 1282 5139 animatis
1337 5087 1497 5156 cum,
1523 5084 1873 5141 allocutione

211 5181 338 5230 tum
364 5175 554 5245 donis,
589 5190 706 5229 non
728 5173 967 5244 quidem
1003 5173 1063 5227 in
1096 5171 1324 5228 hostem
1357 5190 1458 5230 eos
1503 5191 1620 5230 una
1669 5190 1868 5230 secum

210 5264 554 5334 ducere,sed
579 5267 889 5334 postquam
919 5277 1019 5316 eos
1043 5265 1199 5317 esset
1228 5262 1544 5319 comitatus
1565 5262 1868 5334 aliquanto

209 5355 340 5425 ejus
371 5353 475 5408 viae
507 5351 721 5424 spatio,
755 5351 1198 5405 commendatos
1248 5352 1502 5424 suis,qui
1538 5369 1708 5425 porro
1731 5369 1865 5407 cum

211 5444 305 5513 iis,
341 5444 650 5514 pergerent
678 5443 735 5494 et
757 5438 877 5494 vice
899 5437 991 5493 sui
1018 5438 1156 5510 quid
1193 5440 1314 5494 ﬁeri
1364 5440 1534 5496 vellet
1589 5441 1863 5513 praecipe-

213 5537 367 5597 rent,
403 5533 530 5603 ipse
564 5528 858 5584 dimittere
891 5543 957 5582 ac
988 5528 1073 5582 sic
1103 5529 1310 5585 reverti
1364 5530 1628 5586 domum.
1680 5531 1864 5600 llujus

212 5622 413 5682 arcani
470 5617 699 5678 consilii
756 5618 994 5690 signum
1051 5617 1183 5688 fuit,
1216 5621 1372 5691 quod
1427 5637 1546 5676 una
1575 5635 1777 5677 secum
1807 5623 1864 5678 et

213 5711 370 5771 ﬁlios
399 5714 458 5768 et
488 5724 756 5784 generos,
789 5704 966 5764 etiam
996 5703 1194 5780 ipsum
1242 5707 1529 5768 Joannem
1578 5708 1862 5783 postridie

1987 4728 2245 4791 Quorum
2281 4728 2456 4784 facies
2485 4727 2582 4783 illo
2619 4726 2834 4799 pallore
2883 4729 3162 4783 attonitas
3195 4727 3296 4798 qui
3353 4732 3643 4796 cerneret,

1988 4833 2105 4871 non
2137 4834 2278 4872 sane
2300 4817 2552 4874 oraculis
2585 4823 2779 4888 egeret
2801 4817 2872 4871 ad
2933 4816 3430 4887 prasentiendum
3484 4817 3640 4886 quod

1985 4906 2266 4962 instaret.
2316 4907 2472 4962 Suus
2530 4907 2742 4977 cuique
2791 4921 2971 4977 sagax
3021 4906 3256 4961 animus
3303 4907 3464 4960 vates
3515 4908 3640 4961 erat

1983 4998 2179 5049 certus
2210 4995 2510 5050 occursuri
2544 5011 2677 5049 mox
2702 4994 2845 5066 ipsis
2876 4993 3202 5062 infortunii,
3244 4992 3505 5048 vaticinii
3562 4993 3636 5047 ﬁ-

1984 5083 2114 5138 dem
2147 5084 2344 5140 statim
2377 5084 2608 5156 explere
2637 5082 3061 5154 incipientibus
3089 5081 3333 5138 eventis.

1979 5242 2068 5296 36.
2107 5243 2167 5300 Ut
2198 5245 2254 5298 in
2289 5244 2434 5298 mari
2478 5243 2824 5315 periclitatus
2869 5242 3196 5314 imperator,
3230 5243 3432 5300 deinde
3481 5248 3636 5315 post-

2337 5332 2499 5386 quam
2539 5315 2851 5380 exscendit,
2893 5317 2966 5370 sit
3001 5320 3273 5372 mortuus.

2046 5441 2192 5496 Nam
2215 5440 2410 5496 subito
2437 5456 2505 5496 ex
2535 5457 2742 5496 sereno
2773 5438 2833 5494 in
2865 5441 3169 5497 turbidum
3193 5445 3461 5498 mutatur
3480 5444 3628 5497 tem-

1974 5545 2104 5601 pus,
2137 5534 2194 5585 et
2234 5545 2393 5586 mare
2437 5529 2603 5602 prius
2659 5529 3048 5602 tranquillum
3108 5531 3400 5601 efferatur,
3435 5529 3626 5587 valido

1971 5618 2369 5688 incumbente,
2396 5619 2589 5676 borea.
2622 5618 2736 5675 Nec
2784 5618 3082 5690 placidum
3124 5625 3323 5678 tenere
3380 5635 3622 5677 cursum

1970 5711 2198 5782 poterat
2227 5708 2394 5766 navis
2419 5705 2802 5783 imperatores
2831 5707 3071 5784 vehens,
3128 5713 3230 5767 sed
3280 5710 3417 5768 feris
3476 5724 3620 5767 con-
