4072 6450
219 487 321 542 991

1533 485 1830 539 GEORGII
1873 484 2337 544 PACHYMERIE

3549 486 3654 542 992

218 608 429 686 ἥμερος
463 605 770 684 ἐξηγρίαινε
805 607 1065 682 λαμπροῦ
1095 606 1353 670 πεσόντος
1401 611 1496 661 τοῦ
1550 605 1870 680 ἀπαρκτίου,
1905 612 1954 676 Α
1986 611 2190 687 φθάσας
2241 611 2556 690 τετύφλωτο
2590 656 2607 683 ,
2669 611 2744 673 ὡς
2821 612 2896 684 μή
2964 609 3200 674 ἐντελεῖς
3261 610 3362 672 τὰς
3422 610 3654 684 ὑποψίας

215 700 306 755 καὶ
335 699 434 753 οὐκ
460 699 525 768 ἦν
583 700 683 767 τὴν
746 697 872 760 τοὺς
935 697 1180 772 βασιλεῖς
1243 698 1471 772 ἄγουσαν
1499 701 1625 750 ναῦν
1688 697 1873 752 εὐστα-

219 794 354 857 θεῖν,
388 787 514 843 ἀλλ’
549 785 728 861 ὥσπερ
765 787 866 840 ὑπὸ
897 786 1151 858 κυμάτων
1195 785 1395 860 ἀγρίων
1440 784 1873 860 ἐνοχλουμένην,

216 876 350 951 τῇδε
377 878 594 931 κάκεῖσε
621 876 925 952 φερομένην
972 877 1278 949 ἀνάγωγον,
1335 873 1503 947 μηδὲν
1558 877 1876 930 ὑπείκουσαν

217 971 338 1027 τοῖς
395 965 775 1036 κελεύσμασιν,
838 961 1133 1038 αὔτανδρον
1195 967 1268 1026 ὡς
1329 964 1446 1039 εἶχε
1491 965 1878 1032 καταποντίζε-

221 1058 363 1121 σθαι,
399 1054 537 1108 ὥστε
568 1055 656 1107 καὶ
691 1051 963 1114 πολλάκις
998 1054 1092 1126 μὲν
1143 1051 1500 1117 καταδύεσθαι
1533 1053 1636 1108 οὐκ
1666 1051 1879 1117 ἐσαῦθις

224 1143 621 1215 ἀναδυομένην,
676 1142 997 1205 τοσαυτάκις
1046 1141 1104 1198 δὲ
1151 1143 1598 1215 ἀπελπιζομένην
1651 1140 1876 1198 ἀναδύε-

222 1239 339 1290 σθαι
380 1235 569 1306 πάλιν,
612 1236 698 1289 καὶ
744 1240 949 1289 νουτῶν
1003 1235 1354 1310 ἀπορούντων
1403 1236 1492 1290 καὶ
1541 1229 1877 1310 κυϐερνήτου

217 1325 370 1387 ὅπως
423 1325 722 1399 χρήσονται
766 1327 835 1396 τῇ
887 1322 1147 1397 θαλάσσῃ.
1195 1325 1334 1380 Τότε
1382 1324 1471 1378 καὶ
1503 1323 1594 1378 τὸν
1652 1322 1879 1398 βασιλέα

217 1421 471 1491 προφανῆ
502 1415 594 1467 τὸν
653 1411 904 1468 κίνδυνον
953 1412 1246 1488 βλέποντα,
1297 1412 1387 1467 καὶ
1420 1413 1542 1486 περὶ
1601 1414 1774 1484 ἐαυτῷ
1820 1433 1878 1466 τε

215 1503 304 1558 καὶ
357 1508 485 1557 πᾶσι
539 1507 657 1565 τοῖς
705 1501 888 1556 παισὶν
939 1499 1310 1577 ὀρρωδοῦντα,
1363 1501 1532 1556 εἷπεῖε
1589 1502 1726 1574 πρὸς
1782 1500 1876 1554 τὸν

217 1587 557 1667 κυϐερνήτην
594 1591 667 1652 ὡς
706 1590 1009 1665 ἀγωνιστέα
1053 1592 1141 1646 καὶ
1195 1593 1324 1667 ὑπὲρ
1377 1588 1628 1662 δύναμιν·
1683 1590 1727 1644 εί
1776 1589 1874 1664 γάρ

223 1682 298 1752 μὴ
354 1680 560 1753 κόσμον
621 1681 831 1743 πάντα,
892 1679 1017 1734 ἀλλ’
1067 1680 1158 1734 οὖν
1216 1678 1497 1752 Ῥωμαίδα
1554 1687 1724 1733 πᾶσαν
1787 1677 1876 1732 ἐπὶ

219 1769 384 1842 ξύλου
414 1771 558 1844 ἄγειν
622 1769 834 1845 ὀλίγου,
893 1768 1019 1830 τοὺς
1055 1769 1310 1844 βασιλέας
1361 1767 1584 1843 ἔχοντα.
1635 1768 1737 1825 Καὶ
1782 1767 1874 1822 τὸν

221 1860 467 1913 ἀπειπεῖν
552 1860 643 1932 μὲν
710 1859 908 1928 ὀκνεῖν,
990 1860 1064 1931 μή
1152 1859 1243 1914 καὶ
1304 1857 1551 1920 κίνδυνος
1625 1859 1878 1932 ἄντικρυς

1984 705 2223 772 ποιοῖτο,
2280 703 2342 756 τὸ
2374 698 2431 756 δέ
2459 723 2520 777 γε
2560 704 2657 755 τοῦ
2689 700 2996 775 Παχωμίου
3027 699 3240 775 χωρίον
3275 701 3342 754 τὸ
3377 701 3652 774 μόρσιμον

1986 788 2291 864 ἐξεπλήρου
2327 835 2338 847 .
2397 793 2487 852 Ὣς
2554 791 2657 865 γὰρ
2716 788 2887 844 ἐκεῖσέ
2942 810 3048 843 που
3103 789 3483 858 κατεσκήνουν
3542 791 3653 861 ἅμα

1991 880 2235 955 βασιλεῖς
2288 882 2376 935 καὶ
2440 881 2688 956 στρατὸς,
2747 881 2836 934 καὶ
2895 881 2928 949 ἡ
2983 881 3140 941 νόσος
3199 878 3454 934 ἐπέκειτο
3485 877 3650 933 πλέον

1986 966 2215 1047 ἔφθασαν
2279 968 2335 1024 δὲ
2390 971 2477 1025 καὶ
2541 971 2593 1024 οἱ
2649 966 2896 1045 Τόχαροι
2955 969 3282 1032 σπεύσαντες
3349 963 3651 1040 συμϐαλεῖν

1993 1057 2229 1134 βασιλεῖ,
2272 1059 2489 1133 βασιλεῖ
2523 1062 2617 1133 μὲν
2650 1059 2744 1114 οὐκ
2775 1059 2844 1127 ἦν
2867 1057 2980 1113 οὔθ’
3008 1057 3379 1131 ἱππαζομένῳ
3413 1061 3495 1131 [Ρ.
3530 1061 3656 1129 359]

1987 1150 2210 1220 ὁρᾶσθαι
2245 1145 2367 1203 οὔτε
2404 1151 2510 1221 μὴν
2546 1147 2763 1222 ὁμιλεῖν
2795 1147 2870 1210 εἷς
2912 1147 3069 1202 νόσον
3095 1146 3365 1220 κειμένῳ,
3429 1145 3519 1201 ὅτε
3566 1145 3654 1200 καὶ

1985 1239 2074 1292 τὸν
2110 1234 2422 1314 Νοέμϐριον
2469 1238 2836 1316 ὑπογράφοντι
2900 1231 3110 1310 συμϐὰν
3168 1237 3271 1298 τὰς
3328 1237 3434 1290 τοῦ
3489 1243 3656 1290 Νοκε-

1988 1329 2144 1398 ραίας
2202 1327 2515 1401 συμμῖξαι,
2581 1325 2826 1391 ἐπελθεῖν
2885 1325 3053 1380 εἴπεῖν
3115 1326 3336 1400 Λέγεται
3398 1325 3475 1387 ὡς
3536 1321 3652 1379 ἰδοὺ

1988 1414 2323 1473 συνέκλεισεν
2375 1419 2401 1471 ὁ
2468 1412 2796 1490 Νοέμϐριος.
2849 1415 2919 1470 Τὸ
2979 1413 3026 1469 δ’
3080 1414 3146 1484 ἦν
3215 1415 3527 1482 ὑπονοηθὲν
3580 1415 3651 1476 ὡς

1986 1505 2330 1561 συνέκλεισαν
2386 1507 2440 1560 αἱ
2497 1506 2716 1580 πράξεις
2772 1510 2850 1578 τῷ
2903 1501 3140 1578 βασιλεῖ,
3188 1511 3294 1574 τῆς
3347 1507 3540 1579 ψυχῆς
3593 1502 3653 1558 τό

1992 1595 2195 1668 μέλλον
2252 1592 2662 1665 ὑποδηλοῦσης.
2714 1596 2814 1648 ἿΙν
2878 1593 2969 1648 οὖν
3029 1598 3096 1667 τῇ
3151 1598 3252 1648 τοῦ
3307 1590 3492 1668 ῥαΐσαι
3558 1599 3656 1660 τῆς

1986 1684 2144 1738 νόσου
2215 1682 2519 1758 προσδοκίᾳ
2588 1683 2665 1745 είς
2727 1678 3002 1746 ἀναϐολὰς
3060 1683 3232 1747 τιθεὶς
3289 1683 3355 1737 τὸ
3413 1681 3654 1756 ἐντυχεῖν

1987 1774 2232 1829 ἐπιστᾶσι
2283 1781 2401 1838 τοῖς
2457 1776 2784 1850 Τοχάροις·
2863 1773 2978 1829 ἐπεὶ
3047 1769 3106 1828 δὲ
3167 1777 3202 1843 ἡ
3265 1775 3432 1834 νόσος
3491 1771 3652 1846 ἐκρα-

1985 1869 2204 1918 ταιοῦτο
2234 1862 2326 1918 καί
2374 1868 2455 1934 τῷ
2489 1864 2594 1918 ἀπὸ
2637 1863 2840 1934 ταύτης
2872 1862 2977 1918 δέει
3003 1864 3094 1918 καὶ
3124 1865 3159 1932 ἡ
3196 1862 3309 1917 ἀπὸ
3341 1865 3441 1916 τοῦ
3472 1858 3653 1921 ἔθνους

220 1947 560 2046 ἐξαγγέλλοι,
620 1950 942 2046 προτρέπειν
995 1946 1052 2004 δὲ
1080 1950 1171 2004 τὸν
1227 1949 1281 2046 ἐξ
1313 1950 1504 2004 ἑαυτοῦ
1539 1947 1706 2046 λόγον
1757 1952 1875 2009 τοῖς
1907 1984 1952 2046 Β
1990 1949 2234 2029 ὀῤῥωδία
2282 1959 2546 2022 συνῆπται
2579 1952 2664 2022 (οὐ
2711 1954 2812 2028 γὰρ
2871 1953 2939 2022 ἦν
2986 1950 3174 2016 ἄλλως
3207 1951 3458 2020 ἐλπίζειν
3489 1951 3524 2022 ἢ
3574 1971 3652 2004 χι-

218 2038 551 2112 πράγμασιν,
614 2039 688 2100 ὡς
741 2037 1030 2112 ἀναγκαῖον
1078 2039 1180 2106 ὃν,
1239 2038 1284 2092 εἷ
1347 2039 1421 2110 μή
1473 2039 1602 2099 Θεὸς
1651 2037 1874 2111 ἀρήγοι,

216 2133 404 2202 χανεῖν
435 2128 572 2202 πρὸς
611 2126 881 2182 Θάλασσαν
915 2131 1137 2188 πάντας
1176 2125 1318 2182 οὓτω
1367 2128 1455 2182 καὶ
1515 2128 1685 2201 τέχνη
1749 2146 1879 2180 ναυ-

214 2218 340 2285 τική
375 2221 519 2271 πᾶσα
546 2221 654 2271 τῶν
687 2213 953 2271 κινδύνων
1011 2219 1213 2285 ἡττᾶτο
1261 2216 1440 2291 σφίσιν
1501 2215 1561 2270 ἐκ
1609 2220 1734 2290 χρῷ
1764 2236 1876 2270 κει-

225 2304 422 2378 μένων.
457 2305 633 2367 Μόλις
661 2309 788 2381 γοῦν
819 2303 1222 2380 διαμαχόμενοι
1282 2306 1419 2374 πρός
1469 2326 1528 2359 τε
1586 2309 1733 2378 κῦμα
1788 2301 1878 2358 καὶ

220 2396 493 2450 θάλασσαν
525 2394 927 2470 ἀγριαίνουσαν,
956 2397 1043 2450 καὶ
1101 2394 1378 2460 πολλάκις
1427 2393 1585 2471 ἐγγὺς
1629 2393 1879 2457 ἐλθόντες

221 2489 319 2539 τοῦ
379 2482 714 2553 καταδῦναι,
762 2487 830 2550 τῆ
890 2482 1182 2557 Ῥαιδεστῷ
1224 2488 1526 2557 ἡμιθνῆτες
1589 2483 1649 2540 ἐκ
1705 2480 1880 2563 φόϐου

220 2573 615 2650 προσίσχουσιν
697 2577 906 2630 Ἐκεῖσε
933 2579 1059 2650 γοῦν
1117 2575 1196 2652 ἐφ’
1247 2576 1482 2651 ἡμέραις
1508 2581 1608 2645 τῆς
1630 2578 1879 2650 ταραχῆς

216 2662 500 2728 ἀνέσαντες
527 2664 616 2718 καὶ
647 2669 766 2725 τοῖς
792 2661 989 2726 ’ίπποις
1033 2664 1188 2727 αὖθις
1219 2664 1564 2738 χρησάμενοι
1617 2661 1878 2734 ἐξεληλα-

218 2751 378 2818 κότες
404 2753 570 2828 μέχρι
602 2753 692 2809 καὶ
721 2759 823 2822 τῆς
851 2750 1134 2827 Ἀλλαγῆς
1167 2754 1355 2830 χώρας
1385 2755 1754 2824 κατήντησαν.

298 2840 548 2916 Ἀλλαγῆ
584 2839 629 2897 δ’
675 2843 742 2910 ἦν
795 2840 972 2912 ἐκείνη
1023 2843 1141 2896 καθ’
1169 2843 1231 2912 ἣν
1275 2842 1366 2896 καὶ
1418 2843 1480 2896 τὸ
1535 2845 1632 2915 ζῇν
1683 2839 1884 2914 μεταλ-

229 2928 443 2986 λάττειν
475 2929 704 3007 ε’ίμαρτο
741 2934 822 3003 τῷ
867 2935 1178 3006 κρατοῦντν
1227 2930 1317 2986 καὶ
1367 2931 1394 2984 ὁ
1448 2931 1543 3004 μὲν
1579 2931 1885 3006 Παχώμιος

224 3166 402 3205 cussa
432 3148 712 3204 ﬂuctibus
743 3147 858 3203 huc
889 3148 1140 3204 subinde
1166 3153 1340 3220 atque
1362 3148 1502 3203 illuc
1523 3147 1882 3219 impingens,

226 3239 519 3311 planeque
542 3255 612 3293 an
647 3243 964 3293 nautarum
1020 3239 1267 3310 imperia
1323 3242 1662 3306 contumax,
1731 3235 1878 3290 nihil

227 3328 440 3383 certius
475 3328 802 3398 spondebat
834 3343 1011 3399 quam
1057 3327 1385 3400 proximam
1448 3325 1879 3381 demersionem

227 3418 317 3472 sui
340 3421 776 3490 vectorumque.
812 3418 955 3473 Nam
983 3421 1040 3472 et
1069 3433 1220 3489 saepe
1250 3417 1334 3471 ita
1364 3415 1802 3487 deprimebatur
1817 3418 1882 3467 ut

227 3523 533 3578 nunquam
558 3511 894 3579 speraretur
924 3522 1246 3573 emersura,
1283 3513 1402 3560 tam
1455 3503 1649 3558 nautis
1700 3519 1875 3575 quam

227 3596 356 3667 ipso
414 3597 807 3667 gubernatore
857 3596 1266 3667 ignorantibus
1321 3611 1441 3665 qua
1483 3594 1611 3664 jam
1670 3594 1722 3647 vi
1780 3596 1881 3648 aut

228 3689 352 3739 arte
384 3685 568 3740 maris
595 3685 849 3740 furorem
905 3683 1148 3740 eluctari
1190 3687 1452 3754 possent.
1497 3683 1662 3737 Tunc
1691 3681 1879 3752 impe-

227 3777 480 3828 ratorem
511 3774 706 3828 ferunt
749 3772 1070 3827 intuentem
1127 3771 1450 3844 periculum
1511 3787 1792 3842 praesens,
1825 3773 1883 3826 et

229 3879 342 3933 quo
368 3861 491 3918 loco
523 3879 643 3916 suae
676 3860 1049 3932 ﬁliorumque
1080 3879 1214 3934 spes
1249 3861 1459 3917 salutis
1499 3865 1697 3916 essent
1744 3876 1878 3915 cum

227 3952 468 4006 horrore
500 3955 890 4022 reputantem,
919 3950 1208 4007 navarcho
1251 3951 1469 4006 dixisse
1522 3951 1880 4005 contenden-

231 4041 372 4094 dum
408 4041 459 4095 ei
492 4040 695 4111 utique
745 4057 922 4112 supra
967 4041 1121 4096 vires
1165 4056 1330 4107 esse;
1383 4039 1431 4093 si
1475 4039 1674 4094 minus
1721 4037 1879 4093 enim

234 4130 522 4184 mundum
557 4130 710 4187 528
735 4129 1095 4186 universum.
1122 4130 1456 4185 universam
1481 4133 1637 4184 certe
1671 4127 1880 4182 Roma-

233 4235 370 4274 nam
402 4236 524 4274 rem
557 4219 766 4291 exiguo
793 4219 891 4276 illo
914 4219 1071 4292 ligno
1113 4219 1397 4274 contineri
1421 4235 1544 4289 quo.
1569 4217 1742 4272 ambo
1771 4219 1882 4271 im-

235 4312 529 4380 peratores
560 4308 931 4366 veherentur.
967 4314 1144 4363 Porro
1168 4307 1349 4371 hunc,
1376 4306 1534 4361 haud
1563 4323 1624 4361 se
1642 4306 1878 4376 quidem

231 4397 320 4452 vel
366 4413 629 4453 cessasse
662 4397 944 4454 hactenus
990 4397 1076 4452 vel
1137 4398 1499 4453 omissurum
1559 4395 1881 4464 quidquam

235 4485 296 4539 in
353 4491 654 4557 posterum
715 4492 960 4542 conatus
1011 4486 1434 4556 industriaeque
1486 4484 1882 4555 proﬁtentem,

237 4574 557 4643 addidisse,
604 4574 798 4631 verbis
857 4591 984 4646 qua
1017 4575 1161 4631 satis
1198 4579 1504 4646 appareret
1533 4573 1756 4628 nolenti
1788 4589 1882 4628 cx-

1986 2043 2246 2112 νηθέντας
2295 2041 2568 2118 ἀφανίζειν
2629 2042 2690 2096 τὸ
2747 2041 2882 2118 πρὸς
2939 2041 3123 2111 ποσὶν,
3184 2040 3403 2104 εἰωθὼς
3464 2037 3648 2100 ἄλλως

1987 2130 2264 2205 λῃστείαις
2322 2129 2530 2204 ἀποζῆν
2569 2173 2582 2198 ,
2656 2133 2753 2184 τοῦ
2813 2129 3084 2204 βασιλέως
3141 2128 3647 2203 μεταλλάξαντος),

1987 2218 2334 2294 ἀναγκασθεὶς
2368 2217 2433 2288 δὴ
2482 2216 2570 2273 διὰ
2597 2223 2764 2274 ταῦτα
2814 2220 2842 2273 ὁ
2894 2215 3150 2294 βασιλεὺς
3193 2216 3290 2273 καί
3345 2217 3438 2271 ἀπ’
3487 2216 3649 2270 αὺτοῦ

1987 2305 2290 2380 σκίμποδος
2322 2314 2424 2377 τῆς
2457 2305 2656 2379 ὀδῦνης
2689 2307 2903 2381 ὁμιλεῖν
2955 2309 3136 2383 σφίσιν
3189 2301 3358 2382 ἔγνω,
3417 2305 3508 2360 καὶ
3535 2308 3648 2365 τοῖς

1993 2399 2087 2471 μὲν
2119 2397 2383 2467 πλήθεσιν
2419 2394 2609 2458 ἄλλως
2644 2395 2695 2459 ἐς
2730 2397 2888 2472 χάριν
2943 2400 3145 2465 ποιεῖν,
3203 2395 3337 2458 τοὺς
3391 2393 3450 2450 δέ
3479 2394 3532 2469 γ’
3563 2390 3652 2467 ἅρ-

1989 2507 2192 2562 χοντας
2222 2490 2369 2562 σφῶν
2405 2485 2703 2562 εἰσαγαγεῖν
2735 2507 2794 2540 τε
2834 2485 2925 2541 καὶ
2954 2487 3023 2541 τὰ
3075 2488 3429 2561 προσήκοντα
3487 2482 3650 2538 εἷπεῖν

1988 2577 2169 2630 τεκαὶ
2221 2576 2470 2632 ἀκοῦσαι.
2530 2576 2668 2632 Τότε
2721 2576 2908 2630 τοίνυν
2966 2575 3057 2630 καὶ
3104 2574 3654 2651 παρασκευασάμενος

1992 2665 2067 2726 ὡς
2115 2664 2280 2735 εἰκὸς,
2331 2665 2422 2720 καί
2470 2685 2530 2740 γε
2582 2663 2710 2727 τοὺς
2763 2665 2998 2727 οἰκείους
3055 2664 3138 2742 ἐφ’
3198 2665 3429 2739 ἑκάτερα
3480 2681 3650 2737 παρα-

1993 2755 2217 2824 στήσας,
2245 2753 2408 2816 αὐτὸς
2434 2753 2525 2809 καὶ
2579 2753 2670 2830 βίᾳ
2714 2757 3022 2828 καθήμενος
3067 2752 3157 2809 ἐπὶ
3187 2749 3528 2827 σκίμποδος,
3584 2749 3654 2811 ὡς

1993 2843 2022 2896 ὁ
2051 2843 2240 2918 καιρὸς
2272 2839 2452 2898 ἐδίδου
2483 2843 2572 2897 καὶ
2615 2844 2684 2898 τὰ
2712 2844 2828 2898 κατ’
2873 2843 3037 2899 αὐτὸν
3094 2844 3405 2920 πράγματα
3457 2838 3651 2914 ἐνεχώ⁸

1993 2950 2146 3004 ρουν,
2205 2931 2419 3008 ὀλίγοις
2483 2931 2592 2987 τισὶ
2650 2931 2844 3007 λόγοις
2899 2933 2998 3001 τὴν
3062 2932 3291 2988 ἐκείνων
3352 2931 3649 3009 ἀφωσιοῦτο

1994 3147 2318 3204 formidata
2341 3149 2552 3205 fuisset
2580 3148 2877 3206 successio
2902 3150 3030 3220 ejus
3063 3148 3122 3204 in
3149 3149 3646 3222 imperium.Agcr

1992 3253 2164 3309 porro
2211 3237 2303 3293 cui
2342 3238 2643 3294 Paehomii
2676 3254 2889 3295 nomen
2928 3256 2960 3294 a
3010 3237 3258 3295 domino
3309 3238 3640 3302 adhaeserat,

1993 3327 2214 3399 vulgati
2249 3327 2671 3398 oraculi,cujus
2695 3328 3052 3400 ambiguitas
3075 3333 3425 3401 suspectum
3460 3325 3638 3382 reddi-

1989 3416 2153 3470 derat
2188 3417 2763 3484 Pachomium,fatali
2791 3421 2996 3472 eventu
3021 3417 3200 3472 ﬁdem
3227 3415 3630 3488 explevit.Cum

1990 3505 2147 3561 enim
2173 3505 2252 3560 ibi
2279 3507 2411 3562 ﬁxis
2428 3507 2696 3563 tentoriis
2716 3507 3004 3562 haererent
3021 3507 3414 3577 imperatores
3437 3503 3637 3576 pariter

1989 3597 2047 3650 et
2075 3595 2386 3662 exercitus,
2420 3595 2763 3667 ingravatus
2814 3595 3030 3651 seniori
3081 3599 3351 3668 Augusto
3410 3591 3638 3648 morbus

1990 3687 2101 3739 est.
2139 3685 2352 3739 Eodem
2389 3702 2560 3755 porro
2595 3684 2755 3740 brevi
2801 3690 3185 3740 accurrerunt
3236 3681 3524 3740 festinatis
3554 3694 3638 3733 ac-

1991 3772 2089 3828 citi
2123 3771 2348 3828 nuntiis
2378 3772 2664 3829 Tochari:
2701 3773 2800 3828 sed
2832 3772 2906 3828 iis
2933 3773 3047 3828 frui
3094 3787 3210 3827 non
3256 3772 3423 3827 licuit
3455 3768 3637 3841 optato

1990 3861 2268 3932 utrinque
2293 3861 2995 3934 conspectu,imperatore
3024 3862 3379 3916 decumbere
3401 3860 3472 3914 ob
3497 3871 3637 3911 mor-

1992 3949 2132 4004 bum
2167 3952 2464 4016 coacto,ac
2497 3950 2644 4005 nein
2679 3965 2831 4020 equo
2855 3949 3093 4020 quidem
3123 3948 3355 4005 valente
3388 3963 3447 4002 se
3475 3941 3637 4000 sociis

1992 4037 2648 4109 ostendere,coramque
2672 4037 2901 4105 illos,ut
2920 4036 3378 4108 cuperet,aﬂ‘a‘ri,
3415 4031 3635 4106 quando

1992 4131 2050 4182 et
2078 4127 2126 4182 ei
2162 4128 2410 4198 contigit
2440 4132 2506 4183 ut
2539 4130 2735 4183 nescio
2767 4127 2860 4183 cui
2903 4127 3101 4183 libello
3151 4124 3634 4196 subscriptionem

1989 4215 2050 4269 in
2081 4214 2229 4270 lecto
2262 4231 2562 4286 apponens
2592 4215 2838 4288 regiam,
2869 4215 2927 4269 in
2975 4214 3349 4286 expressione
3371 4206 3639 4281 temporis

1994 4303 2146 4360 529
2179 4303 2372 4364 solita.
2410 4319 2673 4360 mensem
2727 4303 2826 4377 qui
2857 4309 2984 4358 tum
3016 4303 3075 4358 in
3109 4320 3288 4359 cursu
3339 4302 3479 4368 erat,
3530 4295 3634 4351 No-

1990 4394 2312 4462 vembrem,
2340 4392 2508 4448 litera
2536 4393 2583 4448 N
2607 4393 2964 4465 designaret,
2998 4391 3267 4463 apicibus
3291 4385 3630 4460 quibusdam

1994 4481 2291 4551 adjunetis
2322 4482 2418 4550 qui
2453 4481 2816 4553 reliquorum
2849 4483 2978 4552 ejus
3027 4479 3296 4537 vocabuli
3328 4477 3630 4534 elemento-

1996 4587 2127 4625 rum
2177 4570 2361 4625 vicem
2410 4569 2739 4642 explerent,
2792 4587 2857 4625 ac
2907 4570 3170 4626 chartam
3226 4571 3310 4624 ita
3357 4567 3633 4637 signatam

240 4680 444 4733 pressa
473 4664 655 4720 irritis
678 4664 1092 4736 experimentis
1133 4669 1452 4719 conatuum
1497 4678 1890 4731 summorum,
1922 4664 1970 4728 D
2001 4659 2254 4715 reddens
2287 4660 2542 4715 diceret:
2574 4681 2604 4711 «
2635 4661 2778 4715 Ecce
2807 4660 3125 4716 conclusus
3147 4656 3473 4715 November
3500 4654 3634 4706 est.»

235 4753 408 4808 vitari
442 4753 601 4808 nulla
630 4754 682 4809 vi
727 4769 920 4826 posse,
982 4753 1098 4809 nisi
1154 4753 1309 4810 Deus
1367 4753 1691 4824 adjuvaret,
1752 4751 1895 4823 quin

239 4843 456 4911 pariter
485 4859 687 4899 omnes
735 4843 936 4899 hiante
984 4843 1131 4899 mari
1184 4842 1680 4909 absorberentur;
1742 4841 1888 4896 adeo

237 4932 432 5003 palam
463 4933 614 4989 vinci
659 4949 894 4989 omnem
940 4938 1124 4989 artem
1176 4933 1475 4988 nauticam
1523 4931 1892 4987 vehementia

237 5021 570 5093 ingruentis
594 5022 750 5078 mali.
787 5023 1048 5080 Tandem
1080 5026 1343 5078 extrema
1373 5021 1471 5076 diu
1517 5020 1890 5077 contentione

239 5110 523 5166 obluctati
553 5112 832 5168 ﬂuctibus
865 5129 931 5167 ac
959 5112 1170 5184 ventis,
1203 5117 1259 5166 et
1289 5127 1441 5182 saepe
1479 5111 1550 5166 ad
1612 5109 1889 5164 ultimum

241 5198 625 5256 demersionis
656 5201 872 5255 admoti
905 5201 1246 5271 discrimen,
1307 5199 1684 5256 Rhaadestum
1729 5202 1888 5254 metu

239 5287 562 5344 semineces
583 5288 890 5360 appellunt
920 5289 1005 5344 Ibi
1039 5289 1247 5345 diebus
1281 5289 1482 5360 paucis
1513 5305 1542 5344 e
1565 5288 1891 5359 jactatione

240 5377 506 5444 recreati,
540 5376 709 5450 equis
735 5393 972 5432 rursum
1017 5378 1307 5434 inscensis
1341 5377 1591 5446 pervecti
1645 5375 1888 5448 Allagcn

243 5471 402 5520 sunt.

313 5555 443 5611 Haec
475 5554 754 5612 nimirum
788 5553 990 5626 Allage
1019 5554 1184 5610 locus
1218 5559 1364 5624 erat,
1418 5556 1518 5612 ubi
1559 5556 1685 5610 vitae
1716 5555 1892 5610 ﬁnem

242 5643 583 5718 imperatori
615 5660 998 5702 occursurum
1029 5643 1393 5699 irrevocabili
1434 5645 1571 5700 olim
1604 5645 1758 5701 Deus
1790 5645 1892 5699 de-

245 5738 398 5788 creto
427 5734 734 5790 statuerat.
766 5735 956 5805 Atque
985 5731 1083 5787 ille
1114 5731 1354 5803 quidem
1376 5741 1699 5790 excaecatus
1723 5736 1896 5788 antea

238 5818 599 5877 Pachomius
628 5821 964 5880 ostenderat
1002 5837 1183 5894 quam
1234 5820 1400 5879 vanis
1448 5820 1893 5893 suspicionibus

2007 4751 2234 4815 Quibus
2263 4749 2452 4805 altiori
2487 4766 2665 4822 quam
2688 4767 2801 4821 quo
2831 4749 2959 4821 ipse
3013 4749 3260 4821 loquens
3295 4741 3634 4820 penetraret,

2000 4839 2337 4911 signiﬁcatu
2362 4839 2736 4894 indicabatur
2757 4843 2886 4896 acta
2909 4837 3250 4911 imperatori
3283 4837 3492 4892 cuncta
3508 4843 3634 4884 con-

1999 4928 2186 4995 clusa,
2212 4928 2598 5000 praesagiente
2621 4928 2678 4983 id
2712 4928 2903 4999 ipsius
2935 4927 3154 4993 anima,
3175 4930 3232 4982 et
3260 4923 3418 4981 istud
3447 4919 3630 4992 ipsum

2001 5016 2317 5089 augurium
2341 5017 2414 5072 iis
2433 5017 2627 5073 verbis
2649 5017 3192 5074 eﬁ'erenteJnterim
3224 5006 3635 5085 exspectatione

2001 5106 2263 5162 melioris
2285 5107 2557 5162 redituras
2587 5106 2945 5162 valetudinis
2977 5105 3356 5161 differebatur
3379 5107 3630 5168 congres-

2001 5213 2106 5252 sus
2138 5195 2469 5266 alfatusque
2497 5195 2920 5252 Tocharorum.
2945 5196 3158 5251 Verum
3182 5191 3488 5249 imminuta
3515 5184 3630 5252 ejus

2003 5286 2080 5341 rei
2115 5301 2217 5356 spe
2249 5289 2488 5356 propter
2529 5284 3033 5356 ingravescentem
3067 5284 3127 5338 in
3178 5284 3300 5338 dies
3356 5275 3628 5334 morbum.

2003 5379 2061 5431 et
2091 5380 2249 5430 metu
2283 5375 2492 5445 majori
2524 5374 2937 5440 accedente,ne
2967 5389 3112 5445 gens
3146 5361 3632 5438 eﬂ‘era,desperal3

2003 5462 2196 5520 salute
2228 5462 2904 5535 principis,regiones,in
2929 5478 3077 5533 quos
3121 5464 3286 5518 erant
3307 5458 3429 5529 ejus
3456 5446 3626 5508 accitu

2003 5551 2279 5625 ingressi,
2341 5550 2518 5607 solita
2566 5551 2713 5624 ipsis
2762 5550 3084 5624 rapacitate
3161 5541 3624 5622 depraedarentur,

2003 5645 2238 5698 coactus
2263 5642 2585 5714 imperator
2605 5647 2694 5698 est
2723 5643 3034 5699 admittere
3064 5641 3132 5697 ad
3160 5634 3500 5698 audientiam
3528 5627 3624 5714 dti-

2004 5747 2102 5786 ces
2133 5745 2213 5786 ac,
2232 5729 2523 5801 primores
2551 5731 2976 5801 Tocharorum,
3010 5746 3230 5802 eosque
3258 5744 3288 5785 ο
3317 5717 3516 5781 lectulo
3543 5709 3621 5769 a1-

2004 5819 2187 5892 loqui.
2223 5820 2371 5892 Ergo
2404 5819 2612 5893 vulgus
2642 5820 2882 5894 quidem
2915 5817 3202 5891 militum,
3235 5809 3478 5875 nationis
3505 5803 3618 5874 θέαι
