4072 6418
355 349 463 406 993

1422 353 1522 408 DE
1558 351 1926 409 MICHAELE
1964 351 2413 410 PAMOLOGO
2447 355 2580 411 LIB.
2622 357 2722 413 VI.

3670 373 3777 432 994

354 470 871 572 θεραπείαν,ηχάριν
924 474 1018 572 μὶν
1046 469 1216 572 ἔχειν
1268 472 1536 572 ἐκφαίνων
1558 474 1671 572 *καί
1714 478 1794 546 τῷ
1846 477 2002 572 Nov?
2041 478 2092 545 Α
2126 477 2290 572 Serm.
2348 475 2530 572 Εὐθὺς
2587 479 2691 555 γὰρ
2750 481 2818 572 τὰ
2847 487 2964 572 rei}
2997 482 3319 544 δεσποτικοῦ
3369 495 3600 556 θανάτου
3643 497 3779 572 σύμ-

350 562 418 619 τὰ
476 563 595 617 κατ’
653 561 870 635 ἀξίωσιν
925 560 1285 632 ἐκτελέσαντι,
1348 565 1506 638 χάσιν
1555 561 1599 618 δ’
1633 561 1776 638 ἔχειν
1837 563 2016 616 κάκεί-

353 673 469 714 νοις
508 651 583 715 ὡς
612 651 910 725 προθύμως
960 651 1048 706 ἐπὶ
1112 653 1364 726 βοήθειαν
1422 652 1785 723 ἀπαντήσασι,
1819 649 2015 725 δυσχε-

357 743 559 819 ραίνειν
591 738 636 795 δ’
667 740 754 796 ἐπὶ
784 745 854 815 τῇ
885 742 1029 814 νόσῳ
1081 743 1165 796 ὅτι
1219 743 1294 815 μὴ
1345 744 1593 818 καθαρῶς
1645 744 1706 813 ἑᾷ
1749 743 1846 812 τὴν
1881 742 2017 816 πρὸς

354 831 550 893 αὐτοὺς
598 830 848 906 ἐντυχίαν
901 830 1164 907 γίνεσθαι,
1218 831 1267 884 ἐν
1322 829 1506 886 ἐλπίσι
1552 829 1596 885 δ’
1650 828 1798 905 ἔχειν
1834 830 2014 906 ῥαίσαι

354 928 454 990 τῆς
487 919 651 974 νόσου
700 919 788 974 καὶ
822 921 887 974 τὰ
915 921 1052 994 πρὸς
1105 924 1280 992 θυμοῦ
1329 919 1626 991 ἐκτελέσαι,
1663 919 1719 974 εὗ
1779 919 2017 982 ἐκείνους

353 1014 610 1067 ποιοῦνεα
669 1010 742 1070 ὡς
802 1006 967 1082 ἄξιον.
1022 1010 1187 1065 Ταῦτ’
1237 1008 1484 1071 εἰπόντος
1535 1009 1737 1064 ἐκείνου
1761 1007 1887 1071 τοὺς
1916 1015 2018 1063 Το-

357 1100 563 1175 χάρους
626 1105 822 1173 σχῆμα
889 1099 982 1171 μέν
1042 1097 1355 1172 ἀλγούντων
1417 1095 1768 1169 ἐνδείξασθαι,
1823 1104 2018 1173 σχῆμα

357 1187 414 1244 δὲ
442 1188 533 1243 καί
564 1186 898 1256 ἐλπιζόντων
959 1185 1110 1248 αὖθις
1169 1186 1449 1264 ἐμφαίνειν
1508 1189 1580 1249 ὡς
1636 1186 1814 1264 ραίσοι
1868 1209 1926 1242 τε
1954 1187 2016 1241 τὸ

354 1280 524 1339 πάθος
577 1278 693 1350 μετ’
725 1277 786 1331 ού
817 1273 962 1330 πολὺ
1015 1275 1103 1330 καί
1157 1297 1220 1352 γε
1252 1275 1428 1354 σφίσιν
1481 1273 1626 1331 ἔσται
1671 1277 1738 1331 τὰ
1767 1277 1873 1330 ἀπὸ
1919 1280 2016 1330 τοῦ

359 1367 628 1444 βασιλέως
683 1365 828 1420 καλὰ
886 1365 1244 1439 ὑγιαίνοντος.
1307 1365 1410 1421 Καὶ
1471 1366 1522 1420 οἱ
1585 1366 1676 1439 μὲν
1735 1369 1924 1432 ταῦτα,
1979 1367 2014 1434 ἡ

354 1456 513 1518 νόσος
572 1453 628 1510 δὲ
690 1452 937 1509 ἐπεδίδου
997 1454 1085 1509 καὶ
1142 1455 1210 1509 τὰ
1240 1455 1436 1524 ἑαυτῆς
1480 1454 1729 1530 πληροῦν
1765 1452 2016 1529 ἔμελλεν.

355 1551 444 1609 Ὠς
499 1550 628 1621 γοῦν
687 1547 722 1614 ἡ
782 1545 944 1618 κυρία
999 1542 1188 1614 ἐνέστη
1247 1545 1335 1599 καὶ
1396 1542 1506 1615 ἤδη
1536 1546 1603 1598 τὰ
1640 1549 1735 1598 τοῦ
1767 1544 2014 1615 Θανάτου,

355 1637 444 1692 καὶ
507 1634 720 1707 μᾶλλον
775 1639 894 1697 τοῖς
952 1633 1182 1707 ἰατροῖς,
1242 1632 1590 1708 προσδόκιμα
1641 1635 1730 1706 ἦν,
1788 1639 1868 1706 τῷ
1921 1636 2014 1707 μὲν

357 1725 666 1800 ἀκτουαρίῳ
698 1719 978 1795 Καϐασίλᾳ
1029 1723 1129 1778 ούκ
1180 1722 1421 1797 ἀσφαλὲς
1467 1725 1527 1778 τὸ
1577 1725 2014 1797 ὑπομιμνήσκειν

2126 559 2269 618 ϐολα
2307 563 2700 658 εόῗτρεπίζεται,
2752 567 2815 658 ὀὶ⁸
2845 569 3030 629 λαϐὼν
3064 579 3146 649 [Ρ.
3180 580 3305 652 360]
3365 583 3391 636 ὁ
3440 583 3613 658 ἱερεὺς
3669 559 3778 642 των

2123 657 2220 708 τοῦ
2270 652 2485 730 κλήρου
2526 658 2616 712 καὶ
2649 655 2921 731 εύλαϐὧν,
2984 664 3288 731 πολισθεῖς
3324 672 3398 733 ὡς
3449 652 3577 742 ἔδει,
3638 698 3780 753 παρ-

2129 741 2332 797 ίσταταί
2391 746 2443 798 οἳ
2499 747 2775 811 ἀνωίστως
2825 751 3052 824 πάμπαν
3110 755 3277 829 μηδὲν
3328 758 3518 818 εἰδότι.
3579 741 3781 842 'E'rulxs

2128 830 2184 886 δὲ
2213 833 2348 908 πρὸς
2379 835 2472 888 τὸν
2496 843 2686 912 τοῖχον
2719 840 2858 914 ὁρῶν
2915 842 3189 917 βασιλεὺς,
3235 849 3323 902 καὶ
3354 851 3418 903 τὰ
3466 855 3586 916 καθ’
3617 830 3778 912 adadv

2125 921 2214 1019 ςῆν
2291 922 2393 998 γὰρ
2443 926 2531 978 καὶ
2587 927 2713 990 τοὺς
2780 927 3084 1004 λογισμοὺς
3138 933 3472 1011 ἐρῥωμένος)
3530 943 3605 1007 ὡς
3661 945 3779 1019 εἶχε

2127 1006 2513 1084 διανοούμενος
2550 1059 2562 1070 .
2640 1019 2852 1072 ’Ἰστατο
2921 1027 3048 1095 γοῦν
3123 1026 3150 1077 ὁ
3209 1023 3573 1105 πρεσϐύτερος
3634 1006 3780 1110 παρὰ

2127 1097 2341 1192 ράτερα,
2400 1103 2466 1155 τὰ
2525 1104 2652 1177 ἅγια
2705 1103 2854 1180 δῶρα
2908 1116 3118 1184 κρατῶν
3181 1114 3233 1167 ἐν
3294 1097 3487 1190 χερσὶ,¹
3531 1121 3621 1175 καὶ
3678 1097 3778 1192 τῆν

2128 1185 2217 1240 ἀπ’
2266 1185 2476 1242 ἐκείνου
2525 1191 2613 1244 καὶ
2650 1193 2819 1264 μόνου
2873 1195 3202 1277 ἐπιστροφὴν
3403 1185 3560 1262 αὗτὸν
3611 1185 3779 1286 παρα·

2129 1272 2302 1330 δοκῶν
2337 1278 2418 1354 ἐφ’
2447 1279 2631 1335 ἱκανὸν
2665 1289 2885 1338 σιωπῶν
2905 1272 3119 1346 ’ίστατοξ
3157 1293 3220 1346 Ὁ
3253 1272 3309 1346 δὲ
3349 1281 3455 1349 sifts
3496 1317 3547 1350 τι
3596 1272 3779 1354 τοιοῦ-

2124 1386 2216 1420 τον
2296 1366 2627 1440 ὑπονοήσας,
2712 1370 2821 1428 εἷ’άε
2889 1378 2974 1430 καὶ
3056 1378 3243 1442 ἄλλως
3317 1382 3542 1447 ἐπελθὸν
3606 1389 3778 1455 αὐτῷ,

2128 1453 2434 1529 ἐπεγκλίνει
2483 1460 2621 1531 πρὸς
2663 1460 2757 1514 τὸν
2815 1459 3202 1540 πρεσϐύτερον,
3252 1470 3342 1524 καὶ
3401 1473 3495 1546 ἅμ’
3527 1474 3632 1531 εἶδε
3687 1443 3778 1532 καὶ

2129 1545 2242 1615 ἅμα
2273 1548 2487 1618 συνῆκε,
2521 1549 2598 1603 Τὸ
2630 1547 2830 1622 δρᾶμα,
2891 1554 3002 1622 καὶ,
3063 1556 3152 1627 Τί,
3212 1561 3366 1633 φησί,
3423 1567 3624 1634 τοῦτο;
3668 1572 3778 1622 Τοῦ

2127 1637 2257 1707 γοῦν
2317 1635 2506 1710 ἱερέως
2565 1637 2639 1698 ὡς
2699 1639 2829 1714 ὑπὲρ
2861 1641 3026 1697 αὐτοῦ
3057 1644 3342 1718 εὐξὸίμενοι
3392 1651 3644 1726 φέρουσιν
3705 1655 3781 1719 εἷς

2131 1723 2384 1797 βοήθειαν
2445 1724 2533 1778 καὶ
2565 1727 2629 1779 τὰ
2660 1725 2808 1801 δῶρα
2837 1731 2905 1785 τὰ
2950 1732 3026 1794 εἰς
3079 1734 3256 1809 ὑγείαν
3315 1723 3631 1798 συνοίσοντα
3687 1743 3780 1798 λέ-

353 1817 419 1870 τὰ
473 1817 575 1868 τοῦ
631 1811 885 1866 κινδύνου
939 1809 1114 1867 ἐδόκει
1171 1812 1470 1885 (νομίζεται
1517 1814 1620 1888 γὰρ
1651 1819 1767 1875 τοῖς
1799 1818 2014 1867 νοσοῦσι
2046 1855 2092 1918 Β
2126 1832 2338 1886 γοντος,
2391 1813 2550 1875 αὐτὸς
2601 1813 2864 1890 διακόψας
2913 1820 3220 1898 ἀναθαρρεῖ,
3280 1828 3372 1881 καὶ
3429 1836 3528 1900 τῆς
3586 1831 3779 1904 κλίνης

427 1906 568 1918 ...
751 1902 998 1918 ..-,
1177 1902 1202 1918 .,
1400 1902 1632 1918 ﬂ...
1804 1899 2208 1918 -..-..
2565 1905 2902 1918 ,μ-η,
3173 1913 3292 1918 .,
3576 1917 3579 1918 ,

356 1906 443 1960 καὶ
475 1908 637 1959 τοῦτο
676 1907 842 1976 μοῖρα
875 1902 1131 1975 θανάτου,
1166 1902 1347 1978 ὥσπερ
1399 1902 1457 1956 ἂν
1494 1903 1538 1956 εἰ
1572 1902 1743 1956 αἴτιον
1799 1904 1865 1972 ἦν
1925 1902 2011 1957 ἐπί

355 1993 573 2054 τούτοις
628 1993 690 2046 τὸ
745 1991 921 2068 λέγειν
974 1997 1075 2046 τοῦ
1119 1992 1400 2068 γίνεσθαι),
1461 1992 1672 2069 ἀφεῖναι
1733 1991 1789 2046 δὲ
1846 1991 2009 2046 πάλιν

360 2082 614 2138 ἀπελθεῖν
638 2082 927 2154 ἀνέτοιμον
979 2080 1040 2136 οὗ
1072 2085 1179 2134 τῶν
1231 2079 1415 2134 καλῶν
1446 2077 1756 2153 ἐδοκίμαζε.
1806 2083 1897 2152 Τῷ
1926 2102 2013 2135 τοι

355 2169 673 2245 προσελθὼν
726 2174 808 2242 τῷ
865 2169 914 2242 ἐξ
969 2168 1176 2224 ἐκείνου
1230 2169 1447 2244 βασιλεῖ
1495 2167 1828 2243 Ἀνδρονίκῳ
1861 2168 2016 2244 ἐθάρ-

359 2261 439 2338 ῥει
492 2261 582 2315 τὸν
639 2259 801 2335 λόγον
834 2266 934 2328 τῆς
986 2261 1308 2338 ἀποφάσεως
1365 2259 1440 2321 ὡς
1498 2260 1562 2313 οὐ
1611 2259 1908 2334 βιώσοντος
1940 2256 2017 2313 ἔτι

350 2353 450 2404 τοῦ
487 2347 775 2424 βασιλέως.
806 2348 908 2404 Καὶ
969 2349 1027 2411 ’ὁς
1095 2346 1213 2402 οὐδ’
1263 2347 1421 2410 αὐτὸς
1483 2349 1928 2420 ὑπομιμνήσκειν
1955 2349 2019 2402 τὸ

1023 2437 1177 2511 ὅμως
1233 2435 1290 2492 δὲ
1345 2439 1444 2507 τὴν
1503 2437 1818 2511 έτοιμασίαν
1861 2436 2019 2516 σοφί-

351 2438 680 2494 ἀπευκταῖον
731 2437 969 2516 έθάῤῥει,

354 2645 648 2704 donativis
682 2646 905 2702 curavit
935 2645 1192 2701 deliniri:
1228 2661 1494 2718 proceres
1527 2649 1721 2702 autem
1749 2645 1806 2700 in
1839 2645 2002 2700 cubi-

352 2736 682 2805 culum,ubi
716 2753 864 2808 aeger
898 2734 1308 2799 decumbebat,
1329 2735 1544 2789 accitos
1573 2734 1773 2789 audire
1806 2751 2001 2789 coram

351 2825 636 2897 aﬂ'arique
669 2823 996 2880 constituit.
1058 2825 1117 2878 ld
1179 2839 1356 2894 quam
1408 2824 1849 2894 decentissime,
1903 2841 2005 2894 pro

353 2920 505 2971 statu
541 2914 813 2986 praesenti
847 2929 1065 2981 rerum,
1093 2917 1379 2984 apparatu
1411 2913 1496 2968 sic
1520 2917 1711 2968 actum
1741 2918 1848 2968 est.
1884 2913 2004 2966 Cir-

351 3005 728 3060 cumstabant
759 3002 1038 3074 utrinque
1071 3001 1387 3057 necessarii
1438 3018 1504 3057 ac
1538 3001 1855 3057 familiares
1887 3001 1999 3055 im-

351 3093 790 3164 peratoris.lpse
821 3091 1387 3163 connisu,quantum
1420 3091 1691 3147 debilitas
1734 3091 1996 3162 corporis

2125 1899 2426 1994 ἀνέγρεται,
2493 1905 2580 1957 καὶ
2637 1910 2788 1975 ζητεῖ
2839 1907 3038 1978 ζώνην,
3098 1913 3186 1965 καί
3244 1916 3306 1969 τὸ
3358 1917 3512 1991 ἅγιον
3566 1917 3780 1994 διέξεισι

2126 1985 2430 2062 σύμϐολον,
2481 1992 2570 2046 καὶ
2627 1996 2710 2062 τὸ,
2773 2021 2796 2046 ‹‹
2839 1996 3032 2072 Κύριε,
3085 2000 3239 2076 ῥῦσαί
3300 2026 3366 2077 με
3395 1985 3455 2061 ἐκ
3504 2016 3604 2078 τῆς
3638 1985 3780 2087 ὧρας

2125 2078 2347 2148 ταύτης,
2398 2102 2426 2130 ››
2473 2080 2662 2153 εἶ’πὼν,
2713 2085 2800 2137 καὶ
2851 2086 2916 2139 τὰ
2947 2087 3127 2144 εἰκότα
3158 2095 3586 2168 ποτνιασοὶμενος
3645 2078 3782 2174 πρὸς

2125 2167 2219 2220 τὸν
2272 2169 2550 2240 Ὕψιστον,
2607 2172 2704 2240 τήν
2765 2173 2927 2244 ἀμίαν
2965 2177 3268 2252 μετάληψιν
3301 2167 3539 2257 δέχεται,
3569 2189 3660 2242 καὶ
3689 2167 3784 2244 πε-

2129 2258 2234 2310 σὼν
2292 2255 2444 2321 αὖθις
2495 2259 2583 2314 καὶ
2636 2263 2820 2335 καιρὸν
2874 2263 3120 2340 ἐπισχὼν
3180 2270 3279 2337 τήν
3333 2255 3532 2348 ψυχὴν
3568 2275 3785 2354 ἀφίησι.

2129 2347 2231 2401 Καὶ
2260 2343 2326 2416 δὴ
2357 2346 2688 2418 τελευτήσας
2737 2350 2844 2426 οὐχ
2891 2353 3056 2421 ἧττον
3115 2363 3232 2420 τοῖς
3285 2343 3716 2441 τῶν-’Τοχάρων
3749 2369 3784 2438 ἢ

2127 2441 2233 2490 τῶν
2281 2435 2497 2490 οῗκείων
2528 2437 2817 2511 τετίμηται
2864 2438 3142 2519 δάκρυσιν.
3201 2449 3279 2504 Οὗ
3325 2449 3418 2504 τὸν
3475 2435 3664 2529 νεκρδν
3723 2435 3784 2511 td

2114 2644 2398 2701 Cabasilae
2430 2646 2585 2701 baud
2638 2648 2872 2704 animus
2906 2654 3100 2708 tamen
3152 2656 3364 2725 adfuit,
3416 2661 3769 2732 praevalente

2117 2739 2279 2788 metu
2339 2735 2703 2806 offensionis,
2765 2739 3063 2797 indicandi
3111 2745 3377 2818 Augusto
3435 2751 3762 2822 periculum

2116 2839 2313 2878 suum.
2352 2827 2494 2877 Nam
2526 2825 2724 2880 ethoc
2760 2829 2951 2884 fatalis
2975 2830 3118 2887 hora
3142 2833 3426 2908 ingruens
3449 2839 3655 2896 afferre
3681 2859 3769 2896 sos

2114 2910 2192 2966 let
2215 2911 2272 2966 in
2309 2912 2513 2982 primis
2550 2914 2787 2970 noxium
2821 2919 3194 2989 mortalibus,
3229 2930 3294 2979 ut
3327 2926 3551 2983 indices
3584 2946 3768 3001 quan-

2114 3001 2335 3055 tumvis
2370 3001 2677 3057 benevolos
2724 3005 2788 3058 irr
2813 3005 3090 3063 minentis
3142 3013 3360 3082 obitus,
3399 3020 3680 3088 tanquam
3718 3021 3763 3074 si

2117 3091 2246 3179 ejus
2277 3106 2457 3179 causa
2488 3098 2706 3160 essent,
2741 3109 2942 3151 exosos
2968 3098 3082 3152 fere
3116 3099 3558 3162 habeantJdem
3595 3124 3765 3179 porro

349 3182 584 3252 ferebat,
619 3186 850 3237 erectus
881 3186 940 3236 et
971 3181 1184 3236 lectulo
1215 3180 1861 3251 insidens,obscquium
1899 3181 1997 3234 bc-
2033 3184 2074 3252 α
2120 3178 2445 3234 Cabasillas
2480 3179 2736 3250 ieligioni
2773 3185 2979 3240 merito
3010 3187 3259 3246 ducebat
3290 3192 3374 3248 sic
3408 3178 3763 3267 imparatum

346 3271 682 3326 nevolorum
718 3271 1006 3326 sociorum
1045 3271 1114 3324 ad
1151 3269 1396 3324 amicam
1433 3269 1832 3324 invitationem
1867 3273 1994 3322 stu-

346 3361 501 3416 diose
534 3360 967 3416 occurrentium
1001 3360 1266 3430 impense
1299 3359 1993 3429 commendavitgratum

344 3451 399 3505 id
430 3450 540 3504 sibi
576 3455 630 3505 et
665 3447 906 3503 memori
942 3447 1139 3502 animo
1171 3449 1544 3504 condcndum
1579 3449 1835 3503 ofﬁcium
1865 3466 1996 3520 pro-

351 3539 548 3594 fitens.
586 3539 649 3593 In
685 3537 894 3609 primis
925 3553 987 3592 se
1017 3541 1190 3608 Negas
1222 3537 1440 3608 gratias
1471 3553 1640 3608 agere
1663 3537 1999 3608 babercque

349 3629 632 3702 plurimas
667 3631 1031 3682 contestatus
1055 3627 1324 3696 est,quod
1350 3625 1402 3680 is
1435 3631 1551 3679 tam
1582 3631 1998 3696 prompte,tam

351 3717 574 3790 prolixe
606 3715 824 3788 petenti
859 3715 969 3769 sibi
1005 3715 1157 3785 quod
1215 3718 1444 3783 optarat
1497 3715 1801 3767 annuisset
1834 3733 1847 3782 ;
1883 3731 1998 3785 quo

349 3806 612 3873 nomine,
642 3810 706 3859 ut
737 3805 880 3875 ipsis
915 3820 1062 3875 quos
1090 3803 1392 3874 spectabat
1422 3819 1700 3872 praesens,
1743 3803 1842 3874 qui
1877 3806 1996 3857 tam

355 3903 592 3952 strenue
619 3893 833 3949 auxilio
855 3893 1174 3956 venissent,
1210 3891 1399 3946 sicilli
1431 3891 1528 3962 qui
1579 3891 1830 3962 benigne
1889 3891 1996 3945 mi-

356 3985 551 4051 sisset,
583 3989 867 4040 mternum
901 3999 963 4038 se
994 3982 1338 4036 obstrictum
1375 3981 1514 4035 fore.
1562 3981 1999 4037 Perincommo-

354 4077 492 4130 dum
528 4073 630 4128 tali
663 4071 907 4127 articulo
942 4071 1053 4127 sibi
1087 4071 1354 4126 morbum
1397 4070 1552 4124 hunc
1590 4071 1994 4136 intervenisse,

357 4166 492 4237 plus
523 4165 652 4218 ideo
684 4161 998 4217 molestum
1035 4162 1188 4232 quod
1223 4161 1437 4232 quibus
1457 4160 1848 4215 destinaverat
1869 4161 1995 4216 ofﬁ—

349 4254 458 4310 ciis
480 4252 829 4322 indiciisquc
861 4252 1015 4307 530
1046 4249 1165 4305 veri
1198 4250 1417 4305 amoris
1457 4249 1721 4319 excipere
1755 4267 1993 4324 genero—

348 4361 448 4400 sos
479 4343 668 4399 socios
700 4359 806 4395 sua
838 4357 1016 4395 causa
1045 4345 1164 4394 tam
1196 4339 1366 4410 longe
1411 4341 1701 4410 profectos
1759 4339 1994 4394 interim

350 4431 1073 4506 prohibereturCaeterum
1107 4445 1344 4500 sperare
1377 4429 1531 4483 brevi
1559 4429 1995 4499 remittendum;

349 4523 583 4592 sibique
608 4520 940 4576 valetudine
968 4524 1311 4590 recuperata
1341 4522 1596 4590 optatam
1637 4535 1771 4574 mox
1822 4519 2000 4573 facul—

349 4616 530 4667 tatem
557 4611 735 4665 al'fore
762 4614 988 4680 gratam
1037 4624 1202 4662 suam
1257 4623 1394 4678 erga
1425 4607 1586 4678 ipsos
1643 4609 2002 4663 voluntatem

355 4699 769 4755 consentaneis
799 4704 854 4752 et
877 4696 1086 4752 merito
1118 4696 1380 4766 ipsorum
1415 4700 1471 4750 et
1503 4712 1609 4750 suo
1659 4697 1855 4750 studio
1904 4699 2001 4752 be-

349 4789 572 4844 neficiis
607 4786 1148 4858 expromendiﬂaec
1179 4801 1244 4840 eo
1278 4785 1479 4856 paucis
1514 4790 1569 4839 et
1599 4801 1748 4857 aegre
1781 4785 2000 4851 locuto,

357 4877 630 4933 Tocharii
675 4893 792 4948 prie
828 4892 891 4930 se
943 4873 1206 4929 tulerunt
1262 4873 1458 4929 dolere
1512 4890 1575 4929 se
1627 4875 2000 4930 incommodo

351 4967 637 5038 principis
669 4964 864 5028 amici,
897 4979 1229 5036 cupereque
1263 4980 1328 5018 ac
1359 4979 1593 5035 sperare
1651 4964 1806 5019 brevi
1865 4980 1998 5018 eum

351 5056 782 5112 restituendum
814 5053 874 5107 in
927 5051 1331 5108 salubritatem
1367 5051 1712 5124 pristinam;
1750 5057 2002 5123 tuncque

347 5161 413 5200 se
439 5142 744 5200 sinceriori
775 5146 1155 5215 percepturos
1186 5141 1402 5212 gaudio
1443 5140 1739 5211 promissa
1772 5141 1843 5196 ab
1873 5142 2000 5212 ipso

342 5234 516 5289 bona.
555 5235 642 5288 Ita
673 5231 780 5286 illi.
814 5231 1096 5285 Caeterum
1143 5229 1389 5285 morbus
1419 5229 1556 5285 inde
1601 5246 1920 5301 augescens
1945 5229 1996 5284 vi

341 5339 460 5394 qua
490 5322 874 5394 grassabatur
904 5337 1073 5390 saeva,
1110 5319 1266 5375 baud
1301 5319 1548 5374 obscure
1579 5325 1911 5390 Augustum
1937 5321 1995 5374 in

345 5412 653 5467 interitum
687 5408 1264 5481 urgebat,adl’uitque
1287 5425 1400 5463 non
1436 5407 1622 5464 multo
1655 5413 1787 5478 post
1818 5408 1996 5463 mini-

343 5518 436 5555 me
475 5501 674 5556 dubiis
742 5499 1111 5569 agnoscenda
1163 5497 1397 5552 indiciis
1455 5513 1735 5569 suprema
1780 5503 1995 5569 aegroto

338 5591 489 5660 dies,
527 5590 767 5662 quando
797 5586 1040 5642 medicis
1073 5586 1219 5642 nihil
1247 5587 1453 5641 mitius
1483 5603 1661 5658 quam
1697 5592 1992 5644 maturum

337 5676 754 5734 decumbentis
787 5676 1012 5731 obitum
1046 5675 1238 5747 palam
1267 5675 1698 5747 eminentibus,
1730 5677 1996 5732 actuario

2115 3283 2183 3322 ex
2215 3270 2334 3323 vita
2383 3271 2659 3324 excedere
2709 3279 3039 3344 Augustum
3088 3278 3297 3336 sinere.
3333 3283 3522 3343 Quare
3554 3287 3759 3342 defun-

2107 3363 2344 3412 cturum
2384 3359 2494 3412 isto
2528 3377 2589 3414 se
2639 3377 2772 3431 erga
2820 3363 2985 3418 illum
3021 3367 3212 3423 ofifcio
3263 3373 3509 3441 putavit,
3545 3375 3593 3429 si
3645 3377 3765 3433 ﬁlio

2114 3447 2558 3518 successorique
2574 3449 2702 3519 ejus
2729 3453 3058 3510 Andronico
3080 3455 3396 3514 discrimen
3437 3463 3760 3521 denuntia-

2111 3541 2197 3590 ret
2227 3536 2410 3608 patris
2442 3541 2790 3605 extremum,
2832 3543 2983 3612 quod
3020 3549 3077 3599 et
3109 3547 3310 3603 statim
3363 3550 3516 3608 fecit.
3549 3553 3761 3611 Verum

2114 3640 2186 3679 ne
2221 3626 2592 3681 Andronicus
2626 3628 2862 3698 quidem
2893 3648 3077 3688 ausus
3125 3641 3215 3690 est
3245 3641 3364 3693 tam
3399 3640 3625 3698 tristem
3665 3661 3764 3716 pa-

2113 3715 2263 3768 renti
2301 3715 2505 3770 afferre
2540 3717 2838 3773 nuntium.
2873 3721 3091 3776 Tamen
3145 3725 3364 3796 aliquid
3417 3715 3769 3803 excogitavit

2108 3819 2219 3872 quo
2254 3820 2430 3857 suum
2484 3809 2811 3877 utcumque
2855 3809 3155 3866 silentium
3212 3815 3531 3888 suppleret.
3585 3820 3764 3876 Jussu

2109 3890 2333 3946 scilicet
2363 3893 2490 3962 ejus
2536 3893 2732 3948 subito
2787 3904 3146 3968 promuntur
3192 3901 3509 3962 Dominicas
3561 3913 3768 3967 mortis

2106 3981 2526 4053 symbola,qu:e
2557 3986 2830 4039 sacerdos
2858 3987 2996 4042 cleri
3025 3990 3271 4060 palatini
3293 3999 3764 4070 venerabundus,

2114 4089 2225 4142 quo
2263 4089 2365 4142 par
2396 4077 2519 4127 erat
2549 4079 2755 4128 ornatu
2810 4077 3124 4148 accipiens,
3162 4075 3477 4152 improviso
3524 4104 3766 4158 prorsus

2113 4161 2182 4214 ad
2206 4162 2352 4217 53]
2384 4161 2528 4215 nihil
2555 4163 2752 4217 minus
2773 4166 3132 4235 cogitantem
3148 4171 3474 4240 Augustum
3492 4179 3762 4233 accessit.

2106 4250 2243 4304 Erat
2304 4267 2455 4322 aeger
2498 4255 2637 4306 tunc
2675 4254 2820 4308 forte
2879 4255 3040 4310 vultu
3094 4260 3165 4311 ad
3219 4260 3496 4328 parietem
3541 4281 3765 4338 averso,

2109 4340 2267 4394 curis
2301 4345 2365 4394 ut
2396 4341 2714 4412 apparebat
2757 4342 3149 4402 familiaribus
3200 4347 3498 4407 intentus:
3531 4356 3766 4427 vigebat

2108 4429 2261 4484 enim
2297 4429 2493 4484 animo
2517 4447 2622 4485 nec
2645 4431 2713 4485 de
2749 4432 3058 4500 judicandi
3084 4437 3212 4507 ejus
3245 4445 3345 4494 aut
3375 4442 3764 4500 ratiocinandi

2112 4519 2309 4573 solerti
2344 4519 2667 4573 acrimonia
2696 4521 3024 4592 quidquam
3075 4527 3317 4582 morbus
3359 4529 3759 4588 imminuerat.

2116 4609 2321 4663 Stabat
2351 4609 2535 4680 igitur
2583 4608 2641 4662 in
2692 4613 2986 4667 contraria
3035 4620 3197 4685 parte
3248 4620 3550 4691 presbyter
3596 4638 3765 4678 sacra

2113 4698 2267 4752 dona
2299 4714 2476 4752 manu
2522 4699 2843 4768 sustinens,
2875 4707 2933 4755 et
2963 4703 3102 4757 dum
3153 4703 3251 4760 ille
3282 4723 3344 4761 se
3394 4714 3601 4780 sponte
3633 4728 3766 4766 con-

2111 4791 2384 4852 verteret,
2445 4791 2538 4840 sat
2593 4786 2764 4858 longo
2817 4799 3076 4862 tempore
3121 4793 3354 4850 silentio
3395 4804 3761 4868 exspectans.

2112 4876 2370 4930 Tandem
2409 4876 2746 4946 imperator,
2781 4879 2900 4933 sive
2943 4896 3058 4950 quo
3107 4884 3392 4940 excitatus
3442 4888 3611 4959 signo
3643 4891 3765 4946 sive

2109 4963 2394 5018 instinctu
2441 4965 2687 5036 propriae
2742 4969 2955 5021 mentis
3006 4970 3366 5040 admonitus,
3418 4976 3519 5030 ubi
3553 4978 3760 5034 faciem

2111 5053 2389 5108 aliorsum
2426 5055 2778 5120 retorsissct,
2811 5055 2934 5112 viso
2969 5059 3307 5131 presbytero
3352 5065 3553 5121 statim
3587 5068 3762 5123 intel-

2110 5141 2252 5197 lexit
2281 5159 2564 5213 quorsum
2599 5144 2649 5197 is
2672 5143 2945 5199 venisset.
2985 5148 3370 5221 interrogavit
3390 5157 3588 5211 tamen
3621 5159 3763 5229 quid

2110 5231 2220 5286 sibi
2255 5248 2320 5285 eo
2349 5237 2578 5298 ornatu,
2613 5248 2680 5286 eo
2709 5238 2866 5288 statu
2892 5234 3084 5291 vellet.
3121 5237 3342 5310 Illoque
3373 5247 3763 5316 respondente

2109 5336 2237 5375 sese
2272 5324 2406 5391 post
2439 5337 2636 5391 preces
2670 5339 2775 5394 pro
2808 5322 2938 5392 ejus
2970 5324 3158 5380 salute
3201 5329 3362 5384 fusas
3385 5332 3562 5388 etiam
3595 5335 3759 5390 utilia

2109 5410 2158 5464 ei
2187 5410 2448 5480 juvando
2480 5411 2771 5466 clferenda
2790 5429 2957 5467 sacra
2982 5415 3134 5469 dona
3169 5421 3487 5491 putavisse,
3510 5440 3760 5495 quorum

2109 5501 2402 5572 perceptio
2434 5502 2502 5556 ad
2559 5503 2744 5556 morbi
2787 5519 3021 5574 quoque
3067 5507 3318 5564 valitura
3363 5513 3754 5571 exsulsionem

2107 5589 2274 5654 foret,
2303 5605 2416 5644 non
2449 5594 2784 5661 exspectato
2817 5591 2956 5646 dum
2993 5593 3047 5647 id
3083 5600 3271 5651 totum
3297 5602 3757 5671 pronuntiasset,

2107 5695 2256 5749 aeger
2285 5679 2480 5734 statim
2514 5679 2778 5735 excitans
2807 5697 2871 5736 se
2911 5681 3105 5754 ipsum
3158 5702 3339 5759 supra
3392 5688 3605 5747 lectum
3658 5711 3758 5752 ex-
