  <div class='ocr_page' id='page_1' title='image "/cluster/home/n/w/nwhite01/storage/ocr_20150623/143:no.1/coo.31924054870484/505.png"; bbox 0 0 4072 6416; ppageno 0'>
   <div class='ocr_carea' id='block_1_1' title="bbox 1525 449 2111 515">
    <p class='ocr_par' dir='ltr' id='par_1_1' title="bbox 1525 450 2111 505">
     <span class='ocr_line' id='line_1_1' title="bbox 1525 450 2111 505; baseline 0.003 -2"><span class='ocrx_word' id='word_1_1' title='bbox 1525 450 1589 505; x_wconf 87' lang='grc' dir='ltr'>Ρ.</span> <span class='ocrx_word' id='word_1_2' title='bbox 1631 450 1907 503; x_wconf 81' lang='lat' dir='ltr'>POSSINI</span> <span class='ocrx_word' id='word_1_3' title='bbox 1944 451 2111 505; x_wconf 80' lang='lat' dir='ltr'>OBSE</span> 
     </span>
    </p>
   </div>
   <div class='ocr_carea' id='block_1_2' title="bbox 2224 449 3840 515">
    <p class='ocr_par' dir='ltr' id='par_1_2' title="bbox 2224 449 3840 515">
     <span class='ocr_line' id='line_1_2' title="bbox 2224 449 3840 515; baseline 0.006 -11"><span class='ocrx_word' id='word_1_4' title='bbox 2224 449 2567 507; x_wconf 77' lang='lat' dir='ltr'>&#39;ATIONUM</span> <span class='ocrx_word' id='word_1_5' title='bbox 2603 450 2740 504; x_wconf 85' lang='lat' dir='ltr'>LIB.</span> <span class='ocrx_word' id='word_1_6' title='bbox 2781 452 2826 503; x_wconf 88' lang='grc' dir='ltr'><strong>Ι.</strong></span> <span class='ocrx_word' id='word_1_7' title='bbox 3752 458 3840 515; x_wconf 82' lang='grc'>996</span> 
     </span>
    </p>
   </div>
   <div class='ocr_carea' id='block_1_3' title="bbox 2223 570 3833 650">
    <p class='ocr_par' dir='ltr' id='par_1_3' title="bbox 2223 570 3833 650">
     <span class='ocr_line' id='line_1_3' title="bbox 2223 570 3833 650; baseline 0.004 -23"><span class='ocrx_word' id='word_1_8' title='bbox 2223 571 2283 627; x_wconf 77' lang='grc' dir='ltr'>ἐκ</span> <span class='ocrx_word' id='word_1_9' title='bbox 2332 577 2398 627; x_wconf 84' lang='grc' dir='ltr'>πῖ</span> <span class='ocrx_word' id='word_1_10' title='bbox 2445 570 2726 647; x_wconf 76' lang='grc' dir='ltr'>στοιχείου</span> <span class='ocrx_word' id='word_1_11' title='bbox 2755 571 3171 646; x_wconf 69' lang='grc' dir='ltr'>τριγράμματον</span> <span class='ocrx_word' id='word_1_12' title='bbox 3200 571 3291 627; x_wconf 80' lang='grc' dir='ltr'>τὸν</span> <span class='ocrx_word' id='word_1_13' title='bbox 3326 570 3411 627; x_wconf 75' lang='grc' dir='ltr'>ἐπ’</span> <span class='ocrx_word' id='word_1_14' title='bbox 3449 571 3624 648; x_wconf 79' lang='grc' dir='ltr'>ἐκείνῳ</span> <span class='ocrx_word' id='word_1_15' title='bbox 3654 574 3833 650; x_wconf 69' lang='grc' dir='ltr'>σῦμϐο-</span> 
     </span>
    </p>
   </div>
   <div class='ocr_carea' id='block_1_4' title="bbox 2234 658 3838 739">
    <p class='ocr_par' dir='ltr' id='par_1_4' title="bbox 2234 658 3838 739">
     <span class='ocr_line' id='line_1_4' title="bbox 2234 658 3838 739; baseline 0.008 -29"><span class='ocrx_word' id='word_1_16' title='bbox 2234 660 2352 717; x_wconf 77' lang='grc' dir='ltr'>λον.</span> <span class='ocrx_word' id='word_1_17' title='bbox 2417 658 2669 730; x_wconf 76' lang='grc' dir='ltr'>Δήλωσις</span> <span class='ocrx_word' id='word_1_18' title='bbox 2728 660 2774 716; x_wconf 87' lang='grc' dir='ltr'>δ’</span> <span class='ocrx_word' id='word_1_19' title='bbox 2836 663 3192 733; x_wconf 76' lang='grc' dir='ltr'>οἷμαιταῦτα</span> <span class='ocrx_word' id='word_1_20' title='bbox 3246 666 3343 716; x_wconf 73' lang='grc' dir='ltr'>τοῦ</span> <span class='ocrx_word' id='word_1_21' title='bbox 3397 683 3455 717; x_wconf 88' lang='grc' dir='ltr'>τε</span> <span class='ocrx_word' id='word_1_22' title='bbox 3503 667 3616 718; x_wconf 80' lang='grc' dir='ltr'>κατ’</span> <span class='ocrx_word' id='word_1_23' title='bbox 3645 664 3838 739; x_wconf 68' lang='grc' dir='ltr'>ἐπίκλην</span> 
     </span>
    </p>
   </div>
   <div class='ocr_carea' id='block_1_5' title="bbox 2229 748 3843 826">
    <p class='ocr_par' dir='ltr' id='par_1_5' title="bbox 2229 748 3843 826">
     <span class='ocr_line' id='line_1_5' title="bbox 2229 748 3843 826; baseline 0.005 -22"><span class='ocrx_word' id='word_1_24' title='bbox 2229 748 2378 821; x_wconf 83' lang='grc' dir='ltr'>αὐτῴ</span> <span class='ocrx_word' id='word_1_25' title='bbox 2410 749 2711 824; x_wconf 67' lang='grc' dir='ltr'>λεγομένου</span> <span class='ocrx_word' id='word_1_26' title='bbox 2743 748 3152 825; x_wconf 77' lang='grc' dir='ltr'>(ΙΙαλαιολὸγος</span> <span class='ocrx_word' id='word_1_27' title='bbox 3205 752 3357 826; x_wconf 71' lang='grc' dir='ltr'>γὰρ),</span> <span class='ocrx_word' id='word_1_28' title='bbox 3418 756 3514 807; x_wconf 74' lang='grc' dir='ltr'>τοῦ</span> <span class='ocrx_word' id='word_1_29' title='bbox 3566 753 3724 810; x_wconf 80' lang='grc' dir='ltr'>τόπου</span> <span class='ocrx_word' id='word_1_30' title='bbox 3749 762 3843 814; x_wconf 79' lang='grc' dir='ltr'>καθ’</span> 
     </span>
    </p>
   </div>
   <div class='ocr_carea' id='block_1_6' title="bbox 2227 832 3839 921">
    <p class='ocr_par' dir='ltr' id='par_1_6' title="bbox 2227 832 3839 921">
     <span class='ocr_line' id='line_1_6' title="bbox 2227 832 3839 921; baseline 0.006 -28"><span class='ocrx_word' id='word_1_31' title='bbox 2227 836 2283 893; x_wconf 77' lang='grc' dir='ltr'>δν</span> <span class='ocrx_word' id='word_1_32' title='bbox 2317 832 2519 911; x_wconf 78' lang='grc' dir='ltr'>ἔμελλε</span> <span class='ocrx_word' id='word_1_33' title='bbox 2545 837 2800 911; x_wconf 75' lang='grc' dir='ltr'>τελευτᾷν</span> <span class='ocrx_word' id='word_1_34' title='bbox 2862 837 2980 912; x_wconf 69' lang='grc' dir='ltr'>(τοῦ</span> <span class='ocrx_word' id='word_1_35' title='bbox 3041 838 3351 915; x_wconf 82' lang='grc' dir='ltr'>ΙΙαχωμίου</span> <span class='ocrx_word' id='word_1_36' title='bbox 3395 842 3495 916; x_wconf 72' lang='grc' dir='ltr'>γὰρ</span> <span class='ocrx_word' id='word_1_37' title='bbox 3548 842 3609 898; x_wconf 84' lang='grc' dir='ltr'>τὸ</span> <span class='ocrx_word' id='word_1_38' title='bbox 3663 847 3839 921; x_wconf 78' lang='grc' dir='ltr'>χωρίον</span> 
     </span>
    </p>
   </div>
   <div class='ocr_carea' id='block_1_7' title="bbox 2228 927 3837 1008">
    <p class='ocr_par' dir='ltr' id='par_1_7' title="bbox 2228 927 3837 1008">
     <span class='ocr_line' id='line_1_7' title="bbox 2228 927 3837 1008; baseline 0.005 -26"><span class='ocrx_word' id='word_1_39' title='bbox 2228 927 2463 1003; x_wconf 69' lang='grc' dir='ltr'>ἐλέγετο)</span> <span class='ocrx_word' id='word_1_40' title='bbox 2513 929 2603 984; x_wconf 84' lang='grc' dir='ltr'>καὶ</span> <span class='ocrx_word' id='word_1_41' title='bbox 2659 937 2760 1000; x_wconf 82' lang='grc' dir='ltr'>τῆς</span> <span class='ocrx_word' id='word_1_42' title='bbox 2818 928 3187 985; x_wconf 81' lang='grc' dir='ltr'>ἐπιτελευτίου</span> <span class='ocrx_word' id='word_1_43' title='bbox 3240 928 3331 985; x_wconf 80' lang='grc' dir='ltr'>ἐπὶ</span> <span class='ocrx_word' id='word_1_44' title='bbox 3379 930 3595 994; x_wconf 73' lang='grc' dir='ltr'>τούτοις</span> <span class='ocrx_word' id='word_1_45' title='bbox 3642 936 3837 1008; x_wconf 59' lang='grc' dir='ltr'>ἡμέρας</span> 
     </span>
    </p>
   </div>
   <div class='ocr_carea' id='block_1_8' title="bbox 2225 1017 3840 1096">
    <p class='ocr_par' dir='ltr' id='par_1_8' title="bbox 2225 1017 3840 1096">
     <span class='ocr_line' id='line_1_8' title="bbox 2225 1017 3840 1096; baseline 0.006 -26"><span class='ocrx_word' id='word_1_46' title='bbox 2225 1018 2410 1090; x_wconf 70' lang='grc' dir='ltr'>ἡμέρα</span> <span class='ocrx_word' id='word_1_47' title='bbox 2439 1017 2542 1094; x_wconf 76' lang='grc' dir='ltr'>γὰρ</span> <span class='ocrx_word' id='word_1_48' title='bbox 2602 1018 2667 1088; x_wconf 86' lang='grc' dir='ltr'>ἧν</span> <span class='ocrx_word' id='word_1_49' title='bbox 2731 1020 3049 1094; x_wconf 72' lang='grc' dir='ltr'>Παρασκευή</span> <span class='ocrx_word' id='word_1_50' title='bbox 3099 1020 3218 1083; x_wconf 80' lang='grc' dir='ltr'>καθ’</span> <span class='ocrx_word' id='word_1_51' title='bbox 3267 1020 3331 1089; x_wconf 79' lang='grc' dir='ltr'>ἣν</span> <span class='ocrx_word' id='word_1_52' title='bbox 3389 1022 3532 1076; x_wconf 75' lang='grc' dir='ltr'>ταῦτ’</span> <span class='ocrx_word' id='word_1_53' title='bbox 3588 1020 3840 1096; x_wconf 69' lang='grc' dir='ltr'>ἐπράττετο</span> 
     </span>
    </p>
   </div>
   <div class='ocr_carea' id='block_1_9' title="bbox 2227 1103 3839 1191">
    <p class='ocr_par' dir='ltr' id='par_1_9' title="bbox 2227 1103 3839 1191">
     <span class='ocr_line' id='line_1_9' title="bbox 2227 1103 3839 1191; baseline 0.002 -30"><span class='ocrx_word' id='word_1_54' title='bbox 2227 1103 2502 1175; x_wconf 71' lang='grc' dir='ltr'>ἑνδεκάτη,</span> <span class='ocrx_word' id='word_1_55' title='bbox 2587 1108 2662 1172; x_wconf 85' lang='grc' dir='ltr'>ὡς</span> <span class='ocrx_word' id='word_1_56' title='bbox 2736 1103 2972 1182; x_wconf 60' lang='grc' dir='ltr'>εἴρηται,</span> <span class='ocrx_word' id='word_1_57' title='bbox 3062 1108 3512 1185; x_wconf 54' lang='grc' dir='ltr'>Σκιροφοριῶνος</span> <span class='ocrx_word' id='word_1_58' title='bbox 3564 1115 3656 1166; x_wconf 72' lang='grc' dir='ltr'>τοῦ</span> <span class='ocrx_word' id='word_1_59' title='bbox 3707 1114 3839 1191; x_wconf 33' lang='grc' dir='ltr'>,ςψιυα</span> 
     </span>
    </p>
   </div>
   <div class='ocr_carea' id='block_1_10' title="bbox 2226 1193 2403 1258">
    <p class='ocr_par' dir='ltr' id='par_1_10' title="bbox 2226 1193 2403 1258">
     <span class='ocr_line' id='line_1_10' title="bbox 2226 1193 2403 1258; baseline 0.011 -8"><span class='ocrx_word' id='word_1_60' title='bbox 2226 1193 2403 1258; x_wconf 82' lang='grc' dir='ltr'>ἔτους.</span> 
     </span>
    </p>
   </div>
   <div class='ocr_carea' id='block_1_11' title="bbox 459 450 569 505">
    <p class='ocr_par' dir='ltr' id='par_1_11' title="bbox 459 450 569 505">
     <span class='ocr_line' id='line_1_11' title="bbox 459 450 569 505; baseline -0.009 0"><span class='ocrx_word' id='word_1_61' title='bbox 459 450 569 505; x_wconf 85' lang='grc'>995</span> 
     </span>
    </p>
   </div>
   <div class='ocr_carea' id='block_1_12' title="bbox 455 569 2110 647">
    <p class='ocr_par' dir='ltr' id='par_1_12' title="bbox 455 569 2110 647">
     <span class='ocr_line' id='line_1_12' title="bbox 455 569 2110 647; baseline -0.001 -20"><span class='ocrx_word' id='word_1_62' title='bbox 455 572 628 647; x_wconf 72' lang='grc' dir='ltr'>τάχος</span> <span class='ocrx_word' id='word_1_63' title='bbox 686 573 738 627; x_wconf 76' lang='lat' dir='ltr'>oi</span> <span class='ocrx_word' id='word_1_64' title='bbox 799 573 875 635; x_wconf 79' lang='grc' dir='ltr'>εἷς</span> <span class='ocrx_word' id='word_1_65' title='bbox 926 575 1089 627; x_wconf 69' lang='grc' dir='ltr'>τοῦτο</span> <span class='ocrx_word' id='word_1_66' title='bbox 1142 571 1432 645; x_wconf 68' lang='grc' dir='ltr'>ταχθέντες</span> <span class='ocrx_word' id='word_1_67' title='bbox 1489 569 1862 633; x_wconf 83' lang='grc' dir='ltr'>συστείλαντες</span> <span class='ocrx_word' id='word_1_68' title='bbox 1918 572 2110 635; x_wconf 85' lang='grc' dir='ltr'>νυκτὸς</span> 
     </span>
    </p>
   </div>
   <div class='ocr_carea' id='block_1_13' title="bbox 463 657 2116 736">
    <p class='ocr_par' dir='ltr' id='par_1_13' title="bbox 463 657 2116 736">
     <span class='ocr_line' id='line_1_13' title="bbox 463 657 2116 736; baseline -0.001 -20"><span class='ocrx_word' id='word_1_69' title='bbox 463 664 611 736; x_wconf 73' lang='grc' dir='ltr'>παρὰ</span> <span class='ocrx_word' id='word_1_70' title='bbox 662 662 762 730; x_wconf 73' lang='grc' dir='ltr'>τὴν</span> <span class='ocrx_word' id='word_1_71' title='bbox 814 660 935 716; x_wconf 68' lang='grc' dir='ltr'>νέαν</span> <span class='ocrx_word' id='word_1_72' title='bbox 970 661 1167 733; x_wconf 73' lang='grc' dir='ltr'>μονήν,</span> <span class='ocrx_word' id='word_1_73' title='bbox 1196 658 1355 735; x_wconf 67' lang='grc' dir='ltr'>ἐγγύς</span> <span class='ocrx_word' id='word_1_74' title='bbox 1381 679 1486 713; x_wconf 83' lang='grc' dir='ltr'>που</span> <span class='ocrx_word' id='word_1_75' title='bbox 1525 662 1634 713; x_wconf 79' lang='grc' dir='ltr'>τῶν</span> <span class='ocrx_word' id='word_1_76' title='bbox 1683 657 1795 714; x_wconf 80' lang='grc' dir='ltr'>ἐκεῖ</span> <span class='ocrx_word' id='word_1_77' title='bbox 1836 658 2116 732; x_wconf 67' lang='grc' dir='ltr'>κειμένην,</span> 
     </span>
    </p>
   </div>
   <div class='ocr_carea' id='block_1_14' title="bbox 466 745 2119 825">
    <p class='ocr_par' dir='ltr' id='par_1_14' title="bbox 466 745 2119 825">
     <span class='ocr_line' id='line_1_14' title="bbox 466 745 2119 825; baseline -0.001 -20"><span class='ocrx_word' id='word_1_78' title='bbox 466 750 892 825; x_wconf 75' lang='grc' dir='ltr'>μετακομίζουσι</span> <span class='ocrx_word' id='word_1_79' title='bbox 926 795 939 808; x_wconf 91' lang='grc'><strong>.</strong></span> <span class='ocrx_word' id='word_1_80' title='bbox 990 749 1087 804; x_wconf 75' lang='grc' dir='ltr'>Καὶ</span> <span class='ocrx_word' id='word_1_81' title='bbox 1134 747 1307 811; x_wconf 72' lang='grc' dir='ltr'>οὕτως</span> <span class='ocrx_word' id='word_1_82' title='bbox 1354 749 1650 823; x_wconf 69' lang='grc' dir='ltr'>ἀπέρχεται</span> <span class='ocrx_word' id='word_1_83' title='bbox 1708 745 1966 824; x_wconf 78' lang='grc' dir='ltr'>βασιλεὺς</span> <span class='ocrx_word' id='word_1_84' title='bbox 2028 752 2119 820; x_wconf 75' lang='grc' dir='ltr'>ζή-</span> 
     </span>
    </p>
   </div>
   <div class='ocr_carea' id='block_1_15' title="bbox 460 834 2115 914">
    <p class='ocr_par' dir='ltr' id='par_1_15' title="bbox 460 834 2115 914">
     <span class='ocr_line' id='line_1_15' title="bbox 460 834 2115 914; baseline -0.002 -19"><span class='ocrx_word' id='word_1_85' title='bbox 460 861 554 902; x_wconf 88' lang='grc' dir='ltr'>σας</span> <span class='ocrx_word' id='word_1_86' title='bbox 626 840 720 914; x_wconf 70' lang='grc' dir='ltr'>μὲν</span> <span class='ocrx_word' id='word_1_87' title='bbox 798 841 863 893; x_wconf 68' lang='grc' dir='ltr'>τὰ</span> <span class='ocrx_word' id='word_1_88' title='bbox 919 837 1202 910; x_wconf 70' lang='grc' dir='ltr'>σῦμπαντα</span> <span class='ocrx_word' id='word_1_89' title='bbox 1256 834 1347 907; x_wconf 79' lang='grc' dir='ltr'>ἔτη</span> <span class='ocrx_word' id='word_1_90' title='bbox 1398 839 1742 907; x_wconf 70' lang='grc' dir='ltr'>πεντήκοντα</span> <span class='ocrx_word' id='word_1_91' title='bbox 1795 837 1885 892; x_wconf 82' lang='grc' dir='ltr'>καὶ</span> <span class='ocrx_word' id='word_1_92' title='bbox 1949 839 2115 910; x_wconf 80' lang='grc' dir='ltr'>ὀκτὼ,</span> 
     </span>
    </p>
   </div>
   <div class='ocr_carea' id='block_1_16' title="bbox 460 922 2117 1006">
    <p class='ocr_par' dir='ltr' id='par_1_16' title="bbox 460 922 2117 1006">
     <span class='ocr_line' id='line_1_16' title="bbox 460 922 2117 1006; baseline -0.002 -22"><span class='ocrx_word' id='word_1_93' title='bbox 460 927 785 1006; x_wconf 68' lang='grc' dir='ltr'>βασιλεύσας</span> <span class='ocrx_word' id='word_1_94' title='bbox 818 925 874 983; x_wconf 69' lang='grc' dir='ltr'>δὲ</span> <span class='ocrx_word' id='word_1_95' title='bbox 910 929 1134 1001; x_wconf 69' lang='grc' dir='ltr'>ἡμερῶν</span> <span class='ocrx_word' id='word_1_96' title='bbox 1166 922 1400 981; x_wconf 79' lang='grc' dir='ltr'>δεουσῶν</span> <span class='ocrx_word' id='word_1_97' title='bbox 1450 923 1621 981; x_wconf 81' lang='grc' dir='ltr'>εἷ’κοσι</span> <span class='ocrx_word' id='word_1_98' title='bbox 1669 927 1737 981; x_wconf 72' lang='grc' dir='ltr'>τὰ</span> <span class='ocrx_word' id='word_1_99' title='bbox 1782 923 1954 981; x_wconf 73' lang='grc' dir='ltr'>εἴκοσι</span> <span class='ocrx_word' id='word_1_100' title='bbox 1996 928 2117 981; x_wconf 77' lang='grc' dir='ltr'>τέσ-</span> 
     </span>
    </p>
   </div>
   <div class='ocr_carea' id='block_1_17' title="bbox 459 1014 2118 1094">
    <p class='ocr_par' dir='ltr' id='par_1_17' title="bbox 459 1014 2118 1094">
     <span class='ocr_line' id='line_1_17' title="bbox 459 1014 2118 1094; baseline -0.001 -22"><span class='ocrx_word' id='word_1_101' title='bbox 459 1039 613 1094; x_wconf 80' lang='grc' dir='ltr'>σαρα.</span> <span class='ocrx_word' id='word_1_102' title='bbox 679 1014 983 1072; x_wconf 81' lang='grc' dir='ltr'>Ὑποδεῖται</span> <span class='ocrx_word' id='word_1_103' title='bbox 1044 1017 1142 1090; x_wconf 77' lang='grc' dir='ltr'>μὲν</span> <span class='ocrx_word' id='word_1_104' title='bbox 1200 1016 1302 1092; x_wconf 75' lang='grc' dir='ltr'>γὰρ</span> <span class='ocrx_word' id='word_1_105' title='bbox 1352 1015 1416 1070; x_wconf 74' lang='grc' dir='ltr'>τὰ</span> <span class='ocrx_word' id='word_1_106' title='bbox 1444 1023 1544 1085; x_wconf 79' lang='grc' dir='ltr'>τῆς</span> <span class='ocrx_word' id='word_1_107' title='bbox 1598 1014 1877 1090; x_wconf 74' lang='grc' dir='ltr'>βασιλεῖας</span> <span class='ocrx_word' id='word_1_108' title='bbox 1918 1016 2118 1092; x_wconf 76' lang='grc' dir='ltr'>ἐρυθρά</span> 
     </span>
    </p>
   </div>
   <div class='ocr_carea' id='block_1_18' title="bbox 454 1103 2117 1179">
    <p class='ocr_par' dir='ltr' id='par_1_18' title="bbox 454 1103 2117 1179">
     <span class='ocr_line' id='line_1_18' title="bbox 454 1103 2117 1179; baseline 0 -18"><span class='ocrx_word' id='word_1_109' title='bbox 454 1103 937 1179; x_wconf 76' lang='grc' dir='ltr'>Ἑκατομϐαιῶνος</span> <span class='ocrx_word' id='word_1_110' title='bbox 995 1106 1229 1179; x_wconf 71' lang='grc' dir='ltr'>πρώτῃ,</span> <span class='ocrx_word' id='word_1_111' title='bbox 1291 1105 1366 1168; x_wconf 82' lang='grc' dir='ltr'>ὡς</span> <span class='ocrx_word' id='word_1_112' title='bbox 1426 1103 1679 1161; x_wconf 70' lang='grc' dir='ltr'>λέλεκται</span> <span class='ocrx_word' id='word_1_113' title='bbox 1717 1148 1730 1174; x_wconf 88' lang='grc'><em>,</em></span> <span class='ocrx_word' id='word_1_114' title='bbox 1783 1107 1998 1176; x_wconf 80' lang='grc' dir='ltr'>Θνήσκει</span> <span class='ocrx_word' id='word_1_115' title='bbox 2059 1104 2117 1161; x_wconf 75' lang='grc' dir='ltr'>δὲ</span> 
     </span>
    </p>
   </div>
   <div class='ocr_carea' id='block_1_19' title="bbox 456 1191 2114 1275">
    <p class='ocr_par' dir='ltr' id='par_1_19' title="bbox 456 1191 2114 1275">
     <span class='ocr_line' id='line_1_19' title="bbox 456 1191 2114 1275; baseline 0.001 -24"><span class='ocrx_word' id='word_1_116' title='bbox 456 1199 901 1275; x_wconf 61' lang='grc' dir='ltr'>Σκιροφοριῶνος</span> <span class='ocrx_word' id='word_1_117' title='bbox 985 1191 1267 1270; x_wconf 74' lang='grc' dir='ltr'>ἑνδεκάτῃ,</span> <span class='ocrx_word' id='word_1_118' title='bbox 1344 1194 1529 1270; x_wconf 72' lang='grc' dir='ltr'>ἡμέρᾳ</span> <span class='ocrx_word' id='word_1_119' title='bbox 1602 1200 1942 1271; x_wconf 76' lang='grc' dir='ltr'>Παρασκετῇ.</span> <span class='ocrx_word' id='word_1_120' title='bbox 2018 1197 2114 1252; x_wconf 80' lang='grc' dir='ltr'>Καὶ</span> 
     </span>
    </p>
   </div>
   <div class='ocr_carea' id='block_1_20' title="bbox 455 1282 2111 1361">
    <p class='ocr_par' dir='ltr' id='par_1_20' title="bbox 455 1282 2111 1361">
     <span class='ocr_line' id='line_1_20' title="bbox 455 1282 2111 1361; baseline -0.001 -18"><span class='ocrx_word' id='word_1_121' title='bbox 455 1286 598 1343; x_wconf 65' lang='grc' dir='ltr'>οὕτω</span> <span class='ocrx_word' id='word_1_122' title='bbox 646 1288 735 1342; x_wconf 80' lang='grc' dir='ltr'>καὶ</span> <span class='ocrx_word' id='word_1_123' title='bbox 764 1287 827 1341; x_wconf 87' lang='grc' dir='ltr'>τὸ</span> <span class='ocrx_word' id='word_1_124' title='bbox 868 1283 953 1340; x_wconf 80' lang='grc' dir='ltr'>ἐπ’</span> <span class='ocrx_word' id='word_1_125' title='bbox 996 1285 1144 1357; x_wconf 77' lang='grc' dir='ltr'>αὖτῷ</span> <span class='ocrx_word' id='word_1_126' title='bbox 1184 1288 1414 1359; x_wconf 78' lang='grc' dir='ltr'>σημεῖον</span> <span class='ocrx_word' id='word_1_127' title='bbox 1466 1282 1792 1342; x_wconf 78' lang='grc' dir='ltr'>ἐτελειοῦτο.</span> <span class='ocrx_word' id='word_1_128' title='bbox 1851 1287 1952 1343; x_wconf 89' lang='grc' dir='ltr'>Ἦν</span> <span class='ocrx_word' id='word_1_129' title='bbox 2008 1286 2111 1361; x_wconf 79' lang='grc' dir='ltr'>γὰρ</span> 
     </span>
    </p>
   </div>
   <div class='ocr_carea' id='block_1_21' title="bbox 2221 1414 3833 1490">
    <p class='ocr_par' dir='ltr' id='par_1_21' title="bbox 2221 1414 3833 1490">
     <span class='ocr_line' id='line_1_21' title="bbox 2221 1414 3833 1490; baseline 0.002 -20"><span class='ocrx_word' id='word_1_130' title='bbox 2221 1414 2477 1486; x_wconf 82' lang='lat' dir='ltr'>demptis</span> <span class='ocrx_word' id='word_1_131' title='bbox 2505 1414 2712 1471; x_wconf 89' lang='lat' dir='ltr'>diebus</span> <span class='ocrx_word' id='word_1_132' title='bbox 2743 1417 2970 1488; x_wconf 80' lang='lat' dir='ltr'>viginti.</span> <span class='ocrx_word' id='word_1_133' title='bbox 3006 1417 3149 1472; x_wconf 81' lang='lat' dir='ltr'>Nam</span> <span class='ocrx_word' id='word_1_134' title='bbox 3182 1416 3417 1488; x_wconf 90' lang='lat' dir='ltr'>imperii</span> <span class='ocrx_word' id='word_1_135' title='bbox 3468 1418 3688 1490; x_wconf 89' lang='lat' dir='ltr'>insigne</span> <span class='ocrx_word' id='word_1_136' title='bbox 3717 1437 3833 1490; x_wconf 87' lang='lat' dir='ltr'>pur-</span> 
     </span>
    </p>
   </div>
   <div class='ocr_carea' id='block_1_22' title="bbox 454 1412 2109 1488">
    <p class='ocr_par' dir='ltr' id='par_1_22' title="bbox 454 1412 2109 1488">
     <span class='ocr_line' id='line_1_22' title="bbox 454 1412 2109 1488; baseline -0.002 -14"><span class='ocrx_word' id='word_1_137' title='bbox 454 1416 666 1488; x_wconf 86' lang='lat' dir='ltr'>surgit,</span> <span class='ocrx_word' id='word_1_138' title='bbox 699 1431 904 1471; x_wconf 84' lang='lat' dir='ltr'>zonam</span> <span class='ocrx_word' id='word_1_139' title='bbox 951 1413 1230 1486; x_wconf 87' lang='lat' dir='ltr'>postulat,</span> <span class='ocrx_word' id='word_1_140' title='bbox 1259 1417 1531 1470; x_wconf 86' lang='lat' dir='ltr'>sanctum</span> <span class='ocrx_word' id='word_1_141' title='bbox 1586 1412 1920 1484; x_wconf 86' lang='lat' dir='ltr'>symbolum</span> <span class='ocrx_word' id='word_1_142' title='bbox 1974 1432 2109 1487; x_wconf 84' lang='lat' dir='ltr'>pro-</span> 
     </span>
    </p>
   </div>
   <div class='ocr_carea' id='block_1_23' title="bbox 2222 1505 3828 1577">
    <p class='ocr_par' dir='ltr' id='par_1_23' title="bbox 2222 1505 3828 1577">
     <span class='ocr_line' id='line_1_23' title="bbox 2222 1505 3828 1577; baseline 0.005 -19"><span class='ocrx_word' id='word_1_143' title='bbox 2222 1520 2430 1575; x_wconf 83' lang='lat' dir='ltr'>puram</span> <span class='ocrx_word' id='word_1_144' title='bbox 2462 1505 2655 1559; x_wconf 91' lang='lat' dir='ltr'>induit</span> <span class='ocrx_word' id='word_1_145' title='bbox 2687 1505 2876 1577; x_wconf 84' lang='lat' dir='ltr'>prima</span> <span class='ocrx_word' id='word_1_146' title='bbox 2906 1506 2998 1559; x_wconf 86' lang='lat' dir='ltr'>die</span> <span class='ocrx_word' id='word_1_147' title='bbox 3027 1506 3325 1573; x_wconf 76' lang='lat' dir='ltr'>Januarii,</span> <span class='ocrx_word' id='word_1_148' title='bbox 3361 1513 3425 1562; x_wconf 93' lang='lat' dir='ltr'>ut</span> <span class='ocrx_word' id='word_1_149' title='bbox 3464 1508 3675 1563; x_wconf 87' lang='lat' dir='ltr'>dictum</span> <span class='ocrx_word' id='word_1_150' title='bbox 3703 1510 3828 1566; x_wconf 70' lang='lat'>532</span> 
     </span>
    </p>
   </div>
   <div class='ocr_carea' id='block_1_24' title="bbox 455 1500 2109 1573">
    <p class='ocr_par' dir='ltr' id='par_1_24' title="bbox 455 1500 2109 1573">
     <span class='ocr_line' id='line_1_24' title="bbox 455 1500 2109 1573; baseline -0.002 -11"><span class='ocrx_word' id='word_1_151' title='bbox 455 1505 716 1573; x_wconf 81' lang='lat' dir='ltr'>nuntiat,</span> <span class='ocrx_word' id='word_1_152' title='bbox 741 1505 965 1560; x_wconf 84' lang='lat' dir='ltr'>addens</span> <span class='ocrx_word' id='word_1_153' title='bbox 997 1508 1053 1558; x_wconf 88' lang='lat' dir='ltr'>et</span> <span class='ocrx_word' id='word_1_154' title='bbox 1084 1500 1227 1556; x_wconf 88' lang='lat' dir='ltr'>illud</span> <span class='ocrx_word' id='word_1_155' title='bbox 1256 1518 1268 1557; x_wconf 74' lang='grc' dir='ltr'>ε</span> <span class='ocrx_word' id='word_1_156' title='bbox 1305 1524 1333 1553; x_wconf 85' lang='grc'>‹‹</span> <span class='ocrx_word' id='word_1_157' title='bbox 1367 1504 1573 1558; x_wconf 88' lang='lat' dir='ltr'>Libera</span> <span class='ocrx_word' id='word_1_158' title='bbox 1600 1520 1713 1573; x_wconf 89' lang='lat' dir='ltr'>me,</span> <span class='ocrx_word' id='word_1_159' title='bbox 1737 1503 2001 1572; x_wconf 85' lang='lat' dir='ltr'>Domine,</span> <span class='ocrx_word' id='word_1_160' title='bbox 2036 1503 2109 1558; x_wconf 88' lang='lat' dir='ltr'>ab</span> 
     </span>
    </p>
   </div>
   <div class='ocr_carea' id='block_1_25' title="bbox 452 1590 2108 1664">
    <p class='ocr_par' dir='ltr' id='par_1_25' title="bbox 452 1590 2108 1664">
     <span class='ocr_line' id='line_1_25' title="bbox 452 1590 2108 1664; baseline -0.002 -13"><span class='ocrx_word' id='word_1_161' title='bbox 452 1596 599 1651; x_wconf 86' lang='lat' dir='ltr'>hora</span> <span class='ocrx_word' id='word_1_162' title='bbox 629 1593 759 1660; x_wconf 88' lang='lat' dir='ltr'>hac,</span> <span class='ocrx_word' id='word_1_163' title='bbox 795 1615 823 1642; x_wconf 86' lang='lat'><strong>»</strong></span> <span class='ocrx_word' id='word_1_164' title='bbox 849 1597 971 1647; x_wconf 88' lang='lat' dir='ltr'>tum</span> <span class='ocrx_word' id='word_1_165' title='bbox 1008 1591 1224 1664; x_wconf 85' lang='lat' dir='ltr'>quibus</span> <span class='ocrx_word' id='word_1_166' title='bbox 1250 1608 1353 1663; x_wconf 87' lang='lat' dir='ltr'>par</span> <span class='ocrx_word' id='word_1_167' title='bbox 1375 1596 1499 1647; x_wconf 86' lang='lat' dir='ltr'>erat</span> <span class='ocrx_word' id='word_1_168' title='bbox 1521 1590 1898 1648; x_wconf 79' lang='lat' dir='ltr'>demissionis</span> <span class='ocrx_word' id='word_1_169' title='bbox 1921 1592 2108 1664; x_wconf 84' lang='lat' dir='ltr'>signis</span> 
     </span>
    </p>
   </div>
   <div class='ocr_carea' id='block_1_26' title="bbox 451 1684 2106 1754">
    <p class='ocr_par' dir='ltr' id='par_1_26' title="bbox 451 1684 2106 1754">
     <span class='ocr_line' id='line_1_26' title="bbox 451 1684 2106 1754; baseline -0.002 -14"><span class='ocrx_word' id='word_1_170' title='bbox 451 1684 821 1740; x_wconf 80' lang='lat' dir='ltr'>Altissimum</span> <span class='ocrx_word' id='word_1_171' title='bbox 847 1686 1195 1754; x_wconf 67' lang='lat' dir='ltr'>praesentem</span> <span class='ocrx_word' id='word_1_172' title='bbox 1226 1685 1538 1736; x_wconf 80' lang='lat' dir='ltr'>veneratus</span> <span class='ocrx_word' id='word_1_173' title='bbox 1570 1698 1799 1736; x_wconf 80' lang='lat' dir='ltr'>sacram</span> <span class='ocrx_word' id='word_1_174' title='bbox 1841 1699 2106 1737; x_wconf 88' lang='lat' dir='ltr'>commu-</span> 
     </span>
    </p>
   </div>
   <div class='ocr_carea' id='block_1_27' title="bbox 451 1768 2103 1843">
    <p class='ocr_par' dir='ltr' id='par_1_27' title="bbox 451 1768 2103 1843">
     <span class='ocr_line' id='line_1_27' title="bbox 451 1768 2103 1843; baseline -0.002 -15"><span class='ocrx_word' id='word_1_175' title='bbox 451 1773 686 1829; x_wconf 85' lang='lat' dir='ltr'>nionem</span> <span class='ocrx_word' id='word_1_176' title='bbox 722 1770 955 1843; x_wconf 87' lang='lat' dir='ltr'>accipit,</span> <span class='ocrx_word' id='word_1_177' title='bbox 989 1774 1045 1825; x_wconf 88' lang='lat' dir='ltr'>et</span> <span class='ocrx_word' id='word_1_178' title='bbox 1076 1770 1133 1824; x_wconf 92' lang='lat' dir='ltr'>in</span> <span class='ocrx_word' id='word_1_179' title='bbox 1168 1768 1448 1824; x_wconf 80' lang='lat' dir='ltr'>lectulum</span> <span class='ocrx_word' id='word_1_180' title='bbox 1479 1768 1745 1841; x_wconf 83' lang='lat' dir='ltr'>relapsus</span> <span class='ocrx_word' id='word_1_181' title='bbox 1769 1771 1979 1842; x_wconf 81' lang='lat' dir='ltr'>exiguo</span> <span class='ocrx_word' id='word_1_182' title='bbox 2002 1788 2103 1825; x_wconf 87' lang='lat' dir='ltr'>su-</span> 
     </span>
    </p>
   </div>
   <div class='ocr_carea' id='block_1_28' title="bbox 2219 1593 3825 1663">
    <p class='ocr_par' dir='ltr' id='par_1_28' title="bbox 2219 1593 3825 1663">
     <span class='ocr_line' id='line_1_28' title="bbox 2219 1593 3825 1663; baseline 0.003 -16"><span class='ocrx_word' id='word_1_183' title='bbox 2219 1598 2343 1647; x_wconf 87' lang='lat' dir='ltr'>est:</span> <span class='ocrx_word' id='word_1_184' title='bbox 2378 1593 2523 1648; x_wconf 87' lang='lat' dir='ltr'>obiit</span> <span class='ocrx_word' id='word_1_185' title='bbox 2554 1599 2749 1649; x_wconf 88' lang='lat' dir='ltr'>autem</span> <span class='ocrx_word' id='word_1_186' title='bbox 2785 1593 3099 1649; x_wconf 88' lang='lat' dir='ltr'>undecima</span> <span class='ocrx_word' id='word_1_187' title='bbox 3154 1594 3517 1663; x_wconf 79' lang='lat' dir='ltr'>Decembris,</span> <span class='ocrx_word' id='word_1_188' title='bbox 3565 1597 3651 1651; x_wconf 80' lang='lat' dir='ltr'>die</span> <span class='ocrx_word' id='word_1_189' title='bbox 3680 1601 3825 1652; x_wconf 70' lang='lat' dir='ltr'>Paxa-</span> 
     </span>
    </p>
   </div>
   <div class='ocr_carea' id='block_1_29' title="bbox 2218 1681 3831 1756">
    <p class='ocr_par' dir='ltr' id='par_1_29' title="bbox 2218 1681 3831 1756">
     <span class='ocr_line' id='line_1_29' title="bbox 2218 1681 3831 1756; baseline 0.003 -21"><span class='ocrx_word' id='word_1_190' title='bbox 2218 1698 2403 1737; x_wconf 87' lang='lat' dir='ltr'>sceve.</span> <span class='ocrx_word' id='word_1_191' title='bbox 2431 1686 2497 1737; x_wconf 84' lang='lat' dir='ltr'>Et</span> <span class='ocrx_word' id='word_1_192' title='bbox 2528 1681 2612 1737; x_wconf 88' lang='lat' dir='ltr'>sic</span> <span class='ocrx_word' id='word_1_193' title='bbox 2643 1682 2948 1754; x_wconf 85' lang='lat' dir='ltr'>impletum</span> <span class='ocrx_word' id='word_1_194' title='bbox 2972 1689 3181 1738; x_wconf 89' lang='lat' dir='ltr'>eventu</span> <span class='ocrx_word' id='word_1_195' title='bbox 3205 1688 3297 1739; x_wconf 87' lang='lat' dir='ltr'>est</span> <span class='ocrx_word' id='word_1_196' title='bbox 3329 1686 3480 1754; x_wconf 89' lang='lat' dir='ltr'>quod</span> <span class='ocrx_word' id='word_1_197' title='bbox 3506 1683 3831 1756; x_wconf 78' lang='lat' dir='ltr'>signiﬁcasse</span> 
     </span>
    </p>
   </div>
   <div class='ocr_carea' id='block_1_30' title="bbox 2218 1771 3837 1844">
    <p class='ocr_par' dir='ltr' id='par_1_30' title="bbox 2218 1771 3837 1844">
     <span class='ocr_line' id='line_1_30' title="bbox 2218 1771 3837 1844; baseline 0.004 -21"><span class='ocrx_word' id='word_1_198' title='bbox 2218 1771 2398 1824; x_wconf 83' lang='lat' dir='ltr'>videri</span> <span class='ocrx_word' id='word_1_199' title='bbox 2438 1774 2626 1843; x_wconf 82' lang='lat' dir='ltr'>potuit</span> <span class='ocrx_word' id='word_1_200' title='bbox 2657 1772 2943 1843; x_wconf 87' lang='lat' dir='ltr'>sigillum,</span> <span class='ocrx_word' id='word_1_201' title='bbox 2977 1773 3133 1842; x_wconf 88' lang='lat' dir='ltr'>quod</span> <span class='ocrx_word' id='word_1_202' title='bbox 3185 1773 3470 1828; x_wconf 89' lang='lat' dir='ltr'>adbibere</span> <span class='ocrx_word' id='word_1_203' title='bbox 3500 1790 3530 1828; x_wconf 93' lang='grc' dir='ltr'>ο</span> <span class='ocrx_word' id='word_1_204' title='bbox 3553 1774 3837 1844; x_wconf 80' lang='lat' dir='ltr'>bsignando</span> 
     </span>
    </p>
   </div>
   <div class='ocr_carea' id='block_1_31' title="bbox 452 1852 3828 1934">
    <p class='ocr_par' dir='ltr' id='par_1_31' title="bbox 452 1852 3828 1934">
     <span class='ocr_line' id='line_1_31' title="bbox 452 1852 3828 1934; baseline 0 -17"><span class='ocrx_word' id='word_1_205' title='bbox 452 1865 682 1934; x_wconf 88' lang='lat' dir='ltr'>perstes</span> <span class='ocrx_word' id='word_1_206' title='bbox 743 1858 1067 1927; x_wconf 84' lang='lat' dir='ltr'>intervallo,</span> <span class='ocrx_word' id='word_1_207' title='bbox 1116 1857 1292 1931; x_wconf 90' lang='lat' dir='ltr'>paulo</span> <span class='ocrx_word' id='word_1_208' title='bbox 1369 1862 1501 1929; x_wconf 85' lang='lat' dir='ltr'>post</span> <span class='ocrx_word' id='word_1_209' title='bbox 1554 1859 1812 1914; x_wconf 87' lang='lat' dir='ltr'>animam</span> <span class='ocrx_word' id='word_1_210' title='bbox 1873 1859 2109 1916; x_wconf 84' lang='lat' dir='ltr'>emittit.</span> <span class='ocrx_word' id='word_1_211' title='bbox 2144 1852 2622 1915; x_wconf 80' lang='lat' dir='ltr'>Bconsueverat.</span> <span class='ocrx_word' id='word_1_212' title='bbox 2678 1861 3053 1932; x_wconf 83' lang='lat' dir='ltr'>Exprimebat</span> <span class='ocrx_word' id='word_1_213' title='bbox 3112 1867 3313 1917; x_wconf 89' lang='lat' dir='ltr'>autem</span> <span class='ocrx_word' id='word_1_214' title='bbox 3368 1863 3424 1917; x_wconf 91' lang='lat' dir='ltr'>id</span> <span class='ocrx_word' id='word_1_215' title='bbox 3475 1862 3828 1918; x_wconf 79' lang='lat' dir='ltr'>characterem</span> 
     </span>
    </p>
   </div>
   <div class='ocr_carea' id='block_1_32' title="bbox 450 1948 3825 2022">
    <p class='ocr_par' dir='ltr' id='par_1_32' title="bbox 450 1948 3825 2022">
     <span class='ocr_line' id='line_1_32' title="bbox 450 1948 3825 2022; baseline -0 -16"><span class='ocrx_word' id='word_1_216' title='bbox 450 1950 633 2022; x_wconf 87' lang='lat' dir='ltr'>Cujus</span> <span class='ocrx_word' id='word_1_217' title='bbox 659 1966 790 2005; x_wconf 79' lang='lat' dir='ltr'>mox</span> <span class='ocrx_word' id='word_1_218' title='bbox 819 1948 1056 2021; x_wconf 88' lang='lat' dir='ltr'>cognita</span> <span class='ocrx_word' id='word_1_219' title='bbox 1086 1964 1248 2002; x_wconf 90' lang='lat' dir='ltr'>mors</span> <span class='ocrx_word' id='word_1_220' title='bbox 1282 1963 1398 2002; x_wconf 92' lang='lat' dir='ltr'>non</span> <span class='ocrx_word' id='word_1_221' title='bbox 1457 1948 1655 2003; x_wconf 88' lang='lat' dir='ltr'>minus</span> <span class='ocrx_word' id='word_1_222' title='bbox 1701 1948 2104 2004; x_wconf 85' lang='lat' dir='ltr'>Tocharorum</span> <span class='ocrx_word' id='word_1_223' title='bbox 2220 1948 2535 2003; x_wconf 80' lang='lat' dir='ltr'>formatum</span> <span class='ocrx_word' id='word_1_224' title='bbox 2571 1965 2640 2004; x_wconf 84' lang='lat' dir='ltr'>ex</span> <span class='ocrx_word' id='word_1_225' title='bbox 2672 1950 2861 2004; x_wconf 85' lang='lat' dir='ltr'>tribus</span> <span class='ocrx_word' id='word_1_226' title='bbox 2894 1949 3103 2019; x_wconf 78' lang='lat' dir='ltr'>figuris</span> <span class='ocrx_word' id='word_1_227' title='bbox 3133 1949 3409 2005; x_wconf 87' lang='lat' dir='ltr'>elementi</span> <span class='ocrx_word' id='word_1_228' title='bbox 3452 1952 3626 2006; x_wconf 68' lang='lat' dir='ltr'>Graeci</span> <span class='ocrx_word' id='word_1_229' title='bbox 3654 1956 3730 2016; x_wconf 87' lang='grc' dir='ltr'>πῖ,</span> <span class='ocrx_word' id='word_1_230' title='bbox 3757 1952 3825 2005; x_wconf 88' lang='lat' dir='ltr'>in-</span> 
     </span>
    </p>
   </div>
   <div class='ocr_carea' id='block_1_33' title="bbox 452 2036 3831 2113">
    <p class='ocr_par' dir='ltr' id='par_1_33' title="bbox 452 2036 3831 2113">
     <span class='ocr_line' id='line_1_33' title="bbox 452 2036 3831 2113; baseline -0.001 -17"><span class='ocrx_word' id='word_1_231' title='bbox 452 2056 630 2113; x_wconf 87' lang='lat' dir='ltr'>quam</span> <span class='ocrx_word' id='word_1_232' title='bbox 664 2038 746 2111; x_wconf 92' lang='lat' dir='ltr'>ipi</span> <span class='ocrx_word' id='word_1_233' title='bbox 780 2036 1153 2094; x_wconf 87' lang='lat' dir='ltr'>subditorum</span> <span class='ocrx_word' id='word_1_234' title='bbox 1183 2036 1471 2092; x_wconf 85' lang='lat' dir='ltr'>honorata</span> <span class='ocrx_word' id='word_1_235' title='bbox 1503 2036 1781 2108; x_wconf 76' lang='lat' dir='ltr'>lacrymis</span> <span class='ocrx_word' id='word_1_236' title='bbox 1810 2042 1922 2092; x_wconf 87' lang='lat' dir='ltr'>est.</span> <span class='ocrx_word' id='word_1_237' title='bbox 1969 2038 2109 2109; x_wconf 84' lang='lat' dir='ltr'>Ejus</span> <span class='ocrx_word' id='word_1_238' title='bbox 2218 2037 2539 2105; x_wconf 84' lang='lat' dir='ltr'>dicantem,</span> <span class='ocrx_word' id='word_1_239' title='bbox 2579 2044 2866 2108; x_wconf 83' lang='lat' dir='ltr'>quantum</span> <span class='ocrx_word' id='word_1_240' title='bbox 2909 2038 3288 2108; x_wconf 78' lang='lat' dir='ltr'>interpretor,</span> <span class='ocrx_word' id='word_1_241' title='bbox 3322 2041 3509 2110; x_wconf 84' lang='lat' dir='ltr'>primo</span> <span class='ocrx_word' id='word_1_242' title='bbox 3550 2056 3831 2110; x_wconf 74' lang='lat' dir='ltr'>cognomen</span> 
     </span>
    </p>
   </div>
   <div class='ocr_carea' id='block_1_34' title="bbox 451 2125 3827 2198">
    <p class='ocr_par' dir='ltr' id='par_1_34' title="bbox 451 2125 3827 2198">
     <span class='ocr_line' id='line_1_34' title="bbox 451 2125 3827 2198; baseline -0.001 -14"><span class='ocrx_word' id='word_1_243' title='bbox 451 2130 701 2184; x_wconf 83' lang='lat' dir='ltr'>cadaver</span> <span class='ocrx_word' id='word_1_244' title='bbox 734 2128 1009 2182; x_wconf 82' lang='lat' dir='ltr'>festinato</span> <span class='ocrx_word' id='word_1_245' title='bbox 1041 2125 1459 2197; x_wconf 88' lang='lat' dir='ltr'>compositum,</span> <span class='ocrx_word' id='word_1_246' title='bbox 1513 2126 1732 2196; x_wconf 89' lang='lat' dir='ltr'>quibus</span> <span class='ocrx_word' id='word_1_247' title='bbox 1781 2126 1837 2181; x_wconf 90' lang='lat' dir='ltr'>id</span> <span class='ocrx_word' id='word_1_248' title='bbox 1887 2127 2107 2197; x_wconf 82' lang='lat' dir='ltr'>negotii</span> <span class='ocrx_word' id='word_1_249' title='bbox 2218 2125 3827 2198; x_wconf 63' lang='lat' dir='ltr'>familiaeipsius,quoderatt‘alieologus;deindelocum</span> 
     </span>
    </p>
   </div>
   <div class='ocr_carea' id='block_1_35' title="bbox 449 2214 3827 2288">
    <p class='ocr_par' dir='ltr' id='par_1_35' title="bbox 449 2214 3827 2288">
     <span class='ocr_line' id='line_1_35' title="bbox 449 2214 3827 2288; baseline -0.001 -15"><span class='ocrx_word' id='word_1_250' title='bbox 449 2217 654 2274; x_wconf 85' lang='lat' dir='ltr'>datum</span> <span class='ocrx_word' id='word_1_251' title='bbox 684 2218 892 2283; x_wconf 83' lang='lat' dir='ltr'>fuerat,</span> <span class='ocrx_word' id='word_1_252' title='bbox 918 2219 1096 2270; x_wconf 87' lang='lat' dir='ltr'>noctu</span> <span class='ocrx_word' id='word_1_253' title='bbox 1132 2215 1204 2269; x_wconf 88' lang='lat' dir='ltr'>ad</span> <span class='ocrx_word' id='word_1_254' title='bbox 1230 2230 1444 2269; x_wconf 87' lang='lat' dir='ltr'>novum</span> <span class='ocrx_word' id='word_1_255' title='bbox 1478 2215 1900 2269; x_wconf 87' lang='lat' dir='ltr'>monasterium</span> <span class='ocrx_word' id='word_1_256' title='bbox 1922 2214 1981 2268; x_wconf 90' lang='lat' dir='ltr'>in</span> <span class='ocrx_word' id='word_1_257' title='bbox 2006 2214 2106 2270; x_wconf 91' lang='lat' dir='ltr'>illa</span> <span class='ocrx_word' id='word_1_258' title='bbox 2216 2215 2314 2269; x_wconf 87' lang='lat' dir='ltr'>ubi</span> <span class='ocrx_word' id='word_1_259' title='bbox 2346 2222 2469 2270; x_wconf 85' lang='lat' dir='ltr'>erat</span> <span class='ocrx_word' id='word_1_260' title='bbox 2502 2216 2851 2282; x_wconf 86' lang='lat' dir='ltr'>moriturus,</span> <span class='ocrx_word' id='word_1_261' title='bbox 2888 2216 2985 2287; x_wconf 89' lang='lat' dir='ltr'>qui</span> <span class='ocrx_word' id='word_1_262' title='bbox 3029 2216 3334 2272; x_wconf 82' lang='lat' dir='ltr'>Pnchomii</span> <span class='ocrx_word' id='word_1_263' title='bbox 3367 2234 3504 2288; x_wconf 79' lang='lat' dir='ltr'>ager</span> <span class='ocrx_word' id='word_1_264' title='bbox 3532 2217 3827 2283; x_wconf 83' lang='lat' dir='ltr'>dicebatur;</span> 
     </span>
    </p>
   </div>
   <div class='ocr_carea' id='block_1_36' title="bbox 449 2301 3822 2375">
    <p class='ocr_par' dir='ltr' id='par_1_36' title="bbox 449 2301 3822 2375">
     <span class='ocr_line' id='line_1_36' title="bbox 449 2301 3822 2375; baseline -0 -14"><span class='ocrx_word' id='word_1_265' title='bbox 449 2306 663 2362; x_wconf 88' lang='lat' dir='ltr'>vicinia</span> <span class='ocrx_word' id='word_1_266' title='bbox 690 2305 871 2361; x_wconf 87' lang='lat' dir='ltr'>situm</span> <span class='ocrx_word' id='word_1_267' title='bbox 904 2305 1231 2375; x_wconf 83' lang='lat' dir='ltr'>deportant.</span> <span class='ocrx_word' id='word_1_268' title='bbox 1253 2302 1349 2358; x_wconf 91' lang='lat' dir='ltr'>Sic</span> <span class='ocrx_word' id='word_1_269' title='bbox 1383 2301 1519 2356; x_wconf 87' lang='lat' dir='ltr'>hinc</span> <span class='ocrx_word' id='word_1_270' title='bbox 1553 2302 1823 2374; x_wconf 84' lang='lat' dir='ltr'>migravit</span> <span class='ocrx_word' id='word_1_271' title='bbox 1846 2302 2104 2374; x_wconf 85' lang='lat' dir='ltr'>impcra-</span> <span class='ocrx_word' id='word_1_272' title='bbox 2213 2303 2471 2375; x_wconf 86' lang='lat' dir='ltr'>denique</span> <span class='ocrx_word' id='word_1_273' title='bbox 2492 2304 2647 2360; x_wconf 90' lang='lat' dir='ltr'>diem</span> <span class='ocrx_word' id='word_1_274' title='bbox 2670 2305 2867 2360; x_wconf 89' lang='lat' dir='ltr'>obitus</span> <span class='ocrx_word' id='word_1_275' title='bbox 2893 2321 3017 2375; x_wconf 64' lang='lat' dir='ltr'>quae</span> <span class='ocrx_word' id='word_1_276' title='bbox 3038 2305 3357 2361; x_wconf 80' lang='lat' dir='ltr'>Parasceve</span> <span class='ocrx_word' id='word_1_277' title='bbox 3389 2306 3822 2373; x_wconf 79' lang='lat' dir='ltr'>t&#39;uit,undecirna,</span> 
     </span>
    </p>
   </div>
   <div class='ocr_carea' id='block_1_37' title="bbox 447 2390 3416 2468">
    <p class='ocr_par' dir='ltr' id='par_1_37' title="bbox 447 2390 3416 2468">
     <span class='ocr_line' id='line_1_37' title="bbox 447 2390 3416 2468; baseline 0 -16"><span class='ocrx_word' id='word_1_278' title='bbox 447 2399 563 2466; x_wconf 88' lang='lat' dir='ltr'>tor,</span> <span class='ocrx_word' id='word_1_279' title='bbox 592 2398 906 2468; x_wconf 85' lang='lat' dir='ltr'>postquam</span> <span class='ocrx_word' id='word_1_280' title='bbox 931 2392 1172 2448; x_wconf 84' lang='lat' dir='ltr'>vixisset</span> <span class='ocrx_word' id='word_1_281' title='bbox 1193 2391 1455 2447; x_wconf 90' lang='lat' dir='ltr'>omnimo</span> <span class='ocrx_word' id='word_1_282' title='bbox 1479 2408 1664 2447; x_wconf 88' lang='lat' dir='ltr'>annos</span> <span class='ocrx_word' id='word_1_283' title='bbox 1689 2396 1818 2448; x_wconf 89' lang='lat' dir='ltr'>octo</span> <span class='ocrx_word' id='word_1_284' title='bbox 1841 2396 1898 2448; x_wconf 91' lang='lat' dir='ltr'>et</span> <span class='ocrx_word' id='word_1_285' title='bbox 1929 2390 2105 2463; x_wconf 86' lang='lat' dir='ltr'>quin-</span> <span class='ocrx_word' id='word_1_286' title='bbox 2215 2397 2281 2447; x_wconf 90' lang='lat' dir='ltr'>ut</span> <span class='ocrx_word' id='word_1_287' title='bbox 2311 2393 2533 2450; x_wconf 89' lang='lat' dir='ltr'>dictum</span> <span class='ocrx_word' id='word_1_288' title='bbox 2567 2399 2678 2459; x_wconf 89' lang='lat' dir='ltr'>est,</span> <span class='ocrx_word' id='word_1_289' title='bbox 2713 2394 3048 2450; x_wconf 86' lang='lat' dir='ltr'>Decembris</span> <span class='ocrx_word' id='word_1_290' title='bbox 3080 2396 3222 2450; x_wconf 82' lang='lat' dir='ltr'>anni</span> <span class='ocrx_word' id='word_1_291' title='bbox 3251 2396 3416 2453; x_wconf 79' lang='lat'>6791.</span> 
     </span>
    </p>
   </div>
   <div class='ocr_carea' id='block_1_38' title="bbox 446 2480 2101 2557">
    <p class='ocr_par' dir='ltr' id='par_1_38' title="bbox 446 2480 2101 2557">
     <span class='ocr_line' id='line_1_38' title="bbox 446 2480 2101 2557; baseline -0.003 -18"><span class='ocrx_word' id='word_1_292' title='bbox 446 2483 756 2557; x_wconf 81' lang='lat' dir='ltr'>quaginta,</span> <span class='ocrx_word' id='word_1_293' title='bbox 808 2483 1160 2554; x_wconf 84' lang='lat' dir='ltr'>imperasset</span> <span class='ocrx_word' id='word_1_294' title='bbox 1217 2485 1416 2537; x_wconf 68' lang='lat' dir='ltr'>autem</span> <span class='ocrx_word' id='word_1_295' title='bbox 1466 2486 1722 2552; x_wconf 89' lang='lat' dir='ltr'>quatuor</span> <span class='ocrx_word' id='word_1_296' title='bbox 1760 2486 1819 2536; x_wconf 89' lang='lat' dir='ltr'>et</span> <span class='ocrx_word' id='word_1_297' title='bbox 1866 2480 2101 2553; x_wconf 89' lang='lat' dir='ltr'>viginti,</span> 
     </span>
    </p>
   </div>
   <div class='ocr_carea' id='block_1_39' title="bbox 1514 2659 3816 2688">
    <p class='ocr_par' dir='ltr' id='par_1_39' title="bbox 1514 2659 3816 2688">
     <span class='ocr_line' id='line_1_39' title="bbox 1514 2659 3816 2688; baseline -0 -4"><span class='ocrx_word' id='word_1_298' title='bbox 1514 2659 3816 2688; x_wconf 51' lang='grc' dir='ltr'>ω</span> 
     </span>
    </p>
   </div>
   <div class='ocr_carea' id='block_1_40' title="bbox 1248 2842 2996 2995">
    <p class='ocr_par' dir='ltr' id='par_1_40' title="bbox 1248 2842 2996 2995">
     <span class='ocr_line' id='line_1_40' title="bbox 1248 2842 2996 2995; baseline 0 -14"><span class='ocrx_word' id='word_1_299' title='bbox 1248 2842 1815 2995; x_wconf 86' lang='grc' dir='ltr'>-ΡΕΤΒΙ</span> <span class='ocrx_word' id='word_1_300' title='bbox 1917 2850 2567 2985; x_wconf 77' lang='lat' dir='ltr'>POSSlNl</span> <span class='ocrx_word' id='word_1_301' title='bbox 2663 2855 2786 2986; x_wconf 89' lang='lat' dir='ltr'>S.</span> <span class='ocrx_word' id='word_1_302' title='bbox 2883 2856 2996 2986; x_wconf 86' lang='lat' dir='ltr'>J.</span> 
     </span>
    </p>
   </div>
   <div class='ocr_carea' id='block_1_41' title="bbox 500 3098 3765 3228">
    <p class='ocr_par' dir='ltr' id='par_1_41' title="bbox 500 3098 3765 3228">
     <span class='ocr_line' id='line_1_41' title="bbox 500 3098 3765 3228; baseline -0.003 0"><span class='ocrx_word' id='word_1_303' title='bbox 500 3098 1692 3228; x_wconf 79' lang='lat' dir='ltr'>OBSERVATION</span> <span class='ocrx_word' id='word_1_304' title='bbox 1716 3100 1950 3223; x_wconf 90' lang='lat' dir='ltr'>UM</span> <span class='ocrx_word' id='word_1_305' title='bbox 2051 3098 3765 3225; x_wconf 78' lang='lat' dir='ltr'>PAGHYMERIANARUM</span> 
     </span>
    </p>
   </div>
   <div class='ocr_carea' id='block_1_42' title="bbox 2117 3331 2195 3374">
    <p class='ocr_par' dir='ltr' id='par_1_42' title="bbox 2117 3331 2195 3374">
     <span class='ocr_line' id='line_1_42' title="bbox 2117 3331 2195 3374; baseline 0 0"><span class='ocrx_word' id='word_1_306' title='bbox 2117 3331 2195 3374; x_wconf 82' lang='lat' dir='ltr'>AD</span> 
     </span>
    </p>
   </div>
   <div class='ocr_carea' id='block_1_43' title="bbox 1262 3465 3043 3529">
    <p class='ocr_par' dir='ltr' id='par_1_43' title="bbox 1262 3465 3043 3529">
     <span class='ocr_line' id='line_1_43' title="bbox 1262 3465 3043 3529; baseline 0 -3"><span class='ocrx_word' id='word_1_307' title='bbox 1262 3465 1697 3528; x_wconf 81' lang='lat' dir='ltr'>HISTORIAM</span> <span class='ocrx_word' id='word_1_308' title='bbox 1753 3467 2039 3529; x_wconf 82' lang='lat' dir='ltr'>RERUM</span> <span class='ocrx_word' id='word_1_309' title='bbox 2097 3467 2519 3528; x_wconf 83' lang='lat' dir='ltr'>MICHAELIS</span> <span class='ocrx_word' id='word_1_310' title='bbox 2579 3466 3043 3529; x_wconf 76' lang='lat' dir='ltr'>PAL/EOLOGI</span> 
     </span>
    </p>
   </div>
   <div class='ocr_carea' id='block_1_44' title="bbox 1723 3626 2483 3725">
    <p class='ocr_par' dir='ltr' id='par_1_44' title="bbox 1723 3626 2483 3725">
     <span class='ocr_line' id='line_1_44' title="bbox 1723 3626 2483 3725; baseline -0.003 -4"><span class='ocrx_word' id='word_1_311' title='bbox 1723 3626 1727 3631; x_wconf 50' lang='grc'><strong>’</strong></span> <span class='ocrx_word' id='word_1_312' title='bbox 1807 3636 2103 3723; x_wconf 80' lang='lat' dir='ltr'>LIBRI</span> <span class='ocrx_word' id='word_1_313' title='bbox 2172 3636 2483 3725; x_wconf 73' lang='lat' dir='ltr'>TliES.</span> 
     </span>
    </p>
   </div>
   <div class='ocr_carea' id='block_1_45' title="bbox 508 3940 3793 4025">
    <p class='ocr_par' dir='ltr' id='par_1_45' title="bbox 508 3940 3793 4025">
     <span class='ocr_line' id='line_1_45' title="bbox 508 3940 3793 4025; baseline -0.005 -16"><span class='ocrx_word' id='word_1_314' title='bbox 508 3949 775 4009; x_wconf 86' lang='lat' dir='ltr'><em>LIBER</em></span> <span class='ocrx_word' id='word_1_315' title='bbox 802 3946 1160 4011; x_wconf 77' lang='lat' dir='ltr'>PRIMUS.</span> <span class='ocrx_word' id='word_1_316' title='bbox 1196 3980 1270 3990; x_wconf 89' lang='lat'>-—</span> <span class='ocrx_word' id='word_1_317' title='bbox 1300 3948 1694 4007; x_wconf 77' lang='lat' dir='ltr'>GLosSAtuUM</span> <span class='ocrx_word' id='word_1_318' title='bbox 1722 3963 1739 4003; x_wconf 91' lang='lat'><strong><em>:</em></strong></span> <span class='ocrx_word' id='word_1_319' title='bbox 1772 3962 1894 4023; x_wconf 84' lang='lat' dir='ltr'>quo</span> <span class='ocrx_word' id='word_1_320' title='bbox 1942 3944 2370 4005; x_wconf 79' lang='lat' dir='ltr'>declarantur</span> <span class='ocrx_word' id='word_1_321' title='bbox 2424 3945 2792 4004; x_wconf 76' lang='lat' dir='ltr'>obscuriora</span> <span class='ocrx_word' id='word_1_322' title='bbox 2847 3943 3034 4004; x_wconf 82' lang='lat' dir='ltr'>verba</span> <span class='ocrx_word' id='word_1_323' title='bbox 3079 3953 3401 4025; x_wconf 82' lang='lat' dir='ltr'>usurpata</span> <span class='ocrx_word' id='word_1_324' title='bbox 3455 3949 3525 4003; x_wconf 86' lang='lat' dir='ltr'>in</span> <span class='ocrx_word' id='word_1_325' title='bbox 3569 3940 3793 4001; x_wconf 74' lang='lat' dir='ltr'>historia</span> 
     </span>
    </p>
   </div>
   <div class='ocr_carea' id='block_1_46' title="bbox 430 4046 1387 4123">
    <p class='ocr_par' dir='ltr' id='par_1_46' title="bbox 430 4046 1387 4123">
     <span class='ocr_line' id='line_1_46' title="bbox 430 4046 1387 4123; baseline -0.006 -15"><span class='ocrx_word' id='word_1_326' title='bbox 430 4066 651 4108; x_wconf 86' lang='lat' dir='ltr'>rerum</span> <span class='ocrx_word' id='word_1_327' title='bbox 681 4047 1017 4107; x_wconf 74' lang='lat' dir='ltr'>Michaelis</span> <span class='ocrx_word' id='word_1_328' title='bbox 1047 4046 1387 4123; x_wconf 65' lang='lat' dir='ltr'>Palaelogi.</span> 
     </span>
    </p>
   </div>
   <div class='ocr_carea' id='block_1_47' title="bbox 503 4157 3791 4244">
    <p class='ocr_par' dir='ltr' id='par_1_47' title="bbox 503 4157 3791 4244">
     <span class='ocr_line' id='line_1_47' title="bbox 503 4157 3791 4244; baseline -0.006 -12"><span class='ocrx_word' id='word_1_329' title='bbox 503 4173 774 4232; x_wconf 84' lang='lat' dir='ltr'><em>LIBER</em></span> <span class='ocrx_word' id='word_1_330' title='bbox 828 4171 1318 4235; x_wconf 82' lang='lat' dir='ltr'>SECUNDUS.</span> <span class='ocrx_word' id='word_1_331' title='bbox 1352 4202 1430 4212; x_wconf 93' lang='lat'><strong><em>—</em></strong></span> <span class='ocrx_word' id='word_1_332' title='bbox 1487 4169 1705 4227; x_wconf 62' lang='lat' dir='ltr'>None:</span> <span class='ocrx_word' id='word_1_333' title='bbox 1766 4166 1993 4244; x_wconf 78' lang='lat' dir='ltr'>quibus</span> <span class='ocrx_word' id='word_1_334' title='bbox 2048 4168 2183 4226; x_wconf 87' lang='lat' dir='ltr'>loca</span> <span class='ocrx_word' id='word_1_335' title='bbox 2234 4169 2543 4244; x_wconf 58' lang='lat' dir='ltr'>perplexa</span> <span class='ocrx_word' id='word_1_336' title='bbox 2595 4174 2710 4224; x_wconf 89' lang='lat' dir='ltr'>aut</span> <span class='ocrx_word' id='word_1_337' title='bbox 2763 4166 3321 4243; x_wconf 84' lang='lat' dir='ltr'>quomodocunque</span> <span class='ocrx_word' id='word_1_338' title='bbox 3377 4157 3791 4226; x_wconf 73' lang='lat' dir='ltr'>declarationis</span> 
     </span>
    </p>
   </div>
   <div class='ocr_carea' id='block_1_48' title="bbox 422 4266 3385 4347">
    <p class='ocr_par' dir='ltr' id='par_1_48' title="bbox 422 4266 3385 4347">
     <span class='ocr_line' id='line_1_48' title="bbox 422 4266 3385 4347; baseline -0.002 -17"><span class='ocrx_word' id='word_1_339' title='bbox 422 4273 520 4330; x_wconf 81' lang='lat' dir='ltr'>vel</span> <span class='ocrx_word' id='word_1_340' title='bbox 547 4270 805 4330; x_wconf 87' lang='lat' dir='ltr'>emenda</span> <span class='ocrx_word' id='word_1_341' title='bbox 819 4274 1013 4329; x_wconf 83' lang='lat' dir='ltr'>tionis</span> <span class='ocrx_word' id='word_1_342' title='bbox 1043 4272 1300 4347; x_wconf 79' lang='lat' dir='ltr'>egentia</span> <span class='ocrx_word' id='word_1_343' title='bbox 1331 4284 1455 4344; x_wconf 86' lang='lat' dir='ltr'>qua</span> <span class='ocrx_word' id='word_1_344' title='bbox 1486 4267 1936 4336; x_wconf 85' lang='lat' dir='ltr'>illustrantur,</span> <span class='ocrx_word' id='word_1_345' title='bbox 1972 4283 2098 4340; x_wconf 82' lang='lat' dir='ltr'>qua</span> <span class='ocrx_word' id='word_1_346' title='bbox 2129 4269 2507 4340; x_wconf 75' lang='lat' dir='ltr'>opportunis</span> <span class='ocrx_word' id='word_1_347' title='bbox 2537 4266 2942 4323; x_wconf 75' lang='lat' dir='ltr'>cautionibus</span> <span class='ocrx_word' id='word_1_348' title='bbox 2971 4269 3385 4324; x_wconf 85' lang='lat' dir='ltr'>muniuntur.</span> 
     </span>
    </p>
   </div>
   <div class='ocr_carea' id='block_1_49' title="bbox 495 4381 3794 4467">
    <p class='ocr_par' dir='ltr' id='par_1_49' title="bbox 495 4381 3794 4467">
     <span class='ocr_line' id='line_1_49' title="bbox 495 4381 3794 4467; baseline -0.006 -13"><span class='ocrx_word' id='word_1_349' title='bbox 495 4396 765 4454; x_wconf 82' lang='lat' dir='ltr'>LIBER</span> <span class='ocrx_word' id='word_1_350' title='bbox 825 4393 1221 4454; x_wconf 85' lang='lat' dir='ltr'>TERTIUS.</span> <span class='ocrx_word' id='word_1_351' title='bbox 1283 4425 1360 4435; x_wconf 97' lang='lat'><strong>—</strong></span> <span class='ocrx_word' id='word_1_352' title='bbox 1416 4391 1919 4451; x_wconf 77' lang='lat' dir='ltr'>CtIRONOLOGlCUS</span> <span class='ocrx_word' id='word_1_353' title='bbox 1957 4410 1970 4446; x_wconf 88' lang='lat'><strong>:</strong></span> <span class='ocrx_word' id='word_1_354' title='bbox 2005 4390 2117 4449; x_wconf 82' lang='lat' dir='ltr'>ubi</span> <span class='ocrx_word' id='word_1_355' title='bbox 2159 4390 2558 4450; x_wconf 71' lang='lat' dir='ltr'>characteres</span> <span class='ocrx_word' id='word_1_356' title='bbox 2616 4398 2968 4467; x_wconf 81' lang='lat' dir='ltr'>temporum</span> <span class='ocrx_word' id='word_1_357' title='bbox 3021 4395 3094 4449; x_wconf 87' lang='lat' dir='ltr'>in</span> <span class='ocrx_word' id='word_1_358' title='bbox 3143 4391 3263 4450; x_wconf 83' lang='lat' dir='ltr'>hac</span> <span class='ocrx_word' id='word_1_359' title='bbox 3320 4388 3582 4450; x_wconf 82' lang='lat' dir='ltr'>historia</span> <span class='ocrx_word' id='word_1_360' title='bbox 3623 4381 3794 4441; x_wconf 81' lang='lat' dir='ltr'>notati</span> 
     </span>
    </p>
   </div>
   <div class='ocr_carea' id='block_1_50' title="bbox 421 4484 3791 4569">
    <p class='ocr_par' dir='ltr' id='par_1_50' title="bbox 421 4484 3791 4569">
     <span class='ocr_line' id='line_1_50' title="bbox 421 4484 3791 4569; baseline -0.005 -14"><span class='ocrx_word' id='word_1_361' title='bbox 421 4494 945 4566; x_wconf 70' lang='lat' dir='ltr'>considerantur,</span> <span class='ocrx_word' id='word_1_362' title='bbox 1000 4492 1157 4552; x_wconf 83' lang='lat' dir='ltr'>ordo</span> <span class='ocrx_word' id='word_1_363' title='bbox 1213 4498 1539 4569; x_wconf 69' lang='lat' dir='ltr'>gtstarum</span> <span class='ocrx_word' id='word_1_364' title='bbox 1580 4508 1797 4548; x_wconf 81' lang='lat' dir='ltr'>rerum</span> <span class='ocrx_word' id='word_1_365' title='bbox 1852 4493 2248 4565; x_wconf 65' lang='lat' dir='ltr'>anquiritur,</span> <span class='ocrx_word' id='word_1_366' title='bbox 2298 4493 2711 4548; x_wconf 69' lang='lat' dir='ltr'>extricantur</span> <span class='ocrx_word' id='word_1_367' title='bbox 2764 4484 3067 4568; x_wconf 67' lang='lat' dir='ltr'>confusa:</span> <span class='ocrx_word' id='word_1_368' title='bbox 3128 4488 3404 4566; x_wconf 85' lang='lat' dir='ltr'>denique</span> <span class='ocrx_word' id='word_1_369' title='bbox 3431 4492 3499 4544; x_wconf 86' lang='lat' dir='ltr'>in</span> <span class='ocrx_word' id='word_1_370' title='bbox 3552 4493 3791 4556; x_wconf 70' lang='lat' dir='ltr'>earpansrl</span> 
     </span>
    </p>
   </div>
   <div class='ocr_carea' id='block_1_51' title="bbox 419 4587 3789 4668">
    <p class='ocr_par' dir='ltr' id='par_1_51' title="bbox 419 4587 3789 4668">
     <span class='ocr_line' id='line_1_51' title="bbox 419 4587 3789 4668; baseline -0.007 -15"><span class='ocrx_word' id='word_1_371' title='bbox 419 4594 638 4653; x_wconf 83' lang='lat' dir='ltr'>tabula</span> <span class='ocrx_word' id='word_1_372' title='bbox 696 4610 1020 4651; x_wconf 89' lang='lat' dir='ltr'>annorum</span> <span class='ocrx_word' id='word_1_373' title='bbox 1074 4599 1209 4668; x_wconf 77' lang='lat' dir='ltr'>fere</span> <span class='ocrx_word' id='word_1_374' title='bbox 1269 4593 1548 4667; x_wconf 76' lang='lat' dir='ltr'>triginta</span> <span class='ocrx_word' id='word_1_375' title='bbox 1595 4589 1834 4664; x_wconf 67' lang='lat' dir='ltr'>epocha?</span> <span class='ocrx_word' id='word_1_376' title='bbox 1886 4588 2365 4664; x_wconf 69' lang='lat' dir='ltr'>praecipuorum</span> <span class='ocrx_word' id='word_1_377' title='bbox 2414 4594 2753 4645; x_wconf 85' lang='lat' dir='ltr'>eventuum</span> <span class='ocrx_word' id='word_1_378' title='bbox 2805 4606 2845 4643; x_wconf 89' lang='lat' dir='ltr'>a</span> <span class='ocrx_word' id='word_1_379' title='bbox 2901 4587 3294 4663; x_wconf 84' lang='lat' dir='ltr'>Pachymere</span> <span class='ocrx_word' id='word_1_380' title='bbox 3341 4588 3789 4643; x_wconf 83' lang='lat' dir='ltr'>memoratarum</span> 
     </span>
    </p>
   </div>
   <div class='ocr_carea' id='block_1_52' title="bbox 409 4695 1199 4769">
    <p class='ocr_par' dir='ltr' id='par_1_52' title="bbox 409 4695 1199 4769">
     <span class='ocr_line' id='line_1_52' title="bbox 409 4695 1199 4769; baseline -0.001 -18"><span class='ocrx_word' id='word_1_381' title='bbox 409 4697 541 4751; x_wconf 79' lang='lat' dir='ltr'>suis</span> <span class='ocrx_word' id='word_1_382' title='bbox 569 4695 758 4751; x_wconf 84' lang='lat' dir='ltr'>annis</span> <span class='ocrx_word' id='word_1_383' title='bbox 786 4696 1199 4769; x_wconf 73' lang='lat' dir='ltr'>afﬂiguntur.</span> 
     </span>
    </p>
   </div>
   <div class='ocr_carea' id='block_1_53' title="bbox 597 4804 3643 4878">
    <p class='ocr_par' dir='ltr' id='par_1_53' title="bbox 597 4804 3643 4878">
     <span class='ocr_line' id='line_1_53' title="bbox 597 4804 3643 4878; baseline -0.004 -13"><span class='ocrx_word' id='word_1_384' title='bbox 597 4815 926 4878; x_wconf 76' lang='lat' dir='ltr'>(Revocatur</span> <span class='ocrx_word' id='word_1_385' title='bbox 954 4815 1142 4865; x_wconf 82' lang='lat' dir='ltr'>Lector</span> <span class='ocrx_word' id='word_1_386' title='bbox 1170 4825 1282 4863; x_wconf 87' lang='lat' dir='ltr'>non</span> <span class='ocrx_word' id='word_1_387' title='bbox 1311 4811 1378 4863; x_wconf 83' lang='lat' dir='ltr'>ad</span> <span class='ocrx_word' id='word_1_388' title='bbox 1411 4810 1692 4862; x_wconf 85' lang='lat' dir='ltr'>columnas</span> <span class='ocrx_word' id='word_1_389' title='bbox 1720 4814 1950 4867; x_wconf 80' lang='lat' dir='ltr'>nostras,</span> <span class='ocrx_word' id='word_1_390' title='bbox 1984 4809 2079 4860; x_wconf 83' lang='lat' dir='ltr'>sed</span> <span class='ocrx_word' id='word_1_391' title='bbox 2109 4808 2176 4859; x_wconf 84' lang='lat' dir='ltr'>ad</span> <span class='ocrx_word' id='word_1_392' title='bbox 2208 4822 2462 4860; x_wconf 88' lang='lat' dir='ltr'>numeros</span> <span class='ocrx_word' id='word_1_393' title='bbox 2496 4809 2638 4873; x_wconf 81' lang='lat' dir='ltr'>typis</span> <span class='ocrx_word' id='word_1_394' title='bbox 2664 4809 3049 4873; x_wconf 84' lang='lat' dir='ltr'>grandioribus</span> <span class='ocrx_word' id='word_1_395' title='bbox 3076 4809 3132 4858; x_wconf 91' lang='lat' dir='ltr'>in</span> <span class='ocrx_word' id='word_1_396' title='bbox 3162 4814 3310 4861; x_wconf 80' lang='lat' dir='ltr'>textu</span> <span class='ocrx_word' id='word_1_397' title='bbox 3342 4804 3643 4874; x_wconf 84' lang='lat' dir='ltr'>expressos.)</span> 
     </span>
    </p>
   </div>
   <div class='ocr_carea' id='block_1_54' title="bbox 1516 5086 2745 5187">
    <p class='ocr_par' dir='ltr' id='par_1_54' title="bbox 1516 5086 2745 5187">
     <span class='ocr_line' id='line_1_54' title="bbox 1516 5086 2745 5187; baseline -0.006 0"><span class='ocrx_word' id='word_1_398' title='bbox 1516 5086 1994 5187; x_wconf 82' lang='lat' dir='ltr'>LIBER</span> <span class='ocrx_word' id='word_1_399' title='bbox 2120 5086 2745 5183; x_wconf 83' lang='lat' dir='ltr'>PRIMUS.</span> 
     </span>
    </p>
   </div>
   <div class='ocr_carea' id='block_1_55' title="bbox 1882 5288 2395 5351">
    <p class='ocr_par' dir='ltr' id='par_1_55' title="bbox 1882 5288 2395 5351">
     <span class='ocr_line' id='line_1_55' title="bbox 1882 5288 2395 5351; baseline -0.004 -1"><span class='ocrx_word' id='word_1_400' title='bbox 1882 5288 2395 5351; x_wconf 80' lang='lat' dir='ltr'>GLOSSABIUM.</span> 
     </span>
    </p>
   </div>
   <div class='ocr_carea' id='block_1_56' title="bbox 476 5564 2111 5660">
    <p class='ocr_par' dir='ltr' id='par_1_56' title="bbox 476 5581 2111 5656">
     <span class='ocr_line' id='line_1_56' title="bbox 476 5581 2111 5656; baseline 0 -16"><span class='ocrx_word' id='word_1_401' title='bbox 476 5582 816 5643; x_wconf 70' lang='lat'><strong>533-535</strong></span> <span class='ocrx_word' id='word_1_402' title='bbox 881 5581 966 5653; x_wconf 81' lang='grc' dir='ltr'>[Ρ.</span> <span class='ocrx_word' id='word_1_403' title='bbox 1025 5583 1151 5653; x_wconf 81' lang='grc'>363]</span> <span class='ocrx_word' id='word_1_404' title='bbox 1211 5582 1552 5655; x_wconf 83' lang='grc' dir='ltr'>Ἀγιάσματα</span> <span class='ocrx_word' id='word_1_405' title='bbox 1608 5601 1665 5656; x_wconf 89' lang='lat' dir='ltr'>p.</span> <span class='ocrx_word' id='word_1_406' title='bbox 1728 5585 1857 5641; x_wconf 79' lang='grc'>258.</span> <span class='ocrx_word' id='word_1_407' title='bbox 1917 5585 2111 5652; x_wconf 72' lang='grc' dir='ltr'>Εεεο(</span> 
     </span>
    </p>
   </div>
   <div class='ocr_carea' id='block_1_57' title="bbox 2224 5564 3768 5660">
    <p class='ocr_par' dir='ltr' id='par_1_57' title="bbox 2224 5564 3768 5660">
     <span class='ocr_line' id='line_1_57' title="bbox 2224 5564 3768 5660; baseline -0.016 -22"><span class='ocrx_word' id='word_1_408' title='bbox 2224 5582 2295 5638; x_wconf 85' lang='lat' dir='ltr'>ati</span> <span class='ocrx_word' id='word_1_409' title='bbox 2329 5582 2387 5636; x_wconf 92' lang='lat' dir='ltr'>in</span> <span class='ocrx_word' id='word_1_410' title='bbox 2420 5599 2635 5655; x_wconf 89' lang='lat' dir='ltr'>corpus</span> <span class='ocrx_word' id='word_1_411' title='bbox 2666 5587 2722 5638; x_wconf 91' lang='lat' dir='ltr'>et</span> <span class='ocrx_word' id='word_1_412' title='bbox 2770 5580 3121 5651; x_wconf 79' lang='lat' dir='ltr'>sanguinem</span> <span class='ocrx_word' id='word_1_413' title='bbox 3170 5577 3385 5637; x_wconf 85' lang='lat' dir='ltr'>Christi</span> <span class='ocrx_word' id='word_1_414' title='bbox 3424 5566 3657 5660; x_wconf 87' lang='lat' dir='ltr'>Domini,</span> <span class='ocrx_word' id='word_1_415' title='bbox 3687 5564 3768 5660; x_wconf 73' lang='lat' dir='ltr'>de-</span> 
     </span>
    </p>
   </div>
   <div class='ocr_carea' id='block_1_58' title="bbox 401 5659 3764 5745">
    <p class='ocr_par' dir='ltr' id='par_1_58' title="bbox 401 5659 3764 5745">
     <span class='ocr_line' id='line_1_58' title="bbox 401 5659 3764 5745; baseline -0.004 -24"><span class='ocrx_word' id='word_1_416' title='bbox 401 5669 705 5742; x_wconf 68' lang='grc' dir='ltr'>ἀγιαὶσματα</span> <span class='ocrx_word' id='word_1_417' title='bbox 734 5670 1054 5745; x_wconf 85' lang='lat' dir='ltr'>particulas</span> <span class='ocrx_word' id='word_1_418' title='bbox 1086 5671 1206 5726; x_wconf 90' lang='lat' dir='ltr'>sive</span> <span class='ocrx_word' id='word_1_419' title='bbox 1238 5669 1521 5743; x_wconf 87' lang='lat' dir='ltr'>reliquias</span> <span class='ocrx_word' id='word_1_420' title='bbox 1554 5677 1679 5729; x_wconf 88' lang='lat' dir='ltr'>tum</span> <span class='ocrx_word' id='word_1_421' title='bbox 1712 5674 1882 5745; x_wconf 88' lang='lat' dir='ltr'>panis</span> <span class='ocrx_word' id='word_1_422' title='bbox 1919 5680 2047 5729; x_wconf 84' lang='lat' dir='ltr'>tum</span> <span class='ocrx_word' id='word_1_423' title='bbox 2168 5677 2498 5727; x_wconf 86' lang='lat' dir='ltr'>monstrare</span> <span class='ocrx_word' id='word_1_424' title='bbox 2528 5672 2821 5728; x_wconf 76' lang='lat' dir='ltr'>suffecerit</span> <span class='ocrx_word' id='word_1_425' title='bbox 2851 5687 2916 5725; x_wconf 79' lang='lat' dir='ltr'>ex</span> <span class='ocrx_word' id='word_1_426' title='bbox 2954 5687 3069 5725; x_wconf 91' lang='lat' dir='ltr'>uno</span> <span class='ocrx_word' id='word_1_427' title='bbox 3091 5673 3149 5725; x_wconf 86' lang='lat' dir='ltr'>et</span> <span class='ocrx_word' id='word_1_428' title='bbox 3178 5668 3356 5725; x_wconf 86' lang='lat' dir='ltr'>altero</span> <span class='ocrx_word' id='word_1_429' title='bbox 3406 5664 3522 5720; x_wconf 91' lang='lat' dir='ltr'>loco</span> <span class='ocrx_word' id='word_1_430' title='bbox 3552 5659 3764 5724; x_wconf 67' lang='lat' dir='ltr'>liturgm:</span> 
     </span>
    </p>
   </div>
   <div class='ocr_carea' id='block_1_59' title="bbox 399 5756 3762 5833">
    <p class='ocr_par' dir='ltr' id='par_1_59' title="bbox 399 5756 3762 5833">
     <span class='ocr_line' id='line_1_59' title="bbox 399 5756 3762 5833; baseline -0.003 -24"><span class='ocrx_word' id='word_1_431' title='bbox 399 5756 521 5811; x_wconf 86' lang='lat' dir='ltr'>vini</span> <span class='ocrx_word' id='word_1_432' title='bbox 553 5759 929 5819; x_wconf 86' lang='lat' dir='ltr'>eucharistici</span> <span class='ocrx_word' id='word_1_433' title='bbox 971 5760 1080 5816; x_wconf 83' lang='lat' dir='ltr'>rite</span> <span class='ocrx_word' id='word_1_434' title='bbox 1126 5760 1451 5817; x_wconf 85' lang='lat' dir='ltr'>consecrati</span> <span class='ocrx_word' id='word_1_435' title='bbox 1495 5765 1553 5816; x_wconf 90' lang='lat' dir='ltr'>et</span> <span class='ocrx_word' id='word_1_436' title='bbox 1602 5762 2052 5819; x_wconf 86' lang='lat' dir='ltr'>transsubstan-</span> <span class='ocrx_word' id='word_1_437' title='bbox 2164 5763 2225 5819; x_wconf 89' lang='lat' dir='ltr'>S.</span> <span class='ocrx_word' id='word_1_438' title='bbox 2258 5761 2480 5833; x_wconf 88' lang='lat' dir='ltr'>Basilii,</span> <span class='ocrx_word' id='word_1_439' title='bbox 2514 5763 2612 5820; x_wconf 86' lang='lat' dir='ltr'>ubi</span> <span class='ocrx_word' id='word_1_440' title='bbox 2640 5761 2793 5819; x_wconf 89' lang='lat' dir='ltr'>inter</span> <span class='ocrx_word' id='word_1_441' title='bbox 2824 5762 3119 5818; x_wconf 74' lang='lat' dir='ltr'>orationes</span> <span class='ocrx_word' id='word_1_442' title='bbox 3168 5778 3296 5833; x_wconf 73' lang='lat' dir='ltr'>qua:</span> <span class='ocrx_word' id='word_1_443' title='bbox 3348 5760 3476 5830; x_wconf 85' lang='lat' dir='ltr'>post</span> <span class='ocrx_word' id='word_1_444' title='bbox 3501 5758 3762 5807; x_wconf 70' lang='lat' dir='ltr'>consecra-</span> 
     </span>
    </p>
   </div>
  </div>
