4072 6478
399 437 506 493 997

402 562 626 619 tionem
657 559 790 612 ante
829 548 1307 610 communionem
1341 562 1373 602 a
1403 544 1771 601 sacrificante
1794 553 2051 613 pronun-
2081 583 2133 650 Α

900 640 960 650 -.
1203 636 1321 650 ....
1603 629 1971 650 ,ηνιηη
2037 625 2055 650 ,

405 653 653 717 tiantur,
679 661 799 701 una
829 646 918 699 est
945 640 1003 694 in
1039 655 1158 710 qua
1187 636 1404 691 dicitur
1432 651 1446 690 :
1483 632 1556 686 Σὺ
1597 633 1624 686 ὁ
1658 629 1784 690 Θεὸς
1814 629 1996 700 ἡμῶν,
2033 625 2060 678 ὁ

405 735 840 814 προσδεξάμενος
883 729 951 784 τὰ
982 726 1131 803 δῶρα
1183 727 1371 796 ταῦτα,
1415 733 1704 797 καθαρισον
1750 720 1898 790 ἡμᾶς
1955 713 2059 768 ἀπὸ

405 828 608 888 παντὸς
644 821 932 898 μολυσμοῦ
973 817 1171 892 σαρκὸς
1219 817 1309 869 καὶ
1368 812 1692 884 πνεύματος,
1723 808 1814 862 καὶ
1849 803 2057 878 δίδαξον

409 897 715 992 ἁγιωσύνην
769 906 1036 966 ἐπιτελεῖν
1071 906 1121 959 ἐν
1175 899 1330 983 φόϐῳ
1380 923 1496 969 σου,
1533 897 1624 953 ἵνα
1655 898 1708 953 ἐν
1737 898 1954 971 καθαρῷ
1983 898 2062 965 τῷ

415 985 697 1082 μάρτυρίῳ
741 1004 844 1065 τῆς
891 993 1252 1065 συνειδήσεως
1300 996 1459 1066 ἡμῶν
1513 986 1913 1064 ὑποδεχόμενοι
1961 985 2058 1053 τὴν

415 1073 613 1172 iaspide:
638 1073 744 1148 τῶν
781 1088 1128 1164 ἁγιασμαὶτων
1178 1104 1294 1155 σου³
1346 1081 1774 1152 ὲνωῦὦμενβῐα
1833 1077 1934 1132 Hic
1967 1073 2063 1146 μὲ-

411 1169 498 1262 ,ξιξ
531 1182 880 1261 ἁγιασμάτων
923 1181 1164 1234 vocatur
1204 1173 1515 1229 manifeste
1556 1169 1843 1242 particula
1885 1180 2064 1238 quam

412 1287 664 1361 quisque
695 1275 1263 1338 communicantium
1290 1270 1538 1344 percipit
1560 1287 1627 1324 ex
1659 1283 1808 1340 pane
1836 1282 1901 1320 ac
1931 1263 2065 1318 vino

413 1356 790 1435 consecratis.
824 1367 1006 1424 Paulo
1039 1363 1285 1420 interius
1323 1363 1382 1416 in
1406 1361 1606 1416 eadem
1659 1356 1919 1414 oratione
1968 1371 2063 1410 sa—

414 1466 619 1524 cerdos
651 1477 863 1533 rogans
895 1459 1146 1513 utdetur
1177 1449 1616 1524 participaturis
1637 1443 2066 1502 Euoharistiam

417 1550 850 1628 perseverantia
883 1547 943 1602 in
977 1543 1166 1617 gratia
1198 1557 1386 1614 usque
1418 1541 1488 1595 ad
1521 1541 1845 1593 extremum
1889 1532 2065 1606 spiri-

414 1621 566 1709 tum,
603 1657 714 1712 quo
738 1639 850 1694 ista
882 1651 1049 1691 sacra
1080 1631 1342 1704 symbola
1375 1629 1495 1684 sint
1523 1626 1605 1681 illi
1642 1642 1743 1697 pro
1770 1623 1976 1679 viatico
2007 1621 2066 1675 in

415 1735 594 1789 vitam
650 1737 948 1792 aeternam,
995 1723 1077 1778 sic
1111 1718 1416 1792 loquitur?
1456 1717 1556 1777 Δὸς
1597 1717 1732 1787 ἡμῖν
1769 1713 1934 1787 μέχρι
1964 1716 2064 1778 τῆς

416 1822 654 1896 ἐσχάτης
693 1819 854 1890 ἡμῶν
908 1813 1182 1875 ἀναπνοῆς
1235 1806 1396 1880 ἀξίως
1419 1802 1778 1880 ὑποδέχεσθαι
1827 1803 1926 1871 τὴν
1979 1798 2068 1856 ἐλ-

413 1909 546 1967 πίδα
575 1912 680 1963 τῶν
715 1901 1066 1981 ἁγιασμάτων
1111 1919 1200 1952 σον
1236 1897 1312 1958 εἵς
1353 1893 1569 1974 ἐφόδιον
1625 1899 1766 1962 ζωῆς
1820 1889 2068 1957 αἰωνίου,

418 2008 529 2060 etc.
581 1999 721 2054 Cum
765 1980 978 2051 autem
1012 1990 1321 2064 ἁγιάσματα
1377 1983 1748 2041 Eucharistiae
1797 1980 2068 2051 reliquias

421 2093 516 2148 hic
545 2088 710 2155 verti,
739 2084 884 2141 nihil
918 2082 1212 2136 diversum
1249 2078 1320 2132 ab
1346 2078 1474 2148 ipsa
1505 2072 1874 2130 Eucharistia
1898 2069 2071 2141 signi-

423 2184 599 2238 ﬁcare
628 2176 784 2233 volui
819 2199 835 2244 ;
868 2173 1087 2246 quippe
1138 2167 1242 2240 qui
1297 2167 1572 2239 profitear
1620 2179 1753 2217 cum
1815 2158 2071 2215 catholi-

419 2273 503 2328 cis
532 2267 810 2325 omnibus
842 2263 953 2319 sub
973 2259 1236 2333 qualibet
1257 2271 1555 2313 sacrarum
1581 2251 1904 2325 specierum
1941 2265 2073 2320 par—

416 2359 596 2417 ticula
641 2361 832 2412 totum
882 2351 1086 2408 christi
1138 2363 1354 2420 corpus
1400 2361 1550 2411 esse,
1601 2344 1689 2414 [P.
1738 2339 1864 2410 364)
1913 2342 1970 2393 et
2010 2341 2074 2391 ut

416 2457 682 2516 Ecclesia
712 2453 868 2510 canit
894 2452 1046 2506 inter
1077 2463 1272 2515 sacra,
1298 2449 1516 2502 lanlum
1537 2456 1652 2498 esse
1670 2439 1767 2494 sub
1793 2441 2075 2509 fragmen-

421 2561 472 2606 to
497 2549 765 2619 quantum
797 2545 912 2598 toto
944 2539 1175 2609 tegitur.
1225 2534 1388 2591 Unde
1440 2530 1718 2604 quaslibet
1763 2527 1917 2582 mica
1963 2526 2071 2577 τῶν

420 2613 768 2708 ἀγι-ασμᾶτων
830 2631 1030 2700 utique
1089 2623 1326 2699 ἀγίασμα
1374 2627 1431 2679 et
1498 2637 1631 2675 vera
1708 2613 2074 2672 Eucharistia

418 2707 531 2784 est.
564 2724 717 2780 Usus
749 2725 946 2776 autem
961 2735 1092 2774 sum
1118 2715 1218 2772 illa
1250 2714 1438 2769 forma
1460 2707 1740 2780 loquendi
1763 2709 1828 2760 ut
1850 2719 2071 2759 morem

417 2819 725 2874 innuerem
759 2811 1095 2882 antiquum,
1127 2806 1187 2861 in
1219 2820 1395 2877 quem
1427 2798 1747 2856 historicus
1788 2795 1897 2851 hoc
1946 2793 2072 2848 loco

418 2906 666 2977 digitum
695 2900 970 2966 intend-it,
995 2896 1338 2969 significans
1367 2896 1507 2947 tunc
1538 2887 1776 2944 solitum
1809 2886 1867 2939 in
1916 2887 2069 2940 Con-

422 2975 946 3064 stantinOpolitana
974 2984 1234 3042 Ecclesia
1259 2982 1440 3038 fuisse
1463 2977 1743 3049 reliquias
1762 2975 1915 3032 536
1940 2990 2070 3044 par-

423 3084 736 3140 ticularum
767 3075 1295 3136 eucharisticarum
1345 3069 1542 3142 pueris
1583 3065 1894 3137 baptizatis
1929 3079 2072 3118 con-

427 3173 744 3229 sumendus
774 3170 933 3224 dare.
971 3168 1076 3222 hoc
1107 3165 1259 3219 idem
1294 3170 1349 3218 et
1379 3159 1742 3231 Nicephorus
1772 3153 2070 3210 Callistus.

429 3269 564 3326 Hist.
623 3268 764 3323 Eccl.
818 3282 954 3333 xvu,
986 3280 1036 3318 c.
1070 3263 1160 3332 25,
1193 3263 1444 3316 testatur
1482 3257 1577 3312 his
1625 3253 1848 3309 verbis:
1909 3249 2072 3311 Ἐθος

1877 410 2360 470 GLOSSABIUM.

3713 413 3818 467 998

2164 547 2388 588 causam
2443 545 2543 602 pro
2601 530 2758 586 illius
2797 533 3058 602 temporis
3091 535 3304 589 ratione
3350 534 3685 591 habuerunt.
3745 540 3826 593 ita

2165 628 2309 677 certe
2359 636 2448 675 eos
2495 620 2654 675 nulla
2683 619 2883 675 salutis
2922 621 3259 678 necessitate
3318 623 3375 679 id
3427 627 3639 693 fecisse,
3700 626 3822 681 sine

2167 708 2539 766 controversia
2567 708 2896 764 credendum
2926 719 3025 766 est.
3061 711 3158 766 Sic
3185 729 3352 768 sacra
3385 715 3674 786 synodus.

2245 831 2641 912 Ἀδιαφορότης
2694 853 2749 908 p.
2800 837 2926 890 281.
2962 837 3194 892 Dudum
3230 843 3321 894 est
3383 857 3515 896 cum
3547 844 3828 900 ecclesia-

2171 924 2316 993 stici,
2356 925 2679 996 praesertim
2708 925 2968 992 ascetici,
3008 927 3334 998 scriptores
3383 929 3604 1000 aliquid
3660 934 3822 988 inno-

2171 1018 2379 1068 varunt
2411 1013 2470 1067 in
2496 1014 2734 1068 notione
2760 1014 2915 1069 vocis
2949 1011 3262 1090 ἀδιαφορία,
3302 1034 3405 1089 pro
3463 1036 3580 1090 qua
3620 1026 3824 1077 Noster

2173 1096 2581 1173 ἀδιαφορὸτητα
2622 1100 2730 1156 hoc
2779 1102 2900 1158 loco
2927 1107 3141 1175 posuit.
3177 1105 3319 1161 Cum
3359 1107 3516 1163 enim
3568 1110 3827 1180 philoso-

2175 1190 2277 1262 phi
2308 1196 2531 1246 veteres
2565 1192 2742 1247 Graeci
2777 1195 2846 1248 de
2877 1196 3139 1251 moribus
3163 1202 3403 1266 agentes
3429 1199 3580 1254 inter
3605 1201 3827 1256 bonum

2175 1285 2232 1336 et
2264 1279 2485 1336 malum
2537 1283 2796 1336 medium
2839 1283 3117 1353 quiddam
3172 1281 3469 1360 ἀδιάφορον
3534 1297 3826 1360 vocarent,

2177 1369 2264 1426 uti
2326 1369 2509 1441 culpae
2565 1369 2649 1426 ita
2696 1375 2752 1426 et
2799 1371 2994 1428 laudis
3045 1389 3273 1444 expers,
3296 1375 3635 1448 Christiani,
3671 1382 3826 1436 docti

2178 1458 2323 1514 forte
2363 1459 2694 1531 evangelica
2739 1460 2954 1516 Christi
3003 1463 3316 1530 sententia,
3354 1466 3599 1522 verbum
3647 1470 3824 1524 etiam

2178 1547 2430 1603 otiosum
2464 1549 2772 1605 reddendas
2807 1550 3017 1606 rationi
3055 1552 3374 1608 obnoxium
3420 1569 3550 1610 esse
3598 1558 3827 1613 denun-

2178 1637 2381 1708 tiante,
2410 1636 2473 1690 τὸ
2505 1633 2796 1714 ἀδιάφορον
2838 1639 2974 1696 vitio
3006 1647 3461 1698 accensuerunt.
3486 1647 3644 1709 Quod
3681 1663 3828 1717 prte-

2177 1725 2457 1781 serlimin
2491 1726 2550 1781 S.
2584 1726 2798 1782 Basilio
2830 1736 2879 1783 ct
2913 1728 3044 1784 aliis
3063 1729 3164 1799 qui
3186 1728 3453 1798 ἀσκητικὰ
3469 1733 3836 1804 scripserunt

2181 1831 2416 1870 cernere
2465 1820 2586 1886 est;
2640 1822 2812 1887 prout
2857 1818 3002 1872 alias
3035 1817 3279 1873 memini
3311 1825 3591 1877 annotare
3638 1839 3731 1878 me
3758 1825 3830 1879 ad

2180 1910 2352 1981 epist.
2387 1910 2446 1966 S.
2478 1909 2590 1964 Nili
2619 1911 2744 1967 335.
2778 1912 2857 1968 Ex
2889 1911 2993 1967 hoc
3027 1929 3138 1966 usu
3171 1913 3554 1987 Pachymeres
3586 1917 3695 1972 hoc
3727 1935 3827 1973 so-

2185 1999 2457 2054 lutiorem
2493 2017 2598 2054 nec
2633 2001 3210 2072 irrepruhensibilem
3254 2007 3464 2077 agendi
3505 2006 3831 2066 libertatem

2179 2083 2589 2162 ἀδιαφορότητα
2621 2091 2870 2146 vocavit.

2255 2173 2446 2237 Αἷ¹τιος
2481 2196 2535 2249 p.
2573 2179 2697 2233 482.
2731 2179 2894 2242 Quod
2926 2180 3178 2251 theologi
3228 2183 3415 2237 Latini
3465 2185 3832 2256 frequentius

2182 2266 2530 2337 principium
2561 2267 2859 2339 appellant
2880 2270 2940 2324 in
2973 2270 3190 2325 divinis
3221 2272 3709 2342 productionibus
3760 2279 3830 2331 ad

2183 2354 2360 2423 intra,
2402 2356 2616 2411 Graecis
2648 2359 2868 2428 passim
2917 2355 3090 2412 αἷίειον
3134 2364 3191 2415 et
3219 2357 3396 2414 αἰτίαν
3441 2362 3668 2420 dicunt.
3718 2366 3832 2422 Nec

2184 2443 2532 2498 vocabulum
2567 2461 2736 2500 causa
2768 2463 3190 2519 usquequaque
3211 2449 3363 2504 abeo
3394 2467 3504 2506 usu
3536 2453 3833 2510 abhorret.

2183 2533 2242 2587 S.
2277 2531 2530 2588 Hilarius
2562 2533 2634 2588 De
2665 2533 2857 2590 Trinit.
2892 2535 2995 2591 lib.
3028 2554 3106 2592 x1.
3143 2541 3371 2593 Patrem
3402 2545 3572 2596 vocat
3601 2558 3828 2599 causam

2184 2619 2510 2676 Nativitatis
2556 2620 2718 2678 Filii.
2769 2621 2873 2678 lib.
2925 2641 3030 2696 xu,
3086 2641 3262 2696 agens
3309 2627 3379 2682 de
3451 2631 3828 2700 generatione

2183 2708 2334 2776 Filii,
2371 2713 2436 2764 Et
2457 2724 2526 2763 ex
2555 2726 2741 2781 causa,
2772 2711 2984 2784 inquit,
3012 2715 3259 2785 perfecta
3306 2723 3469 2787 atque
3515 2717 3828 2776 indemuta-

2185 2797 2291 2853 bili
2338 2813 2568 2853 nascens
2614 2816 2828 2856 necesse
2864 2807 2944 2857 est
2993 2817 3063 2858 ex
3105 2819 3274 2859 causa
3318 2805 3380 2860 in
3426 2821 3608 2864 causa?
3656 2811 3832 2881 ipsius

2178 2885 2514 2957 praprielate
2587 2892 2872 2945 nascatur.
2939 2891 2998 2946 S.
3075 2893 3441 2963 Augustinus
3511 2895 3658 2952 537
3731 2899 3830 2952 lib.

2184 2973 2390 3040 Quaest.
2415 2991 2649 3044 Lxxxm,
2676 2985 2880 3049 quiest.
2919 2978 2986 3033 16
3018 2996 3030 3033 :
3067 2981 3217 3048 Quod
3245 2986 3432 3037 autem
3477 2999 3666 3040 rerum
3721 3004 3834 3043 om-

2179 3064 2340 3118 nium
2367 3079 2537 3120 causa
2567 3068 2664 3134 est,
2698 3068 2865 3122 etiam
2915 3070 3198 3138 sapientiae
3227 3088 3339 3126 suae
3386 3089 3561 3129 causa
3598 3083 3692 3131 est.
3724 3079 3841 3134 Nec

2181 3170 2427 3225 unquam
2476 3160 2623 3210 Deus
2679 3159 2800 3212 sine
2866 3157 3166 3230 sapientia,
3238 3163 3420 3229 Igitur
3490 3167 3838 3236 sempiternae

2181 3258 2301 3300 sua?
2345 3247 2642 3315 sapientiae
2705 3263 2880 3301 causa
2935 3251 3013 3302 est
3087 3252 3444 3321 sempiterna.
3496 3252 3838 3312 Victorinus

425 3357 752 3431 κεκράτηκεν
803 3352 863 3408 ἐκ
889 3349 1109 3407 πολλάῦ
1153 3352 1220 3422 τῇ
1285 3343 1524 3423 βασιλίδι
1581 3346 1690 3398 τῶν
1731 3339 1970 3408 πόλεων,
2005 3337 2078 3398 ὡς

2193 3333 2350 3431 Afer,
2399 3333 2686 3431 adversum
2733 3336 2929 3391 Arium
2979 3337 3082 3393 lib.
3117 3355 3177 3394 ιε
3213 3341 3470 3410 Αξᾳααιίις
3512 3343 3695 3411 Patri,
3745 3346 3840 3401 sed

427 3443 642 3502 ἐπειδάν
703 3441 852 3498 πολύ
911 3463 962 3496 τι
1033 3443 1143 3494 τῶν
1204 3434 1440 3513 μερίδων
1499 3437 1595 3488 τοῦ
1665 3429 1936 3506 ἀχράντου
1992 3427 2082 3481 καὶ

431 3535 579 3601 θείου
609 3534 862 3607 σώματος
917 3534 1015 3585 τοῦ
1069 3527 1269 3604 Κυρίου
1327 3525 1417 3584 καὶ
1479 3523 1610 3579 Θεοῦ
1669 3521 1758 3575 καὶ
1822 3519 2082 3590 Σωτήρος

429 3629 591 3699 ἡμῶν
651 3605 835 3694 ’[ὴσοῦ
891 3623 1127 3695 Χριστοῦ
1203 3611 1659 3688 ἐναπολειφθείη,
1723 3605 2088 3684 μεταστέλλε-

432 3693 554 3770 alia:
585 3693 1151 3788 τοὺςὶερὲαςνπαῖδας
1184 3707 1456 3784 ἀφθόρους
1500 3703 1559 3757 ἐκ
1603 3700 1771 3761 τῶνὶς
1819 3693 2085 3772 χαμαιδι-

434 3802 710 3861 δασκάλου
763 3801 1098 3880 φοιτώντων,
1157 3795 1247 3851 καὶ
1302 3793 1499 3854 ταύτας
1547 3792 1759 3860 νήστεις
1810 3787 2024 3850 ἐσθίειν.
2057 3784 2086 3838 ’ὁ

435 3892 503 3963 δὴ
535 3893 624 3948 καὶ
658 3890 782 3964 ἰμοὶ
831 3888 1104 3950 πολλάκις
1156 3883 1402 3958 νεωτέρῳ
1449 3878 1655 3954 κομιδὴ
1701 3898 1761 3953 γε
1813 3872 1928 3930 ὄντι
1969 3873 2089 3928 ἐπι-

432 3978 628 4052 συνέϐη
661 3980 1102 4057 γενεσθαι,οιο.;
1141 3973 1483 4033 Consuetudo
1541 3990 1576 4026 a
1623 3971 1791 4024 multo
1851 3979 2089 4038 tempore

430 4056 733 4146 imperanti
762 4070 892 4126 urbi
919 4071 1051 4139 fuit,
1119 4069 1179 4122 ut
1200 4082 1323 4120 cum
1349 4062 1671 4135 plusculum
1717 4058 1784 4114 de
1836 4056 2087 4130 partibus

432 4159 784 4220 immaculati
803 4160 1093 4230 divinique
1122 4156 1370 4225 corporis
1402 4152 1624 4208 Domini
1653 4155 1705 4205 et
1740 4150 1836 4204 Dei
1863 4156 1913 4203 et
1958 4146 2088 4201 Scr-

428 4256 639 4311 vatoris
667 4250 851 4307 nostri
877 4251 1003 4305 Jesu
1037 4246 1248 4302 Christi
1277 4245 1554 4314 reliquum
1581 4244 1736 4309 esset,
1777 4237 2089 4294 sacerdotes

426 4359 632 4417 pueros
660 4344 1012 4410 incorruptos
1044 4354 1114 4392 ea:
1154 4335 1226 4391 iis
1270 4333 1366 4406 qui
1424 4332 1494 4387 ad
1523 4339 1907 4403 prxceptorem
1947 4325 2090 4397 infe-

427 4435 600 4491 rioris
637 4430 765 4487 ludi
795 4445 923 4484 eum
951 4429 1312 4492 accerserent,
1345 4423 1441 4494 qui
1461 4419 1674 4494 jejunii
1705 4419 1972 4490 reliquias
1999 4433 2087 4471 eas

431 4523 669 4579 ederent.
735 4515 885 4587 Quod
943 4515 1162 4587 quidem
1207 4513 1353 4567 mihi
1407 4525 1620 4582 quoque
1700 4523 2084 4579 sapenumero,

430 4629 559 4668 cum
592 4626 732 4679 puer
761 4606 1055 4663 admodum
1081 4620 1274 4672 essem,
1305 4601 1556 4671 contigit.
1607 4599 1710 4653 Hic
1766 4596 2042 4653 Callistus
2068 4613 2080 4663 ;

2192 3421 2376 3494 major
2432 3425 2613 3492 Pater,
2657 3425 2798 3496 quod
2829 3427 2948 3497 ipse
2992 3427 3139 3483 dedit
3189 3429 3296 3500 ipsi
3343 3431 3549 3501 omnia,
3580 3437 3632 3488 et
3675 3450 3842 3491 causa

2195 3511 2407 3583 estipsi
2431 3511 2583 3569 Ftlio
2614 3523 2674 3568 ut
2708 3513 2801 3580 sit,
2849 3519 2908 3569 ut
2957 3517 3060 3572 isto
3093 3518 3250 3573 modo
3285 3520 3378 3575 sit.
3442 3519 3635 3577 Utitur
3675 3529 3733 3578 et
3780 3525 3838 3579 S.

2197 3605 2515 3660 Anselmus
2544 3609 2602 3660 et
2633 3605 2962 3662 Richardus
3008 3609 3338 3666 Victorinus
3371 3610 3479 3666 hoc
3557 3615 3728 3670 modo
3757 3615 3845 3670 lo-

2197 3693 2433 3764 quendi.
2468 3695 2744 3758 Quamvis
2774 3700 2830 3751 S.
2856 3697 3111 3753 Thomas
3143 3699 3356 3770 Opusc.
3390 3705 3593 3757 contra
3622 3703 3846 3761 Crassos

2198 3798 2326 3853 cap.
2357 3784 2406 3849 1,
2442 3789 2496 3838 et
2529 3783 2588 3838 in
2623 3785 2870 3841 Summa
2904 3788 2928 3840 1
2969 3804 3022 3857 p.
3057 3797 3239 3858 quaest
3271 3790 3358 3856 33,
3393 3794 3505 3845 art.
3566 3793 3614 3862 'l,
3646 3797 3705 3848 et
3735 3794 3847 3849 Eu-

2198 3871 2406 3942 genius
2437 3871 2531 3941 IV,
2564 3873 2621 3927 in
2655 3873 2862 3931 concil.
2890 3875 3146 3932 Florent.
3180 3877 3265 3949 (P.
3285 3878 3411 3950 365)
3442 3879 3502 3935 in
3535 3880 3621 3936 lit.
3656 3882 3765 3938 Un.
3790 3888 3848 3939 et

2197 3960 2352 4016 idem
2386 3961 2702 4017 concilium
2736 3981 2882 4020 sess.
2920 3964 3007 4034 15,
3039 3966 3310 4036 doceant,
3343 3971 3496 4039 quod
3523 3970 3850 4028 Grzscicau-

2197 4066 2318 4106 sam
2351 4051 2408 4104 in
2459 4051 2748 4108 Trinitate
2803 4053 3124 4124 appellant,
3161 4073 3193 4111 a
3240 4056 3464 4113 Latinis
3495 4062 3764 4117 securius
3796 4072 3849 4118 el

2201 4140 2414 4195 melius
2442 4139 2785 4212 principium
2811 4143 2943 4198 dici.

2270 4239 2494 4313 Αἷψηρή
2553 4239 2722 4315 ἀγορή
2787 4261 2841 4313 p.
2901 4243 3027 4296 268.
3091 4245 3402 4316 Sumptum
3476 4263 3545 4302 ex
3592 4254 3849 4308 Homero

2199 4330 2366 4386 Iliad.
2420 4350 2472 4400 τ,
2517 4348 2570 4386 v.
2627 4332 2780 4385 276:
2832 4330 2874 4384 ὣ
2921 4327 3004 4400 ἄρ’
3038 4330 3335 4408 ἐφώνησεν,
3385 4339 3542 4390 Λῦσεν
3594 4335 3850 4413 δ’ἀγορήν

2198 4417 2464 4492 αἰψηρήν,
2496 4419 2592 4490 qui
2624 4437 2827 4476 versus
2861 4421 3015 4476 idem
3049 4423 3332 4494 repetitur
3351 4426 3546 4497 Odyss.
3587 4427 3637 4499 β,
3674 4429 3855 4498 priori

2201 4511 2326 4566 loco
2360 4511 2615 4581 explicat
2646 4510 2996 4568 scholiastes
3029 4520 3196 4570 vetus
3228 4513 3470 4588 αἰψηρήν
3502 4515 3600 4584 τὴν
3632 4517 3848 4592 ταχέως

2209 4600 2582 4675 ἀθροισεῖθαν.
2613 4601 2697 4656 Ab
2729 4601 2839 4656 hoc
2871 4602 3141 4658 dissentit
3176 4605 3541 4672 Eustathius,
3585 4608 3723 4663 dum
3781 4611 3852 4664 ad

429 4711 533 4783 qui
566 4724 700 4764 cum
727 4704 1038 4762 historiam
1073 4699 1446 4771 inscripserit
1488 4697 1820 4753 Andronico
1870 4696 2087 4753 Palteo-
2121 4690 2169 4756 D
2201 4690 2505 4762 geminum
2539 4689 2730 4745 locum
2763 4693 2958 4762 Odyss.
3016 4691 3066 4763 β.
3131 4709 3262 4765 pag.
3321 4695 3460 4748 1444
3529 4698 3621 4752 ed.
3686 4697 3849 4753 Rom.

432 4800 587 4871 logo,
624 4799 803 4868 hujus
825 4793 1012 4850 nostri
1037 4789 1340 4848 Michaelis
1365 4787 1487 4843 lilio
1509 4792 1566 4842 et
1589 4786 1939 4853 successori,
1966 4803 2093 4841 ma-

431 4890 714 4946 nifestum
764 4894 850 4941 est
881 4899 997 4955 quo
1033 4886 1295 4952 tempore
1353 4878 1475 4933 hinc
1516 4893 1644 4948 qua:
1695 4891 1852 4930 nunc
1895 4876 2096 4928 narrat

434 4978 830 5048 Pachymeres
861 4990 927 5028 co
951 4971 1279 5043 ntigerunt,
1309 4968 1465 5022 hunc
1509 4966 1701 5022 adhuc
1751 4980 1975 5019 morem
2010 4961 2092 5017 vi-

429 5069 654 5141 guisse.
684 5065 791 5132 Qui
819 5062 1055 5136 quidem
1092 5077 1124 5115 a
1158 5057 1429 5130 Dionysio
1458 5059 1764 5127 Arcopag.,
1799 5053 2096 5109 Clemente

429 5157 798 5213 Alexand.et
842 5152 973 5208 aliis
1025 5147 1456 5219 antiquissimis
1507 5145 1780 5200 Patribus
1827 5143 2092 5200 testimo-

431 5247 598 5304 nium
622 5245 820 5301 habet.
851 5242 1015 5299 Unde
1049 5240 1178 5310 ejus
1231 5235 1548 5293 honorifice
1590 5233 1859 5291 meminit
1899 5233 2096 5289 conci-

431 5338 582 5393 lium
634 5333 1070 5398 Tridentinum,
1133 5344 1282 5384 sess.
1332 5328 1423 5396 21,
1475 5342 1602 5398 cap.
1636 5325 1690 5379 4.
1745 5325 1890 5379 Cum
1938 5324 2094 5380 enim

431 5425 794 5484 deﬁnivisset
827 5419 1103 5495 parvulos
1141 5424 1277 5473 ante
1309 5415 1553 5473 rationis
1577 5431 1749 5470 usum
1781 5431 1896 5469 non
1947 5412 2092 5469 oblie

430 5514 560 5587 gari
610 5516 681 5570 ad
734 5510 1172 5586 perceptionem
1231 5505 1631 5574 Eucharistias,
1706 5503 1828 5559 hEBO
1888 5503 2092 5560 addit:

432 5607 616 5678 Neque
647 5604 770 5660 ideo
805 5607 988 5658 tamen
1023 5597 1347 5656 damnanda
1379 5605 1455 5652 est
1513 5595 1837 5666 antiquitas,
1881 5597 1927 5649 si
1973 5611 2099 5651 eum

425 5712 640 5752 morem
698 5693 758 5750 in
807 5690 1137 5764 quibusdam
1187 5687 1320 5743 locis
1357 5683 1657 5757 aliquando
1715 5686 1971 5740 servavit.
2037 5687 2100 5742 Ut

428 5784 583 5844 enim
661 5781 1006 5840 sanctissimi
1063 5778 1156 5834 illi
1212 5779 1404 5833 Patres
1449 5775 1538 5832 sui
1593 5775 1731 5845 facti
1759 5774 2101 5847 probabilem

2208 4781 2290 4835 sic
2371 4781 2657 4834 adnotat:
2709 4777 2968 4852 Αἷψηρὴν
3001 4777 3058 4833 δὲ
3116 4783 3261 4835 εἶπεν
3324 4780 3421 4835 οὐκ
3507 4781 3852 4858 ἐπιθετικῶς,

2206 4867 2266 4922 οὐ
2324 4869 2425 4941 γὰρ
2487 4865 2694 4941 αἰψηρή
2757 4866 2894 4922 ἐστιν
2955 4868 3129 4943 ἆγορά
3183 4875 3347 4939 πᾶσα,
3408 4870 3858 4949 ἐπιρῥηματικῶς

2205 4953 2262 5010 δὲ
2297 4953 2510 5029 μᾶλλον
2543 4956 2658 5010 ἀντί
2687 4960 2783 5010 τοῦ
2808 4956 2972 5032 ταχύο
3015 4959 3101 5012 καὶ
3154 4952 3294 5014 ἔστιν
3347 4958 3543 5032 ὅμοιον
3593 4967 3694 5036 τῷ,
3733 4965 3856 5020 τότε

2207 5067 2301 5118 μοι
2333 5048 2478 5122 χάνῃ
2513 5044 2692 5120 εὐρεῖα
2721 5045 2897 5119 χθών.
2926 5046 3102 5103 Vides
3117 5047 3209 5103 hic
3232 5049 3450 5106 sentire
3481 5052 3856 5112 Eusthatium

2205 5136 2458 5192 solutam
2492 5134 2833 5190 concionem
2865 5137 3102 5192 subitam
3135 5137 3270 5208 dici,
3321 5139 3525 5196 eadem
3565 5145 3860 5202 sententia

2206 5227 2374 5302 quasi
2401 5226 2758 5282 scriberetur
2787 5227 3023 5282 solutam
3052 5229 3252 5297 subito,
3296 5231 3552 5302 epitheto
3599 5235 3860 5292 adverbii

2206 5333 2450 5372 munere
2477 5316 2775 5387 fungente,
2807 5319 2871 5370 ut
2917 5316 2976 5371 in
3021 5316 3121 5372 illo
3145 5318 3258 5374 alio
3304 5336 3501 5392 versu,
3533 5332 3665 5380 tunc
3693 5326 3862 5382 tellus

2204 5409 2348 5465 mihi
2381 5408 2494 5462 lata
2513 5405 2780 5476 dehiscat,
2815 5407 2930 5462 lata
2975 5409 3217 5479 ponitua
3269 5428 3372 5483 pro
3409 5411 3544 5469 late.
3596 5418 3756 5479 Quod
3805 5422 3864 5473 et

2207 5500 2472 5557 imitatur
2503 5495 2807 5565 Virgilius,
2834 5499 2970 5552 dum
2997 5499 3066 5554 de
3084 5499 3223 5570 lupo
3244 5500 3620 5573 ait,gregibus
3637 5515 3862 5561 noctur—

2205 5605 2313 5645 nus
2344 5583 2705 5652 obambulat;
2739 5588 2795 5639 et
2829 5585 2898 5640 de
2929 5587 3106 5642 {Enea
3137 5606 3148 5643 :
3182 5588 3249 5643 Se
3292 5593 3602 5646 matutinus
3643 5593 3856 5663 agebat.

2207 5675 2569 5737 Crediderim
2605 5673 2878 5746 equidem
2900 5675 3313 5748 Pacbymerem
3338 5681 3522 5751 magis
3539 5681 3862 5741 adhaesisse

2213 5766 2391 5844 priori
2424 5762 2739 5824 sententiis
2772 5780 2899 5836 quae
2948 5763 3190 5840 αἰψηρήν
3228 5783 3430 5824 verum
3481 5766 3684 5844 ἀγορᾶς
3737 5773 3861 5830 sive
