4072 6386
394 436 503 492 999

1462 435 1525 487 P.
1567 431 1845 490 POSSINI
1881 427 2503 483 OBSERVATIONUM
2539 430 2673 483 LIB.
2714 433 2760 486 Ι.

3694 436 3855 494 1000

395 554 625 612 συνόδου
656 559 1006 629 adjunctum
1041 557 1328 628 agnoscit.
1366 555 1418 610 Is
1444 554 1600 610 enim
1635 556 1754 607 toto
1784 551 1895 606 hac
1919 566 2054 604 nar-
2086 552 2133 615 Ι)
2169 554 2604 620 oppugnantes,
2637 551 2765 621 jam
2808 553 3050 624 jamque
3100 560 3167 611 ut
3214 557 3537 627 sperabant
3565 562 3842 631 capturi.

396 648 619 704 ratione
649 646 794 702 satis
826 647 1048 701 indicat
1072 662 1134 700 se
1178 646 1365 700 favere
1417 638 2042 714 patriarchaaArsenio,

395 744 451 794 et
481 738 701 808 injuste
732 737 1077 791 damnatum
1112 739 1373 804 putasse.
1410 732 1571 788 Unde
1600 725 1826 783 σύνοδον
1872 746 1905 784 a
1930 745 2046 799 qua

394 828 716 882 damnatus
750 830 839 879 est
859 821 1104 895 αἰψηρήν
1131 823 1417 890 vocando,
1451 822 1613 875 visus
1657 828 1744 874 est
1783 817 2044 872 indicare

395 912 953 982 voluissejudicium
969 912 1126 966 istud
1143 911 1746 981 ejuspraafestinatum
1764 912 1817 962 et
1832 907 2043 977 cupide

392 1005 684 1077 perlatum
716 1002 920 1068 fuisse,
949 1001 1008 1054 in
1033 1001 1279 1070 gratiam
1306 998 1680 1069 imperatoris
1701 996 2044 1051 incumben-

391 1093 469 1148 tis
498 1093 559 1147 in
593 1091 872 1146 ultionem
918 1089 1155 1143 duritiei
1213 1088 1582 1159 patriarchas,
1634 1086 1828 1157 potius
1860 1099 2037 1155 quam

389 1198 455 1237 ex
491 1181 673 1251 culpas
705 1179 935 1234 merito.
961 1177 1213 1232 Adhibet
1246 1182 1302 1231 et
1322 1176 1463 1230 alibi
1490 1176 1641 1230 hanc
1686 1173 1852 1242 quasi
1901 1189 2041 1244 pro-

390 1269 713 1326 verbialem
756 1266 1070 1323 formulam
1116 1266 1519 1338 Pachymeres,
1570 1269 1637 1318 ut
1684 1263 1789 1318 lib.
1820 1278 1878 1328 v,
1906 1278 2035 1333 cap.

388 1359 481 1429 42,
516 1358 628 1413 sub
651 1359 866 1425 finem;
902 1354 1001 1410 ubi
1034 1371 1171 1410 cum
1206 1353 1379 1410 ambo
1410 1353 1580 1409 codd.
1614 1351 1655 1406 B
1684 1355 1739 1406 et
1765 1352 1809 1406 A
1856 1350 2038 1405 habe—

388 1452 518 1505 rent
550 1444 711 1501 λῦσαι
736 1441 794 1499 δὲ
829 1444 1107 1517 Λαιψηρήν
1153 1442 1382 1517 ἀγορὴν,
1444 1440 1754 1496 manifesto
1809 1440 2032 1506 mendo,

387 1555 567 1594 manu
601 1535 929 1592 remedium
954 1533 1262 1590 attulimus
1294 1532 1705 1597 rescribentes,
1755 1533 1820 1583 ut
1863 1544 2036 1601 opor-

384 1627 519 1697 tuit,
556 1629 712 1679 Λῦσεν
748 1621 1043 1698 δάἷψηρήν
1075 1621 1301 1698 ἀγορὴν,
1326 1638 1394 1677 ea
1423 1620 1618 1691 verba,
1656 1622 1722 1674 ut
1769 1616 2034 1690 plerum-

383 1733 498 1788 que
531 1716 694 1785 solet,
728 1715 784 1770 in
818 1729 1065 1769 occursu
1095 1710 1540 1768 abhorrentium
1574 1726 1607 1764 a
1636 1706 1862 1780 vulgari
1897 1723 2030 1773 usu,

382 1821 587 1861 secure
607 1803 912 1860 omittente
943 1801 1221 1857 Vaticano
1249 1800 1469 1856 codice.

450 1929 766 1992 Ἃκάθιστος
826 1946 881 2000 p.
942 1927 1067 1982 257.
1149 1924 1568 1982 Celebrabatur
1619 1921 1728 1976 hoc
1814 1920 2108 1999 festumB

372 2017 659 2082 ἀκάθιστον
692 2018 915 2073 dictum
971 2018 1052 2085 τῷ
1105 2007 1374 2082 Σαϐϐάτῳ
1406 2017 1506 2079 τῆς
1554 2010 1811 2080 πέμπτης
1871 2002 2027 2060 E080-

378 2105 551 2181 μάὸος
592 2112 693 2174 τῆς
724 2109 1181 2176 τεσσαρακοστῆς,
1243 2103 1325 2157 ait
1369 2100 1595 2156 Rituale
1652 2098 2024 2153 Grecorum:

376 2199 487 2253 hoc
524 2202 616 2253 est
647 2197 881 2251 Sabbato
918 2196 1134 2265 quintae
1180 2191 1522 2247 hebdomatis
1554 2188 2023 2259 Quadragesimas.

374 2288 542 2344 Unde
571 2291 817 2357 apparet
838 2300 953 2354 quo
978 2283 1265 2354 pertineat
1310 2279 1412 2336 illa
1460 2280 1680 2335 mentio
1726 2280 1835 2330 τῶν
1869 2276 2027 2344 mmi-

368 2374 476 2429 ϐων
507 2377 770 2442 νηστειῶν
824 2369 1198 2442 τελουμένων.
1246 2370 1518 2442 Origines
1572 2384 1743 2440 porro
1792 2366 2026 2422 institu-

368 2465 549 2520 tionis
570 2463 743 2519 istius
775 2462 906 2518 festi
920 2462 1050 2516 fuse
1076 2461 1450 2515 disseruntur
1480 2458 1536 2512 in
1561 2458 1763 2512 eodem
1782 2454 2020 2510 Rituali.

362 2554 494 2609 Haec
532 2569 764 2608 summa
821 2556 930 2606 est.
994 2550 1255 2604 Profecto
1288 2548 1349 2602 in
1395 2546 1692 2602 Persidem
1740 2552 2022 2599 adversus

365 2642 663 2698 Cbosroen
698 2639 963 2696 Heraclio
995 2639 1374 2710 imperatore,
1400 2636 1707 2709 Chaganus
1722 2635 2019 2707 Mysorum

364 2736 424 2787 et
476 2730 827 2803 Scytharum
886 2728 1024 2797 dux,
1084 2730 1257 2798 rupto
1306 2742 1440 2782 cum
1472 2723 1752 2781 Romanis
1784 2723 2018 2788 foedere,

363 2820 520 2878 586
547 2820 619 2875 ab
663 2817 937 2875 Occiduis
1005 2817 1276 2889 partibus
1335 2831 1469 2870 cum
1528 2812 2017 2869 numerosissimo

359 2908 617 2965 exercitu
672 2906 925 2963 infestus
980 2902 1550 2976 Constantinopolim
1604 2918 1665 2958 se
1722 2902 2015 2968 admovet,

363 2997 535 3054 obvia
563 3011 809 3069 quaeque
851 2996 995 3051 faade
1023 2998 1266 3051 vastans
1292 2997 1349 3048 et
1363 2992 1549 3048 multa
1583 2990 1926 3063 blaspheme
1953 2989 2013 3044 in

366 3087 548 3143 Deum
588 3089 841 3141 minans.
869 3087 1082 3141 Eodem
1113 3088 1382 3156 tempore
1411 3083 1697 3137 Sarbarus
1730 3081 1950 3135 missus
1980 3096 2014 3135 a

358 3176 611 3231 Cbosroe
642 3191 775 3229 cum
808 3174 995 3247 cepiis
1023 3172 1406 3229 validissimis
1429 3169 1756 3228 Orientales
1777 3168 2012 3241 provin-

352 3265 476 3321 cias
506 3264 621 3321 late
655 3263 972 3337 populatus
1002 3268 1060 3319 et
1089 3263 1213 3335 ipse
1246 3261 1430 3317 altera
1444 3278 1514 3317 ex
1544 3260 2006 3333 parteConstan-

352 3353 666 3427 tinopolim
697 3354 1055 3426 aggreditur,
1091 3356 1241 3407 ferro
1272 3350 1633 3420 ﬂammaque
1664 3348 2001 3420 passimsaa-

346 3445 531 3500 viens.
558 3444 698 3499 Inde
722 3460 792 3498 ex
824 3443 1151 3514 composito
1180 3440 1418 3496 Barbari
1450 3442 1621 3494 ambo
1644 3444 1801 3493 terra
1822 3437 2001 3492 mari-

345 3550 459 3605 que
491 3534 699 3590 urbem
735 3531 912 3588 simul
948 3532 1310 3604 oppugnant.
1347 3529 1459 3584 Sed
1493 3544 1626 3583 cum
1668 3526 2005 3599 patriarcha

342 3620 586 3693 Sergius
618 3620 903 3690 populum
937 3619 1005 3673 ad
1042 3616 1347 3671 ﬁdendum
1378 3616 1436 3669 in
1470 3613 1724 3685 Deiparee
1748 3621 2000 3685 patrue:-

349 3710 447 3765 nio
478 3710 793 3781 ipsamque
824 3707 1211 3761 invocandam
1232 3721 1344 3759 non
1373 3706 1588 3759 frustra
1605 3709 1759 3758 esset
1785 3702 2000 3758 adhor-

339 3802 653 3867 tatus,tam
686 3796 998 3851 manifesta
1030 3795 1117 3850 ira
1145 3794 1243 3849 Dei
1279 3794 1336 3849 in
1372 3799 1692 3864 utrumque
1719 3791 1995 3848 hostilem

339 3887 657 3944 exercitum
684 3885 974 3953 incubuit,
1010 3889 1075 3940 ut
1105 3889 1165 3940 et
1193 3888 1507 3939 terrestres
1568 3881 1746 3955 cOpiaa
1808 3881 1993 3936 inter-

338 3979 584 4034 necione
618 3977 974 4045 delerentur,
1008 3980 1064 4029 et
1090 3975 1298 4030 classis
1323 3975 1600 4030 universa
1629 3979 1829 4029 exortu
1860 3990 1993 4046 pro-

331 4068 489 4123 cellas
522 4068 749 4134 subitas,
785 4084 853 4122 ex
883 4068 1012 4122 sinu
1046 4066 1269 4121 Ceratis
1301 4064 1455 4120 dicto
1489 4064 1559 4118 ab
1586 4063 1992 4119 substructio.

328 4174 434 4212 nes
467 4157 670 4228 templi
727 4158 985 4227 Deiparaa
1019 4157 1075 4210 in
1109 4155 1305 4210 littore
1339 4154 1406 4207 ad
1443 4153 1801 4207 Blachernas
1865 4153 1986 4219 siti,

326 4246 499 4300 allisa
530 4246 913 4316 frangeretur.
944 4244 1005 4299 ln
1030 4244 1355 4314 gratiarum
1382 4242 1672 4296 actionem
1697 4257 1799 4311 pro
1828 4245 1991 4296 tanta

321 4334 566 4390 victoria
589 4333 843 4406 populus
870 4329 1399 4402 Constantinopolit
1426 4346 1574 4385 anus
1606 4334 1831 4384 noctem
1858 4348 1986 4401 per-

326 4421 594 4493 vigilavit
618 4423 676 4476 in
713 4421 987 4477 laudibus
1019 4420 1297 4491 Deiparaa,
1325 4422 1381 4473 et
1429 4418 1830 4473 anniversaria
1884 4420 1987 4474 de-

327 4511 531 4582 inceps
577 4510 860 4581 religione
890 4511 1039 4564 Idem
1075 4513 1343 4580 repetens
1376 4507 1611 4562 initium
1646 4508 1807 4563 dedit
1848 4508 1986 4564 huic

331 4601 667 4669 festo,un
687 4599 897 4653 deinde
915 4599 970 4653 in
1008 4613 1286 4670 prennem
1301 4598 1580 4652 firmitate
1612 4597 1979 4653 "eststabili-

2159 637 2414 707 Deiparae
2448 655 2616 694 suam
2652 639 2858 696 urbem
2925 643 3150 715 tuentis
3208 660 3319 717 ope
3374 649 3613 703 contriti
3660 654 3841 719 sunt,

2156 727 2415 795 primum
2443 726 2576 797 plus
2597 743 2778 798 quam
2811 729 3020 801 viginti
3046 732 3315 789 millibus
3338 734 3605 806 ipsorum
3628 755 3665 793 a
3687 738 3840 792 Bul-

2153 814 2311 885 garis
2342 815 2530 883 caesis,
2564 816 2782 873 deinde
2816 818 3139 875 fcedissimo
3169 823 3240 876 ad
3268 823 3657 881 Sosthenium
3686 845 3839 883 nau-

2155 903 2339 973 fragio
2399 903 2582 959 classe
2638 907 2897 962 maxima
2945 924 3013 962 ex
3065 915 3228 981 parte
3275 912 3498 970 deleta:
3553 918 3834 988 denique

2153 1010 2305 1048 saeva
2348 994 2501 1049 fame
2533 995 2797 1066 ipsorum
2829 998 3090 1069 reliquiis
3116 1018 3303 1072 usque
3320 1006 3392 1059 ad
3416 1021 3585 1061 esum
3611 1007 3841 1063 huma-

2152 1099 2363 1137 noruni
2410 1084 2785 1153 cadaverum,
2857 1087 3001 1158 quin
3077 1096 3135 1145 et
3188 1097 3540 1161 stercorum,
3589 1096 3838 1152 adactis

2150 1170 2291 1226 dum
2324 1175 2409 1227 tot
2434 1172 2590 1228 mala
2619 1175 2790 1245 pauci
2816 1179 3166 1249 superstites
3188 1181 3526 1255 fungientes
3555 1201 3696 1241 cum
3726 1203 3832 1242 re-

2148 1259 2335 1316 siduis
2365 1260 2617 1335 navigiis
2650 1280 2752 1335 per
2781 1266 3038 1338 Aigaeum
3068 1275 3335 1341 currunt,
3367 1271 3646 1329 immissa
3665 1275 3841 1330 divi-

2147 1349 2307 1405 nilus
2356 1352 2641 1423 grandine
2689 1355 2936 1426 ardenti,
2992 1359 3163 1429 cujus
3213 1360 3402 1417 fervor
3451 1363 3642 1433 picem
3694 1380 3832 1436 qua

2144 1438 2355 1493 tabulae
2388 1440 2625 1495 navium
2643 1442 3507 1521 agglutinabanturliquefecit,
3533 1468 3673 1508 cum
3697 1471 3823 1510 sua

2145 1528 2223 1582 ibi
2258 1545 2462 1585 omnes
2486 1529 2674 1586 classe
2705 1534 3028 1608 perierunt,
3072 1537 3264 1595 tribus
3296 1545 3526 1596 tantum
3548 1542 3819 1598 navibus

2145 1619 2215 1672 ad
2279 1618 2464 1675 cladis
2498 1620 2781 1677 indicium
2844 1625 3087 1681 domum
3141 1628 3439 1686 reversis:
3484 1629 3585 1683 Διὰ
3634 1650 3821 1686 ταυτα.

2144 1708 2407 1779 (subjicit
2464 1709 2618 1766 idem
2668 1716 2889 1785 auctor)
2938 1713 3004 1767 τὰ
3065 1715 3308 1792 ὑπερφυῆ
3359 1717 3637 1790 Θᾳυμάσια
3693 1727 3812 1789 τῆς

2140 1796 2411 1871 πανάγνου
2458 1799 2545 1852 καὶ
2601 1802 2951 1875 Θεομήτορος
2993 1804 3094 1874 τὴν
3141 1810 3415 1882 παροῦσαν
3450 1807 3646 1883 ἑορτὴν
3680 1809 3815 1885 ἑορ-

2139 1888 2394 1959 τάζομεν.
2455 1887 2774 1953 Ἀκάθιστος
2835 1888 2893 1945 δὲ
2942 1898 3196 1968 εἴρηται,
3256 1894 3396 1951 διότι
3456 1894 3813 1972 ἁρθοσλτάδην

2137 1974 2260 2029 τότε
2291 1980 2395 2037 πᾶς
2427 1977 2453 2029 ὁ
2486 1975 2618 2041 λαὸς
2647 1979 2783 2033 κατᾶ
2828 1982 2929 2050 τὴν
2983 1981 3150 2037 νύκτα
3206 1982 3415 2056 ἐκείνην
3464 1985 3559 2040 τὸν
3616 1986 3808 2059 ὕμνον

2138 2068 2205 2137 τῇ
2237 2067 2337 2118 τοῦ
2390 2066 2571 2140 Λόγον.)
2626 2069 2794 2142 μητρῖ
2835 2066 3100 2144 ἔμελψαν,
3145 2072 3235 2128 καὶ
3277 2074 3361 2128 ὅτι
3404 2072 3455 2128 ἐν
3508 2080 3640 2129 πᾶσι
3682 2082 3814 2139 τοῖς

2137 2149 2334 2215 ἄλλοις
2393 2151 2567 2218 οἷ’κοις
2622 2158 2888 2225 καθῆσθαι
2945 2156 2997 2230 ἐξ
3057 2155 3210 2223 ἔθους
3267 2158 3455 2237 ἔχοτες
3492 2207 3506 2232 ,
3568 2163 3620 2217 ἐν
3675 2170 3810 2229 τοῖς

2134 2245 2367 2315 παροῦσι
2424 2246 2521 2308 τῆς
2580 2247 2930 2322 Θεομήτορος
2977 2248 3127 2322 ὀρθοὶ
3185 2249 3382 2314 πάντες
3431 2250 3796 2325 ἀκροώμεθα·

2136 2331 2247 2388 hoc
2297 2337 2419 2389 est:
2485 2336 2718 2409 Propter
2772 2337 2890 2396 haec
2949 2342 3133 2397 omnia
3216 2345 3332 2398 tam
3384 2342 3723 2400 admiranda
3760 2362 3803 2402 α

2132 2424 2445 2479 castissima
2503 2426 2597 2480 Dei
2655 2425 2928 2485 Genitrice
2978 2446 3147 2501 opera
3215 2438 3409 2504 patrat
3463 2439 3810 2504 prasente";

2131 2512 2278 2566 diem
2322 2514 2523 2582 festum
2570 2516 2921 2572 celebramus.
2958 2521 3264 2575 Λεαιήἱείοδ
3315 2537 3460 2589 vero,
3496 2523 3666 2593 quasi
3694 2541 3801 2579 ca-

2130 2618 2257 2657 retis
2302 2606 2562 2669 sessione,
2614 2605 2793 2662 dictus
2838 2620 2938 2678 est,
2971 2609 3114 2679 quod
3163 2611 3402 2683 populus
3479 2621 3591 2668 tota
3636 2625 3807 2671 nocte

2130 2691 2323 2748 stando
2389 2692 2658 2764 hymnum
2711 2696 2964 2767 Deiparae
3018 2699 3294 2767 concinat,
3354 2700 3607 2774 quodque
3664 2720 3804 2759 eum

2131 2779 2281 2836 539
2305 2782 2364 2836 in
2395 2780 2527 2837 aliis
2557 2783 2769 2839 a’dibus
2799 2801 2869 2840 ea:
2895 2801 3047 2842 more
3076 2788 3276 2844 sedere
3314 2787 3507 2859 liccat,
3566 2792 3630 2846 in
3660 2792 3800 2849 islis

2126 2870 2330 2926 divine
2358 2871 2548 2927 Matris
2567 2874 2736 2929 erecti
2763 2890 2950 2930 omnes
2969 2880 3176 2934 stantes
3205 2880 3609 2938 auscultamus.

2197 2995 2556 3070 ’Δκτουᾶρίος
2600 3014 2654 3067 p.
2711 2999 2839 3053 530.
2899 3001 3089 3065 Quare
3146 3002 3243 3058 hic
3298 3003 3601 3061 Cabasilas
3661 3023 3791 3078 prae

2123 3086 2351 3142 caeteris
2400 3085 2752 3142 intellexerit
2809 3087 3122 3146 imminere
3179 3098 3427 3149 mortem
3477 3098 3781 3167 egrotanti

2122 3179 2407 3247 Augusto,
2467 3191 2585 3230 non
2635 3175 2812 3232 aliam
2866 3179 3238 3237 comminisci
3293 3181 3777 3241 verisimiliorem

2119 3281 2362 3320 causam
2403 3281 2573 3337 queo,
2606 3282 2786 3338 quam
2818 3268 2975 3339 quod
3007 3269 3146 3326 huic
3167 3286 3237 3326 ex
3265 3270 3462 3328 ofﬁcio
3484 3271 3767 3329 incubue-

2117 3354 2194 3408 rit
2245 3353 2559 3424 peculiaris
2602 3371 2743 3410 cura
2786 3359 2884 3408 τοῦ
2928 3354 3245 3427 νοσηλεύειν
3299 3359 3392 3413 καὶ
3440 3366 3765 3429 νοσοκομεῖν

2115 3434 2526 3505 imperatorem
2554 3436 2758 3514 morbo
2783 3436 3679 3514 laborantem,intima,inqnam,
3708 3447 3772 3499 et.

2113 3540 2238 3593 quae
2265 3523 2381 3580 tale
2411 3528 2650 3596 tempus
2680 3510 2964 3597 postulat,
2995 3527 3266 3585 febrienti
3310 3510 3542 3603 corpori
3597 3531 3778 3587 mini-

2111 3613 2287 3669 steria
2318 3614 3146 3687 exhibendi.Curporrotalem
3165 3618 3508 3675 ministrum
3534 3619 3779 3675 ἆκτουά-

2112 3722 2227 3776 ριον
2248 3702 2634 3775 Pachymeres
2666 3708 2991 3771 vocet,non
3027 3706 3193 3762 facile
3238 3716 3508 3765 occurret
3545 3727 3777 3780 praeoc-

2109 3793 2339 3864 cupatis
2370 3792 2643 3862 opinione
2675 3794 2999 3863 communi,
3033 3812 3211 3866 quam
3258 3804 3499 3853 secutus
3538 3803 3775 3856 Casau-

2107 3881 2563 3947 bonus,notisin
2598 3881 2953 3938 Trebellium
3005 3884 3352 3955 Pollionem,
3385 3888 3775 3959 reprehendit

2104 3971 2698 4027 PrzeoniumGraecum
2716 3971 3386 4047 interpretemEutropii,
3410 3978 3563 4048 quod
3583 3995 3771 4049 quam

2104 4060 2162 4115 in
2217 4060 2317 4115 lib.
2376 4078 2432 4115 Ix
2483 4059 2737 4116 Brevarii
2785 4061 3149 4133 Eutropiani,
3195 4065 3293 4119 ubi
3349 4066 3420 4120 de
3450 4065 3762 4123 Victorino

2103 4150 2317 4221 agitur,
2355 4149 2557 4204 Latine
2608 4150 2887 4218 scriptam
2932 4164 3224 4223 repererat
3253 4154 3501 4210 actuarii
3529 4172 3766 4224 vocem,

2100 4239 2230 4310 ipso
2254 4238 2454 4293 Graeca
2483 4237 3070 4313 ὑπομνηματογράφου
3105 4260 3220 4296 non
3266 4244 3606 4311 reddiderit,
3651 4248 3761 4301 sed

2099 4328 2396 4400 propriam
2430 4344 2557 4381 eam
2590 4328 2693 4382 viri
2730 4346 2942 4383 nomen
2977 4333 3287 4400 putaverit,
3321 4333 3379 4387 in
3405 4350 3519 4404 quo
3543 4350 3761 4391 secun-

2097 4418 2170 4473 do
2220 4418 2347 4473 sine
2398 4417 2577 4472 dubio
2628 4419 2899 4474 Paeonius
2944 4421 3222 4490 peccavit.
3259 4427 3356 4478 Esi;
3412 4422 3567 4478 enim
3633 4425 3764 4483 illle

2097 4525 2165 4563 ex
2197 4506 2454 4563 auctoris
2489 4512 2685 4563 mente
2710 4510 3020 4577 actuarius,
3053 4515 3120 4565 ut
3150 4527 3219 4566 ex
3261 4512 3493 4569 Aurelio
3522 4513 3761 4573 Victore

2095 4601 2152 4652 et
2180 4595 2466 4652 Trebellio
2525 4595 2804 4669 Pollione,
2866 4614 3015 4670 quos
3074 4601 3394 4674 EutrOpius
3443 4605 3754 4675 exscribit,

322 4688 1081 4760 tumDuplieialioUeiparaa
1098 4686 1552 4743 beneﬁcio.Nam
1569 4702 1704 4742 cum
1736 4691 1985 4758 postan-
2018 4670 2065 4736 D
2097 4686 2427 4741 clarissime
2451 4688 2610 4757 patet
2641 4702 2754 4741 non
2791 4687 3095 4758 proprium
3127 4670 3528 4761 personae,sed
3552 4670 3757 4765 appel-

323 4770 845 4834 numtricesimum
862 4783 1023 4833 sextu
1035 4776 1979 4848 mimperiiConstantiniPogonati

325 4867 753 4925 Saracenorum
776 4865 1242 4923 innumerabiles
1274 4867 1452 4937 copias
1482 4866 1974 4937 Constantinopo-

315 4954 422 5011 lim
455 4961 579 5013 toto
633 4958 942 5030 septennio
999 4955 1547 5017 circumsedissent,
1581 4954 1832 5009 evidenti
1867 4971 1976 5027 ope

315 5045 644 5118 implorata
677 5064 711 5103 a
735 5043 1406 5115 Constantinopolitanis
1438 5043 1497 5098 in
1530 5043 1815 5098 auxilium
1841 5045 1970 5099 Dci-

316 5150 473 5205 pare
531 5135 787 5206 primum
847 5135 1174 5191 hiemantes
1214 5133 1403 5205 Cyzici
1454 5131 1668 5188 multos
1726 5149 1968 5189 suorum

316 5222 590 5286 amisere,
623 5239 758 5278 mox
788 5229 946 5280 metu
980 5224 1041 5279 in
1071 5224 1271 5295 fugam
1304 5221 1492 5277 classe
1552 5224 1683 5276 acta
1730 5221 1801 5276 ad
1861 5222 1971 5292 Sy—

309 5311 488 5367 laeum
512 5317 598 5385 [Ρ.
616 5311 743 5383 366]
759 5311 1070 5383 ingruente
1102 5310 1429 5367 saavissima
1462 5314 1813 5382 tempestate
1828 5312 1969 5365 sub-

312 5401 494 5456 mersi
551 5401 746 5456 cuncti
786 5406 945 5456 sunt.
1003 5401 1305 5457 Postremo
1354 5399 1461 5455 sub
1519 5400 1709 5455 Leone
1763 5402 1964 5457 Isauro

313 5490 528 5547 Iisdem
560 5489 836 5546 Saraceni
866 5489 1124 5545 victoriis
1171 5489 1406 5551 tumidi.
1451 5490 1607 5561 quod
1649 5493 1964 5547 Persarum

307 5596 492 5650 regnu
506 5596 561 5633 [ιι
580 5578 1964 5650 evertissent/Emptum,AfricamJEthiopiam,

313 5667 502 5739 ipsam
536 5669 709 5725 etiam
747 5668 1088 5740 Hispaniam
1123 5665 1565 5723 incursionibus
1612 5672 1964 5734 vastassent,

311 5770 448 5812 cum
482 5755 643 5815 mille
680 5756 1035 5832 octingentis
1088 5755 1335 5812 navibus
1392 5757 1961 5839 Constantinopolim

2090 4774 2335 4830 lativum
2380 4773 2754 4843 vocabulum,
2815 4775 2944 4830 vitae
2996 4793 3185 4848 genus
3236 4784 3295 4834 et
3344 4782 3753 4840 conditionem

2088 4863 2443 4935 exprimens.
2482 4868 2557 4919 De
2592 4866 2798 4919 caetero
2844 4870 3176 4923 erraturum
3226 4871 3515 4927 contendo
3560 4872 3756 4930 fuisse

2084 4952 2404 5023 Paeonium,
2473 4952 2522 5006 si
2574 4951 3150 5032 ὑπομνηματογράφον
3186 4974 3290 5029 pro
3333 4960 3595 5017 actuario
3633 4979 3748 5034 po-

2086 5044 2321 5107 suisset,
2375 5057 2627 5096 errorem
2697 5058 2899 5097 eorum
2959 5044 3059 5114 qui
3091 5045 3347 5116 speciem
3380 5064 3484 5119 pro
3515 5066 3736 5122 genere

2058 5135 2396 5202 .usurpant.
2429 5131 2727 5194 Quantum
2759 5130 2915 5186 enim
2946 5149 3015 5188 ex
3046 5134 3250 5191 multis
3300 5137 3582 5210 colligens
3629 5157 3744 5196 au-

2082 5225 2267 5285 tumo,
2303 5219 2543 5274 actuarii
2578 5219 2897 5276 universim
2931 5223 3232 5290 dicuntur,
3266 5226 3367 5296 qui
3410 5227 3745 5287 ministeria

2084 5308 2398 5366 humiliora
2425 5325 2571 5364 usus
2601 5309 2931 5380 quotidiani
2963 5327 3113 5383 opus
3136 5311 3232 5369 his
3267 5314 3622 5374 habentibus
3642 5321 3743 5375 ad-

2080 5401 2306 5467 hibent,
2350 5398 2555 5471 quales
2586 5399 2736 5455 servi
2788 5398 3140 5473 plerumque
3186 5388 3485 5463 veteribus
3537 5416 3732 5476 erant,

2079 5491 2234 5566 unde
2266 5506 2378 5545 non
2414 5505 2602 5559 usque
2634 5489 2775 5544 adeo
2806 5489 3078 5561 imperite
3108 5491 3261 5547 idem
3304 5498 3571 5553 Paeonius
3603 5494 3736 5552 δού-

2077 5575 2180 5632 λου
2201 5593 2399 5632 voeem
2444 5574 2754 5651 ἀκτουαρίῳ
2815 5580 3235 5647 ιιιηυηκίῒὸυι)
3286 5583 3395 5639 hac
3426 5587 3732 5644 universa-

2076 5667 2241 5723 litate
2272 5665 2654 5721 familiarium
2687 5667 2752 5720 ad
2767 5667 3172 5722 ministrorum
3191 5674 3740 5746 putocomprehen-

2074 5774 2172 5814 808
2198 5754 2782 5824 commentarienses,
2840 5755 3476 5835 ὑπομνηματογράφους,
3525 5766 3630 5820 sed
3676 5772 3740 5824 et
