4072 6444
304 457 442 517 1001

1781 455 2264 513 GmARIUM.

3593 458 3734 514 1002

299 580 639 656 νοσοκόμοος
669 581 1037 638 infirmorum
1072 582 1371 636 curatores
1417 584 1475 636 et
1536 580 1846 653 chirurgos
1903 583 1963 635 et
1990 582 2043 646 Α
2072 580 2317 636 hensus.
2356 579 2465 645 Qui
2496 580 2621 651 ipse
2651 579 2977 636 Salmasius
3010 581 3149 635 dum
3180 582 3422 653 subjicit
3450 583 3730 639 militares

298 678 512 733 horum
544 674 605 727 in
628 671 833 743 quavis
865 669 996 725 vitae
1022 670 1373 725 necessitate
1411 674 1514 725 aut
1542 670 1961 726 commoditate

302 763 688 832 subadjuvas.
721 758 991 824 Qualium
1021 774 1153 813 cum
1187 758 1499 828 plurimam
1517 776 1645 816 esse
1670 763 1963 831 oporteret

301 853 535 922 copiam
560 851 619 904 in
652 848 938 919 obsequio
971 851 1299 901 castrorum
1333 851 1759 917 Romanorum,
1791 864 1859 902 ex
1890 846 1962 901 iis

301 944 486 999 fuisse
546 956 662 994 non
725 954 901 1009 parva
970 953 1039 991 ex
1099 940 1263 1006 parte
1319 937 1640 991 conﬂatum
1713 936 1964 992 arbitror

300 1031 701 1089 actuariorum
735 1043 969 1097 corpus,
1024 1026 1179 1095 quod
1239 1025 1514 1081 Aurelius
1574 1026 1773 1081 Victor
1804 1024 1963 1079 illam

297 1123 492 1194 ipsam
522 1116 804 1172 Victorini
837 1116 1071 1187 tyranni
1099 1130 1198 1184 per
1230 1115 1627 1170 Attititianum
1645 1116 1962 1186 quemdam

299 1209 656 1271 actuarium,
681 1206 851 1274 cujus
882 1204 978 1258 ille
1011 1220 1249 1258 uxorem
1296 1208 1687 1273 stupraverat,
1750 1220 1962 1274 procu-

300 1304 487 1355 ratam
538 1296 753 1351 caedem
814 1310 1172 1359 memorans,
1229 1293 1517 1348 describit
1576 1294 1668 1347 bis
1726 1292 1959 1347 verbis:

300 1400 533 1453 Tantum
576 1390 977 1457 actuariorum,
1026 1406 1263 1461 quorum
1310 1390 1423 1446 loco
1469 1392 1814 1445 Attititianus
1863 1390 1961 1444 ha-

300 1488 555 1545 bebatur.
615 1482 676 1538 in
733 1481 990 1536 exercitu
1037 1482 1307 1549 [actiones
1366 1482 1570 1548 vigent,
1608 1489 1669 1535 ut
1714 1481 1963 1535 arduum

296 1573 612 1647 petentibus
642 1570 863 1625 malitia
889 1578 1232 1640 patraretur.
1268 1568 1445 1625 Genus
1483 1571 1790 1634 hominum,
1819 1586 1962 1639 pra:-

296 1666 492 1721 serlim
530 1664 633 1718 hac
690 1661 1032 1731 tempestate,
1089 1675 1353 1729 nequam,
1409 1660 1619 1725 venale,
1669 1658 1960 1728 callidum,

300 1756 653 1820 seditiosum,
715 1750 956 1806 habendi
1012 1750 1279 1821 cupidum
1339 1758 1499 1821 atque
1540 1750 1611 1805 ad
1655 1750 1962 1821 patrandas

300 1845 526 1916 fraudes
554 1841 928 1913 velandasque
952 1856 1111 1910 quasi
1168 1857 1207 1895 α
1240 1849 1447 1895 natura
1492 1844 1723 1909 factum,
1781 1856 1959 1894 anno-

2068 670 2183 724 dici
2225 685 2325 723 eos
2367 669 2469 739 qui
2520 670 2864 724 missionem
2909 688 2942 725 a
2988 670 3199 726 militia
3248 677 3616 743 acceperant,
3668 678 3732 730 ut

2068 758 2411 813 consulares
2444 759 2723 813 dicuntur
2767 759 2866 830 qui
2927 761 3204 815 consules
3265 762 3518 831 fuerant,
3580 763 3727 818 mihi

2068 848 2304 919 quidem
2335 865 2450 902 non
2497 849 2809 918 persuadet
2838 865 2959 902 rem
3003 850 3083 904 ita
3135 865 3369 921 semper
3427 851 3727 919 habuisse,

2068 936 2178 991 etsi
2211 953 2325 990 non
2358 952 2567 1007 negem
2625 936 2943 1004 aliquando
3000 938 3059 991 id
3120 954 3231 993 usu
3288 939 3538 995 venisse.
3598 940 3725 997 Non

2067 1026 2260 1091 credo,
2288 1026 2562 1094 inquam,
2584 1026 2814 1095 quoties
2844 1028 2996 1096 apud
3023 1027 3347 1097 quemlibet
3376 1031 3723 1099 scriptorem

2066 1114 2337 1167 militaris
2368 1112 2594 1183 aliquis
2644 1112 2878 1182 dicitur,
2935 1114 3106 1168 toties
3162 1113 3412 1186 intelligi
3472 1117 3720 1172 militem

2067 1202 2397 1257 emeritum.
2434 1202 2574 1256 Nam
2610 1218 2760 1272 saepe
2780 1201 3061 1257 militaria
3094 1219 3163 1257 ea
3186 1210 3469 1259 vocantur
3502 1222 3624 1275 qua:
3648 1207 3721 1261 ad

2068 1290 2285 1345 milites
2320 1292 2633 1361 pertinent,
2663 1294 2728 1345 ut
2756 1306 2920 1345 arma
2968 1296 3023 1346 et
3067 1291 3417 1347 vestimenta
3447 1297 3505 1347 et
3559 1294 3718 1364 equi,

2065 1386 2121 1435 et
2152 1380 2448 1447 calonum,
2480 1380 2753 1449 lixarum,
2786 1381 3151 1445 institorum,
3204 1384 3305 1452 qui
3355 1391 3547 1437 castra
3606 1384 3723 1438 fre-

2067 1474 2354 1540 quentant
2393 1474 2459 1523 ut
2505 1470 2794 1523 militibus
2846 1470 3188 1536 inserviant,
3246 1471 3519 1527 militaris
3548 1473 3725 1527 turba

2067 1560 2303 1613 dicitur.
2320 1558 2550 1627 ,Quidni
2581 1575 2717 1629 ergo
2743 1560 2842 1629 qui
2878 1559 3172 1613 militibus
3207 1576 3560 1631 quocunque
3611 1578 3721 1616 no-

2066 1648 2222 1702 mine
2253 1648 2610 1714 ministrant,
2643 1647 2848 1718 quales
2879 1652 3046 1703 erant
3078 1649 3344 1716 actuarii,
3374 1655 3439 1704 ut
3469 1652 3722 1705 ostendi-

2066 1753 2220 1805 mus,
2257 1736 2539 1791 militares
2573 1735 2687 1791 dici
2722 1736 3074 1807 potuerint?
3098 1741 3246 1791 Sane
3278 1738 3359 1792 ita
3406 1754 3603 1793 vocem
3657 1739 3723 1793 il-

2063 1825 2180 1880 lam
2215 1829 2554 1895 usurpatam
2589 1842 2621 1879 a
2676 1825 2961 1893 Pollione,
3022 1826 3303 1880 attentius
3357 1828 3534 1882 verba
3592 1829 3721 1897 ejus

302 1952 392 1991 πω
423 1935 742 1997 dominans,
759 1944 931 2000 eoque
950 1930 1122 1984 utilia
1138 1930 1467 1984 curantibus
1488 1934 1543 1983 et
1566 1928 1813 1997 fortunis
1835 1945 1961 1982 ara-

2077 1915 2449 1985 perpendenti
2484 1918 2660 1984 patet.
2695 1914 2847 1980 Quia
2878 1914 3035 1969 enim
3068 1915 3337 1969 dicturus
3382 1921 3508 1970 erat
3560 1917 3721 1971 necis

303 2031 486 2080 torum
541 2024 826 2092 in/estum,
880 2018 1121 2090 prudens
1178 2018 1235 2072 in
1296 2028 1539 2088 tempore
1596 2019 1658 2089 [P
1689 2019 1814 2087 367]
1875 2018 1959 2072 his

299 2111 583 2183 largiendi
604 2124 842 2181 quorum
872 2106 1145 2163 vaecordia
1168 2106 1477 2177 damnaque
1509 2122 1631 2175 opes
1662 2110 1959 2161 contraxe-

294 2204 394 2258 rit.
430 2202 558 2257 Haec
591 2198 865 2255 Aurelius
896 2198 1133 2265 Victor;
1166 2213 1293 2267 quae
1325 2201 1536 2251 cuncta
1563 2196 1781 2266 ὑπομνη
1797 2214 1960 2266 ματο-

293 2288 551 2366 γράφοις,
605 2286 1069 2343 amanuensibus
1128 2290 1231 2339 aut
1286 2286 1697 2356 exceptoribus
1756 2301 1957 2339 eorum

302 2398 433 2452 quae
465 2379 786 2439 dictantur,
820 2376 1128 2430 convenire
1159 2376 1256 2445 qui
1286 2375 1517 2444 dixerit,
1551 2392 1635 2429 nae
1658 2375 1710 2429 is
1744 2374 1959 2429 milites

302 2469 602 2523 Romanos
655 2464 855 2521 fecerit
913 2463 1090 2518 nimis
1144 2464 1452 2518 Iiteratos:
1496 2468 1621 2517 tum
1680 2470 1959 2534 praeterea

299 2554 560 2613 laboravi
618 2553 678 2608 in
751 2552 1112 2622 expedienda
1164 2552 1428 2617 ratione,
1488 2568 1595 2607 cur
1648 2552 1706 2606 id
1770 2568 1958 2622 genus

295 2660 542 2702 annonae
571 2644 962 2699 dominaretur
982 2643 1010 2697 ἵ
1060 2658 1235 2710 quam
1286 2641 1776 2696 verisimillimam
1801 2641 1958 2697 540

304 2736 539 2803 reddat,
571 2732 672 2804 qui
706 2732 1007 2803 paniﬁces,
1034 2731 1305 2801 pistores,
1357 2736 1759 2801 cpscnatores,
1815 2746 1958 2783 cau-

301 2840 511 2897 pones,
573 2838 816 2892 coquos,
877 2820 1183 2891 propolas,
1234 2819 1571 2889 pincernas,
1630 2823 1957 2873 castrorum

305 2911 588 2968 frumenti
624 2910 909 2965 menstrui
945 2909 1329 2973 dimenscres,
1355 2912 1409 2963 et
1430 2912 1668 2962 caeteros
1694 2908 1749 2961 id
1773 2923 1959 2977 genus

303 3001 377 3056 ad
410 2998 849 3055 inserviendum
879 2997 1274 3051 militantibus
1307 3000 1664 3063 auctoratos,
1690 2996 1747 3049 in
1781 2995 1960 3050 istum

309 3105 615 3144 numerum
647 3086 1151 3158 compegerit.Ego
1181 3102 1319 3140 vero
1354 3102 1464 3139 non
1492 3101 1728 3155 parvam
1751 3084 1959 3137 talium

308 3187 715 3243 ministrorum
749 3190 971 3257 partem
1027 3185 1209 3240 fuisse
1245 3184 1497 3239 arbitror
1526 3199 1813 3254 aegrorum
1864 3188 1961 3237 aut

304 3278 510 3333 morbo
542 3282 645 3332 aut
691 3276 932 3331 vulnere
980 3290 1292 3345 corporum
1347 3276 1669 3338 curatores,
1723 3272 1955 3326 chirur-

300 3384 430 3440 gos,
464 3366 971 3439 pbarmacopmos,
1018 3362 1518 3430 valetudinarios;
1567 3361 1830 3432 qualium
1864 3379 1958 3417 as-

303 3457 520 3512 sectari
540 3456 774 3511 solitam
795 3454 1082 3509 exercitus
1098 3454 1393 3508 Romanos
1409 3451 1959 3506 numerosissimam

306 3545 755 3603 multitudinem
787 3560 856 3598 ex
884 3542 1077 3597 ofﬁcio
1101 3546 1159 3596 et
1185 3541 1435 3611 publicis
1466 3540 1753 3610 impensis
1803 3546 1962 3595 extra

309 3650 545 3689 omnem
577 3631 965 3687 dubitationis
996 3630 1182 3686 aleam
1216 3635 1324 3684 est.
1360 3631 1548 3699 Atque
1579 3630 1725 3683 adeo
1756 3645 1824 3683 ex
1854 3629 1963 3684 hac

306 3722 717 3779 observatione
750 3726 890 3792 puto
930 3720 1119 3775 lucem
1153 3718 1375 3773 atfundi
1408 3718 1481 3772 ad
1512 3717 1961 3788 intelligendum

307 3814 505 3868 locum
540 3811 854 3884 quemdam
888 3810 948 3864 in
982 3808 1217 3864 Novella
1256 3807 1575 3862 Justiniani
1637 3824 1803 3873 cxvn,
1865 3808 1961 3861 ubi

308 3910 693 3983 praescribeas
724 3908 1043 3979 imperator
1074 3922 1188 3977 qua
1219 3903 1572 3960 certitudine
1602 3904 1812 3958 debeat
1834 3920 1967 3958 mu-

308 3999 444 4055 lieri
478 4015 635 4054 mors
661 3997 766 4051 viri
795 4000 924 4066 ejus
948 3995 1266 4051 militatum
1291 3994 1531 4065 profecti
1565 3998 1853 4057 constare,
1903 3997 1970 4046 ut

310 4090 425 4145 rite
451 4088 639 4159 possit
670 4087 741 4142 ad
788 4085 1002 4141 alteras
1060 4084 1299 4156 nuptias
1355 4085 1627 4149 transire,
1687 4081 1966 4148 decernit,

306 4178 587 4250 siquidem
618 4179 680 4232 in
710 4175 1111 4231 scholariorum
1141 4172 1318 4228 classe
1351 4172 1441 4227 vir
1468 4171 1566 4226 ille
1616 4170 1904 4237 meruerit,
1938 4188 1973 4225 a

307 4269 520 4338 primis
548 4267 744 4321 schola:
774 4267 832 4320 in
885 4280 1050 4336 quam
1090 4267 1329 4333 scriptus
1385 4264 1588 4332 fuerat,
1641 4265 1691 4317 et
1748 4263 1974 4332 insuper

311 4358 388 4412 ab
414 4355 701 4424 actuario,
746 4354 855 4409 boc
914 4356 1023 4421 est,
1084 4357 1149 4406 ut
1206 4352 1435 4423 opinor,
1469 4368 1503 4406 a
1553 4351 1828 4423 cbirurgo
1884 4351 1973 4405 vel

314 4444 753 4501 valetudinario
815 4442 1108 4510 ministro,
1143 4442 1243 4511 qui
1306 4439 1571 4495 videlicet
1601 4440 1653 4494 ei
1703 4440 1975 4496 morienti

316 4534 596 4602 astiterit,
628 4533 1001 4588 testimonium
1022 4529 1403 4602 jurejurando
1461 4528 1754 4596 ﬁrmatum
1810 4529 1977 4583 reddi

315 4624 390 4681 de
418 4640 534 4694 ejus
561 4628 755 4678 morte.
788 4621 981 4675 Verba
1012 4619 1158 4688 legis
1191 4618 1312 4673 haec
1335 4623 1511 4673 sunt:
1546 4616 1611 4673 El
1672 4614 1728 4669 δὲ
1760 4615 1973 4690 σχολά-

2067 2020 2303 2059 causam
2334 2002 2632 2058 Victorino
2664 2004 2851 2057 fuisse
2884 2019 3126 2057 uxorem
3185 2004 3429 2057 actuarii
3484 2009 3720 2075 stupra-

2065 2097 2210 2161 tam,
2236 2091 2591 2163 praamittere
2609 2091 2778 2145 illum
2802 2092 3105 2162 opportuit
3121 2109 3231 2146 non
3248 2092 3502 2147 militum
3525 2094 3719 2149 solum

2067 2184 2167 2236 sed
2200 2180 2541 2236 militarium
2567 2182 2768 2247 etiam,
2793 2181 3100 2235 hominum
3127 2182 3331 2252 quovis
3355 2184 3547 2238 ofﬁcio
3574 2184 3719 2238 mili-

2070 2271 2208 2325 tiam
2237 2269 2632 2341 sequentium,
2666 2286 2733 2324 ex
2755 2285 2870 2340 quo
2899 2286 3107 2341 genere
3128 2272 3370 2326 actuarii
3398 2277 3721 2339 erant,ma-

2065 2361 2359 2414 trimoniis
2378 2358 2826 2429 corrumpendis
2848 2375 2982 2413 eum
3007 2376 3236 2429 cperam
3264 2360 3516 2416 dedisse.
3533 2364 3721 2426 Quare

2063 2450 2401 2503 militarium
2432 2465 2538 2502 vox
2582 2449 2650 2501 ad
2706 2447 2880 2518 paulo
2933 2454 3063 2518 post
3102 2449 3402 2504 inductam
3434 2454 3720 2506 actuaria-

2066 2556 2191 2593 rum
2223 2537 2580 2591 mentionem
2611 2536 2863 2606 digitum
2898 2537 3170 2591 intendit.
3222 2538 3318 2591 Ila:
3353 2539 3496 2593 mihi
3558 2542 3720 2595 fuere

2067 2626 2407 2696 auspicandi
2442 2642 2652 2691 causas,
2685 2625 3015 2680 Cabasilam
3048 2627 3195 2682 54]
3234 2627 3404 2697 cujus
3463 2628 3555 2682 hic
3592 2646 3718 2684 me-

2068 2715 2239 2771 minit
2260 2713 2668 2785 Pachymeres,
2691 2712 2997 2783 νοσοκόμον
3018 2720 3075 2769 et
3095 2715 3590 2771 valetudinarium
3616 2734 3720 2773 cu-

2066 2810 2317 2860 ratorem
2354 2802 2618 2857 Michaeli
2658 2801 2979 2873 Palaeolcgo
3005 2802 3360 2859 moribundo
3376 2806 3715 2875 adhaesisse;

2066 2894 2158 2948 cui
2192 2910 2325 2948 cum
2359 2892 2571 2946 intima
2604 2892 2733 2961 ejus
2779 2893 3062 2961 temporis
3093 2894 3432 2949 admoveret
3455 2896 3717 2951 ministe-

2066 2982 2173 3048 ria,
2199 2981 2367 3035 facile
2398 2980 2571 3050 signa
2603 2979 3101 3033 mortisinstantis
3116 2982 3421 3036 observare
3441 2983 3715 3052 potuerit.

2063 3071 2233 3125 Tales
2263 3070 2417 3124 enim
2452 3069 2905 3140 imperatoribus
2934 3069 3593 3141 Constantincpolitanis
3618 3090 3720 3144 per

2065 3161 2185 3215 haec
2216 3164 2481 3229 tempora
2515 3157 2850 3212 ministrare
2884 3158 3277 3227 consuevisse,
3339 3161 3439 3232 qui
3472 3164 3720 3219 actuarii

2067 3248 2304 3304 nomine
2335 3250 2395 3301 in
2430 3247 2705 3302 Palatinas
2740 3246 3050 3317 dignitatis
3081 3248 3363 3303 honorem
3412 3256 3606 3306 evecto
3660 3252 3717 3307 in

1988 3324 2032 3390 C
2075 3340 2209 3394 aula
2238 3342 2614 3393 versarentur
2639 3338 2910 3391 curandae
2938 3340 3335 3407 Augustorum
3376 3340 3720 3413 valetudini,

2072 3430 2241 3484 docet
2270 3444 2377 3481 nos
2410 3426 2571 3480 locus
2604 3425 2835 3496 Georgii
2866 3425 3212 3496 Acropolitaa
3251 3426 3310 3481 in
3345 3430 3505 3493 Hist,
3540 3447 3596 3500 p.
3628 3432 3721 3495 34,

2072 3520 2163 3573 ed.
2198 3518 2337 3587 Reg.
2369 3533 2381 3571 :
2414 3511 2717 3586 Ἀντιλὲγει
2753 3509 2809 3566 δὲ
2853 3517 2970 3574 τοῖς
3005 3512 3321 3586 λεγομένοις
3353 3516 3380 3569 ὁ
3416 3514 3595 3589 ἰατρὸς
3630 3520 3724 3575 Ni-

2070 3605 2273 3666 κόλαος
2309 3647 2323 3671 ,
2382 3602 2518 3677 ἀνὴρ
2576 3600 2774 3670 ἥκιστα
2835 3603 2930 3673 μὲν
2989 3599 3320 3678 φιλοσοφίας
3387 3606 3674 3680 μετασχὼν
3709 3655 3723 3678 ,

2072 3692 2236 3764 ἄκρος
2290 3690 2347 3746 δὲ
2396 3694 2496 3759 τὴν
2552 3689 2755 3745 οἷκειαν
2814 3689 3039 3765 τέχνην,
3098 3692 3186 3745 καὶ
3238 3692 3475 3765 μάλιστα
3504 3696 3602 3763 τὴν
3636 3695 3725 3752 διὰ

2072 3783 2262 3855 πείρας
2313 3780 2750 3855 γινωσκομένην.
2814 3780 2961 3835 Πάνυ
3020 3778 3077 3834 δὲ
3130 3782 3287 3844 οὗτος
3344 3785 3599 3859 ἠγαπᾶτο
3654 3792 3721 3861 τῇ

2078 3868 2346 3946 βασιλίδι,
2407 3869 2731 3943 ἆκτουαρίου
2777 3867 2834 3923 δὲ
2893 3869 3011 3945 εἶχε
3064 3875 3256 3944 τιμήν.
3312 3876 3392 3930 En
3451 3878 3724 3935 Nicolaus

2077 3961 2339 4019 medicus
2370 3962 2427 4014 in
2462 3965 2584 4015 arte
2615 3977 2723 4015 sua
2764 3960 3073 4027 excellens,
3107 3968 3165 4017 et
3220 3967 3544 4034 praesertim
3594 3971 3724 4039 ejus

2078 4051 2243 4124 praxi
2270 4056 2447 4121 atque
2487 4066 2597 4105 usu
2647 4051 2869 4115 dexter,
2918 4050 2977 4105 in
3026 4052 3309 4123 obsequio
3355 4060 3481 4109 erat
3533 4059 3732 4114 Irenes

2078 4144 2353 4213 Augustae
2380 4139 2626 4193 actuarii
2660 4140 2944 4209 dignitate
2969 4156 2980 4193 :
3017 4142 3223 4211 quidni
3252 4160 3451 4213 parem
3470 4162 3734 4215 operam,

2083 4231 2201 4303 pari
2234 4233 2672 4285 auctoramento
2697 4228 2875 4294 tituli,
2910 4229 3179 4284 Michaeli
3211 4237 3477 4303 Augusto
3509 4250 3737 4290 memo-

2082 4326 2246 4376 ratus
2277 4319 2388 4374 hoc
2419 4318 2542 4374 loco
2572 4317 2873 4375 Cabasilas
2897 4320 3197 4374 navaverit
3217 4320 3244 4374 ?

2156 4441 2424 4518 Ἀλλάγια
2457 4461 2511 4514 p.
2546 4443 2670 4498 3l0.
2728 4444 2790 4515 [P
2848 4443 2977 4515 368]
3035 4444 3137 4500 Hic
3198 4462 3391 4501 vocem
3453 4444 3742 4523 ἀλλαγίοῑς

2084 4536 2404 4590 Vaticanus
2435 4532 2835 4604 interpolator,
2870 4537 2933 4587 ut
2954 4534 3103 4589 solet
3131 4537 3367 4604 quando
3398 4554 3514 4593 non
3570 4538 3737 4594 intel-

2087 4624 2238 4695 ligit,
2273 4622 2491 4678 omitit.
2528 4622 2609 4676 Ne
2641 4638 2977 4693 quaeramus
3026 4623 3309 4695 originem
3369 4626 3546 4695 hujus
3576 4644 3745 4682 voca-

322 4689 456 4786 pl.va
504 4708 587 4780 εἴη
647 4708 855 4770 ἐκεῖνος
916 4707 977 4760 οὗ
1033 4706 1157 4777 περὶ
1213 4702 1472 4772 τελευτῆς
1505 4699 1967 4780 ήᾶμφισϐήτησίς

2088 4689 2210 4769 buli
2244 4713 2301 4766 in
2335 4712 2534 4766 Graeca
2565 4689 2788 4781 lingua,
2818 4712 3075 4767 deterret
3094 4689 3299 4768 aiictor
3324 4689 3470 4786 ipse,
3494 4717 3593 4786 qui
3628 4734 3743 4772 non

321 4800 462 4869 ἐστι,
522 4798 669 4873 παρὰ
718 4801 826 4851 τῶν
888 4795 1121 4870 πρώτων
1175 4800 1277 4862 τῆς
1326 4791 1541 4867 σχολῆς
1598 4792 1688 4846 καὶ
1745 4792 1976 4846 ἀκτουα-

330 4888 453 4965 ρίου
484 4890 786 4946 etc.Hosce
815 4886 1139 4959 generatim
1165 4885 1462 4941 actuarics
1498 4883 1840 4938 militarium
1875 4900 1977 4937 nc-

325 4980 492 5037 mine
539 4978 881 5049 designatcs
915 4994 947 5030 a
987 4974 1273 5029 Trebellio
1321 4973 1577 5029 Pollione
1629 4972 1977 5028 crediderim

321 5076 628 5148 equidem,
662 5076 802 5130 dum
858 5074 916 5127 in
977 5071 1127 5127 libro
1186 5072 1261 5126 De
1319 5072 1551 5138 triginta
1605 5069 1863 5141 tyrannis
1912 5070 1983 5124 de

323 5165 652 5231 Victorino,
686 5164 855 5234 cujus
889 5176 1067 5232 supra
1100 5159 1365 5229 memini,
1396 5159 1480 5214 sic
1529 5158 1731 5214 scribit
1764 5175 1777 5213 :
1822 5159 1983 5213 Solus

327 5254 649 5312 Victorinus
678 5256 736 5308 in
768 5250 1003 5323 imperio
1046 5251 1330 5312 remansit,
1393 5248 1491 5319 qui
1538 5252 1589 5303 et
1646 5250 1782 5318 ipse,
1843 5248 1987 5321 quod

322 5345 709 5401 matrimoniis
764 5340 1012 5395 militum
1070 5347 1122 5393 et
1181 5337 1520 5392 militarium
1567 5336 1987 5407 corrumpendis

325 5448 562 5503 operam
619 5432 800 5499 daret,
831 5447 864 5484 a
920 5429 1157 5501 quodam
1210 5428 1483 5492 actuario,
1543 5427 1698 5497 cujus
1748 5443 1987 5481 uxorem

323 5525 720 5592 stupraverat,
754 5520 1055 5586 composita
1105 5514 1349 5586 factione
1393 5514 1719 5585 Agrippina
1764 5531 1985 5584 percus-

323 5630 451 5682 sus,
486 5618 591 5669 etc.
623 5615 685 5667 In
718 5610 812 5665 his
845 5606 1121 5664 Trebellil
1150 5606 1345 5662 verbis
1375 5606 1717 5662 alterutram
1744 5606 1988 5661 istarum

326 5718 544 5761 vocum
577 5702 828 5757 militum
853 5704 907 5753 et
937 5695 1275 5752 militarium
1306 5696 1670 5767 superﬂuam
1702 5711 1832 5751 esse
1883 5713 1991 5767 pu-

325 5791 484 5853 tavit
510 5790 917 5855 Casaubcnus,
959 5787 1096 5857 jure
1141 5786 1201 5840 in
1252 5784 1359 5840 hoc
1389 5802 1423 5840 a
1452 5784 1739 5841 Salmasio
1796 5801 1991 5857 repre-

626 5912 899 5972 PATROL.
947 5907 1061 5969 GI.
1106 5903 1368 5967 CXLIII.

2089 4805 2336 4858 obscure
2390 4801 2612 4855 indicat
2671 4799 3045 4871 peregrinum
3096 4801 3152 4855 id
3189 4817 3319 4857 esse
3370 4804 3421 4858 et
3485 4822 3595 4860 usu
3628 4805 3750 4861 illic

2088 4891 2314 4963 vulgari
2389 4890 2646 4945 militum
2714 4890 3061 4960 plerumque
3121 4896 3457 4947 extercrum
3516 4895 3748 4950 tritum.

2091 4983 2208 5051 Ego
2240 4978 2819 5035 donecverisimilius
2844 4977 3064 5049 aliquid
3088 4980 3291 5036 afferat
3314 4982 3632 5053 quispiam,
3658 5004 3753 5041 su-

2093 5070 2289 5140 spicor
2317 5066 2601 5123 Gallicum
2635 5084 2765 5122 esse
2798 5071 2901 5122 aut
2957 5068 3354 5126 deformatum
3407 5088 3475 5127 ex
3506 5072 3749 5132 Gallico.

2094 5164 2239 5213 Nam
2257 5156 2401 5213 Galli
2424 5156 2783 5224 siveFranci,
2812 5160 2877 5211 ut
2900 5158 3277 5214 notissimum
3320 5164 3428 5227 est,
3476 5166 3754 5235 permulti

2098 5247 2167 5302 ab
2200 5246 2371 5302 annis
2393 5246 2574 5300 ferme
2596 5246 2866 5301 ducentis
2898 5246 3209 5302 occasione
3242 5266 3544 5307 sacrarum
3581 5270 3758 5326 expe-

2099 5336 2388 5390 ditionum
2423 5335 2479 5389 in
2514 5334 2633 5389 illis
2690 5335 2959 5405 partibus
3011 5335 3427 5395 militaverant.
3462 5342 3531 5395 Hi
3585 5360 3759 5414 porro

2099 5442 2231 5480 cum
2267 5424 2492 5479 soleant
2523 5425 2693 5479 sedes
2725 5424 2795 5477 ad
2820 5423 3253 5481 hibernandum
3272 5430 3584 5486 attributas
3600 5432 3760 5485 mili-

2101 5516 2261 5570 tibus
2295 5516 2351 5568 in
2386 5513 2549 5584 pagis
2585 5518 2685 5566 aut
2716 5513 2951 5584 oppidis
2982 5514 3382 5585 allogiamenta
3405 5519 3525 5573 sive
3545 5521 3763 5589 allagia

2098 5620 2306 5659 vocare
2340 5602 2532 5670 (hodie
2564 5602 2768 5656 dicunt
2799 5604 2877 5657 les
2907 5604 3181 5675 logemens
3212 5607 3276 5662 de
3306 5608 3759 5679 gensdeguerre),

2104 5710 2172 5749 ca
2196 5693 2582 5763 Pacbymeres
2616 5692 2791 5747 unius
2827 5692 3033 5749 litterae
3069 5695 3395 5751 mutatione
3426 5696 3635 5769 allagia
3669 5716 3763 5754 vc-

2107 5782 2345 5839 caverit.
2379 5781 2491 5837 Res
2515 5785 2714 5838 autem
2747 5782 2895 5839 satis
2926 5785 3137 5839 suadet
3165 5784 3314 5856 ipsa,
3362 5785 3477 5842 ista
3521 5801 3766 5859 corpora

3405 5908 3484 5966 32
