4072 6430
322 421 468 479 1005

1796 422 2281 481 GLOSSARIUM.

3612 439 3752 497 1006

319 568 451 623 qua
480 553 707 622 septem
739 548 1065 618 aut,utalii,
1089 547 1611 604 deceszoliarum
1638 548 1969 605 insularum

2085 542 2275 603 διιέναι
2335 555 2451 615 τοῖς
2494 555 2895 631 πεφρασμένοις
2929 558 3034 628 (ita
3085 557 3241 615 clare
3292 561 3466 618 ambo
3519 564 3752 623 codices

321 638 582 695 maxima
618 643 676 694 et
726 638 904 693 unica
969 639 1122 692 inter
1181 654 1383 693 omnes
1442 638 1712 693 habitata
1770 639 1977 707 fertur,

325 731 419 799 [P.
454 729 580 799 370]
613 727 865 783 viderint
893 726 1219 797 peritiores.
1262 728 1380 799 Ego
1425 723 1633 800 ἐπέχω,
1676 728 1866 799 quoad
1894 728 1979 780 in-

321 819 543 875 dicium
576 817 902 873 occurrerit
934 816 1242 871 certius.Si
1274 816 1380 870 hoc
1412 815 1507 881 sit,
1528 822 1769 886 apparet
1801 833 1980 872 causa

321 924 429 964 cur
448 908 598 962 hanc
630 906 891 960 insulam
929 905 1310 974 Pachymeres
1355 903 1610 979 μεγίστην
1663 907 1975 960 maximam

318 997 553 1064 dixerit,
588 996 721 1050 licet
754 1011 859 1049 nec
890 998 1070 1050 Creta
1106 1011 1209 1049 nec
1239 993 1451 1049 Sicilia
1516 996 1973 1063 comparabilem

318 1093 589 1158 respectu
626 1084 905 1140 videlicet
937 1086 1009 1139 ad
1056 1101 1156 1140 sex
1187 1090 1289 1139 aut
1345 1100 1552 1139 novem
1596 1084 1809 1140 [Eolias
1867 1085 1977 1139 mi-

321 1192 517 1231 nores.

389 1277 731 1354 ’Λντίδωρον
784 1298 840 1352 p.
885 1280 1012 1337 56L
1073 1280 1297 1336 Rursus
1344 1281 1416 1336 de
1472 1283 1677 1337 eodem
1725 1299 1782 1353 p.
1848 1282 1972 1338 407.

316 1371 563 1429 Erathic
607 1387 828 1437 merus,
873 1386 989 1425 non
1044 1374 1421 1425 consecratus
1478 1376 1583 1425 aut
1642 1370 1700 1425 in
1759 1370 1976 1427 Christi

316 1478 532 1533 corpus
564 1452 885 1516 conversus
918 1458 1110 1530 panis,
1146 1459 1247 1531 qui
1281 1459 1509 1515 cunctis
1528 1460 1860 1531 promiscue
1882 1462 1973 1515 in-

314 1555 406 1608 ter
436 1565 603 1607 sacra
631 1550 691 1603 in
724 1547 974 1604 ecclesia
1032 1547 1503 1603 distribuebatur
1550 1549 1972 1620 apudGracos,

316 1640 403 1697 uti
435 1644 492 1695 et
524 1639 679 1710 apud
717 1639 970 1707 Latinos,
1016 1638 1130 1692 ritu
1165 1637 1456 1708 hodieque
1488 1638 1745 1711 vigente,
1780 1639 1974 1695 dictus

316 1728 637 1804 ἆντίδωρον,
672 1730 826 1801 quod
858 1730 979 1784 vice
1002 1728 1153 1784 sacri
1184 1728 1322 1784 doni
1342 1728 1973 1801 Eucharistia,dispo-

315 1818 552 1887 sitione,
585 1834 764 1890 quam
806 1816 1337 1887 exquisitissimam
1381 1816 1599 1872 Christi
1637 1834 1851 1889 corpus
1889 1836 1975 1873 re-

2085 639 2431 709 optimiBet
2465 650 2534 710 A,
2559 661 2693 700 cum
2718 646 3116 716 fragmentum
3158 667 3193 704 a
3237 650 3475 707 Petavio
3520 654 3748 712 editum

2084 731 2492 802 πεφραγμένως
2540 734 2715 806 legat)
2755 733 3251 809 ἀναγινώσκοντας.
3329 741 3460 796 Hac
3538 744 3623 799 sic
3674 747 3751 801 ad

2085 818 2327 874 verbum
2380 827 2594 877 sonat:
2646 825 2711 880 Ut
2756 824 2980 880 omnino
3018 842 3128 881 non
3181 835 3505 886 accusantes
3540 834 3749 905 impie-

2083 908 2214 961 tatis
2256 909 2369 963 sive
2423 910 2689 967 haereseos
2731 915 2920 983 Italos,
2966 918 3261 985 petierint,
3317 920 3541 976 sublato
3591 927 3750 981 modo

2084 996 2454 1053 additamenta
2477 1016 2504 1054 e
2537 1003 2805 1071 symbolo,
2832 1004 2890 1057 in
2922 1006 3159 1075 reliquis
3191 1007 3489 1078 scripturis
3521 1012 3577 1066 id
3618 1030 3749 1068 con-

2078 1090 2344 1157 scriptum
2372 1090 2650 1160 habentes,
2674 1094 2845 1148 simul
2874 1095 3071 1165 eﬂerre
3099 1113 3225 1152 cum
3250 1098 3384 1153 aliis
3414 1117 3534 1172 qua
3560 1118 3631 1158 ea:
3675 1106 3749 1164 iis

2082 1176 2294 1231 chartis
2341 1182 2755 1247 pronuntiando
2797 1184 3057 1253 legerent.
3105 1185 3267 1241 Hanc
3298 1189 3473 1259 plane
3508 1197 3745 1249 senten-

2083 1266 2249 1333 tiam,
2324 1268 2495 1324 Paulo
2571 1269 2828 1326 claribus
2896 1273 3183 1329 duntaxat
3265 1278 3483 1349 verbis,
3562 1280 3745 1338 inter-

2082 1356 2329 1425 pretatio
2362 1360 2490 1427 ejus
2522 1359 2729 1431 capitis
2762 1366 2961 1417 nostra
2990 1364 3282 1433 exprimit.
3318 1367 3746 1427 Transitdeni-

2084 1461 2197 1515 que
2226 1446 2295 1499 ad
2329 1447 2853 1515 demonstrandum
2887 1450 3032 1505 nihil
3064 1469 3192 1509 esse
3224 1453 3420 1511 illiciti
3446 1457 3502 1512 in
3534 1460 3740 1516 admit-

2082 1534 2261 1588 tenda
2291 1539 2851 1594 commemoratione
2878 1541 3139 1597 nominis
3162 1560 3321 1614 papa
3350 1544 3411 1599 in
3451 1545 3743 1620 liturgicis

2082 1624 2518 1693 precationibus
2568 1627 2925 1685 Graecorum.
2986 1631 3057 1686 Et
3084 1632 3154 1686 de
3186 1632 3296 1688 hoc
3329 1636 3519 1705 capite
3546 1638 3630 1693 sic
3656 1639 3742 1694 lo-

2080 1711 2276 1779 quitur
2300 1714 2358 1767 in
2392 1716 2589 1771 codice
2622 1718 2931 1775 Barberino
2968 1736 2980 1773 :
3013 1719 3146 1773 Τινὰ
3182 1716 3225 1772 δ’
3281 1718 3431 1795 ἔχειν
3474 1725 3573 1791 τὴν
3622 1747 3740 1781 κοι-

2078 1797 2275 1853 νωνίαν
2312 1803 2345 1869 ἡ
2400 1801 2483 1856 ἐπ’
2531 1802 2831 1872 ἐκκλησίας
2864 1806 3110 1884 ἀναφορὰ
3138 1813 3235 1863 τοῦ
3267 1806 3558 1883 ὀνόματος,
3601 1812 3740 1870 ὅπου

317 1907 530 1980 quirit,
558 1924 674 1962 non
708 1907 1071 1978 praparatis,
1105 1906 1559 1961 ministraretur.
1594 1907 1674 1963 De
1704 1907 1813 1962 hoc
1845 1910 1971 1963 fuse

2085 1909 2139 1962 γε
2167 1890 2258 1944 καὶ
2311 1892 2386 1963 μὴ
2418 1892 2640 1955 πάππας
2689 1890 2846 1958 ὄντας
2898 1896 3025 1959 τοὺς
3079 1895 3285 1964 ἄλλους
3332 1903 3540 1977 ἀνάγκη
3609 1927 3741 1978 μετ-

316 2004 376 2054 et
406 1998 631 2052 erudite
660 1997 917 2051 Jacobus
950 1996 1095 2051 Coar
1126 1996 1263 2051 Grd.
1300 1995 1506 2063 Prad.,
1537 1996 1702 2052 Notis
1752 1998 1821 2053 ad
1856 1998 1968 2052 Eu-

317 2087 573 2158 cholog.,
610 2103 665 2157 p.
702 2086 826 2152 154,
859 2101 1033 2155 quem
1066 2084 1218 2139 vide.

394 2193 765 2249 Ἀντικανονία
798 2210 855 2264 p.
905 2192 1032 2247 561.
1086 2192 1247 2247 Hanc
1290 2208 1489 2247 vocem
1537 2210 1570 2248 a
1616 2193 1971 2265 Pachymere

316 2289 380 2340 P.
416 2284 521 2337 3’73
563 2287 907 2354 usurpatam
938 2282 1007 2336 ad
1068 2282 1521 2352 signiﬁcandum
1567 2280 1967 2354 illegitimum,

310 2370 695 2443 irregularem
728 2376 786 2425 et
837 2371 1021 2425 sacris
1052 2370 1207 2426 544
1235 2371 1561 2426 canonibus
1609 2371 1969 2427 contrarium

312 2478 515 2526 usum,
550 2461 889 2531 conjectura
920 2459 1197 2525 divinavi,
1233 2476 1367 2514 cum
1396 2460 1625 2515 codices
1658 2477 1863 2516 omnes
1889 2462 1967 2516 ibi

308 2551 807 2606 manifestissime
848 2550 1106 2621 corrupti
1153 2549 1324 2604 aliter
1380 2566 1484 2605 nec
1518 2549 1971 2622 intelligibiliter

307 2657 443 2697 eum
476 2640 673 2695 locum
705 2638 1068 2694 exbiberent.
1093 2638 1405 2693 Advertam
1428 2656 1663 2710 aequum
1701 2639 1969 2695 animum

308 2730 573 2803 prudens
608 2728 787 2784 lecter
816 2733 873 2784 et
901 2729 1144 2797 judicet.
1172 2728 1288 2784 Isto
1320 2729 1471 2800 quod
1496 2727 1747 2784 indicavi
1781 2730 1969 2799 capite

312 2819 453 2875 libri
484 2837 519 2874 v
550 2819 853 2874 disserens
905 2817 1225 2889 imperator
1273 2819 1426 2887 apud
1475 2817 1865 2888 patriarcham
1915 2825 1971 2873 et

310 2910 605 2981 synodum
640 2909 711 2963 de
734 2906 1101 2963 concilianda
1132 2907 1283 2961 inter
1314 2907 1602 2962 Ecclesias
1636 2908 1897 2963 Latinam
1913 2913 1971 2964 et

317 3000 578 3052 Graecam
612 3013 776 3069 pace,
808 3000 1116 3051 enumerat
1163 2996 1354 3067 capita
1385 2997 1457 3050 de
1505 2997 1721 3066 quibus
1768 3014 1967 3052 conve-

324 3085 602 3140 niendum
635 3089 1012 3156 esset,utpax
1044 3084 1145 3139 illa
1168 3084 1547 3151 coalesceret;
1572 3090 1631 3140 et
1668 3087 1972 3141 contendit

321 3175 726 3229 demonstrare
760 3173 995 3228 nullum
1028 3189 1232 3228 eorum
1268 3173 1380 3228 tale
1409 3190 1590 3229 essea
1612 3191 1724 3245 quo
1756 3175 1969 3230 admit-

316 3265 495 3319 tendo
526 3264 841 3319 abhorrere
866 3263 1182 3334 quisquam
1202 3263 1808 3336 debeatgmetugculpa
1828 3282 1964 3321 con-

2078 1979 2224 2052 ἐχειν
2255 1987 2373 2042 τοῖς
2403 1981 2827 2053 ἐκκλησιάζουσι
2876 1989 3301 2062 συνισταμένους
3350 1988 3739 2069 λειτουργοῦν-

2074 2087 2167 2128 τος
2195 2073 2292 2121 τοῦ
2337 2070 2548 2145 ἱερέως,
2580 2072 2671 2126 καὶ
2720 2074 2819 2142 τὴν
2854 2074 3091 2148 Τριάδος
3140 2079 3301 2152 χάριν
3334 2080 3735 2153 παραδιδόντος

2074 2168 2299 2226 κοινῶς.
2333 2168 2661 2225 Allatianus
2694 2170 2751 2225 in
2782 2171 2891 2227 hoc
2943 2178 3175 2229 tantum
3237 2178 3531 2250 discrepat
3578 2182 3732 2238 548

2077 2258 2227 2323 quod
2254 2257 2568 2313 articulum
2586 2261 3024 2330 praepositivum
3047 2263 3146 2331 τήν
3166 2270 3301 2320 ante
3321 2282 3517 2323 vocem
3532 2288 3736 2324 κοινω-

2073 2341 2191 2397 νίαν
2226 2363 2338 2401 non
2365 2347 2668 2415 habet;uti
2703 2368 2892 2422 neque
2921 2353 3099 2409 editio
3130 2354 3461 2413 Petaviana.
3500 2360 3725 2433 [P.371j

2074 2435 2248 2491 Porro
2281 2438 2497 2493 cubare
2530 2439 2588 2493 in
2635 2443 2846 2497 mendo
2896 2443 3073 2499 verba
3119 2444 3222 2500 illa
3251 2438 3375 2518 ἔχεν
3435 2447 3724 2503 κοινωνίαν

2072 2524 2157 2579 vel
2187 2525 2287 2592 τὴν
2319 2526 2605 2581 κοινωνίαν
2641 2529 2779 2585 inde
2809 2532 3190 2589 madit‘estum
3214 2540 3321 2605 est,
3347 2539 3501 2607 quod
3526 2538 3725 2593 inﬁni-

2068 2613 2226 2668 tivus
2246 2608 2391 2687 ἔχειν
2418 2633 2531 2670 non
2568 2621 2761 2687 potest
2791 2619 3101 2688 coharcre,
3127 2622 3287 2678 salva
3303 2626 3553 2695 syntaxi,
3588 2643 3723 2682 cum

2072 2702 2433 2759 nominativo
2463 2703 2730 2780 ἀναφορὰ,
2766 2707 2867 2779 qui
2890 2710 3180 2779 sequitur.
3214 2710 3379 2768 Unde
3398 2714 3525 2770 sine
3546 2716 3725 2772 dubio

2072 2791 2457 2862 Pacbymeres
2490 2796 2770 2865 scrpserit
2790 2790 2909 2869 ἔχει
2954 2799 3012 2852 in
3064 2801 3371 2869 prasentis
3420 2802 3724 2860 indicativi

2076 2880 2247 2935 tertia
2267 2898 2538 2952 persona.
2574 2883 2723 2947 Quid
2755 2901 2893 2958 ergo
2917 2886 3067 2941 iltud
3100 2904 3131 2942 v
3155 2891 3496 2948 redundans
3519 2892 3575 2946 in
3600 2909 3724 2949 om-

2074 2968 2248 3022 nibus
2299 2970 2757 3041 exemplaribus,
2804 2974 2865 3028 in
2916 2975 3229 3032 Barherino
3278 2995 3415 3034 vero
3458 2982 3727 3038 omnium

2071 3060 2295 3128 optimo
2331 3064 2611 3129 praterea
2642 3062 2908 3118 articulis
2937 3064 3073 3133 τὴν;
3110 3066 3254 3137 quid
3288 3066 3432 3134 hac,
3458 3068 3723 3142 inquam,

2070 3146 2231 3201 aliud
2270 3147 2517 3204 dixerim
2550 3167 2729 3219 quam
2770 3152 3017 3224 vestigia
3046 3154 3105 3209 in
3140 3158 3497 3229 apographis
3529 3161 3727 3217 adhuc

2077 3236 2370 3292 exstantia
2418 3238 2746 3311 archetypa
2795 3242 3147 3312 scriptura?
3194 3250 3417 3301 Auctor
3458 3248 3731 3307 videlicet

320 3300 495 3319 ιυυυυ
526 3300 701 3319 αυυυι
718 3300 841 3319 ινιυ
866 3300 1182 3334 Ὶυιοιίυαυι
1202 3300 1808 3336 υυυεαυξυιῐὶιυευυιγω
1828 3300 1964 3321 νυυ·

314 3354 653 3409 sciscenda.
691 3353 957 3407 Primum
989 3353 1145 3407 enim
1169 3349 1506 3427 λειτουργεῖν
1534 3374 1593 3407 τε
1621 3352 1711 3407 καὶ
1747 3375 1964 3426 μνημο-

2085 3324 2164 3379 sic
2195 3324 2362 3380 initio
2395 3326 2723 3398 scripserit,
2751 3326 2872 3382 τίνα
2918 3326 2964 3383 δ’
2997 3327 3113 3405 ἔχει
3170 3331 3537 3390 ἀντικανονίαν
3565 3356 3578 3394 :
3626 3356 3729 3409 pro

309 3442 759 3513 vecew,quibus
790 3442 1001 3505 verbis,
1048 3447 1224 3514 prout
1269 3459 1336 3497 ea
1384 3444 1507 3498 suis
1557 3442 1698 3499 locis
1747 3446 1805 3498 in
1857 3444 1969 3501 hoc

309 3531 617 3589 Glossario
651 3548 1022 3598 enarramus,
1071 3531 1444 3603 signiﬁcavit,
1497 3533 1675 3603 priori
1728 3536 1967 3605 quidem

314 3622 637 3678 admittere
668 3622 906 3676 Latinos
939 3621 996 3675 in
1034 3621 1509 3677 communionem
1560 3639 1737 3677 sacra
1770 3624 1968 3679 Litur—

308 3709 448 3781 gia,
482 3709 591 3765 hoc
623 3715 713 3765 est
743 3725 871 3764 eam
904 3709 1047 3780 ipsis
1082 3707 1470 3780 praesentibus
1497 3712 1550 3764 et
1579 3710 1973 3766 communiter

312 3799 632 3855 orantibus
663 3815 777 3855 non
814 3798 1068 3853 aversari
1105 3797 1428 3863 celebrare,
1462 3798 1641 3853 altera
1659 3815 1795 3854 vero
1820 3818 1973 3855 men-

311 3889 541 3944 tionem
578 3905 740 3961 papa
757 3888 944 3943 facere
976 3886 1269 3959 publicam
1292 3886 1349 3941 in
1364 3886 1655 3959 liturgicis
1672 3890 1970 3959 precibus:

317 3995 415 4047 ea,
439 3978 706 4049 inquam,
744 3979 916 4033 ambo
950 3992 1080 4032 esse
1111 3976 1271 4031 licita
1292 3977 1536 4032 evicisse
1559 3978 1673 4032 sibi
1702 3979 1865 4033 visus
1888 3985 1979 4034 est

318 4068 674 4125 auctoritate
694 4067 982 4123 Manuelis
1029 4066 1371 4138 patriarcha
1398 4084 1533 4122 cum
1557 4085 1663 4123 sua
1687 4071 1908 4141 synodo
1921 4074 1980 4125 et

316 4157 575 4214 Joannis
616 4158 777 4212 duca
817 4156 1210 4227 imperatoris,
1268 4173 1417 4228 quos
1463 4157 1646 4213 missa
1693 4158 1979 4228 legatione

319 4245 434 4301 illa
465 4245 617 4302 ultro
648 4246 996 4318 promisisse
1028 4246 1268 4317 papa,si
1292 4245 1614 4301 abstineret
1643 4264 1677 4302 a
1699 4249 1979 4318 juvandis

323 4335 555 4393 Latinis
617 4335 715 4407 qui
777 4333 1282 4405 Constantinopoli
1370 4339 1511 4390 tunc
1584 4337 1977 4407 potiebantur,

321 4426 586 4482 ostendit
612 4442 681 4481 ex
713 4425 914 4479 codice
945 4423 1214 4479 Ecclesia
1250 4424 1321 4478 ad
1353 4423 1527 4479 ﬁdem
1560 4427 1687 4496 ejus
1710 4428 1979 4497 reigesta

318 4515 660 4571 faciendam
697 4513 942 4584 prolato.
980 4516 1355 4568 Demonstrat
1384 4514 1595 4569 deinde
1635 4519 1977 4575 eorumdem

323 4605 682 4660 auctoritate
722 4603 960 4658 Latinos
983 4606 1224 4674 propter
1245 4602 1605 4658 additionem
1638 4605 1981 4678 inSymbolo

322 4710 449 4751 non
484 4711 610 4749 esse
643 4694 951 4748 habendos
974 4690 1299 4760 haereticos,
1333 4708 1469 4746 cum
1518 4692 1603 4747 illi
1649 4694 1796 4748 nihil
1846 4702 1985 4754 tunc

327 4782 492 4841 aliud
529 4800 561 4837 a
600 4782 824 4839 Latinis
873 4780 1192 4852 exegerint,
1237 4779 1351 4835 nisi
1400 4785 1463 4835 ut
1521 4782 1987 4843 additamentum

330 4872 497 4928 istud
531 4888 565 4926 a
593 4868 1740 4943 Symbolotollerent,nihilprohibentes
1759 4876 1990 4944 quomi-

330 4978 455 5018 nus
484 4960 543 5016 in
575 4959 801 5016 cateris
823 4958 1133 5031 scripturis
1162 4957 1219 5012 id
1245 4958 1562 5015 retinerent
1591 4965 1648 5015 et
1694 4960 1992 5033 legerent;

331 5050 499 5123 quod
533 5049 795 5105 ostendit
823 5048 1152 5104 doctrinam
1184 5047 1376 5119 ipsam
1409 5064 1475 5103 ac
1505 5049 1721 5121 dogma
1769 5069 1996 5124 nequa-

334 5156 523 5213 quam
556 5138 703 5210 ipsis
749 5138 1149 5208 displicuisse,
1198 5153 1265 5191 ac
1308 5146 1737 5209 consequenter
1774 5143 1994 5199 crimen

331 5229 439 5287 hic
470 5229 731 5294 haresis,
757 5228 986 5299 judicio
1019 5242 1248 5294 eorum,
1284 5243 1397 5282 non
1431 5228 1634 5283 fuisse.
1670 5228 1829 5285 Hanc
1856 5238 1995 5301 puto

331 5334 472 5376 esse
502 5316 854 5373 sententiam
892 5314 1127 5370 illorum
1161 5316 1495 5383 verborum,
1520 5316 1781 5388 alioquin
1816 5322 1996 5390 hujus

336 5405 653 5477 scriptoris
684 5419 845 5459 more
877 5418 943 5458 ac
966 5401 1245 5474 peculiari
1289 5402 1461 5473 genio
1506 5421 1646 5459 sane
1697 5408 1997 5478 perplexo-

336 5510 517 5553 rum;
555 5495 680 5553 Πῶς
720 5492 794 5563 μὴ
836 5492 1275 5565 κατηγοροῦντες
1331 5489 1477 5552 ὅλως
1534 5486 1778 5556 ἀσεϐείας
1839 5498 1999 5565 (huic

343 5584 479 5639 voci
511 5584 831 5638 Vaticanus
863 5582 1177 5636 substituit
1223 5577 1445 5651 a'tpeatv,
1492 5599 1606 5637 non
1654 5584 1825 5658 male)
1874 5585 2001 5649 τοὺς

335 5668 636 5741 Ἰταλοὺς,
694 5669 882 5740 ἠξίουν
933 5672 1329 5744 παραιροῦντας
1379 5672 1478 5739 τὴν
1532 5673 1855 5743 προσθήκην
1903 5681 2003 5732 τοῦ

337 5755 659 5836 συμϐόλου,
722 5760 775 5815 ἐν
833 5763 953 5821 ταῖς
988 5756 1212 5819 λοιπαῖς
1240 5758 1584 5834 ἀνάγραπτον
1618 5756 1870 5840 ἔχοντας,
1894 5788 2007 5823 συν.

2074 3413 2295 3485 quibus
2334 3415 2725 3487 exscriptores
2780 3436 3084 3490 perperam
3146 3431 3470 3493 posuerunt
3515 3425 3636 3481 τίνα
3682 3426 3730 3483 δ’

2075 3497 2223 3576 ἔχειν
2255 3502 2564 3572 κοινωνίαν,
2595 3508 2786 3562 securi
2838 3506 3201 3580 σολοικισμοῦ
3239 3517 3295 3567 et
3340 3518 3727 3585 perturbatio-

2078 3592 2171 3647 nis
2202 3592 2624 3651 inextricabilis
2654 3594 2713 3650 in
2737 3614 2914 3667 quam
2950 3604 3073 3655 tota
3102 3603 3393 3659 sententia
3432 3622 3533 3675 per
3564 3607 3725 3664 istud

2077 3681 2343 3751 ipsorum
2374 3681 2672 3757 παρόραμα
2703 3686 3008 3757 implicata
3039 3696 3341 3763 remanet;
3374 3703 3439 3749 ut
3467 3696 3617 3750 nihil
3649 3699 3733 3753 di-

2079 3787 2209 3826 cam
2224 3772 2294 3825 de
2316 3773 2560 3828 tadiosa
2591 3777 2937 3846 repetitione
2960 3781 3225 3849 ejusdem
3260 3785 3519 3841 nominis
3539 3806 3735 3841 κοινω-

2079 3857 2169 3911 νία
2198 3860 2382 3915 altero
2415 3861 2611 3918 statim
2647 3870 2781 3935 post
2810 3882 3001 3933 versu,
3034 3874 3093 3924 et
3124 3870 3365 3940 quidem
3410 3890 3591 3931 sensu
3646 3877 3733 3933 in-

2082 3948 2442 4003 sulsissime.
2476 3950 2624 4015 Quid
2649 3952 2807 4007 enim
2833 3956 3024 4026 magis
3053 3954 3451 4033 ἀσυλλόγιστον
3474 3964 3615 4037 ﬁngi
3636 3983 3737 4037 po-

2083 4042 2387 4108 testquam
2405 4038 2511 4093 hoc
2527 4040 2698 4095 modo
2726 4045 3127 4113 argumentari
3154 4064 3167 4101 :
3195 4048 3367 4114 Quam
3395 4053 3544 4106 enim
3576 4054 3737 4112 habet

2082 4128 2521 4182 communionem
2552 4130 2795 4199 prolatio
2824 4132 3092 4200 nominis,
3131 4151 3257 4190 cum
3276 4138 3415 4193 alios
3443 4140 3541 4210 qui
3574 4160 3735 4212 papae

2084 4233 2198 4271 non
2234 4222 2362 4271 sunt
2392 4232 2604 4272 necesse
2640 4217 2715 4273 sit
2758 4223 3100 4292 participare
3156 4230 3577 4286 communioni?
3619 4237 3732 4288 etc.

2086 4307 2213 4362 Non
2238 4323 2330 4361 me
2362 4308 2512 4362 fallit
2543 4308 2725 4365 videri
2756 4310 2932 4367 alicui
2982 4330 3155 4384 posse
3192 4332 3389 4373 vocem
3442 4321 3735 4377 κοινωνίαν

2088 4396 2267 4468 priori
2316 4396 2441 4453 loco
2482 4399 2736 4469 positam
2798 4404 3072 4473 usurpari
3120 4405 3176 4459 in
3227 4422 3295 4462 ea
3343 4410 3580 4466 notione
3624 4431 3744 4484 qua

2086 4484 2265 4539 κοινὸν
2302 4486 2611 4543 interdum
2644 4488 2995 4547 immundum
3024 4500 3218 4566 sonat,
3252 4502 3315 4551 ut
3346 4498 3639 4570 signiﬁcet
3669 4505 3745 4559 ta-

2092 4578 2212 4631 bem
2242 4592 2310 4632 ac
2338 4578 2638 4646 maculam,
2657 4582 2950 4636 sententia
2976 4583 3096 4651 jam
3122 4590 3417 4658 utcunque
3437 4588 3750 4664 tolerabili,

2021 4648 2059 4711 D
2097 4668 2198 4723 sed
2220 4684 2347 4738 qua
2364 4685 2476 4723 non
2507 4648 3252 4733 tollitverisimilitudinem
3271 4648 3440 4751 longe
3462 4648 3747 4752 majorem

2099 4758 2530 4813 emendationis
2563 4764 2795 4825 nostra,
2828 4763 2898 4817 ad
2932 4778 3111 4832 quam
3144 4765 3274 4821 ideo
3308 4770 3433 4835 fnon
3487 4771 3750 4828 dubitavi

2101 4848 2468 4902 conformare
2502 4849 2843 4905 editionem.
2895 4852 2955 4907 Si
3005 4854 3139 4924 quis
3189 4862 3416 4927 quarat
3455 4862 3750 4931 quomodo

2102 4936 2420 4993 Vaticanus
2450 4940 2631 4994 codex
2660 4939 2819 4997 hunc
2850 4941 3045 4998 locum
3079 4948 3453 5016 expresserit,
3488 4951 3637 5006 sciat
3665 4956 3758 5007 to-

2102 5029 2231 5081 tum
2263 5027 2521 5083 omisse:
2557 5028 2640 5084 sic
2691 5029 3052 5103 plerumque,
3104 5051 3240 5090 cum
3293 5038 3438 5108 quid
3490 5041 3759 5113 ambigui

2104 5116 2377 5185 occurrit,
2410 5118 2653 5189 defungi
2686 5118 2916 5176 solitus.

2175 5239 2526 5312 Ἀντιλλάξας
2572 5263 2626 5315 ρ.
2676 5246 2798 5301 140.
2849 5248 2978 5318 Agit
3026 5250 3098 5305 de
3150 5252 3444 5311 militibus
3515 5256 3763 5315 Casaris

2107 5332 2528 5387 insidiantibus
2562 5334 2690 5388 urbi
2721 5335 3414 5413 Constantinopolitanae,
3446 5362 3623 5417 quam
3650 5347 3760 5402 im-

2110 5420 2360 5491 provisio
2394 5421 2740 5493 intercipere
2771 5426 3077 5497 parabant,
3104 5446 3331 5488 summo
3354 5439 3665 5506 propterea
3687 5435 3767 5490 si-

2109 5508 2288 5564 lentio
2304 5514 2643 5582 agentes,ne
2667 5516 3160 5582 responsantibus
3180 5536 3208 5573 e
3226 5538 3395 5578 muro
3411 5524 3663 5591 quibusd
3675 5539 3767 5580 am

2111 5600 2518 5670 proderentur.
2545 5602 2724 5656 Codd.
2753 5603 2793 5657 B
2818 5608 2875 5657 et
2896 5606 2941 5660 A
2967 5623 3102 5662 cum
3136 5609 3390 5681 simplici
3415 5609 3447 5663 λ
3471 5613 3765 5684 scribunt,

2112 5687 2299 5743 Vatic.
2350 5688 2601 5745 alterum
2635 5686 2667 5742 λ
2717 5692 2904 5750 addit.
2952 5697 3141 5752 Audio
3166 5698 3225 5754 in
3276 5699 3499 5772 vulgari
3551 5701 3766 5761 Graecis

2115 5777 2291 5834 hodie
2326 5778 2545 5837 usitata
2573 5780 2777 5855 lingua
2808 5782 3130 5859 ἀντιλλάξας
3158 5788 3269 5845 dici
3305 5807 3408 5862 pro
3432 5788 3776 5864 ἀντηλλάξας
