4072 6408
352 438 493 495 1009

347 565 581 622 duobus
615 566 997 639 Pachymeris
1029 566 1174 625 locis
1224 586 1328 641 pro
1372 566 1571 633 ὅπλοις
1621 571 1907 643 positum,
1952 571 2012 624 et
2041 570 2095 637 Α

1821 444 2308 499 GLOSSARIUM.

3634 443 3772 497 1010

2194 568 2280 639 [Ρ.
2342 564 2468 636 374]
2527 561 3081 619 Αὖθεντοπουλεῦειν.
3142 564 3293 620 Puer
3346 564 3622 637 princeps
3670 573 3772 625 aut

345 673 511 711 arma
544 657 753 713 Latina
787 658 1027 714 notione
1058 660 1509 731 designare,nec
1541 663 1612 717 ad
1643 678 1853 718 currus
1884 660 1997 716 nisi
2107 655 2411 728 regnantis
2447 654 2605 709 ﬁlius
2637 670 3016 725 parvus,cum
3042 655 3392 724 procedente
3428 654 3488 709 in
3511 654 3764 726 primam

348 748 605 803 absurde
629 749 798 803 referi
837 766 1010 820 posse
1040 750 1138 821 (1).

416 833 695 909 Ἀρπεδὼν
758 855 811 909 p.
871 839 996 893 293.
1054 836 1229 899 Αὐτὸς
1287 839 1508 912 πεμψας
1565 839 1654 895 καὶ
1703 838 1994 914 ἁρπεδόσιν

339 923 606 989 ἐνδεῖσθαι
673 925 1128 1001 παρασκευάσας.
1192 929 1321 985 Haec
1389 930 1524 985 licet
1596 932 1654 985 in
1717 935 1990 987 contextu

339 1016 636 1086 disjuncta
666 1017 750 1071 sic
777 1018 1034 1087 aptanda
1075 1023 1237 1073 sunt.
1281 1019 1587 1090 Signiﬁcat
1632 1021 1991 1075 Germanum

336 1105 733 1176 patriarcham
767 1105 958 1161 valida
988 1108 1059 1161 ad
1102 1107 1297 1179 ipsum
1333 1109 1545 1164 throno
1591 1110 1989 1179 dejiciendum

334 1194 585 1250 conﬂata
635 1194 907 1263 factione,
969 1212 1317 1266 persuasum
1380 1198 1597 1269 supina
1643 1199 1989 1254 credulitate

332 1283 568 1339 studere
599 1282 713 1338 sibi
747 1284 1159 1355 imperatorem
1194 1302 1370 1358 quam
1388 1287 1663 1352 maxime,
1687 1289 1987 1343 confiden-

329 1376 421 1427 ter
447 1371 742 1427 indicasse
770 1372 883 1444 ipsi
911 1390 1059 1445 opus
1087 1374 1198 1429 sibi
1232 1391 1361 1431 esse
1403 1377 1718 1447 donativis,
1770 1378 1985 1447 quibus

330 1461 681 1533 spargendis
728 1462 1164 1518 adversantium
1233 1464 1641 1521 reconciliaret
1709 1465 1981 1522 animos.

332 1552 518 1615 Quam
547 1552 617 1606 ad
651 1566 797 1619 rem,
831 1552 889 1606 in
922 1551 1395 1608 dissimulatione
1440 1555 1768 1624 persistens
1826 1556 1981 1612 548

332 1639 589 1695 Michael
619 1642 939 1709 Augustus,
966 1658 1241 1697 nummos
1271 1642 1321 1697 ei
1346 1660 1527 1699 aereos
1552 1651 1981 1715 argenteosque

331 1729 671 1801 misit,quos
687 1730 761 1784 du
774 1747 827 1784 m
843 1730 1125 1786 solemnis
1142 1730 1482 1788 litaniarum
1502 1750 1714 1803 pompa
1734 1734 1791 1788 in
1834 1735 1977 1789 festo

329 1818 667 1875 Palmarum
700 1820 1060 1891 procederet,
1096 1821 1433 1891 patriarcha
1455 1822 1707 1892 jactaret
1732 1822 1789 1876 in
1838 1840 1976 1878 con-

2106 745 2418 816 pueritiam
2453 743 2702 798 infantia
2729 743 3074 799 comitatum
3109 742 3406 798 natalibus
3430 761 3759 816 congruum

2106 835 2318 905 accipit
2349 839 2405 888 et
2436 833 2761 888 ministerio
2798 849 2863 888 ac
2886 832 3165 887 satellitio
3198 833 3619 900 circumdatur,
3663 834 3757 889 αὐ-

2104 922 2545 987 θεντοπουλεύειν
2612 924 2827 978 dicitur
2879 923 3109 978 Graeciae
3154 923 3394 991 recenti,
3426 925 3597 994 cujus
3639 943 3751 981 usu

2100 1033 2209 1070 vox
2257 1011 2465 1074 ποῦλος
2528 1012 2920 1085 ὑποκοριστική
2984 1018 3092 1068 est.
3155 1012 3227 1067 Ut
3286 1029 3424 1084 ergo
3493 1010 3753 1083 αὐθέντης

2100 1104 2403 1160 dominum
2436 1150 2449 1163 ,
2501 1103 2584 1158 ita
2637 1100 3078 1163 αὐθεντόπουλος
3130 1120 3372 1175 parvum
3435 1105 3748 1160 dominum

2099 1197 2290 1249 sonat.
2323 1194 2467 1248 Hinc
2503 1192 2853 1264 intelligitur
2885 1193 3038 1264 quod
3073 1192 3283 1248 scribit
3312 1194 3540 1259 Noster,
3566 1211 3623 1265 p.
3654 1195 3749 1262 24,

2096 1285 2166 1336 de
2204 1282 2616 1337 Muzalonibus
2650 1283 2838 1337 tribus
2868 1282 3146 1337 fratribus
3166 1283 3469 1338 Theodoro
3499 1282 3751 1354 impera-

2092 1372 2199 1427 tori
2226 1371 2441 1439 charis,
2475 1372 2630 1443 quod
2664 1372 2738 1438 ei,
2783 1387 2916 1425 cum
2962 1371 3217 1442 primum
3272 1387 3418 1443 puer
3461 1371 3747 1427 familiam

2092 1461 2481 1532 principalem
2518 1461 2735 1515 habere
2758 1460 2951 1531 coepit,
2992 1460 3051 1514 in
3098 1460 3355 1531 ephebos
3400 1462 3746 1517 honorarios

2089 1554 2241 1607 datis
2275 1552 2551 1607 fuissent.
2586 1548 2817 1623 ’Ἄνδρας
2850 1550 2957 1603 οὐκ
2986 1549 3255 1625 εὐγενείας
3282 1551 3375 1621 μὲν
3411 1550 3741 1624 μετέχοντας

2084 1642 2147 1697 τὸ
2205 1643 2488 1717 παράπαν,
2550 1640 2625 1702 εἷς
2672 1638 3085 1703 παιδοπούλους
3116 1638 3173 1694 δὲ
3240 1639 3739 1695 αὐθεντοπουλευο-

2089 1733 2236 1805 μένῳ
2267 1729 2629 1806 τεταγμένους
2661 1731 2829 1802 αὐτῷ.

2156 1824 2308 1881 549
2387 1820 2828 1895 Αὐτοπρόσωπον
2920 1819 3327 1897 ἀντιφάρμακον
3403 1839 3439 1893 p
3476 1865 3489 1877 .
3558 1822 3729 1877 212.

331 1909 540 1964 fertam
576 1909 825 1981 plebem.
861 1909 990 1964 Haec
1018 1911 1170 1966 dona
1200 1916 1367 1967 vocat
1407 1914 1603 1967 noster
1651 1907 1972 1983 ἁρπεδόνας,
2004 1943 2051 2007 Β
2084 1912 2460 1968 Proverbium
2492 1912 2763 1967 indicans
2794 1911 3112 1967 efﬁcaciam
3149 1911 3469 1983 praesentiae
3502 1910 3558 1965 in
3609 1916 3734 1966 tra-

331 2014 460 2069 qusa
488 2015 597 2053 vox
625 1999 854 2069 proprie
880 1999 1173 2071 significat
1196 2000 1380 2055 lineas
1422 2004 1523 2055 aut
1573 2002 1741 2056 funes
1799 2002 1974 2057 hamo

326 2087 838 2159 praeﬁxos,quibus
872 2088 1063 2158 pisces
1094 2105 1241 2143 escae
1272 2089 1561 2144 inhiastes
1594 2090 1783 2144 infixae
1808 2090 1977 2144 avide

319 2176 538 2231 voratis
571 2176 726 2249 capti
757 2178 1076 2232 trahuntur
1102 2177 1158 2231 in
1194 2178 1480 2249 piscantis
1513 2182 1976 2250 manum.Atque

317 2264 478 2321 haud
509 2266 631 2321 scio
662 2283 735 2321 an
768 2282 884 2320 non
917 2271 1223 2339 prapterea
1253 2267 1471 2323 lineam
1504 2268 1973 2338 divitemhujus-

316 2354 478 2410 modi
510 2355 797 2425 gratuitas
814 2354 1120 2427 rapinasin
1145 2356 1375 2428 plebem
1399 2356 1713 2413 ambitiose
1732 2375 1974 2429 sparsas

320 2442 541 2499 alicubi
567 2443 861 2499 vocaverit
894 2443 1203 2510 Martialis,
1238 2447 1394 2515 quod
1426 2445 1520 2500 his
1577 2446 1741 2501 velut
1799 2446 1972 2501 lineis

317 2533 677 2605 piscatoriis,
711 2535 812 2589 sed
847 2534 1041 2590 aureis
1070 2540 1127 2590 et
1158 2535 1629 2600 amabilioribus,
1665 2536 1971 2591 hominum

320 2621 517 2677 studia
574 2627 633 2678 et
682 2621 1015 2678 voluntates
1076 2624 1413 2695 capiantur.
1467 2627 1817 2695 Quanquam
1867 2641 1972 2679 nec

319 2712 527 2783 ignoro
559 2728 667 2767 nec
689 2712 958 2783 improbo
990 2729 1121 2784 quae
1149 2712 1265 2769 alia
1294 2714 1508 2769 eruditi
1539 2714 1889 2786 interpretes
1910 2713 1969 2769 in

320 2817 458 2855 eum
489 2800 681 2855 locum
717 2806 1212 2857 commentantur.

392 2889 574 2964 Ἀρχή
629 2907 686 2961 p.
748 2890 833 2945 17.
892 2891 1192 2946 Sententia
1249 2891 1358 2947 loci
1409 2891 1587 2963 exigit
1638 2891 1818 2965 ἀρχήν
1875 2891 1968 2947 hic

321 2979 514 3033 vocari
549 2978 744 3034 aulam
778 2979 899 3034 sive
930 2979 1272 3036 comitatum
1306 2981 1698 3053 imperatoris,
1732 2986 1833 3035 aut
1869 2997 1968 3035 ur-

324 3066 457 3121 bem
489 3067 718 3140 imperii
750 3069 971 3124 sedem.

395 3154 625 3230 Ἀτηρόν
661 3175 718 3229 p.
751 3158 875 3212 150.
910 3157 1018 3214 Pro
1048 3156 1252 3232 ἀτηρόν
1298 3159 1409 3215 hoc
1469 3159 1593 3215 loco
1654 3160 1969 3215 Vaticanus

319 3246 501 3300 codex
530 3246 737 3301 scribit
759 3244 1027 3319 λυπηρόνε
1064 3249 1259 3302 notius
1290 3247 1349 3302 id
1382 3249 1781 3304 enim.Noster
1809 3248 1968 3303 vide-

2087 2002 2317 2057 ctandis
2348 2001 2623 2072 negotiis,
2657 2001 2977 2073 praesertim
3001 2000 3569 2063 reconciliationum,
3604 2017 3731 2070 qua

2086 2090 2259 2161 longe
2274 2091 2448 2145 citius
2463 2095 2517 2144 et
2533 2090 2760 2145 facilius
2777 2107 3018 2145 acoram
3036 2090 3247 2144 aifanle
3264 2094 3320 2144 et
3337 2107 3401 2144 os
3422 2106 3489 2143 ac
3503 2088 3735 2144 vultum

2086 2186 2292 2236 notum
2327 2180 2639 2235 exhibente
2660 2180 3071 2251 transiguntur
3092 2196 3264 2247 quam
3283 2178 3354 2233 ab
3372 2180 3614 2233 absente
3639 2194 3740 2248 per

2083 2266 2315 2324 litteras
2349 2273 2451 2324 aut
2480 2268 2898 2323 internuntios.
2937 2269 3052 2322 Hoc
3083 2266 3360 2338 adagium
3390 2267 3446 2321 in
3482 2265 3738 2338 vulgatis

2085 2357 2532 2413 collectionibus
2556 2358 2817 2413 nondum
2852 2357 3064 2428 reperi.

2157 2446 2466 2520 Ἀψικορέω
2494 2447 2684 2518 p.298.
2706 2446 2965 2502 Verbum
3002 2446 3107 2500 hoc
3134 2445 3206 2499 ab
3238 2444 3351 2499 alio
3384 2449 3733 2516 usurpatum

2079 2536 2277 2591 videre
2310 2553 2425 2590 non
2482 2534 2745 2590 memini.
2801 2536 3023 2590 Tamen
3085 2550 3153 2589 ex
3211 2533 3451 2603 vulgata
3502 2533 3731 2587 notione

2078 2626 2491 2681 vocabulorum
2527 2623 2786 2696 ἁψίκορος
2817 2629 2874 2679 et
2912 2620 3169 2696 édnmpia
3202 2622 3446 2688 Platoni,
3496 2621 3727 2676 Plutar-

2079 2715 2189 2769 cho
2223 2720 2280 2770 et
2314 2716 2569 2770 Luciano
2600 2715 2897 2782 tritorum,
2924 2712 3091 2767 facile
3115 2712 3377 2783 intelligo
3401 2716 3560 2766 recta
3583 2728 3722 2765 ana-

2078 2804 2233 2875 logia
2255 2805 2577 2859 formatum
2617 2804 2858 2859 verbum
2905 2802 3208 2873 ἁψικορεῖν,
3245 2801 3401 2872 quod
3454 2804 3620 2855 sonet
3665 2799 3725 2852 in

2079 2893 2409 2948 satietatem
2442 2894 2556 2947 cito
2586 2893 2785 2948 venire
2835 2891 2914 2946 rei
2977 2895 3078 2945 aut
3126 2906 3385 2960 personae
3445 2887 3719 2957 alicujus.

2077 2986 2325 3052 Perapte
2357 2984 2426 3037 ad
2462 2981 2813 3037 sententiam
2852 2980 2982 3046 loci,
3024 2996 3141 3050 quo
3191 2977 3559 3048 significatur
3608 2977 3725 3030 cito

2077 3075 2389 3142 pertmsum
2425 3070 2757 3141 imperatori
2790 3068 3064 3124 Germani
3116 3066 3487 3139 patriarcha},
3543 3081 3719 3136 quem

2075 3159 2255 3230 paulo
2285 3168 2417 3215 ante
2442 3164 2607 3214 tanto
2639 3160 2836 3214 studio
2868 3162 3253 3230 promoverat.

2148 3242 2407 3324 Βαρϐάρα
2440 3267 2494 3320 p.
2526 3250 2652 3303 270.
2689 3249 2800 3304 Res
2822 3248 3042 3303 indicat
3071 3247 3372 3317 regionem
3406 3244 3725 3315 quamdam

314 3332 456 3390 licet
510 3340 774 3391 veterum
846 3336 1199 3409 scriptorum
1260 3338 1625 3394 abstrusiora
1686 3338 1971 3394 vocabula
1999 3332 2041 3358 υ
2077 3344 2178 3393 aut
2209 3344 2435 3411 partem
2469 3336 3123 3409 Constantinopolitanae
3156 3336 3319 3390 urbis
3362 3338 3463 3389 aut
3510 3333 3723 3388 subur-

316 3423 603 3480 libentius
635 3429 904 3497 usurpat.
939 3426 1264 3498 Hesychius
1294 3425 1496 3501 ἀτηρόν
1539 3428 1776 3499 exponit
1833 3423 1967 3501 βλα-

316 3507 514 3586 ϐερόν.
576 3515 717 3570 Inde
772 3513 837 3568 ﬁt
885 3512 1191 3588 ἀταρτηρός
1251 3533 1354 3588 per
1405 3516 1804 3588 epenthesim,
1860 3533 1969 3571 vox

315 3606 570 3659 Homero
628 3604 998 3675 Hesiodoque
1055 3605 1456 3675 frequentata.
1508 3606 1853 3661 Eustathius
1893 3606 1964 3660 ad

314 3692 486 3749 Iliad.
520 3712 553 3745 α
610 3693 896 3765 originem
954 3694 1115 3750 vocis
1172 3692 1373 3767 ἀτηρόν
1434 3694 1596 3749 ducit
1649 3711 1683 3749 a
1730 3693 1965 3748 nomine

310 3780 415 3849 ἄτη
442 3798 613 3847 noxa,
667 3781 999 3847 calamitas,
1044 3784 1348 3838 damnum.
1398 3786 1547 3838 Cave
1595 3783 1963 3853 obtemperes

308 3871 777 3927 Constantinoin
810 3872 1261 3942 Lexicojubenti
1295 3890 1396 3944 pro
1418 3869 1621 3945 ἀτηρός
1646 3871 1963 3927 rescribere

294 3959 556 4033 ἀτειρής.
592 3962 730 4026 Quae
763 3961 910 4016 mihi
942 3978 1123 4017 causa
1154 3962 1264 4017 fuit
1293 3962 1414 4017 haec
1444 3962 1553 4016 hoc
1584 3960 1709 4016 loco
1759 3961 1961 4015 admo-

306 4048 525 4115 nendi,
585 4048 805 4121 alioqui
859 4051 1107 4107 tacituro
1166 4052 1239 4107 de
1294 4068 1432 4107 voce
1489 4047 1712 4125 ἀτηρός,
1773 4054 1838 4105 ut
1894 4066 1963 4104 ex

297 4137 533 4209 vulgari
566 4139 779 4195 veteris
811 4139 1156 4196 Hellenismi
1190 4141 1399 4196 notitia
1439 4140 1582 4196 satis
1633 4143 1958 4211 perspecta.

384 4223 693 4280 Αττάλλειν
722 4246 778 4299 p.
826 4230 914 4285 44.
968 4230 1106 4301 Agit
1163 4231 1245 4285 ibi
1304 4229 1551 4299 loquens
1609 4229 1834 4286 Muzalo
1889 4229 1961 4284 de

308 4332 494 4387 puero
523 4316 752 4372 Joanne
784 4319 1266 4390 Augusto;quem
1292 4336 1357 4375 eo
1382 4319 1642 4375 subditis
1656 4317 1959 4373 amabilio-

301 4421 432 4460 rem
463 4405 650 4461 videri
683 4406 895 4462 debere
939 4408 1040 4477 ait,
1104 4408 1260 4478 quod
1321 4424 1425 4479 per
1483 4412 1714 4463 aetatem
1767 4406 1958 4462 adhuc

298 4493 656 4565 simplicem,
689 4494 817 4551 sine
850 4495 1004 4562 fuco,
1048 4496 1259 4569 puerili
1303 4496 1619 4552 securitate
1660 4499 1953 4568 operetur.

296 4584 411 4639 Est
441 4580 980 4655 ἆττάλλειν,ἱι]ψ]ἱι
1027 4580 1371 4641 Eustathius
1431 4588 1502 4641 ad
1561 4586 1724 4642 Iliad.
1786 4581 1837 4652 δ,
1897 4581 1957 4637 ἐκ

292 4673 401 4725 τοῦ
465 4665 638 4741 ᾇττειν
697 4673 787 4727 καὶ
840 4670 1127 4730 ἅλλεσθαι.
1177 4675 1338 4738 Quod
1400 4675 1552 4730 idem
1613 4673 1825 4746 repetit
1883 4674 1954 4729 ad

300 4761 481 4817 Iliad.
535 4781 579 4828 ι,
613 4762 837 4819 addens
896 4764 968 4818 ob
1029 4763 1387 4833 euphoniam
1447 4764 1685 4835 dempto
1753 4780 1870 4817 uno
1925 4781 1954 4814 τ

296 4850 483 4906 scribi
514 4848 798 4918 ἀτάλλειν,
832 4853 988 4923 quod
1020 4857 1215 4908 tamen
1275 4856 1482 4908 Noster
1542 4852 1633 4908 hic
1693 4870 1807 4908 non
1866 4856 1957 4907 est

294 4942 568 4995 secutus.
603 4939 788 4996 Sonat
820 4948 1014 4995 autem
1050 4940 1106 4995 id
1141 4942 1381 4996 verbum
1437 4957 1669 4997 movere
1718 4958 1783 4997 ac
1832 4958 1958 5012 pro-

291 5028 423 5083 fere
445 5044 508 5082 se
538 5028 722 5085 libere
773 5029 831 5084 in
885 5046 1121 5085 omnem
1186 5035 1434 5101 partem,
1481 5034 1705 5086 naturas
1758 5029 1958 5085 indul-

294 5116 520 5189 gendo,
547 5118 695 5172 citra
726 5123 953 5174 metum
987 5123 1089 5174 aut
1122 5124 1493 5190 respectum;
1541 5120 1697 5191 quod
1751 5126 1806 5175 et
1853 5119 1955 5175 be-

292 5205 553 5263 stiarum
586 5211 676 5261 est
704 5211 763 5262 et
795 5225 1295 5280 puerorum,quos
1323 5211 1582 5264 nondum
1617 5209 1766 5264 ratio
1799 5225 1956 5264 com-

293 5294 513 5369 pescit.
547 5296 914 5351 Vocabulum
952 5297 1123 5369 plane
1158 5297 1603 5369 Pachymeriani
1635 5298 1812 5369 genii,
1837 5297 1957 5368 pri-

293 5400 477 5441 scum
510 5383 876 5456 populariter
907 5387 1290 5457 loquentibus
1323 5389 1690 5455 musitatum,
1723 5403 1751 5443 e
1786 5386 1955 5442 scho-

292 5473 497 5531 liastis
530 5479 833 5544 poetarum
868 5475 926 5530 in
959 5477 1268 5533 historiam
1298 5476 1585 5533 intextum
1612 5494 1625 5532 :
1677 5477 1956 5550 qualibus

291 5561 401 5620 hic
432 5568 640 5619 auctor
673 5564 1024 5622 delectatur.

376 5774 454 5848 (4)
486 5774 572 5833 Cf.
606 5777 867 5836 Glossar.
901 5779 1152 5837 alterum
1183 5797 1236 5837 V.
1271 5779 1809 5857 Ἀρματοφυλάκιον.

2067 3427 2300 3484 biorum
2357 3430 2484 3498 ejus
2545 3428 2864 3483 Barbaram
2927 3426 3146 3481 dictam
3184 3466 3196 3489 ,
3260 3425 3406 3479 forte
3440 3440 3472 3476 a
3527 3420 3720 3476 vicino

2068 3516 2289 3588 templo
2323 3520 2381 3573 S.
2416 3518 2677 3572 barbarae
2709 3516 2951 3588 martyri
2985 3510 3716 3569 dicato.SaneConstanti-

2066 3606 2263 3677 nopcli
2299 3606 2480 3662 fuisse
2510 3606 2797 3677 templum
2832 3605 3059 3660 celebre
3091 3605 3125 3657 S
3154 3603 3421 3657 Barbarie
3454 3601 3715 3665 nomine,

2066 3695 2234 3749 docet
2268 3696 2471 3750 Petrus
2505 3695 2741 3763 Gillius,
2772 3695 2811 3747 l.
2847 3711 2910 3760 II,
2945 3710 2991 3747 c.
3026 3694 3063 3746 2
3092 3688 3516 3762 Topographiaa
3564 3688 3714 3743 Con-

2067 3782 2503 3855 stantinopol.,
2570 3783 2723 3855 quod
2781 3782 3010 3837 videtur
3059 3780 3344 3835 collocare
3402 3778 3461 3831 in
3524 3777 3715 3848 prima

2066 3871 2322 3944 regione.
2376 3872 2524 3937 Quia
2579 3888 2714 3926 vero
2777 3871 2887 3926 hoc
2924 3864 3277 3941 κελλύδριον,
3313 3868 3385 3923 de
3442 3883 3559 3939 quo
3618 3865 3715 3920 hic

2066 3964 2518 4037 agitur,dicitur
2551 3964 2729 4019 fuisse
2779 3962 3013 4017 mirifici
3063 3961 3306 4018 Nicolai.
3357 3959 3470 4014 hoc
3517 3962 3607 4013 est
3664 3956 3718 4012 ei

2065 4054 2324 4109 dicatum
2377 4057 2433 4107 et
2490 4068 2560 4107 ex
2611 4068 2677 4107 eo
2738 4053 3172 4122 nuncupatum,
3230 4046 3519 4118 suspicari
3585 4045 3720 4100 licet

2063 4144 2326 4216 proxime
2344 4142 2493 4197 illud
2511 4141 2828 4197 adhasisse
2840 4138 3058 4209 templo
3073 4138 3132 4193 in
3156 4138 3430 4193 honorem
3448 4136 3715 4205 ejusdem

2062 4234 2116 4288 S.
2152 4231 2372 4287 Nicolai
2416 4249 2449 4285 a
2482 4230 2820 4286 Justiniano
2871 4228 3012 4282 olim
3069 4230 3354 4292 extructo,
3416 4229 3481 4279 ut
3538 4223 3717 4278 refert

2062 4322 2404 4391 Procopius,
2437 4319 2519 4385 1,1
2552 4321 2624 4375 De
2652 4318 2925 4388 aediﬁciis,
2956 4334 3007 4372 c.
3039 4317 3093 4371 6.

2134 4406 2541 4483 Βαρδαρειῶται
2575 4427 2631 4481 p.
2663 4410 2789 4463 321.
2813 4406 3167 4477 Corrigenda
3212 4404 3359 4459 forte
3410 4402 3489 4459 sit
3534 4402 3717 4472 hujus

2061 4502 2217 4557 vocis
2250 4499 2562 4571 scriptura,
2626 4502 2851 4553 mutato
2884 4516 2929 4549 ει
2984 4497 3044 4551 in
3077 4516 3113 4566 ι,
3166 4511 3235 4549 ex
3264 4493 3507 4559 Codino,
3553 4508 3603 4546 c.
3655 4491 3711 4556 5,

2069 4590 2168 4645 ubi
2197 4595 2510 4660 postquam
2541 4588 3014 4644 Bardariotarum
3048 4584 3325 4640 vestitum
3359 4587 3414 4638 et
3445 4581 3717 4635 ministe-

2070 4679 2222 4734 rium
2256 4678 2555 4750 explicuit.
2582 4678 2654 4732 de
2686 4677 2758 4731 iis
2790 4675 2911 4729 haec
2934 4669 3515 4743 subjungitszStooc
3543 4666 3716 4722 πάλαι

2065 4767 2271 4841 Πέρσας
2348 4765 2483 4819 κατὰ
2540 4766 2695 4839 γένος
2749 4764 2776 4817 ὁ
2834 4759 3092 4836 βασιλεὺς
3161 4758 3472 4832 μετοικίσας
3518 4756 3716 4811 ἐκεῖθεν

2066 4855 2142 4917 εἷς
2196 4854 2288 4909 τὸν
2367 4852 2673 4929 Βαρδάριον
2750 4851 2964 4914 ἐκάθισε
3017 4850 3285 4921 ποταμὸν,
3362 4848 3449 4924 ἀφ’
3506 4846 3567 4900 οὗ
3624 4845 3717 4900 καὶ

2068 4941 2440 5020 Βαρδαριῶται
2497 4947 2816 4998 καλοῦνται.
2868 4946 2980 4997 Hos
3032 4956 3232 5011 genere
3285 4944 3487 4994 Persas
3537 4937 3715 5007 impe-

2068 5040 2227 5091 rator
2284 5034 2411 5090 inde
2452 5032 2753 5090 translatos
2809 5030 3097 5087 constituit
3150 5045 3326 5101 prope
3370 5027 3716 5083 Bardarium

2067 5140 2324 5191 omnem,
2379 5140 2451 5179 ex
2508 5140 2612 5194 quo
2659 5121 2980 5177 Badariota'z
3025 5121 3329 5175 vocantur.
3390 5117 3713 5172 Bardarum

2068 5214 2223 5269 hunc
2252 5230 2484 5268 amnem
2545 5211 2802 5283 appellat
2861 5214 3029 5264 Anna
3057 5208 3377 5274 Comnena,
3408 5206 3448 5262 l.
3485 5223 3589 5279 I,p.
3621 5208 3714 5276 18,

2068 5298 2325 5370 υῦὶέθυω
2360 5297 2641 5353 describit
2664 5300 2722 5351 et
2771 5295 2832 5349 in
2890 5293 3199 5350 Thessalia
3228 5291 3497 5358 collocat,
3532 5292 3617 5346 uti
3660 5296 3718 5347 et

2068 5393 2424 5443 nostereum
2459 5381 2858 5441 memoransl.
2919 5399 2963 5450 ι,
3013 5399 3062 5437 c.
3126 5383 3211 5437 10.
3275 5382 3419 5436 Eum
3486 5381 3719 5437 Nicetes

2070 5475 2239 5531 initio
2270 5475 2314 5530 l.
2347 5492 2411 5529 ιιι
2437 5475 2666 5529 videtur
2723 5470 2941 5541 ’Ἃξειον
3002 5476 3227 5527 Axeum
3279 5486 3505 5526 vocare.
3554 5468 3719 5523 Veri-

2069 5565 2266 5622 simile
2296 5569 2386 5622 est
2416 5564 3006 5636 Pachymerem,cum
3026 5556 3440 5635 Βαρδαρειώτας
3458 5557 3717 5629 scripsit.
