4072 6392
360 512 502 569 1013

1831 512 2314 572 GLOBSABIUM.

3642 511 3783 567 1014

354 655 559 712 γειροι,
587 636 741 708 quod
775 641 1011 693 secutus
1042 654 1175 695 sum
1210 639 1269 695 in
1319 639 1800 712 interpretatione
1828 653 2009 693 voca-
2043 636 2097 702 Α
2127 652 2293 706 quam
2320 635 2511 693 valido
2561 636 2742 692 illisus
2791 637 3006 707 impetu
3058 635 3295 690 interiit.
3348 636 3501 690 Sane
3533 639 3781 692 mortem

356 726 481 781 buli
517 743 549 780 a
582 741 673 781 me
705 727 940 798 quidem
973 728 1113 782 alibi
1135 744 1251 784 non
1282 729 1414 785 visi.
1449 729 1760 800 Reperitur
1781 729 2018 797 quidem
2126 725 2285 780 illius
2317 727 2465 797 nigri
2528 726 2744 797 pugilis
2774 742 2842 781 ex
2897 725 2997 780 illo
3029 741 3170 779 casu
3229 729 3494 780 secutam
3535 725 3784 780 indicari

358 811 645 875 δαιταλεύς
678 816 925 887 conviva,
969 817 1180 873 sodalis
1207 843 1220 885 ;
1272 820 1373 874 sed
1424 819 1693 890 fuliginis
1724 824 1781 874 et
1809 818 2003 874 carbo-

2123 815 2299 869 verbo
2332 812 2635 891 διεφώνησε
2692 814 2949 871 ostendit
2998 813 3244 884 plausus
3289 813 3367 868 ibi
3429 814 3627 870 statim
3659 830 3787 870 me-

356 922 524 971 num,
555 904 772 975 quibus
807 905 1058 977 parietes
1087 909 1432 980 deturpatos
1466 910 1536 964 ab
1569 909 1701 964 istis
1733 904 2015 961 δαιταλευ-

352 998 472 1055 ταῖς
506 1000 708 1050 noster
740 996 1027 1067 queritur,
1057 997 1274 1052 mentio
1308 998 1505 1069 aptius
1536 998 1595 1053 in
1629 1014 1846 1069 coquos
1869 1013 2014 1067 qua-

358 1084 510 1139 drat.

424 1183 715 1253 Διαϐαινᾶς
746 1209 801 1264 ρ.
853 1193 978 1248 466.
1038 1195 1209 1249 Addit
1268 1195 1587 1251 Vaticanus
1636 1191 1725 1247 ἐπὶ
1773 1197 1851 1264 τῷ
1886 1200 2010 1246 Δια-

354 1272 515 1349 ϐαινᾷ
542 1278 718 1351 τόπῳ,
748 1282 905 1352 quod
956 1282 1180 1339 indicat
1236 1283 1429 1339 locum
1473 1284 1790 1356 quemdam
1832 1283 2013 1338 fuisse

349 1369 501 1426 circa
531 1370 891 1438 Ternobum,
926 1371 1012 1427 ita
1042 1378 1327 1429 vocatum.

416 1478 477 1547 (P
531 1477 659 1549 377)
720 1480 1046 1553 Διαφωνεῖν.
1110 1479 1413 1551 Duplicem
1483 1480 1770 1537 habemus
1829 1480 2009 1550 hujus

342 1567 502 1624 verbi
563 1583 741 1622 usum
801 1568 958 1638 aqud
1023 1569 1461 1641 Pachymerem,
1516 1571 1856 1626 inusitatam
1907 1573 2009 1624 aut

344 1674 545 1714 rarum
605 1662 926 1729 utrumque
965 1676 1031 1714 ac
1090 1666 1395 1731 propterea
1451 1661 1818 1716 enarratione
1853 1660 2003 1717 552

342 1746 727 1819 indigentem.
788 1747 953 1803 Prior
1009 1753 1219 1819 exstat,
1277 1767 1332 1821 p.
1368 1751 1512 1819 ζ145.
1546 1751 1669 1805 Non
1730 1749 2003 1820 usurpari

343 1836 455 1892 hoc
512 1836 639 1892 loco
695 1837 936 1891 verbum
1014 1833 1304 1915 διαφωνεῖν
1393 1840 1450 1894 in
1506 1839 1728 1911 vulgari
1784 1840 2000 1893 discre-

345 1926 523 1999 pandi
584 1930 686 1981 aut
738 1926 1127 1982 dissentiendi
1162 1928 1417 1995 notione,
1468 1930 1613 1983 satis
1674 1927 2001 1983 attendenti

345 2020 526 2087 patet.
556 2016 695 2087 Agit
724 2008 929 2071 auctor
958 2017 1029 2072 de
1060 2017 1397 2073 Latinorum
1430 2017 1996 2090 ConstantinOpolim

340 2105 735 2160 obtinentium
797 2106 1049 2161 exercitu
1129 2108 1533 2178 Daphnusiam
1592 2111 1996 2179 oppugnante,

336 2198 465 2248 tum
526 2211 659 2249 cum
722 2199 894 2265 capta
936 2200 1024 2249 est
1080 2194 1625 2267 Constantinopolis
1684 2197 1758 2251 ab
1801 2196 1998 2250 Alexio

338 2283 584 2339 Caesare.
642 2282 819 2354 Cujus
870 2283 971 2350 rei,
1006 2284 1147 2339 dum
1200 2286 1392 2341 adhuc
1420 2285 1605 2351 ﬁeret,
1641 2286 1800 2340 fama
1827 2284 1998 2356 quasi

335 2372 620 2428 divinitus
651 2374 718 2427 ad
757 2371 986 2428 Latinos
1021 2373 1381 2445 Daphnusiae
1417 2380 1853 2447 oppugnatores
1878 2391 1999 2429 mo-

333 2465 532 2518 mento
582 2460 806 2533 perlata
849 2464 1246 2518 consternavit
1292 2464 1427 2519 illos
1473 2465 1713 2521 horrore
1746 2462 1993 2536 periculi

330 2552 393 2607 in
428 2568 545 2623 quo
564 2551 785 2606 versari
818 2554 1134 2623 apparebat
1158 2570 1365 2609 uxores
1388 2558 1445 2610 et
1474 2554 1692 2610 liberos
1726 2555 1992 2625 ipsorum

332 2641 838 2713 Constantinopoli
890 2641 1147 2697 relictos.
1201 2643 1366 2699 Unde
1416 2645 1618 2699 statim
1668 2644 1989 2713 solverunt,

338 2729 714 2802 suppelias,si
749 2731 1119 2802 pervenirent
1147 2731 1206 2787 in
1255 2732 1991 2804 tempore,laturi.Nullum

337 2820 433 2876 hic
463 2820 749 2875 indicium
795 2820 1187 2877 dissensionis
1218 2821 1373 2877 inter
1412 2823 1594 2894 ipsos.
1646 2824 1834 2886 Quare
1863 2839 1994 2878 ver-

336 2910 479 2965 bum
530 2904 1007 2985 διτπεφωνήκεσαν
1060 2910 1210 2965 male
1269 2912 1379 2967 hoc
1422 2911 1549 2968 loco
1576 2912 1993 2983 interpretare-

336 3002 456 3067 tur,
512 3000 612 3069 qui
670 2998 1042 3055 discordibus
1100 3000 1495 3057 tumultuatos
1554 3002 1863 3057 sententiis
1918 3002 1989 3055 ad

341 3085 517 3142 talem
550 3087 825 3143 nuntium
860 3089 1100 3144 Latinos
1156 3090 1395 3145 diceret.
1440 3091 1555 3147 Nec
1612 3090 1817 3146 dubito
1850 3091 1989 3161 quin

338 3180 566 3243 auctor,
603 3178 907 3232 studiosus
936 3177 1238 3234 affectator
1265 3181 1615 3236 eruditionis
1647 3180 1993 3250 antiquae,et

337 3271 573 3337 captare
606 3268 869 3335 gaudens
918 3268 1622 3338 notionesabstrusas,r<‘>
1673 3266 1992 3346 δαπεφωνή-

328 3374 487 3408 κεσαν
519 3357 885 3424 usurpaverit
916 3373 982 3412 eo
1024 3374 1202 3413 sensu
1237 3375 1350 3430 quo
1381 3376 1413 3414 a
1460 3359 1613 3414 LXX
1647 3359 1898 3431 positum
1931 3358 1987 3413 id
2023 3366 2067 3433 ρ

327 3446 575 3500 verbum
630 3449 720 3499 est
765 3446 1085 3501 Ezechielis
1144 3464 1193 3502 c.
1231 3465 1445 3515 xxxvn,
1510 3449 1569 3502 11
1612 3465 1624 3502 :
1667 3444 1991 3505 Ἀπόλωλεν

333 3534 370 3602 ἡ
405 3529 567 3594 ἐλπὶς
596 3534 781 3604 ἡμῶν,
847 3530 1365 3611 διαπεφωνήκαμεν,
1420 3539 1573 3609 quod
1624 3538 1897 3607 vulgatus
1931 3554 1998 3592 ex

336 3622 679 3694 Originibus
710 3624 925 3681 vertit:
982 3626 1153 3680 Periit
1175 3644 1296 3696 spes
1326 3632 1515 3682 nostra
1547 3631 1601 3682 et
1655 3626 1864 3681 abcissi
1899 3644 1996 3681 su-

340 3728 488 3768 mus.
524 3716 623 3768 Est
661 3713 817 3768 enim
862 3714 921 3769 in
973 3715 1212 3769 Hebraeo
1268 3724 1411 3777 137::
1459 3718 1769 3783 nigzarenu
1818 3733 1852 3771 a
1905 3726 1999 3777 Ἶτλ

342 3819 539 3874 gamr,
574 3802 726 3875 quod
754 3807 843 3858 est
870 3803 1207 3859 abscindere
1233 3822 1246 3871 ;
1276 3810 1333 3859 et
1362 3804 1703 3866 additur'm
1736 3806 1873 3859 lanu
1900 3820 2000 3859 no-

345 3892 450 3954 bis,
510 3891 665 3963 quod
716 3892 832 3947 nisi
890 3894 1170 3961 abundat,
1218 3899 1283 3948 ut
1311 3893 1450 3948 alibi
1483 3910 1599 3949 non
1630 3911 1781 3962 raro,
1818 3894 2002 3949 videri

344 3984 539 4052 potest
568 3996 634 4036 eo
697 3980 986 4052 pertinere
1047 3987 1111 4036 ut
1141 3982 1506 4053 signiﬁcetur
1552 3983 1761 4039 divisio
1820 3983 2005 4039 animi

346 4071 519 4142 quasi
550 4087 581 4124 a
614 4087 675 4125 se
705 4070 856 4142 ipso,
886 4072 1027 4139 sive,
1082 4077 1148 4127 ut
1187 4072 1326 4127 alibi
1382 4073 1686 4145 Scriptura
1720 4072 2001 4144 loquitur,

349 4158 670 4214 confractio
704 4160 919 4227 cordis,
954 4160 1146 4231 qualis
1178 4162 1466 4235 contingit
1496 4162 1693 4217 subita
1713 4166 1770 4217 et
1793 4179 2008 4233 magna

348 4248 682 4303 calamitate
722 4249 1188 4320 comprehensis,
1240 4252 1409 4322 cujus
1459 4250 1816 4322 depellenda;
1846 4252 2011 4307 nulla

350 4342 454 4392 aut
484 4338 681 4393 tenuis
712 4355 846 4408 spes
879 4344 987 4394 est.
1020 4339 1307 4395 Vatablus
1336 4341 1544 4396 vertit:
1579 4340 1789 4396 Succisi
1816 4358 2009 4397 sumus

346 4426 528 4482 nobis.
584 4426 730 4482 Puto
782 4428 1069 4501 Hesychio
1112 4428 1268 4483 hunc
1315 4430 1509 4501 ipsum
1560 4430 2008 4501 LXXinterpre-

348 4520 478 4570 tum
509 4515 706 4572 locum
738 4516 1110 4572 obversatum
1166 4518 1383 4587 animo,
1417 4536 1548 4574 cum
1585 4515 2009 4595 διαπεφωνήκα-

356 4623 452 4675 μεν
480 4603 906 4675 interpretatur
945 4602 1280 4676 ἀπωλόμεθα
1327 4610 1753 4682 periimus,qnaa
1785 4616 1875 4666 est
1903 4628 2013 4667 vox

353 4692 819 4764 desperantium,
879 4698 937 4749 et
992 4695 1050 4749 in
1121 4712 1369 4751 occursu
1428 4698 1824 4756 ineluctabilis
1866 4700 2007 4756 mali

354 4798 629 4851 angorem
663 4783 864 4853 animi,
900 4784 1001 4854 qui
1036 4784 1210 4840 verbo
1271 4781 1560 4861 διαφωνεῖν
1618 4787 2005 4859 signiﬁcatur,

354 4871 832 4942 exprimentium.
902 4872 1083 4927 Graeci
1146 4878 1341 4930 tamen
1404 4876 1778 4947 posteriores,
1810 4895 1877 4933 ex
1906 4878 2006 4935 illo

357 4961 605 5016 fortasse
661 4965 763 5016 aut
816 4961 956 5017 LXX
1012 4963 1316 5019 Seniorum
1376 4968 1478 5019 aut
1535 4966 1799 5036 Hesychii
1856 4966 2005 5037 loco,

354 5049 533 5105 verbo
567 5044 858 5126 διαφωνεῖν
890 5052 1263 5107 exanimandi
1314 5058 1416 5109 aut
1454 5054 1787 5127 exspirandi
1820 5057 2008 5112 notio-

357 5151 493 5193 nem
527 5138 931 5209 subjecerunt.
962 5142 1179 5196 Auctor
1237 5158 1567 5215 anonymus
1610 5145 1885 5200 Actorum
1920 5145 2010 5199 fu-

360 5225 591 5281 sissime
619 5227 977 5298 scriptorum
1032 5229 1095 5284 Β.
1157 5231 1399 5285 Andreae
1447 5238 1833 5301 cognomento
1866 5233 2007 5302 Sali,

360 5331 491 5387 quas
545 5321 777 5372 exstant
833 5318 1029 5374 Grece
1060 5319 1118 5373 in
1150 5320 1279 5375 cod.
1315 5319 1599 5377 Vaticano
1630 5323 1788 5391 1574,
1848 5340 1903 5392 p.
1952 5324 2009 5393 5,

358 5404 621 5460 referens
640 5408 953 5477 quamdam
980 5407 1201 5464 luctam
1225 5426 1328 5480 per
1358 5412 1653 5467 somnium
1687 5418 2010 5482 ostensam,

361 5508 482 5565 qua
502 5494 659 5551 idem
684 5496 744 5553 B.
770 5498 1034 5553 Andreas
1064 5501 1448 5557 commissum
1474 5518 1671 5558 secum
1686 5503 2013 5575 Elhiopem

360 5585 649 5655 postravit
706 5586 1035 5657 occiditque
1081 5587 1224 5644 eliso
1255 5590 1385 5659 ejus
1414 5590 1484 5645 ad
1538 5595 1759 5662 petram
1803 5592 2013 5664 capite,

364 5673 451 5729 sic
481 5675 736 5731 scribit:
797 5675 1029 5750 Ἔτυχεν
1088 5674 1254 5731 αὐτοῦ
1310 5680 1637 5753 (/Ethiopis)
1692 5681 1755 5735 τὸ
1794 5680 2012 5755 κρανίον

364 5758 442 5822 εἰς
501 5760 700 5836 πέτραν
737 5806 751 5833 ,
810 5765 899 5819 καὶ
968 5766 1314 5840 κατενεχθεὶς
1361 5768 1609 5842 παραυτᾶ
1664 5766 1967 5847 διεφώνησε
2000 5813 2014 5837 ,

362 5849 473 5907 11οο
506 5857 635 5908 est:
680 5856 836 5912 Forte
894 5871 1061 5912 ruens
1092 5856 1295 5913 incidit
1341 5861 1522 5930 capite
1550 5860 1612 5916 in
1664 5870 1898 5933 petram,
1950 5859 2020 5915 ad

2125 912 2387 961 moratus
2421 906 2731 961 favitorum
2789 906 3053 975 Andreae,
3088 905 3189 976 qui
3252 904 3552 959 candidati
3599 920 3667 961 ea
3697 905 3786 960 vi-

2123 995 2286 1050 sione
2327 996 2708 1067 apparebant,
2758 1000 2817 1050 et
2877 993 3195 1065 gratulatio
3272 999 3556 1064 tanquam
3611 994 3783 1065 plena

2120 1084 2361 1139 victoria
2397 1100 2536 1140 nece
2596 1083 2911 1140 adversarii
2973 1086 3202 1153 patrata
3236 1099 3248 1136 :
3286 1078 3489 1154 Κρότος
3520 1078 3575 1135 δὲ
3610 1080 3779 1156 μέγας

2121 1173 2332 1244 inquit,
2390 1176 2499 1227 τῶν
2542 1169 2920 1247 λευχειμόνων
2963 1170 3052 1226 καὶ
3102 1170 3249 1245 χαρὰ
3301 1166 3613 1245 γλυκυτᾶτη
3657 1171 3785 1227 τότε

2122 1259 2353 1334 ἐγένετο.
2388 1264 2514 1318 Haec
2547 1279 2659 1318 non
2685 1277 3262 1328 commemorassem,
3293 1260 3407 1316 nisi
3441 1261 3778 1318 necessaria

2119 1357 2318 1408 essent
2350 1353 2420 1407 ad
2468 1352 2650 1408 alium
2703 1350 3074 1423 Pachymeris
3124 1351 3310 1405 nostri
3354 1349 3551 1406 locum
3584 1349 3780 1406 decla-

2119 1442 2391 1509 randum,
2425 1458 2481 1513 p.
2510 1443 2632 1497 486.
2666 1441 2797 1512 Agit
2829 1442 2899 1496 de
2957 1440 3129 1512 Cotye
3159 1440 3439 1512 quodam,
3470 1439 3568 1510 qui
3592 1441 3771 1511 jussu

2116 1531 2491 1602 imperatoris
2551 1535 2857 1601 correptus
2915 1529 3329 1599 atortoribus,
3387 1546 3520 1584 cum
3576 1529 3772 1585 vinci-

2114 1623 2277 1674 retur
2306 1620 2448 1675 diris
2488 1619 2798 1691 suppliciis
2855 1619 3305 1687 excruciendus,
3363 1634 3564 1673 eorum
3620 1620 3775 1677 558

2114 1709 2241 1778 ipso
2275 1714 2431 1765 metu
2484 1709 2857 1763 exanimatus
2885 1707 3208 1764 conciderit
3262 1711 3551 1763 mortuus.
3606 1708 3772 1764 Unde

2112 1798 2311 1853 statim
2374 1799 2646 1853 eumdem
2724 1798 2888 1853 addit
2937 1798 3167 1867 pondus
3232 1795 3567 1852 miserabile
3625 1797 3768 1852 sub-

2109 1886 2297 1942 latum
2331 1892 2388 1942 et
2420 1887 2598 1941 humo
2653 1888 3000 1941 mandatum
3054 1886 3235 1942 fuisse
3268 1884 3477 1940 multis
3526 1901 3773 1941 cernen-

2031 2006 2079 2070 Β
2110 1975 2290 2029 tibus.
2325 1974 2397 2030 Ut
2428 1992 2542 2029 non
2567 1975 2643 2029 sit
2670 1990 2907 2029 necesse
2939 1975 3007 2028 ad
3037 1972 3480 2046 intelligendum
3514 1977 3766 2029 mortem

2108 2064 2287 2134 hujus
2350 2065 2532 2119 verbo
2593 2059 2940 2138 διαφωνεῖνθ.
2998 2063 3351 2132 Pachymere
3417 2062 3766 2134 significari,

2104 2168 2405 2208 recurrere
2436 2153 2507 2208 ad
2542 2152 2893 2207 Vaticanum
2925 2152 3367 2223 paraphrastem
3395 2150 3763 2207 hunclocum

2102 2241 2189 2297 sic
2245 2242 2713 2309 exprimentem:
2774 2240 2837 2295 Ὀ
2897 2236 2953 2293 δὲ
3012 2239 3135 2313 πρὶν
3174 2236 3346 2299 δεθεὶς
3392 2239 3764 2310 κρεμασθῆναι

2100 2333 2179 2401 τῷ
2212 2324 2367 2407 φόϐῳ
2396 2330 2493 2398 τήν
2529 2330 2714 2403 ψυχὴν
2748 2328 3129 2395 ἀποστίθησιν.
3164 2328 3282 2385 Hoc
3339 2332 3431 2384 est
3474 2346 3487 2385 :
3534 2330 3580 2384 Is
3633 2344 3761 2384 vero

2098 2422 2424 2492 priusquam
2452 2421 2667 2476 vinctus
2683 2420 3122 2492 suspenderetur,
3146 2428 3291 2475 metu
3312 2421 3569 2475 animum
3597 2419 3752 2488 efﬂa-

2102 2511 2201 2565 vit.

2172 2602 2429 2677 Διδυμόω
2487 2624 2543 2678 p.
2605 2607 2731 2662 364.
2814 2600 3087 2677 Διδυμοῦν
3156 2621 3260 2677 pro
3317 2604 3603 2675 geminare
3669 2603 3765 2659 vix

2098 2697 2256 2767 apud
2290 2700 2513 2751 veteres
2547 2697 2823 2768 reperias.
2876 2697 2984 2751 Sed
3019 2695 3180 2767 origo
3224 2699 3489 2767 apparet,
3521 2699 3578 2750 et
3609 2686 3766 2750 recte

2102 2790 2339 2841 constat
2367 2784 2661 2857 analogia.

2170 2884 2236 2955 (P
2270 2884 2402 2953 378)
2434 2880 2608 2937 δοκῶν
2669 2901 2722 2954 p.
2777 2884 2897 2939 148.
2951 2885 3032 2939 Ita
3092 2885 3259 2939 codd.
3320 2887 3452 2938 Bet
3508 2888 3575 2938 A.
3652 2882 3762 2938 Va-

2096 2973 2331 3029 ticanus
2365 2977 2560 3029 autem
2629 2990 2789 3029 more
2818 2990 2925 3029 suo
2967 2973 3147 3029 libere
3199 2978 3438 3029 mutans
3469 2989 3596 3043 quae
3654 2973 3764 3028 ob-

2097 3062 2360 3118 scuriora
2412 3067 2602 3134 putat,
2635 3062 2662 3116 ὁ
2723 3066 2944 3136 πρῶτος
2984 3080 3088 3135 pro
3120 3062 3148 3115 ὁ
3178 3058 3353 3115 δοκῶν
3398 3062 3585 3133 ponit,
3644 3078 3760 3117 non

2100 3151 2251 3207 male
2284 3154 2638 3208 sententiam
2672 3153 3085 3224 interpretans.
3150 3152 3302 3208 Sunt
3359 3151 3517 3207 enim
3548 3152 3764 3207 Graecis

2097 3242 2271 3297 etiam
2316 3242 2610 3297 veteribus
2642 3240 2693 3294 οἱ
2750 3239 3057 3309 δοκοῦντες,
3090 3242 3189 3314 qui
3246 3242 3611 3307 auctoritate,
3644 3242 3765 3296 exi-

2106 3329 2469 3400 stimatione,
2498 3330 2787 3402 dignitate
2815 3334 2872 3387 in
2908 3330 3103 3401 aliqua
3129 3334 3299 3402 gente
3331 3334 3432 3384 aut
3452 3335 3600 3384 coetu
3624 3328 3766 3384 emi-

2108 3424 2268 3485 nent,
2305 3420 2546 3491 antiqua
2598 3425 2654 3475 et
2696 3420 2896 3491 proba,
2951 3420 3052 3475 sed
3110 3419 3309 3474 ratiori
3367 3422 3426 3474 et
3480 3418 3610 3473 ideo
3667 3418 3761 3473 hic

2104 3528 2223 3566 non
2283 3512 2501 3566 frustra
2548 3509 2845 3565 declarata
2894 3510 3149 3565 notione.
3190 3507 3342 3563 Talis
3403 3512 3601 3563 autem
3632 3512 3761 3562 erat

2104 3599 2257 3655 inter
2276 3601 2386 3655 hos
2418 3599 2853 3655 thelematarios
2871 3616 2973 3655 seu
3006 3596 3363 3652 voluntarios
3384 3595 3756 3666 Cutritzaces,

2106 3706 2281 3761 quem
2316 3690 2590 3761 superius
2622 3690 2847 3757 Noster,
2884 3707 2940 3761 p.
2980 3689 3100 3755 138,
3134 3687 3233 3742 ubi
3284 3685 3540 3742 narravit
3568 3686 3757 3741 Caesa-

2107 3794 2226 3834 rem
2285 3776 2415 3839 τοὺς
2474 3774 2763 3839 δοκοῦντας
2821 3774 3242 3849 θεληματαρίων
3296 3791 3666 3841 convocasse,
3699 3774 3761 3829 in

2108 3866 2181 3922 iis
2214 3866 2396 3922 fuisse
2428 3867 2786 3938 praecipuum
2821 3868 3212 3933 demonstrat,
3246 3866 3390 3921 dum
3440 3864 3605 3919 illum
3640 3863 3765 3920 vice

2110 3972 2176 4012 ac
2208 3956 2447 4010 nomine
2479 3956 2745 4010 omnium
2778 3955 3043 4010 locutum
3079 3955 3278 4009 refert.

2183 4051 2318 4122 Δόξα
2367 4072 2423 4125 p.
2480 4054 2607 4107 275.
2663 4057 2788 4108 Vox
2845 4048 2972 4120 δόξα
3038 4052 3133 4106 hic
3190 4050 3472 4122 peculiari
3531 4051 3769 4106 notione

2113 4144 2503 4213 sumitur‘pro
2534 4143 2802 4213 dogmate
2838 4142 2956 4196 sive
3013 4140 3284 4195 doctrina
3340 4156 3527 4208 sacra,
3589 4156 3769 4210 quam

2114 4234 2527 4289 inconcussam
2591 4236 2812 4299 tenere,
2874 4246 2976 4300 pro
3036 4246 3153 4299 qua
3202 4227 3417 4300 pacisci
3478 4227 3655 4283 vitam
3712 4231 3771 4284 et

2115 4322 2460 4394 sanguinem
2486 4319 2806 4378 Christiani
2829 4318 3090 4390 cujusvis
3115 4318 3371 4373 officium
3395 4321 3506 4372 est.
3539 4316 3770 4373 Vatica-

2116 4428 2230 4466 nus
2289 4411 2374 4467 sic
2429 4407 2767 4485 παραφράζει
2826 4409 3019 4464 locum
3049 4408 3245 4463 hunc:
3304 4404 3401 4465 Eii:
3430 4402 3483 4457 τί
3521 4402 3621 4476 γάρ
3678 4424 3765 4466 τις

2116 4497 2555 4569 σκανδαλισθείη.
2591 4500 2675 4554 ὅτι
2722 4496 3037 4571 μεταλλαγή
3088 4517 3170 4557 τις
3218 4496 3416 4569 γέγονε
3444 4500 3547 4562 τῆς
3596 4512 3774 4565 παρα-

2118 4588 2415 4662 δεδομένης
2469 4591 2606 4660 ἡμῖν
2664 4586 2874 4657 δόξης;
2936 4584 3062 4641 ἀλλ’
3121 4583 3277 4641 οὐδὲν
3315 4626 3329 4653 ,
3389 4587 3768 4659 χορηγοῦντος

2118 4677 2275 4749 Θεοῦ,
2309 4672 2742 4754 παραϐἑϐασται,
2774 4684 2885 4734 etc.
2938 4678 3092 4733 infra
3121 4676 3223 4732 lib.
3257 4693 3334 4741 v1,
3368 4692 3418 4731 c.
3454 4676 3478 4729 1
3516 4690 3770 4744 usurpa-

2118 4777 2212 4826 tur
2242 4770 2361 4825 haec
2394 4772 2595 4825 eadem
2627 4785 2735 4824 vox
2765 4768 2968 4823 eadem
3002 4767 3241 4822 notione
3268 4766 3326 4820 in
3385 4764 3479 4819 his
3533 4763 3725 4819 verbis
3752 4778 3765 4817 :

2114 4859 2192 4916 Τὸ
2224 4854 2537 4934 παραϐῆναι
2570 4863 2704 4934 σφᾶς
2734 4858 2833 4926 τὴν
2890 4857 3027 4932 πρὸς
3060 4855 3262 4910 ἐκεῖνον
3312 4852 3487 4928 (Θεὸν)
3536 4856 3768 4925 νομιζο-

2118 4951 2284 5023 μένην
2319 4947 2475 5020 δόξαν
2507 4949 2766 5025 ἀρχῆθεν.

2188 5046 2492 5123 Ἐγκόλπια
2553 5066 2610 5120 p.
2676 5049 2803 5103 265.
2889 5045 3284 5118 Intelligimus
3368 5042 3507 5098 hinc
3571 5058 3770 5100 sacras

2115 5138 2447 5203 icunculas,
2506 5137 2711 5209 quales
2770 5136 3057 5192 habemus
3115 5150 3315 5190 cereas
3356 5131 3584 5203 efﬁgies
3634 5131 3772 5203 agni

2119 5229 2243 5297 Dei,
2276 5233 2379 5283 aut
2409 5228 2468 5283 id
2509 5244 2694 5298 genus
2726 5242 2895 5281 sacra
2927 5223 3182 5280 amuleta
3213 5227 3446 5294 gestare
3502 5221 3573 5278 de
3623 5218 3772 5277 collo

2120 5336 2413 5391 suspensa
2441 5318 2669 5373 Graecos
2699 5315 3065 5372 Christianos
3094 5313 3321 5382 solitos,
3352 5317 3409 5369 et
3441 5312 3547 5368 hoc
3579 5308 3773 5382 speci-

2122 5428 2256 5465 men
2290 5414 2464 5480 atque
2494 5406 2777 5462 indicium
2841 5406 3023 5461 fuisse
3053 5404 3395 5459 Christianae
3448 5398 3771 5471 religionis,

2121 5500 2265 5556 Nam
2318 5516 2384 5553 eo
2418 5496 2652 5553 nomino
2707 5496 2821 5552 sibi
2869 5496 3011 5551 talia
3043 5494 3192 5550 mitti
3251 5494 3456 5549 Sultan
3491 5486 3772 5563 postulat,

2124 5598 2189 5648 ut
2219 5592 2303 5648 sic
2358 5592 2630 5663 probaret
2682 5606 2746 5645 se
2803 5587 3200 5643 Christianum
3252 5602 3401 5651 esse,
3440 5584 3510 5637 de
3543 5596 3657 5651 quo
3685 5576 3777 5634 vi-

2125 5683 2300 5738 debat
2326 5680 2601 5737 dubitari.
2638 5680 2800 5735 Patet
2854 5677 3010 5733 unde
3041 5675 3333 5747 ejusmodi
3366 5671 3643 5743 religiosa
3683 5683 3779 5739 ge-

2127 5772 2384 5827 stamina
2424 5766 2694 5844 ὲγκό).πια
2725 5770 3021 5833 vocentur,
3057 5766 3209 5837 quod
3255 5763 3535 5818 nimirum
3567 5776 3598 5815 e
3628 5756 3778 5813 collo

2128 5865 2265 5932 apta
2294 5862 2352 5917 in
2377 5861 2573 5918 sinum
2599 5858 2938 5932 penderent.
2968 5854 3170 5910 Fuisse
3194 5860 3412 5921 autem,
3446 5850 3599 5923 quod
3634 5844 3779 5915 dixi,
