  <div class='ocr_page' id='page_1' title='image "/cluster/home/n/w/nwhite01/storage/ocr_20150623/143:no.1/coo.31924054870484/515.png"; bbox 0 0 2036 3204; ppageno 0'>
   <div class='ocr_carea' id='block_1_1' title="bbox 174 262 243 290">
    <p class='ocr_par' dir='ltr' id='par_1_1' title="bbox 174 262 243 290">
     <span class='ocr_line' id='line_1_1' title="bbox 174 262 243 290; baseline 0 0"><span class='ocrx_word' id='word_1_1' title='bbox 174 262 243 290; x_wconf 89' lang='grc'><strong>1011</strong></span> 
     </span>
    </p>
   </div>
   <div class='ocr_carea' id='block_1_2' title="bbox 705 261 1355 291">
    <p class='ocr_par' dir='ltr' id='par_1_2' title="bbox 705 261 1355 291">
     <span class='ocr_line' id='line_1_2' title="bbox 705 261 1355 291; baseline 0 -2"><span class='ocrx_word' id='word_1_2' title='bbox 705 263 737 289; x_wconf 88' lang='grc' dir='ltr'>Ρ.</span> <span class='ocrx_word' id='word_1_3' title='bbox 758 261 897 289; x_wconf 78' lang='lat' dir='ltr'><strong>POSBINI</strong></span> <span class='ocrx_word' id='word_1_4' title='bbox 915 261 1223 291; x_wconf 73' lang='lat' dir='ltr'><strong>OBSERVATIONUM</strong></span> <span class='ocrx_word' id='word_1_5' title='bbox 1242 263 1309 290; x_wconf 80' lang='lat' dir='ltr'><strong>LIB.</strong></span> <span class='ocrx_word' id='word_1_6' title='bbox 1331 264 1355 289; x_wconf 94' lang='grc' dir='ltr'><strong>Ι.</strong></span> 
     </span>
    </p>
   </div>
   <div class='ocr_carea' id='block_1_3' title="bbox 1816 259 1891 288">
    <p class='ocr_par' dir='ltr' id='par_1_3' title="bbox 1816 259 1891 288">
     <span class='ocr_line' id='line_1_3' title="bbox 1816 259 1891 288; baseline 0 0"><span class='ocrx_word' id='word_1_7' title='bbox 1816 259 1891 288; x_wconf 86' lang='grc'><strong>1012</strong></span> 
     </span>
    </p>
   </div>
   <div class='ocr_carea' id='block_1_4' title="bbox 175 321 1013 362">
    <p class='ocr_par' dir='ltr' id='par_1_4' title="bbox 175 322 1007 362">
     <span class='ocr_line' id='line_1_4' title="bbox 175 322 1007 362; baseline -0.004 -9"><span class='ocrx_word' id='word_1_8' title='bbox 175 325 205 353; x_wconf 89' lang='lat' dir='ltr'><strong>id</strong></span> <span class='ocrx_word' id='word_1_9' title='bbox 220 324 330 362; x_wconf 76' lang='lat' dir='ltr'><strong>gentile</strong></span> <span class='ocrx_word' id='word_1_10' title='bbox 341 332 449 352; x_wconf 86' lang='lat' dir='ltr'><strong>nomen</strong></span> <span class='ocrx_word' id='word_1_11' title='bbox 465 332 524 352; x_wconf 91' lang='lat' dir='ltr'><strong>non</strong></span> <span class='ocrx_word' id='word_1_12' title='bbox 540 331 575 351; x_wconf 82' lang='lat' dir='ltr'><strong>ex</strong></span> <span class='ocrx_word' id='word_1_13' title='bbox 591 323 730 352; x_wconf 85' lang='lat' dir='ltr'><strong>Bardario</strong></span> <span class='ocrx_word' id='word_1_14' title='bbox 752 322 866 357; x_wconf 88' lang='lat' dir='ltr'><strong>Codini,</strong></span> <span class='ocrx_word' id='word_1_15' title='bbox 895 322 944 350; x_wconf 90' lang='lat' dir='ltr'><strong>sed</strong></span> <span class='ocrx_word' id='word_1_16' title='bbox 972 330 1007 350; x_wconf 84' lang='lat' dir='ltr'><strong>ex</strong></span> 
     </span>
    </p>
   </div>
   <div class='ocr_carea' id='block_1_5' title="bbox 1077 321 1894 362">
    <p class='ocr_par' dir='ltr' id='par_1_5' title="bbox 1077 321 1894 361">
     <span class='ocr_line' id='line_1_5' title="bbox 1077 321 1894 361; baseline -0.001 -10"><span class='ocrx_word' id='word_1_17' title='bbox 1077 323 1221 360; x_wconf 55' lang='lat' dir='ltr'><strong>triginalio</strong></span> <span class='ocrx_word' id='word_1_18' title='bbox 1246 323 1300 352; x_wconf 83' lang='grc' dir='ltr'>ἀπὸ</span> <span class='ocrx_word' id='word_1_19' title='bbox 1314 325 1364 352; x_wconf 72' lang='grc' dir='ltr'><strong>τοῦ</strong></span> <span class='ocrx_word' id='word_1_20' title='bbox 1389 323 1454 361; x_wconf 81' lang='grc' dir='ltr'><strong>βοᾷν</strong></span> <span class='ocrx_word' id='word_1_21' title='bbox 1479 325 1508 352; x_wconf 85' lang='lat' dir='ltr'><strong>et</strong></span> <span class='ocrx_word' id='word_1_22' title='bbox 1531 321 1651 361; x_wconf 82' lang='grc' dir='ltr'><strong>βοάζιιν,</strong></span> <span class='ocrx_word' id='word_1_23' title='bbox 1679 322 1759 351; x_wconf 88' lang='lat' dir='ltr'><strong>unde</strong></span> <span class='ocrx_word' id='word_1_24' title='bbox 1783 321 1894 351; x_wconf 82' lang='lat' dir='ltr'><strong>rectior</strong></span> 
     </span>
    </p>
   </div>
   <div class='ocr_carea' id='block_1_6' title="bbox 179 367 1005 403">
    <p class='ocr_par' dir='ltr' id='par_1_6' title="bbox 179 367 1005 403">
     <span class='ocr_line' id='line_1_6' title="bbox 179 367 1005 403; baseline -0.004 -6"><span class='ocrx_word' id='word_1_25' title='bbox 179 369 306 398; x_wconf 87' lang='lat' dir='ltr'><strong>Bardaro</strong></span> <span class='ocrx_word' id='word_1_26' title='bbox 323 370 410 397; x_wconf 80' lang='lat' dir='ltr'><strong>Annae</strong></span> <span class='ocrx_word' id='word_1_27' title='bbox 429 369 582 402; x_wconf 80' lang='lat' dir='ltr'><strong>formasse;</strong></span> <span class='ocrx_word' id='word_1_28' title='bbox 599 368 677 396; x_wconf 84' lang='lat' dir='ltr'><strong>unde</strong></span> <span class='ocrx_word' id='word_1_29' title='bbox 693 370 772 396; x_wconf 88' lang='lat' dir='ltr'><strong>recta</strong></span> <span class='ocrx_word' id='word_1_30' title='bbox 786 367 922 403; x_wconf 79' lang='lat' dir='ltr'><strong>analogia</strong></span> <span class='ocrx_word' id='word_1_31' title='bbox 937 367 1005 403; x_wconf 84' lang='grc' dir='ltr'>Βαρ-</span> 
     </span>
    </p>
   </div>
   <div class='ocr_carea' id='block_1_7' title="bbox 179 410 1006 451">
    <p class='ocr_par' dir='ltr' id='par_1_7' title="bbox 179 410 1006 451">
     <span class='ocr_line' id='line_1_7' title="bbox 179 410 1006 451; baseline -0.002 -11"><span class='ocrx_word' id='word_1_32' title='bbox 179 411 276 450; x_wconf 77' lang='grc' dir='ltr'>δαριύς</span> <span class='ocrx_word' id='word_1_33' title='bbox 293 416 323 442; x_wconf 81' lang='lat' dir='ltr'><strong>et</strong></span> <span class='ocrx_word' id='word_1_34' title='bbox 337 411 500 451; x_wconf 81' lang='grc' dir='ltr'>Βαρδάρειος</span> <span class='ocrx_word' id='word_1_35' title='bbox 525 413 616 441; x_wconf 89' lang='lat' dir='ltr'><strong>ﬂuere</strong></span> <span class='ocrx_word' id='word_1_36' title='bbox 641 417 774 449; x_wconf 86' lang='lat' dir='ltr'><strong>possunt.</strong></span> <span class='ocrx_word' id='word_1_37' title='bbox 805 410 876 440; x_wconf 88' lang='lat' dir='ltr'><strong>Utut</strong></span> <span class='ocrx_word' id='word_1_38' title='bbox 905 412 943 439; x_wconf 79' lang='lat' dir='ltr'><strong>sit</strong></span> <span class='ocrx_word' id='word_1_39' title='bbox 971 411 1006 438; x_wconf 88' lang='lat' dir='ltr'><strong>de</strong></span> 
     </span>
    </p>
   </div>
   <div class='ocr_carea' id='block_1_8' title="bbox 176 456 1006 494">
    <p class='ocr_par' dir='ltr' id='par_1_8' title="bbox 176 456 1006 494">
     <span class='ocr_line' id='line_1_8' title="bbox 176 456 1006 494; baseline -0.004 -8"><span class='ocrx_word' id='word_1_40' title='bbox 176 458 331 492; x_wconf 84' lang='lat' dir='ltr'><strong>vocabulo,</strong></span> <span class='ocrx_word' id='word_1_41' title='bbox 347 458 382 486; x_wconf 87' lang='lat' dir='ltr'><strong>de</strong></span> <span class='ocrx_word' id='word_1_42' title='bbox 398 467 428 486; x_wconf 89' lang='lat' dir='ltr'><strong>re</strong></span> <span class='ocrx_word' id='word_1_43' title='bbox 444 458 510 494; x_wconf 84' lang='lat' dir='ltr'><strong>ipsa</strong></span> <span class='ocrx_word' id='word_1_44' title='bbox 524 460 648 492; x_wconf 78' lang='lat' dir='ltr'><strong>constat,</strong></span> <span class='ocrx_word' id='word_1_45' title='bbox 665 460 782 494; x_wconf 82' lang='lat' dir='ltr'><strong>gentem</strong></span> <span class='ocrx_word' id='word_1_46' title='bbox 797 457 874 485; x_wconf 89' lang='lat' dir='ltr'><strong>hanc</strong></span> <span class='ocrx_word' id='word_1_47' title='bbox 893 456 1006 492; x_wconf 82' lang='lat' dir='ltr'><strong>origine</strong></span> 
     </span>
    </p>
   </div>
   <div class='ocr_carea' id='block_1_9' title="bbox 178 501 1006 537">
    <p class='ocr_par' dir='ltr' id='par_1_9' title="bbox 178 501 1006 537">
     <span class='ocr_line' id='line_1_9' title="bbox 178 501 1006 537; baseline -0.002 -7"><span class='ocrx_word' id='word_1_48' title='bbox 178 502 336 537; x_wconf 88' lang='lat' dir='ltr'><strong>Persicam,</strong></span> <span class='ocrx_word' id='word_1_49' title='bbox 353 502 502 531; x_wconf 88' lang='lat' dir='ltr'><strong>domicilio</strong></span> <span class='ocrx_word' id='word_1_50' title='bbox 526 502 690 537; x_wconf 89' lang='lat' dir='ltr'><strong>Tessalam,</strong></span> <span class='ocrx_word' id='word_1_51' title='bbox 712 502 749 530; x_wconf 91' lang='lat' dir='ltr'><strong>ab</strong></span> <span class='ocrx_word' id='word_1_52' title='bbox 777 501 1006 537; x_wconf 77' lang='lat' dir='ltr'><strong>imperatoribus</strong></span> 
     </span>
    </p>
   </div>
   <div class='ocr_carea' id='block_1_10' title="bbox 178 545 1005 583">
    <p class='ocr_par' dir='ltr' id='par_1_10' title="bbox 178 545 1005 583">
     <span class='ocr_line' id='line_1_10' title="bbox 178 545 1005 583; baseline -0.002 -9"><span class='ocrx_word' id='word_1_53' title='bbox 178 547 340 575; x_wconf 87' lang='lat' dir='ltr'><strong>Bizantinis</strong></span> <span class='ocrx_word' id='word_1_54' title='bbox 356 549 407 575; x_wconf 85' lang='lat' dir='ltr'><strong>aut</strong></span> <span class='ocrx_word' id='word_1_55' title='bbox 422 548 509 575; x_wconf 86' lang='lat' dir='ltr'><strong>etiam</strong></span> <span class='ocrx_word' id='word_1_56' title='bbox 526 548 699 583; x_wconf 80' lang='lat' dir='ltr'><strong>proceribus</strong></span> <span class='ocrx_word' id='word_1_57' title='bbox 709 547 815 575; x_wconf 91' lang='lat' dir='ltr'><strong>horum</strong></span> <span class='ocrx_word' id='word_1_58' title='bbox 827 545 1005 581; x_wconf 88' lang='lat' dir='ltr'><strong>consangui-</strong></span> 
     </span>
    </p>
   </div>
   <div class='ocr_carea' id='block_1_11' title="bbox 179 589 1008 628">
    <p class='ocr_par' dir='ltr' id='par_1_11' title="bbox 179 589 1008 628">
     <span class='ocr_line' id='line_1_11' title="bbox 179 589 1008 628; baseline -0.002 -10"><span class='ocrx_word' id='word_1_59' title='bbox 179 593 241 619; x_wconf 89' lang='lat' dir='ltr'><strong>neis</strong></span> <span class='ocrx_word' id='word_1_60' title='bbox 260 592 393 619; x_wconf 78' lang='lat' dir='ltr'><strong>adhiberi</strong></span> <span class='ocrx_word' id='word_1_61' title='bbox 410 592 528 620; x_wconf 81' lang='lat' dir='ltr'><strong>solitam</strong></span> <span class='ocrx_word' id='word_1_62' title='bbox 547 592 582 620; x_wconf 89' lang='lat' dir='ltr'><strong>ad</strong></span> <span class='ocrx_word' id='word_1_63' title='bbox 613 595 724 620; x_wconf 89' lang='lat' dir='ltr'><strong>certum</strong></span> <span class='ocrx_word' id='word_1_64' title='bbox 754 600 847 628; x_wconf 82' lang='lat' dir='ltr'><strong>genus</strong></span> <span class='ocrx_word' id='word_1_65' title='bbox 876 589 1008 618; x_wconf 83' lang='lat' dir='ltr'><strong>satellitii</strong></span> 
     </span>
    </p>
   </div>
   <div class='ocr_carea' id='block_1_12' title="bbox 178 636 1007 672">
    <p class='ocr_par' dir='ltr' id='par_1_12' title="bbox 178 636 1007 672">
     <span class='ocr_line' id='line_1_12' title="bbox 178 636 1007 672; baseline -0.002 -9"><span class='ocrx_word' id='word_1_66' title='bbox 178 636 306 671; x_wconf 85' lang='lat' dir='ltr'><strong>propriis</strong></span> <span class='ocrx_word' id='word_1_67' title='bbox 324 637 494 672; x_wconf 80' lang='lat' dir='ltr'><strong>insignibus</strong></span> <span class='ocrx_word' id='word_1_68' title='bbox 511 636 654 670; x_wconf 88' lang='lat' dir='ltr'><strong>distincti,</strong></span> <span class='ocrx_word' id='word_1_69' title='bbox 673 645 705 664; x_wconf 90' lang='lat' dir='ltr'><strong>eo</strong></span> <span class='ocrx_word' id='word_1_70' title='bbox 722 637 813 664; x_wconf 75' lang='lat' dir='ltr'><strong>ferme</strong></span> <span class='ocrx_word' id='word_1_71' title='bbox 835 636 921 662; x_wconf 88' lang='lat' dir='ltr'><strong>modo</strong></span> <span class='ocrx_word' id='word_1_72' title='bbox 950 643 1007 670; x_wconf 90' lang='lat' dir='ltr'><strong>quo</strong></span> 
     </span>
    </p>
   </div>
   <div class='ocr_carea' id='block_1_13' title="bbox 179 680 886 717">
    <p class='ocr_par' dir='ltr' id='par_1_13' title="bbox 179 680 886 717">
     <span class='ocr_line' id='line_1_13' title="bbox 179 680 886 717; baseline 0 -10"><span class='ocrx_word' id='word_1_73' title='bbox 179 680 328 716; x_wconf 89' lang='lat' dir='ltr'><strong>principes</strong></span> <span class='ocrx_word' id='word_1_74' title='bbox 345 682 477 717; x_wconf 54' lang='lat' dir='ltr'><strong>Europaei</strong></span> <span class='ocrx_word' id='word_1_75' title='bbox 496 681 583 709; x_wconf 89' lang='lat' dir='ltr'><strong>hodie</strong></span> <span class='ocrx_word' id='word_1_76' title='bbox 598 681 735 709; x_wconf 81' lang='lat' dir='ltr'><strong>Helvetiis</strong></span> <span class='ocrx_word' id='word_1_77' title='bbox 752 683 886 708; x_wconf 87' lang='lat' dir='ltr'><strong>utuntur.</strong></span> 
     </span>
    </p>
   </div>
   <div class='ocr_carea' id='block_1_14' title="bbox 218 728 1008 769">
    <p class='ocr_par' dir='ltr' id='par_1_14' title="bbox 218 728 1008 769">
     <span class='ocr_line' id='line_1_14' title="bbox 218 728 1008 769; baseline -0.003 -12"><span class='ocrx_word' id='word_1_78' title='bbox 218 731 268 766; x_wconf 90' lang='grc' dir='ltr'><strong>[Ρ.</strong></span> <span class='ocrx_word' id='word_1_79' title='bbox 298 730 372 767; x_wconf 80' lang='grc'><strong>275]</strong></span> <span class='ocrx_word' id='word_1_80' title='bbox 408 730 646 769; x_wconf 73' lang='grc' dir='ltr'><strong>Βασιλογραφεῖον</strong></span> <span class='ocrx_word' id='word_1_81' title='bbox 674 739 691 767; x_wconf 91' lang='lat' dir='ltr'><strong>p</strong></span> <span class='ocrx_word' id='word_1_82' title='bbox 710 752 716 758; x_wconf 89' lang='lat'><strong>.</strong></span> <span class='ocrx_word' id='word_1_83' title='bbox 746 731 816 757; x_wconf 73' lang='grc'><strong>492.</strong></span> <span class='ocrx_word' id='word_1_84' title='bbox 847 730 890 756; x_wconf 78' lang='lat' dir='ltr'><strong>Ita</strong></span> <span class='ocrx_word' id='word_1_85' title='bbox 915 728 1008 756; x_wconf 90' lang='lat' dir='ltr'><strong>codd.</strong></span> 
     </span>
    </p>
   </div>
   <div class='ocr_carea' id='block_1_15' title="bbox 180 773 1009 810">
    <p class='ocr_par' dir='ltr' id='par_1_15' title="bbox 180 773 1009 810">
     <span class='ocr_line' id='line_1_15' title="bbox 180 773 1009 810; baseline -0.004 -8"><span class='ocrx_word' id='word_1_86' title='bbox 180 783 302 809; x_wconf 89' lang='lat' dir='ltr'><strong>omnes,</strong></span> <span class='ocrx_word' id='word_1_87' title='bbox 339 776 427 803; x_wconf 85' lang='lat' dir='ltr'><strong>etiam</strong></span> <span class='ocrx_word' id='word_1_88' title='bbox 458 776 638 804; x_wconf 79' lang='lat' dir='ltr'><strong>Vaticanus.</strong></span> <span class='ocrx_word' id='word_1_89' title='bbox 675 776 754 803; x_wconf 86' lang='lat' dir='ltr'><strong>Unde</strong></span> <span class='ocrx_word' id='word_1_90' title='bbox 784 773 1009 810; x_wconf 76' lang='lat' dir='ltr'><strong>intelligendum</strong></span> 
     </span>
    </p>
   </div>
   <div class='ocr_carea' id='block_1_16' title="bbox 181 817 1010 857">
    <p class='ocr_par' dir='ltr' id='par_1_16' title="bbox 181 817 1010 857">
     <span class='ocr_line' id='line_1_16' title="bbox 181 817 1010 857; baseline -0.004 -10"><span class='ocrx_word' id='word_1_91' title='bbox 181 819 292 847; x_wconf 83' lang='lat' dir='ltr'><strong>crimen</strong></span> <span class='ocrx_word' id='word_1_92' title='bbox 308 820 400 848; x_wconf 86' lang='lat' dir='ltr'><strong>libelli</strong></span> <span class='ocrx_word' id='word_1_93' title='bbox 425 822 527 848; x_wconf 86' lang='lat' dir='ltr'><strong>contra</strong></span> <span class='ocrx_word' id='word_1_94' title='bbox 551 821 760 857; x_wconf 83' lang='lat' dir='ltr'><strong>imperatorem</strong></span> <span class='ocrx_word' id='word_1_95' title='bbox 792 819 904 854; x_wconf 79' lang='lat' dir='ltr'><strong>scripti,</strong></span> <span class='ocrx_word' id='word_1_96' title='bbox 932 817 1010 850; x_wconf 84' lang='lat' dir='ltr'><strong>lecti,</strong></span> 
     </span>
    </p>
   </div>
   <div class='ocr_carea' id='block_1_17' title="bbox 182 862 1012 901">
    <p class='ocr_par' dir='ltr' id='par_1_17' title="bbox 182 862 1012 901">
     <span class='ocr_line' id='line_1_17' title="bbox 182 862 1012 901; baseline -0.002 -11"><span class='ocrx_word' id='word_1_97' title='bbox 182 864 276 891; x_wconf 86' lang='lat' dir='ltr'><strong>habiti</strong></span> <span class='ocrx_word' id='word_1_98' title='bbox 306 864 445 899; x_wconf 81' lang='lat' dir='ltr'><strong>peculiari</strong></span> <span class='ocrx_word' id='word_1_99' title='bbox 476 865 619 893; x_wconf 84' lang='lat' dir='ltr'><strong>vocabulo</strong></span> <span class='ocrx_word' id='word_1_100' title='bbox 657 863 885 901; x_wconf 67' lang='grc' dir='ltr'><strong>βασιλογραφεῖον</strong></span> <span class='ocrx_word' id='word_1_101' title='bbox 920 862 1012 889; x_wconf 78' lang='lat' dir='ltr'><strong>fuisse</strong></span> 
     </span>
    </p>
   </div>
   <div class='ocr_carea' id='block_1_18' title="bbox 183 910 880 946">
    <p class='ocr_par' dir='ltr' id='par_1_18' title="bbox 183 910 880 946">
     <span class='ocr_line' id='line_1_18' title="bbox 183 910 880 946; baseline 0 -11"><span class='ocrx_word' id='word_1_102' title='bbox 183 911 330 942; x_wconf 86' lang='lat' dir='ltr'><strong>vocatum,</strong></span> <span class='ocrx_word' id='word_1_103' title='bbox 348 912 376 936; x_wconf 88' lang='lat' dir='ltr'><strong>et</strong></span> <span class='ocrx_word' id='word_1_104' title='bbox 387 910 412 937; x_wconf 91' lang='lat' dir='ltr'><strong>ei</strong></span> <span class='ocrx_word' id='word_1_105' title='bbox 429 910 531 938; x_wconf 90' lang='lat' dir='ltr'><strong>mortis</strong></span> <span class='ocrx_word' id='word_1_106' title='bbox 546 918 662 946; x_wconf 70' lang='lat' dir='ltr'><strong>pmnam</strong></span> <span class='ocrx_word' id='word_1_107' title='bbox 678 910 880 937; x_wconf 81' lang='lat' dir='ltr'><strong>constitutam.</strong></span> 
     </span>
    </p>
   </div>
   <div class='ocr_carea' id='block_1_19' title="bbox 220 955 1012 995">
    <p class='ocr_par' dir='ltr' id='par_1_19' title="bbox 220 955 1012 995">
     <span class='ocr_line' id='line_1_19' title="bbox 220 955 1012 995; baseline -0.006 -9"><span class='ocrx_word' id='word_1_108' title='bbox 220 958 298 986; x_wconf 78' lang='lat'><strong>550</strong></span> <span class='ocrx_word' id='word_1_109' title='bbox 327 955 475 994; x_wconf 76' lang='grc' dir='ltr'><strong>Βεϐράναις</strong></span> <span class='ocrx_word' id='word_1_110' title='bbox 504 968 539 995; x_wconf 93' lang='lat' dir='ltr'><strong>p.</strong></span> <span class='ocrx_word' id='word_1_111' title='bbox 570 959 631 986; x_wconf 78' lang='grc'><strong>402.</strong></span> <span class='ocrx_word' id='word_1_112' title='bbox 664 960 709 986; x_wconf 85' lang='lat' dir='ltr'><strong>Ita</strong></span> <span class='ocrx_word' id='word_1_113' title='bbox 740 957 922 986; x_wconf 85' lang='lat' dir='ltr'><strong>concorditer</strong></span> <span class='ocrx_word' id='word_1_114' title='bbox 951 957 1012 982; x_wconf 88' lang='lat' dir='ltr'><strong>tres</strong></span> 
     </span>
    </p>
   </div>
   <div class='ocr_carea' id='block_1_20' title="bbox 1066 365 1892 406">
    <p class='ocr_par' dir='ltr' id='par_1_20' title="bbox 1066 365 1892 406">
     <span class='ocr_line' id='line_1_20' title="bbox 1066 365 1892 406; baseline -0.004 -10"><span class='ocrx_word' id='word_1_115' title='bbox 1066 368 1202 405; x_wconf 73' lang='lat' dir='ltr'><strong>analogia</strong></span> <span class='ocrx_word' id='word_1_116' title='bbox 1216 369 1315 405; x_wconf 83' lang='lat' dir='ltr'><strong>potius</strong></span> <span class='ocrx_word' id='word_1_117' title='bbox 1332 368 1455 406; x_wconf 81' lang='grc' dir='ltr'><strong>βυασμόν</strong></span> <span class='ocrx_word' id='word_1_118' title='bbox 1471 368 1639 397; x_wconf 82' lang='lat' dir='ltr'><strong>formaverit</strong></span> <span class='ocrx_word' id='word_1_119' title='bbox 1657 375 1746 404; x_wconf 85' lang='lat' dir='ltr'><strong>quam</strong></span> <span class='ocrx_word' id='word_1_120' title='bbox 1763 365 1892 405; x_wconf 73' lang='grc' dir='ltr'><strong>βοασκόν.</strong></span> 
     </span>
    </p>
   </div>
   <div class='ocr_carea' id='block_1_21' title="bbox 1101 414 1893 455">
    <p class='ocr_par' dir='ltr' id='par_1_21' title="bbox 1101 414 1893 455">
     <span class='ocr_line' id='line_1_21' title="bbox 1101 414 1893 455; baseline 0 -12"><span class='ocrx_word' id='word_1_121' title='bbox 1101 414 1207 455; x_wconf 81' lang='grc' dir='ltr'>Γαϐρᾶς</span> <span class='ocrx_word' id='word_1_122' title='bbox 1230 427 1259 454; x_wconf 86' lang='lat' dir='ltr'><strong>p.</strong></span> <span class='ocrx_word' id='word_1_123' title='bbox 1274 418 1338 447; x_wconf 86' lang='lat'><strong>28&#39;2.</strong></span> <span class='ocrx_word' id='word_1_124' title='bbox 1364 418 1483 446; x_wconf 91' lang='lat' dir='ltr'><strong>Invenio</strong></span> <span class='ocrx_word' id='word_1_125' title='bbox 1508 414 1600 455; x_wconf 81' lang='grc' dir='ltr'>Γάϐρα</span> <span class='ocrx_word' id='word_1_126' title='bbox 1623 425 1730 445; x_wconf 85' lang='lat' dir='ltr'><strong>nomen</strong></span> <span class='ocrx_word' id='word_1_127' title='bbox 1763 415 1893 443; x_wconf 86' lang='lat' dir='ltr'><strong>civitatis</strong></span> 
     </span>
    </p>
   </div>
   <div class='ocr_carea' id='block_1_22' title="bbox 1065 459 1894 499">
    <p class='ocr_par' dir='ltr' id='par_1_22' title="bbox 1065 459 1894 499">
     <span class='ocr_line' id='line_1_22' title="bbox 1065 459 1894 499; baseline -0.002 -10"><span class='ocrx_word' id='word_1_128' title='bbox 1065 461 1190 490; x_wconf 72' lang='lat' dir='ltr'><strong>Persicae</strong></span> <span class='ocrx_word' id='word_1_129' title='bbox 1202 463 1279 499; x_wconf 88' lang='lat' dir='ltr'><strong>apud</strong></span> <span class='ocrx_word' id='word_1_130' title='bbox 1291 462 1492 497; x_wconf 70' lang='lat' dir='ltr'><strong>Ptolemaeum;</strong></span> <span class='ocrx_word' id='word_1_131' title='bbox 1504 471 1538 490; x_wconf 84' lang='lat' dir='ltr'><strong>ex</strong></span> <span class='ocrx_word' id='word_1_132' title='bbox 1544 471 1603 498; x_wconf 84' lang='lat' dir='ltr'><strong>qua</strong></span> <span class='ocrx_word' id='word_1_133' title='bbox 1613 462 1741 497; x_wconf 78' lang='lat' dir='ltr'><strong>majores</strong></span> <span class='ocrx_word' id='word_1_134' title='bbox 1752 459 1894 489; x_wconf 80' lang='lat' dir='ltr'><strong>Germani</strong></span> 
     </span>
    </p>
   </div>
   <div class='ocr_carea' id='block_1_23' title="bbox 1067 504 1894 544">
    <p class='ocr_par' dir='ltr' id='par_1_23' title="bbox 1067 504 1894 544">
     <span class='ocr_line' id='line_1_23' title="bbox 1067 504 1894 544; baseline -0.004 -10"><span class='ocrx_word' id='word_1_135' title='bbox 1067 507 1250 542; x_wconf 73' lang='lat' dir='ltr'><strong>patriarchae,</strong></span> <span class='ocrx_word' id='word_1_136' title='bbox 1271 508 1307 535; x_wconf 90' lang='lat' dir='ltr'><strong>de</strong></span> <span class='ocrx_word' id='word_1_137' title='bbox 1333 516 1391 544; x_wconf 86' lang='lat' dir='ltr'><strong>quo</strong></span> <span class='ocrx_word' id='word_1_138' title='bbox 1420 507 1468 535; x_wconf 92' lang='lat' dir='ltr'><strong>hic</strong></span> <span class='ocrx_word' id='word_1_139' title='bbox 1499 506 1607 544; x_wconf 87' lang='lat' dir='ltr'><strong>agitur,</strong></span> <span class='ocrx_word' id='word_1_140' title='bbox 1635 508 1716 534; x_wconf 84' lang='lat' dir='ltr'><strong>ortos</strong></span> <span class='ocrx_word' id='word_1_141' title='bbox 1749 504 1894 541; x_wconf 79' lang='lat' dir='ltr'><strong>oportuit.</strong></span> 
     </span>
    </p>
   </div>
   <div class='ocr_carea' id='block_1_24' title="bbox 1071 548 1897 587">
    <p class='ocr_par' dir='ltr' id='par_1_24' title="bbox 1071 548 1897 587">
     <span class='ocr_line' id='line_1_24' title="bbox 1071 548 1897 587; baseline -0.002 -9"><span class='ocrx_word' id='word_1_142' title='bbox 1071 552 1213 580; x_wconf 68' lang='lat' dir='ltr'><strong>Ceterum</strong></span> <span class='ocrx_word' id='word_1_143' title='bbox 1243 553 1317 581; x_wconf 84' lang='lat' dir='ltr'><strong>ratio</strong></span> <span class='ocrx_word' id='word_1_144' title='bbox 1346 551 1508 583; x_wconf 79' lang='grc' dir='ltr'><strong>ἀντιθὲσιως</strong></span> <span class='ocrx_word' id='word_1_145' title='bbox 1536 551 1666 587; x_wconf 87' lang='lat' dir='ltr'><strong>exigeret</strong></span> <span class='ocrx_word' id='word_1_146' title='bbox 1691 552 1724 577; x_wconf 91' lang='lat' dir='ltr'><strong>ut</strong></span> <span class='ocrx_word' id='word_1_147' title='bbox 1751 558 1769 577; x_wconf 84' lang='lat' dir='ltr'><strong>a</strong></span> <span class='ocrx_word' id='word_1_148' title='bbox 1796 548 1897 577; x_wconf 85' lang='lat' dir='ltr'><strong>Graba</strong></span> 
     </span>
    </p>
   </div>
   <div class='ocr_carea' id='block_1_25' title="bbox 1068 594 1897 632">
    <p class='ocr_par' dir='ltr' id='par_1_25' title="bbox 1068 594 1897 632">
     <span class='ocr_line' id='line_1_25' title="bbox 1068 594 1897 632; baseline -0.004 -10"><span class='ocrx_word' id='word_1_149' title='bbox 1068 596 1178 631; x_wconf 81' lang='lat' dir='ltr'><strong>gentile</strong></span> <span class='ocrx_word' id='word_1_150' title='bbox 1194 605 1303 625; x_wconf 88' lang='lat' dir='ltr'><strong>nomen</strong></span> <span class='ocrx_word' id='word_1_151' title='bbox 1320 598 1506 631; x_wconf 81' lang='lat' dir='ltr'><strong>formaretur,</strong></span> <span class='ocrx_word' id='word_1_152' title='bbox 1528 596 1606 632; x_wconf 90' lang='lat' dir='ltr'><strong>quod</strong></span> <span class='ocrx_word' id='word_1_153' title='bbox 1636 594 1828 630; x_wconf 82' lang='lat' dir='ltr'><strong>responderet</strong></span> <span class='ocrx_word' id='word_1_154' title='bbox 1855 594 1897 628; x_wconf 81' lang='grc' dir='ltr'><strong>τῷ</strong></span> 
     </span>
    </p>
   </div>
   <div class='ocr_carea' id='block_1_26' title="bbox 1071 638 1896 677">
    <p class='ocr_par' dir='ltr' id='par_1_26' title="bbox 1071 638 1896 677">
     <span class='ocr_line' id='line_1_26' title="bbox 1071 638 1896 677; baseline -0.007 -6"><span class='ocrx_word' id='word_1_155' title='bbox 1071 640 1182 674; x_wconf 80' lang='grc' dir='ltr'><strong>Λάζος;</strong></span> <span class='ocrx_word' id='word_1_156' title='bbox 1198 642 1231 675; x_wconf 88' lang='grc' dir='ltr'>(Ρ</span> <span class='ocrx_word' id='word_1_157' title='bbox 1246 642 1308 677; x_wconf 85' lang='grc'><strong>376)</strong></span> <span class='ocrx_word' id='word_1_158' title='bbox 1339 642 1395 670; x_wconf 86' lang='lat' dir='ltr'><strong>nisi</strong></span> <span class='ocrx_word' id='word_1_159' title='bbox 1425 644 1524 670; x_wconf 85' lang='lat' dir='ltr'><strong>noster</strong></span> <span class='ocrx_word' id='word_1_160' title='bbox 1553 638 1658 677; x_wconf 79' lang='grc' dir='ltr'><strong>Γαϐρᾶς</strong></span> <span class='ocrx_word' id='word_1_161' title='bbox 1682 639 1712 667; x_wconf 92' lang='lat' dir='ltr'><strong>in</strong></span> <span class='ocrx_word' id='word_1_162' title='bbox 1734 640 1813 666; x_wconf 82' lang='lat' dir='ltr'><strong>recto</strong></span> <span class='ocrx_word' id='word_1_163' title='bbox 1841 645 1896 674; x_wconf 84' lang='lat' dir='ltr'><strong>pro</strong></span> 
     </span>
    </p>
   </div>
   <div class='ocr_carea' id='block_1_27' title="bbox 1071 682 1899 724">
    <p class='ocr_par' dir='ltr' id='par_1_27' title="bbox 1071 682 1899 724">
     <span class='ocr_line' id='line_1_27' title="bbox 1071 682 1899 724; baseline 0 -14"><span class='ocrx_word' id='word_1_164' title='bbox 1071 682 1189 722; x_wconf 80' lang='grc' dir='ltr'><strong>Γαϐρεύς</strong></span> <span class='ocrx_word' id='word_1_165' title='bbox 1204 689 1255 714; x_wconf 85' lang='lat' dir='ltr'><strong>aut</strong></span> <span class='ocrx_word' id='word_1_166' title='bbox 1271 683 1403 724; x_wconf 78' lang='grc' dir='ltr'><strong>Γαϐραῖος</strong></span> <span class='ocrx_word' id='word_1_167' title='bbox 1420 686 1560 722; x_wconf 85' lang='lat' dir='ltr'><strong>posuerit,</strong></span> <span class='ocrx_word' id='word_1_168' title='bbox 1582 693 1687 713; x_wconf 89' lang='lat' dir='ltr'><strong>norma</strong></span> <span class='ocrx_word' id='word_1_169' title='bbox 1702 682 1829 720; x_wconf 87' lang='lat' dir='ltr'><strong>quadam</strong></span> <span class='ocrx_word' id='word_1_170' title='bbox 1840 690 1899 710; x_wconf 85' lang='lat' dir='ltr'><strong>suo.</strong></span> 
     </span>
    </p>
   </div>
   <div class='ocr_carea' id='block_1_28' title="bbox 1072 730 1653 767">
    <p class='ocr_par' dir='ltr' id='par_1_28' title="bbox 1072 730 1653 767">
     <span class='ocr_line' id='line_1_28' title="bbox 1072 730 1653 767; baseline 0.002 -11"><span class='ocrx_word' id='word_1_171' title='bbox 1072 731 1201 765; x_wconf 89' lang='lat' dir='ltr'><strong>propria,</strong></span> <span class='ocrx_word' id='word_1_172' title='bbox 1218 734 1250 759; x_wconf 92' lang='lat' dir='ltr'><strong>ut</strong></span> <span class='ocrx_word' id='word_1_173' title='bbox 1263 734 1344 759; x_wconf 84' lang='lat' dir='ltr'><strong>amat</strong></span> <span class='ocrx_word' id='word_1_174' title='bbox 1360 740 1426 760; x_wconf 90' lang='lat' dir='ltr'><strong>cum</strong></span> <span class='ocrx_word' id='word_1_175' title='bbox 1443 731 1545 767; x_wconf 85' lang='lat' dir='ltr'><strong>paucis</strong></span> <span class='ocrx_word' id='word_1_176' title='bbox 1560 730 1653 766; x_wconf 85' lang='lat' dir='ltr'><strong>loqui.</strong></span> 
     </span>
    </p>
   </div>
   <div class='ocr_carea' id='block_1_29' title="bbox 1106 774 1900 816">
    <p class='ocr_par' dir='ltr' id='par_1_29' title="bbox 1106 774 1900 816">
     <span class='ocr_line' id='line_1_29' title="bbox 1106 774 1900 816; baseline -0.001 -12"><span class='ocrx_word' id='word_1_177' title='bbox 1106 778 1263 815; x_wconf 77' lang='grc' dir='ltr'><strong>Γασμοῦλοι</strong></span> <span class='ocrx_word' id='word_1_178' title='bbox 1306 782 1334 808; x_wconf 85' lang='lat' dir='ltr'><strong>et</strong></span> <span class='ocrx_word' id='word_1_179' title='bbox 1372 778 1562 816; x_wconf 78' lang='grc' dir='ltr'><strong>Γασμουλικόν</strong></span> <span class='ocrx_word' id='word_1_180' title='bbox 1598 787 1638 815; x_wconf 86' lang='lat' dir='ltr'><strong>p.</strong></span> <span class='ocrx_word' id='word_1_181' title='bbox 1669 777 1743 805; x_wconf 85' lang='lat'><strong>309.</strong></span> <span class='ocrx_word' id='word_1_182' title='bbox 1781 774 1900 812; x_wconf 83' lang='lat' dir='ltr'><strong>Vulgus</strong></span> 
     </span>
    </p>
   </div>
   <div class='ocr_carea' id='block_1_30' title="bbox 1070 820 1900 860">
    <p class='ocr_par' dir='ltr' id='par_1_30' title="bbox 1070 820 1900 860">
     <span class='ocr_line' id='line_1_30' title="bbox 1070 820 1900 860; baseline -0.004 -10"><span class='ocrx_word' id='word_1_183' title='bbox 1070 822 1262 859; x_wconf 84' lang='lat' dir='ltr'><strong>Byzantinum</strong></span> <span class='ocrx_word' id='word_1_184' title='bbox 1280 825 1424 860; x_wconf 85' lang='lat' dir='ltr'><strong>Hybridas</strong></span> <span class='ocrx_word' id='word_1_185' title='bbox 1434 834 1469 852; x_wconf 87' lang='lat' dir='ltr'><strong>ex</strong></span> <span class='ocrx_word' id='word_1_186' title='bbox 1482 824 1592 852; x_wconf 84' lang='lat' dir='ltr'><strong>Latinis</strong></span> <span class='ocrx_word' id='word_1_187' title='bbox 1603 820 1900 858; x_wconf 84' lang='lat' dir='ltr'><strong>patribus,matribus</strong></span> 
     </span>
    </p>
   </div>
   <div class='ocr_carea' id='block_1_31' title="bbox 1070 866 1899 907">
    <p class='ocr_par' dir='ltr' id='par_1_31' title="bbox 1070 866 1899 907">
     <span class='ocr_line' id='line_1_31' title="bbox 1070 866 1899 907; baseline -0.001 -14"><span class='ocrx_word' id='word_1_188' title='bbox 1070 868 1176 895; x_wconf 77' lang='lat' dir='ltr'><strong>Graecis</strong></span> <span class='ocrx_word' id='word_1_189' title='bbox 1189 871 1272 896; x_wconf 83' lang='lat' dir='ltr'><strong>natos</strong></span> <span class='ocrx_word' id='word_1_190' title='bbox 1288 870 1361 898; x_wconf 76' lang='lat'><strong>551</strong></span> <span class='ocrx_word' id='word_1_191' title='bbox 1376 867 1553 907; x_wconf 77' lang='grc' dir='ltr'><strong>γασμοὺλους</strong></span> <span class='ocrx_word' id='word_1_192' title='bbox 1565 875 1669 895; x_wconf 86' lang='lat' dir='ltr'><strong>vocare</strong></span> <span class='ocrx_word' id='word_1_193' title='bbox 1692 866 1899 898; x_wconf 75' lang='lat' dir='ltr'><strong>consueverat,</strong></span> 
     </span>
    </p>
   </div>
   <div class='ocr_carea' id='block_1_32' title="bbox 1073 908 1901 948">
    <p class='ocr_par' dir='ltr' id='par_1_32' title="bbox 1073 908 1901 948">
     <span class='ocr_line' id='line_1_32' title="bbox 1073 908 1901 948; baseline -0.001 -10"><span class='ocrx_word' id='word_1_194' title='bbox 1073 914 1104 938; x_wconf 89' lang='lat' dir='ltr'><strong>ut</strong></span> <span class='ocrx_word' id='word_1_195' title='bbox 1119 913 1205 940; x_wconf 82' lang='lat' dir='ltr'><strong>docet</strong></span> <span class='ocrx_word' id='word_1_196' title='bbox 1221 923 1273 942; x_wconf 91' lang='lat' dir='ltr'><strong>nos</strong></span> <span class='ocrx_word' id='word_1_197' title='bbox 1285 915 1339 942; x_wconf 90' lang='lat' dir='ltr'><strong>hoc</strong></span> <span class='ocrx_word' id='word_1_198' title='bbox 1354 914 1415 943; x_wconf 90' lang='lat' dir='ltr'><strong>loco</strong></span> <span class='ocrx_word' id='word_1_199' title='bbox 1431 914 1545 942; x_wconf 84' lang='lat' dir='ltr'><strong>Noster.</strong></span> <span class='ocrx_word' id='word_1_200' title='bbox 1562 913 1648 948; x_wconf 83' lang='lat' dir='ltr'><strong>Origo</strong></span> <span class='ocrx_word' id='word_1_201' title='bbox 1674 910 1742 940; x_wconf 83' lang='lat' dir='ltr'><strong>talis</strong></span> <span class='ocrx_word' id='word_1_202' title='bbox 1768 908 1901 946; x_wconf 81' lang='lat' dir='ltr'><strong>appella-</strong></span> 
     </span>
    </p>
   </div>
   <div class='ocr_carea' id='block_1_33' title="bbox 1072 953 1900 995">
    <p class='ocr_par' dir='ltr' id='par_1_33' title="bbox 1072 953 1900 995">
     <span class='ocr_line' id='line_1_33' title="bbox 1072 953 1900 995; baseline -0.002 -12"><span class='ocrx_word' id='word_1_203' title='bbox 1072 956 1160 984; x_wconf 85' lang='lat' dir='ltr'><strong>tionis</strong></span> <span class='ocrx_word' id='word_1_204' title='bbox 1176 959 1289 986; x_wconf 87' lang='lat' dir='ltr'><strong>incerta</strong></span> <span class='ocrx_word' id='word_1_205' title='bbox 1304 959 1510 995; x_wconf 80' lang='lat' dir='ltr'><strong>est.Suspicari</strong></span> <span class='ocrx_word' id='word_1_206' title='bbox 1522 961 1621 986; x_wconf 87' lang='lat' dir='ltr'><strong>tamen</strong></span> <span class='ocrx_word' id='word_1_207' title='bbox 1633 957 1701 985; x_wconf 88' lang='lat' dir='ltr'><strong>licet</strong></span> <span class='ocrx_word' id='word_1_208' title='bbox 1720 955 1850 984; x_wconf 87' lang='lat' dir='ltr'><strong>allusum</strong></span> <span class='ocrx_word' id='word_1_209' title='bbox 1868 953 1900 981; x_wconf 88' lang='lat' dir='ltr'><strong>in</strong></span> 
     </span>
    </p>
   </div>
   <div class='ocr_carea' id='block_1_34' title="bbox 184 998 1013 1040">
    <p class='ocr_par' dir='ltr' id='par_1_34' title="bbox 184 998 1011 1039">
     <span class='ocr_line' id='line_1_34' title="bbox 184 998 1011 1039; baseline -0.006 -9"><span class='ocrx_word' id='word_1_210' title='bbox 184 1002 271 1030; x_wconf 87' lang='lat' dir='ltr'><strong>codd.</strong></span> <span class='ocrx_word' id='word_1_211' title='bbox 290 1003 348 1030; x_wconf 83' lang='lat' dir='ltr'><strong>nisi</strong></span> <span class='ocrx_word' id='word_1_212' title='bbox 364 1004 441 1039; x_wconf 90' lang='lat' dir='ltr'><strong>quod</strong></span> <span class='ocrx_word' id='word_1_213' title='bbox 459 1003 524 1032; x_wconf 85' lang='lat' dir='ltr'><strong>Vat.</strong></span> <span class='ocrx_word' id='word_1_214' title='bbox 542 1004 577 1030; x_wconf 88' lang='lat' dir='ltr'><strong>ad</strong></span> <span class='ocrx_word' id='word_1_215' title='bbox 597 999 740 1039; x_wconf 69' lang='grc' dir='ltr'>βεϐράναις</span> <span class='ocrx_word' id='word_1_216' title='bbox 757 1002 839 1029; x_wconf 82' lang='lat' dir='ltr'><strong>addit</strong></span> <span class='ocrx_word' id='word_1_217' title='bbox 861 998 1011 1036; x_wconf 77' lang='grc' dir='ltr'><strong>συμπίσσῃ,</strong></span> 
     </span>
    </p>
   </div>
   <div class='ocr_carea' id='block_1_35' title="bbox 1077 998 1902 1040">
    <p class='ocr_par' dir='ltr' id='par_1_35' title="bbox 1077 999 1902 1031">
     <span class='ocr_line' id='line_1_35' title="bbox 1077 999 1902 1031; baseline -0.004 -3"><span class='ocrx_word' id='word_1_218' title='bbox 1077 1009 1105 1028; x_wconf 73' lang='lat' dir='ltr'><strong>ea</strong></span> <span class='ocrx_word' id='word_1_219' title='bbox 1116 1001 1151 1029; x_wconf 90' lang='lat' dir='ltr'><strong>ad</strong></span> <span class='ocrx_word' id='word_1_220' title='bbox 1164 1011 1262 1031; x_wconf 84' lang='lat' dir='ltr'><strong>vocem</strong></span> <span class='ocrx_word' id='word_1_221' title='bbox 1277 1004 1407 1031; x_wconf 82' lang='lat' dir='ltr'><strong>Latinam</strong></span> <span class='ocrx_word' id='word_1_222' title='bbox 1423 1004 1516 1031; x_wconf 80' lang='lat' dir='ltr'><strong>mulus</strong></span> <span class='ocrx_word' id='word_1_223' title='bbox 1529 1002 1639 1031; x_wconf 82' lang='lat' dir='ltr'><strong>Graecis</strong></span> <span class='ocrx_word' id='word_1_224' title='bbox 1651 1001 1736 1029; x_wconf 85' lang='lat' dir='ltr'><strong>etiam</strong></span> <span class='ocrx_word' id='word_1_225' title='bbox 1746 999 1902 1028; x_wconf 74' lang='lat' dir='ltr'><strong>usitatam.</strong></span> 
     </span>
    </p>
   </div>
   <div class='ocr_carea' id='block_1_36' title="bbox 184 1043 1012 1083">
    <p class='ocr_par' dir='ltr' id='par_1_36' title="bbox 184 1043 1012 1083">
     <span class='ocr_line' id='line_1_36' title="bbox 184 1043 1012 1083; baseline -0.006 -9"><span class='ocrx_word' id='word_1_226' title='bbox 184 1046 295 1075; x_wconf 86' lang='lat' dir='ltr'><strong>omissa</strong></span> <span class='ocrx_word' id='word_1_227' title='bbox 324 1056 393 1075; x_wconf 87' lang='lat' dir='ltr'><strong>voce</strong></span> <span class='ocrx_word' id='word_1_228' title='bbox 421 1046 500 1076; x_wconf 76' lang='grc' dir='ltr'><strong>οὖσι.</strong></span> <span class='ocrx_word' id='word_1_229' title='bbox 528 1047 649 1082; x_wconf 88' lang='lat' dir='ltr'><strong>Voluit,</strong></span> <span class='ocrx_word' id='word_1_230' title='bbox 682 1048 803 1083; x_wconf 90' lang='lat' dir='ltr'><strong>opinor,</strong></span> <span class='ocrx_word' id='word_1_231' title='bbox 836 1052 942 1080; x_wconf 87' lang='lat' dir='ltr'><strong>ponere</strong></span> <span class='ocrx_word' id='word_1_232' title='bbox 966 1043 1012 1070; x_wconf 80' lang='grc' dir='ltr'><strong>σὺν</strong></span> 
     </span>
    </p>
   </div>
   <div class='ocr_carea' id='block_1_37' title="bbox 187 1089 1013 1128">
    <p class='ocr_par' dir='ltr' id='par_1_37' title="bbox 187 1089 1013 1128">
     <span class='ocr_line' id='line_1_37' title="bbox 187 1089 1013 1128; baseline -0.002 -11"><span class='ocrx_word' id='word_1_233' title='bbox 187 1090 285 1127; x_wconf 69' lang='grc' dir='ltr'><strong>πίσσῃ,</strong></span> <span class='ocrx_word' id='word_1_234' title='bbox 301 1094 334 1120; x_wconf 89' lang='lat' dir='ltr'><strong>ut</strong></span> <span class='ocrx_word' id='word_1_235' title='bbox 352 1092 531 1128; x_wconf 87' lang='lat' dir='ltr'><strong>signiﬁcaret</strong></span> <span class='ocrx_word' id='word_1_236' title='bbox 547 1093 640 1128; x_wconf 88' lang='lat' dir='ltr'><strong>picem</strong></span> <span class='ocrx_word' id='word_1_237' title='bbox 671 1092 800 1119; x_wconf 83' lang='lat' dir='ltr'><strong>additam</strong></span> <span class='ocrx_word' id='word_1_238' title='bbox 833 1089 1013 1118; x_wconf 87' lang='lat' dir='ltr'><strong>membranis</strong></span> 
     </span>
    </p>
   </div>
   <div class='ocr_carea' id='block_1_38' title="bbox 188 1133 1013 1173">
    <p class='ocr_par' dir='ltr' id='par_1_38' title="bbox 188 1133 1013 1173">
     <span class='ocr_line' id='line_1_38' title="bbox 188 1133 1013 1173; baseline -0.002 -11"><span class='ocrx_word' id='word_1_239' title='bbox 188 1136 309 1163; x_wconf 83' lang='lat' dir='ltr'><strong>urendis</strong></span> <span class='ocrx_word' id='word_1_240' title='bbox 335 1145 426 1172; x_wconf 82' lang='lat' dir='ltr'><strong>supra</strong></span> <span class='ocrx_word' id='word_1_241' title='bbox 451 1140 540 1173; x_wconf 87' lang='lat' dir='ltr'><strong>caput</strong></span> <span class='ocrx_word' id='word_1_242' title='bbox 568 1137 716 1169; x_wconf 66' lang='lat' dir='ltr'><strong>Caloidzs;</strong></span> <span class='ocrx_word' id='word_1_243' title='bbox 743 1136 793 1171; x_wconf 90' lang='lat' dir='ltr'><strong>qui</strong></span> <span class='ocrx_word' id='word_1_244' title='bbox 827 1135 869 1162; x_wconf 90' lang='lat' dir='ltr'><strong>sic</strong></span> <span class='ocrx_word' id='word_1_245' title='bbox 900 1133 1013 1169; x_wconf 84' lang='lat' dir='ltr'><strong>capillis</strong></span> 
     </span>
    </p>
   </div>
   <div class='ocr_carea' id='block_1_39' title="bbox 188 1181 1011 1218">
    <p class='ocr_par' dir='ltr' id='par_1_39' title="bbox 188 1181 1011 1218">
     <span class='ocr_line' id='line_1_39' title="bbox 188 1181 1011 1218; baseline -0.002 -10"><span class='ocrx_word' id='word_1_246' title='bbox 188 1181 310 1210; x_wconf 86' lang='lat' dir='ltr'><strong>ﬂamma</strong></span> <span class='ocrx_word' id='word_1_247' title='bbox 327 1182 474 1218; x_wconf 84' lang='lat' dir='ltr'><strong>applicata</strong></span> <span class='ocrx_word' id='word_1_248' title='bbox 492 1183 633 1218; x_wconf 87' lang='lat' dir='ltr'><strong>correptis</strong></span> <span class='ocrx_word' id='word_1_249' title='bbox 650 1184 811 1210; x_wconf 62' lang='lat' dir='ltr'><strong>excecatus</strong></span> <span class='ocrx_word' id='word_1_250' title='bbox 841 1181 931 1208; x_wconf 88' lang='lat' dir='ltr'><strong>miser</strong></span> <span class='ocrx_word' id='word_1_251' title='bbox 958 1182 1011 1207; x_wconf 91' lang='lat' dir='ltr'><strong>est.</strong></span> 
     </span>
    </p>
   </div>
   <div class='ocr_carea' id='block_1_40' title="bbox 188 1222 1013 1263">
    <p class='ocr_par' dir='ltr' id='par_1_40' title="bbox 188 1222 1013 1263">
     <span class='ocr_line' id='line_1_40' title="bbox 188 1222 1013 1263; baseline -0.001 -11"><span class='ocrx_word' id='word_1_252' title='bbox 188 1222 335 1263; x_wconf 79' lang='grc' dir='ltr'>Βεϐράναις</span> <span class='ocrx_word' id='word_1_253' title='bbox 364 1230 434 1262; x_wconf 87' lang='lat' dir='ltr'><strong>puto</strong></span> <span class='ocrx_word' id='word_1_254' title='bbox 472 1228 584 1255; x_wconf 86' lang='lat' dir='ltr'><strong>dictum</strong></span> <span class='ocrx_word' id='word_1_255' title='bbox 620 1237 672 1263; x_wconf 92' lang='lat' dir='ltr'><strong>pro</strong></span> <span class='ocrx_word' id='word_1_256' title='bbox 703 1224 850 1263; x_wconf 77' lang='grc' dir='ltr'>μεϐράναις</span> <span class='ocrx_word' id='word_1_257' title='bbox 883 1235 917 1252; x_wconf 84' lang='lat' dir='ltr'><strong>ex</strong></span> <span class='ocrx_word' id='word_1_258' title='bbox 945 1232 1013 1251; x_wconf 89' lang='lat' dir='ltr'><strong>voce</strong></span> 
     </span>
    </p>
   </div>
   <div class='ocr_carea' id='block_1_41' title="bbox 190 1269 1014 1308">
    <p class='ocr_par' dir='ltr' id='par_1_41' title="bbox 190 1269 1014 1308">
     <span class='ocr_line' id='line_1_41' title="bbox 190 1269 1014 1308; baseline -0.004 -10"><span class='ocrx_word' id='word_1_259' title='bbox 190 1271 293 1299; x_wconf 86' lang='lat' dir='ltr'><strong>Latina</strong></span> <span class='ocrx_word' id='word_1_260' title='bbox 310 1273 490 1300; x_wconf 72' lang='lat' dir='ltr'><strong>membranae:</strong></span> <span class='ocrx_word' id='word_1_261' title='bbox 506 1273 576 1308; x_wconf 90' lang='lat' dir='ltr'><strong>quid</strong></span> <span class='ocrx_word' id='word_1_262' title='bbox 591 1273 667 1300; x_wconf 89' lang='lat' dir='ltr'><strong>enim</strong></span> <span class='ocrx_word' id='word_1_263' title='bbox 684 1270 931 1306; x_wconf 78' lang='lat' dir='ltr'><strong>aliudsuspiccr?</strong></span> <span class='ocrx_word' id='word_1_264' title='bbox 943 1269 1014 1305; x_wconf 89' lang='lat' dir='ltr'><strong>quin</strong></span> 
     </span>
    </p>
   </div>
   <div class='ocr_carea' id='block_1_42' title="bbox 189 1315 1013 1350">
    <p class='ocr_par' dir='ltr' id='par_1_42' title="bbox 189 1315 1013 1350">
     <span class='ocr_line' id='line_1_42' title="bbox 189 1315 1013 1350; baseline -0.002 -8"><span class='ocrx_word' id='word_1_265' title='bbox 189 1316 303 1344; x_wconf 82' lang='lat' dir='ltr'><strong>nisime</strong></span> <span class='ocrx_word' id='word_1_266' title='bbox 320 1317 480 1344; x_wconf 82' lang='lat' dir='ltr'><strong>deterreret</strong></span> <span class='ocrx_word' id='word_1_267' title='bbox 507 1326 671 1345; x_wconf 85' lang='lat' dir='ltr'><strong>consensus</strong></span> <span class='ocrx_word' id='word_1_268' title='bbox 694 1317 839 1350; x_wconf 87' lang='lat' dir='ltr'><strong>codicum,</strong></span> <span class='ocrx_word' id='word_1_269' title='bbox 867 1315 1013 1343; x_wconf 86' lang='lat' dir='ltr'><strong>crederem</strong></span> 
     </span>
    </p>
   </div>
   <div class='ocr_carea' id='block_1_43' title="bbox 189 1355 1015 1397">
    <p class='ocr_par' dir='ltr' id='par_1_43' title="bbox 189 1355 1015 1397">
     <span class='ocr_line' id='line_1_43' title="bbox 189 1355 1015 1397; baseline -0.004 -10"><span class='ocrx_word' id='word_1_270' title='bbox 189 1369 287 1388; x_wconf 87' lang='lat' dir='ltr'><strong>errore</strong></span> <span class='ocrx_word' id='word_1_271' title='bbox 297 1361 490 1389; x_wconf 84' lang='lat' dir='ltr'><strong>librariorum</strong></span> <span class='ocrx_word' id='word_1_272' title='bbox 504 1362 681 1397; x_wconf 77' lang='lat' dir='ltr'><strong>scriptorum</strong></span> <span class='ocrx_word' id='word_1_273' title='bbox 696 1358 838 1397; x_wconf 75' lang='grc' dir='ltr'><strong>βεϐράναις</strong></span> <span class='ocrx_word' id='word_1_274' title='bbox 855 1369 904 1395; x_wconf 87' lang='lat' dir='ltr'><strong>pro</strong></span> <span class='ocrx_word' id='word_1_275' title='bbox 918 1355 1015 1395; x_wconf 75' lang='grc' dir='ltr'><strong>μεϐρά-</strong></span> 
     </span>
    </p>
   </div>
   <div class='ocr_carea' id='block_1_44' title="bbox 190 1404 1015 1442">
    <p class='ocr_par' dir='ltr' id='par_1_44' title="bbox 190 1404 1015 1442">
     <span class='ocr_line' id='line_1_44' title="bbox 190 1404 1015 1442; baseline -0.005 -8"><span class='ocrx_word' id='word_1_276' title='bbox 190 1414 261 1440; x_wconf 81' lang='grc' dir='ltr'><strong>ναις,</strong></span> <span class='ocrx_word' id='word_1_277' title='bbox 278 1414 310 1433; x_wconf 92' lang='lat' dir='ltr'><strong>eo</strong></span> <span class='ocrx_word' id='word_1_278' title='bbox 327 1406 529 1441; x_wconf 86' lang='lat' dir='ltr'><strong>deceptorum,</strong></span> <span class='ocrx_word' id='word_1_279' title='bbox 544 1407 621 1441; x_wconf 87' lang='lat' dir='ltr'><strong>quod</strong></span> <span class='ocrx_word' id='word_1_280' title='bbox 637 1407 666 1433; x_wconf 88' lang='lat' dir='ltr'><strong>in</strong></span> <span class='ocrx_word' id='word_1_281' title='bbox 683 1405 788 1442; x_wconf 87' lang='lat' dir='ltr'><strong>primis</strong></span> <span class='ocrx_word' id='word_1_282' title='bbox 799 1404 1015 1439; x_wconf 84' lang='lat' dir='ltr'><strong>exemplaribus</strong></span> 
     </span>
    </p>
   </div>
   <div class='ocr_carea' id='block_1_45' title="bbox 194 1450 1014 1487">
    <p class='ocr_par' dir='ltr' id='par_1_45' title="bbox 194 1450 1014 1487">
     <span class='ocr_line' id='line_1_45' title="bbox 194 1450 1014 1487; baseline -0.002 -11"><span class='ocrx_word' id='word_1_283' title='bbox 194 1450 272 1477; x_wconf 91' lang='lat' dir='ltr'><strong>unde</strong></span> <span class='ocrx_word' id='word_1_284' title='bbox 286 1452 479 1486; x_wconf 86' lang='lat' dir='ltr'><strong>exscripsere,</strong></span> <span class='ocrx_word' id='word_1_285' title='bbox 497 1451 528 1477; x_wconf 85' lang='grc' dir='ltr'><strong>τὸ</strong></span> <span class='ocrx_word' id='word_1_286' title='bbox 547 1451 562 1487; x_wconf 84' lang='grc' dir='ltr'>β</span> <span class='ocrx_word' id='word_1_287' title='bbox 578 1460 611 1478; x_wconf 86' lang='lat' dir='ltr'><strong>ea</strong></span> <span class='ocrx_word' id='word_1_288' title='bbox 638 1451 733 1486; x_wconf 83' lang='lat' dir='ltr'><strong>ﬁgura</strong></span> <span class='ocrx_word' id='word_1_289' title='bbox 757 1451 925 1486; x_wconf 84' lang='lat' dir='ltr'><strong>pingeretur</strong></span> <span class='ocrx_word' id='word_1_290' title='bbox 951 1456 1014 1483; x_wconf 69' lang='lat' dir='ltr'><strong>quas</strong></span> 
     </span>
    </p>
   </div>
   <div class='ocr_carea' id='block_1_46' title="bbox 192 1493 1015 1531">
    <p class='ocr_par' dir='ltr' id='par_1_46' title="bbox 192 1493 1015 1531">
     <span class='ocr_line' id='line_1_46' title="bbox 192 1493 1015 1531; baseline -0.002 -10"><span class='ocrx_word' id='word_1_291' title='bbox 192 1502 297 1529; x_wconf 85' lang='lat' dir='ltr'><strong>parum</strong></span> <span class='ocrx_word' id='word_1_292' title='bbox 314 1495 407 1522; x_wconf 83' lang='lat' dir='ltr'><strong>distat</strong></span> <span class='ocrx_word' id='word_1_293' title='bbox 423 1504 440 1522; x_wconf 91' lang='lat' dir='ltr'><strong>a</strong></span> <span class='ocrx_word' id='word_1_294' title='bbox 463 1505 492 1531; x_wconf 78' lang='grc' dir='ltr'><strong>μ.</strong></span> <span class='ocrx_word' id='word_1_295' title='bbox 520 1496 578 1523; x_wconf 84' lang='lat' dir='ltr'><strong>Hoc</strong></span> <span class='ocrx_word' id='word_1_296' title='bbox 609 1495 671 1523; x_wconf 90' lang='lat' dir='ltr'><strong>ﬁeri</strong></span> <span class='ocrx_word' id='word_1_297' title='bbox 694 1495 867 1531; x_wconf 90' lang='lat' dir='ltr'><strong>plerumque</strong></span> <span class='ocrx_word' id='word_1_298' title='bbox 895 1493 1015 1521; x_wconf 87' lang='lat' dir='ltr'><strong>solitum</strong></span> 
     </span>
    </p>
   </div>
   <div class='ocr_carea' id='block_1_47' title="bbox 192 1540 1015 1575">
    <p class='ocr_par' dir='ltr' id='par_1_47' title="bbox 192 1540 1015 1575">
     <span class='ocr_line' id='line_1_47' title="bbox 192 1540 1015 1575; baseline -0.002 -9"><span class='ocrx_word' id='word_1_299' title='bbox 192 1547 268 1573; x_wconf 86' lang='lat' dir='ltr'><strong>esse,</strong></span> <span class='ocrx_word' id='word_1_300' title='bbox 286 1543 394 1567; x_wconf 88' lang='lat' dir='ltr'><strong>norunt</strong></span> <span class='ocrx_word' id='word_1_301' title='bbox 412 1540 461 1575; x_wconf 91' lang='lat' dir='ltr'><strong>qui</strong></span> <span class='ocrx_word' id='word_1_302' title='bbox 479 1540 509 1567; x_wconf 93' lang='lat' dir='ltr'><strong>in</strong></span> <span class='ocrx_word' id='word_1_303' title='bbox 522 1540 655 1568; x_wconf 91' lang='lat' dir='ltr'><strong>codicum</strong></span> <span class='ocrx_word' id='word_1_304' title='bbox 672 1540 837 1567; x_wconf 66' lang='lat' dir='ltr'><strong>Graecorum</strong></span> <span class='ocrx_word' id='word_1_305' title='bbox 853 1547 941 1566; x_wconf 89' lang='lat' dir='ltr'><strong>manu</strong></span> <span class='ocrx_word' id='word_1_306' title='bbox 953 1546 1015 1565; x_wconf 89' lang='lat' dir='ltr'><strong>exa-</strong></span> 
     </span>
    </p>
   </div>
   <div class='ocr_carea' id='block_1_48' title="bbox 192 1582 1016 1620">
    <p class='ocr_par' dir='ltr' id='par_1_48' title="bbox 192 1582 1016 1620">
     <span class='ocr_line' id='line_1_48' title="bbox 192 1582 1016 1620; baseline -0.004 -9"><span class='ocrx_word' id='word_1_307' title='bbox 192 1585 323 1611; x_wconf 84' lang='lat' dir='ltr'><strong>ratorum</strong></span> <span class='ocrx_word' id='word_1_308' title='bbox 352 1584 475 1612; x_wconf 81' lang='lat' dir='ltr'><strong>fectione</strong></span> <span class='ocrx_word' id='word_1_309' title='bbox 490 1585 597 1613; x_wconf 85' lang='lat' dir='ltr'><strong>versati</strong></span> <span class='ocrx_word' id='word_1_310' title='bbox 614 1587 693 1620; x_wconf 88' lang='lat' dir='ltr'><strong>sunt,</strong></span> <span class='ocrx_word' id='word_1_311' title='bbox 706 1585 812 1612; x_wconf 85' lang='lat' dir='ltr'><strong>Locum</strong></span> <span class='ocrx_word' id='word_1_312' title='bbox 826 1591 911 1619; x_wconf 92' lang='lat' dir='ltr'><strong>porro</strong></span> <span class='ocrx_word' id='word_1_313' title='bbox 926 1582 1016 1614; x_wconf 89' lang='lat' dir='ltr'><strong>hunc,</strong></span> 
     </span>
    </p>
   </div>
   <div class='ocr_carea' id='block_1_49' title="bbox 193 1627 1017 1665">
    <p class='ocr_par' dir='ltr' id='par_1_49' title="bbox 193 1627 1017 1665">
     <span class='ocr_line' id='line_1_49' title="bbox 193 1627 1017 1665; baseline -0.002 -10"><span class='ocrx_word' id='word_1_314' title='bbox 193 1630 227 1655; x_wconf 91' lang='lat' dir='ltr'><strong>ut</strong></span> <span class='ocrx_word' id='word_1_315' title='bbox 244 1628 273 1655; x_wconf 90' lang='lat' dir='ltr'><strong>in</strong></span> <span class='ocrx_word' id='word_1_316' title='bbox 287 1629 350 1656; x_wconf 90' lang='lat' dir='ltr'><strong>cod.</strong></span> <span class='ocrx_word' id='word_1_317' title='bbox 370 1630 491 1657; x_wconf 90' lang='lat' dir='ltr'><strong>duobus</strong></span> <span class='ocrx_word' id='word_1_318' title='bbox 510 1630 529 1657; x_wconf 86' lang='lat' dir='ltr'><strong>B</strong></span> <span class='ocrx_word' id='word_1_319' title='bbox 545 1632 573 1657; x_wconf 89' lang='lat' dir='ltr'><strong>et</strong></span> <span class='ocrx_word' id='word_1_320' title='bbox 588 1632 611 1656; x_wconf 90' lang='lat' dir='ltr'><strong>A</strong></span> <span class='ocrx_word' id='word_1_321' title='bbox 636 1629 799 1665; x_wconf 82' lang='lat' dir='ltr'><strong>legebatur,</strong></span> <span class='ocrx_word' id='word_1_322' title='bbox 815 1627 1017 1656; x_wconf 77' lang='lat' dir='ltr'><strong>mandandum</strong></span> 
     </span>
    </p>
   </div>
   <div class='ocr_carea' id='block_1_50' title="bbox 194 1669 1013 1709">
    <p class='ocr_par' dir='ltr' id='par_1_50' title="bbox 194 1669 1013 1709">
     <span class='ocr_line' id='line_1_50' title="bbox 194 1669 1013 1709; baseline -0.006 -9"><span class='ocrx_word' id='word_1_323' title='bbox 194 1681 228 1700; x_wconf 83' lang='lat' dir='ltr'><strong>ex</strong></span> <span class='ocrx_word' id='word_1_324' title='bbox 243 1672 383 1701; x_wconf 76' lang='lat' dir='ltr'><strong>Vaticano</strong></span> <span class='ocrx_word' id='word_1_325' title='bbox 399 1674 510 1709; x_wconf 87' lang='lat' dir='ltr'><strong>putavi,</strong></span> <span class='ocrx_word' id='word_1_326' title='bbox 527 1674 663 1702; x_wconf 89' lang='lat' dir='ltr'><strong>restituto</strong></span> <span class='ocrx_word' id='word_1_327' title='bbox 679 1674 708 1701; x_wconf 90' lang='lat' dir='ltr'><strong>in</strong></span> <span class='ocrx_word' id='word_1_328' title='bbox 725 1674 822 1701; x_wconf 85' lang='lat' dir='ltr'><strong>locum</strong></span> <span class='ocrx_word' id='word_1_329' title='bbox 848 1671 927 1700; x_wconf 89' lang='lat' dir='ltr'><strong>verbi</strong></span> <span class='ocrx_word' id='word_1_330' title='bbox 957 1669 1013 1696; x_wconf 76' lang='grc' dir='ltr'><strong>οὖσι</strong></span> 
     </span>
    </p>
   </div>
   <div class='ocr_carea' id='block_1_51' title="bbox 192 1702 1053 1754">
    <p class='ocr_par' dir='ltr' id='par_1_51' title="bbox 192 1702 1053 1754">
     <span class='ocr_line' id='line_1_51' title="bbox 192 1702 1053 1754; baseline -0.001 -11"><span class='ocrx_word' id='word_1_331' title='bbox 192 1719 231 1753; x_wconf 79' lang='grc' dir='ltr'><strong>τῷ</strong></span> <span class='ocrx_word' id='word_1_332' title='bbox 248 1717 294 1744; x_wconf 83' lang='grc' dir='ltr'><strong>σὺν</strong></span> <span class='ocrx_word' id='word_1_333' title='bbox 319 1702 413 1752; x_wconf 43' lang='lat' dir='ltr'><strong>«tam;</strong></span> <span class='ocrx_word' id='word_1_334' title='bbox 447 1702 526 1754; x_wconf 72' lang='lat' dir='ltr'><strong>quod</strong></span> <span class='ocrx_word' id='word_1_335' title='bbox 555 1718 606 1746; x_wconf 90' lang='lat' dir='ltr'><strong>ille</strong></span> <span class='ocrx_word' id='word_1_336' title='bbox 633 1717 765 1754; x_wconf 86' lang='lat' dir='ltr'><strong>suggerit</strong></span> <span class='ocrx_word' id='word_1_337' title='bbox 791 1717 864 1745; x_wconf 84' lang='lat' dir='ltr'><strong>satis</strong></span> <span class='ocrx_word' id='word_1_338' title='bbox 890 1716 925 1744; x_wconf 87' lang='lat' dir='ltr'><strong>ad</strong></span> <span class='ocrx_word' id='word_1_339' title='bbox 955 1723 1017 1742; x_wconf 87' lang='lat' dir='ltr'><strong>rem</strong></span> <span class='ocrx_word' id='word_1_340' title='bbox 1033 1702 1053 1735; x_wconf 65' lang='grc' dir='ltr'>α</span> 
     </span>
    </p>
   </div>
   <div class='ocr_carea' id='block_1_52' title="bbox 194 1762 314 1791">
    <p class='ocr_par' dir='ltr' id='par_1_52' title="bbox 194 1762 314 1791">
     <span class='ocr_line' id='line_1_52' title="bbox 194 1762 314 1791; baseline 0.017 -2"><span class='ocrx_word' id='word_1_341' title='bbox 194 1762 314 1791; x_wconf 81' lang='lat' dir='ltr'><strong>faciens.</strong></span> 
     </span>
    </p>
   </div>
   <div class='ocr_carea' id='block_1_53' title="bbox 227 1803 1016 1844">
    <p class='ocr_par' dir='ltr' id='par_1_53' title="bbox 227 1803 1016 1844">
     <span class='ocr_line' id='line_1_53' title="bbox 227 1803 1016 1844; baseline -0.004 -9"><span class='ocrx_word' id='word_1_342' title='bbox 227 1803 332 1838; x_wconf 81' lang='grc' dir='ltr'>Βὲκλας</span> <span class='ocrx_word' id='word_1_343' title='bbox 368 1816 403 1844; x_wconf 88' lang='lat' dir='ltr'><strong>p.</strong></span> <span class='ocrx_word' id='word_1_344' title='bbox 429 1808 484 1835; x_wconf 83' lang='lat'><strong>28.</strong></span> <span class='ocrx_word' id='word_1_345' title='bbox 514 1808 549 1834; x_wconf 86' lang='grc' dir='ltr'><strong>Τὸ</strong></span> <span class='ocrx_word' id='word_1_346' title='bbox 584 1804 690 1844; x_wconf 76' lang='grc' dir='ltr'>συμϐὰν</span> <span class='ocrx_word' id='word_1_347' title='bbox 719 1806 763 1834; x_wconf 80' lang='grc' dir='ltr'><strong>ἐπὶ</strong></span> <span class='ocrx_word' id='word_1_348' title='bbox 788 1808 826 1841; x_wconf 83' lang='grc' dir='ltr'>τῷ</span> <span class='ocrx_word' id='word_1_349' title='bbox 852 1804 938 1832; x_wconf 66' lang='grc' dir='ltr'>πάλαι</span> <span class='ocrx_word' id='word_1_350' title='bbox 966 1804 1016 1833; x_wconf 72' lang='grc' dir='ltr'><strong>Βέ-</strong></span> 
     </span>
    </p>
   </div>
   <div class='ocr_carea' id='block_1_54' title="bbox 193 1850 1019 1888">
    <p class='ocr_par' dir='ltr' id='par_1_54' title="bbox 193 1850 1019 1888">
     <span class='ocr_line' id='line_1_54' title="bbox 193 1850 1019 1888; baseline -0.001 -10"><span class='ocrx_word' id='word_1_351' title='bbox 193 1850 274 1882; x_wconf 80' lang='grc' dir='ltr'>κλας.</span> <span class='ocrx_word' id='word_1_352' title='bbox 287 1852 447 1881; x_wconf 87' lang='lat' dir='ltr'><strong>Notissima</strong></span> <span class='ocrx_word' id='word_1_353' title='bbox 459 1855 504 1880; x_wconf 90' lang='lat' dir='ltr'><strong>est</strong></span> <span class='ocrx_word' id='word_1_354' title='bbox 521 1853 683 1888; x_wconf 85' lang='lat' dir='ltr'><strong>imposturn</strong></span> <span class='ocrx_word' id='word_1_355' title='bbox 699 1852 866 1887; x_wconf 86' lang='lat' dir='ltr'><strong>Photii.qua</strong></span> <span class='ocrx_word' id='word_1_356' title='bbox 876 1851 922 1878; x_wconf 85' lang='lat' dir='ltr'><strong>sui</strong></span> <span class='ocrx_word' id='word_1_357' title='bbox 938 1859 1019 1878; x_wconf 83' lang='lat' dir='ltr'><strong>revo-</strong></span> 
     </span>
    </p>
   </div>
   <div class='ocr_carea' id='block_1_55' title="bbox 193 1894 1018 1932">
    <p class='ocr_par' dir='ltr' id='par_1_55' title="bbox 193 1894 1018 1932">
     <span class='ocr_line' id='line_1_55' title="bbox 193 1894 1018 1932; baseline -0.002 -9"><span class='ocrx_word' id='word_1_358' title='bbox 193 1896 338 1924; x_wconf 74' lang='lat' dir='ltr'><strong>cntionem</strong></span> <span class='ocrx_word' id='word_1_359' title='bbox 356 1897 391 1924; x_wconf 89' lang='lat' dir='ltr'><strong>ab</strong></span> <span class='ocrx_word' id='word_1_360' title='bbox 407 1897 509 1925; x_wconf 86' lang='lat' dir='ltr'><strong>exsilio</strong></span> <span class='ocrx_word' id='word_1_361' title='bbox 523 1898 691 1925; x_wconf 85' lang='lat' dir='ltr'><strong>eblanditus</strong></span> <span class='ocrx_word' id='word_1_362' title='bbox 701 1899 746 1925; x_wconf 89' lang='lat' dir='ltr'><strong>est</strong></span> <span class='ocrx_word' id='word_1_363' title='bbox 757 1906 772 1924; x_wconf 84' lang='lat' dir='ltr'><strong>a</strong></span> <span class='ocrx_word' id='word_1_364' title='bbox 784 1897 903 1932; x_wconf 86' lang='lat' dir='ltr'><strong>decepto</strong></span> <span class='ocrx_word' id='word_1_365' title='bbox 914 1894 1018 1922; x_wconf 85' lang='lat' dir='ltr'><strong>Basilio</strong></span> 
     </span>
    </p>
   </div>
   <div class='ocr_carea' id='block_1_56' title="bbox 194 1939 1018 1977">
    <p class='ocr_par' dir='ltr' id='par_1_56' title="bbox 194 1939 1018 1977">
     <span class='ocr_line' id='line_1_56' title="bbox 194 1939 1018 1977; baseline -0.002 -10"><span class='ocrx_word' id='word_1_366' title='bbox 194 1940 371 1975; x_wconf 86' lang='lat' dir='ltr'><strong>imperatore</strong></span> <span class='ocrx_word' id='word_1_367' title='bbox 387 1941 521 1969; x_wconf 85' lang='lat' dir='ltr'><strong>fabulosa</strong></span> <span class='ocrx_word' id='word_1_368' title='bbox 537 1942 601 1977; x_wconf 86' lang='lat' dir='ltr'><strong>ejus</strong></span> <span class='ocrx_word' id='word_1_369' title='bbox 614 1941 784 1977; x_wconf 75' lang='lat' dir='ltr'><strong>genealogis.</strong></span> <span class='ocrx_word' id='word_1_370' title='bbox 799 1940 963 1976; x_wconf 83' lang='lat' dir='ltr'><strong>supposita,</strong></span> <span class='ocrx_word' id='word_1_371' title='bbox 988 1939 1018 1966; x_wconf 91' lang='lat' dir='ltr'><strong>in</strong></span> 
     </span>
    </p>
   </div>
   <div class='ocr_carea' id='block_1_57' title="bbox 195 1984 1019 2022">
    <p class='ocr_par' dir='ltr' id='par_1_57' title="bbox 195 1984 1019 2022">
     <span class='ocr_line' id='line_1_57' title="bbox 195 1984 1019 2022; baseline 0 -11"><span class='ocrx_word' id='word_1_372' title='bbox 195 1992 254 2019; x_wconf 86' lang='lat' dir='ltr'><strong>qua</strong></span> <span class='ocrx_word' id='word_1_373' title='bbox 269 1984 367 2019; x_wconf 89' lang='lat' dir='ltr'><strong>ipsum</strong></span> <span class='ocrx_word' id='word_1_374' title='bbox 385 1985 527 2013; x_wconf 88' lang='lat' dir='ltr'><strong>Basilium</strong></span> <span class='ocrx_word' id='word_1_375' title='bbox 550 1987 720 2022; x_wconf 87' lang='lat' dir='ltr'><strong>prophetice</strong></span> <span class='ocrx_word' id='word_1_376' title='bbox 736 1986 923 2022; x_wconf 85' lang='lat' dir='ltr'><strong>designatum</strong></span> <span class='ocrx_word' id='word_1_377' title='bbox 939 1992 1019 2012; x_wconf 91' lang='lat' dir='ltr'><strong>com-</strong></span> 
     </span>
    </p>
   </div>
   <div class='ocr_carea' id='block_1_58' title="bbox 196 2029 1019 2068">
    <p class='ocr_par' dir='ltr' id='par_1_58' title="bbox 196 2029 1019 2068">
     <span class='ocr_line' id='line_1_58' title="bbox 196 2029 1019 2068; baseline -0.001 -11"><span class='ocrx_word' id='word_1_378' title='bbox 196 2029 410 2058; x_wconf 86' lang='lat' dir='ltr'><strong>miniscebatur</strong></span> <span class='ocrx_word' id='word_1_379' title='bbox 436 2032 577 2060; x_wconf 88' lang='lat' dir='ltr'><strong>vocabulo</strong></span> <span class='ocrx_word' id='word_1_380' title='bbox 607 2033 716 2068; x_wconf 54' lang='grc' dir='ltr'><strong>Βεειαε³</strong></span> <span class='ocrx_word' id='word_1_381' title='bbox 728 2033 852 2060; x_wconf 83' lang='lat' dir='ltr'><strong>formato</strong></span> <span class='ocrx_word' id='word_1_382' title='bbox 874 2039 888 2058; x_wconf 92' lang='lat' dir='ltr'><strong>e</strong></span> <span class='ocrx_word' id='word_1_383' title='bbox 915 2030 1019 2066; x_wconf 89' lang='lat' dir='ltr'><strong>primis</strong></span> 
     </span>
    </p>
   </div>
   <div class='ocr_carea' id='block_1_59' title="bbox 194 2074 1019 2112">
    <p class='ocr_par' dir='ltr' id='par_1_59' title="bbox 194 2074 1019 2112">
     <span class='ocr_line' id='line_1_59' title="bbox 194 2074 1019 2112; baseline -0.001 -11"><span class='ocrx_word' id='word_1_384' title='bbox 194 2074 303 2102; x_wconf 86' lang='lat' dir='ltr'><strong>litteris</strong></span> <span class='ocrx_word' id='word_1_385' title='bbox 320 2076 475 2103; x_wconf 89' lang='lat' dir='ltr'><strong>nominum</strong></span> <span class='ocrx_word' id='word_1_386' title='bbox 490 2077 588 2104; x_wconf 88' lang='lat' dir='ltr'><strong>Basilii</strong></span> <span class='ocrx_word' id='word_1_387' title='bbox 600 2077 771 2112; x_wconf 88' lang='lat' dir='ltr'><strong>ipsius,tum</strong></span> <span class='ocrx_word' id='word_1_388' title='bbox 783 2076 873 2111; x_wconf 80' lang='lat' dir='ltr'><strong>hujus</strong></span> <span class='ocrx_word' id='word_1_389' title='bbox 885 2074 1019 2110; x_wconf 86' lang='lat' dir='ltr'><strong>conjugis</strong></span> 
     </span>
    </p>
   </div>
   <div class='ocr_carea' id='block_1_60' title="bbox 195 2119 1018 2157">
    <p class='ocr_par' dir='ltr' id='par_1_60' title="bbox 195 2119 1018 2157">
     <span class='ocr_line' id='line_1_60' title="bbox 195 2119 1018 2157; baseline -0.001 -11"><span class='ocrx_word' id='word_1_390' title='bbox 195 2119 339 2154; x_wconf 73' lang='lat' dir='ltr'><strong>Eudociaa,</strong></span> <span class='ocrx_word' id='word_1_391' title='bbox 357 2120 486 2148; x_wconf 92' lang='lat' dir='ltr'><strong>ﬁliorum</strong></span> <span class='ocrx_word' id='word_1_392' title='bbox 504 2124 644 2157; x_wconf 70' lang='lat' dir='ltr'><strong>praeterea</strong></span> <span class='ocrx_word' id='word_1_393' title='bbox 667 2121 762 2157; x_wconf 87' lang='lat' dir='ltr'><strong>ipsius</strong></span> <span class='ocrx_word' id='word_1_394' title='bbox 782 2123 918 2156; x_wconf 88' lang='lat' dir='ltr'><strong>quatuor.</strong></span> <span class='ocrx_word' id='word_1_395' title='bbox 942 2119 1018 2146; x_wconf 86' lang='lat' dir='ltr'><strong>Con-</strong></span> 
     </span>
    </p>
   </div>
   <div class='ocr_carea' id='block_1_61' title="bbox 195 2164 1019 2201">
    <p class='ocr_par' dir='ltr' id='par_1_61' title="bbox 195 2164 1019 2201">
     <span class='ocr_line' id='line_1_61' title="bbox 195 2164 1019 2201; baseline 0.001 -11"><span class='ocrx_word' id='word_1_396' title='bbox 195 2164 329 2198; x_wconf 87' lang='lat' dir='ltr'><strong>stantini,</strong></span> <span class='ocrx_word' id='word_1_397' title='bbox 362 2165 477 2199; x_wconf 88' lang='lat' dir='ltr'><strong>Leonis,</strong></span> <span class='ocrx_word' id='word_1_398' title='bbox 508 2166 683 2198; x_wconf 80' lang='lat' dir='ltr'><strong>Alexandri,</strong></span> <span class='ocrx_word' id='word_1_399' title='bbox 714 2165 876 2201; x_wconf 49' lang='lat' dir='ltr'><strong>Stephani,</strong></span> <span class='ocrx_word' id='word_1_400' title='bbox 894 2165 934 2192; x_wconf 88' lang='lat' dir='ltr'><strong>Ea</strong></span> <span class='ocrx_word' id='word_1_401' title='bbox 955 2165 1019 2192; x_wconf 87' lang='lat' dir='ltr'><strong>fuse</strong></span> 
     </span>
    </p>
   </div>
   <div class='ocr_carea' id='block_1_62' title="bbox 192 2209 1019 2246">
    <p class='ocr_par' dir='ltr' id='par_1_62' title="bbox 192 2209 1019 2246">
     <span class='ocr_line' id='line_1_62' title="bbox 192 2209 1019 2246; baseline 0.001 -11"><span class='ocrx_word' id='word_1_402' title='bbox 192 2211 351 2236; x_wconf 86' lang='lat' dir='ltr'><strong>narrantur</strong></span> <span class='ocrx_word' id='word_1_403' title='bbox 367 2218 382 2236; x_wconf 89' lang='lat' dir='ltr'><strong>a</strong></span> <span class='ocrx_word' id='word_1_404' title='bbox 396 2209 497 2237; x_wconf 86' lang='lat' dir='ltr'><strong>Niceta</strong></span> <span class='ocrx_word' id='word_1_405' title='bbox 512 2210 541 2237; x_wconf 89' lang='lat' dir='ltr'><strong>in</strong></span> <span class='ocrx_word' id='word_1_406' title='bbox 561 2210 626 2237; x_wconf 86' lang='lat' dir='ltr'><strong>Vita</strong></span> <span class='ocrx_word' id='word_1_407' title='bbox 652 2212 679 2237; x_wconf 88' lang='lat' dir='ltr'><strong>S.</strong></span> <span class='ocrx_word' id='word_1_408' title='bbox 710 2210 816 2246; x_wconf 86' lang='lat' dir='ltr'><strong>Ignatii</strong></span> <span class='ocrx_word' id='word_1_409' title='bbox 845 2209 1019 2245; x_wconf 68' lang='lat' dir='ltr'><strong>patriarchae</strong></span> 
     </span>
    </p>
   </div>
   <div class='ocr_carea' id='block_1_63' title="bbox 193 2253 695 2282">
    <p class='ocr_par' dir='ltr' id='par_1_63' title="bbox 193 2253 695 2282">
     <span class='ocr_line' id='line_1_63' title="bbox 193 2253 695 2282; baseline 0.004 -2"><span class='ocrx_word' id='word_1_410' title='bbox 193 2253 248 2281; x_wconf 85' lang='lat' dir='ltr'><strong>GP.</strong></span> <span class='ocrx_word' id='word_1_411' title='bbox 265 2256 321 2281; x_wconf 88' lang='lat' dir='ltr'><strong>eta</strong></span> <span class='ocrx_word' id='word_1_412' title='bbox 336 2254 534 2282; x_wconf 87' lang='lat' dir='ltr'><strong>Constantino</strong></span> <span class='ocrx_word' id='word_1_413' title='bbox 551 2254 695 2282; x_wconf 86' lang='lat' dir='ltr'><strong>Manasse.</strong></span> 
     </span>
    </p>
   </div>
   <div class='ocr_carea' id='block_1_64' title="bbox 228 2301 1018 2341">
    <p class='ocr_par' dir='ltr' id='par_1_64' title="bbox 228 2301 1018 2341">
     <span class='ocr_line' id='line_1_64' title="bbox 228 2301 1018 2341; baseline 0.001 -12"><span class='ocrx_word' id='word_1_414' title='bbox 228 2301 373 2339; x_wconf 77' lang='grc' dir='ltr'><strong>Βλάγκαρ.</strong></span> <span class='ocrx_word' id='word_1_415' title='bbox 390 2303 456 2330; x_wconf 85' lang='grc'><strong>365.</strong></span> <span class='ocrx_word' id='word_1_416' title='bbox 472 2303 507 2329; x_wconf 84' lang='grc' dir='ltr'><strong>Τὸ</strong></span> <span class='ocrx_word' id='word_1_417' title='bbox 524 2301 553 2329; x_wconf 73' lang='grc' dir='ltr'>δὲ</span> <span class='ocrx_word' id='word_1_418' title='bbox 568 2303 636 2340; x_wconf 82' lang='grc' dir='ltr'><strong>πρὸς</strong></span> <span class='ocrx_word' id='word_1_419' title='bbox 665 2303 711 2330; x_wconf 83' lang='grc' dir='ltr'><strong>τὸν</strong></span> <span class='ocrx_word' id='word_1_420' title='bbox 737 2302 859 2341; x_wconf 74' lang='grc' dir='ltr'><strong>Βλάγκα.</strong></span> <span class='ocrx_word' id='word_1_421' title='bbox 885 2303 928 2331; x_wconf 81' lang='lat' dir='ltr'><strong>Ita</strong></span> <span class='ocrx_word' id='word_1_422' title='bbox 956 2303 1018 2330; x_wconf 87' lang='lat' dir='ltr'><strong>cod.</strong></span> 
     </span>
    </p>
   </div>
   <div class='ocr_carea' id='block_1_65' title="bbox 192 2346 1018 2385">
    <p class='ocr_par' dir='ltr' id='par_1_65' title="bbox 192 2346 1018 2385">
     <span class='ocr_line' id='line_1_65' title="bbox 192 2346 1018 2385; baseline 0 -11"><span class='ocrx_word' id='word_1_423' title='bbox 192 2347 370 2375; x_wconf 75' lang='lat' dir='ltr'><strong>Allatianus.</strong></span> <span class='ocrx_word' id='word_1_424' title='bbox 404 2348 583 2377; x_wconf 87' lang='lat' dir='ltr'><strong>Barberinus</strong></span> <span class='ocrx_word' id='word_1_425' title='bbox 612 2358 678 2377; x_wconf 91' lang='lat' dir='ltr'><strong>vero</strong></span> <span class='ocrx_word' id='word_1_426' title='bbox 697 2349 728 2375; x_wconf 77' lang='grc' dir='ltr'><strong>τὸ</strong></span> <span class='ocrx_word' id='word_1_427' title='bbox 744 2348 812 2385; x_wconf 70' lang='grc' dir='ltr'><strong>πρὸς</strong></span> <span class='ocrx_word' id='word_1_428' title='bbox 839 2350 878 2383; x_wconf 83' lang='grc' dir='ltr'>νῷ</span> <span class='ocrx_word' id='word_1_429' title='bbox 906 2346 1018 2384; x_wconf 77' lang='grc' dir='ltr'><strong>Βλάγχᾳ</strong></span> 
     </span>
    </p>
   </div>
   <div class='ocr_carea' id='block_1_66' title="bbox 190 2391 1018 2421">
    <p class='ocr_par' dir='ltr' id='par_1_66' title="bbox 190 2391 1018 2421">
     <span class='ocr_line' id='line_1_66' title="bbox 190 2391 1018 2421; baseline 0 -3"><span class='ocrx_word' id='word_1_430' title='bbox 190 2392 393 2419; x_wconf 77' lang='grc' dir='ltr'><strong>κοντοσχὲΛιον.</strong></span> <span class='ocrx_word' id='word_1_431' title='bbox 413 2393 573 2421; x_wconf 88' lang='lat' dir='ltr'><strong>Vaticanus</strong></span> <span class='ocrx_word' id='word_1_432' title='bbox 589 2393 652 2421; x_wconf 86' lang='lat' dir='ltr'><strong>sine</strong></span> <span class='ocrx_word' id='word_1_433' title='bbox 667 2392 815 2421; x_wconf 84' lang='lat' dir='ltr'><strong>mentione</strong></span> <span class='ocrx_word' id='word_1_434' title='bbox 826 2391 1018 2420; x_wconf 80' lang='grc' dir='ltr'><strong>χοντοσκελίου</strong></span> 
     </span>
    </p>
   </div>
   <div class='ocr_carea' id='block_1_67' title="bbox 190 2435 1014 2475">
    <p class='ocr_par' dir='ltr' id='par_1_67' title="bbox 190 2435 1014 2475">
     <span class='ocr_line' id='line_1_67' title="bbox 190 2435 1014 2475; baseline 0.002 -11"><span class='ocrx_word' id='word_1_435' title='bbox 190 2437 233 2464; x_wconf 88' lang='lat' dir='ltr'><strong>sic</strong></span> <span class='ocrx_word' id='word_1_436' title='bbox 248 2437 345 2465; x_wconf 88' lang='lat' dir='ltr'><strong>habet:</strong></span> <span class='ocrx_word' id='word_1_437' title='bbox 362 2436 397 2463; x_wconf 85' lang='grc' dir='ltr'><strong>Τὸ</strong></span> <span class='ocrx_word' id='word_1_438' title='bbox 415 2435 443 2463; x_wconf 74' lang='grc' dir='ltr'><strong>δὲ</strong></span> <span class='ocrx_word' id='word_1_439' title='bbox 457 2437 526 2474; x_wconf 82' lang='grc' dir='ltr'><strong>πρὸς</strong></span> <span class='ocrx_word' id='word_1_440' title='bbox 550 2437 594 2464; x_wconf 83' lang='grc' dir='ltr'><strong>τὸν</strong></span> <span class='ocrx_word' id='word_1_441' title='bbox 613 2437 748 2475; x_wconf 78' lang='grc' dir='ltr'><strong>Βλάγκαν,</strong></span> <span class='ocrx_word' id='word_1_442' title='bbox 763 2438 791 2466; x_wconf 93' lang='lat' dir='ltr'><strong>id</strong></span> <span class='ocrx_word' id='word_1_443' title='bbox 821 2439 949 2466; x_wconf 88' lang='lat' dir='ltr'><strong>referens</strong></span> <span class='ocrx_word' id='word_1_444' title='bbox 979 2437 1014 2465; x_wconf 86' lang='lat' dir='ltr'><strong>ad</strong></span> 
     </span>
    </p>
   </div>
   <div class='ocr_carea' id='block_1_68' title="bbox 188 2482 1014 2519">
    <p class='ocr_par' dir='ltr' id='par_1_68' title="bbox 188 2482 1014 2519">
     <span class='ocr_line' id='line_1_68' title="bbox 188 2482 1014 2519; baseline 0.002 -10"><span class='ocrx_word' id='word_1_445' title='bbox 188 2490 288 2510; x_wconf 86' lang='lat' dir='ltr'><strong>vocem</strong></span> <span class='ocrx_word' id='word_1_446' title='bbox 313 2482 440 2518; x_wconf 86' lang='grc' dir='ltr'><strong>νεώριον,</strong></span> <span class='ocrx_word' id='word_1_447' title='bbox 470 2484 581 2519; x_wconf 79' lang='lat' dir='ltr'><strong>navale,</strong></span> <span class='ocrx_word' id='word_1_448' title='bbox 612 2484 749 2519; x_wconf 87' lang='lat' dir='ltr'><strong>superius</strong></span> <span class='ocrx_word' id='word_1_449' title='bbox 775 2483 911 2519; x_wconf 89' lang='lat' dir='ltr'><strong>positam.</strong></span> <span class='ocrx_word' id='word_1_450' title='bbox 941 2483 1014 2516; x_wconf 90' lang='lat' dir='ltr'><strong>Quid</strong></span> 
     </span>
    </p>
   </div>
   <div class='ocr_carea' id='block_1_69' title="bbox 190 2526 1016 2562">
    <p class='ocr_par' dir='ltr' id='par_1_69' title="bbox 190 2526 1016 2562">
     <span class='ocr_line' id='line_1_69' title="bbox 190 2526 1016 2562; baseline 0.004 -9"><span class='ocrx_word' id='word_1_451' title='bbox 190 2527 279 2554; x_wconf 80' lang='lat' dir='ltr'><strong>fuerit</strong></span> <span class='ocrx_word' id='word_1_452' title='bbox 292 2526 338 2554; x_wconf 87' lang='lat' dir='ltr'><strong>hic</strong></span> <span class='ocrx_word' id='word_1_453' title='bbox 349 2528 455 2556; x_wconf 83' lang='lat' dir='ltr'><strong>Blanca</strong></span> <span class='ocrx_word' id='word_1_454' title='bbox 471 2527 514 2555; x_wconf 90' lang='lat' dir='ltr'><strong>vel</strong></span> <span class='ocrx_word' id='word_1_455' title='bbox 531 2528 661 2562; x_wconf 75' lang='lat' dir='ltr'><strong>Blancas,</strong></span> <span class='ocrx_word' id='word_1_456' title='bbox 683 2528 712 2556; x_wconf 92' lang='lat' dir='ltr'><strong>in</strong></span> <span class='ocrx_word' id='word_1_457' title='bbox 740 2529 942 2556; x_wconf 85' lang='lat' dir='ltr'><strong>monumentis</strong></span> <span class='ocrx_word' id='word_1_458' title='bbox 967 2533 1016 2555; x_wconf 83' lang='lat' dir='ltr'><strong>aut</strong></span> 
     </span>
    </p>
   </div>
   <div class='ocr_carea' id='block_1_70' title="bbox 190 2570 1015 2609">
    <p class='ocr_par' dir='ltr' id='par_1_70' title="bbox 190 2570 1015 2609">
     <span class='ocr_line' id='line_1_70' title="bbox 190 2570 1015 2609; baseline 0.004 -11"><span class='ocrx_word' id='word_1_459' title='bbox 190 2570 437 2607; x_wconf 83' lang='lat' dir='ltr'><strong>descriptionibus</strong></span> <span class='ocrx_word' id='word_1_460' title='bbox 451 2573 785 2609; x_wconf 78' lang='lat' dir='ltr'><strong>Constantinopolitanae</strong></span> <span class='ocrx_word' id='word_1_461' title='bbox 799 2574 880 2601; x_wconf 87' lang='lat' dir='ltr'><strong>urbis</strong></span> <span class='ocrx_word' id='word_1_462' title='bbox 888 2574 1015 2609; x_wconf 87' lang='lat' dir='ltr'><strong>reperire</strong></span> 
     </span>
    </p>
   </div>
   <div class='ocr_carea' id='block_1_71' title="bbox 191 2616 432 2653">
    <p class='ocr_par' dir='ltr' id='par_1_71' title="bbox 191 2616 432 2653">
     <span class='ocr_line' id='line_1_71' title="bbox 191 2616 432 2653; baseline 0.008 -10"><span class='ocrx_word' id='word_1_463' title='bbox 191 2616 323 2643; x_wconf 89' lang='lat' dir='ltr'><strong>nondum</strong></span> <span class='ocrx_word' id='word_1_464' title='bbox 341 2617 432 2653; x_wconf 88' lang='lat' dir='ltr'><strong>potui.</strong></span> 
     </span>
    </p>
   </div>
   <div class='ocr_carea' id='block_1_72' title="bbox 227 2664 1014 2703">
    <p class='ocr_par' dir='ltr' id='par_1_72' title="bbox 227 2664 1014 2703">
     <span class='ocr_line' id='line_1_72' title="bbox 227 2664 1014 2703; baseline 0.005 -12"><span class='ocrx_word' id='word_1_465' title='bbox 227 2664 374 2701; x_wconf 77' lang='grc' dir='ltr'>Βοασμούς</span> <span class='ocrx_word' id='word_1_466' title='bbox 391 2675 419 2702; x_wconf 88' lang='lat' dir='ltr'><strong>p.</strong></span> <span class='ocrx_word' id='word_1_467' title='bbox 437 2666 499 2694; x_wconf 85' lang='lat'>355.</span> <span class='ocrx_word' id='word_1_468' title='bbox 509 2666 556 2694; x_wconf 91' lang='lat' dir='ltr'><strong>Sic</strong></span> <span class='ocrx_word' id='word_1_469' title='bbox 572 2667 703 2703; x_wconf 88' lang='lat' dir='ltr'><strong>optimus</strong></span> <span class='ocrx_word' id='word_1_470' title='bbox 719 2667 809 2695; x_wconf 86' lang='lat' dir='ltr'><strong>codex</strong></span> <span class='ocrx_word' id='word_1_471' title='bbox 822 2667 1014 2702; x_wconf 87' lang='lat' dir='ltr'><strong>Barberinus,</strong></span> 
     </span>
    </p>
   </div>
   <div class='ocr_carea' id='block_1_73' title="bbox 191 2710 1013 2748">
    <p class='ocr_par' dir='ltr' id='par_1_73' title="bbox 191 2710 1013 2748">
     <span class='ocr_line' id='line_1_73' title="bbox 191 2710 1013 2748; baseline 0.002 -11"><span class='ocrx_word' id='word_1_472' title='bbox 191 2710 278 2745; x_wconf 85' lang='lat' dir='ltr'><strong>cujus</strong></span> <span class='ocrx_word' id='word_1_473' title='bbox 286 2710 460 2738; x_wconf 84' lang='lat' dir='ltr'><strong>auctoritate</strong></span> <span class='ocrx_word' id='word_1_474' title='bbox 474 2712 679 2747; x_wconf 87' lang='lat' dir='ltr'><strong>corrigendum</strong></span> <span class='ocrx_word' id='word_1_475' title='bbox 688 2714 827 2748; x_wconf 85' lang='lat' dir='ltr'><strong>putamus</strong></span> <span class='ocrx_word' id='word_1_476' title='bbox 834 2712 1013 2740; x_wconf 82' lang='lat' dir='ltr'><strong>Allatianum</strong></span> 
     </span>
    </p>
   </div>
   <div class='ocr_carea' id='block_1_74' title="bbox 192 2753 1015 2792">
    <p class='ocr_par' dir='ltr' id='par_1_74' title="bbox 192 2753 1015 2792">
     <span class='ocr_line' id='line_1_74' title="bbox 192 2753 1015 2792; baseline 0.002 -11"><span class='ocrx_word' id='word_1_477' title='bbox 192 2755 243 2790; x_wconf 91' lang='lat' dir='ltr'><strong>qui</strong></span> <span class='ocrx_word' id='word_1_478' title='bbox 263 2753 396 2792; x_wconf 81' lang='grc' dir='ltr'><strong>βοασκούς</strong></span> <span class='ocrx_word' id='word_1_479' title='bbox 427 2755 504 2783; x_wconf 83' lang='lat' dir='ltr'><strong>clare</strong></span> <span class='ocrx_word' id='word_1_480' title='bbox 533 2755 612 2791; x_wconf 81' lang='lat' dir='ltr'><strong>legit.</strong></span> <span class='ocrx_word' id='word_1_481' title='bbox 643 2757 716 2784; x_wconf 88' lang='lat' dir='ltr'><strong>Nam</strong></span> <span class='ocrx_word' id='word_1_482' title='bbox 746 2757 918 2791; x_wconf 83' lang='lat' dir='ltr'><strong>Vaticanus,</strong></span> <span class='ocrx_word' id='word_1_483' title='bbox 947 2757 1015 2784; x_wconf 90' lang='lat' dir='ltr'><strong>licet</strong></span> 
     </span>
    </p>
   </div>
   <div class='ocr_carea' id='block_1_75' title="bbox 189 2798 1013 2837">
    <p class='ocr_par' dir='ltr' id='par_1_75' title="bbox 189 2798 1013 2837">
     <span class='ocr_line' id='line_1_75' title="bbox 189 2798 1013 2837; baseline 0.002 -11"><span class='ocrx_word' id='word_1_484' title='bbox 189 2800 220 2826; x_wconf 86' lang='lat' dir='ltr'><strong>in</strong></span> <span class='ocrx_word' id='word_1_485' title='bbox 237 2799 291 2827; x_wconf 90' lang='lat' dir='ltr'><strong>hoc</strong></span> <span class='ocrx_word' id='word_1_486' title='bbox 306 2798 449 2827; x_wconf 85' lang='lat' dir='ltr'><strong>vocabulo</strong></span> <span class='ocrx_word' id='word_1_487' title='bbox 465 2799 645 2834; x_wconf 88' lang='lat' dir='ltr'><strong>balbutiens,</strong></span> <span class='ocrx_word' id='word_1_488' title='bbox 662 2802 756 2837; x_wconf 83' lang='lat' dir='ltr'><strong>magis</strong></span> <span class='ocrx_word' id='word_1_489' title='bbox 772 2802 806 2828; x_wconf 86' lang='lat' dir='ltr'><strong>ad</strong></span> <span class='ocrx_word' id='word_1_490' title='bbox 824 2801 1013 2829; x_wconf 80' lang='lat' dir='ltr'><strong>Barbarinum</strong></span> 
     </span>
    </p>
   </div>
   <div class='ocr_carea' id='block_1_76' title="bbox 192 2843 1012 2879">
    <p class='ocr_par' dir='ltr' id='par_1_76' title="bbox 192 2843 1012 2879">
     <span class='ocr_line' id='line_1_76' title="bbox 192 2843 1012 2879; baseline 0.001 -9"><span class='ocrx_word' id='word_1_491' title='bbox 192 2843 327 2879; x_wconf 85' lang='lat' dir='ltr'><strong>inclinat,</strong></span> <span class='ocrx_word' id='word_1_492' title='bbox 344 2844 415 2872; x_wconf 90' lang='lat' dir='ltr'><strong>dum</strong></span> <span class='ocrx_word' id='word_1_493' title='bbox 432 2844 474 2872; x_wconf 87' lang='lat' dir='ltr'><strong>sic</strong></span> <span class='ocrx_word' id='word_1_494' title='bbox 489 2844 607 2872; x_wconf 88' lang='lat' dir='ltr'><strong>exhibet</strong></span> <span class='ocrx_word' id='word_1_495' title='bbox 637 2845 716 2873; x_wconf 85' lang='lat' dir='ltr'><strong>hunc</strong></span> <span class='ocrx_word' id='word_1_496' title='bbox 744 2845 865 2874; x_wconf 86' lang='lat' dir='ltr'><strong>locum:</strong></span> <span class='ocrx_word' id='word_1_497' title='bbox 896 2844 949 2876; x_wconf 67' lang='grc' dir='ltr'><strong>Οὓς</strong></span> <span class='ocrx_word' id='word_1_498' title='bbox 979 2843 1012 2879; x_wconf 79' lang='grc' dir='ltr'><strong>δὴ</strong></span> 
     </span>
    </p>
   </div>
   <div class='ocr_carea' id='block_1_77' title="bbox 194 2887 1014 2926">
    <p class='ocr_par' dir='ltr' id='par_1_77' title="bbox 194 2887 1014 2926">
     <span class='ocr_line' id='line_1_77' title="bbox 194 2887 1014 2926; baseline 0.006 -13"><span class='ocrx_word' id='word_1_499' title='bbox 194 2887 332 2924; x_wconf 75' lang='grc' dir='ltr'><strong>βοασμοὺς</strong></span> <span class='ocrx_word' id='word_1_500' title='bbox 349 2888 376 2914; x_wconf 81' lang='lat' dir='ltr'><strong>oi</strong></span> <span class='ocrx_word' id='word_1_501' title='bbox 392 2887 480 2915; x_wconf 79' lang='grc' dir='ltr'><strong>κοινοὶ</strong></span> <span class='ocrx_word' id='word_1_502' title='bbox 497 2887 632 2926; x_wconf 75' lang='grc' dir='ltr'><strong>λέγουσιν.</strong></span> <span class='ocrx_word' id='word_1_503' title='bbox 649 2891 777 2925; x_wconf 87' lang='lat' dir='ltr'><strong>Apparet</strong></span> <span class='ocrx_word' id='word_1_504' title='bbox 791 2890 897 2918; x_wconf 86' lang='lat' dir='ltr'><strong>boatus</strong></span> <span class='ocrx_word' id='word_1_505' title='bbox 916 2891 1014 2918; x_wconf 63' lang='lat' dir='ltr'><strong>Greca</strong></span> 
     </span>
    </p>
   </div>
   <div class='ocr_carea' id='block_1_78' title="bbox 189 2931 1014 2971">
    <p class='ocr_par' dir='ltr' id='par_1_78' title="bbox 189 2931 1014 2971">
     <span class='ocr_line' id='line_1_78' title="bbox 189 2931 1014 2971; baseline 0.006 -13"><span class='ocrx_word' id='word_1_506' title='bbox 189 2931 291 2967; x_wconf 82' lang='lat' dir='ltr'><strong>lingua</strong></span> <span class='ocrx_word' id='word_1_507' title='bbox 303 2932 415 2968; x_wconf 82' lang='lat' dir='ltr'><strong>vulgari</strong></span> <span class='ocrx_word' id='word_1_508' title='bbox 445 2932 584 2970; x_wconf 70' lang='grc' dir='ltr'><strong>βοεισμούς</strong></span> <span class='ocrx_word' id='word_1_509' title='bbox 614 2934 716 2967; x_wconf 74' lang='lat' dir='ltr'><strong>dictos,</strong></span> <span class='ocrx_word' id='word_1_510' title='bbox 748 2936 776 2962; x_wconf 79' lang='lat' dir='ltr'><strong>et</strong></span> <span class='ocrx_word' id='word_1_511' title='bbox 804 2937 940 2971; x_wconf 85' lang='lat' dir='ltr'><strong>prompta</strong></span> <span class='ocrx_word' id='word_1_512' title='bbox 969 2937 1014 2963; x_wconf 83' lang='lat' dir='ltr'><strong>est</strong></span> 
     </span>
    </p>
   </div>
   <div class='ocr_carea' id='block_1_79' title="bbox 1073 1040 1900 1083">
    <p class='ocr_par' dir='ltr' id='par_1_79' title="bbox 1073 1040 1900 1083">
     <span class='ocr_line' id='line_1_79' title="bbox 1073 1040 1900 1083; baseline -0.005 -11"><span class='ocrx_word' id='word_1_513' title='bbox 1073 1045 1146 1080; x_wconf 79' lang='lat' dir='ltr'><strong>Lego</strong></span> <span class='ocrx_word' id='word_1_514' title='bbox 1169 1047 1247 1075; x_wconf 91' lang='lat' dir='ltr'><strong>enim</strong></span> <span class='ocrx_word' id='word_1_515' title='bbox 1277 1049 1307 1075; x_wconf 92' lang='lat' dir='ltr'><strong>in</strong></span> <span class='ocrx_word' id='word_1_516' title='bbox 1324 1048 1439 1076; x_wconf 88' lang='lat' dir='ltr'><strong>Basilic.</strong></span> <span class='ocrx_word' id='word_1_517' title='bbox 1458 1048 1554 1083; x_wconf 72' lang='lat' dir='ltr'><strong>Eulog,</strong></span> <span class='ocrx_word' id='word_1_518' title='bbox 1578 1047 1611 1074; x_wconf 83' lang='grc'><strong>19</strong></span> <span class='ocrx_word' id='word_1_519' title='bbox 1630 1054 1638 1074; x_wconf 91' lang='lat'><strong>:</strong></span> <span class='ocrx_word' id='word_1_520' title='bbox 1658 1045 1708 1072; x_wconf 81' lang='grc' dir='ltr'><strong>Καὶ</strong></span> <span class='ocrx_word' id='word_1_521' title='bbox 1725 1044 1739 1071; x_wconf 86' lang='grc' dir='ltr'><strong>ὁ</strong></span> <span class='ocrx_word' id='word_1_522' title='bbox 1758 1040 1900 1080; x_wconf 70' lang='grc' dir='ltr'><strong>μουλίων,</strong></span> 
     </span>
    </p>
   </div>
   <div class='ocr_carea' id='block_1_80' title="bbox 1073 1087 1897 1129">
    <p class='ocr_par' dir='ltr' id='par_1_80' title="bbox 1073 1087 1897 1129">
     <span class='ocr_line' id='line_1_80' title="bbox 1073 1087 1897 1129; baseline 0.002 -13"><span class='ocrx_word' id='word_1_523' title='bbox 1073 1089 1117 1117; x_wconf 76' lang='grc' dir='ltr'><strong>ἐὰν</strong></span> <span class='ocrx_word' id='word_1_524' title='bbox 1147 1089 1170 1117; x_wconf 74' lang='grc' dir='ltr'><strong>δ’</strong></span> <span class='ocrx_word' id='word_1_525' title='bbox 1199 1091 1322 1129; x_wconf 75' lang='grc' dir='ltr'><strong>ἀπειρίαν</strong></span> <span class='ocrx_word' id='word_1_526' title='bbox 1362 1092 1408 1119; x_wconf 80' lang='grc' dir='ltr'>καὶ</span> <span class='ocrx_word' id='word_1_527' title='bbox 1433 1090 1569 1124; x_wconf 72' lang='grc' dir='ltr'><strong>ἀσθένειαν</strong></span> <span class='ocrx_word' id='word_1_528' title='bbox 1601 1090 1651 1118; x_wconf 82' lang='grc' dir='ltr'>οὐκ</span> <span class='ocrx_word' id='word_1_529' title='bbox 1678 1087 1812 1127; x_wconf 72' lang='grc' dir='ltr'><strong>ἐκράτησε</strong></span> <span class='ocrx_word' id='word_1_530' title='bbox 1837 1087 1897 1114; x_wconf 76' lang='grc' dir='ltr'><strong>τῶν</strong></span> 
     </span>
    </p>
   </div>
   <div class='ocr_carea' id='block_1_81' title="bbox 1075 1133 1897 1173">
    <p class='ocr_par' dir='ltr' id='par_1_81' title="bbox 1075 1133 1897 1173">
     <span class='ocr_line' id='line_1_81' title="bbox 1075 1133 1897 1173; baseline -0.002 -12"><span class='ocrx_word' id='word_1_531' title='bbox 1075 1134 1197 1170; x_wconf 73' lang='grc' dir='ltr'><strong>μουλῶνζ</strong></span> <span class='ocrx_word' id='word_1_532' title='bbox 1216 1138 1248 1164; x_wconf 83' lang='lat' dir='ltr'><strong>Et</strong></span> <span class='ocrx_word' id='word_1_533' title='bbox 1259 1138 1356 1172; x_wconf 81' lang='lat' dir='ltr'><strong>mulio,</strong></span> <span class='ocrx_word' id='word_1_534' title='bbox 1373 1138 1398 1165; x_wconf 83' lang='lat' dir='ltr'><strong>si</strong></span> <span class='ocrx_word' id='word_1_535' title='bbox 1407 1138 1440 1166; x_wconf 86' lang='lat' dir='ltr'><strong>ob</strong></span> <span class='ocrx_word' id='word_1_536' title='bbox 1457 1136 1627 1173; x_wconf 78' lang='lat' dir='ltr'><strong>imperitiam</strong></span> <span class='ocrx_word' id='word_1_537' title='bbox 1641 1136 1684 1164; x_wconf 82' lang='lat' dir='ltr'><strong>vel</strong></span> <span class='ocrx_word' id='word_1_538' title='bbox 1699 1133 1897 1170; x_wconf 75' lang='lat' dir='ltr'><strong>inﬁmitatem</strong></span> 
     </span>
    </p>
   </div>
   <div class='ocr_carea' id='block_1_82' title="bbox 1072 1175 1900 1218">
    <p class='ocr_par' dir='ltr' id='par_1_82' title="bbox 1072 1175 1900 1218">
     <span class='ocr_line' id='line_1_82' title="bbox 1072 1175 1900 1218; baseline -0.004 -12"><span class='ocrx_word' id='word_1_539' title='bbox 1072 1181 1161 1207; x_wconf 77' lang='lat' dir='ltr'><strong>mulos</strong></span> <span class='ocrx_word' id='word_1_540' title='bbox 1177 1186 1224 1209; x_wconf 81' lang='lat' dir='ltr'><strong>aut</strong></span> <span class='ocrx_word' id='word_1_541' title='bbox 1240 1182 1330 1209; x_wconf 74' lang='lat' dir='ltr'><strong>mulas</strong></span> <span class='ocrx_word' id='word_1_542' title='bbox 1350 1187 1440 1210; x_wconf 74' lang='lat' dir='ltr'><strong>tenere</strong></span> <span class='ocrx_word' id='word_1_543' title='bbox 1451 1179 1695 1218; x_wconf 77' lang='lat' dir='ltr'><strong>nequiverit.0uia</strong></span> <span class='ocrx_word' id='word_1_544' title='bbox 1711 1186 1780 1214; x_wconf 88' lang='lat' dir='ltr'><strong>ergo</strong></span> <span class='ocrx_word' id='word_1_545' title='bbox 1796 1175 1900 1205; x_wconf 90' lang='lat' dir='ltr'><strong>mulus</strong></span> 
     </span>
    </p>
   </div>
   <div class='ocr_carea' id='block_1_83' title="bbox 1075 1222 1901 1261">
    <p class='ocr_par' dir='ltr' id='par_1_83' title="bbox 1075 1222 1901 1261">
     <span class='ocr_line' id='line_1_83' title="bbox 1075 1222 1901 1261; baseline -0.002 -11"><span class='ocrx_word' id='word_1_546' title='bbox 1075 1222 1177 1261; x_wconf 77' lang='grc' dir='ltr'>διγινὶς</span> <span class='ocrx_word' id='word_1_547' title='bbox 1205 1229 1249 1254; x_wconf 87' lang='lat' dir='ltr'><strong>est</strong></span> <span class='ocrx_word' id='word_1_548' title='bbox 1264 1227 1384 1260; x_wconf 83' lang='lat' dir='ltr'><strong>animal,</strong></span> <span class='ocrx_word' id='word_1_549' title='bbox 1407 1235 1439 1254; x_wconf 83' lang='lat' dir='ltr'><strong>ex</strong></span> <span class='ocrx_word' id='word_1_550' title='bbox 1456 1225 1669 1255; x_wconf 85' lang='lat' dir='ltr'><strong>commistione</strong></span> <span class='ocrx_word' id='word_1_551' title='bbox 1686 1224 1814 1252; x_wconf 87' lang='lat' dir='ltr'><strong>duarum</strong></span> <span class='ocrx_word' id='word_1_552' title='bbox 1830 1228 1901 1256; x_wconf 82' lang='lat' dir='ltr'><strong>spe-</strong></span> 
     </span>
    </p>
   </div>
   <div class='ocr_carea' id='block_1_84' title="bbox 1074 1264 1902 1307">
    <p class='ocr_par' dir='ltr' id='par_1_84' title="bbox 1074 1264 1902 1307">
     <span class='ocr_line' id='line_1_84' title="bbox 1074 1264 1902 1307; baseline -0.005 -11"><span class='ocrx_word' id='word_1_553' title='bbox 1074 1269 1185 1297; x_wconf 86' lang='lat' dir='ltr'><strong>cierum</strong></span> <span class='ocrx_word' id='word_1_554' title='bbox 1203 1273 1316 1305; x_wconf 86' lang='lat' dir='ltr'><strong>natum,</strong></span> <span class='ocrx_word' id='word_1_555' title='bbox 1332 1280 1366 1299; x_wconf 84' lang='lat' dir='ltr'><strong>ex</strong></span> <span class='ocrx_word' id='word_1_556' title='bbox 1377 1272 1441 1307; x_wconf 82' lang='lat' dir='ltr'><strong>ejus</strong></span> <span class='ocrx_word' id='word_1_557' title='bbox 1454 1270 1595 1299; x_wconf 85' lang='lat' dir='ltr'><strong>vocabulo</strong></span> <span class='ocrx_word' id='word_1_558' title='bbox 1605 1269 1696 1298; x_wconf 63' lang='lat' dir='ltr'><strong>Graeci</strong></span> <span class='ocrx_word' id='word_1_559' title='bbox 1709 1264 1902 1296; x_wconf 78' lang='lat' dir='ltr'><strong>formaverint</strong></span> 
     </span>
    </p>
   </div>
   <div class='ocr_carea' id='block_1_85' title="bbox 1077 1311 1900 1352">
    <p class='ocr_par' dir='ltr' id='par_1_85' title="bbox 1077 1311 1900 1352">
     <span class='ocr_line' id='line_1_85' title="bbox 1077 1311 1900 1352; baseline -0.005 -11"><span class='ocrx_word' id='word_1_560' title='bbox 1077 1323 1185 1342; x_wconf 90' lang='lat' dir='ltr'><strong>nomen</strong></span> <span class='ocrx_word' id='word_1_561' title='bbox 1202 1324 1259 1351; x_wconf 91' lang='lat' dir='ltr'><strong>quo</strong></span> <span class='ocrx_word' id='word_1_562' title='bbox 1275 1317 1472 1352; x_wconf 85' lang='lat' dir='ltr'><strong>exprimerent</strong></span> <span class='ocrx_word' id='word_1_563' title='bbox 1491 1316 1570 1343; x_wconf 86' lang='lat' dir='ltr'><strong>istud</strong></span> <span class='ocrx_word' id='word_1_564' title='bbox 1588 1323 1681 1351; x_wconf 86' lang='lat' dir='ltr'><strong>genus</strong></span> <span class='ocrx_word' id='word_1_565' title='bbox 1700 1311 1900 1349; x_wconf 75' lang='lat' dir='ltr'><strong>Hybridarum</strong></span> 
     </span>
    </p>
   </div>
   <div class='ocr_carea' id='block_1_86' title="bbox 1075 1359 1900 1397">
    <p class='ocr_par' dir='ltr' id='par_1_86' title="bbox 1075 1359 1900 1397">
     <span class='ocr_line' id='line_1_86' title="bbox 1075 1359 1900 1397; baseline -0.005 -11"><span class='ocrx_word' id='word_1_566' title='bbox 1075 1360 1325 1397; x_wconf 84' lang='lat' dir='ltr'><strong>Constantinopoli</strong></span> <span class='ocrx_word' id='word_1_567' title='bbox 1341 1364 1438 1389; x_wconf 87' lang='lat' dir='ltr'><strong>ortum</strong></span> <span class='ocrx_word' id='word_1_568' title='bbox 1453 1369 1487 1388; x_wconf 86' lang='lat' dir='ltr'><strong>ex</strong></span> <span class='ocrx_word' id='word_1_569' title='bbox 1502 1359 1647 1396; x_wconf 86' lang='lat' dir='ltr'><strong>conjugiis</strong></span> <span class='ocrx_word' id='word_1_570' title='bbox 1655 1359 1820 1386; x_wconf 68' lang='lat' dir='ltr'><strong>Graecarum</strong></span> <span class='ocrx_word' id='word_1_571' title='bbox 1829 1361 1900 1397; x_wconf 81' lang='lat' dir='ltr'><strong>cum</strong></span> 
     </span>
    </p>
   </div>
   <div class='ocr_carea' id='block_1_87' title="bbox 1077 1395 1901 1442">
    <p class='ocr_par' dir='ltr' id='par_1_87' title="bbox 1077 1395 1901 1442">
     <span class='ocr_line' id='line_1_87' title="bbox 1077 1395 1901 1442; baseline -0.007 -11"><span class='ocrx_word' id='word_1_572' title='bbox 1077 1404 1199 1432; x_wconf 86' lang='lat' dir='ltr'><strong>Latinis.</strong></span> <span class='ocrx_word' id='word_1_573' title='bbox 1217 1395 1357 1433; x_wconf 49' lang='lat' dir='ltr'><strong>Uni-versa</strong></span> <span class='ocrx_word' id='word_1_574' title='bbox 1373 1414 1457 1442; x_wconf 90' lang='lat' dir='ltr'><strong>porro</strong></span> <span class='ocrx_word' id='word_1_575' title='bbox 1473 1395 1577 1433; x_wconf 83' lang='lat' dir='ltr'><strong>talium</strong></span> <span class='ocrx_word' id='word_1_576' title='bbox 1596 1395 1681 1432; x_wconf 20' lang='lat' dir='ltr'><strong>inatio</strong></span> <span class='ocrx_word' id='word_1_577' title='bbox 1707 1395 1901 1437; x_wconf 72' lang='grc' dir='ltr'><strong>Γασμουλικόν</strong></span> 
     </span>
    </p>
   </div>
   <div class='ocr_carea' id='block_1_88' title="bbox 1076 1442 1905 1487">
    <p class='ocr_par' dir='ltr' id='par_1_88' title="bbox 1076 1442 1905 1487">
     <span class='ocr_line' id='line_1_88' title="bbox 1076 1442 1905 1487; baseline -0.006 -12"><span class='ocrx_word' id='word_1_578' title='bbox 1076 1449 1239 1478; x_wconf 81' lang='lat' dir='ltr'><strong>dicebatur.</strong></span> <span class='ocrx_word' id='word_1_579' title='bbox 1258 1451 1436 1487; x_wconf 78' lang='lat' dir='ltr'><strong>Pachymer.,</strong></span> <span class='ocrx_word' id='word_1_580' title='bbox 1449 1460 1477 1486; x_wconf 92' lang='lat' dir='ltr'><strong>p.</strong></span> <span class='ocrx_word' id='word_1_581' title='bbox 1495 1450 1555 1477; x_wconf 80' lang='lat'><strong>188:</strong></span> <span class='ocrx_word' id='word_1_582' title='bbox 1571 1450 1614 1484; x_wconf 82' lang='grc' dir='ltr'><strong>Τῷ</strong></span> <span class='ocrx_word' id='word_1_583' title='bbox 1631 1446 1661 1475; x_wconf 82' lang='grc' dir='ltr'><strong>δέ</strong></span> <span class='ocrx_word' id='word_1_584' title='bbox 1674 1457 1705 1484; x_wconf 85' lang='grc' dir='ltr'><strong>γε</strong></span> <span class='ocrx_word' id='word_1_585' title='bbox 1717 1442 1905 1481; x_wconf 72' lang='grc' dir='ltr'><strong>Γασμουλικῷ</strong></span> 
     </span>
    </p>
   </div>
   <div class='ocr_carea' id='block_1_89' title="bbox 1075 1489 1905 1532">
    <p class='ocr_par' dir='ltr' id='par_1_89' title="bbox 1075 1489 1905 1532">
     <span class='ocr_line' id='line_1_89' title="bbox 1075 1489 1905 1532; baseline -0.011 -8"><span class='ocrx_word' id='word_1_586' title='bbox 1075 1494 1120 1525; x_wconf 69' lang='grc' dir='ltr'><strong>οὓς</strong></span> <span class='ocrx_word' id='word_1_587' title='bbox 1149 1494 1183 1529; x_wconf 75' lang='grc' dir='ltr'><strong>δὴ</strong></span> <span class='ocrx_word' id='word_1_588' title='bbox 1213 1496 1383 1532; x_wconf 68' lang='grc' dir='ltr'><strong>συμμίκτους</strong></span> <span class='ocrx_word' id='word_1_589' title='bbox 1411 1497 1428 1530; x_wconf 83' lang='grc' dir='ltr'>ὴ</span> <span class='ocrx_word' id='word_1_590' title='bbox 1458 1497 1510 1522; x_wconf 81' lang='grc' dir='ltr'><strong>τῶν</strong></span> <span class='ocrx_word' id='word_1_591' title='bbox 1539 1493 1652 1522; x_wconf 82' lang='grc' dir='ltr'>Ἰταλῶν</span> <span class='ocrx_word' id='word_1_592' title='bbox 1675 1490 1760 1520; x_wconf 67' lang='grc' dir='ltr'><strong>εἴπειε</strong></span> <span class='ocrx_word' id='word_1_593' title='bbox 1772 1489 1905 1529; x_wconf 78' lang='grc' dir='ltr'><strong>γλῶσσα-</strong></span> 
     </span>
    </p>
   </div>
   <div class='ocr_carea' id='block_1_90' title="bbox 1076 1534 1905 1569">
    <p class='ocr_par' dir='ltr' id='par_1_90' title="bbox 1076 1534 1905 1569">
     <span class='ocr_line' id='line_1_90' title="bbox 1076 1534 1905 1569; baseline -0.006 -2"><span class='ocrx_word' id='word_1_594' title='bbox 1076 1539 1140 1567; x_wconf 89' lang='lat' dir='ltr'><strong>Non</strong></span> <span class='ocrx_word' id='word_1_595' title='bbox 1176 1541 1369 1569; x_wconf 87' lang='lat' dir='ltr'><strong>dissimulabo</strong></span> <span class='ocrx_word' id='word_1_596' title='bbox 1408 1542 1583 1569; x_wconf 87' lang='lat' dir='ltr'><strong>Vaticanum</strong></span> <span class='ocrx_word' id='word_1_597' title='bbox 1616 1539 1747 1567; x_wconf 89' lang='lat' dir='ltr'><strong>codicem</strong></span> <span class='ocrx_word' id='word_1_598' title='bbox 1781 1536 1812 1564; x_wconf 93' lang='lat' dir='ltr'><strong>in</strong></span> <span class='ocrx_word' id='word_1_599' title='bbox 1845 1534 1905 1562; x_wconf 84' lang='lat' dir='ltr'><strong>hoc</strong></span> 
     </span>
    </p>
   </div>
   <div class='ocr_carea' id='block_1_91' title="bbox 1076 1583 1903 1621">
    <p class='ocr_par' dir='ltr' id='par_1_91' title="bbox 1076 1583 1903 1621">
     <span class='ocr_line' id='line_1_91' title="bbox 1076 1583 1903 1621; baseline -0.006 -10"><span class='ocrx_word' id='word_1_600' title='bbox 1076 1585 1205 1612; x_wconf 87' lang='lat' dir='ltr'><strong>secundo</strong></span> <span class='ocrx_word' id='word_1_601' title='bbox 1221 1585 1283 1613; x_wconf 90' lang='lat' dir='ltr'><strong>loco</strong></span> <span class='ocrx_word' id='word_1_602' title='bbox 1299 1586 1379 1621; x_wconf 85' lang='lat' dir='ltr'><strong>(nam</strong></span> <span class='ocrx_word' id='word_1_603' title='bbox 1397 1586 1475 1621; x_wconf 88' lang='lat' dir='ltr'><strong>prior</strong></span> <span class='ocrx_word' id='word_1_604' title='bbox 1490 1594 1518 1621; x_wconf 92' lang='lat' dir='ltr'><strong>p.</strong></span> <span class='ocrx_word' id='word_1_605' title='bbox 1534 1585 1598 1618; x_wconf 83' lang='lat'><strong>309,</strong></span> <span class='ocrx_word' id='word_1_606' title='bbox 1623 1583 1653 1611; x_wconf 91' lang='lat' dir='ltr'><strong>in</strong></span> <span class='ocrx_word' id='word_1_607' title='bbox 1678 1591 1712 1611; x_wconf 88' lang='lat' dir='ltr'><strong>eo</strong></span> <span class='ocrx_word' id='word_1_608' title='bbox 1736 1589 1793 1610; x_wconf 91' lang='lat' dir='ltr'><strong>non</strong></span> <span class='ocrx_word' id='word_1_609' title='bbox 1818 1586 1903 1608; x_wconf 87' lang='lat' dir='ltr'><strong>com-</strong></span> 
     </span>
    </p>
   </div>
   <div class='ocr_carea' id='block_1_92' title="bbox 1078 1625 1902 1666">
    <p class='ocr_par' dir='ltr' id='par_1_92' title="bbox 1078 1625 1902 1666">
     <span class='ocr_line' id='line_1_92' title="bbox 1078 1625 1902 1666; baseline -0.006 -10"><span class='ocrx_word' id='word_1_610' title='bbox 1078 1629 1170 1664; x_wconf 87' lang='lat' dir='ltr'><strong>paret)</strong></span> <span class='ocrx_word' id='word_1_611' title='bbox 1193 1630 1368 1657; x_wconf 87' lang='lat' dir='ltr'><strong>vocabulum</strong></span> <span class='ocrx_word' id='word_1_612' title='bbox 1398 1630 1477 1658; x_wconf 86' lang='lat' dir='ltr'><strong>islud</strong></span> <span class='ocrx_word' id='word_1_613' title='bbox 1493 1638 1545 1666; x_wconf 89' lang='lat' dir='ltr'><strong>per</strong></span> <span class='ocrx_word' id='word_1_614' title='bbox 1576 1628 1737 1657; x_wconf 88' lang='lat' dir='ltr'><strong>secundam</strong></span> <span class='ocrx_word' id='word_1_615' title='bbox 1767 1625 1902 1653; x_wconf 78' lang='lat' dir='ltr'><strong>litteram</strong></span> 
     </span>
    </p>
   </div>
   <div class='ocr_carea' id='block_1_93' title="bbox 1077 1667 1903 1710">
    <p class='ocr_par' dir='ltr' id='par_1_93' title="bbox 1077 1667 1903 1710">
     <span class='ocr_line' id='line_1_93' title="bbox 1077 1667 1903 1710; baseline -0.006 -10"><span class='ocrx_word' id='word_1_616' title='bbox 1077 1673 1387 1710; x_wconf 46' lang='lat' dir='ltr'><strong>inchoarez‘scriptum</strong></span> <span class='ocrx_word' id='word_1_617' title='bbox 1404 1675 1482 1702; x_wconf 89' lang='lat' dir='ltr'><strong>enim</strong></span> <span class='ocrx_word' id='word_1_618' title='bbox 1500 1674 1617 1702; x_wconf 89' lang='lat' dir='ltr'><strong>exhibet</strong></span> <span class='ocrx_word' id='word_1_619' title='bbox 1635 1673 1677 1708; x_wconf 85' lang='grc' dir='ltr'>τῷ</span> <span class='ocrx_word' id='word_1_620' title='bbox 1707 1667 1903 1708; x_wconf 73' lang='grc' dir='ltr'><strong>βασμουλιχῷ.</strong></span> 
     </span>
    </p>
   </div>
   <div class='ocr_carea' id='block_1_94' title="bbox 1078 1713 1905 1754">
    <p class='ocr_par' dir='ltr' id='par_1_94' title="bbox 1078 1713 1905 1754">
     <span class='ocr_line' id='line_1_94' title="bbox 1078 1713 1905 1754; baseline -0.005 -9"><span class='ocrx_word' id='word_1_621' title='bbox 1078 1718 1200 1754; x_wconf 83' lang='lat' dir='ltr'><strong>Reperio</strong></span> <span class='ocrx_word' id='word_1_622' title='bbox 1217 1720 1304 1746; x_wconf 89' lang='lat' dir='ltr'><strong>etiam</strong></span> <span class='ocrx_word' id='word_1_623' title='bbox 1317 1719 1445 1747; x_wconf 88' lang='lat' dir='ltr'><strong>Nicetam</strong></span> <span class='ocrx_word' id='word_1_624' title='bbox 1461 1719 1632 1747; x_wconf 87' lang='lat' dir='ltr'><strong>Choniatem</strong></span> <span class='ocrx_word' id='word_1_625' title='bbox 1656 1716 1709 1745; x_wconf 89' lang='lat' dir='ltr'><strong>lib.</strong></span> <span class='ocrx_word' id='word_1_626' title='bbox 1734 1724 1767 1743; x_wconf 84' lang='lat' dir='ltr'><strong>iu</strong></span> <span class='ocrx_word' id='word_1_627' title='bbox 1790 1714 1823 1742; x_wconf 88' lang='lat' dir='ltr'><strong>in</strong></span> <span class='ocrx_word' id='word_1_628' title='bbox 1842 1713 1905 1742; x_wconf 82' lang='lat' dir='ltr'><strong>Ma-</strong></span> 
     </span>
    </p>
   </div>
   <div class='ocr_carea' id='block_1_95' title="bbox 1078 1759 1903 1798">
    <p class='ocr_par' dir='ltr' id='par_1_95' title="bbox 1078 1759 1903 1798">
     <span class='ocr_line' id='line_1_95' title="bbox 1078 1759 1903 1798; baseline -0.006 -8"><span class='ocrx_word' id='word_1_629' title='bbox 1078 1763 1162 1791; x_wconf 89' lang='lat' dir='ltr'><strong>nuele</strong></span> <span class='ocrx_word' id='word_1_630' title='bbox 1169 1764 1547 1798; x_wconf 85' lang='lat' dir='ltr'><strong>Comneno,describentem</strong></span> <span class='ocrx_word' id='word_1_631' title='bbox 1554 1764 1631 1791; x_wconf 84' lang='lat' dir='ltr'><strong>idem</strong></span> <span class='ocrx_word' id='word_1_632' title='bbox 1639 1770 1734 1798; x_wconf 81' lang='lat' dir='ltr'><strong>genus</strong></span> <span class='ocrx_word' id='word_1_633' title='bbox 1741 1759 1903 1793; x_wconf 86' lang='lat' dir='ltr'><strong>hominum,</strong></span> 
     </span>
    </p>
   </div>
   <div class='ocr_carea' id='block_1_96' title="bbox 1083 1805 1904 1846">
    <p class='ocr_par' dir='ltr' id='par_1_96' title="bbox 1083 1805 1904 1846">
     <span class='ocr_line' id='line_1_96' title="bbox 1083 1805 1904 1846; baseline -0.004 -12"><span class='ocrx_word' id='word_1_634' title='bbox 1083 1807 1259 1844; x_wconf 77' lang='grc' dir='ltr'><strong>βασμουΛοὺς</strong></span> <span class='ocrx_word' id='word_1_635' title='bbox 1284 1818 1340 1837; x_wconf 84' lang='lat' dir='ltr'><strong>non</strong></span> <span class='ocrx_word' id='word_1_636' title='bbox 1366 1808 1545 1846; x_wconf 82' lang='grc' dir='ltr'><strong>γασμούλους</strong></span> <span class='ocrx_word' id='word_1_637' title='bbox 1566 1815 1679 1836; x_wconf 85' lang='lat' dir='ltr'><strong>vocare.</strong></span> <span class='ocrx_word' id='word_1_638' title='bbox 1706 1805 1904 1841; x_wconf 74' lang='lat' dir='ltr'><strong>Pachymerss</strong></span> 
     </span>
    </p>
   </div>
   <div class='ocr_carea' id='block_1_97' title="bbox 1079 1847 1903 1891">
    <p class='ocr_par' dir='ltr' id='par_1_97' title="bbox 1079 1847 1903 1891">
     <span class='ocr_line' id='line_1_97' title="bbox 1079 1847 1903 1891; baseline -0.007 -10"><span class='ocrx_word' id='word_1_639' title='bbox 1079 1856 1177 1881; x_wconf 86' lang='lat' dir='ltr'><strong>tamen</strong></span> <span class='ocrx_word' id='word_1_640' title='bbox 1192 1854 1219 1881; x_wconf 92' lang='lat' dir='ltr'><strong>in</strong></span> <span class='ocrx_word' id='word_1_641' title='bbox 1237 1857 1363 1891; x_wconf 89' lang='lat' dir='ltr'><strong>utroque</strong></span> <span class='ocrx_word' id='word_1_642' title='bbox 1379 1855 1492 1883; x_wconf 89' lang='lat' dir='ltr'><strong>meliori</strong></span> <span class='ocrx_word' id='word_1_643' title='bbox 1509 1853 1608 1882; x_wconf 86' lang='lat' dir='ltr'><strong>codice</strong></span> <span class='ocrx_word' id='word_1_644' title='bbox 1636 1853 1779 1880; x_wconf 81' lang='lat' dir='ltr'><strong>constans</strong></span> <span class='ocrx_word' id='word_1_645' title='bbox 1801 1849 1849 1877; x_wconf 85' lang='lat' dir='ltr'><strong>est.</strong></span> <span class='ocrx_word' id='word_1_646' title='bbox 1872 1847 1903 1875; x_wconf 87' lang='lat' dir='ltr'><strong>in</strong></span> 
     </span>
    </p>
   </div>
   <div class='ocr_carea' id='block_1_98' title="bbox 1078 1892 1904 1936">
    <p class='ocr_par' dir='ltr' id='par_1_98' title="bbox 1078 1892 1904 1936">
     <span class='ocr_line' id='line_1_98' title="bbox 1078 1892 1904 1936; baseline -0.007 -11"><span class='ocrx_word' id='word_1_647' title='bbox 1078 1898 1133 1926; x_wconf 79' lang='lat' dir='ltr'><strong>hoe</strong></span> <span class='ocrx_word' id='word_1_648' title='bbox 1159 1899 1277 1927; x_wconf 88' lang='lat' dir='ltr'><strong>nomine</strong></span> <span class='ocrx_word' id='word_1_649' title='bbox 1306 1908 1359 1936; x_wconf 86' lang='lat' dir='ltr'><strong>per</strong></span> <span class='ocrx_word' id='word_1_650' title='bbox 1387 1900 1504 1927; x_wconf 82' lang='lat' dir='ltr'><strong>tertiam</strong></span> <span class='ocrx_word' id='word_1_651' title='bbox 1535 1899 1662 1926; x_wconf 83' lang='lat' dir='ltr'><strong>litteram</strong></span> <span class='ocrx_word' id='word_1_652' title='bbox 1697 1892 1904 1931; x_wconf 86' lang='lat' dir='ltr'><strong>auspicando.</strong></span> 
     </span>
    </p>
   </div>
   <div class='ocr_carea' id='block_1_99' title="bbox 1080 1938 1905 1980">
    <p class='ocr_par' dir='ltr' id='par_1_99' title="bbox 1080 1938 1905 1980">
     <span class='ocr_line' id='line_1_99' title="bbox 1080 1938 1905 1980; baseline -0.007 -10"><span class='ocrx_word' id='word_1_653' title='bbox 1080 1942 1179 1971; x_wconf 88' lang='lat' dir='ltr'><strong>Utrius</strong></span> <span class='ocrx_word' id='word_1_654' title='bbox 1189 1944 1344 1980; x_wconf 82' lang='lat' dir='ltr'><strong>praevalere</strong></span> <span class='ocrx_word' id='word_1_655' title='bbox 1352 1940 1760 1977; x_wconf 87' lang='lat' dir='ltr'><strong>debeatauctoritas,arbitrio</strong></span> <span class='ocrx_word' id='word_1_656' title='bbox 1766 1938 1905 1973; x_wconf 86' lang='lat' dir='ltr'><strong>relinquo</strong></span> 
     </span>
    </p>
   </div>
   <div class='ocr_carea' id='block_1_100' title="bbox 1077 1988 1375 2023">
    <p class='ocr_par' dir='ltr' id='par_1_100' title="bbox 1077 1988 1375 2023">
     <span class='ocr_line' id='line_1_100' title="bbox 1077 1988 1375 2023; baseline 0.007 -8"><span class='ocrx_word' id='word_1_657' title='bbox 1077 1988 1231 2023; x_wconf 86' lang='lat' dir='ltr'><strong>prudentis</strong></span> <span class='ocrx_word' id='word_1_658' title='bbox 1247 1989 1375 2017; x_wconf 83' lang='lat' dir='ltr'><strong>lectoris.</strong></span> 
     </span>
    </p>
   </div>
   <div class='ocr_carea' id='block_1_101' title="bbox 1112 2031 1906 2073">
    <p class='ocr_par' dir='ltr' id='par_1_101' title="bbox 1112 2031 1906 2073">
     <span class='ocr_line' id='line_1_101' title="bbox 1112 2031 1906 2073; baseline 0 -11"><span class='ocrx_word' id='word_1_659' title='bbox 1112 2037 1319 2072; x_wconf 78' lang='grc' dir='ltr'><strong>Γονιχευθείσης</strong></span> <span class='ocrx_word' id='word_1_660' title='bbox 1349 2047 1379 2073; x_wconf 88' lang='lat' dir='ltr'><strong>p.</strong></span> <span class='ocrx_word' id='word_1_661' title='bbox 1416 2038 1477 2065; x_wconf 79' lang='grc'><strong>164.</strong></span> <span class='ocrx_word' id='word_1_662' title='bbox 1507 2037 1550 2064; x_wconf 85' lang='lat' dir='ltr'><strong>Ita</strong></span> <span class='ocrx_word' id='word_1_663' title='bbox 1578 2036 1644 2064; x_wconf 91' lang='lat' dir='ltr'><strong>cod.</strong></span> <span class='ocrx_word' id='word_1_664' title='bbox 1674 2031 1850 2069; x_wconf 84' lang='lat' dir='ltr'><strong>uterque,B</strong></span> <span class='ocrx_word' id='word_1_665' title='bbox 1875 2031 1906 2058; x_wconf 65' lang='grc' dir='ltr'><strong>οι</strong></span> 
     </span>
    </p>
   </div>
   <div class='ocr_carea' id='block_1_102' title="bbox 1077 2075 1907 2118">
    <p class='ocr_par' dir='ltr' id='par_1_102' title="bbox 1077 2075 1907 2118">
     <span class='ocr_line' id='line_1_102' title="bbox 1077 2075 1907 2118; baseline 0 -11"><span class='ocrx_word' id='word_1_666' title='bbox 1077 2081 1108 2107; x_wconf 90' lang='grc' dir='ltr'><strong>Λ.</strong></span> <span class='ocrx_word' id='word_1_667' title='bbox 1138 2081 1298 2110; x_wconf 83' lang='lat' dir='ltr'><strong>Vaticanus</strong></span> <span class='ocrx_word' id='word_1_668' title='bbox 1315 2085 1436 2110; x_wconf 86' lang='lat' dir='ltr'><strong>autem:</strong></span> <span class='ocrx_word' id='word_1_669' title='bbox 1467 2081 1559 2118; x_wconf 78' lang='grc' dir='ltr'><strong>τρίτον</strong></span> <span class='ocrx_word' id='word_1_670' title='bbox 1583 2079 1649 2117; x_wconf 74' lang='grc' dir='ltr'><strong>ὅπερ</strong></span> <span class='ocrx_word' id='word_1_671' title='bbox 1679 2078 1714 2113; x_wconf 83' lang='grc' dir='ltr'>ἧν</span> <span class='ocrx_word' id='word_1_672' title='bbox 1737 2075 1907 2114; x_wconf 64' lang='grc' dir='ltr'><strong>ἐξῃρημένον</strong></span> 
     </span>
    </p>
   </div>
   <div class='ocr_carea' id='block_1_103' title="bbox 1076 2120 1907 2163">
    <p class='ocr_par' dir='ltr' id='par_1_103' title="bbox 1076 2120 1907 2163">
     <span class='ocr_line' id='line_1_103' title="bbox 1076 2120 1907 2163; baseline -0.008 -8"><span class='ocrx_word' id='word_1_673' title='bbox 1076 2127 1126 2158; x_wconf 83' lang='grc' dir='ltr'><strong>τῆς</strong></span> <span class='ocrx_word' id='word_1_674' title='bbox 1141 2128 1193 2163; x_wconf 84' lang='grc' dir='ltr'><strong>γῆς</strong></span> <span class='ocrx_word' id='word_1_675' title='bbox 1207 2128 1266 2156; x_wconf 83' lang='grc' dir='ltr'><strong>τοῖς</strong></span> <span class='ocrx_word' id='word_1_676' title='bbox 1295 2126 1523 2162; x_wconf 77' lang='grc' dir='ltr'><strong>θεληματαρίοις,</strong></span> <span class='ocrx_word' id='word_1_677' title='bbox 1548 2127 1677 2162; x_wconf 80' lang='lat' dir='ltr'><strong>Apparet</strong></span> <span class='ocrx_word' id='word_1_678' title='bbox 1705 2123 1828 2152; x_wconf 78' lang='lat' dir='ltr'><strong>verbum</strong></span> <span class='ocrx_word' id='word_1_679' title='bbox 1848 2120 1907 2149; x_wconf 85' lang='lat' dir='ltr'><strong>hoc</strong></span> 
     </span>
    </p>
   </div>
   <div class='ocr_carea' id='block_1_104' title="bbox 1079 2165 1907 2206">
    <p class='ocr_par' dir='ltr' id='par_1_104' title="bbox 1079 2165 1907 2206">
     <span class='ocr_line' id='line_1_104' title="bbox 1079 2165 1907 2206; baseline -0.007 -9"><span class='ocrx_word' id='word_1_680' title='bbox 1079 2177 1143 2198; x_wconf 90' lang='lat' dir='ltr'><strong>esse</strong></span> <span class='ocrx_word' id='word_1_681' title='bbox 1160 2171 1220 2206; x_wconf 86' lang='lat' dir='ltr'><strong>agri</strong></span> <span class='ocrx_word' id='word_1_682' title='bbox 1225 2179 1394 2199; x_wconf 90' lang='lat' dir='ltr'><strong>mensorum</strong></span> <span class='ocrx_word' id='word_1_683' title='bbox 1407 2180 1475 2199; x_wconf 85' lang='lat' dir='ltr'><strong>arva</strong></span> <span class='ocrx_word' id='word_1_684' title='bbox 1491 2170 1685 2199; x_wconf 88' lang='lat' dir='ltr'><strong>dividentium</strong></span> <span class='ocrx_word' id='word_1_685' title='bbox 1695 2170 1724 2197; x_wconf 91' lang='lat' dir='ltr'><strong>et</strong></span> <span class='ocrx_word' id='word_1_686' title='bbox 1732 2175 1786 2196; x_wconf 83' lang='lat' dir='ltr'><strong>sua</strong></span> <span class='ocrx_word' id='word_1_687' title='bbox 1796 2165 1907 2201; x_wconf 88' lang='lat' dir='ltr'><strong>cuique</strong></span> 
     </span>
    </p>
   </div>
   <div class='ocr_carea' id='block_1_105' title="bbox 1079 2213 1908 2252">
    <p class='ocr_par' dir='ltr' id='par_1_105' title="bbox 1079 2213 1908 2252">
     <span class='ocr_line' id='line_1_105' title="bbox 1079 2213 1908 2252; baseline -0.011 -6"><span class='ocrx_word' id='word_1_688' title='bbox 1079 2215 1294 2251; x_wconf 72' lang='lat' dir='ltr'><strong>ESBignautium</strong></span> <span class='ocrx_word' id='word_1_689' title='bbox 1308 2217 1423 2252; x_wconf 84' lang='lat' dir='ltr'><strong>jugera.</strong></span> <span class='ocrx_word' id='word_1_690' title='bbox 1444 2216 1596 2252; x_wconf 88' lang='lat' dir='ltr'><strong>Nusquam</strong></span> <span class='ocrx_word' id='word_1_691' title='bbox 1622 2213 1692 2242; x_wconf 78' lang='lat' dir='ltr'><strong>alibi</strong></span> <span class='ocrx_word' id='word_1_692' title='bbox 1708 2213 1763 2240; x_wconf 86' lang='lat' dir='ltr'><strong>hoc</strong></span> <span class='ocrx_word' id='word_1_693' title='bbox 1777 2213 1908 2239; x_wconf 74' lang='lat' dir='ltr'><strong>vocabu-</strong></span> 
     </span>
    </p>
   </div>
   <div class='ocr_carea' id='block_1_106' title="bbox 1077 2257 1907 2297">
    <p class='ocr_par' dir='ltr' id='par_1_106' title="bbox 1077 2257 1907 2297">
     <span class='ocr_line' id='line_1_106' title="bbox 1077 2257 1907 2297; baseline -0.006 -10"><span class='ocrx_word' id='word_1_694' title='bbox 1077 2259 1137 2287; x_wconf 89' lang='lat' dir='ltr'><strong>lum</strong></span> <span class='ocrx_word' id='word_1_695' title='bbox 1154 2261 1274 2288; x_wconf 88' lang='lat' dir='ltr'><strong>memini</strong></span> <span class='ocrx_word' id='word_1_696' title='bbox 1291 2270 1337 2289; x_wconf 89' lang='lat' dir='ltr'><strong>me</strong></span> <span class='ocrx_word' id='word_1_697' title='bbox 1352 2261 1458 2297; x_wconf 88' lang='lat' dir='ltr'><strong>legere.</strong></span> <span class='ocrx_word' id='word_1_698' title='bbox 1474 2260 1613 2296; x_wconf 86' lang='lat' dir='ltr'><strong>Suspicor</strong></span> <span class='ocrx_word' id='word_1_699' title='bbox 1628 2261 1726 2287; x_wconf 86' lang='lat' dir='ltr'><strong>autem</strong></span> <span class='ocrx_word' id='word_1_700' title='bbox 1743 2257 1907 2285; x_wconf 83' lang='lat' dir='ltr'><strong>formatum</strong></span> 
     </span>
    </p>
   </div>
   <div class='ocr_carea' id='block_1_107' title="bbox 1081 2300 1907 2342">
    <p class='ocr_par' dir='ltr' id='par_1_107' title="bbox 1081 2300 1907 2342">
     <span class='ocr_line' id='line_1_107' title="bbox 1081 2300 1907 2342; baseline -0.006 -10"><span class='ocrx_word' id='word_1_701' title='bbox 1081 2313 1098 2332; x_wconf 83' lang='lat' dir='ltr'><strong>a</strong></span> <span class='ocrx_word' id='word_1_702' title='bbox 1111 2303 1190 2342; x_wconf 84' lang='grc' dir='ltr'>γόνος</span> <span class='ocrx_word' id='word_1_703' title='bbox 1207 2305 1393 2341; x_wconf 85' lang='lat' dir='ltr'><strong>signiﬁcante</strong></span> <span class='ocrx_word' id='word_1_704' title='bbox 1411 2305 1499 2342; x_wconf 80' lang='grc' dir='ltr'><strong>μίτον,</strong></span> <span class='ocrx_word' id='word_1_705' title='bbox 1516 2305 1571 2333; x_wconf 90' lang='lat' dir='ltr'><strong>hoc</strong></span> <span class='ocrx_word' id='word_1_706' title='bbox 1595 2306 1641 2332; x_wconf 90' lang='lat' dir='ltr'><strong>est</strong></span> <span class='ocrx_word' id='word_1_707' title='bbox 1664 2302 1748 2330; x_wconf 82' lang='lat' dir='ltr'><strong>ﬁlum</strong></span> <span class='ocrx_word' id='word_1_708' title='bbox 1773 2300 1835 2329; x_wconf 82' lang='lat' dir='ltr'><strong>sive</strong></span> <span class='ocrx_word' id='word_1_709' title='bbox 1856 2300 1907 2328; x_wconf 76' lang='lat' dir='ltr'><strong>fh-</strong></span> 
     </span>
    </p>
   </div>
   <div class='ocr_carea' id='block_1_108' title="bbox 1079 2348 1906 2387">
    <p class='ocr_par' dir='ltr' id='par_1_108' title="bbox 1079 2348 1906 2387">
     <span class='ocr_line' id='line_1_108' title="bbox 1079 2348 1906 2387; baseline -0.005 -10"><span class='ocrx_word' id='word_1_710' title='bbox 1079 2350 1222 2387; x_wconf 90' lang='lat' dir='ltr'><strong>niculum,</strong></span> <span class='ocrx_word' id='word_1_711' title='bbox 1240 2360 1297 2387; x_wconf 89' lang='lat' dir='ltr'><strong>quo</strong></span> <span class='ocrx_word' id='word_1_712' title='bbox 1326 2351 1357 2379; x_wconf 89' lang='lat' dir='ltr'><strong>in</strong></span> <span class='ocrx_word' id='word_1_713' title='bbox 1386 2351 1590 2387; x_wconf 84' lang='lat' dir='ltr'><strong>designatione</strong></span> <span class='ocrx_word' id='word_1_714' title='bbox 1619 2348 1809 2386; x_wconf 81' lang='lat' dir='ltr'><strong>praediorum,</strong></span> <span class='ocrx_word' id='word_1_715' title='bbox 1838 2353 1906 2382; x_wconf 66' lang='lat' dir='ltr'><strong>qua)</strong></span> 
     </span>
    </p>
   </div>
   <div class='ocr_carea' id='block_1_109' title="bbox 1034 2384 1906 2432">
    <p class='ocr_par' dir='ltr' id='par_1_109' title="bbox 1034 2384 1906 2432">
     <span class='ocr_line' id='line_1_109' title="bbox 1034 2384 1906 2432; baseline -0.007 -8"><span class='ocrx_word' id='word_1_716' title='bbox 1034 2384 1057 2416; x_wconf 83' lang='lat' dir='ltr'><strong>D</strong></span> <span class='ocrx_word' id='word_1_717' title='bbox 1079 2396 1186 2432; x_wconf 86' lang='lat' dir='ltr'><strong>cuique</strong></span> <span class='ocrx_word' id='word_1_718' title='bbox 1212 2384 1257 2423; x_wconf 32' lang='lat' dir='ltr'><strong>ini</strong></span> <span class='ocrx_word' id='word_1_719' title='bbox 1272 2397 1430 2432; x_wconf 81' lang='lat' dir='ltr'><strong>partitione</strong></span> <span class='ocrx_word' id='word_1_720' title='bbox 1444 2384 1587 2424; x_wconf 68' lang='lat' dir='ltr'><strong>terrarum</strong></span> <span class='ocrx_word' id='word_1_721' title='bbox 1609 2384 1830 2425; x_wconf 72' lang='lat' dir='ltr'><strong>attribuuntur,</strong></span> <span class='ocrx_word' id='word_1_722' title='bbox 1859 2390 1906 2419; x_wconf 85' lang='lat' dir='ltr'><strong>uti</strong></span> 
     </span>
    </p>
   </div>
   <div class='ocr_carea' id='block_1_110' title="bbox 1080 2434 1906 2469">
    <p class='ocr_par' dir='ltr' id='par_1_110' title="bbox 1080 2434 1906 2469">
     <span class='ocr_line' id='line_1_110' title="bbox 1080 2434 1906 2469; baseline -0.006 -1"><span class='ocrx_word' id='word_1_723' title='bbox 1080 2441 1261 2469; x_wconf 90' lang='lat' dir='ltr'><strong>coloniarum</strong></span> <span class='ocrx_word' id='word_1_724' title='bbox 1279 2441 1452 2469; x_wconf 87' lang='lat' dir='ltr'><strong>deductores</strong></span> <span class='ocrx_word' id='word_1_725' title='bbox 1465 2440 1569 2468; x_wconf 88' lang='lat' dir='ltr'><strong>solent.</strong></span> <span class='ocrx_word' id='word_1_726' title='bbox 1598 2438 1680 2466; x_wconf 88' lang='lat' dir='ltr'><strong>Unde</strong></span> <span class='ocrx_word' id='word_1_727' title='bbox 1700 2438 1771 2465; x_wconf 91' lang='lat' dir='ltr'><strong>sunt</strong></span> <span class='ocrx_word' id='word_1_728' title='bbox 1798 2434 1843 2464; x_wconf 83' lang='lat' dir='ltr'><strong>illi</strong></span> <span class='ocrx_word' id='word_1_729' title='bbox 1873 2434 1906 2463; x_wconf 87' lang='lat' dir='ltr'><strong>in</strong></span> 
     </span>
    </p>
   </div>
   <div class='ocr_carea' id='block_1_111' title="bbox 1074 2481 1906 2521">
    <p class='ocr_par' dir='ltr' id='par_1_111' title="bbox 1074 2481 1906 2521">
     <span class='ocr_line' id='line_1_111' title="bbox 1074 2481 1906 2521; baseline -0.004 -10"><span class='ocrx_word' id='word_1_730' title='bbox 1074 2486 1235 2521; x_wconf 88' lang='lat' dir='ltr'><strong>Scripturis</strong></span> <span class='ocrx_word' id='word_1_731' title='bbox 1249 2488 1311 2513; x_wconf 86' lang='lat' dir='ltr'><strong>tam</strong></span> <span class='ocrx_word' id='word_1_732' title='bbox 1327 2494 1403 2521; x_wconf 69' lang='lat' dir='ltr'><strong>saepe</strong></span> <span class='ocrx_word' id='word_1_733' title='bbox 1419 2484 1552 2521; x_wconf 88' lang='lat' dir='ltr'><strong>usurpati</strong></span> <span class='ocrx_word' id='word_1_734' title='bbox 1562 2483 1685 2511; x_wconf 84' lang='lat' dir='ltr'><strong>funiculi</strong></span> <span class='ocrx_word' id='word_1_735' title='bbox 1696 2481 1906 2510; x_wconf 69' lang='lat' dir='ltr'><strong>haereditatum</strong></span> 
     </span>
    </p>
   </div>
   <div class='ocr_carea' id='block_1_112' title="bbox 1076 2524 1906 2564">
    <p class='ocr_par' dir='ltr' id='par_1_112' title="bbox 1076 2524 1906 2564">
     <span class='ocr_line' id='line_1_112' title="bbox 1076 2524 1906 2564; baseline -0.004 -8"><span class='ocrx_word' id='word_1_736' title='bbox 1076 2532 1087 2556; x_wconf 84' lang='grc' dir='ltr'>Ι</span> <span class='ocrx_word' id='word_1_737' title='bbox 1113 2530 1208 2561; x_wconf 87' lang='lat' dir='ltr'><strong>Paral.</strong></span> <span class='ocrx_word' id='word_1_738' title='bbox 1238 2531 1361 2564; x_wconf 76' lang='lat' dir='ltr'><strong>xvx,18;</strong></span> <span class='ocrx_word' id='word_1_739' title='bbox 1390 2530 1490 2564; x_wconf 87' lang='lat' dir='ltr'><strong>Josue,</strong></span> <span class='ocrx_word' id='word_1_740' title='bbox 1519 2537 1588 2562; x_wconf 84' lang='lat' dir='ltr'><strong>xvu,</strong></span> <span class='ocrx_word' id='word_1_741' title='bbox 1617 2529 1635 2555; x_wconf 82' lang='lat'>6</span> <span class='ocrx_word' id='word_1_742' title='bbox 1661 2529 1690 2555; x_wconf 87' lang='lat' dir='ltr'><strong>et</strong></span> <span class='ocrx_word' id='word_1_743' title='bbox 1720 2527 1768 2561; x_wconf 63' lang='lat' dir='ltr'><strong>it;</strong></span> <span class='ocrx_word' id='word_1_744' title='bbox 1796 2534 1856 2560; x_wconf 82' lang='lat' dir='ltr'><strong>xrx,</strong></span> <span class='ocrx_word' id='word_1_745' title='bbox 1886 2524 1906 2552; x_wconf 81' lang='lat'><strong>9</strong></span> 
     </span>
    </p>
   </div>
   <div class='ocr_carea' id='block_1_113' title="bbox 1076 2570 1904 2609">
    <p class='ocr_par' dir='ltr' id='par_1_113' title="bbox 1076 2570 1904 2609">
     <span class='ocr_line' id='line_1_113' title="bbox 1076 2570 1904 2609; baseline -0.005 -7"><span class='ocrx_word' id='word_1_746' title='bbox 1076 2577 1104 2602; x_wconf 88' lang='lat' dir='ltr'><strong>et</strong></span> <span class='ocrx_word' id='word_1_747' title='bbox 1118 2576 1164 2609; x_wconf 83' lang='lat'><strong>29;</strong></span> <span class='ocrx_word' id='word_1_748' title='bbox 1182 2576 1257 2603; x_wconf 83' lang='lat' dir='ltr'><strong>Psal.</strong></span> <span class='ocrx_word' id='word_1_749' title='bbox 1274 2583 1379 2608; x_wconf 83' lang='lat' dir='ltr'><strong>Lxxvu,</strong></span> <span class='ocrx_word' id='word_1_750' title='bbox 1406 2575 1452 2609; x_wconf 63' lang='lat'><strong>54;</strong></span> <span class='ocrx_word' id='word_1_751' title='bbox 1467 2583 1524 2608; x_wconf 73' lang='grc' dir='ltr'><strong>ειν,</strong></span> <span class='ocrx_word' id='word_1_752' title='bbox 1554 2574 1585 2602; x_wconf 83' lang='grc' dir='ltr'>Η</span> <span class='ocrx_word' id='word_1_753' title='bbox 1610 2575 1639 2601; x_wconf 87' lang='lat' dir='ltr'><strong>et</strong></span> <span class='ocrx_word' id='word_1_754' title='bbox 1669 2572 1750 2600; x_wconf 90' lang='lat' dir='ltr'><strong>alibi.</strong></span> <span class='ocrx_word' id='word_1_755' title='bbox 1779 2570 1904 2599; x_wconf 82' lang='lat' dir='ltr'><strong>Fundus</strong></span> 
     </span>
    </p>
   </div>
   <div class='ocr_carea' id='block_1_114' title="bbox 1078 2615 1904 2656">
    <p class='ocr_par' dir='ltr' id='par_1_114' title="bbox 1078 2615 1904 2656">
     <span class='ocr_line' id='line_1_114' title="bbox 1078 2615 1904 2656; baseline -0.005 -9"><span class='ocrx_word' id='word_1_756' title='bbox 1078 2619 1150 2647; x_wconf 88' lang='lat' dir='ltr'><strong>mihi</strong></span> <span class='ocrx_word' id='word_1_757' title='bbox 1168 2620 1342 2655; x_wconf 69' lang='lat' dir='ltr'><strong>conjectura:</strong></span> <span class='ocrx_word' id='word_1_758' title='bbox 1359 2619 1520 2656; x_wconf 81' lang='lat' dir='ltr'><strong>Hesychius</strong></span> <span class='ocrx_word' id='word_1_759' title='bbox 1545 2621 1590 2647; x_wconf 88' lang='lat' dir='ltr'><strong>est</strong></span> <span class='ocrx_word' id='word_1_760' title='bbox 1617 2617 1693 2654; x_wconf 87' lang='lat' dir='ltr'><strong>apud</strong></span> <span class='ocrx_word' id='word_1_761' title='bbox 1719 2624 1808 2653; x_wconf 89' lang='lat' dir='ltr'><strong>quem</strong></span> <span class='ocrx_word' id='word_1_762' title='bbox 1836 2615 1904 2652; x_wconf 87' lang='lat' dir='ltr'><strong>lego</strong></span> 
     </span>
    </p>
   </div>
   <div class='ocr_carea' id='block_1_115' title="bbox 1079 2658 1904 2701">
    <p class='ocr_par' dir='ltr' id='par_1_115' title="bbox 1079 2658 1904 2701">
     <span class='ocr_line' id='line_1_115' title="bbox 1079 2658 1904 2701; baseline -0.004 -11"><span class='ocrx_word' id='word_1_763' title='bbox 1079 2664 1158 2701; x_wconf 86' lang='grc' dir='ltr'>γόνον</span> <span class='ocrx_word' id='word_1_764' title='bbox 1187 2664 1275 2700; x_wconf 80' lang='grc' dir='ltr'><strong>μίτον.</strong></span> <span class='ocrx_word' id='word_1_765' title='bbox 1306 2666 1410 2693; x_wconf 84' lang='lat' dir='ltr'><strong>Posset</strong></span> <span class='ocrx_word' id='word_1_766' title='bbox 1432 2664 1522 2692; x_wconf 88' lang='lat' dir='ltr'><strong>etiam</strong></span> <span class='ocrx_word' id='word_1_767' title='bbox 1550 2664 1623 2691; x_wconf 80' lang='lat' dir='ltr'><strong>forte</strong></span> <span class='ocrx_word' id='word_1_768' title='bbox 1651 2661 1778 2698; x_wconf 86' lang='lat' dir='ltr'><strong>cuipiam</strong></span> <span class='ocrx_word' id='word_1_769' title='bbox 1808 2658 1904 2688; x_wconf 83' lang='lat' dir='ltr'><strong>videri</strong></span> 
     </span>
    </p>
   </div>
   <div class='ocr_carea' id='block_1_116' title="bbox 1075 2704 1906 2747">
    <p class='ocr_par' dir='ltr' id='par_1_116' title="bbox 1075 2704 1906 2747">
     <span class='ocr_line' id='line_1_116' title="bbox 1075 2704 1906 2747; baseline -0.004 -10"><span class='ocrx_word' id='word_1_770' title='bbox 1075 2709 1234 2738; x_wconf 85' lang='lat' dir='ltr'><strong>deductum</strong></span> <span class='ocrx_word' id='word_1_771' title='bbox 1250 2710 1373 2738; x_wconf 86' lang='lat' dir='ltr'><strong>verbum</strong></span> <span class='ocrx_word' id='word_1_772' title='bbox 1389 2705 1537 2747; x_wconf 77' lang='grc' dir='ltr'><strong>γονικεύεῖν</strong></span> <span class='ocrx_word' id='word_1_773' title='bbox 1564 2717 1580 2736; x_wconf 89' lang='lat' dir='ltr'><strong>a</strong></span> <span class='ocrx_word' id='word_1_774' title='bbox 1593 2715 1663 2736; x_wconf 86' lang='lat' dir='ltr'><strong>voce</strong></span> <span class='ocrx_word' id='word_1_775' title='bbox 1691 2704 1773 2744; x_wconf 87' lang='grc' dir='ltr'><strong>γον(α</strong></span> <span class='ocrx_word' id='word_1_776' title='bbox 1803 2706 1906 2734; x_wconf 80' lang='lat' dir='ltr'><strong>focum</strong></span> 
     </span>
    </p>
   </div>
   <div class='ocr_carea' id='block_1_117' title="bbox 1075 2750 1907 2789">
    <p class='ocr_par' dir='ltr' id='par_1_117' title="bbox 1075 2750 1907 2789">
     <span class='ocr_line' id='line_1_117' title="bbox 1075 2750 1907 2789; baseline -0.002 -8"><span class='ocrx_word' id='word_1_777' title='bbox 1075 2755 1275 2789; x_wconf 86' lang='lat' dir='ltr'><strong>signiﬁcante,</strong></span> <span class='ocrx_word' id='word_1_778' title='bbox 1291 2757 1324 2782; x_wconf 91' lang='lat' dir='ltr'><strong>ut</strong></span> <span class='ocrx_word' id='word_1_779' title='bbox 1338 2754 1484 2783; x_wconf 86' lang='lat' dir='ltr'><strong>Meursius</strong></span> <span class='ocrx_word' id='word_1_780' title='bbox 1497 2753 1596 2786; x_wconf 86' lang='lat' dir='ltr'><strong>tradit,</strong></span> <span class='ocrx_word' id='word_1_781' title='bbox 1611 2752 1690 2789; x_wconf 89' lang='lat' dir='ltr'><strong>quod</strong></span> <span class='ocrx_word' id='word_1_782' title='bbox 1707 2752 1738 2780; x_wconf 91' lang='lat' dir='ltr'><strong>in</strong></span> <span class='ocrx_word' id='word_1_783' title='bbox 1753 2750 1907 2787; x_wconf 80' lang='lat' dir='ltr'><strong>ejusmodi</strong></span> 
     </span>
    </p>
   </div>
   <div class='ocr_carea' id='block_1_118' title="bbox 1075 2795 1906 2835">
    <p class='ocr_par' dir='ltr' id='par_1_118' title="bbox 1075 2795 1906 2835">
     <span class='ocr_line' id='line_1_118' title="bbox 1075 2795 1906 2835; baseline -0.001 -10"><span class='ocrx_word' id='word_1_784' title='bbox 1075 2799 1331 2834; x_wconf 84' lang='lat' dir='ltr'><strong>assignationibus</strong></span> <span class='ocrx_word' id='word_1_785' title='bbox 1348 2807 1485 2835; x_wconf 89' lang='lat' dir='ltr'><strong>agrorum</strong></span> <span class='ocrx_word' id='word_1_786' title='bbox 1503 2797 1630 2834; x_wconf 85' lang='lat' dir='ltr'><strong>singulis</strong></span> <span class='ocrx_word' id='word_1_787' title='bbox 1644 2795 1786 2831; x_wconf 81' lang='lat' dir='ltr'><strong>focis,hoo</strong></span> <span class='ocrx_word' id='word_1_788' title='bbox 1801 2798 1849 2825; x_wconf 83' lang='lat' dir='ltr'><strong>est</strong></span> <span class='ocrx_word' id='word_1_789' title='bbox 1859 2795 1906 2824; x_wconf 75' lang='lat' dir='ltr'><strong>fu-</strong></span> 
     </span>
    </p>
   </div>
   <div class='ocr_carea' id='block_1_119' title="bbox 1075 2842 1760 2879">
    <p class='ocr_par' dir='ltr' id='par_1_119' title="bbox 1075 2842 1760 2879">
     <span class='ocr_line' id='line_1_119' title="bbox 1075 2842 1760 2879; baseline 0.001 -9"><span class='ocrx_word' id='word_1_790' title='bbox 1075 2843 1176 2878; x_wconf 88' lang='lat' dir='ltr'><strong>miliis,</strong></span> <span class='ocrx_word' id='word_1_791' title='bbox 1193 2853 1247 2872; x_wconf 85' lang='lat' dir='ltr'><strong>sua</strong></span> <span class='ocrx_word' id='word_1_792' title='bbox 1260 2847 1344 2872; x_wconf 73' lang='lat' dir='ltr'><strong>teri-aa</strong></span> <span class='ocrx_word' id='word_1_793' title='bbox 1356 2843 1477 2872; x_wconf 87' lang='lat' dir='ltr'><strong>arabilis</strong></span> <span class='ocrx_word' id='word_1_794' title='bbox 1492 2843 1587 2879; x_wconf 87' lang='lat' dir='ltr'><strong>portio</strong></span> <span class='ocrx_word' id='word_1_795' title='bbox 1602 2842 1760 2871; x_wconf 86' lang='lat' dir='ltr'><strong>tribuatur.</strong></span> 
     </span>
    </p>
   </div>
   <div class='ocr_carea' id='block_1_120' title="bbox 1110 2891 1905 2929">
    <p class='ocr_par' dir='ltr' id='par_1_120' title="bbox 1110 2891 1905 2929">
     <span class='ocr_line' id='line_1_120' title="bbox 1110 2891 1905 2929; baseline 0.003 -10"><span class='ocrx_word' id='word_1_796' title='bbox 1110 2891 1297 2929; x_wconf 69' lang='grc' dir='ltr'><strong>Δαιταλευταί,</strong></span> <span class='ocrx_word' id='word_1_797' title='bbox 1328 2902 1356 2929; x_wconf 91' lang='lat' dir='ltr'><strong>p.</strong></span> <span class='ocrx_word' id='word_1_798' title='bbox 1388 2893 1436 2920; x_wconf 86' lang='grc'><strong>161</strong></span> <span class='ocrx_word' id='word_1_799' title='bbox 1463 2893 1517 2921; x_wconf 88' lang='lat' dir='ltr'><strong>Pro</strong></span> <span class='ocrx_word' id='word_1_800' title='bbox 1545 2891 1732 2926; x_wconf 77' lang='grc' dir='ltr'><strong>δαιταλωταί,</strong></span> <span class='ocrx_word' id='word_1_801' title='bbox 1761 2892 1840 2928; x_wconf 82' lang='lat' dir='ltr'><strong>quod</strong></span> <span class='ocrx_word' id='word_1_802' title='bbox 1869 2891 1905 2921; x_wconf 73' lang='lat' dir='ltr'><strong>in</strong></span> 
     </span>
    </p>
   </div>
   <div class='ocr_carea' id='block_1_121' title="bbox 1073 2937 1904 2974">
    <p class='ocr_par' dir='ltr' id='par_1_121' title="bbox 1073 2937 1904 2974">
     <span class='ocr_line' id='line_1_121' title="bbox 1073 2937 1904 2974; baseline 0.002 -9"><span class='ocrx_word' id='word_1_803' title='bbox 1073 2937 1189 2965; x_wconf 85' lang='lat' dir='ltr'><strong>duobus</strong></span> <span class='ocrx_word' id='word_1_804' title='bbox 1205 2937 1288 2965; x_wconf 88' lang='lat' dir='ltr'><strong>codd.</strong></span> <span class='ocrx_word' id='word_1_805' title='bbox 1307 2939 1328 2965; x_wconf 86' lang='lat' dir='ltr'>B</span> <span class='ocrx_word' id='word_1_806' title='bbox 1343 2939 1371 2966; x_wconf 84' lang='lat' dir='ltr'><strong>et</strong></span> <span class='ocrx_word' id='word_1_807' title='bbox 1385 2938 1408 2965; x_wconf 89' lang='lat' dir='ltr'><strong>A</strong></span> <span class='ocrx_word' id='word_1_808' title='bbox 1423 2937 1539 2973; x_wconf 86' lang='lat' dir='ltr'><strong>legitur,</strong></span> <span class='ocrx_word' id='word_1_809' title='bbox 1552 2937 1711 2966; x_wconf 85' lang='lat' dir='ltr'><strong>Vaticanus</strong></span> <span class='ocrx_word' id='word_1_810' title='bbox 1726 2937 1817 2967; x_wconf 78' lang='lat' dir='ltr'><strong>habet</strong></span> <span class='ocrx_word' id='word_1_811' title='bbox 1846 2938 1904 2974; x_wconf 72' lang='grc' dir='ltr'><strong>μά-</strong></span> 
     </span>
    </p>
   </div>
  </div>
