4072 6400
416 514 559 571 1013

1888 514 2371 574 GLOSSARIUM.

3699 514 3841 569 1014

412 658 617 714 γειροι,
644 638 798 711 quod
832 643 1068 696 secutus
1100 657 1233 696 sum
1266 640 1327 697 in
1376 641 1858 713 interpretatione
1884 655 2067 695 voca-
2101 638 2155 705 Α
2184 654 2350 708 quam
2378 637 2569 695 valido
2618 639 2799 694 illisus
2848 639 3063 709 impetu
3116 637 3353 693 interiit.
3406 638 3559 692 Sane
3590 642 3838 694 mortem

414 729 538 784 buli
574 745 607 782 a
640 744 731 783 me
762 730 997 800 quidem
1030 730 1170 784 alibi
1192 747 1308 786 non
1338 732 1471 786 visi.
1507 732 1817 803 Reperitur
1838 731 2075 800 quidem

415 813 702 877 δαιταλεύς
734 818 982 889 conviva,
1026 819 1277 887 sodalis;
1329 823 1431 876 sed
1481 821 1750 893 ful‘ginis
1781 827 1838 877 et
1866 821 2075 876 carbo—

414 924 581 973 num,
612 907 829 977 quibus
863 908 1116 980 parietes
1144 911 1489 982 deturpatos
1523 912 1593 966 ab
1626 911 1758 967 istis
1790 906 2073 963 ὃαιταλευ-

410 1000 530 1057 ταῖς
563 1002 765 1052 noster
797 998 1084 1069 queritur,
1115 999 1331 1054 mentio
1366 1001 1561 1071 aptius
1594 1001 1652 1055 in
1686 1017 1903 1072 coquos
1926 1015 2071 1070 qua-

416 1086 568 1141 drat.

482 1185 772 1255 Διαϐαινᾶς
803 1211 857 1266 ρ.
911 1195 1035 1249 466.
1094 1196 1267 1251 Addit
1324 1196 1644 1252 Vaticanus
1693 1193 1782 1250 ἐπὶ
1830 1200 1908 1267 τῷ
1943 1202 2067 1249 Δια-

410 1274 573 1351 ϐαινᾷ
600 1280 775 1353 τόπῳ,
806 1284 961 1354 quod
1014 1284 1237 1341 indicat
1293 1285 1487 1342 locum
1530 1287 1846 1358 quemdam
1890 1286 2070 1341 fuisse

406 1371 559 1429 circa
588 1372 948 1441 Ternobum,
983 1374 1068 1429 ita
1099 1380 1384 1432 vocatum.

473 1481 534 1550 (P
589 1480 716 1550 377)
776 1482 1103 1555 Διαφωνεῖν.
1167 1481 1470 1553 Duplicem
1540 1482 1827 1538 habemus
1886 1483 2066 1553 hujus

399 1570 559 1626 verbi
620 1586 797 1624 usum
858 1571 1015 1641 aqud
1080 1571 1519 1643 Pachymerem,
1572 1574 1913 1628 inusitatam
1964 1576 2066 1627 aut

402 1676 602 1716 rarum
662 1664 983 1731 utrumque
1022 1678 1088 1717 ac
1148 1667 1451 1733 propterea
1508 1663 1875 1718 enarratione
1910 1663 2060 1719 552

400 1748 784 1821 indigentem.
844 1750 1010 1805 Prior
1066 1756 1276 1821 exstat,
1334 1769 1390 1824 p.
1425 1753 1570 1821 ζ145.
1604 1754 1727 1808 Non
1787 1752 2061 1823 usurpari

401 1838 513 1894 hoc
569 1838 695 1895 loco
751 1840 992 1894 verbum
1071 1835 1362 1917 διαφωνεῖν
1449 1842 1507 1896 in
1564 1842 1785 1913 vulgari
1841 1842 2057 1897 discre-

403 1928 580 2001 pandi
641 1932 742 1983 aut
796 1928 1184 1984 dissentiendi
1218 1930 1474 1999 notione,
1526 1933 1670 1986 satis
1731 1930 2059 1986 attendenti

404 1977 580 2001 ρπ-
641 1977 741 1983 __-
799 1977 1184 1984 _----..---.---
1222 1977 1474 1999 .-ν-.ν-.ν,
1526 1977 1670 1986 να-.-
1732 1977 2059 1986 amna".--
2197 1978 2207 1988 .

402 2022 583 2090 patet.
613 2018 751 2089 Agit
781 2010 986 2073 auctor
1015 2019 1085 2074 de
1117 2020 1455 2076 Latinorum
1487 2020 2053 2092 Constantinopolim
2088 2009 2136 2073 B
2167 1978 2347 2092 Erilis:
2382 1977 2599 2092 Pii)?

397 2107 792 2163 obtinentium
854 2109 1107 2163 exercitu
1186 2110 1591 2180 Daphnusiam
1648 2114 2053 2182 Oppugnante,

393 2201 523 2251 tum
584 2214 717 2251 cum
778 2202 951 2268 capta
994 2203 1081 2252 est
1137 2198 1683 2271 Constantinopolis
1741 2200 1815 2254 ab
1858 2199 2055 2253 Alexio

394 2286 642 2341 Caesare.
699 2285 876 2357 Cujus
926 2286 1028 2352 rei,
1062 2287 1204 2342 dum
1257 2288 1449 2343 adhuc
1477 2288 1663 2354 ﬁeret,
1698 2289 1857 2343 fama
1885 2287 2055 2359 quasi

391 2374 677 2430 divinitus
708 2377 775 2429 ad
814 2374 1043 2431 Latinos
1078 2376 1439 2448 Daphnusiaa
1474 2383 1909 2450 oppugnatores
1935 2394 2056 2431 mo-

389 2468 590 2520 mento
640 2463 863 2536 perlata
906 2468 1303 2521 consternavit
1349 2466 1484 2522 illos
1530 2468 1769 2523 horrore
1803 2465 2049 2539 periculi

387 2554 450 2609 in
486 2570 603 2625 quo
622 2554 842 2609 versari
874 2557 1191 2625 apparebat
1214 2573 1421 2612 uxores
1445 2561 1501 2613 et
1532 2556 1749 2613 liberos
1782 2558 2049 2628 ipsorum

387 2642 896 2715 Constantinopoli
947 2643 1204 2700 relictos.
1258 2645 1422 2701 Unde
1472 2648 1675 2702 statim
1726 2646 2046 2715 solverunt,

394 2731 771 2804 suppelias,si
805 2734 1175 2804 pervenirent
1204 2734 1263 2790 in
1312 2734 2047 2807 tempore,laturi.Nullum

393 2822 490 2878 hic
520 2822 805 2877 indicium
852 2822 1243 2879 dissensionis
1274 2824 1430 2879 inter
1468 2825 1651 2897 ipsos.
1703 2826 1891 2889 Quare
1920 2842 2050 2881 ver-

391 2912 536 2967 bum
588 2906 1063 2988 διοιπεφωντςκεσαν
1118 2912 1266 2968 male
1326 2914 1437 2969 hoc
1480 2914 1606 2971 loco
1632 2915 2049 2985 interpretare-

392 3004 512 3069 tur,
569 3001 670 3071 qui
727 3000 1099 3057 discordibus
1156 3003 1553 3059 tumultuatos
1610 3005 1919 3060 sententiis
1976 3004 2045 3058 ad

397 3088 573 3145 talem
608 3089 882 3145 nuntium
917 3091 1156 3147 Latinos
1213 3092 1452 3147 diceret.
1497 3094 1613 3150 Nec
1669 3093 1874 3148 dubito
1906 3093 2046 3163 quin

393 3182 623 3245 auctor,
660 3180 963 3235 studiosus
993 3180 1295 3236 affectator
1322 3183 1672 3238 eruditionis
1704 3183 2050 3253 antiquaa,et

391 3273 630 3340 captare
662 3270 926 3338 gaudens
975 3270 1244 3326 notiones
1261 3272 1592 3340 abstrusas,
1615 3271 1679 3325 τὸ
1730 3268 2049 3349 δαπεφωνή-

382 3376 545 3410 κεσαν
576 3358 941 3426 usurpaverit
972 3376 1038 3414 eo
1081 3377 1259 3415 sensu
1294 3377 1407 3432 quo
1438 3378 1470 3416 a
1517 3362 1669 3416 LXX
1704 3362 1955 3433 positum
1987 3360 2043 3415 id
2080 3368 2124 3436 α

381 3449 632 3503 verbum
687 3452 777 3502 est
822 3448 1142 3504 Ezechielis
1201 3466 1250 3504 c.
1288 3468 1502 3517 xxxvu,
1567 3452 1626 3504 11
1669 3467 1681 3504 :
1724 3446 2047 3507 Ἀπόλωλεν

388 3537 427 3604 ἡ
462 3532 624 3596 ἐλπὶς
653 3536 838 3607 ἡμῶν,
904 3532 1422 3613 διαπεφωνήκαμεν,
1477 3541 1630 3611 quod
1682 3540 1954 3609 vulgatus
1987 3557 2055 3594 ex

390 3624 736 3696 Originibus
767 3626 943 3681 vertit
970 3645 981 3683 :
1038 3628 1211 3683 Periit
1232 3646 1352 3698 spes
1383 3634 1571 3683 nostra
1603 3633 1657 3684 et
1712 3628 1921 3684 abcissi
1955 3646 2052 3684 su-

395 3731 545 3771 mus.
580 3718 680 3770 Est
717 3715 873 3770 enim
919 3716 978 3771 in
1029 3718 1269 3772 Hebraeo
1325 3726 1467 3778 im:
1516 3720 1825 3785 nigmrenu
1875 3736 1909 3773 a
1962 3728 2056 3779 ’κτλ

398 3821 595 3876 ραων,
630 3805 783 3877 quod
810 3809 900 3860 est
926 3805 1264 3861 abscindere
1290 3824 1302 3872 ;
1333 3812 1389 3861 et
1420 3806 1760 3867 addituruﬁ
1793 3808 1930 3862 lanu
1956 3823 2057 3861 no-

400 3894 507 3957 bis.
567 3894 722 3965 quod
772 3894 888 3949 nisi
946 3896 1226 3963 abundat,
1273 3900 1340 3950 ut
1368 3895 1506 3950 alibi
1540 3912 1655 3951 non
1688 3913 1838 3964 raro,
1874 3896 2059 3951 videri

398 3987 596 4054 potest
624 3998 690 4037 eo
753 3982 1043 4054 pertinere
1104 3989 1167 4038 ut
1198 3984 1563 4055 significetur
1609 3984 1818 4041 divisio
1876 3986 2062 4041 animi

401 4074 575 4143 quasi
606 4089 637 4126 a
670 4089 731 4127 se
761 4072 912 4144 ipso,
942 4073 1083 4141 sive,
1138 4078 1204 4129 ut
1244 4075 1383 4129 alibi
1439 4075 1743 4147 Scriptura
1776 4074 2059 4146 loquitur,

403 4160 726 4216 confractio
760 4162 976 4229 cordis,
1011 4163 1203 4233 qualis
1235 4164 1523 4237 contingit
1554 4164 1749 4219 subita
1770 4169 1827 4220 et
1850 4181 2064 4236 magna

404 4250 738 4306 calamitate
778 4252 1245 4322 comprehensis,
1297 4254 1465 4324 cujus
1516 4253 1873 4325 depellendus
1903 4254 2067 4309 nulla

405 4343 510 4394 aut
541 4340 738 4395 tenuis
769 4356 903 4411 spes
936 4346 1043 4396 est.
1077 4341 1364 4397 Vatablus
1393 4344 1563 4399 vertit
1589 4361 1601 4397 :
1636 4342 1846 4398 Succisi
1873 4360 2066 4399 sumus

401 4429 583 4484 nobis.
641 4428 786 4485 Puto
839 4430 1126 4503 Hesychio
1168 4432 1325 4486 hunc
1372 4432 1565 4503 ipsum
1618 4432 2064 4503 LXXinterpre-

402 4521 533 4572 tum
565 4516 763 4574 locum
795 4519 1167 4575 obversatum
1223 4521 1440 4589 animo,
1474 4538 1605 4577 cum
1642 4518 2066 4598 διαπεφωνήκα-

411 4624 508 4677 μεν
536 4605 962 4677 interpretatur
1002 4606 1337 4678 ἀπωλόμεθα
1384 4613 1810 4684 periimus,quaa
1841 4618 1932 4669 est
1960 4630 2069 4669 vox

2184 727 2342 783 illius
2374 729 2523 800 nigri
2585 728 2801 800 pugilis
2832 744 2899 783 ex
2954 728 3054 783 illo
3086 744 3227 782 casu
3287 731 3551 783 secutam
3593 728 3842 783 indicari

2180 818 2356 872 verbo
2389 814 2692 893 διεφώνησε
2749 816 3007 873 ostendit
3056 816 3302 887 plausus
3346 816 3425 871 ibi
3487 818 3685 873 statim
3716 833 3845 873 me-

2182 915 2444 964 moratus
2479 908 2788 964 favitorum
2846 908 3111 978 Andreaa,
3146 908 3245 979 qui
3309 907 3610 962 candidati
3657 924 3725 964 ea
3754 908 3843 963 vi-

2180 998 2343 1053 sione
2384 999 2765 1069 apparebant,
2816 1002 2874 1052 et
2934 996 3253 1067 gratulatio
3330 1001 3613 1067 tanquam
3668 996 3841 1067 plena

2177 1087 2418 1142 victoria
2454 1103 2593 1143 nece
2654 1085 2969 1143 adversarii
3031 1089 3259 1156 patrata
3293 1101 3306 1139 :
3343 1081 3547 1157 Κράτος
3578 1081 3632 1139 δὲ
3668 1083 3836 1159 μέγας

2178 1175 2389 1247 inquit,
2448 1179 2556 1230 τῶν
2600 1172 2977 1249 λευχειμόνων
3020 1173 3109 1229 καὶ
3159 1172 3306 1248 χαρᾶ
3359 1170 3670 1248 γλυκυτᾶτη
3715 1174 3843 1229 τότε

2179 1262 2409 1337 ἐγένετο.
2445 1267 2571 1321 Ηωο
2604 1282 2717 1321 non
2742 1280 3319 1332 commemorassem,
3351 1263 3464 1319 nisi
3498 1265 3835 1321 necessaria

2176 1359 2375 1411 essent
2407 1356 2477 1410 ad
2525 1355 2707 1411 alium
2760 1352 3131 1426 Pachymeris
3182 1354 3367 1408 nostri
3411 1351 3609 1408 locum
3641 1352 3837 1409 decla-

2176 1445 2448 1511 randum,
2482 1461 2538 1515 p.
2568 1446 2689 1499 486.
2723 1443 2854 1515 Agit
2886 1444 2956 1498 de
3014 1443 3186 1515 Cotye
3216 1444 3496 1515 quodam,
3527 1442 3625 1513 qui
3649 1443 3829 1514 jussu

2174 1533 2549 1605 imperatoris
2608 1538 2914 1605 correptus
2972 1532 3387 1603 atortoribus,
3445 1549 3578 1587 cum
3634 1532 3830 1588 vinci-

2172 1626 2333 1677 retur
2362 1623 2505 1677 diris
2545 1622 2855 1694 suppliciis
2912 1622 3362 1691 excruciendus,
3421 1638 3621 1677 eorum
3678 1623 3832 1680 558

2170 1711 2298 1781 ipso
2332 1717 2488 1767 metu
2541 1712 2915 1767 exanimatus
2942 1710 3265 1767 conciderit
3319 1715 3609 1767 mortuus.
3664 1710 3829 1767 Unde

2169 1801 2367 1856 statim
2430 1802 2703 1856 eumdem
2782 1800 2945 1856 addit
2994 1801 3224 1870 pondus
3290 1798 3625 1855 miserabile
3681 1800 3825 1855 sub-

2166 1889 2354 1944 latum
2388 1895 2445 1944 et
2477 1890 2655 1944 humo
2709 1891 3057 1944 mandatum
3111 1889 3291 1945 fuisse
3325 1887 3534 1943 multis
3583 1904 3829 1943 cernen-

2625 1978 2700 2031 sit
2727 1993 2964 2032 necesse
2996 1978 3065 2031 ad
3093 1975 3537 2048 intelligendum
3572 1980 3822 2032 mortem

2165 2067 2345 2137 hujus
2406 2067 2589 2123 verbo
2650 2062 2998 2140 διαφωνεῖνο.
3056 2066 3407 2135 Pacbymere
3474 2066 3822 2137 significari,

2161 2172 2461 2211 recurrere
2493 2156 2565 2211 ad
2598 2154 2950 2210 Vaticanum
2982 2155 3423 2225 paraphrastem
3452 2154 3819 2210 hunclocum

2160 2244 2245 2300 sic
2301 2245 2771 2312 exprimentem:
2831 2243 2893 2297 '0
2954 2240 3011 2296 δὲ
3070 2242 3192 2315 πρὶν
3231 2239 3403 2302 δεθεὶς
3448 2243 3820 2313 κρεμασθῆναι

2156 2336 2237 2405 τῷ
2268 2328 2424 2409 φόϐῳ
2453 2333 2550 2401 τήν
2586 2332 2771 2406 ψυχὴν
2805 2331 3187 2398 ἀποστίθησιν.
3222 2332 3339 2387 Hoc
3396 2335 3488 2388 est
3531 2350 3543 2388 :
3591 2333 3637 2387 Is
3690 2347 3817 2387 vero

2155 2425 2481 2495 priusquam
2508 2423 2725 2479 vinctus
2740 2423 3179 2495 suspendantur,
3203 2431 3348 2477 metu
3370 2425 3627 2478 animum
3654 2422 3809 2491 efﬂa-

2158 2514 2258 2568 vit.

2228 2605 2486 2680 Διδυμόω
2544 2627 2600 2682 p.
2662 2610 2788 2664 364.
2870 2604 3144 2680 Διδυμοῢν
3214 2624 3317 2680 pro
3374 2607 3660 2678 geminare
3726 2606 3822 2663 vix

2155 2699 2313 2769 apud
2346 2704 2570 2754 veteres
2603 2700 2880 2771 reperias.
2933 2699 3041 2754 Sed
3076 2698 3238 2770 origo
3281 2702 3546 2770 apparet,
3578 2701 3635 2753 et
3665 2690 3822 2753 recte

2159 2792 2396 2843 constat
2424 2787 2718 2859 analogia.

2227 2887 2293 2957 (P
2327 2886 2458 2955 378)
2490 2882 2666 2940 δοκῶν
2726 2904 2780 2957 p.
2834 2886 2955 2941 148.
3009 2888 3089 2941 Ita
3149 2888 3316 2942 codd.
3377 2890 3509 2941 Bet
3565 2891 3632 2941 A.
3709 2886 3819 2941 Va-

2154 2976 2389 3031 ticanus
2422 2980 2617 3031 autem
2686 2993 2846 3031 more
2876 2993 2982 3032 suo
3025 2976 3203 3032 libere
3256 2980 3494 3031 mutans
3525 2992 3653 3046 quis
3711 2976 3820 3031 ob-

2154 3064 2417 3120 scuriora
2469 3070 2660 3137 putat,
2692 3064 2719 3119 ὁ
2780 3068 3002 3139 πρῶτος
3042 3083 3145 3137 pro
3178 3065 3205 3118 6
3235 3061 3410 3118 δοκῶν
3455 3064 3641 3136 ponit,
3700 3081 3817 3119 non

2158 3154 2308 3209 male
2341 3156 2696 3211 sententiam
2729 3154 3142 3227 interpretans.
3206 3155 3359 3211 Sunt
3416 3154 3573 3210 enim
3604 3154 3821 3210 Graecis

2154 3244 2328 3299 etiam
2372 3245 2667 3300 veteribus
2699 3243 2750 3297 ot
2807 3242 3115 3311 δοκοῦντες,
3147 3245 3247 3316 qui
3302 3245 3668 3310 auctoritate,
3701 3244 3822 3299 exi-

2164 3332 2527 3401 stimatione,
2555 3333 2844 3405 dignitate
2872 3337 2929 3389 in
2965 3332 3160 3404 aliqua
3186 3337 3357 3405 gente
3388 3337 3488 3387 aut
3509 3338 3656 3387 cmtu
3681 3331 3823 3386 emi-

2165 3427 2325 3487 nent,
2362 3422 2603 3493 antiqua
2654 3428 2711 3477 et
2753 3423 2953 3493 proba,
3008 3423 3109 3478 sed
3167 3422 3367 3477 ratiori
3424 3426 3483 3477 et
3537 3421 3667 3476 ideo
3723 3421 3817 3476 hic

2162 3530 2280 3568 non
2340 3514 2558 3568 frustra
2606 3511 2902 3568 declarata
2951 3512 3207 3568 notione.
3248 3509 3400 3565 Talis
3460 3515 3658 3565 autem
3688 3514 3817 3565 erat

2161 3601 2314 3657 inter
2334 3603 2443 3657 hos
2475 3601 2910 3657 thelematarios
2928 3618 3030 3657 seu
3063 3599 3421 3655 voluntarios
3440 3598 3813 3669 Cutritzaces,

2164 3709 2337 3763 quem
2374 3692 2647 3763 superius
2679 3691 2904 3758 Noster,
2942 3710 2998 3763 p.
3036 3692 3157 3757 138,
3191 3689 3290 3745 ubi
3342 3688 3597 3744 narravit
3625 3689 3813 3744 Caesa-

2164 3797 2284 3836 rem
2342 3777 2472 3841 τοὺς
2531 3776 2819 3841 δοκοῦντας
2879 3776 3299 3851 Θεληματαρίων
3353 3794 3723 3843 convocasse,
3756 3776 3817 3832 in

2164 3869 2237 3924 iis
2272 3868 2453 3924 fuisse
2485 3870 2844 3941 praecipuum
2878 3871 3269 3935 demonstrat,
3303 3869 3446 3923 dum
3497 3866 3661 3922 illum
3696 3866 3820 3923 vice

2167 3974 2233 4014 ac
2264 3957 2504 4012 nomine
2536 3958 2801 4012 omnium
2836 3957 3100 4013 locutum
3136 3958 3335 4012 refert.

2239 4053 2374 4124 Δόξα
2423 4074 2480 4127 p.
2537 4056 2664 4109 275.
2720 4059 2845 4110 Vox
2902 4050 3029 4122 δόξα
3095 4054 3190 4108 hic
3248 4053 3529 4124 peculiari
3588 4053 3826 4109 notione

2170 4146 2560 4216 sumiturpro
2591 4145 2859 4215 dogmate
2895 4144 3014 4198 sive
3071 4142 3341 4197 doctrina
3398 4159 3584 4211 sacra,
3646 4159 3826 4213 quam

2171 4236 2583 4291 inconcussam
2647 4238 2870 4301 tenere,
2930 4248 3034 4302 pro
3094 4248 3210 4301 qua
3260 4230 3473 4302 pacisci
3535 4230 3712 4286 vitam
3770 4234 3828 4287 et

2171 4324 2517 4395 sanguinem
2543 4321 2863 4380 Christiani
2886 4320 3147 4392 cujusvis
3172 4320 3428 4375 ofﬁcium
3452 4323 3563 4375 est.
3596 4320 3826 4375 Vatica-

2173 4430 2287 4469 nus
2346 4413 2431 4469 sic
2486 4409 2824 4488 παραφράζει
2883 4411 3077 4466 locum
3106 4409 3302 4465 hunc:
3362 4406 3458 4467 Εἷς
3487 4404 3540 4460 τί
3577 4404 3678 4479 γάρ
3735 4427 3822 4468 τις

2173 4499 2611 4570 σκανδαλισθείη.
2648 4501 2731 4555 ὅτι
2779 4498 3094 4573 μεταλλαγή
3145 4519 3226 4560 τις
3276 4498 3473 4571 γέγονε
3501 4502 3603 4565 τῆς
3653 4515 3831 4567 παρα-

2175 4590 2472 4663 δεδομένης
2526 4593 2663 4663 ἡμῖν
2720 4589 2931 4660 δόξης;
2993 4586 3119 4643 ἀλλ’
3178 4585 3334 4642 οὐδὲν
3372 4629 3385 4655 ,
3446 4589 3825 4661 χορηγοῦντος

407 4694 877 4766 desperantium,
936 4700 994 4751 et
1048 4698 1107 4751 in
1178 4714 1425 4753 occursu
1484 4700 1881 4758 ineluctabilis
1923 4702 2060 4758 mali

2175 4679 2333 4751 Θεοῦ,
2366 4674 2799 4755 παραϐεϐασται,
2831 4686 2943 4737 etc.
2995 4680 3149 4735 infra
3178 4679 3280 4734 lib.
3314 4695 3391 4744 v1,
3424 4694 3474 4733 c.
3510 4678 3535 4731 1
3572 4692 3827 4746 usurpa-

2176 4779 2187 4791 ι
2298 4772 2321 4791 ιγ
2368 4789 2412 4791 ,_
2458 4787 2505 4791 -_
2539 4774 2644 4791 I-..-
2685 4786 2789 4791 ---μ
2830 4770 3020 4791 -_J-_-
3059 4769 3294 4791 __12__-
3324 4769 3377 4791 ἔ..
3442 4766 3534 4791 ιε-
3590 4765 3779 4791 -.Α-μζ..
3809 4780 3821 4791 ι

409 4800 686 4853 angorem
720 4785 921 4855 animi,
956 4787 1058 4857 qui
1093 4787 1267 4842 verbo
1328 4783 1617 4863 διαφωνεῖν
1675 4789 2062 4861 significatur,

409 4873 889 4945 exprimentium.
959 4874 1141 4929 Graeci
1203 4881 1397 4932 tamen
1461 4878 1834 4949 posteriores,
1867 4896 1934 4935 ex
1963 4880 2063 4937 illo

413 4962 662 5018 fortasse
718 4968 821 5019 aut
873 4964 1013 5019 LXX
1069 4965 1373 5021 Seniorum
1433 4970 1535 5022 aut
1591 4968 1857 5038 Hesychii
1913 4968 2061 5041 loco,

408 5052 590 5108 verbo
624 5048 915 5129 διαφωνεῖν
947 5055 1319 5110 exanimandi
1371 5060 1473 5111 aut
1510 5056 1844 5129 exspirandi
1877 5059 2065 5114 notio-

412 5153 550 5196 nem
584 5140 988 5212 subjecerunt.
1019 5144 1236 5198 Auctor
1294 5160 1623 5217 anonymus
1666 5148 1942 5202 Actorum
1977 5147 2067 5201 fu-

415 5228 648 5284 sissime
677 5230 1033 5300 scriptorum
1088 5232 1151 5286 B.
1213 5233 1455 5288 Andreae
1504 5240 1890 5304 cognomento
1923 5236 2064 5304 Sali,

416 5334 548 5389 qum
603 5324 834 5375 exstant
890 5321 1085 5376 Graece
1117 5321 1175 5375 in
1207 5322 1335 5377 cod.
1372 5321 1655 5379 Vaticano
1686 5326 1845 5393 1574,
1905 5343 1959 5395 p.
2009 5326 2066 5395 5,

414 5406 678 5463 referens
697 5410 1010 5479 quamdam
1036 5408 1257 5466 luctam
1282 5428 1384 5481 per
1414 5414 1710 5469 somnium
1743 5420 2067 5484 ostensam,

418 5510 540 5567 qua
560 5496 716 5554 idem
740 5498 801 5555 B.
828 5500 1091 5555 Andreas
1121 5503 1505 5558 commissum
1530 5520 1728 5560 secum
1743 5505 2069 5577 Ethiopem

416 5587 706 5658 postravit
763 5588 1092 5660 occiditque
1137 5589 1281 5646 eliso
1312 5592 1441 5661 ejus
1470 5593 1541 5647 ad
1593 5598 1816 5664 petram
1860 5595 2070 5666 capite,

420 5675 508 5731 sic
538 5676 793 5734 scribit:
854 5676 1086 5753 Ἔτυχεν
1145 5676 1310 5732 αὐτοῦ
1366 5682 1693 5755 (/Etbiopis)
1749 5684 1812 5738 τὸ
1851 5681 2068 5757 κρανίον

421 5760 499 5824 εἰς
558 5762 757 5838 πέτραν
793 5809 807 5835 ,
866 5767 955 5822 καὶ
1025 5768 1371 5842 κατενιχθείς
1417 5770 1666 5845 παραυτᾶ
1721 5768 2024 5849 διεφώνησε
2057 5815 2071 5841 ,

2175 4779 2269 4828 tur
2298 4772 2418 4827 haec
2451 4774 2651 4828 eadem
2685 4786 2792 4826 vox
2822 4770 3026 4826 eadem
3059 4769 3297 4824 notione
3324 4769 3383 4823 in
3442 4766 3535 4821 his
3590 4765 3782 4821 verbis
3809 4780 3822 4819 :

2171 4862 2249 4919 Τὸ
2282 4856 2594 4937 παραϐῆναι
2626 4866 2761 4936 σφᾶς
2791 4860 2890 4929 τὴν
2947 4859 3084 4934 πρὸς
3116 4857 3319 4912 ἐκεῖνον
3369 4854 3544 4931 (Θεὸν)
3592 4858 3824 4927 νομιζοε

2175 4953 2341 5025 μὲνην
2376 4949 2531 5022 δόξαν
2563 4952 2822 5027 ἀρχῆθεν.

2245 5048 2549 5125 Ἐγκόλπια
2610 5068 2666 5121 ρ.
2732 5050 2860 5105 265.
2946 5047 3341 5120 Intelligimus
3424 5044 3564 5100 hinc
3628 5060 3827 5102 sacras

2172 5141 2504 5206 icunculas,
2563 5140 2768 5211 quales
2826 5138 3114 5194 habemus
3172 5152 3371 5192 cereas
3414 5133 3641 5205 effigies
3691 5132 3829 5205 agni

2175 5232 2300 5300 Dei,
2333 5235 2435 5286 aut
2465 5230 2525 5285 id
2566 5246 2750 5299 genus
2783 5244 2951 5283 sacra
2984 5225 3239 5281 amuleta
3269 5228 3502 5296 gestare
3559 5224 3630 5280 de
3679 5221 3828 5279 collo

2177 5338 2469 5393 suspensa
2498 5320 2727 5375 Grazcos
2756 5317 3121 5374 Christianos
3151 5315 3377 5384 solitos,
3409 5319 3465 5371 et
3497 5314 3604 5371 hoc
3635 5310 3830 5384 speci-

2178 5430 2312 5468 men
2346 5416 2521 5482 atque
2550 5408 2833 5464 indicium
2896 5407 3080 5463 fuisse
3110 5406 3451 5461 Christianae
3504 5400 3828 5474 religionis,

2178 5502 2322 5558 Nam
2374 5518 2440 5556 eo
2474 5499 2709 5555 nomine
2764 5497 2877 5554 sibi
2926 5497 3068 5553 talia
3099 5496 3249 5552 mitti
3307 5496 3512 5552 Sultan
3547 5489 3829 5565 postulat,

2181 5600 2246 5651 ut
2275 5594 2360 5651 sic
2415 5593 2686 5664 probaret
2740 5608 2802 5647 se
2859 5589 3256 5646 Christianum
3309 5604 3457 5653 esse,
3497 5586 3566 5640 de
3600 5598 3714 5654 quo
3742 5579 3835 5636 vi-

2181 5685 2357 5740 debat
2383 5682 2658 5739 dubitari.
2695 5682 2856 5737 Patet
2909 5680 3067 5735 unde
3098 5678 3389 5750 ejusmodi
3422 5673 3699 5746 religiosa
3739 5686 3836 5741 ge-

2184 5774 2441 5830 stamina
2482 5769 2751 5847 ἐγκόλπια
2780 5773 3078 5837 vocentur,
3114 5768 3265 5839 quod
3311 5766 3591 5821 nimirum
3624 5779 3655 5817 e
3684 5758 3834 5817 collo

420 5850 531 5909 hoc
563 5860 692 5911 est:
736 5859 893 5914 Forte
950 5874 1117 5914 ruens
1149 5858 1352 5915 incidit
1398 5864 1578 5933 capite
1607 5862 1669 5917 in
1721 5846 1954 5935 petram,
2007 5861 2077 5918 ad
2184 5868 2322 5935 apta
2350 5864 2408 5920 in
2434 5863 2630 5921 sinum
2655 5861 2995 5934 penderent.
3024 5856 3227 5912 Fuisse
3250 5862 3468 5923 autem,
3502 5853 3656 5926 quod
3690 5846 3836 5918 dixi,
