4072 6394
298 406 438 461 1015

1365 422 1427 471 Ρ.
1470 418 1743 475 POSSINI
1782 413 2399 471 OBSERVATIONUM
2435 413 2569 466 LIB.
2609 414 2657 465 Ι.

3584 399 3737 456 1016

294 532 516 587 formas
554 539 652 588 aut
682 534 906 606 efﬁgies
936 540 1222 605 quasdam
1257 558 1455 597 sacras
1487 544 1560 597 iis
1612 542 1956 612 impressas,

2076 538 2223 608 quod
2288 540 2689 592 Cantacuzeno
2754 531 2969 588 dicitur
3044 524 3314 603 ἆμπιδοῦν
3371 526 3473 595 τήν
3530 523 3739 599 πρᾶξιν

300 622 615 677 manifeste
649 624 815 679 docet
847 626 1055 681 Noster
1100 631 1274 700 paulo
1308 637 1456 700 post,
1491 632 1630 687 dum
1665 632 1746 686 ait
1775 632 1963 687 Sulta-

303 725 443 763 nem
489 713 738 782 petendo
772 731 861 769 res
896 716 1042 771 tales
1104 734 1166 773 se
1200 720 1638 775 demonstrasse
1660 724 1767 773 τῶν
1803 721 1963 782 θείων

307 795 720 871 ἐκτυπωμάτων
812 808 1194 875 προσκυνητήν
1271 809 1588 864 divinarum
1655 814 1966 879 formarum

306 892 863 962 veneratoremErgo
887 893 987 947 illa
1012 894 1109 950 illa
1122 912 1248 966 qua
1263 896 1704 971 appellavitiepa‘:
1728 897 1966 971 περιάμ-

311 997 456 1047 ματα
502 984 560 1033 et
589 975 879 1052 ἐγκόλπια,
938 991 1103 1039 erant
1160 988 1360 1043 eadem
1422 992 1539 1049 θεῖα
1578 985 1961 1059 ἐκτυπώματα,

305 1081 591 1137 expressa
629 1086 821 1125 rerum
846 1088 1149 1129 sacrarum
1180 1076 1398 1146 forma,
1441 1077 1653 1132 Christi
1686 1078 1960 1132 nimirum

308 1160 411 1209 aut
443 1162 804 1217 sanctorum.
836 1163 1003 1217 Unde
1035 1180 1137 1234 per
1165 1164 1289 1220 hac
1329 1167 1531 1235 jurare
1561 1166 1766 1222 solitos
1795 1167 1963 1222 Chri-

307 1244 529 1300 stianos
551 1248 878 1305 Orientales
909 1251 979 1305 ad
1010 1254 1387 1309 sanciendam
1431 1261 1730 1325 pactorum
1765 1257 1963 1325 ﬁdem,

309 1334 478 1388 docet
537 1338 923 1395 Cantacuzeni
984 1340 1173 1413 locus,
1226 1343 1265 1397 l.
1299 1361 1385 1410 ιιι,
1420 1360 1470 1399 c.
1506 1347 1592 1411 17,
1652 1362 1707 1417 ρ.
1739 1346 1841 1399 403
1871 1345 1959 1400 ed.

316 1430 478 1501 Reg,
531 1428 863 1507 Συμϐάσεις,
942 1439 1234 1509 inquiens,
1288 1436 1344 1493 δὲ
1424 1439 1635 1513 θέμενοι
1692 1441 1815 1513 περὶ
1870 1443 1966 1494 τοῦ

312 1518 516 1592 γάμου,
570 1524 657 1575 καὶ
730 1526 865 1578 κατὰ
920 1527 981 1579 τὸ
1033 1527 1318 1600 Ῥωμαίων
1375 1526 1492 1592 ἔθος
1552 1527 1597 1583 δ’
1654 1527 1963 1604 ἐγκολπίων

315 1604 727 1679 ἐμπεδώσαντες
760 1616 857 1681 τήν
910 1617 1123 1690 πρᾶξιν.
1169 1621 1340 1675 Video
1372 1623 1528 1677 554
1586 1621 1739 1675 hunc
1773 1622 1965 1675 locum

315 1713 522 1767 parum
558 1703 855 1759 efficacem
907 1708 1097 1761 visum
1150 1708 1218 1763 iri
1280 1710 1349 1763 ad
1402 1710 1874 1765 conﬁrmandum
1908 1710 1963 1763 id

322 1790 478 1857 quod
511 1789 731 1857 dixi,de
754 1795 1092 1864 juramento
1116 1798 1422 1853 ﬁrmandis
1448 1800 1631 1869 pactis
1664 1817 1765 1870 per
1786 1796 1971 1873 ἐγκόλ-

2073 634 2175 683 aut
2217 624 2312 687 τὰς
2341 618 2658 696 ζσυμϐάσεις
2703 619 2774 676 δι’
2822 618 3157 695 ἑγκολπίων.
3207 619 3277 674 Et
3323 616 3459 688 quis
3489 616 3604 671 scit
3651 630 3734 669 an

2071 732 2186 771 non
2228 716 2363 770 inde
2416 714 2569 783 apud
2619 708 3022 766 Occidentales
3065 721 3303 779 quoque
3351 702 3735 760 Christianos

2069 803 2403 867 invaluerit,
2463 802 2618 873 quod
2678 800 2851 857 hodie
2882 799 2942 853 in
3002 815 3111 853 usu
3146 797 3413 851 videmus
3469 807 3623 859 esse,
3662 794 3737 845 ut

2070 913 2248 950 manu
2282 894 2499 965 pectori
2534 894 2772 948 admota
2800 890 2945 945 ﬁdes
2977 887 3135 945 verbi
3194 892 3296 942 aut
3325 885 3479 959 pacti
3509 882 3734 939 conﬁr-

2071 989 2269 1039 metur
2291 984 2317 1038 ?
2337 984 2480 1037 Tam
2513 978 2901 1036 universalem
2938 995 3107 1051 porro
3140 976 3322 1031 fuisse
3341 971 3736 1031 consuetudi-

2072 1089 2207 1128 nem
2241 1069 2633 1128 Orientalium
2675 1067 3140 1124 Christianorum
3189 1062 3459 1137 gestandi
3508 1062 3740 1132 hujus-

2070 1162 2232 1217 modi
2262 1159 2568 1231 religionis
2616 1157 2807 1229 signa,
2857 1161 2921 1212 ut
2959 1153 3367 1211 necessitatem
3399 1152 3741 1215 induceret,

2070 1274 2352 1330 apparere
2411 1261 2607 1328 potest
2663 1272 2731 1310 ex
2787 1271 2855 1310 eo
2886 1256 3040 1325 quod
3101 1253 3313 1308 Noster
3341 1249 3559 1330 innuit,
3590 1246 3633 1304 ι.
3668 1263 3742 1317 ιι,

2071 1329 2121 1403 οξ
2150 1329 2247 1414 25,
2280 1346 2557 1401 distribui
2611 1344 2793 1415 gratis
2851 1342 3052 1398 solitas
3082 1340 3376 1396 militibus
3433 1329 3749 1407 σεϐασμίας

2072 1434 2284 1495 εἰκόνας
2319 1452 2511 1491 sacras
2558 1436 2777 1500 icones;
2835 1448 2983 1503 quas
3032 1429 3302 1485 videlicet
3347 1444 3377 1483 e
3407 1426 3557 1483 collo
3595 1441 3744 1480 sus-

2074 1543 2292 1597 pensus
2324 1525 2380 1578 in
2418 1523 2551 1578 ﬁdei
2587 1540 2653 1578 ac
2708 1520 3010 1592 religionis
3066 1524 3349 1574 tesseram
3409 1518 3742 1587 portarent.

2074 1616 2238 1670 Dicet
2300 1616 2443 1669 forte
2502 1614 2785 1667 adversus
2844 1610 3128 1665 hactenus
3188 1611 3410 1663 statuta
3465 1603 3745 1677 argutior

2075 1705 2369 1775 quispiam
2397 1744 2410 1768 ,
2445 1702 2595 1759 555
2655 1701 2830 1755 istam
2858 1693 3168 1768 ἐμπέδωσιν
3200 1689 3519 1767 συμϐάσεων
3550 1690 3741 1765 γάμου

2076 1788 2145 1844 δι’
2179 1789 2518 1864 ἐγκολπίων,
2552 1791 2726 1861 cujus
2754 1793 3199 1845 Cantacuzenus
3231 1780 3746 1851 meminit,referri

320 1896 418 1929 πια
473 1878 597 1933 dari
655 1882 852 1953 solito,
912 1885 958 1939 si
1014 1885 1199 1941 lector
1262 1888 1332 1943 de
1420 1889 1528 1943 isto
1585 1887 1967 1944 Cantacuzeni
1998 1895 2045 1961 Β
2079 1881 2601 1952 adjusjurandum
2648 1895 2765 1934 non
2796 1894 2991 1949 posse,
3041 1876 3324 1948 quoniam
3372 1874 3565 1930 statim
3598 1874 3747 1961 post

321 1967 657 2026 testimonio
679 1971 909 2042 judicet
940 1990 1009 2029 ex
1040 1977 1306 2032 versione
1336 1977 1721 2032 eruditissimi
1771 1976 1971 2033 Jacobi

327 2058 574 2115 Pontani
606 2062 813 2118 nostri.
849 2063 904 2118 Is
936 2065 1093 2120 enim
1128 2065 1275 2121 nihil
1300 2066 1379 2122 ibi
1413 2067 1679 2139 agnoscit
1712 2083 1968 2136 sacrum,

323 2150 394 2204 ad
455 2149 684 2205 civilem
765 2166 1041 2223 mereque
1104 2153 1426 2209 humanam
1504 2155 1968 2210 observationem

322 2243 534 2293 cuncta
565 2240 941 2309 detorquens,
972 2242 1111 2296 dum
1144 2243 1228 2298 sic
1258 2244 1437 2299 verba
1477 2246 1649 2299 modo
1680 2244 1973 2315 descripta

322 2326 525 2382 Latine
555 2328 749 2382 reddit
774 2346 787 2384 :
817 2329 1157 2385 Paciscentes
1186 2335 1429 2403 nuptias,
1470 2342 1521 2388 et
1550 2349 1698 2388 more
1730 2335 1971 2389 Romano

314 2417 585 2487 pronubis
597 2417 979 2475 moniiibusde
996 2422 1134 2475 collo
1150 2422 1431 2489 gestandis
1445 2426 1573 2477 acta
1587 2424 1972 2493 conﬁrmantes

317 2505 458 2560 Cum
495 2505 565 2561 ab
598 2507 757 2562 omni
782 2509 1243 2579 reprehendendi
1269 2528 1625 2583 quemquam
1657 2514 1969 2584 supercilio

317 2604 604 2660 abhorreo
636 2610 862 2675 natura,
888 2610 1012 2662 tum
1047 2608 1220 2680 hujus
1265 2610 1371 2664 viri
1406 2610 1697 2682 pracipua
1741 2627 1829 2667 me
1869 2612 1971 2667 du-

321 2693 461 2747 dum
492 2695 785 2750 veneratio
816 2696 984 2751 valde
1015 2696 1276 2753 alienum
1310 2699 1447 2755 facit
1490 2700 1561 2755 ab
1595 2700 1720 2771 ejus
1750 2700 1971 2773 cogita-

317 2780 477 2836 tione
508 2781 850 2854 sugillandi.
879 2785 1102 2840 Tamen
1146 2788 1285 2857 quia
1314 2788 1530 2843 veritas
1574 2790 1803 2844 cunctis
1833 2788 1969 2843 aﬁ'e-

318 2870 513 2927 ctibus
542 2873 805 2941 antistat,
877 2891 992 2929 non
1056 2893 1298 2946 possum
1349 2879 1642 2933 abstinere
1690 2878 1830 2950 quin
1880 2879 1970 2934 hic

323 2976 520 3015 meum
554 2962 627 3016 ab
648 2962 776 3032 ejus
807 2963 1097 3018 sententia
1118 2966 1413 3021 diversum
1438 2967 1728 3036 judicium
1761 2985 1971 3040 propo-

325 3066 485 3116 nam,
521 3051 845 3120 praesertim
878 3068 1012 3107 cum
1048 3052 1215 3108 illum
1265 3055 1493 3109 videam
1526 3072 1656 3127 qua
1700 3056 1755 3110 in
1792 3057 1970 3111 inter-

321 3140 646 3211 pretatione
678 3141 891 3212 posuit,
926 3143 1103 3199 etiam
1136 3144 1195 3199 in
1226 3145 1392 3203 Notis
1424 3146 1718 3202 afﬁrmare
1750 3152 1973 3203 astrue-

2075 1969 2227 2025 idem
2263 1975 2466 2025 auctor
2515 1970 2992 2040 juramentorum
3025 1965 3118 2022 his
3172 1965 3583 2036 adjunctorum
3611 1960 3745 2015 dis-

2074 2060 2259 2115 tincte
2314 2058 2652 2113 meminerit
2706 2057 2801 2112 his
2857 2055 3052 2111 verbis
3104 2057 3203 2107 τοῦ
3233 2047 3747 2127 παρακοιμωμὲνου

2076 2142 2133 2199 δὲ
2207 2146 2297 2201 καὶ
2374 2147 2568 2218 ὅρκους
2635 2144 2968 2218 προσθέντος
3027 2138 3323 2220 φρικώδεις
3382 2139 3470 2195 ἐπὶ
3534 2137 3742 2209 τούτῳ.

2075 2238 2338 2292 Primum
2397 2236 2722 2308 respondeo
2778 2252 2977 2291 vocem
3034 2232 3365 2306 προσθέντος
3422 2230 3493 2286 ad
3537 2228 3745 2302 ὅρκους

2076 2321 2371 2401 φρικώδεις
2426 2324 2672 2381 relatam
2736 2325 2932 2396 potius
3000 2323 3350 2378 conﬁrmem
3416 2318 3573 2390 quod
3628 2332 3743 2371 nos

2075 2417 2333 2471 diximus
2367 2432 2379 2471 :
2416 2415 2711 2487 signiﬁcat
2738 2413 2895 2469 enim
2940 2411 3387 2485 Apocauchum,
3418 2407 3522 2480 qui
3557 2405 3743 2461 isthic

2076 2508 2527 2580 loquitur,cum
2585 2507 2915 2562 vehementi
2972 2505 3168 2560 studio
3229 2501 3597 2559 incumberet
3662 2499 3739 2552 ad

2077 2598 2551 2671 persuadendum
2586 2594 2931 2667 patriarcha
2984 2593 3141 2666 quod
3187 2591 3436 2656 volebat,
3470 2588 3542 2644 ad
3570 2586 3745 2658 prius

2076 2697 2222 2753 illud
2264 2696 2678 2767 jusjurandum
2725 2692 2939 2763 lenius,
2991 2696 3163 2765 gestu
3215 2694 3445 2745 tantum
3477 2690 3534 2741 et
3573 2688 3742 2739 tactu

2078 2783 2391 2861 ὲγκολπίων
2483 2784 2827 2850 exercitum,
2914 2782 3031 2838 alia
3122 2779 3400 2836 horibilia
3482 2768 3742 2849 φρικώδη

2079 2876 2439 2949 adjunxisse,
2470 2876 2601 2930 dira
2627 2874 2735 2930 sibi
2770 2873 3049 2927 nimirum
3084 2868 3463 2942 imprecando
3487 2867 3537 2921 si
3570 2862 3745 2919 falle-

2079 2972 2186 3033 ret,
2225 2983 2341 3038 quo
2364 2965 2601 3033 ,certius
2652 2964 2865 3017 faceret
2912 2962 3091 3017 ﬁdem
3145 2960 3462 3015 dictorum.
3518 2952 3749 3010 Deinde

2078 3057 2167 3112 aio
2198 3056 2343 3111 istas
2371 3053 2695 3109 horrendas
2726 3051 3154 3108 exsecrationes
3202 3054 3261 3105 et
3290 3046 3502 3119 capitis
3561 3045 3745 3098 devo-

2075 3146 2267 3202 tiones
2316 3145 2426 3214 sui,
2489 3143 2559 3199 ab
2618 3140 2968 3214 Apocaucho
3026 3144 3169 3196 tunc
3220 3140 3430 3203 factas,
3489 3150 3603 3190 non
3672 3133 3748 3187 ad

315 3245 493 3300 reque
512 3229 887 3302 diligentius;
918 3249 984 3288 ea
1006 3251 1177 3304 porro
1200 3234 1318 3290 sint
1342 3236 1711 3304 ejusmodiut
1734 3236 1845 3291 nisi
1865 3253 1960 3292 co-
1993 3263 2037 3331 ρ
2079 3239 2249 3307 pacta
2297 3231 2582 3305 nuptialia
2646 3231 3023 3304 pertinuisse,
3075 3230 3175 3286 sed
3225 3229 3296 3284 ad
3345 3229 3554 3282 caetera
3610 3238 3746 3293 qua

316 3324 657 3389 arguantur,
684 3319 877 3375 locum
896 3325 1092 3378 tenere
1116 3340 1289 3378 suum
1319 3341 1385 3379 ac
1417 3325 1647 3394 probari
1668 3329 1963 3396 nequeant

317 3424 445 3478 qua
506 3413 705 3464 noster
762 3410 1149 3481 Pachymeres
1206 3411 1300 3467 hic
1349 3413 1627 3468 afﬁrmat.
1685 3415 1968 3469 Accenset

314 3498 1291 3573 ibinimirumPontanuséyxé).ma
1319 3503 1563 3572 nuptiali
1594 3503 1963 3575 supellectili,

314 3588 522 3643 arrhas
579 3593 637 3643 et
681 3590 950 3659 pronuba
1009 3592 1383 3661 munuscula,
1434 3608 1501 3647 ea
1552 3593 1963 3663 interpretans,

315 3684 594 3755 qualibus
624 3687 735 3753 vir,
769 3685 983 3755 inquit,
1016 3703 1275 3755 sponsam
1300 3704 1394 3743 seu
1418 3704 1651 3743 uxorem
1679 3690 1788 3744 sibi
1814 3693 1966 3759 futu-

314 3790 435 3828 ram
466 3774 834 3844 Oppignerare
862 3778 1261 3845 quodammodo
1308 3782 1609 3835 consuevit.
1651 3780 1717 3835 Et
1748 3780 1965 3835 mirum

316 3862 517 3917 statim
552 3862 609 3917 in
642 3862 726 3934 [P.
760 3863 887 3937 379]
919 3864 1125 3920 talium
1159 3883 1352 3921 rerum
1404 3884 1646 3924 numero
1678 3867 1967 3923 nominari

316 3951 627 4019 annulum,
689 3970 897 4009 manus
945 3954 1147 4026 utique
1177 3972 1244 4012 ac
1301 3956 1614 4028 digitorum
1646 3962 1969 4029 gestamen,

316 4058 433 4096 non
467 4041 634 4096 sinus
687 4059 752 4097 ac
804 4046 1076 4113 pectoris,
1110 4051 1283 4116 prout
1331 4053 1455 4101 erat
1502 4063 1760 4113 necesse,
1786 4053 1850 4102 ut
1896 4047 1968 4102 ad

315 4127 647 4203 ἐγκολπίων,
684 4148 879 4187 rerum
932 4151 962 4189 e
992 4134 1139 4190 collo
1184 4136 1241 4190 in
1304 4137 1503 4191 sinum
1564 4136 1968 4208 pendentium,

317 4220 567 4277 classem
614 4224 947 4279 referretur.
1013 4226 1227 4281 Contra
1266 4242 1334 4281 ea
1377 4243 1484 4282 nos
1535 4227 1787 4282 dicimus
1836 4242 1969 4281 cum

316 4319 516 4366 nostro
582 4312 931 4385 Pachymere
1005 4314 1268 4386 vulgaris
1334 4333 1478 4371 usus
1527 4332 1593 4370 ac
1651 4314 1971 4387 promiscui

316 4396 590 4474 ἐγκόλπια
646 4402 852 4467 fuisse,
913 4403 1377 4477 plurimumque,
1441 4421 1636 4461 avero
1680 4405 1970 4474 aberrare,

318 4490 457 4547 talia
487 4491 678 4546 solum
712 4509 747 4547 a
772 4493 965 4564 procis
995 4493 1054 4547 in
1088 4494 1345 4565 conjugii
1378 4494 1593 4565 pignus
1610 4496 1808 4561 data,a
1830 4494 1973 4551 solis

318 4584 558 4651 accepta
587 4584 925 4651 gestataque
960 4581 1439 4652 nupturientibus
1499 4583 1683 4639 fuisse
1714 4584 1969 4639 feminis.

319 4679 601 4735 Praterea
674 4679 1085 4735 contendimus
1145 4679 1446 4753 religionis
1503 4681 1620 4737 ista
1690 4680 1972 4753 insignia,

319 4785 436 4825 non
470 4766 774 4823 muliebris
807 4772 1034 4824 tantum
1083 4773 1185 4825 aut
1233 4770 1420 4826 civilis
1451 4774 1694 4826 ornatus
1726 4771 1971 4828 monilia

319 4859 543 4925 fuisse;
576 4858 788 4931 quippe
848 4876 974 4930 qua
1032 4859 1148 4912 θεῖα
1176 4856 1561 4931 ἐκτυπώματα,
1592 4859 1812 4915 divinas
1840 4863 1969 4931 for-

318 4965 438 5003 mas
467 4949 789 5020 impressas
822 4954 924 5004 aut
952 4948 1279 5020 insculptas
1312 4950 1735 5022 praferrent,et
1765 4950 1968 5006 merito

318 5037 536 5092 idcirco
577 5044 925 5094 vocarentur
954 5037 1073 5113 ἱερὰ
1110 5040 1467 5113 περιάμματα
1513 5056 1673 5094 sacra
1700 5040 1967 5106 amulela,

317 5125 599 5181 Putemus
613 5133 810 5183 autem
829 5129 1199 5199 illum,cujus
1214 5133 1653 5183 Cantacuzenus
1676 5128 1965 5197 meminit,

314 5220 691 5271 Romanorum
747 5234 955 5273 morem
1011 5217 1300 5290 Ῥωμαίων
1358 5213 1480 5280 ἔθος
1538 5235 1653 5273 non
1686 5219 1757 5273 ad
1799 5222 1969 5287 pacta

318 5305 608 5377 nuptialia
658 5308 889 5378 proprie
949 5312 1308 5379 restrictum,
1361 5311 1460 5365 sed
1513 5310 1584 5364 ad
1633 5326 1802 5363 omne
1855 5309 1969 5364 late

318 5395 677 5466 pertinuisse
709 5399 1159 5454 conventionum
1190 5416 1397 5471 genus,
1442 5400 1523 5454 ita
1553 5404 1617 5453 ut
1638 5416 1706 5454 ex
1728 5415 1969 5453 consue-

318 5485 525 5540 tudine
555 5485 1715 5561 Constantinopolitanorum,quicunque
1736 5488 1966 5558 quidvis

322 5574 573 5629 invicem
634 5574 1018 5646 promiterent
1056 5593 1121 5629 ac
1180 5578 1621 5650 stipularentur,
1681 5594 1856 5632 manu
1891 5579 1959 5633 ad

324 5669 528 5733 pectus
579 5667 817 5720 admota
847 5669 903 5719 et
947 5668 1228 5721 reverenti
1303 5673 1523 5723 attactu
1583 5666 1965 5739 pendentium

326 5752 446 5810 illic
477 5769 776 5809 sacrorum
802 5754 1195 5811 amuletorum
1223 5754 1467 5826 polliciti
1487 5757 1663 5815 ﬁdem
1688 5758 1965 5821 facerent;

2076 3324 2428 3397 persuadere
2459 3322 2801 3393 patriarcha
2832 3321 3127 3393 cupiebat,
3175 3334 3386 3391 nempe
3431 3332 3571 3372 vera
3610 3328 3748 3368 esse

2074 3433 2201 3487 qua
2216 3416 2285 3469 de
2298 3412 2561 3469 consiliis
2573 3413 2761 3484 magni
2776 3410 3080 3467 domestici
3096 3403 3749 3483 patriarchamdejicere

2073 3506 2285 3561 throno
2301 3502 2798 3559 meditantisfalso
2820 3501 3327 3557 etcalumniosead
3343 3500 3539 3570 ipsum
3564 3502 3751 3572 patri-

2076 3595 2316 3651 archam
2331 3593 2704 3664 detulerat;ej
2716 3607 2904 3664 usque
2918 3591 3228 3647 calumnia
3244 3590 3483 3645 utﬁdem
3500 3591 3745 3650 faceret.

2076 3710 2144 3749 ac
2178 3710 2240 3748 se
2261 3691 2347 3747 illi
2372 3691 2577 3747 intime
2615 3690 2882 3761 jugendo
2920 3687 3144 3743 fraudis
3178 3687 3372 3743 omnis
3395 3691 3571 3760 atque
3594 3688 3753 3745 insi-

2078 3782 2305 3837 diarum
2328 3782 2696 3852 suspiciones
2712 3776 3427 3844 amoliretur,afﬁnitatem
3442 3775 3748 3833 obtulerat

2077 3889 2181 3944 per
2204 3871 2444 3942 nuptias
2468 3887 2586 3924 sua
2609 3867 2742 3923 ﬁlia
2766 3884 2900 3923 cum
2924 3867 3045 3922 ﬁlio
3069 3866 3433 3938 patriarcha;
3456 3865 3515 3920 in
3536 3882 3743 3937 quam,

2078 3966 2144 4015 ut
2174 3965 2265 4016 est
2295 3960 2542 4028 dictum,
2572 3958 2690 4028 jam
2724 3958 2898 4012 ambo
2929 3960 3372 4022 consenserant,
3402 3959 3459 4009 et
3489 3970 3746 4011 consen-

2078 4066 2211 4105 sum
2263 4050 2643 4103 ﬁrmaverant
2692 4042 2759 4098 δι’
2808 4041 3116 4119 ἐγκολπίων
3168 4060 3272 4116 per
3298 4048 3522 4099 tactum
3555 4061 3745 4101 sacra

2079 4139 2287 4207 iconis,
2321 4154 2501 4208 quam
2536 4142 2781 4207 uterque
2827 4136 3091 4208 ipsorum
3140 4135 3211 4189 de
3244 4150 3406 4189 more
3434 4138 3569 4190 ante
3602 4151 3746 4205 pec-

2080 4230 2178 4282 tus
2210 4225 2530 4297 pendulam
2582 4230 2858 4298 gestaret.
2911 4225 3101 4288 Quare
3139 4229 3291 4278 recte
3346 4222 3469 4278 hac
3528 4222 3747 4279 ultima

2079 4315 2255 4370 verba
2286 4314 2580 4370 Ponianus
2613 4314 2673 4367 in
2708 4317 2970 4369 nostram
3003 4311 3355 4368 sententiam
3390 4313 3475 4367 sic
3513 4312 3693 4367 vertit
3729 4330 3744 4369 :

2080 4404 2401 4476 Apocaucho
2430 4405 2658 4475 insuper
2684 4406 2848 4474 caput
2893 4419 3054 4458 suum
3084 4401 3374 4458 horrendis
3402 4400 3747 4458 exsecratio-

2080 4494 2243 4548 nibus
2267 4493 2581 4560 devovente,
2615 4495 2677 4547 ni
2706 4494 2958 4548 sincerus
3006 4492 3096 4546 sit.
3130 4491 3214 4546 En
3245 4506 3362 4562 quo
3404 4494 3750 4562 spectarent

2084 4583 2142 4638 hi
2156 4580 2309 4655 ὅρκοι
2341 4578 2635 4659 φρικώδεις
2668 4581 2932 4653 adjuncti
2963 4575 3269 4651 ἐμπεδώσει
3302 4575 3373 4633 δι’
3404 4577 3741 4653 ἐγκολπίων,

2082 4702 2200 4740 non
2221 4685 2349 4756 jam
2383 4686 2454 4740 ad
2487 4683 2789 4756 sponsalia
2810 4683 3124 4753 ﬁrmanda,
3157 4683 3261 4738 sed
3314 4683 3386 4738 ad
3418 4680 3740 4740 delationis

2080 4774 2367 4829 sinceram
2409 4772 2713 4829 veritatem
2773 4771 3267 4845 persuadendam.
3326 4771 3591 4843 Dedique
3636 4772 3743 4827 ob-

2079 4869 2271 4919 servet
2302 4862 2560 4934 prudens
2590 4862 2776 4917 lector
2803 4862 3130 4917 evidentem
3164 4866 3223 4917 et
3265 4859 3739 4932 irrefragabilem

2078 4953 2452 5025 horum,qua
2486 4952 3135 5017 dixi,conﬁrmationem
3184 4966 3253 5006 ex
3283 4951 3412 5023 ipso
3450 4950 3561 5006 loci
3592 4966 3740 5006 con-

2079 5047 2280 5113 spectu
2328 5042 2523 5114 palam
2568 5046 2916 5097 exstantem.
2967 5042 3245 5097 Refertur
3282 5040 3342 5094 in
3395 5038 3496 5095 illo
3552 5039 3743 5097 citato

2078 5132 2326 5187 historia
2375 5132 2765 5187 Cantacuzeni
2814 5131 3004 5202 capite
3052 5129 3412 5201 colloquium
3454 5145 3739 5185 arcanum

2077 5221 2419 5293 Apocauchi
2478 5238 2613 5276 cum
2676 5219 3055 5293 patriarcha:
3120 5219 3274 5275 inter
3328 5219 3386 5273 id
3446 5217 3545 5274 ille
3596 5217 3741 5273 huic

2077 5308 2207 5365 ﬁlia
2239 5309 2486 5382 propria
2517 5326 2652 5364 cum
2686 5310 2816 5380 ejus
2839 5307 2957 5363 ﬁlio
2990 5306 3228 5378 nuptias
3258 5306 3475 5362 obtulit
3507 5323 3521 5361 :
3555 5305 3739 5377 patri-

2078 5400 2257 5455 archa
2312 5399 2676 5465 admittente,
2736 5402 2974 5470 pactum
3030 5398 3102 5451 ab
3163 5401 3414 5469 utroque
3459 5400 3738 5450 mutuum

2080 5485 2150 5541 δι’
2180 5485 2486 5562 ἐγκολπίων
2529 5489 2833 5543 ﬁrmatum
2864 5491 2953 5542 est
2983 5486 3054 5541 ad
3090 5486 3324 5542 duobus
3370 5484 3637 5557 patribus
3664 5486 3740 5541 de

2074 5578 2396 5634 liberorum
2426 5578 2698 5650 conjugio
2725 5578 2784 5632 in
2816 5576 3027 5632 horum
3060 5575 3329 5632 absentia
3352 5572 3737 5646 transigenti-

2075 5669 2187 5723 bus
2236 5668 2371 5738 jure
2422 5673 2684 5740 paterno.
2720 5670 2901 5734 Quem
2955 5665 3050 5720 hic
3080 5681 3217 5737 ergo
3265 5665 3459 5721 locum
3516 5664 3737 5720 habere

2077 5760 2211 5829 post
2261 5755 2572 5813 arrharum
2629 5753 2990 5829 nuptialium
3048 5755 3152 5808 aut
3211 5750 3467 5824 pronubi
3526 5748 3738 5808 annuli
