4072 6400
328 430 470 486 1017

1794 431 2281 488 GLOSSABIUM.

3605 427 3746 484 1018

325 571 591 639 traditio,
628 586 807 643 quam
841 571 934 628 hic
960 571 1250 645 interpres
1283 573 1608 646 cogitavit?
1636 574 1747 630 Sed
1782 574 1852 631 de
1881 573 1976 629 his
2008 557 2061 622 A
2092 556 2358 646 expedito
2389 561 2480 613 est
2511 556 2681 646 Forte
2708 552 2888 646 εἰσιτέ
2910 553 3222 646 dictumst
3242 550 3500 646 ῖτξοσιτξεν
3521 571 3554 609 a
3583 557 3739 646 ιῖθοίο

329 660 470 733 plus
502 661 668 716 satis.

401 771 467 841 [P
496 767 846 845 380]Εἷρκτή
882 771 1063 845 νήθης
1103 788 1162 843 p.
1220 774 1349 827 247.
1407 773 1531 828 Νοη
1594 772 1795 828 dubito
1843 772 1984 842 quin

332 861 453 914 hac
478 859 740 914 scribens
764 859 1045 915 habuerit
1072 860 1131 915 in
1152 862 1347 917 animo
1370 862 1757 933 Pachymeres
1779 862 1986 915 Proco-

326 948 406 1021 pii
436 947 630 1003 locum
664 948 746 1003 l.1
781 950 854 1004 De
886 951 1022 1005 belle
1052 951 1270 1006 Persico
1301 968 1351 1006 ο.
1384 953 1438 1018 5,
1499 952 1599 1006 ubi
1665 952 1736 1005 de
1800 950 1984 1005 Persis

327 1036 795 1093 deliberantibus
829 1038 971 1109 quid
1007 1040 1078 1094 de
1112 1056 1246 1112 rege
1278 1040 1505 1095 Cabade
1538 1041 1767 1095 redacto
1797 1039 1857 1094 in
1890 1056 1983 1094 or-

325 1125 525 1181 dinem
557 1126 961 1193 decernerent,
994 1132 1198 1184 auctor
1227 1128 1350 1184 ait:
1408 1128 1476 1185 Οἱ
1525 1125 1582 1182 δὲ
1636 1132 1838 1182 κτεῖναι
1893 1124 1988 1181 ἄν-

327 1210 428 1288 δρα
481 1211 760 1289 βασιλείου
792 1212 1026 1288 α’ἱματος
1056 1214 1171 1271 οὐδ’
1204 1212 1465 1291 ἔγνωσαν,
1495 1214 1623 1271 ἀλλ’
1652 1215 1703 1271 ἐν
1738 1216 1985 1294 φρουρίῳ

323 1303 622 1377 καθεῖρξαι,
683 1301 815 1378 ὅπερ
870 1310 971 1374 τῆς
1020 1303 1204 1375 λήθης
1261 1305 1449 1361 καλεῖν
1499 1304 1860 1379 νενομίκασιν·
1919 1305 1987 1374 ἦν

324 1390 424 1467 γάρ
454 1412 539 1453 τις
567 1391 794 1447 ἰνταῢθα
843 1389 1145 1465 ἐμϐληθεὶς
1192 1393 1335 1469 τύχῃ
1365 1395 1463 1449 οὐκ
1491 1391 1567 1449 ἔτι
1619 1395 1791 1465 νόμος
1836 1394 1985 1471 σφίσι

323 1482 544 1556 γνήμην
604 1481 773 1535 αὐτοῦ
828 1482 982 1549 εἶναι,
1039 1482 1186 1537 ἀλλὰ
1249 1485 1478 1547 θάνατος
1536 1484 1615 1556 τῷ
1674 1484 1985 1554 ὡνομακότι

325 1571 360 1639 ἡ
422 1569 611 1640 ζημία.
670 1571 762 1624 Διὸ
819 1572 909 1625 καὶ
942 1572 1042 1640 τὴν
1098 1571 1412 1645 ἐπωνυμίαν
1444 1572 1645 1641 ταύτην
1680 1573 1815 1648 πρὸς
1850 1578 1987 1646 Περ-

325 1661 430 1712 σῶν
466 1655 687 1734 ἔλαχεν.
729 1663 840 1716 Hoc
872 1667 959 1717 est
990 1680 1058 1718 ex
1079 1663 1401 1718 novissima
1434 1663 1658 1735 optima
1688 1662 1983 1717 versione:

325 1750 669 1806 Abhorruere
726 1751 881 1807 556
958 1756 1139 1807 tamen
1195 1768 1390 1807 eorum
1447 1752 1628 1807 animi
1677 1754 1745 1807 ab
1804 1752 1980 1823 eﬂ'un-

326 1838 500 1894 dendo
530 1842 677 1911 regio
704 1842 998 1911 sanguine,
1028 1840 1274 1913 satisque
1331 1843 1644 1897 habuerunt
1703 1856 1990 1896 asservare

332 1927 601 1983 Cabadem
642 1928 707 1983 in
754 1931 984 1985 castello
1032 1931 1350 1998 oblivionis,
1380 1933 1461 1986 ita
1517 1931 1666 1986 dicto
1722 1947 1795 1986 ea:
1844 1932 1983 1999 lege,
2016 1928 2064 1993 B

331 2032 459 2089 qua?
486 2016 550 2072 de
573 2034 632 2073 eo
662 2020 757 2089 qui
784 2020 958 2089 fuerit
991 2020 1128 2075 illuc
1160 2021 1438 2087 coniectus
1493 2022 1837 2076 mentionem
1883 2037 1984 2073 un-

328 2123 497 2177 quam
524 2108 650 2176 ﬁeri
671 2110 837 2174 vetat,
866 2125 1027 2179 paena
1085 2109 1255 2163 etiam
1301 2111 1541 2180 capitali
1574 2109 1644 2163 iis
1702 2111 1987 2179 proposita

325 2195 424 2265 qui
448 2194 629 2266 ipsius
649 2212 849 2252 nomen
868 2197 1223 2266 pertulerint.
1249 2198 1382 2266 Qum
1400 2214 1575 2253 causa
1596 2197 1711 2269 fuit
1734 2198 1986 2269 appella-

325 2283 495 2339 tionis
524 2284 1006 2355 ejusmodi.Vides
1040 2286 1098 2340 in
1128 2286 1243 2353 his,
1279 2291 1344 2342 ut
1404 2303 1549 2354 rem,
1604 2286 1688 2341 sic
1730 2287 1987 2358 appella-

329 2371 550 2427 tionem
586 2370 806 2446 εἶρκτῆς
848 2368 993 2443 λήθη
1029 2391 1096 2429 ex
1132 2374 1367 2430 Perside
1388 2375 1638 2430 venisse.
1676 2379 1744 2429 Et
1804 2376 1986 2431 fuisse

323 2461 406 2516 ibi
437 2462 846 2518 videturcerta
878 2464 1169 2531 custodia,
1204 2464 1259 2518 in
1297 2481 1473 2534 quam
1531 2466 1626 2534 qui
1680 2466 1981 2529 darentur,

324 2551 397 2606 de
428 2551 500 2607 iis
548 2551 906 2608 mentionem
958 2553 1169 2608 deinde
1230 2555 1445 2608 inferre
1501 2554 1678 2607 ullam
1738 2552 1982 2623 capitale

325 2640 492 2695 foret.
524 2640 653 2695 Pari
687 2640 953 2712 exemplo
985 2642 1309 2713 imperator
1346 2641 1562 2697 Michal
1596 2641 1980 2714 Palasologus,

327 2730 453 2801 Qui,
476 2730 618 2784 dum
643 2734 799 2785 esset
824 2730 1105 2801 privatus,
1131 2732 1186 2784 in
1206 2732 1442 2786 Perside
1459 2731 1665 2789 fuerat.
1692 2736 1755 2786 ut
1776 2732 1983 2787 Noster

328 2820 496 2873 docet
528 2818 565 2873 Ι.
600 2836 639 2882 ι,
672 2819 905 2874 videtur
940 2819 1268 2875 imitatione
1302 2838 1445 2876 usus
1477 2836 1653 2893 quem
1683 2820 1761 2875 ibi
1787 2820 1979 2876 visum

330 2908 701 2979 probaverat,
729 2907 1060 2964 instituisse
1092 2915 1157 2963 ut
1195 2927 1344 2980 quos
1404 2910 1685 2966 Nicasensi
1748 2910 1978 2965 cuidam

328 2996 552 3051 carceri
582 2996 1003 3069 mancipasset,
1028 2998 1086 3052 in
1120 3003 1464 3069 perpetuum
1499 2998 1578 3053 ibi
1621 3004 1981 3066 tenerentur,

336 3100 441 3139 nec
471 3084 783 3156 quisquam
808 3102 973 3140 orare
1000 3103 1101 3158 pro
1146 3087 1219 3142 iis
1269 3094 1369 3143 aut
1425 3088 1667 3143 omnino
1718 3093 1983 3159 satagere

325 3172 414 3227 vel
461 3175 757 3229 mentione
815 3178 988 3229 tenus
1046 3176 1304 3231 auderet.
1364 3181 1528 3231 Hanc
1593 3175 1981 3232 imitationem

2092 644 2324 718 προσιτά
2361 645 2698 717 aceessibile,
2732 649 2797 699 ut
2846 640 3044 697 εἲσιτόν
3110 641 3401 715 significet
3426 641 3741 699 introduci-

2096 735 2225 802 bile,
2255 740 2320 790 ut
2338 737 2422 791 sic
2441 737 2651 805 dicam,
2678 736 2763 792 vel
2785 735 3068 790 introduci
3080 734 3330 806 dignum,
3356 736 3526 807 quasi
3544 733 3739 788 dicere

2091 824 2327 892 vellent,
2354 825 2706 896 quaestiones
2741 842 2865 896 quae
2899 842 2932 880 a
2964 828 3151 880 Vecco
3192 829 3585 893 moverentur,
3622 839 3740 877 non

2094 932 2222 971 esse
2245 917 2450 987 dignas
2472 935 2598 989 quas
2617 916 3200 973 introducerenturin
3224 917 3464 971 domum
3491 914 3614 980 Dei,
3632 914 3745 968 hoc

2094 1011 2183 1060 cst
2240 1006 2567 1063 ecclesiam.
2623 1010 2703 1062 An
2761 1007 2958 1078 potius
3012 1004 3483 1061 existimabimus
3549 999 3741 1071 εἰσιτά,

2094 1095 2352 1165 positum
2393 1113 2496 1168 pro
2554 1093 2773 1165 εἷσιτὲα,
2831 1112 2897 1152 eo
2956 1110 3137 1151 sensu
3181 1098 3245 1148 ut
3296 1109 3510 1165 negare
3565 1091 3747 1147 velint

2092 1184 2521 1241 introducenda
2547 1187 2670 1241 haec
2694 1185 2876 1242 fuisse
2898 1186 2957 1241 in
2992 1184 3341 1251 Ecclesium,
3366 1182 3585 1255 quippe
3614 1196 3743 1251 quze

2097 1273 2227 1343 ejus
2259 1275 2519 1346 quietem
2551 1276 2883 1331 turbarent.

2163 1369 2473 1441 Ἐκκλητον
2522 1391 2576 1445 p.
2623 1374 2748 1430 375.
2799 1372 2903 1427 Hic
2961 1371 3273 1427 manifeste
3336 1370 3398 1425 τὸ
3477 1366 3743 1438 ἔκκλητον

2095 1468 2267 1517 sonat
2287 1465 2384 1533 jus
2411 1465 2832 1535 provocationis.
2870 1462 3140 1534 Alioquin
3176 1461 3371 1516 inanis
3408 1466 3563 1516 esset
3621 1475 3746 1529 qua:

2094 1551 2333 1606 affertur
2363 1554 2509 1608 ratio
2541 1554 2609 1607 ad
2645 1553 2794 1609 557
2829 1552 3168 1607 leniendum
3212 1548 3276 1621 [P
3323 1550 3450 1622 381]
3505 1562 3748 1602 conces-

2094 1640 2280 1696 sionis
2311 1641 2491 1708 huius
2520 1642 2984 1697 incommodum.
3018 1641 3236 1712 Nempe
3283 1640 3439 1711 quod
3481 1636 3592 1692 tale
3620 1637 3744 1708 jus,

2096 1728 2230 1784 licet
2262 1748 2294 1785 a
2343 1730 2555 1787 Graecis
2604 1746 2977 1792 concessum,
3031 1730 3495 1801 haudquaquam
3547 1730 3744 1781 tamen

2094 1819 2484 1890 redigendum
2501 1820 2560 1874 in
2586 1820 2811 1890 praxim
2834 1819 3133 1874 videretur
3157 1835 3170 1886 ;
3197 1817 3429 1873 nemine
3449 1813 3744 1871 verisimi-

2095 1907 2229 1964 liter
2257 1918 2528 1966 curaturo
2551 1910 2811 1965 conferre
2842 1926 2904 1965 se
2935 1905 3441 1979 Constantinopoli
3494 1906 3740 1961 Romam

2096 1997 2387 2054 laborioso
2418 2004 2475 2054 et
2524 1998 2855 2071 periculoso
2898 2003 2985 2055 tot
3033 1997 3285 2053 marium
3338 1996 3611 2067 trajectu,
3672 1993 3744 2047 ad

2095 2087 2257 2143 litem
2290 2106 2457 2144 suam
2484 2088 2890 2161 provocatione
2920 2087 3060 2142 illuc
3082 2087 3424 2142 translatam
3448 2085 3529 2140 ibi
3547 2099 3746 2155 perse-

2095 2178 2412 2247 quendam.
2436 2178 2539 2232 Est
2567 2193 2704 2248 ergo
2738 2177 2861 2231 sine
2888 2175 3065 2231 dubio
3086 2173 3148 2228 τὸ
3170 2168 3463 2243 ἔκκλητον,
3490 2173 3589 2243 jus
3609 2188 3745 2242 pro-

2089 2265 2408 2321 vocationis
2441 2265 2703 2335 ajudicio
2726 2264 3075 2335 patriarchae
3104 2260 3742 2332 Constantinopolitani

2091 2364 2148 2411 et
2180 2355 2428 2411 aliorum
2464 2354 2849 2411 Orientalium
2881 2355 2952 2408 ad
2977 2353 3311 2425 pontificem
3365 2352 3690 2406 Romanum
3724 2368 3738 2417 ;

2090 2446 2261 2512 cujus
2287 2445 2442 2514 juris
2466 2444 2687 2515 agnitio
2720 2444 3123 2514 professioque
3146 2457 3328 2497 unum
3349 2444 3477 2495 erat
3508 2441 3742 2493 etribus

2089 2531 2399 2603 praecipuis
2432 2530 2716 2601 capitibus
2750 2547 2876 2601 quas
2934 2531 3003 2584 ad
3050 2528 3428 2585 ecclesiarum
3461 2525 3743 2582 consilia-

2089 2622 2308 2676 tionem
2359 2640 2391 2675 a
2435 2621 2655 2675 Graecis
2704 2620 3111 2690 exigebantur.
3148 2618 3224 2672 Ea
3253 2616 3446 2688 capita
3493 2614 3585 2669 his
3636 2614 3738 2668 tri-

2089 2710 2200 2766 bus
2232 2710 2422 2764 verbis
2448 2708 2911 2781 designabantur
2938 2706 3000 2759 τὸ
3052 2708 3346 2779 πρωτεῖον,
3403 2703 3466 2757 τὸ
3529 2700 3743 2773 μνημό-

2089 2819 2267 2866 συνον,
2296 2799 2360 2853 τὸ
2391 2798 2675 2869 ἔκκλητον.
2730 2798 3023 2853 Primatus
3048 2813 3230 2868 papas,
3263 2795 3527 2866 ejusdem
3588 2793 3741 2846 inter

2089 2907 2256 2945 sacra
2278 2889 2512 2959 publica
2542 2886 3044 2954 commemoratio,
3078 2890 3373 2958 postremo
3397 2883 3500 2953 jus
3535 2879 3739 2952 appel-

2088 2977 2323 3033 lationis
2344 2980 2415 3033 ad
2439 2979 2708 3033 eumdem
2728 2994 2762 3031 a
2782 2974 3092 3031 sententiis
3117 2973 3477 3043 synodorum
3502 2974 3604 3025 aut
3635 2986 3735 3040 pa-

2091 3066 2501 3123 triarcharum.

2160 3163 2618 3235 Ἐλλησποντίας.
2654 3166 2867 3237 p.396.
2916 3163 3087 3218 Venti
3149 3178 3385 3229 nomen,
3436 3164 3503 3215 ut
3561 3159 3737 3233 ἀπαρ-

325 3262 523 3317 innuit
555 3262 839 3334 particula
863 3262 1275 3320 similitudinis
1298 3263 1391 3332 ὡς,
1424 3265 1695 3321 indicans
1717 3266 1979 3320 Nicaeen-

2093 3254 2262 3318 κτίσις.
2294 3257 2518 3312 Ventus
2534 3255 2850 3312 vehemens
2871 3253 3019 3308 ﬂans
3037 3254 3108 3307 ab
3130 3250 3522 3321 Hellesponto.
3583 3253 3593 3263 '

322 3368 447 3407 sem
482 3351 810 3407 custodiam
843 3352 1165 3425 Palaeologo
1195 3354 1372 3409 fuisse
1431 3370 1536 3426 pro
1568 3370 1698 3409 arce
1751 3360 1853 3409 aut
1881 3371 1981 3409 ca-

323 3440 518 3510 stello,
539 3457 717 3512 quam
735 3442 918 3497 Perses
937 3443 1867 3515 vocabantnomineasquivalente
1887 3444 1982 3500 bis

322 3530 542 3586 Graecis
563 3530 804 3587 vocibus
828 3528 1089 3604 φρούριον
1111 3528 1311 3601 λήθης.
1338 3533 1481 3587 Nam
1500 3551 1614 3588 non
1632 3538 1720 3587 est
1736 3534 1979 3589 audien-

322 3620 439 3676 dus
459 3619 915 3692 Christophorus
941 3625 1219 3691 Persona,
1244 3623 1387 3677 dum
1411 3622 1491 3677 ibi
1515 3620 1773 3698 φρούριον
1804 3620 1982 3691 λήθης

323 3709 533 3764 Latine
556 3708 747 3764 reddit
773 3709 1082 3766 custodiam
1114 3726 1239 3782 quae
1268 3710 1422 3765 lethe
1454 3712 1767 3777 vocabatur,
1810 3712 1982 3782 quasi

322 3794 473 3865 λήθη
512 3798 653 3853 lethe
682 3797 1005 3867 Persicum,
1042 3816 1155 3854 non
1181 3799 1446 3854 Graecum
1498 3799 1845 3854 vocabulum
1882 3799 1979 3854 sit.

319 3885 491 3941 Haud
511 3886 685 3956 paulo
704 3888 1056 3958 prudentius
1074 3886 1315 3943 ultimus
1334 3897 1732 3960 lempore,non
1751 3888 1977 3958 merito,

319 3972 617 4044 interpres
638 3975 904 4046 Procopii
926 3974 1209 4031 Claudius
1232 3975 1538 4031 Maltretus
1567 3980 1765 4031 noster
1812 3974 1979 4049 φρού-

323 4081 442 4137 ριον
477 4059 656 4132 λήθης
683 4063 987 4120 castellum
1015 4065 1309 4121 oblivionis
1345 4066 1540 4121 Latine
1583 4065 1854 4121 reddidit.
1917 4066 1978 4119 In

320 4167 441 4223 quo
472 4151 656 4207 videri
693 4153 881 4224 possit
911 4152 961 4208 si
992 4170 1131 4209 casu
1165 4155 1421 4225 quodam
1456 4154 1748 4226 prasivisse
1777 4153 1976 4209 Pachi-

326 4257 542 4310 meres,
576 4242 716 4296 dum
749 4240 787 4296 Ι.
823 4260 898 4309 1v,
924 4243 995 4298 de
1028 4243 1141 4299 isto
1173 4244 1377 4299 eodem
1420 4260 1601 4316 agens
1658 4243 1976 4315 ergastulo,

323 4329 387 4385 in
422 4330 577 4402 quod
612 4346 679 4385 ea
737 4331 1076 4387 conditione
1134 4333 1444 4389 subibatur
1495 4337 1562 4388 ut
1609 4334 1773 4389 nefas
1824 4335 1979 4388 esset

320 4417 465 4473 illuc
515 4417 695 4474 semel
752 4418 1222 4476 introductorum
1308 4421 1606 4490 memisse,
1658 4422 1803 4476 illud
1878 4416 1975 4474 κᾶ-

320 4525 483 4581 στρον
516 4515 763 4563 caslrum
793 4508 912 4564 sive
942 4510 1225 4564 castellum
1254 4508 1749 4582 ἀντονομαστικῶς;
1774 4509 1976 4583 appel-

318 4596 426 4653 lat.
458 4597 599 4653 Cum
634 4596 791 4653 enim
824 4598 894 4653 de
925 4597 1233 4653 Barlaamo
1287 4600 1565 4670 quodam,
1600 4598 1846 4671 inquieti
1908 4616 1973 4655 ac

319 4682 583 4755 suspecti
612 4683 832 4755 ingenii
865 4684 1124 4756 homine,
1158 4686 1455 4741 retulisset
1486 4687 1815 4742 decrevisoe
1866 4686 1971 4741 im-

318 4776 652 4844 peratorem
676 4773 929 4828 eximere
959 4772 1072 4828 sibi
1093 4773 1275 4829 semel
1307 4790 1541 4830 omnem
1564 4774 1621 4829 in
1669 4779 1968 4846 posterum

318 4863 395 4917 de
449 4861 551 4917 illo
605 4865 829 4917 metum
876 4861 1358 4933 sollicitudinem,
1407 4880 1521 4935 quo
1581 4864 1636 4919 id
1695 4880 1971 4935 asseque-

318 4954 504 5019 retur,
538 4950 623 5007 ait
652 4951 999 5023 praecepisse
1029 4952 1262 5008 cuidam
1296 4970 1326 5008 e
1358 4954 1472 5010 sibi
1504 4954 1812 5010 fidissimis
1838 4970 1970 5009 eum

317 5039 576 5095 Nicaeam
608 5040 922 5108 abducere,
956 5057 1022 5095 ac
1044 5041 1119 5096 ibi
1154 5040 1260 5113 πρὸ
1288 5044 1384 5095 τοῦ
1417 5041 1492 5102 εἷς
1540 5042 1773 5114 κάστρον
1825 5040 1974 5096 εἷσα-

315 5130 508 5203 γαγεῖν
540 5132 818 5203 στερῆσαι,
850 5131 957 5181 τῶν
997 5126 1322 5205 ὀφθαλμῶν,
1380 5132 1709 5204 priusquam
1764 5133 1829 5188 in
1882 5148 1972 5187 ca—

315 5213 545 5273 stellum
577 5217 975 5286 indroduceret,
996 5218 1169 5275 oculis
1195 5222 1435 5291 privare.

396 5322 587 5377 Εἰσιτά
617 5342 674 5397 p.
706 5325 825 5380 478.
889 5324 1069 5381 Multa
1117 5331 1238 5382 toto
1300 5327 1409 5383 hac
1470 5330 1761 5383 commate
1813 5324 1974 5400 ἄνᾶρ-

320 5418 459 5477 mea
488 5418 543 5469 et
574 5413 819 5470 invicem
862 5414 1187 5471 inconnexa
1242 5421 1558 5489 ponuntur.
1622 5416 1971 5488 Exprimun-

325 5506 426 5558 tur
456 5502 611 5559 enim
635 5502 904 5574 carptim,
930 5504 1072 5559 solis
1092 5504 1276 5560 initiis
1299 5505 1724 5562 sententiarum
1749 5504 1973 5561 deliba-

320 5589 423 5659 tis,
457 5608 585 5663 quas
620 5591 822 5660 Graeci,
858 5608 1059 5663 pacem
1093 5610 1225 5648 cum
1262 5595 1483 5652 Latinis
1509 5594 1663 5650 haud
1693 5593 1972 5650 exanimo

324 5682 664 5754 probantes,
696 5681 756 5736 in
789 5681 1029 5753 scriptis
1060 5681 1230 5738 Vecci
1262 5683 1789 5757 reprehendebant.
1822 5682 1971 5750 Quid

322 5774 521 5827 autem
552 5769 649 5829 hic
685 5774 858 5828 sonet
883 5774 987 5827 aut
1014 5770 1156 5843 quid
1185 5773 1239 5830 si
1277 5790 1387 5833 vox
1441 5769 1637 5846 ιΐσιτᾶ,
1694 5772 1854 5830 haud
1908 5773 1972 5829 in

2000 4644 2049 4709 D

2185 3351 2572 3427 Ἐναιθριάζειν
2625 3371 2685 3426 p.
2748 3353 2870 3407 405.
2933 3351 3057 3405 Non
3134 3353 3223 3405 est
3293 3348 3389 3403 hic
3466 3343 3738 3420 ἐλαιθριά-

2090 3449 2196 3514 ζειν
2243 3449 2342 3503 sub
2384 3448 2473 3503 dio
2517 3463 2678 3503 esse:
2742 3461 2975 3501 summa
3023 3443 3177 3497 enim
3217 3446 3434 3506 aestate,
3473 3444 3539 3494 ut
3593 3447 3737 3494 tunc

2086 3543 2230 3602 erat,
2260 3536 2587 3592 meridiano
2621 3534 2741 3591 sole
2772 3536 3049 3601 fervente,
3076 3533 3233 3589 haud
3261 3534 3417 3586 esset
3444 3528 3547 3583 illa
3576 3544 3736 3583 com-

2089 3626 2266 3680 moda
2296 3624 2489 3680 statio.
2526 3624 2975 3695 lntelligendum
3019 3639 3156 3694 ergo
3214 3621 3623 3691 imperatorem
3658 3618 3727 3671 ad

2086 3729 2289 3768 auram
2321 3730 2350 3767 e
2384 3712 2827 3785 septentrionali
2859 3712 3004 3768 forte
3031 3715 3264 3783 patente
3299 3710 3552 3763 fenestra
3581 3706 3728 3760 ﬂan-

2084 3804 2203 3855 tem
2241 3801 2420 3865 frigus
2452 3805 2740 3873 captasse.
2776 3806 2891 3857 Aut
2921 3802 2969 3857 si
3003 3800 3215 3872 frigore
3232 3798 3385 3854 aeris
3408 3811 3651 3851 camerae
3675 3794 3728 3850 vi

2085 3905 2118 3942 a
2140 3888 2268 3944 coeli
2288 3890 2493 3945 ardore
2515 3889 2740 3945 defensi
2763 3889 2980 3944 clausis
3000 3886 3269 3945 fenestris
3284 3886 3577 3949 utebatur,
3599 3879 3709 3935 ἐναι

2084 3978 2320 4053 θριάζειν
2375 3996 2478 4051 pro
2530 3979 2855 4049 refrigerari
2909 3981 3163 4050 positum
3218 3976 3439 4043 fuerit;
3510 3990 3578 4027 ex
3661 3988 3728 4027 eo

2084 4070 2241 4143 quod
2276 4068 2626 4140 plerumque
2650 4068 2768 4136 ﬁat,
2796 4071 2861 4121 ut
2889 4084 3017 4137 quae
3050 4066 3162 4122 sub
3193 4064 3333 4119 coelo
3392 4066 3591 4133 aperto
3625 4061 3728 4131 ja-

2084 4166 2216 4219 cent
2249 4158 2685 4230 refrigerentur,
2719 4154 3005 4211 translato
3027 4172 3093 4211 eo
3124 4154 3298 4210 verbo
3320 4155 3494 4209 etiam
3531 4150 3600 4204 ad
3639 4166 3727 4204 re-

2084 4249 2522 4323 frigerationem
2550 4262 2675 4317 quas
2707 4243 2876 4299 aliter
2906 4242 3116 4298 evenit.
3153 4242 3209 4297 L.
3235 4257 3313 4307 v1,
3356 4256 3405 4294 c.
3445 4238 3535 4305 29,
3564 4253 3728 4291 men-

2080 4342 2160 4396 tio
2191 4341 2258 4394 fit
2279 4332 2471 4395 ὕδατος
2502 4331 2977 4404 ἐξαιθριαζομὲνου
3032 4347 3192 4403 aquae
3247 4329 3348 4384 sub
3403 4326 3494 4381 dio
3550 4328 3726 4395 refri-

2078 4438 2277 4501 geratz
2309 4446 2322 4495 ;
2358 4425 2535 4498 quod,
2553 4428 2612 4479 et
2633 4423 2682 4479 si
2708 4429 2849 4478 tunc
2876 4436 3109 4493 quoque
3131 4424 3305 4475 aestas
3325 4420 3471 4481 erat,
3496 4412 3725 4468 facilius

2078 4517 2433 4590 intelligitur
2456 4532 2559 4587 per
2588 4518 2819 4569 noctem
2851 4513 3095 4568 factum.
3124 4512 3194 4565 At
3222 4509 3329 4563 hoc
3352 4512 3475 4561 loco
3508 4505 3727 4558 diserta

2080 4612 2146 4665 fit
2175 4608 2291 4664 dici
2349 4605 2592 4671 mentio,
2654 4619 2788 4659 cum
2831 4602 3235 4674 designatione
3281 4595 3434 4652 horae
3478 4592 3729 4666 pomeri-

2080 4699 2290 4756 dianzs.

2154 4793 2404 4865 Ἑνδυτή,
2467 4809 2525 4865 p.
2575 4790 2702 4845 385.
2758 4790 2931 4847 Recte
2980 4788 3275 4845 Meursius
3338 4786 3503 4841 docet
3576 4775 3727 4834 ἐνδυ-

2080 4888 2179 4957 τήν
2204 4903 2331 4943 esse
2362 4896 2706 4955 supremum
2739 4897 2916 4935 sacra:
2940 4896 3154 4937 mensae
3208 4877 3545 4931 instratum.
3608 4868 3729 4924 Pri-

2084 4993 2249 5031 mum
2283 4974 2439 5031 enim
2477 4969 2915 5026 insternebatur
2958 4986 3067 5023 arte
3115 4966 3268 5040 quod
3318 4963 3532 5018 dicitur
3578 4958 3728 5012 ἀντι-

2088 5066 2325 5137 μίνσιον,
2376 5079 2546 5121 sacra
2610 5079 2843 5136 mappa,
2891 5064 3032 5115 tunc
3089 5060 3321 5112 tantum
3399 5050 3728 5108 necessario

2084 5157 2440 5229 imponenda
2458 5155 2650 5225 altari,
2684 5152 2919 5223 quando
2958 5165 3074 5204 non
3107 5146 3414 5202 constabat
3462 5161 3533 5198 an
3583 5140 3727 5197 illud

2082 5247 2294 5303 fuisset
2313 5249 2746 5302 consecratum.
2772 5242 2962 5311 Supra
2986 5237 3156 5306 illud,
3184 5242 3285 5293 aut
3302 5252 3483 5309 supra
3504 5235 3725 5289 nudam

2083 5354 2243 5393 aram
2277 5342 2431 5392 certo
2490 5338 2804 5395 sacratam,
2856 5330 3275 5387 extendebatur
3332 5328 3389 5383 in
3446 5343 3730 5400 praepara-

2082 5418 2242 5473 tione
2291 5417 2546 5473 sacrifici
2596 5414 2869 5480 linteum,
2934 5411 3089 5483 quod
3151 5408 3529 5482 appellabant
3565 5404 3729 5460 κατά-

2084 5526 2277 5581 σαρκα,
2310 5522 2491 5577 supra
2540 5501 2695 5576 quod
2756 5500 3023 5557 videlicet
3078 5498 3292 5573 ἀμίσως
3350 5515 3563 5570 corpus
3608 5494 3729 5551 sive

2084 5613 2217 5653 caro
2251 5594 2479 5653 Domini
2519 5594 2579 5649 in
2624 5590 2984 5647 eucharistia
3034 5595 3168 5663 post
3222 5588 3726 5648 consecrationem

2083 5702 2344 5757 praesens
2376 5682 2792 5742 reclinabatur.
2854 5680 2915 5736 Id
2957 5680 3151 5738 velum
3206 5680 3488 5753 corporale
3544 5679 3728 5737 Latini

2087 5791 2382 5835 vocamus.
2416 5774 2532 5833 Nec
2552 5770 2689 5846 plus
2710 5776 2834 5827 erat
2861 5768 2924 5827 in
2953 5769 3085 5843 ipsa
3108 5772 3409 5831 functione
3429 5768 3724 5828 sacriﬁcii.
