2036 3199
193 253 263 282 1019

192 359 271 397 δυτῇ,
283 362 382 388 textus
397 359 571 395 plerumque
593 357 762 394 magniﬁci;
791 358 870 386 unde
891 358 922 384 in
950 356 1017 384 illos

189 413 245 434 usu
270 405 398 441 pretiosa
423 403 554 440 stragula
587 403 796 437 olferebantur,
826 401 924 437 qualis
956 401 1018 429 haec

191 450 247 478 fuit
261 447 357 483 ἐνδυτή
374 450 410 476 ab
426 448 602 484 imperatore
617 447 757 476 Michaele
775 446 934 482 Palaeologo
960 446 1020 482 pri-

193 503 275 523 mum
292 503 398 530 magno
423 493 533 530 templo
562 494 590 521 S.
619 493 735 529 Sophim
766 493 885 527 donata,
915 491 1021 519 deinde

191 540 279 567 etiam
292 540 327 567 ad
344 539 511 575 pontificem
524 538 692 566 Romanum
707 538 809 565 missa.
824 536 967 565 Credibile
977 538 1021 564 est

191 592 225 612 ex
240 584 296 612 isto
318 585 413 619 lapete
428 591 519 618 super
533 590 614 610 aram
643 582 784 618 explicato
812 581 943 617 speciose
970 589 1021 616 pe-

195 628 334 664 pendisse
349 628 378 655 in
398 628 522 655 frontem
540 626 644 654 altaris
656 626 799 658 ﬁmbrias,
819 626 958 653 tubarum
970 628 1021 653 aut

190 671 326 700 nolarum
354 671 399 700 vel
430 671 518 699 etiam
544 670 694 699 malorum
719 671 822 699 formis
845 670 1019 705 distinctas;

193 721 270 748 unde
292 720 453 756 Hesychius
484 718 605 754 ἐνδύταν,
628 719 652 747 si
683 719 848 747 forteidem
880 728 947 747 cum
974 717 1018 745 ἐν-

192 762 259 800 δυτῇ
276 765 326 797 sit,
345 763 471 791 αὐλωτόν
488 765 603 797 dixerit,
631 765 779 800 quomodo
805 763 947 793 αύλωτοὺς
975 773 1018 801 φι-

191 808 261 845 μοῦς
278 808 377 837 Pollux
398 811 542 836 memorat
570 809 622 836 lib.
647 817 675 839 κ,
706 808 753 835 ubi
776 809 809 835 (le
839 808 1019 836 ornamentis

192 861 347 888 equorum.
365 853 530 880 Ἐκαλοῦντο
547 851 575 879 δὲ
594 863 675 887 τινεςτ
698 853 794 887 inquit
823 853 899 881 558
931 851 1020 879 αὐλω-

191 897 234 924 ro?
252 896 331 935 φιμοὶ
360 896 404 924 διὰ
427 897 458 923 τὸ
487 895 617 928 κώδωνας
645 894 718 933 ἔχειν
741 897 961 933 ἐπηρτημὲπθους,
978 897 1019 927 οἷς

191 941 430 978 ἐγχρεμετίζοντες
465 940 547 968 ’ίπποι
586 942 659 978 ἦχον
696 940 805 967 ἐποίουν
849 940 1020 978 προσόμοιον

725 252 757 278 r.
777 230 1244 278 possmrossanvarlonou
1263 252 1329 279 us.
1351 252 1374 277 ι.

192 318 228 344 At
243 317 310 352 post
337 315 435 351 ipsam
463 322 514 342 ara
540 313 731 350 operiebatur
758 313 869 348 tapete'
883 311 944 340 sive
972 309 1014 337 ἐν·

1079 312 1261 346 :onfessoris,
1295 313 1346 350 qui
1387 321 1477 350 agens
1512 313 1548 341 de
1592 309 1785 348 άντιμινσῑοις,

1836 224 1918 276 inab

1844 312 1909 340 Κυ-

1072 356 1139 392 ρίως
1154 355 1194 391 δὶ,
1223 358 1330 394 inquit,
1346 357 1388 385 ἐπ’
1403 356 1518 389 ἐκείναις
1532 359 1586 385 τῶν
1601 360 1743 395 τραπεζῶν
1769 360 1912 393 τίθενται,

1072 398 1102 431 ἃς
1118 401 1281 438 καθιέρωσις
1296 401 1351 440 οὐχ
1382 401 1504 440 ἡγίασεν.
1532 403 1649 439 Proprie
1669 412 1732 432 vero
1752 412 1836 440 super
1860 410 1915 431 ea:

1071 454 1165 474 sacras
1188 455 1298 475 mensas
1319 449 1472 483 ponuntur,
1487 456 1555 484 quas
1575 451 1732 477 consecrato
1750 457 1807 477 non
1834 456 1912 476 san-

1071 492 1212 527 ctiﬁcavit.
1229 493 1291 521 Non
1306 493 1398 529 igitur
1408 493 1542 521 absolute
1557 493 1627 522 dicit
1641 494 1788 523 Meursius
1808 493 1842 521 τὸ
1853 502 1910 520 κα-

1072 535 1193 574 τασάρκα
1221 546 1311 574 supra
1334 537 1503 574 ἄντιμίνσιον
1530 539 1632 567 sterni.
1662 539 1729 567 Vidi
1750 541 1851 567 autem
1881 539 1917 566 et

1074 584 1208 610 accurate
1223 583 1362 618 perpendi
1379 583 1542 611 indicatum
1559 583 1675 612 aGoare
1689 586 1792 612 contra
1801 583 1910 611 Meur-

1073 625 1151 654 sium
1167 627 1319 663 Symeonis
1338 626 1614 655 Thessalonicensis
1645 627 1754 661 locum,
1779 628 1832 664 qui
1859 627 1911 655 sic

1072 671 1172 707 habet,
1195 681 1251 700 aras
1275 673 1312 700 ad
1335 672 1512 701 sacriﬁcium
1543 673 1694 702 instructa
1723 674 1909 710 apparatum

1072 724 1241 744 memorans
1261 725 1267 743 :
1284 717 1444 754 Κατασάρκα
1460 715 1488 744 δὶ
1502 717 1534 744 τὸ
1558 716 1710 754 λεγόμενον
1741 717 1830 751 εὐθὺς,
1857 716 1911 744 καὶ

1075 761 1132 796 μετ’
1161 761 1225 788 αὐτὸ
1251 761 1456 799 τραπεζοφόρον
1486 762 1628 797 κέκτηται.
1673 762 1749 797 Quod
1787 763 1912 790 vocatur

1074 808 1234 838 catasarca,
1247 807 1341 833 statim
1353 816 1359 840 ;
1372 809 1437 841 post
1467 807 1539 834 illud
1554 807 1785 843 trapezophorum
1806 807 1911 835 habet.

1075 851 1142 885 Agit
1158 851 1193 878 de
1209 859 1259 878 ara
1275 851 1377 887 utique
1393 854 1571 880 consecrata.
1585 854 1652 885 Quae
1663 852 1688 880 si
1703 852 1771 881 talis
1782 860 1842 880 non
1858 859 1913 881 es-

1074 898 1118 923 set
1134 898 1184 923 aut
1201 904 1265 923 esse
1281 905 1338 923 non
1354 896 1489 930 sciretur,
1507 905 1564 924 non
1581 900 1702 933 negaret
1717 896 1911 932 superimp0<

1075 940 1210 968 sitionem
1230 941 1305 968 578
1323 942 1518 968 necessariam
1535 941 1717 978 ἆντιμινσίου.
1742 944 1830 970 Hunc
1855 941 1910 970 lo-

192 985 279 1022 αὐλῷ.
298 988 340 1015 Ita
355 987 413 1021 ille,
433 987 468 1014 ad
488 995 593 1014 sonum
610 987 750 1019 referens,
768 987 919 1022 quod,non
938 987 1018 1014 inve-
1036 989 1059 1020 Β
1075 994 1141 1012 cum
1163 986 1315 1021 Symeonis
1344 985 1589 1014 Thessalonicens
1618 986 1694 1014 Goar
1724 986 1765 1014 sic
1794 985 1889 1014 vertit
1905 994 1913 1013 :

193 1031 356 1059 risimilitcr
371 1032 406 1059 ad
424 1032 551 1067 speciem
569 1039 683 1066 quoque
697 1032 847 1066 pertinuit.
859 1031 932 1058 Nam
950 1031 1021 1058 alio-

193 1075 244 1111 qui
262 1074 411 1109 κωδώνων,
427 1078 577 1112 utcunque
597 1076 762 1103 hinnitibus
783 1076 1020 1110 responsanlium

191 1128 283 1148 sonus
300 1129 357 1147 non
371 1120 499 1148 multum
512 1121 547 1147 ad
559 1120 636 1147 tibiae
650 1122 768 1147 cantum
782 1121 903 1147 accedit.
917 1122 1022 1148 Forma

192 1172 261 1192 vero
277 1164 341 1192 tubi
357 1167 408 1192 aut
423 1164 495 1192 noles
511 1164 542 1191 in
557 1164 770 1199 appendicibus
802 1164 1020 1199 ephippiorurn,

193 1214 235 1241 uti
252 1216 281 1241 et
297 1213 470 1241 militarium
486 1213 686 1249 chlamydum,
698 1213 873 1247 elegantiam
889 1214 923 1240 ad
937 1223 1020 1249 aspe-

195 1261 274 1286 ctum
293 1258 390 1286 habet.
409 1259 464 1286 llas
479 1258 657 1294 appendices
686 1258 839 1286 colliculus
869 1259 929 1286 sive
959 1259 1019 1294 gal-

188 1302 296 1330 liculas
321 1303 475 1337 vocabant,
505 1311 580 1338 quas
624 1303 728 1338 glossze
773 1305 885 1331 veteres
917 1303 1019 1340 τροχά-

192 1342 239 1378 δας
253 1348 350 1375 Graece
363 1348 606 1383 interpretantur,
623 1356 657 1375 ea
679 1356 747 1375 voce
777 1349 936 1376 rotundum
967 1349 1020 1376 ali-

194 1392 265 1427 quid
283 1394 312 1419 et
327 1392 453 1420 volubile
468 1393 658 1428 designantes
676 1401 682 1425 ;
699 1392 797 1427 qualia
812 1397 896 1420 erant
920 1394 1020 1421 tintin-

192 1436 302 1464 nabula
317 1438 346 1464 et
362 1436 562 1472 malogranata
578 1445 611 1464 ex
624 1446 674 1464 ora
688 1437 776 1464 veslis
791 1438 939 1465 Aaronicas
969 1439 1020 1465 de-

192 1481 360 1517 pendentia,
378 1481 407 1514 (P
429 1482 491 1517 382)
507 1482 595 1509 Exod.
610 1490 707 1514 xxxxx,
722 1480 767 1509 23.
784 1482 884 1510 Passio
900 1483 929 1510 S.
957 1485 1020 1510 Per-

192 1529 283 1560 petua:
299 1526 471 1553 describens
481 1526 618 1553 vestitum
637 1527 789 1561 Pomponii
802 1527 917 1554 diaconi
934 1528 963 1554 in
975 1527 1019 1554 vi-

193 1570 276 1598 sione
287 1570 456 1606 apparentis
465 1579 470 1597 :
478 1571 549 1598 Erat
561 1571 673 1598 vestitus
683 1571 849 1598 distinctam
859 1571 1018 1605 candidam,

194 1619 301 1646 habent
314 1619 482 1655 multiplices
496 1620 650 1647 calliculas.
681 1620 744 1647 Hec
773 1621 899 1648 candida
926 1620 1018 1648 videri

1077 1030 1227 1057 hzlerulam
1245 1038 1307 1058 vero
1331 1032 1440 1063 vestem,
1461 1039 1521 1067 quae
1549 1030 1584 1058 ad
1613 1039 1725 1059 carnem
1746 1029 1866 1063 dicitur,
1883 1032 1915 1058 at

1077 1083 1195 1109 superne
1233 1076 1353 1102 mantile
1379 1075 1484 1110 adepta
1508 1079 1557 1103 est.
1588 1075 1658 1103 Tria
1684 1083 1741 1103 non
1786 1075 1883 1111 probo
1902 1092 1913 1107 ,

1076 1121 1153 1155 quod
1169 1120 1200 1146 τὸ
1214 1130 1281 1146 κατα
1301 1120 1386 1155 σάρκα
1412 1121 1572 1153 interulam,
1594 1121 1673 1157 quod
1700 1118 1915 1158 τραπεζοφόρον

1074 1165 1201 1199 mantile,
1232 1166 1308 1199 quod
1337 1165 1467 1199 κέκτηται
1493 1166 1595 1193 reddat
1623 1166 1722 1201 adepta
1744 1167 1805 1193 est:
1836 1173 1915 1193 nam

1075 1208 1202 1243 κέκτηται
1220 1210 1273 1237 hoc
1290 1210 1353 1237 loco
1367 1212 1410 1238 est
1424 1210 1544 1246 possidet
1561 1214 1611 1238 aut
1626 1210 1716 1238 habet.
1741 1209 1915 1247 Κατασάρκα

1075 1263 1181 1281 nomen
1199 1255 1350 1290 proprium
1372 1254 1426 1282 veli
1451 1255 1526 1282 sacri
1548 1255 1576 1282 in
1593 1263 1652 1290 quo
1680 1254 1790 1286 ἆμὲσως
1818 1253 1912 1282 recli-

1075 1298 1356 1326 natur‘eucharistia
1372 1299 1430 1326 sive
1447 1307 1552 1334 corpus
1566 1301 1595 1327 et
1609 1308 1676 1328 caro
1707 1298 1834 1332 Domini,
1859 1306 1914 1326 ec-

1075 1343 1239 1371 clesiastico
1250 1344 1391 1371 vocabulo
1403 1344 1545 1372 debuerat
1553 1344 1688 1379 exprimi.
1700 1343 1835 1380 Denique
1844 1351 1915 1380 τρα·

1073 1387 1226 1424 πεζοφόρον
1242 1388 1339 1415 velum
1353 1388 1449 1423 potius
1478 1391 1523 1416 est
1551 1397 1610 1424 quo
1644 1396 1771 1423 superne
1801 1389 1913 1416 sancta

1075 1435 1281 1468 conteguntur,
1295 1433 1381 1468 quale
1397 1433 1473 1466 quod
1493 1435 1591 1461 nostro
1606 1441 1686 1461 more
1711 1441 1803 1469 supra
1831 1431 1910 1460 cali-

1074 1485 1135 1504 cem
1152 1479 1202 1504 aut
1218 1485 1332 1504 sacram
1349 1477 1482 1513 pyxidem
1498 1477 1605 1505 Christi
1622 1486 1729 1513 corpus
1755 1479 1808 1504 aut
1836 1484 1915 1504 san-

1073 1521 1192 1557 guinem
1205 1521 1388 1550 continentes
1396 1530 1485 1557 supra
1494 1530 1572 1549 aram
1583 1521 1764 1550 extenditur.
1774 1520 1914 1550 Declarat

1073 1565 1128 1593 hoc
1144 1574 1210 1593 mox
1227 1566 1502 1594 Thessalonicensis
1518 1567 1628 1595 ibidem
1653 1566 1727 1600 "0n,
1753 1565 1911 1602 inquiens,

1072 1609 1159 1646 τάφος
1182 1609 1237 1637 ἐστῖ
1266 1611 1311 1637 καὶ
1342 1610 1437 1648 θρόνος
1465 1611 1566 1645 Ἰησοῦ·
1606 1611 1782 1646 Signiﬁcat:
1820 1619 1914 1639 sacra

193 1666 288 1698 potest
304 1664 395 1691 fuisse
410 1662 520 1694 ἐνδύτας
542 1663 667 1694 αὐλωτος
686 1664 833 1699 Hesychii.
863 1666 903 1692 Ad
935 1666 1020 1699 cujus

1079 1654 1255 1682 eucharistia
1271 1664 1360 1691 super
1376 1664 1456 1683 aram
1470 1656 1525 1684 isto
1540 1664 1628 1692 quem
1645 1655 1784 1683 describit
1813 1663 1914 1692 appa-

194 1709 317 1736 formam
333 1706 442 1742 ἐνδυτή,
463 1709 678 1744 operimentum
695 1718 761 1743 arae,
782 1712 810 1736 et
840 1709 904 1745 ipsa
929 1708 1021 1736 αὐλω-

192 1751 240 1783 τός
253 1752 337 1780 facile
353 1753 452 1785 fuerit.
468 1752 625 1788 multiplici
641 1754 803 1788 appendice
819 1754 1020 1783 callicularum

193 1796 343 1833 eleganter
355 1799 469 1832 ornata,
485 1797 603 1825 insertis
619 1798 707 1825 etiam
721 1798 850 1834 speciose
863 1799 1021 1826 unionibus

196 1842 287 1869 uthic
304 1841 410 1869 Noster
425 1844 578 1869 memorat.
592 1842 712 1870 Diversa
728 1852 744 1871 θ.
769 1844 906 1879 superius
935 1845 1022 1872 dictis

196 1884 258 1922 περὶ
288 1883 400 1919 ἐνδυ-πῆς
429 1884 474 1912 καὶ
501 1888 549 1912 τοῦ
585 1886 740 1923 κατασάγῖκα
783 1889 866 1916 docet
895 1889 1022 1916 Jacobus

196 1932 272 1957 Goar
288 1932 322 1958 ad
340 1930 552 1966 Euchologium
580 1941 608 1967 p.
638 1933 700 1966 627,
729 1932 887 1960 Meursium
918 1933 1023 1969 corrigi

191 1975 304 2010 jubens
321 1983 327 2001 :
345 1976 395 2002 sed
414 1984 471 2002 non
496 1977 666 2011 persuadet,
688 1977 827 2012 quoniam
856 1978 1023 2013 quemElau-

196 2019 248 2046 dat
264 2019 389 2046 fundum
407 2028 466 2047 suis
481 2021 633 2048 sententiae
668 2023 838 2057 Symeonem
867 2023 1025 2050 Thessalo—

200 2064 364 2096 nicensem,
381 2067 538 2100 postquam
552 2065 700 2099 consului,
718 2066 794 2094 haud
814 2067 955 2094 faventem
969 2067 1025 2103 ipsi

199 2108 370 2143 reperi.Ait
399 2109 427 2136 in
458 2118 491 2137 eo
521 2117 618 2137 errare
647 2110 807 2138 Meursium
837 2112 914 2147 quod
943 2121 1025 2137 κατα-

200 2151 286 2188 σάρκα
301 2161 359 2181 non
376 2152 485 2189 ἆμέσως
502 2162 557 2181 arae
584 2155 680 2188 nudas,
707 2155 756 2183 sed
787 2163 878 2191 supra
901 2154 1027 2191 ἆντιμίν-

201 2206 261 2223 σιον
279 2199 371 2225 sterni
386 2199 507 2226 solitum
533 2201 656 2227 asserat.
684 2200 769 2235 Atqui
798 2207 856 2227 non
883 2200 936 2227 hoc
952 2200 1027 2228 sim-

202 2241 318 2277 pliciter
346 2244 397 2269 aut
427 2243 633 2271 universaliter
658 2243 802 2272 Meursius
831 2244 945 2278 asserit,
976 2245 1027 2272 sed

201 2287 318 2313 tantum
335 2287 454 2321 quando
478 2295 534 2315 non
564 2288 718 2316 constabat
747 2289 781 2315 de
810 2289 1029 2317 consecratione

202 2330 304 2358 altaris
321 2340 327 2365 ;
345 2331 429 2366 cujus
446 2332 551 2359 asserti
566 2335 671 2360 testem
700 2333 834 2368 producit
863 2334 1027 2361 Mauuelem

203 2375 402 2410 patriarcham
419 2375 447 2403 in
461 2376 522 2404 haec
537 2377 626 2405 verba
642 2385 648 2404 :
665 2376 705 2403 Τὰ
733 2376 889 2413 ἀντιμίνσια
919 2377 967 2405 οὐκ
991 2377 1029 2408 εἷς

202 2419 290 2449 πάσας
319 2418 424 2457 ἀνάγκη
458 2421 562 2447 κεῖσθαι
598 2421 646 2452 τὰς
683 2421 761 2459 ἄγξας
786 2421 943 2459 τραπέζας,
965 2421 1029 2449 ἀλλ’

202 2462 240 2494 εἷς
272 2463 302 2494 ἃς
331 2463 362 2491 οὗ
389 2464 529 2502 γνώριμόν
561 2464 632 2492 ἐστιν
659 2464 714 2492 εἴτε
736 2467 933 2504 καθιερωμέναι
962 2466 1028 2493 εἰσὶν

207 2508 261 2536 εἶτε
277 2507 319 2537 οὔ.
336 2511 510 2539 Antimensia
525 2519 581 2539 non
596 2512 723 2539 omnibus
735 2513 840 2547 imponi
853 2514 939 2540 sacris
952 2521 1032 2541 men—

201 2554 241 2582 sis
254 2562 360 2583 necesse
375 2558 424 2590 est,
439 2556 486 2584 sed
502 2557 531 2583 in
546 2564 591 2584 eas
609 2556 642 2584 de
658 2557 756 2592 quibus
777 2565 833 2584 non
856 2559 895 2585 est
925 2560 1031 2591 notum,

202 2605 369 2629 consecrate
395 2601 452 2629 sint
477 2610 572 2630 necne.
607 2602 696 2630 Addit
722 2603 824 2630 statim
862 2603 1030 2631 rationem:

206 2647 248 2675 Τὰ
270 2648 321 2685 γὰρ
344 2650 553 2687 καθιερωμένων
584 2651 670 2689 ἁγίων
693 2653 832 2689 τραπεζῶν
861 2651 944 2679 τόπον
970 2651 1033 2679 ἐπέ-

207 2701 300 2728 χουσι.
325 2693 499 2722 Antimensia
521 2697 596 2723 enim
635 2701 856 2725 consecratarum
889 2705 1035 2725 sacrarum

209 2745 372 2765 mensarum
399 2739 488 2766 locum
512 2740 644 2768 obtinent.
670 2741 752 2770 Unde
784 2742 957 2770 concludit:
984 2741 1034 2769 Καὶ

207 2778 271 2812 ἔνθα
298 2780 351 2809 sici
377 2782 514 2819 γνώριμοι
544 2784 743 2821 καθιερωμέναι
762 2808 769 2820 ,
798 2785 829 2812 οὐ
858 2786 939 2824 χρεία
959 2786 1035 2814 ἀντι-

208 2828 320 2858 μινσῑων
341 2826 407 2855 ἐκεῖ,
428 2829 462 2856 Ει
484 2829 532 2856 ubi
552 2835 721 2865 perspectum
745 2833 784 2859 est
809 2840 874 2860 ara:
899 2840 956 2860 esse
975 2841 1038 2860 con-

208 2873 337 2907 secratas,
352 2880 420 2908 opus
443 2873 620 2901 antimemiis
657 2883 714 2903 non
742 2878 782 2903 est
815 2875 867 2904 ibi.
893 2876 982 2904 Addit
1010 2879 1040 2904 et

210 2911 290 2943 aliud
315 2917 520 2947 testimonium
553 2918 712 2955 Nicephori
748 2920 945 2956 Homologetis
979 2921 1041 2949 sive

1077 1702 1142 1728 ratu
1159 1701 1253 1728 oculis
1267 1701 1395 1729 ﬁdelium
1413 1702 1562 1738 proposito
1572 1702 1645 1730 duos
1657 1701 1781 1729 indicari
1795 1700 1913 1730 Christi

1074 1745 1318 1780 status,jucentis
1331 1746 1359 1773 in
1375 1746 1509 1782 sepulcro
1526 1748 1554 1774 et
1570 1746 1795 1774 resurrectionis
1811 1745 1914 1782 gloria

1075 1790 1222 1824 conspicui
1235 1792 1375 1825 tanquam
1384 1791 1413 1818 in
1423 1791 1539 1819 throno.
1548 1791 1646 1827 Pergit
1654 1791 1732 1818 idem
1741 1790 1914 1827 declamas,

1074 1833 1126 1861 Καὶ
1150 1834 1181 1861 τὸ
1208 1835 1254 1870 μὲν
1278 1835 1454 1873 (καταγάρκα)
1480 1834 1550 1863 ἐστὶν
1578 1835 1615 1866 ὡς
1639 1833 1736 1862 σινδὼν
1800 1845 1913 1872 περιει-

1076 1879 1165 1913 Λήοην
1181 1880 1287 1916 νεκρός.
1314 1880 1350 1907 Ac
1370 1883 1513 1908 catasarca
1538 1880 1657 1916 quidem,
1683 1881 1741 1908 sive
1763 1881 1914 1915 corporale

1075 1923 1217 1951 sindaaem
1233 1927 1412 1959 reprwsentut
1433 1933 1487 1959 qua
1501 1926 1627 1952 mortuus
1643 1925 1772 1952 Christus
1795 1925 1912 1953 involu-

1076 1972 1121 1995 tus
1135 1970 1184 1995 est.
1209 1968 1246 1995 Τὸ
1273 1966 1302 1995 δὲ
1331 1968 1367 1998 ὡς
1398 1967 1479 2004 δόξης
1511 1966 1659 2006 περιϐολὴ,
1690 1969 1728 1999 ὡς
1748 1968 1795 1996 καὶ
1820 1968 1835 1997 ὃ
1863 1968 1912 1996 ἐπὶ

1076 2011 1166 2047 τούτῳ
1201 2011 1227 2038 ὲν
1263 2014 1301 2047 τῷ
1338 2012 1456 2044 τίθεσθαι
1492 2012 1618 2051 ἐμφαίνει
1654 2012 1775 2050 ψαλμὸς.
1806 2012 1912 2051 Κύριος

1078 2054 1246 2092 ἕϐασίλευσε,
1272 2056 1374 2093 λέγων,
1408 2057 1570 2095 εὐπρέπειαν
1588 2056 1731 2085 ἐνεδύσατο
1756 2058 1831 2086 Illud
1844 2067 1913 2088 vero

1079 2102 1146 2137 (hoc
1161 2103 1206 2129 est
1231 2101 1447 2138 τραπεζοφόρον)
1475 2104 1505 2130 ut
1524 2103 1620 2138 glorim
1642 2103 1763 2130 amictus
1788 2102 1912 2138 (partim

1079 2146 1126 2173 hic
1143 2146 1225 2173 addit
1237 2146 1272 2173 de
1288 2154 1341 2173 suo
1357 2147 1501 2182 interpres
1518 2147 1616 2175 nescio
1632 2147 1745 2182 quare),
1764 2146 1810 2174 uti
1822 2148 1851 2175 et
1865 2147 1918 2184 qui

1080 2190 1145 2217 dum
1154 2191 1353 2226 superponitur
1367 2192 1488 2226 (sanctis
1514 2192 1622 2227 velum)
1638 2191 1704 2219 cani
1727 2191 1805 2219 solet
1832 2191 1915 2220 Ρωι-

1079 2243 1140 2262 mus
1151 2235 1329 2270 demonstrat,
1342 2236 1451 2263 dicens:
1472 2237 1606 2264 Dominus
1628 2236 1767 2270 regnauit,
1786 2235 1916 2264 decorem

1080 2279 1181 2306 induit.
1200 2282 1346 2307 Hactenus
1361 2280 1633 2308 Thessalonicensis
1650 2288 1656 2313 ;
1674 2288 1709 2307 ex
1723 2280 1836 2316 quibus
1849 2281 1912 2317 ejus

1082 2324 1180 2351 verbis
1205 2326 1325 2359 apparet
1350 2324 1423 2351 nihil
1450 2325 1577 2352 Meursio
1616 2323 1912 2354 Thessalonicean

1085 2368 1244 2402 adversari,
1259 2369 1308 2396 sed
1326 2369 1424 2404 potius
1438 2368 1570 2397 refellere
1592 2369 1690 2405 ipsum
1721 2368 1917 2405 interpretem

1085 2412 1264 2448 Euchologii,
1281 2413 1310 2440 in
1327 2422 1360 2441 eo
1375 2414 1452 2448 quod
1470 2414 1505 2441 ad
1521 2413 1656 2441 ordinem
1672 2413 1794 2442 lotionis
1823 2421 1916 2442 sacra

1086 2465 1205 2489 mensae,
1223 2466 1250 2492 p.
1280 2458 1332 2484 6'27
1347 2455 1553 2496 τραπεζοφόρον
1569 2457 1691 2486 mantile
1711 2458 1804 2486 fuisse
1833 2458 1918 2492 dicit,

1085 2502 1158 2529 illud
1194 2504 1333 2537 praeterea
1364 2502 1546 2530 confundens
1585 2510 1652 2530 cum
1690 2499 1799 2538 ἐνδυ-τῇ,
1835 2502 1919 2539 quod

1087 2546 1129 2574 illi
1147 2546 1318 2582 neutiquam
1335 2548 1543 2579 concesserim,
1555 2546 1612 2575 nisi
1628 2548 1734 2575 testem
1749 2546 1864 2576 laudet.

1125 2600 1156 2638 [P
1171 2600 1233 2636 383)
1250 2599 1357 2637 Ἐνορία
1373 2609 1400 2636 p.
1417 2601 1479 2628 452.
1495 2601 1574 2633 Quas
1585 2609 1639 2629 nos
1652 2600 1739 2629 hodie
1748 2600 1920 2637 vulgodim-

1089 2653 1170 2673 ceses
1198 2653 1347 2678 vocamus,
1378 2644 1482 2682 ἒνορίας
1511 2645 1603 2673 Grzsci
1631 2645 1745 2678 dicunt,
1783 2645 1922 2682 regiones

1090 2688 1220 2724 episcopi
1236 2690 1381 2724 cujusque
1402 2690 1506 2717 ditioni
1539 2698 1571 2718 ac
1599 2690 1738 2726 potestati
1763 2689 1920 2718 ordinaria

1091 2733 1207 2769 proprie
1223 2734 1372 2769 subjectae
1392 2742 1398 2768 ;
1415 2743 1484 2762 nam
1497 2734 1632 2763 dioecesis
1640 2734 1816 2763 vocabulum
1831 2733 1924 2764 latins

1092 2777 1163 2806 olim
1180 2778 1307 2814 patebat.

1129 2830 1352 2868 Ἐξαυτωρειανοί
1382 2841 1411 2868 p.
1441 2833 1476 2860 66
1512 2832 1584 2868 Πρὸς
1614 2831 1662 2868 μὶν
1689 2833 1745 2859 τῶν
1789 2831 1927 2870 Egnati)-

1096 2877 1209 2913 ριιανῶν
1239 2874 1424 2913 πατριάρχην.
1454 2877 1511 2905 Hoc
1537 2879 1582 2905 est
1609 2876 1782 2906 Arsaniam.
1800 2877 1927 2913 patriar-

1095 2920 1191 2948 cham.
1210 2920 1256 2948 Sic
1272 2921 1329 2949 duo
1346 2921 1443 2955 codd.,
1468 2919 1609 2949 Vaticano
1638 2921 1804 2956 omittente,
1821 2924 1855 2950 nt
1878 2928 1926 2949 so-
