4072 6394
322 502 460 561 1021

1794 503 2277 562 GLOSSARIUM.

3604 497 3745 553 1022

322 628 407 685 let
435 628 497 684 in
537 626 827 685 obscuris.
878 625 1187 682 Manifesta
1216 625 1312 682 hic
1345 627 1704 681 memoratur
1733 624 1978 697 patriar-
2008 627 2064 694 Α
2162 626 2416 702 Ἐπιχειν
2450 646 2506 701 p.
2556 630 2683 686 256.
2720 630 2966 685 Videtur
3011 628 3121 683 hoc
3154 626 3281 682 loco
3328 620 3547 697 ἐπέχειν
3599 636 3743 677 nove

328 720 439 775 cha
455 719 694 791 quidem
708 716 1242 773 Exautoriaoerum
1260 716 1581 772 distinctus
1604 732 1638 771 a
1659 714 1995 787 patriarcha

330 807 681 879 simpliciter
733 811 789 862 et
831 805 949 859 κατ’
976 804 1181 879 ἐξοχὴν
1233 807 1316 861 sic
1367 805 1541 861 dicto.
1591 803 1997 860 Exauctoriani

331 898 432 969 qui
488 896 846 961 dicerentur,
897 894 1194 967 suSpicari
1230 893 1366 948 licet
1402 909 1469 948 ex
1521 894 1613 948 his
1641 910 1767 964 quae
1816 892 1996 947 tradit

332 987 634 1043 Meursius
672 986 849 1041 verbo
903 982 1251 1057 ἑξαυτωρεία,
1302 982 1400 1038 ubi
1455 984 1625 1038 docet
1688 999 1753 1037 ex
1814 982 1997 1039 Suida

332 1073 686 1150 ἐξαυτωρείαν
767 1074 883 1129 dici
950 1071 1256 1146 ἐλευθερίαν
1335 1070 1441 1126 ἀπὸ
1518 1070 1796 1146 στρατείας
1869 1073 1996 1126 mis-

331 1167 549 1221 sionem
595 1182 631 1219 a
660 1164 893 1219 militia.
949 1163 1112 1226 Quod
1148 1167 1205 1217 et
1252 1161 1449 1217 innuit
1496 1162 1602 1217 Leo
1646 1161 1704 1215 in
1746 1160 1994 1216 Tacticis

336 1253 530 1309 Const.
562 1254 656 1317 20,
704 1252 991 1307 militares
1025 1250 1293 1306 dividens
1325 1250 1383 1305 in
1416 1252 1531 1305 duo
1572 1266 1807 1321 genera.
1839 1249 1994 1302 Ὅσοι

338 1346 435 1396 τοῦ
466 1344 697 1415 στρατοῦ
752 1340 876 1408 εἶσι,
922 1342 1004 1395 ait
1049 1338 1138 1393 καὶ
1182 1338 1302 1393 ὅσοι
1345 1345 1445 1407 τῆς
1496 1335 1802 1413 λεγομένης
1845 1336 1994 1408 ἐξαυ-

340 1429 591 1504 τωρείας.
646 1430 789 1486 Hinc
848 1428 1112 1485 videlicet
1161 1424 1570 1501 ἐξαυτωρειανοί
1639 1428 1995 1483 vocabantur

341 1522 443 1593 qui
474 1518 701 1577 emeriti
736 1523 837 1575 aut
867 1517 999 1573 aliis
1046 1518 1274 1574 idoneis
1305 1517 1502 1573 causis
1534 1516 1795 1590 legitime
1826 1515 1993 1571 missi

339 1629 373 1667 a
405 1611 618 1666 militia
650 1608 907 1664 militum
942 1608 1261 1679 privilegiis
1292 1608 1648 1679 gaudebant.
1683 1609 1838 1661 Inter
1868 1622 1995 1677 qum

339 1700 631 1773 suspicari
680 1699 816 1754 licet
866 1702 924 1753 et
972 1697 1083 1753 hoc
1136 1697 1340 1763 fuisse,
1396 1701 1462 1751 ut
1516 1696 1704 1751 ubivis
1735 1698 1997 1767 agerent,

340 1807 456 1847 non
490 1807 525 1845 a
548 1790 661 1845 loci
693 1789 990 1861 episcopo,
1025 1787 1127 1842 sed
1160 1804 1192 1841 a
1228 1785 1561 1856 patriarcha
1592 1785 1648 1839 in
1684 1785 1839 1841 560
1874 1782 1995 1856 spi-

343 1878 655 1935 ritualibus
705 1878 1045 1949 penderent.
1098 1875 1290 1939 Quare
1340 1879 1551 1945 praete
1586 1874 1883 1928 habebant
1912 1873 1999 1927 vi-

2104 718 2363 787 positum
2415 735 2518 791 pro
2547 736 2794 775 coercere
2822 723 2874 774 et
2901 719 3175 786 castigare
3223 715 3402 771 verbis
3433 713 3617 784 aspire
3644 709 3756 765 ati-

2102 822 2282 878 quem.
2370 807 2514 863 Vide
2568 826 2735 865 veces
2806 803 3163 880 ἀναδέχεσθαι
3223 810 3281 860 et
3359 797 3753 872 πνευματικός.

2100 914 2237 952 nam
2268 913 2334 952 ex
2360 898 2439 953 ibi
2462 899 2635 953 dictis
2659 899 2879 970 patebit
2903 897 3046 953 ratio
3066 891 3568 966 interpretationis
3592 906 3753 945 meta.

2168 990 2235 1057 [P
2291 987 2421 1061 384]
2483 990 2794 1043 Ἐπευκτεῖν
2858 1005 2914 1059 p.
2965 986 3091 1041 288.
3146 985 3298 1055 Lego
3350 982 3446 1037 hic
3491 978 3753 1047 ἐπευκτη-

2103 1075 2333 1148 σάμενος
2408 1094 2442 1133 ι
2510 1079 2686 1133 Verbo
2766 1075 3039 1129 ἐπευκτεῖν
3121 1073 3265 1129 satis
3332 1071 3621 1126 inusitato
3690 1066 3754 1122 ill

2101 1167 2363 1237 quidem,
2399 1184 2514 1222 non
2545 1171 2744 1222 tamen
2778 1165 3132 1221 abhorrente
3163 1179 3195 1217 a
3226 1159 3372 1233 style
3404 1159 3585 1229 hujus
3618 1156 3757 1213 scri-

2101 1256 2284 1326 ptoris
2316 1255 2654 1327 antiquarii,
2701 1255 2748 1311 si
2782 1256 2917 1326 quis
2958 1251 3133 1321 alios,
3173 1255 3232 1306 et
3274 1247 3533 1304 fastidire
3562 1246 3751 1313 obvia,

2101 1344 2310 1399 sectari
2345 1344 2471 1399 avia
2504 1343 2860 1417 palmarium
2904 1340 3188 1414 putantis.
3240 1339 3406 1394 Forte
3441 1337 3498 1391 in
3531 1335 3754 1407 legerat

2101 1433 2254 1503 apud
2290 1433 2440 1489 LXX
2478 1432 2686 1488 Jerem.
2721 1450 2817 1499 xx,
2850 1429 3083 1498 ἐπευκτὴ
3132 1427 3334 1503 ἡμέρα,
3382 1426 3495 1482 hoc
3542 1428 3653 1489 est,
3688 1426 3755 1478 ut

2103 1522 2423 1595 Hesychius
2466 1522 2906 1594 interpretatur,
2971 1517 3310 1590 ἐπιθυμητή,
3384 1520 3450 1572 ut
3513 1511 3751 1581 Suidas,

2098 1607 2268 1685 εὒχῆς
2296 1610 2432 1681 ἀξία.
2467 1612 2620 1668 Satis
2650 1606 2759 1667 hoc
2791 1610 2873 1665 illi
2908 1608 3278 1665 fundamenti
3310 1605 3486 1661 fuerit
3517 1604 3588 1659 ad
3614 1618 3750 1656 ver-

2103 1701 2240 1755 bum
2272 1698 2546 1754 ἐπευκτεῖν
2595 1699 3026 1764 fabricandum,
3060 1703 3125 1753 ut
3155 1695 3270 1752 alia
3299 1693 3523 1766 passim
3568 1692 3756 1745 multa

2100 1790 2238 1845 Nam
2273 1792 2412 1863 quid
2443 1790 2559 1862 :hio
2585 1789 2770 1855 aliud,
2805 1790 2960 1859 quod
2992 1788 3064 1843 ad
3115 1803 3234 1841 rem
3270 1783 3464 1849 faciat,
3516 1777 3755 1835 commi-

2107 1879 2451 1934 niscamur?
2497 1879 2683 1934 Codex
2730 1878 2879 1935 561
2934 1875 3290 1932 Barberinus
3342 1871 3520 1926 habet
3563 1865 3754 1921 ἐπαικ-

342 1968 568 2024 carium
600 1966 965 2039 patriarchas,
1009 1965 1080 2019 ad
1114 1980 1289 2035 quem
1322 1963 1420 2019 ille
1453 1964 1698 2018 absente
1732 1978 1991 2018 recurre-

2116 1966 2440 2040 εησάμενος,
2491 1967 2819 2024 Allatiauus
2872 1963 3307 2035 ἐπικτησάμενος
3334 2004 3348 2030 ,
3392 1958 3710 2015 Vaticanus
3739 1998 3752 2023 ,

341 2062 492 2112 rent.
542 2056 689 2122 Quia
716 2071 851 2110 vero
902 2054 1000 2110 ubi
1033 2058 1158 2109 erat
1202 2054 1544 2125 imperator,
1593 2056 1658 2107 ut
1706 2057 1847 2107 tunc
1882 2056 1996 2106 Ma-

341 2144 578 2219 gnesia,
615 2161 868 2217 magnus
900 2148 1027 2199 erat
1056 2144 1570 2199 exautorianorum
1601 2158 1907 2205 numerus,
1941 2144 1999 2195 et

342 2251 475 2291 cum
503 2233 621 2290 illis
654 2233 1099 2306 prepatriarcha
1130 2232 1404 2304 proprius
1434 2230 1720 2301 ipsorum,
1743 2231 1812 2285 ad
1838 2230 1997 2287 hunc

342 2324 683 2395 congregati
718 2339 985 2395 proceres
1014 2321 1258 2376 mittunt
1289 2325 1353 2375 ut
1382 2318 1801 2391 patriarcham,
1827 2321 1999 2390 cujus

344 2418 469 2470 erat
496 2413 773 2478 vicarius,
806 2416 1128 2468 accerseret
1156 2410 1369 2479 Nicaea,
1402 2410 1553 2480 quod
1586 2409 1714 2480 ejus
1737 2425 1913 2480 epera
1942 2412 1999 2463 et

347 2504 693 2559 auctoritate
727 2502 1028 2573 praesentis
1061 2517 1153 2556 res
1186 2502 1255 2554 ale
1276 2516 1392 2570 qua
1415 2500 1776 2554 tractabatur
1807 2503 1999 2567 egeret

348 2599 481 2649 Haec
512 2592 875 2665 opinababar
905 2592 960 2645 in
996 2591 1121 2645 loco
1158 2590 1450 2660 perplexo,
1483 2589 1668 2641 donec
1702 2587 1797 2657 qui
1826 2588 1836 2640 l
1874 2602 1996 2641 cer-

350 2683 467 2737 tius
498 2682 771 2747 occurrit,
824 2697 937 2735 non
971 2679 1239 2734 nesciens
1290 2684 1487 2731 tamen
1524 2690 1643 2748 post
1699 2682 1930 2747 captam
1966 2695 1999 2729 a

350 2770 569 2826 Latinis
600 2767 1171 2838 Constantinopolim
1218 2773 1275 2821 et
1307 2770 1553 2821 mortem
1604 2765 1849 2820 Joannis
1893 2764 1997 2819 Ca-

354 2859 580 2925 materi,
615 2859 725 2914 sub
758 2875 873 2928 quo
908 2856 1237 2929 patriarcha
1259 2855 1438 2911 Grmci
1472 2871 1541 2909 ex
1570 2871 1638 2909 ea
1668 2854 1809 2907 urbe
1842 2852 1998 2925 pulsi

353 2966 454 3020 per
493 2948 733 3003 Latinos
764 2952 924 3010 sunt,
976 2945 1225 3000 electum
1263 2944 1334 2999 ab
1384 2942 1593 2997 iisdem
1647 2942 1863 2998 Graecis
1894 2941 1999 2995 im-

354 3038 493 3109 perii
525 3038 725 3093 sedem
773 3036 975 3091 Nicaeae
1008 3034 1364 3089 habentibus
1410 3031 1797 3103 patriarcham
1831 3030 1999 3085 titulo

352 3125 741 3182 nihilominus
766 3122 1511 3195 Constantinepolitanum,
1546 3121 1645 3191 qui
1679 3121 1861 3175 sacris
1885 3136 2000 3192 pm

347 3214 580 3285 sideret,
605 3214 948 3270 Michaelem
974 3212 1418 3276 Aucterianum,
1439 3226 1613 3281 quem
1645 3209 1741 3264 alii
1767 3209 2002 3264 Sauria-

348 3322 487 3360 num
535 3312 741 3360 vocant
792 3323 806 3371 ;
859 3303 1003 3373 quin
1061 3301 1238 3357 etiam
1288 3299 1597 3355 Arsenium
1649 3298 1758 3353 hoc
1807 3297 1997 3369 capite

356 3399 772 3461 memoratum,
806 3391 906 3463 qui
955 3408 987 3445 a
1017 3389 1302 3446 Michaelo
1351 3390 1673 3445 Autoriano
1704 3387 1994 3459 septimus

353 3484 616 3539 eumdem
643 3480 1319 3555 patriarchalemrNicaaae
1345 3479 1544 3534 sedem
1569 3480 1760 3533 tenuit
1780 3476 2006 3547 reperio

356 3572 751 3628 Autorianum
803 3586 1037 3641 quoque
1086 3568 1311 3623 dictum
1341 3608 1354 3622 .
1402 3568 1512 3621 Sed
1565 3567 1704 3638 quid
1752 3566 1873 3620 hmo
1934 3565 2005 3620 ad

357 3661 705 3736 πατόιάρχην
756 3658 1249 3732 Ἐξαυτωρειανῶν,
1297 3657 1367 3711 de
1416 3672 1530 3726 quo
1578 3654 1675 3709 hic
1722 3654 1939 3709 mentio
1981 3653 2009 3707 ?

360 3752 739 3823 quaerendum
783 3749 967 3821 igitur
1013 3746 1290 3818 amplius,
1340 3744 1454 3799 nisi
1488 3745 1621 3816 quis
1660 3744 2011 3813 conjecturas

360 3858 393 3897 a
425 3857 519 3896 me
551 3839 713 3910 prius
747 3837 1063 3910 propositae
1094 3834 1591 3907 acquiescendum
1626 3837 1794 3905 puter
1824 3833 1922 3903 (a).

427 3926 785 3986 Ἐπαλαστέω
873 3944 930 3999 p.
1011 3926 1143 3980 298.
1230 3923 1359 3979 Οἴον
1430 3919 1619 3975 ἑαυτὸν
1698 3916 2012 3989 ἐπαλαστή-

358 4038 474 4081 σας.
528 4016 746 4090 Repelii
781 4020 836 4071 et
869 4015 908 4070 l.
958 4032 1011 4081 v,
1046 4030 1097 4071 c.
1131 4014 1186 4069 6.
1236 4012 1363 4068 Non
1398 4011 1565 4083 posui
1621 4011 1727 4066 hoc
1766 4011 2009 4065 verbum

358 4109 417 4164 in
452 4108 560 4164 hoc
593 4105 854 4177 catalogo
890 4108 952 4159 ut
989 4104 1264 4159 lectorem
1300 4102 1565 4157 decerem
1598 4101 1737 4172 quid
1770 4099 2009 4167 valeret,

357 4198 609 4270 (conﬁdo
654 4195 810 4251 enim
853 4195 908 4249 id
945 4194 1143 4265 ipsum
1177 4208 1246 4248 ex
1292 4191 1523 4246 Homeri
1571 4189 1820 4245 lectione
1860 4189 2010 4244 didi-

360 4288 536 4351 cisse,
568 4284 725 4356 apud
777 4299 949 4355 quem
982 4277 1203 4351 Ὀδυσσ,
1238 4300 1292 4347 α,
1320 4298 1375 4335 v.
1422 4280 1534 4333 252
1562 4278 1787 4350 legerit.
1817 4276 1924 4332 Τὸν
1966 4272 2012 4329 δ’

359 4374 784 4443 ἐπαλαστήσασα
813 4369 1102 4446 προσηύδα
1146 4366 1371 4430 Παλλὰς
1418 4368 1648 4438 Ἀθήνη.
1692 4369 1799 4424 Ubi
1834 4367 2001 4439 Didy-

362 4483 497 4523 mus
528 4465 784 4537 exponit,
836 4460 925 4516 ἐπὶ
977 4465 1093 4521 τοῖς
1134 4456 1437 4533 λεχθεῖσιν,
1489 4457 1564 4519 ὡς
1614 4455 1873 4519 ἀλαστοῖς
1921 4454 2012 4510 καὶ

362 4552 564 4616 δεινοῖς
611 4550 727 4607 οὖσι
774 4595 788 4621 ,
842 4548 1331 4621 δεινοπαθήσασα),
1379 4550 1480 4604 sed
1533 4553 1598 4603 ut
1661 4549 2012 4604 admoneam

362 4647 434 4702 de
473 4644 645 4718 genio
680 4640 1075 4715 Pachymeris,
1109 4656 1282 4711 quem
1317 4638 1571 4693 delectat
1594 4638 1771 4693 verba
1798 4639 1886 4692 vel
1920 4652 2014 4692 se-

2105 2063 2168 2113 ut
2201 2058 2257 2113 in
2291 2058 2588 2114 similibus
2621 2057 2791 2126 solet,
2843 2073 2946 2128 pro
2977 2072 3044 2110 eo
3092 2054 3245 2125 quod
3279 2067 3395 2107 non
3443 2046 3752 2110 intellexit,

2103 2147 2218 2201 alia
2265 2146 2465 2202 omnia
2520 2163 2626 2201 nec
2677 2143 2979 2201 sententias
3030 2146 3423 2198 consentanea
3471 2135 3755 2205 subjecit.

2101 2236 2477 2291 Manifestum
2533 2244 2727 2291 autem
2777 2240 2867 2289 est
2915 2237 3187 2288 neutram
3250 2229 3490 2284 illarum
3546 2237 3757 2279 vocum

2102 2326 2218 2381 huc
2249 2326 2562 2397 quadrare,
2586 2324 2703 2379 Nec
2725 2322 2885 2379 aliud
2909 2320 3167 2377 occurrit
3188 2318 3347 2391 quod
3398 2317 3469 2372 ad
3500 2318 3758 2369 mentem

2103 2414 2361 2471 auctoris
2398 2413 2786 2470 tolerabiliter
2832 2428 2892 2468 se
2913 2408 3341 2478 accommodet,
3379 2419 3555 2476 quam
3610 2399 3763 2454 ἐπευ-

2099 2522 2200 2571 κτη
2213 2504 2461 2574 σάμενος.

2175 2588 2473 2656 Ἐπίδοσις,
2535 2609 2592 2663 p.
2651 2592 2779 2645 286.
2850 2588 3000 2644 Κατά
3052 2585 3215 2660 λόγον
3284 2578 3603 2640 ἐπιδόσεως.
3673 2578 3763 2634 Si-

2103 2685 2345 2755 gniﬁcat
2388 2699 2501 2737 non
2535 2682 2899 2737 ordinarium
2935 2684 2993 2734 et
3022 2677 3328 2750 proprium
3365 2672 3550 2728 fuisse
3602 2671 3761 2724 hunc

2102 2771 2511 2828 Proconnesius
2534 2769 2796 2825 ecclesias
2824 2773 3144 2841 pastorem,
3174 2765 3274 2820 sed
3305 2764 3414 2818 hoc
3448 2762 3507 2815 in
3539 2776 3604 2815 ea
3628 2776 3763 2830 pro-

2104 2868 2368 2933 tempore
2416 2860 2675 2916 ofﬁcium
2708 2858 3038 2914 exercuisse
3069 2874 3133 2911 ex
3194 2851 3611 2909 commissione
3660 2851 3764 2903 aut

2106 2951 2495 3023 delegatione,
2539 2954 2601 3003 ut
2659 2948 3002 3018 loquuntur,
3064 2943 3327 3016 precario
3386 2946 3446 2996 ct
3520 2954 3761 2993 conces-

2106 3042 2290 3108 sione,
2341 3057 2468 3111 quae
2517 3039 2613 3093 hic
2663 3033 2910 3097 ἐπίδοσις
2960 3040 3238 3101 vocatur;
3297 3031 3384 3086 uti
3420 3033 3476 3085 et
3521 3045 3578 3099 ι).
3631 3027 3759 3091 360,

2107 3130 2208 3185 ubi
2245 3131 2315 3184 de
2346 3129 2600 3201 quodam
2636 3127 2842 3183 Latino
2865 3126 3135 3196 episcopo
3168 3121 3463 3193 quondam
3499 3120 3763 3201 Crotona;

2109 3217 2411 3285 scribitur,
2458 3215 2717 3270 voluisse
2761 3213 3175 3285 imperatorem
3207 3205 3296 3261 καὶ
3342 3202 3632 3272 ἐκκλησίαν
3685 3197 3764 3255 δι-

2111 3303 2261 3359 δόναι
2320 3305 2373 3358 o't
2427 3309 2507 3377 τῷ
2566 3303 2724 3377 λόγῳ
2785 3309 2886 3371 τῆς
2947 3297 3241 3359 ἐπιδόσεως
3297 3296 3371 3356 ὡς
3431 3290 3766 3367 σχολάζοντι

2115 3402 2213 3466 τῆς
2258 3393 2545 3469 λαχούσης
2582 3395 2971 3450 commendare
3018 3390 3126 3462 ipsi
3170 3385 3464 3444 ecclesiam
3510 3382 3763 3439 admini-

2115 3486 2404 3542 strandam
2454 3502 2523 3541 ex
2569 3485 2942 3552 delegatione,
2993 3496 3103 3536 non
3150 3476 3445 3534 ordinaria
3486 3474 3764 3545 potestate,

2114 3576 2315 3631 cumis
2357 3574 2602 3631 ecclesia:
2631 3589 2797 3645 quam
2845 3571 3061 3626 dudum
3111 3569 3294 3640 fuerat
3339 3563 3587 3628 sortitus,
3620 3577 3759 3615 cura

2108 3669 2234 3737 jam
2260 3666 2496 3719 vacaret.

2190 3751 2537 3822 Ἐπικόμπια
2594 3769 2649 3821 p.
2712 3750 2848 3807 294.
2905 3751 2992 3804 Ita
3043 3747 3180 3803 cod.
3242 3744 3415 3800 Allat.
3454 3783 3468 3807 ,
3529 3756 3598 3794 ex
3655 3756 3770 3810 quo

2118 3841 2317 3915 putavi
2350 3840 2763 3911 corrigendum
2812 3838 3076 3901 Barber.,
3126 3836 3226 3907 qui
3285 3825 3578 3905 ἐπιγκὸπια
3610 3828 3773 3883 exhi-

2120 3931 2235 3985 bet.
2284 3927 2477 3994 Vatic,
2510 3926 2663 3981 clare
2708 3924 3006 3980 Allatiano
3035 3921 3351 3978 consentit.
3386 3922 3531 3973 Sunt
3571 3921 3770 3972 autem

2119 4011 2425 4085 ἐπικόμπια
2473 4029 2543 4068 ea
2590 4029 2714 4083 quae
2768 4011 2842 4067 ab
2889 4010 3025 4066 aliis
3097 4000 3435 4080 ἐπικόμϐρια
3490 4007 3776 4059 vocantur

2122 4121 2155 4159 a
2188 4102 2438 4159 Meursio
2486 4099 2743 4155 laudatis
2774 4114 2841 4155 eo
2870 4100 3069 4164 verbo,
3099 4113 3308 4168 nempe
3344 4091 3642 4150 sudariola
3671 4093 3775 4144 aut

2121 4192 2276 4247 linea
2326 4193 2650 4262 segmenta,
2700 4204 2829 4260 qua;
2880 4186 3079 4257 ligatis
3127 4185 3290 4240 intus
3334 4186 3492 4239 certe
3523 4194 3772 4234 numero

2122 4279 2451 4337 nummulis
2495 4278 2753 4334 materias
2787 4278 3027 4332 diversas
3059 4276 3117 4330 in
3165 4274 3395 4343 plebem
3446 4270 3773 4325 confertam

2113 4370 2490 4443 jaciebantur
2538 4366 3017 4423 solemnitatibus
3056 4363 3252 4420 certis.
3283 4362 3374 4417 Je.
3425 4362 3774 4415 Cantacuze-

2123 4477 2258 4527 nus,
2320 4458 2359 4515 l.
2414 4476 2454 4526 1,
2504 4474 2553 4513 ο.
2604 4457 2695 4523 41,
2729 4474 2786 4529 p.
2840 4457 2943 4511 125
2990 4456 3082 4510 ed.
3128 4457 3268 4524 Reg.
3318 4451 3400 4522 Τῇ
3428 4446 3611 4519 ἡμέρᾳ
3651 4443 3775 4507 καθ’

2121 4548 2184 4616 ἣν
2243 4547 2271 4601 ὁ
2324 4542 2581 4621 βασιλεὺς
2618 4542 2860 4618 χρισθεὶς
2905 4540 3063 4613 ἔξεισι
3095 4545 3196 4596 τοῦ
3246 4542 3401 4605 ναοῦ,
3452 4534 3599 4609 παρά
3627 4551 3775 4592 τινος

2121 4639 2231 4690 τῶν
2286 4618 2692 4709 σογκλητικῶν,
2740 4632 2800 4687 ’ὃν
2856 4628 2915 4685 ἂν
2977 4627 3231 4707 βασιλεὺς
3287 4625 3489 4691 ἐθέλοι,
3552 4620 3625 4682 εἷς
3682 4618 3775 4674 τὸν

362 4736 479 4790 mel
514 4738 820 4805 poetarum
854 4730 1114 4801 cuipiam
1158 4732 1424 4783 veterum
1475 4731 1758 4797 usurpata
1787 4728 1846 4781 in
1878 4742 2002 4781 ora-

2122 4722 2301 4797 δῆμον
2368 4708 2663 4799 γρίπτονται
2726 4723 2757 4776 ἂ
2810 4718 3061 4796 λέγουσιν
3120 4711 3517 4805 ἐπικόμϐριαί
3559 4708 3779 4805 δύναται

358 4824 525 4879 tione
555 4839 662 4877 sua
719 4836 934 4893 ponere
975 4839 989 4888 ;
1044 4834 1173 4888 quae
1222 4834 1340 4872 una
1388 4832 1457 4871 ex
1498 4810 1704 4871 hausis
1748 4818 1841 4871 est
1882 4815 2012 4885 ejus

362 4910 767 4969 obscuritatis.
817 4908 925 4964 Sed
977 4912 1033 4963 et
1062 4907 1171 4962 hoc
1219 4909 1429 4976 praeter
1480 4904 1711 4959 Homeri
1761 4903 2014 4959 auctori-

368 5005 545 5058 tatem
579 5004 771 5065 novat,
807 5002 871 5053 ut
900 4997 1146 5053 verbum
1189 4996 1344 5067 apud
1381 4993 1546 5049 illum
1580 4998 1856 5049 neutrum
1888 4992 2017 5063 ipse

364 5091 618 5148 activum
705 5089 905 5158 faciat,
987 5087 1113 5143 Non
1201 5086 1358 5141 enim
1444 5084 1639 5153 ἑαυτὴν
1703 5079 2013 5152 ἐπαλαστήο

364 5196 501 5230 σασα
542 5182 829 5267 Homerus
860 5177 1060 5247 posuit
1108 5177 1177 5229 ut
1207 5172 1653 5267 Nosterxﬁtesi
1686 5171 1788 5243 qui
1832 5172 1891 5226 id
1925 5186 2013 5225 re-

360 5267 496 5333 fert,
556 5265 805 5337 simplex
863 5279 1099 5336 quoque
1156 5263 1336 5333 hujus
1369 5303 1384 5329 ,
1441 5256 1797 5329 ἀλῖἱᾶῖτήσας,
1858 5260 2013 5315 idem

362 5355 637 5429 princeps
690 5360 997 5426 poetarum
1051 5351 1318 5408 absolute
1348 5351 1477 5407 sine
1509 5349 1792 5427 regimine
1842 5365 2019 5405 casus

363 5444 563 5517 posuit
594 5443 764 5500 Iliad.
802 5464 860 5514 μ,
896 5460 947 5497 ν.
998 5444 1121 5509 165,
1155 5442 1253 5496 ubi
1304 5439 1455 5501 ἅσιος
1497 5436 1836 5513 Ὑρτακίδης.
1882 5482 1894 5495 .
1941 5481 1955 5495 .
2003 5481 2018 5497 .

360 5532 676 5603 ἀλαστήσας
729 5526 858 5593 ἔπος
893 5526 1054 5601 ηὔδα,
1090 5548 1206 5587 non
1248 5536 1443 5586 autem
1477 5528 1661 5583 ἑαυτὸν
1708 5526 2020 5597 ἀλαστήσας

362 5627 431 5678 ut
459 5622 553 5678 hic
586 5621 831 5679 Michael
866 5621 1229 5693 Palaselogus
1261 5637 1297 5676 a
1328 5615 2021 5692 Pachymereinducitur.

2122 4795 2397 4869 δὲντοῦτο
2454 4808 2800 4885 ἀποδὲσμους
2853 4795 3001 4872 τινὰς
3056 4808 3108 4864 ἐν
3155 4807 3383 4872 ὀθονίων
3406 4804 3660 4875 τμήμασι
3693 4795 3781 4852 δε-

2123 4902 2435 4978 δεμένους,
2514 4899 2665 4957 ἔνδον
2736 4898 2970 4975 ἔχοντας
3046 4898 3366 4970 νομίσματα
3434 4894 3613 4968 χρυσᾶ
3668 4891 3779 4978 τῶν

2128 4974 2427 5071 βασιλικῶν
2490 4990 2617 5068 τρία
2685 4974 2805 5046 xuii
2852 4988 2901 5063 ἐξ
2978 4987 3216 5063 ἀργύρου
3287 4986 3531 5071 τοσαῦτα
3594 4980 3630 5049 ἢ
3690 4974 3782 5032 καὶ

2126 5070 2328 5154 πλείω,
2360 5080 2451 5136 καὶ
2486 5075 2724 5143 ὀϐολοὺς
2767 5080 2871 5134 ἀπὸ
2904 5076 3119 5153 χαλκοῦ
3167 5073 3482 5135 τοσούτους.
3516 5070 3636 5127 Hoc
3694 5070 3785 5122 est

2130 5190 2200 5229 ex
2250 5172 2515 5229 versione
2577 5171 2822 5226 Pontani
2882 5168 3115 5224 nostri:
3167 5168 3265 5222 Die
3323 5179 3428 5235 quo
3482 5162 3784 5233 imperator

2129 5266 2325 5318 unctus
2383 5260 2645 5331 atemplo
2703 5258 2841 5326 exit,
2901 5258 2969 5313 ab
3021 5256 3213 5329 aliquo
3243 5256 3359 5327 ejus
3405 5251 3778 5324 Optimatium,

2130 5368 2261 5423 qum
2307 5349 2377 5405 ad
2431 5349 2530 5404 hoc
2576 5346 2820 5419 elegerit,
2880 5350 2940 5402 in
2988 5347 3253 5418 populum
3318 5345 3603 5411 iaciuntur
3660 5352 3780 5410 qua

2131 5442 2325 5495 vocant
2370 5436 2698 5509 epieombia.
2746 5436 2896 5491 Sunt
2943 5446 3130 5491 autem
3174 5432 3441 5507 fasciculi
3485 5427 3781 5499 segmenti:

2134 5528 2319 5584 linteis
2342 5528 2570 5600 illigata
2616 5526 2873 5583 habentes
2903 5525 3246 5581 numismata
3276 5538 3449 5580 aurea
3476 5524 3779 5590 imperata-

2133 5620 2228 5674 ria
2255 5619 2388 5682 tria,
2418 5616 2645 5673 totidem
2672 5625 2930 5688 argentea
2962 5624 3059 5673 aut
3102 5617 3291 5688 plura.
3320 5621 3372 5669 et
3399 5610 3582 5668 obolos
3608 5620 3780 5663 aereos

429 5785 499 5845 (a)
531 5782 630 5853 Hic
649 5784 801 5853 locus
831 5781 967 5853 citra
996 5794 1211 5853 causam
1246 5780 1680 5853 nimis-turbavit
1710 5779 1984 5853 hominem
2013 5778 2435 5853 doctum‘h'uau‘i‘
2458 5778 2503 5827 si
2535 5777 2904 5852 ἐξαυτωρειανοί
2929 5776 3489 5853 dividas,"scribasque
3520 5772 3780 5853 έξΑΔύτιξδτ

368 5834 569 5912 protexit,
595 5845 691 5911 qui
718 5860 785 5896 ea:
814 5843 1222 5894 Autorianorum
1250 5843 1461 5905 familia
1492 5838 1867 5903 erantromnis
1902 5847 2188 5893 evanescat
2212 5834 2504 5892 difﬁcultas
2526 5834 2827 5892 corruamus
2856 5843 2912 5890 in
2940 5844 3031 5890 not
3058 5838 3132 5889 ad
3161 5834 3537 5888 Iestamerilum
3565 5834 3784 5887 Arsenii
