2036 3200
158 219 228 248 1023

699 221 731 247 Ρ.
751 219 888 247 possm]
905 216 1213 245 OBSERVATIONUM
1232 218 1298 244 LIB.
1319 218 1343 244 Ι.

1798 218 1879 255 ιω

157 282 279 311 totidem.
305 284 372 310 Haec
395 281 455 311 ille.
478 283 520 310 Ex
553 282 662 318 quibus
688 281 782 309 obiter
806 280 911 317 collige
936 288 980 308 cut

1041 289 1083 317 γει
1108 277 1138 307 δὲ
1157 278 1203 306 καὶ
1226 278 1280 307 διπὸ
1305 279 1452 311 ἐλάττονος
1474 281 1560 317 τιμῆς
1574 279 1612 312 εἴς
1637 279 1760 318 μείζονα,
1776 272 1876 317 δηλαν

159 327 224 355 auri
247 335 305 354 non
321 327 373 354 fiat
389 327 417 354 in
441 329 541 355 nostro
567 326 795 363 Pachymeriano
821 325 885 353 loco
901 332 982 352 men-

160 371 213 404 tio,
230 371 280 399 sed
297 373 504 407 argenteorum
520 372 663 399 duntaxat
678 378 879 406 aerearumque
895 377 985 397 num-

160 416 322 443 mulorum.
344 416 430 444 Aurei
445 416 557 444 scilicet
581 415 696 443 nummi
710 415 916 451 largitionibus
929 413 984 441 im-

159 462 328 496 peratorum
345 469 433 488 causa
447 463 477 488 et
498 460 618 488 nomine
635 460 718 488 factis
733 460 960 488 reservabantur
975 467 981 485 ε

159 503 221 532 hac
237 507 335 532 autem
353 505 549 540 patriarchica
563 507 635 541 erat,
651 514 709 533 non
724 504 912 541 imperatoris
927 503 985 540 epi-

159 548 343 576 combiorum
359 549 485 585 sparsio.

199 601 387 639 Ἐπιλυγάζειν
419 613 453 639 p.
484 605 537 631 353
555 625 561 631 .
590 604 631 631 Τὰ
658 603 861 641 ὡμολογημένα
889 601 984 630 ἐπιλυ-

158 647 267 684 γπὶζετο.
298 649 358 676 Duo
388 649 492 676 ultima
520 650 608 677 verba.
635 650 715 677 Vatic
741 650 777 677 de
794 656 873 676 more
897 657 984 684 παρα-

159 690 267 729 φράῖζων
307 693 353 720 his
389 693 453 721 aliis
482 697 676 722 commutat:
711 693 744 720 τᾶ
781 692 985 731 συμπεφωμένα

159 736 367 771 ἐπεσχεπάζειο.
409 738 561 774 Signiﬁcat
602 741 704 766 auctor
743 739 820 766 hunc
855 739 984 774 legatum

160 782 247 809 cralis
264 783 371 809 Serbizn
388 783 591 811 dissimulasse
608 784 635 810 in
655 784 806 811 tractando
824 784 904 819 prius
921 791 986 810 con-

162 829 247 854 venta
268 830 295 854 et
321 827 463 863 stipulata
485 829 562 855 inter
586 829 790 864 imperatorem
815 831 843 855 et
865 827 984 860 eralem,

159 874 256 899 astuto
273 872 323 899 illa
348 872 465 899 silentio
482 872 613 907 legendo,
632 883 666 901 ne
690 873 836 900 mentione
854 873 928 900 facta
949 872 984 899 il-

159 916 255 943 lorum
281 925 314 944 ea
337 919 399 943 rata
427 916 534 944 habere
558 917 716 945 videretur.
742 917 816 953 Αὔγη
840 917 985 952 interpre-

1037 323 1071 359 δὴ
1088 324 1141 352 ἀπὸ
1156 324 1312 352 ἐπισκοπῶν
1339 324 1378 357 εἲς
1404 325 1589 362 μητρόπολιν,
1610 326 1630 360 ἢ
1645 325 1744 363 ἀνδρὸς
1768 326 1875 365 ἀρετὴν

1036 369 1055 403 ἢ
1080 369 1162 397 πόλιν
1188 371 1293 406 τιμῶν,
1321 371 1384 398 Haec
1413 370 1454 398 ibi
1484 371 1610 407 aliaque,
1644 371 1674 399 in
1702 373 1815 408 quibus
1845 373 1877 401 si

1037 414 1083 443 cui
1101 415 1175 442 forte
1190 415 1215 443 is
1232 417 1335 443 auctor
1348 415 1483 443 videatur
1507 418 1684 452 potestatem
1705 417 1761 445 hoc
1776 418 1874 445 verbo

1037 458 1195 488 indicatam
1220 460 1375 488 extendere
1391 459 1481 488 latius
1504 468 1594 496 quam
1611 464 1643 488 ut
1658 462 1752 497 possit
1767 462 1870 490 conti-

1038 504 1100 533 neri
1118 505 1194 533 intra
1219 505 1363 533 terminos
1378 505 1470 533 sacris
1495 505 1660 535 canonibus
1676 509 1705 534 et
1719 506 1874 543 exemplis

1038 549 1267 578 urtbodoxorum
1285 549 1462 586 principium
1478 550 1592 578 dudum
1603 551 1688 585 fixos,
1704 554 1811 587 prtesto
1823 553 1878 579 est

1039 594 1144 622 idonea
1170 595 1199 622 in
1223 595 1404 623 contrarium
1427 595 1580 630 exceptio:
1604 603 1711 631 nempe
1736 596 1877 625 hominis

1038 640 1227 674 schismatici,
1255 641 1368 676 qualem
1386 649 1417 668 se
1438 640 1606 669 Demetrius
1621 642 1668 669 hic
1690 642 1793 670 eodem
1809 642 1876 672 isto

1038 685 1148 721 scripto
1161 686 1257 722 palam
1274 686 1413 719 declarat,
1427 686 1631 715 auctoritatem
1645 687 1718 715 nihil
1733 687 1877 724 legitime

1039 731 1227 766 prmscribere
1242 732 1343 759 contra
1359 730 1521 758 doctrinam
1536 731 1721 759 catholicam.

1074 780 1231 817 Ἐπίσχεσις
1257 789 1285 816 p.
1316 781 1378 808 2‘25.
1405 781 1473 816 Agit
1497 781 1532 808 de
1559 782 1710 809 sacerdote
1739 781 1790 818 qui
1821 783 1875 810 at-

1039 827 1202 852 tentnverat
1224 826 1395 854 benedicere
1416 826 1527 861 nuptiis
1544 826 1606 853 sine
1623 826 1761 854 facultate
1780 826 1876 856 char-

1040 870 1212 906 topbylacis,
1238 871 1284 898 cui
1301 871 1365 898 ideo
1391 871 1420 898 in
1444 880 1560 906 pcenam
1587 871 1743 907 suspensio
1760 881 1777 900 a
1797 872 1875 900 fun-

1041 915 1136 943 ctione
1168 916 1324 943 sacerdotii
1349 916 1479 951 irrogata
1504 916 1553 943 sit.
1581 917 1632 944 Est
1663 924 1731 953 ergo
1753 915 1877 954 ἐπίσχε-

158 961 238 987 tibus
266 960 382 989 Homeri
399 964 444 988 est
466 959 492 987 ἐν
510 959 561 996 ἴσῳ
586 963 626 996 τῷ
650 960 753 999 ἡλύγη,
771 961 785 987 ὅ
809 960 863 988 ἐστι
886 960 980 995 ο-λιὲτῐη1

1040 969 1080 989 σις
1095 960 1292 988 ecclesiastica
1317 961 1445 994 notione,
1462 961 1539 996 quod
1555 961 1634 996 juris
1649 961 1783 990 canonici
1795 970 1877 990 con—

157 1004 228 1033 σκιά.
246 1005 327 1032 Unde
343 1008 387 1033 est
411 1006 488 1034 562
505 1004 618 1042 λυγαῖον
639 1007 670 1042 [Ρ
685 1007 747 1041 385]
769 1008 827 1042 φῶς
851 1007 981 1042 maligna

159 1050 217 1077 lux.
237 1050 308 1077 llinc
332 1048 506 1086 ἐπιλυγάζειν
533 1050 640 1077 valebit
663 1051 833 1085 obsecurare,
864 1051 984 1086 caligine

160 1094 310 1130 effundere,
328 1095 431 1122 artifici
449 1095 564 1122 silentio
579 1095 715 1123 ivolvere.

207 1147 474 1184 Ἐπιστημονάρχης
521 1157 560 1184 p.
602 1150 678 1176 261.
720 1149 983 1187 Ἑπιστημονσρχης

159 1199 215 1219 vox
241 1194 287 1219 est
322 1193 485 1228 composita
514 1201 548 1221 ex
586 1192 744 1229 ἐπιστήμων
774 1197 803 1222 et
833 1194 918 1231 ἀρχὴ.
947 1196 982 1222 ad

159 1236 387 1272 significandum
419 1237 580 1274 principem
598 1239 778 1274 cognitorem
797 1260 804 1273 ,
831 1240 884 1266 hoc
915 1242 981 1272 est,

160 1289 227 1308 eum
256 1281 303 1309 cui
332 1281 361 1309 in
391 1282 494 1318 primis
525 1284 720 1319 cognoscendi
751 1284 785 1311 de
815 1292 845 1311 re
884 1283 983 1319 aliqua

153 1325 208 1361 jus
235 1326 393 1361 competit.
419 1327 527 1362 Aptum
558 1328 733 1355 vocabulum
767 1329 801 1355 ad
832 1329 980 1364 explican-

157 1370 225 1398 dam
243 1371 409 1406 principum
426 1374 476 1399 aut
492 1372 717 1408 magistratuum
735 1373 919 1400 saecularium
935 1373 981 1400 in-

157 1415 367 1443 terventionem
384 1416 413 1443 in
428 1417 547 1452 synodis
565 1419 614 1444 aut
629 1418 750 1445 cantibus
762 1417 980 1445 ecclesiasticis.

156 1459 219 1487 Non
235 1460 313 1487 enim
331 1460 368 1487 iis
382 1461 541 1496 praesident
553 1464 585 1489 ut
596 1462 714 1496 judices
726 1471 792 1490 cum
802 1463 869 1497 jure
881 1463 982 1490 suffra-

156 1503 197 1538 gii
213 1503 341 1537 decisivi,
359 1505 409 1532 sed
436 1505 585 1533 intersunt
600 1509 631 1533 ut
647 1509 749 1540 testes,
763 1507 823 1534 solo
840 1507 979 1543 cognitio-

156 1547 203 1575 nis
228 1549 442 1584 approbatricis
472 1550 593 1578 arbitrio
620 1551 744 1578 decretis
775 1551 980 1579 auctoritatem

156 1592 349 1626 conferentes,
375 1595 402 1620 et
419 1594 455 1621 ad
480 1594 697 1622 exsecutionem
719 1596 808 1623 robur
825 1596 980 1623 saeculares

1036 1004 1105 1031 sulti
1136 1006 1344 1041 suspensionem
1371 1006 1448 1034 563
1471 1009 1587 1039 vocant,
1614 1006 1741 1042 speciem
1767 1006 1871 1035 eccle-

1037 1049 1161 1077 siastica
1197 1059 1327 1078 censurae
1366 1051 1671 1079 excommunicatione
1709 1051 1874 1079 minorem-

1036 1094 1115 1126 Quod
1133 1096 1218 1122 etiam
1238 1095 1370 1122 indicant
1384 1095 1472 1122 verba
1486 1104 1554 1123 mox
1569 1095 1744 1131 sequentia:
1761 1096 1873 1124 Τοῦτο-

1036 1139 1088 1175 γὲρ
1105 1139 1155 1165 οὐκ
1170 1136 1243 1173 ἔδοξε
1256 1141 1379 1166 τοιοῦιον
1396 1139 1413 1174 ἣ
1427 1150 1453 1166 τι
1478 1138 1548 1166 ἄλλο
1566 1138 1676 1177 μέτριον
1692 1141 1732 1175 τῷ
1754 1138 1874 1177 βασιλεῖ

1036 1183 1178 1220 ἀγγελθὲν,
1204 1183 1266 1211 ἀλλ’
1293 1184 1446 1222 ἀφορισμὸς
1469 1184 1604 1222 ἄντικρυς.
1632 1185 1747 1217 Quibus
1771 1185 1869 1221 signi-

1036 1229 1141 1256 ﬁcatur
1158 1230 1365 1265 imperatorem
1381 1238 1410 1257 re
1426 1229 1482 1257 sibi
1499 1230 1635 1257 nuntiata
1650 1230 1691 1257 ita
1706 1230 1868 1266 exarsisse,

1036 1275 1122 1311 quasi
1149 1284 1207 1302 non
1233 1275 1388 1311 suspensio
1413 1275 1497 1310 illud,
1524 1276 1575 1303 sed
1597 1275 1870 1304 excommunicatio

1036 1320 1130 1355 major
1156 1320 1283 1353 fuisset,
1315 1320 1522 1348 confundenda
1551 1320 1664 1356 species
1693 1320 1868 1357 gradusque

1036 1373 1227 1392 censurarum
1254 1365 1470 1393 canonicarum.
1492 1364 1653 1393 Vaticanus
1674 1365 1761 1393 solita
1772 1365 1868 1394 liber-

1034 1412 1094 1437 tate
1116 1410 1195 1437 hunc
1219 1409 1314 1437 locum
1340 1409 1519 1447 παραφράζει,
1546 1418 1597 1445 pro
1625 1409 1683 1437 illis
1698 1409 1797 1437 verbis
1826 1409 1865 1440 ὥς

1034 1453 1195 1490 πρόστιμον.
1219 1475 1226 1482 .
1253 1474 1259 1481 .
1283 1475 1289 1481 .
1311 1452 1450 1490 ἐπίσχεσις
1477 1453 1522 1487 ἦν,
1546 1454 1588 1482 sic
1613 1454 1768 1482 scribens:
1797 1453 1864 1481 Ἐσ-

1034 1497 1157 1534 χόλαστο
1179 1501 1230 1532 τῆς
1252 1497 1402 1533 ἱερωσύνης
1428 1497 1501 1535 παρὰ
1522 1499 1571 1525 τοῦ
1586 1497 1761 1535 πατριάρχου
1791 1497 1866 1535 πρὸς

1033 1542 1140 1577 καιρόν.
1156 1546 1196 1570 De
1210 1551 1263 1570 suo
1280 1543 1362 1570 addit
1378 1543 1554 1570 mentionem
1571 1543 1739 1579 patriachaa.

1069 1591 1101 1626 [ll
1128 1591 1191 1626 3S6]
1214 1590 1402 1627 Ἑταιρίαρχοι
1428 1600 1455 1627 p.
1478 1592 1541 1619 321.
1567 1590 1639 1623 Τοὺς
1655 1590 1699 1619 ἐπὶ
1713 1594 1764 1626 τῆς
1788 1589 1865 1619 εἷσα-

154 1637 310 1671 potestatis
334 1637 538 1674 adjungentes.
557 1639 610 1666 Ubi
634 1640 795 1667 notandum
816 1640 972 1675 primatum

1037 1638 1125 1673 γωγῆς
1142 1635 1188 1667 οὓς
1212 1635 1405 1673 ἑταιριάρχους
1430 1635 1571 1673 λέγουσιν.
1598 1637 1682 1671 Hinc,
1705 1639 1811 1674 praeter
1826 1645 1865 1666 ea

152 1679 243 1708 istum
257 1681 453 1717 {cognitionis,
466 1683 516 1719 qui
527 1686 691 1719 competere
709 1684 903 1719 principibus,
920 1693 977 1712 non

154 1723 363 1753 ecclesiasticis
379 1726 426 1754 hic
442 1727 559 1762 dicitur,
576 1735 641 1755 esse
656 1731 790 1764 respectu
807 1733 977 1756 caelerorum

155 1769 201 1796 sui
226 1770 350 1803 ordinis,
375 1770 430 1798 hoc
454 1773 500 1799 est
521 1771 673 1805 laicorum,
690 1773 767 1800 inter
780 1781 854 1809 quos
875 1774 979 1808 primis

154 1813 227 1848 ipsis
243 1815 377 1841 convenit
407 1814 478 1843 talia
503 1824 599 1843 nosse.
632 1816 776 1844 Alludunt
804 1818 894 1853 igitur
921 1818 978 1845 hac

156 1859 249 1885 nostri
266 1858 394 1886 auctoris
410 1860 497 1888 verba
510 1861 544 1887 ad
555 1863 680 1889 veterem
698 1863 870 1890 memoriam
886 1863 978 1891 histo-

156 1901 205 1929 riae
221 1902 437 1935 ecclesiasticae,
463 1912 526 1939 quae
543 1905 761 1934 Constantinos.
787 1907 978 1943 Theodosios,

156 1946 320 1974 Marcianos
346 1950 397 1975 aut
413 1949 448 1976 ab
463 1949 509 1977 his
527 1950 633 1978 missos
656 1951 786 1987 legitime
806 1954 979 1988 praesedisse

155 1991 288 2019 conciliis
313 1992 399 2020 fidem
418 1993 495 2029 facit,
513 1995 568 2023 isto
585 1996 726 2024 nimirum
744 2006 830 2033 quem
857 1998 978 2034 exposui

156 2036 251 2063 modo.
271 2037 363 2068 Quare
378 2046 430 2065 vox
454 2038 588 2075 βασιλέως
604 2040 651 2068 hic
674 2041 832 2070 universim
847 2045 875 2070 et
895 2043 979 2070 inde-

156 2081 238 2108 ﬁnite
253 2083 409 2117 sumenda,
424 2087 571 2119 quatenus
587 2095 645 2114 non
661 2086 737 2114 hanc
753 2088 979 2115 determinatam

155 2133 321 2162 personam,
332 2128 381 2155 sed
394 2137 602 2166 quemcunque
613 2131 647 2158 ad
663 2132 813 2167 imperiale
829 2133 979 2168 fastigium

155 2174 285 2199 evectum
302 2172 423 2201 indicat.
442 2175 631 2212 Participium
644 2179 741 2205 autem
754 2178 777 2205 ei
794 2178 978 2213 adjunctum,

153 2213 359 2252 δικαιουμένου,
377 2219 513 2255 designat
523 2221 575 2256 jus
590 2221 658 2249 talis
673 2222 851 2258 cognitionis
865 2225 893 2250 ct
906 2232 980 2259 prie—

155 2261 248 2288 sentis
265 2261 381 2290 arbitrii
398 2263 427 2290 in
449 2265 659 2293 ecclesiasticis
680 2266 812 2299 ccetibus,
830 2276 887 2294 usu
902 2267 979 2294 anti-

155 2312 212 2339 quo
237 2308 265 2332 et
280 2310 400 2341 patrum
418 2307 551 2336 Ecclesiae
578 2312 709 2337 veterum
726 2319 883 2345 consensu,
902 2311 979 2346 prin-

153 2348 270 2384 cipibus
285 2353 465 2386 competens.
486 2352 608 2388 Reperio
626 2363 712 2381 usum
728 2354 783 2382 hoc
798 2355 937 2383 vocabulo
948 2356 978 2382 in

153 2393 255 2421 eadem
272 2394 390 2423 notione
406 2395 588 2425 Demetrium
605 2398 819 2427 Chomatenum
833 2399 977 2435 archiepi-

153 2445 276 2474 scopum
293 2439 437 2476 Bulgariaa
453 2441 481 2468 in
499 2443 744 2478 responsionibus
760 2444 794 2472 ad
812 2445 978 2472 Constanti—

152 2491 223 2510 num
240 2484 402 2513 Cabasilam
429 2486 682 2523 archiepiscopum
701 2489 978 2524 Dyrrhachiensem,

153 2526 254 2556 relatis
270 2537 286 2556 a
312 2529 486 2559 Leunclavio
503 2531 520 2559 l.
539 2540 556 2559 v
574 2532 655 2560 Juris
676 2532 773 2560 Graeco
797 2534 931 2568 Romani,
948 2542 977 2569 p.

150 2571 204 2598 316
219 2574 248 2599 et
264 2580 311 2608 sq.
327 2574 374 2602 ed.
394 2575 648 2605 Francofurtensis
667 2586 714 2605 an.
738 2578 825 2612 164ος
843 2578 883 2605 ibi
900 2578 978 2606 enim

153 2614 215 2659 haec
238 2615 379 2652 leguntur
404 2627 411 2647 :
437 2619 467 2647 Ὁ
499 2620 626 2657 βασιλεὺς
654 2621 704 2659 γὰρ
734 2622 779 2648 οἷα
806 2622 897 2653 κοινὸς
924 2623 977 2649 τῶν

153 2657 310 2694 ίκκλησιῶν
337 2660 584 2702 ἐπιστημονάρχης
610 2657 716 2692 mild-iv
739 2666 784 2693 καὶ
811 2665 978 2702 ὀνομαζόμε-

152 2714 198 2735 νος
228 2704 272 2732 ναὶ
300 2705 454 2739 συνοδικαῖς
492 2710 616 2746 γνώμαις
639 2711 777 2739 ἐπιστατεῖ
802 2711 847 2740 καὶ
874 2712 905 2739 τὸ
931 2714 980 2739 7.5-

153 2759 201 2787 ρος
243 2751 353 2784 ταύταις
396 2753 537 2791 χαρίζεσαι
555 2764 562 2771 ·
613 2755 842 2793 ἐκκλησιαστικὰς
893 2757 981 2793 τάξεις

155 2793 292 2833 ῥυθμίζει,
322 2798 366 2825 καὶ
395 2799 537 2834 νομοτεθιῖ
566 2798 619 2837 βίῳ
645 2802 691 2828 καὶ
715 2802 841 2838 πολιτείᾳ
854 2804 903 2830 τοῦ
927 2802 980 2839 βή-

156 2848 253 2884 parce,
278 2842 321 2869 ναὶ
347 2843 402 2880 μὴν
418 2842 463 2869 καὶ
490 2840 577 2875 δίκαις
590 2843 746 2874 ἐπισκόπων
770 2847 815 2875 καὶ
838 2847 980 2884 κληρικῶν

151 2881 199 2910 καὶ
223 2884 291 2922 πρός
318 2897 349 2927 γι
376 2888 556 2926 χηρευουσῶν
583 2888 687 2927 ψήφοις
714 2881 983 2928 ἰχκλησιῶνξ-Ἐνά-

1032 1689 1097 1717 quae
1122 1681 1157 1708 de
1181 1681 1235 1708 hac
1259 1689 1327 1709 voce
1353 1683 1435 1709 notat
1465 1681 1633 1717 Meursius,
1664 1681 1864 1718 intelligimus

1031 1726 1248 1754 introductores
1286 1727 1346 1754 sive
1385 1726 1612 1755 admissionales
1646 1727 1864 1763 imperatorum

1033 1771 1230 1798 haeteriarchos
1242 1771 1348 1805 dictos,
1364 1771 1442 1806 quod
1459 1779 1564 1807 nempe
1581 1771 1692 1799 tribuni
1708 1771 1864 1808 praetoria-

1033 1824 1150 1848 norum,
1179 1816 1288 1851 quibus
1314 1816 1431 1851 proprie
1456 1815 1485 1843 id
1503 1824 1608 1843 nomen
1633 1816 1781 1850 convenit,
1798 1816 1863 1853 ple-

1033 1869 1159 1896 rumque
1183 1861 1240 1888 isto
1256 1860 1424 1888 admittenti
1449 1861 1486 1888 ad
1502 1860 1664 1896 principem
1681 1861 1777 1889 ofﬁcio
1793 1861 1864 1889 fun-

1032 1908 1180 1941 gerentur.

1067 1952 1248 1990 Ἑτεροθαλής
1285 1962 1314 1988 p.
1352 1954 1415 1981 292.
1450 1954 1507 1988 Τὴν
1548 1954 1698 1991 ἒτεροθαλῆ
1736 1952 1863 1991 ἀδελφήν

1032 1998 1131 2032 αὐτῶν,
1158 2007 1263 2035 nempe
1288 1999 1410 2027 Joannis
1441 2002 1470 2027 et
1503 1999 1675 2027 Theodosia:
1700 1999 1864 2028 liberorum

1032 2043 1153 2071 Marthae
1169 2043 1278 2071 sororis
1300 2043 1496 2079 imperatoris.
1513 2043 1582 2078 Cap.
1600 2043 1736 2079 sequenti
1751 2044 1787 2072 de
1810 2052 1864 2072 ea-

1032 2087 1097 2114 dem
1115 2086 1350 2121 Nostongonissa
1374 2087 1498 2122 loquens
1514 2087 1620 2115 Noster
1635 2087 1723 2115 habet
1739 2087 1861 2122 iterum,

1031 2131 1076 2158 καῖ
1105 2134 1155 2165 τῆς
1185 2131 1272 2158 αὐτῶν
1300 2132 1479 2168 ἓτεροθαλυῦς
1511 2135 1561 2166 τῆς
1600 2131 1835 2170 Νοστογγονίσσης
1853 2154 1862 2162 .

1033 2176 1105 2209 Quid
1133 2176 1170 2204 sit
1186 2177 1240 2204 hoc
1264 2176 1326 2204 loco
1343 2175 1519 2212 ὲτεροθαλής,
1543 2177 1621 2205 clare
1646 2177 1731 2205 docet
1754 2177 1863 2205 Eusta-

1032 2220 1114 2248 thius
1131 2221 1166 2247 ad
1193 2221 1277 2248 Iliad.
1294 2230 1325 2257 χ,
1343 2230 1370 2256 p.
1389 2221 1460 2248 1283
1485 2221 1531 2248 ed.
1548 2223 1629 2249 Rom.
1646 2220 1744 2252 Παῖδες
1758 2221 1865 2259 πατρὸς

1034 2264 1072 2299 μή
1111 2264 1281 2300 ὁμομήτριοι
1323 2264 1492 2300 ἑτεροῦαλεῖς
1530 2264 1667 2302 λέγονται.
1707 2265 1778 2294 Filii
1810 2274 1864 2302 pa-

995 2322 1017 2353 D
1033 2310 1085 2337 tri:
1102 2309 1234 2345 ejusdem,
1250 2310 1296 2337 sed
1310 2311 1408 2337 matris
1423 2310 1550 2338 diversae.
1567 2310 1623 2338 Res
1640 2319 1726 2346 porro
1740 2310 1772 2338 in
1787 2319 1864 2347 pra-

1035 2354 1109 2381 senti
1127 2355 1168 2380 sic
1191 2362 1222 2381 se
1237 2354 1353 2387 habuit,
1371 2357 1402 2381 ut
1426 2354 1535 2382 diserte
1550 2355 1641 2382 tradit
1665 2354 1865 2391 Pacbymerea

1033 2398 1088 2425 sub
1104 2398 1193 2425 ﬁnem
1210 2406 1234 2425 c.
1253 2399 1296 2426 19.
1314 2398 1523 2432 Tarchaniota,
1538 2397 1584 2425 vir
1597 2399 1717 2427 Marthae
1734 2402 1764 2427 et
1777 2407 1813 2427 ex
1827 2407 1865 2428 ea

1033 2445 1117 2477 pater
1140 2442 1262 2470 Joannis
1278 2445 1306 2470 et
1322 2443 1504 2478 Theodosius,
1521 2451 1555 2470 ex
1579 2443 1678 2479 priore
1695 2452 1786 2472 uxore
1809 2452 1864 2480 ge-

1032 2489 1136 2514 nuerat
1161 2490 1244 2515 antea
1260 2487 1519 2523 Nostongonisam,
1546 2488 1592 2515 cui
1609 2488 1726 2517 videtur
1741 2488 1777 2516 ad
1799 2487 1863 2516 dis-

1032 2531 1203 2559 tinctionem
1230 2534 1397 2559 maternum
1417 2531 1534 2559 familiae
1555 2540 1663 2560 nomen
1688 2532 1861 2561 adhesiase.

1033 2578 1100 2604 Haec
1116 2585 1149 2604 eo
1165 2576 1330 2604 notavimus
1346 2576 1416 2612 quia
1432 2576 1460 2603 in
1476 2576 1649 2612 vulgaribus
1664 2577 1768 2606 lexicia
1780 2577 1863 2605 haud

1034 2622 1106 2649 satis
1120 2620 1440 2658 disertimﬁprimitur
1452 2620 1511 2648 haec
1528 2621 1615 2649 istius
1627 2622 1706 2650 notio
1715 2620 1862 2650 vocabuli.

1071 2669 1191 2707 Εὐλογίσι
1211 2662 1319 2707 ρῖἺΟἽ.
1346 2670 1407 2697 Etsi
1423 2670 1512 2697 videri
1539 2673 1637 2706 potest
1651 2680 1737 2707 agere
1760 2673 1864 2700 auctor

1036 2715 1071 2742 de
1095 2713 1298 2743 benedictione
1320 2723 1337 2742 a
1361 2713 1529 2750 patriarcha
1553 2717 1619 2750 post
1644 2715 1862 2752 perceptionem

1035 2760 1169 2793 antidori,
1195 2760 1250 2787 hoc
1279 2762 1334 2792 est,
1351 2761 1385 2786 ut
1409 2767 1462 2786 suo
1490 2758 1554 2787 loco
1580 2760 1862 2793 demonstravimus,

1036 2803 1116 2839 panis
1131 2804 1275 2838 benedicti,
1302 2803 1484 2839 accipienda,
1500 2806 1599 2831 tamen
1615 2804 1806 2833 verisimilius
1819 2806 1866 2832 est

1037 2846 1164 2884 εὐλογίας
1185 2848 1326 2876 vocabulo
1352 2855 1458 2883 panem
1483 2846 1582 2883 ipsum
1606 2848 1796 2877 benedictum
1815 2848 1865 2877 hic

1038 2891 1210 2928 signiﬁcari,
1233 2890 1306 2920 utEv
1332 2890 1377 2919 διὰ
1396 2890 1471 2918 δυοῖν
1494 2891 1655 2922 historicus
1675 2892 1864 2930 expresserit,
