4072 6398
357 426 499 488 1025

356 662 473 717 quo
502 644 771 714 ejusdem
804 642 983 697 unius
1015 642 1096 697 rei
1133 639 1413 696 vocabula
1447 642 1819 697 continuans.
1857 641 2016 696 Reti-

359 735 461 791 nui
510 749 681 805 porro
733 730 939 786 Latine
991 746 1203 785 nomen
1253 728 1512 799 eulogia},
1546 730 1763 801 quippe
1814 730 1874 784 in
1912 729 2020 784 hac

363 822 603 879 notione
652 820 877 875 Latinis
909 819 1303 875 ecclesiastice
1346 819 1742 875 scribentibus
1789 821 2021 875 tritum.

358 912 552 968 Unum
586 911 761 965 affero
793 908 1132 979 exemplum
1167 925 1197 963 θ
1250 907 1523 979 plurimis
1558 909 1778 980 passim
1820 924 2022 963 occur-

360 1001 542 1067 suris,
572 1016 640 1055 ex
673 999 909 1053 decreto
940 998 1024 1051 Pii
1060 1015 1222 1069 papae
1247 999 1377 1068 ejus
1405 999 1665 1052 nominis
1699 997 2023 1070 primi,quo

362 1094 608 1163 putatur
653 1089 807 1143 hunc
841 1103 1017 1142 usum
1070 1087 1337 1141 sanxisse
1391 1086 1682 1141 benedicti
1744 1087 1913 1158 panis
1962 1087 2022 1139 in

362 1179 611 1237 ecelesia
642 1176 1035 1233 distribuendi
1070 1176 1164 1231 his
1203 1177 1304 1248 qui
1340 1176 1799 1231 adEucharisliaa
1826 1190 2021 1246 perce-

362 1270 624 1343 ptionem
658 1265 843 1339 parati
877 1283 992 1321 non
1021 1269 1238 1321 essent.
1280 1265 1342 1320 Id
1371 1266 1455 1320 sic
1507 1265 1685 1321 habet
1743 1265 2024 1321 Concilio-

362 1376 490 1414 rum
547 1361 705 1412 tomo
739 1356 783 1426 Ι,
817 1372 875 1427 p.
932 1356 1037 1409 234
1067 1356 1156 1410 ed.
1195 1355 1336 1426 Reg.
1371 1356 1445 1410 De
1474 1354 1860 1411 oblationibus
1899 1369 2029 1426 qua:

364 1448 673 1518 offeruntur
701 1462 737 1499 a
772 1445 996 1517 populo,
1044 1452 1095 1500 et
1125 1443 1632 1499 consecrationibus
1679 1460 1806 1517 quae
1834 1460 2028 1516 super-

363 1541 513 1603 sunt,
545 1535 631 1591 vel
677 1534 742 1589 de
762 1534 1000 1604 panibus
1034 1550 1168 1604 quos
1212 1534 1466 1602 deferunt
1506 1533 1691 1603 ﬁdeles
1740 1534 1810 1588 ad
1846 1535 2025 1590 eccle-

365 1629 532 1695 siam,
566 1625 646 1680 vel
678 1634 823 1680 certe
852 1622 923 1677 de
952 1621 1088 1689 suis,
1107 1621 1395 1693 presbyter
1421 1623 1813 1677 convenienter
1832 1626 2024 1693 partes

367 1717 577 1771 incisas
631 1713 828 1769 habeat
864 1714 920 1767 in
958 1728 1080 1766 vase
1127 1710 1305 1766 nitido
1332 1715 1383 1766 et
1430 1711 1800 1779 convenienli,
1825 1715 1883 1767 ut
1911 1720 2029 1783 post

368 1807 675 1860 missarum
718 1803 1013 1871 solemnia,
1076 1801 1171 1871 qui
1220 1802 1630 1856 communicare
1670 1818 1777 1857 non
1817 1803 2033 1872 fuerint

1834 427 2313 485 GLOSSARIUM.

356 558 497 613 dum
553 557 612 610 et
658 548 960 626 ἀντιδώρου
1009 555 1065 607 et
1114 547 1361 624 εὐλογίας
1410 550 1689 607 distincte
1744 553 2015 609 meminit

2141 553 2263 606 ιατὰ
2323 554 2484 625 σῶμα
2540 552 2744 629 φυή....

3638 426 3778 483 1026

2802 551 2959 627 ἑτέρα
3006 549 3062 606 δὲ
3114 552 3251 607 κατὰ
3306 554 3456 622 νοῦν,
3515 549 3633 607 ὅθεν
3694 549 3787 606 καὶ

2126 639 2329 717 εὐφυὴς
2382 640 2410 693 ὁ
2471 639 2527 694 εὖ
2586 636 2730 715 ἔχων
2792 639 2867 703 εἷς
2922 640 2986 694 τὸ
3046 637 3243 695 εἰδέναι
3287 641 3464 698 Vides
3498 642 3594 697 hic
3633 641 3789 697 clare

2129 730 2734 802 distinguiduplicem
2777 732 2894 786 vim
2942 731 3102 786 verbi
3160 729 3382 808 εὐφυής,
3429 748 3679 803 quarum
3714 732 3785 786 ad

2132 820 2346 875 mentis
2396 819 2779 875 acrimoniam
2832 838 2969 887 una,
3011 821 3083 874 ad
3136 822 3397 892 corporis
3474 836 3540 875 ac
3590 819 3787 875 vultus

2130 909 2385 980 speciem
2421 912 2706 981 pertineat
2736 909 3127 964 altera.Juxta
3142 909 3391 980 priorem
3409 925 3786 980 nequaquam

2132 1000 2225 1054 hic
2256 1000 2668 1070 Pachymerem
2705 998 2966 1053 locutum
2998 1000 3230 1065 suadet,
3271 1000 3425 1070 quod
3477 1000 3527 1053 si
3578 998 3788 1053 incon-

2133 1105 2386 1160 sequens
2420 1088 2942 1159 promptitudinem
2974 1089 3199 1159 ingenit
3237 1087 3431 1143 nimiae
3450 1104 3514 1142 ac
3549 1087 3789 1142 morbo-

2133 1194 2211 1232 sae
2270 1176 2461 1232 cardis
2514 1177 2957 1232 effervescentis:
2997 1181 3282 1247 tanquam
3318 1176 3622 1248 proprium
3647 1177 3787 1231 eli‘e-

2133 1272 2293 1322 ctum
2352 1268 2677 1339 assignare,
2735 1268 3054 1338 praesertim
3103 1283 3236 1322 cum
3289 1284 3424 1323 mox
3456 1267 3635 1322 addat
3661 1283 3785 1322 rem

2135 1358 2309 1430 plane
2330 1357 2710 1425 contrariam,
2735 1374 2944 1429 nempe
2969 1358 3248 1429 [uligines
3275 1372 3343 1413 ea:
3372 1358 3475 1412 isto
3498 1356 3678 1412 cordis
3699 1357 3787 1411 in-

2134 1447 2326 1503 cendio
2370 1463 2597 1501 cursum
2647 1448 2705 1502 in
2763 1448 3050 1502 cerebrum
3142 1448 3385 1516 perlatas
3431 1446 3667 1500 rationis
3730 1447 3792 1499 in

2134 1538 2344 1593 Joanne
2370 1537 2602 1606 Augusto
2634 1552 2791 1589 usum
2822 1535 3189 1605 perturbasse.
3218 1534 3349 1589 Haec
3367 1533 3522 1589 enim
3546 1539 3635 1589 est
3656 1550 3790 1589 sen-

2134 1624 2318 1680 tentia
2362 1627 2671 1679 verborum
2726 1623 3003 1679 illorum:
3039 1620 3396 1697 Οὐστέγοντος
3440 1625 3538 1675 τοῦ
3596 1620 3794 1694 μορίου

2134 1713 2196 1766 τὸ
2248 1710 2416 1776 πάθος
2471 1712 2750 1766 κάντεῦθεν
2809 1710 3209 1787 ἐκτρεπομένου
3265 1714 3363 1765 τοῦ
3423 1709 3656 1780 εἰκότος,
3716 1711 3793 1771 ὡς

2141 1799 2281 1875 μηδὲ
2329 1801 2644 1876 χρησίμους
2691 1799 2965 1863 πολλάκις
3020 1801 3356 1873 ἀναπέμπειν
3388 1804 3467 1871 τῷ
3510 1798 3795 1877 εγκεφάλῳ

368 1896 576 1967 parati,
601 1891 854 1963 eulogias
890 1893 1047 1948 564
1076 1892 1228 1946 omni
1257 1891 1350 1945 die
1368 1891 1647 1946 Domimco
1663 1900 1712 1945 et
1740 1893 1797 1946 in
1836 1891 2032 1946 diebus
2060 1926 2107 1990 Β
2139 1891 2233 1953 τὰς
2266 1889 2638 1957 ἀναπνεύσεις,
2671 1893 2822 1958 Quin
2855 1896 2912 1947 et
2943 1893 3084 1946 dum
3129 1896 3334 1963 reputo
3376 1890 3792 1962 Pachymerem

371 1986 532 2054 festis
557 1982 756 2038 exinde
787 1981 1086 2050 accipiant,
1120 1996 1246 2051 quae
1269 1997 1396 2034 cum
1433 1981 1832 2036 benedictionis
1869 1983 2028 2051 prius

373 2074 578 2145 faciat.
598 2072 729 2127 Haec
747 2072 883 2127 Pius
903 2088 1055 2143 papa
1076 2076 1132 2125 et
1148 2070 1479 2142 martyr,Ex
1496 2071 1716 2140 quibus
1731 2071 1893 2125 vides
1924 2088 2030 2125 cur

376 2161 652 2218 exclusus
687 2160 1137 2232 participatione
1170 2159 1412 2231 eulogia
1448 2159 1503 2213 in
1529 2158 1674 2214 festo
1711 2159 1768 2214 S.
1796 2159 2029 2231 Georgii

373 2251 617 2306 Michael
654 2255 957 2322 Augustus
980 2249 1214 2317 dixerit,
1258 2246 1483 2322 ἀνέορτα
1532 2245 1901 2322 ὶωρτάσαμεν,
1948 2252 2029 2320 fe-

371 2346 523 2397 stum
550 2341 817 2411 infestum
855 2338 1277 2394 celebravimus.
1321 2338 1439 2392 Hoc
1470 2341 1591 2393 est:
1645 2353 1761 2392 non
1802 2337 1861 2392 id
1897 2337 2029 2392 feri-

377 2447 514 2485 mus
546 2430 699 2501 quod
737 2428 862 2483 fieri
923 2428 1069 2483 festo
1109 2428 1203 2482 die
1253 2427 1323 2481 ad
1365 2428 1494 2497 ejus
1524 2426 1849 2498 legitimam
1883 2426 2030 2481 cele-

376 2518 704 2574 brationem
743 2518 828 2573 fas
856 2521 945 2572 est
976 2522 1032 2571 et
1076 2532 1221 2570 usus
1261 2514 1698 2571 ecclesiasticus
1730 2516 2029 2586 poscebat.

445 2641 694 2718 Εὐφυής.
752 2659 809 2713 p.
860 2642 950 2695 32.
1000 2642 1095 2698 Sic
1125 2640 1535 2711 Pachymeres,
1568 2656 1808 2694 causam
1840 2639 2028 2694 morbi

375 2751 492 2805 quo
524 2732 685 2805 gravi
743 2736 801 2785 et
848 2729 1023 2802 longo
1072 2729 1362 2784 laboravit
1417 2730 1737 2800 imperator
1771 2728 2031 2784 Joannes

382 2820 964 2884 Lascarisindicans,
995 2818 1233 2889 scripsit
1260 2817 1359 2872 :Tb
1387 2814 1432 2869 δ’
1476 2816 1567 2884 ἦν,
1621 2816 1695 2878 ὡς
1744 2811 1937 2888 ἔοικεν,
1971 2816 2031 2871 ἐκ

380 2910 573 2978 ζέσεως
633 2910 864 2977 φυσικῆς
925 2902 1218 2981 ἐγκαρδίου
1254 2948 1267 2961 .
1324 2906 1475 2959 Ὅθεν
1512 2948 1526 2973 ,
1587 2906 1762 2977 οἶμαι⁹
1823 2905 1911 2958 καὶ
1966 2906 2030 2960 τὸ

380 2998 567 3076 εὐφυὲς
617 2996 805 3068 ἐκείνῳ
862 2995 952 3050 καὶ
1004 2996 1135 3071 ὑπὲρ
1182 2996 1243 3048 τὸ
1300 3001 1583 3070 προσῆκον
1616 2994 1705 3063 ἦν.
1739 3000 1872 3051 Haec
1924 3013 2029 3068 ego

380 3090 439 3143 in
475 3089 625 3143 hunc
657 3089 898 3143 modum
925 3091 1211 3142 verteram
1241 3103 1253 3141 :
1300 3085 1475 3156 Origo
1508 3087 1626 3146 eius
1674 3086 2033 3141 versimiliter

379 3178 762 3248 imputabatur
782 3177 1034 3231 naturali
1064 3176 1485 3247 e/fervescentig
1511 3175 1728 3241 cordis;
1764 3191 1932 3246 quam
1977 3179 2030 3230 et

370 3284 606 3322 causam
635 3268 687 3321 ei
714 3268 888 3336 fuisse
917 3282 1048 3321 reor
1098 3266 1316 3319 ruboris
1372 3266 1433 3319 in
1490 3265 1650 3320 vultu
1703 3264 2021 3333 ﬂagrantis.
2057 3293 2099 3360 Ο

368 3360 556 3428 Super
579 3356 693 3422 his,
727 3356 1028 3425 editajam
1054 3353 1231 3426 priori
1263 3353 2023 3425 parteillaPachymerianae

367 3446 652 3513 historiae,
683 3448 1061 3500 convenitme
1081 3444 1237 3499 viret
1268 3444 1556 3516 dignitate
1580 3442 2025 3499 illustrissimus

367 3540 427 3591 et
459 3535 695 3607 ingenio
719 3552 784 3590 ac
814 3534 1180 3589 eruditiones
1197 3533 1788 3604 praestansﬁdemque
1812 3533 2025 3588 huma-

370 3623 658 3679 nissimus
690 3639 755 3679 ac
790 3621 899 3678 mei
922 3622 1094 3693 longe
1126 3638 1309 3693 supra
1339 3623 1617 3675 meritum
1669 3638 1917 3676 amans:
1969 3626 2028 3676 et

375 3712 573 3767 mirari
598 3728 659 3767 se
709 3710 851 3766 dixit
883 3712 1039 3782 quod
1086 3709 1149 3762 τὸ
1199 3708 1411 3781 εὐφυές,
1474 3725 1588 3779 quo
1645 3709 1820 3780 vulgo
1866 3709 2025 3780 inge-

374 3802 542 3856 nium
577 3799 895 3865 industria,
929 3800 1083 3854 bona
1112 3797 1368 3864 indoles;
1401 3799 1459 3852 in
1480 3797 1745 3853 classicis
1779 3797 2026 3852 auctori-

363 3890 478 3944 bus
512 3889 805 3961 signatur,
839 3904 945 3960 ego
978 3888 1049 3943 ad
1085 3886 1282 3941 vultus
1316 3887 1590 3942 ruborem
1652 3886 2026 3941 contulerim.

373 3979 522 4034 Huic
553 3995 659 4050 ego
691 3977 898 4049 gratiis
926 3975 1148 4049 prolixe
1178 3976 1422 4044 habitis,
1456 3983 1512 4031 et
1543 3993 1610 4031 ex
1643 3992 1777 4031 vero
1808 3974 2030 4047 signiﬁ-

381 4072 512 4123 catu
546 4066 847 4123 docilitate
874 4083 1000 4121 mea
1033 4067 1100 4120 ad
1130 4066 1660 4136 obtemperandum
1706 4071 1863 4119 recta
1906 4081 2028 4118 mo-

376 4157 681 4223 nentibus,
715 4156 946 4211 ostendi
981 4154 1123 4225 quid
1158 4158 1398 4210 secutus
1432 4172 1464 4209 a
1514 4160 1652 4209 nota
1698 4154 1854 4208 vocis
1903 4154 2032 4222 ejus

375 4246 614 4301 notione
657 4244 1044 4299 deﬂexissem.
1089 4245 1159 4298 Et
1227 4243 1326 4298 ille
1377 4261 1469 4298 me
1518 4243 1741 4312 audito,
1791 4242 2032 4296 innuere

366 4352 487 4390 non
520 4340 609 4389 est
629 4339 906 4406 gravatus
939 4332 1055 4387 sibi
1089 4332 1508 4387 satisi’actium.
1565 4332 1707 4397 Quia
1742 4348 1875 4386 vero
1897 4348 2029 4385 eru-

368 4422 511 4479 ditis
545 4438 778 4495 quoque
814 4421 947 4477 aliis
979 4421 1298 4476 lectoribus
1350 4421 1543 4476 simile
1590 4422 1895 4491 quidpiam
1937 4436 2034 4475 oc-

372 4529 551 4568 cursu
576 4513 707 4581 ejus
738 4510 847 4565 loci
880 4514 1199 4565 venturum
1233 4509 1290 4562 in
1325 4513 1583 4565 mentem
1616 4513 1707 4565 est
1737 4508 2035 4575 credibile,

379 4618 509 4673 qum
540 4600 623 4655 illi
656 4598 976 4671 respondit,
1001 4598 1193 4670 palam
1222 4598 1313 4652 hic
1344 4614 1631 4669 exponere
1672 4614 1860 4669 operae
1904 4614 2037 4669 pre-

371 4690 526 4746 tium
558 4689 801 4762 putavit.
831 4689 957 4744 Non
991 4704 1082 4743 me
1112 4686 1254 4742 latet
1283 4684 1473 4758 εὐφυές
1533 4687 1875 4757 adoptatum
1932 4687 2032 4741 ho-

375 4780 524 4835 mini
578 4778 931 4851 plerumque
979 4791 1189 4831 sonare
1238 4774 1301 4827 τὸ
1354 4771 1629 4843 δέξιὸντοῦ
1683 4778 1780 4828 νοῦ
1835 4773 1924 4827 καὶ
1978 4772 2035 4827 εὖ

365 4866 610 4941 πεφυκὸς
642 4865 781 4939 πρὸς
824 4864 1112 4936 τὸμαθεῖν,
1157 4865 1517 4919 industriam
1576 4870 1633 4919 et
1691 4865 2033 4919 facilitatem

370 4957 694 5028 quamdam
744 4954 894 5011 acris
945 4952 1187 5025 ingenii.
1249 4953 1359 5008 Sed
1407 4958 1464 5008 et
1513 4953 1635 5008 scio
1682 4953 2034 5023 Hesychium

368 5043 543 5119 εὐφυῆ
570 5043 865 5116 explicare
884 5059 985 5114 per
1015 5040 1218 5115 ὡραῖον
1237 5042 1818 5097 formosum.Formze
1842 5047 2035 5095 autem

379 5140 607 5206 partem
640 5134 699 5188 in
733 5133 896 5188 vultu
931 5131 1064 5203 quis
1098 5139 1265 5202 neget
1297 5131 1570 5186 ruborem
1586 5147 1741 5195 ,ense
1770 5131 1795 5185 ?
1820 5130 2036 5201 etquid

382 5224 542 5278 aliud
575 5223 646 5278 ad
675 5222 920 5277 formam
974 5221 1279 5292 pertinens
1304 5217 1364 5272 ἐκ
1422 5217 1616 5286 ζέσεως
1664 5224 1894 5294 φυσικῆς
1942 5216 2037 5291 ἐγ-

377 5309 628 5385 καρδιου,
675 5327 745 5367 ea:
771 5310 1032 5366 naturali
1060 5311 1276 5380 fervore
1315 5309 1516 5377 cordis,
1560 5324 1735 5378 quam
1785 5309 2039 5363 ruboren

380 5402 477 5457 hic
509 5400 624 5456 dici
656 5400 939 5457 exsistere
996 5398 1393 5455 verisimiliter
1426 5396 1799 5453 comminisci
1832 5398 2040 5469 potui?

378 5492 557 5547 Recte
586 5489 932 5545 Eusthatius
966 5490 1036 5544 ad
1070 5486 1229 5543 Iliad.
1265 5488 1502 5561 ῇ,ρ.172
1535 5486 2037 5555 εά.Βοω.Ῥητὲον

379 5580 455 5641 ὡς
490 5575 645 5647 διττὴ
696 5580 731 5648 ἡ
783 5578 914 5651 φυή,
969 5579 1004 5645 ἡ
1062 5575 1157 5648 μὶν
1212 5575 1350 5630 κατᾶ
1395 5574 1461 5629 τὰ
1510 5573 1752 5636 ἐκτὸς....
1797 5571 2039 5645 δεξιότης

379 5669 513 5723 οὖσα
544 5668 833 5741 σωματικὴ
878 5665 969 5720 καὶ
1003 5665 1078 5727 εἰς
1117 5664 1312 5719 ταυτὸν
1358 5664 1571 5734 ἥκουσα
1615 5667 1694 5735 τῷ
1742 5661 2034 5723 κάλλει....

380 5758 475 5836 ἀφ’
540 5756 608 5826 ἦς
654 5758 742 5812 καὶ
809 5754 1106 5831 πρόσωπον
1155 5755 1463 5832 εὐφυὲς.....
1519 5752 1611 5808 καὶ
1658 5752 1795 5822 αὗτή
1856 5754 1950 5826 μὲν
1998 5755 2034 5824 ἠ

2142 1981 2388 2037 lectione
2432 1981 2800 2052 antiquitatis
2854 1981 3093 2053 plenum
3146 1981 3341 2051 potius
3394 1981 3452 2033 in
3485 1979 3794 2035 scribendo

2145 2070 2435 2142 respicere
2468 2071 2610 2140 quid
2643 2071 2794 2141 apud
2832 2074 3099 2124 auctores
3130 2070 3341 2125 viderit
3372 2085 3548 2141 quam
3588 2085 3797 2124 curare

2144 2162 2288 2233 quid
2331 2162 2526 2216 minus
2552 2161 2681 2232 ipso
2711 2160 2884 2216 tritus
2919 2160 2975 2214 in
3010 2160 3189 2217 veteri
3240 2160 3568 2215 eruditione
3617 2159 3798 2215 lector

2141 2249 2547 2305 intellecturus
2572 2248 2771 2304 statim
2800 2249 2891 2319 sit,
2924 2247 2983 2302 in
3018 2247 3236 2318 animo,
3261 2264 3396 2303 cum
3428 2247 3550 2302 haec
3582 2247 3796 2303 charta:

2141 2339 2418 2403 illineret,
2451 2336 2727 2393 habuisse
2753 2338 2931 2393 simul
2957 2336 3089 2392 illos
3121 2337 3357 2392 Homeri
3389 2352 3593 2392 versus
3618 2336 3798 2393 iliad.

2143 2429 2193 2499 δ,
2227 2432 2386 2486 Τοῖοί
2415 2449 2501 2482 τοι
2535 2425 2781 2485 Μενέλαο
2820 2428 3049 2497 μιάνθην
3088 2425 3279 2499 αἳματι
3333 2426 3505 2502 μηροὶ
3557 2425 3801 2502 εὐφυέες,

2140 2518 2321 2574 simul
2352 2517 2647 2573 Plutarchi
2670 2535 2737 2573 ex
2760 2518 2932 2573 libro.
2969 2519 3095 2579 Πῶς
3125 2515 3184 2570 ἂν
3217 2536 3300 2577 τις
3327 2514 3576 2569 αἶ’σθοιτο
3609 2515 3802 2571 ἑαυτοῦ

2140 2608 2551 2682 προκόπτοντος
2587 2604 2668 2660 ἐπ’
2696 2606 2885 2680 ἀρετῇ,
2920 2608 3114 2662 locum
3137 2606 3295 2661 hunc
3326 2607 3634 2677 dejuvene
3665 2624 3803 2677 pro-

2142 2697 2368 2769 gressio
2391 2698 2518 2767 jam
2550 2697 2610 2751 in
2642 2697 2838 2751 studio
2869 2696 3133 2751 virtutis:
3157 2692 3335 2751 Ἀλλά
3381 2693 3473 2748 καὶ
3513 2714 3798 2769 προσαγο-

2141 2785 2347 2859 ρευθεὶς
2380 2785 2462 2862 ὑφ’
2496 2784 2681 2859 ἑτέρου
2727 2783 2897 2857 ταῦτῃ
2943 2787 3012 2856 τῇ
3057 2783 3407 2859 προσηγορίᾳ
3448 2781 3802 2857 (φιλοσόφου)

2143 2875 2388 2951 φράσειεν
2439 2872 2501 2928 ἂν
2551 2875 2755 2951 εὐφυὴς
2803 2875 2943 2942 νέος,
2996 2872 3124 2927 ὥστ’
3175 2872 3346 2927 εἰπεῖν
3385 2870 3668 2945 μειδιάσας
3714 2873 3805 2928 καὶ

2142 2962 2515 3033 ὑποπλησθεὶς
2542 2962 2907 3038 ἐρυθήματος,
2949 2959 3022 3016 Οὕ
3061 2961 3145 3025 τίς
3172 2983 3255 3018 τοι
3311 2963 3430 3026 θεός
3480 2962 3624 3034 εἶμι,
3673 2979 3808 3019 cum

2137 3054 2195 3108 in
2222 3054 2408 3125 primo
2438 3059 2739 3109 cruentam
2772 3053 3142 3122 rubedinem,
3176 3052 3236 3107 in
3269 3052 3453 3108 altero
3496 3068 3781 3108 verecun-

2136 3144 2277 3198 dum
2314 3144 2584 3198 ruborem
2614 3142 2800 3206 faciei,
2845 3142 3165 3212 conjuncta
3209 3158 3345 3196 cum
3376 3140 3658 3196 vocabulo
3689 3139 3783 3193 εὐ-

2138 3232 2278 3303 φυής
2316 3232 2559 3297 videret,
2589 3230 2733 3286 illud
2768 3234 2825 3285 in
2858 3248 2966 3287 sua
2998 3230 3316 3302 scriptione
3366 3230 3637 3301 posuisse
3666 3232 3788 3286 ani-

2140 3338 2233 3378 mo
2264 3320 2563 3376 indicandi
2588 3321 2973 3399 conspicuum
2998 3321 3268 3375 ardorem
3300 3319 3501 3375 vultus
3530 3319 3788 3391 ﬂagran-

2132 3411 2235 3479 tis,
2267 3410 2502 3482 qualem
2534 3410 2593 3464 in
2623 3410 2851 3465 Joanne
2883 3409 3108 3464 Lascari
3140 3426 3207 3465 ex
3231 3409 3423 3464 cordis
3454 3408 3788 3464 inﬂamma-

2135 3501 2320 3567 tione,
2357 3504 2424 3555 ut
2466 3499 2758 3565 credebat,
2792 3504 2984 3553 ortum
3019 3498 3451 3554 observaverat.

2207 3623 2521 3697 Εὗχέλαιον
2573 3641 2629 3697 p.
2669 3624 2796 3679 5H.
2829 3624 2911 3679 Ad
2960 3639 3159 3679 vocem
3206 3619 3496 3696 εὖχέλαιον
3525 3621 3647 3677 hinc
3685 3638 3792 3677 an-

2133 3719 2293 3769 notat
2339 3714 2789 3769 Meursiuszb‘ic
2823 3712 3110 3768 dicebatur
3138 3713 3173 3780 ἡ
3226 3708 3530 3773 ἀκολουθία
3570 3727 3689 3781 quae
3732 3713 3793 3766 in

2132 3802 2555 3858 consecratione
2606 3804 2715 3857 olei
2805 3802 3140 3871 psallebatur
3194 3818 3232 3856 τι
3293 3805 3491 3872 septem
3539 3800 3794 3856 sacerdo-

2134 3890 2303 3947 ‘ibus.
2363 3890 2642 3945 Ernditus
2678 3890 2968 3960 interpres
2986 3888 3325 3960 Euchologii
3359 3889 3513 3944 notis
3544 3890 3613 3945 ad
3639 3886 3796 3962 εὐχέ-

2136 3977 2293 4032 λαιον
2327 3996 2383 4049 ρ.
2408 3979 2503 4033 451
2540 3978 2625 4034 sic
2647 3978 2849 4033 scribit
2876 3995 2888 4031 :
2921 3980 3141 4033 Passim
3177 3983 3363 4032 autem
3399 3995 3593 4033 rursus
3626 3977 3795 4052 εὐχέ-

2136 4067 2291 4123 λαιον
2321 4071 2543 4121 vocatur
2580 4069 2742 4137 quasi
2770 4066 2918 4121 dicas
2967 4066 3096 4138 (non
3142 4067 3251 4121 olei
3296 4070 3796 4137 consecrationem,

2138 4167 2195 4212 ut
2259 4158 2491 4212 barbare
2565 4155 2848 4213 Meursius
2917 4157 2976 4209 in.
3038 4154 3330 4225 Glossario)
3406 4156 3599 4211 oleum
3663 4173 3797 4211 cum

2139 4247 2421 4313 oratione,
2452 4244 2767 4315 compositis
2800 4243 2871 4297 ad
2900 4242 3139 4297 invicem
3173 4240 3343 4315 εὐχῆς
3369 4248 3436 4297 'et
3483 4238 3671 4294 ἐλαίου
3700 4259 3795 4297 vo-

2137 4338 2312 4391 cibus.
2348 4332 2760 4405 Haecille;qui
2800 4349 2999 4387 vereor
3046 4336 3110 4387 ut
3162 4337 3282 4386 tam
3336 4332 3503 4386 facile
3563 4336 3799 4402 praestet

2139 4424 2475 4496 aequitatem
2501 4440 2619 4478 suae
2633 4439 2812 4477 censu
2823 4438 2899 4477 rae
2913 4421 3391 4493 quamMeursius
3407 4420 3478 4474 ab
3504 4420 3796 4491 interpre—

2141 4514 2363 4570 tatione
2402 4530 2513 4568 sua
2552 4512 2838 4567 barbarici
2914 4517 3113 4566 notam
3175 4509 3352 4566 eluat.
3403 4508 3549 4564 Nam
3600 4525 3801 4563 revera

2143 4608 2264 4659 tota
2294 4601 2639 4657 caeremonia
2659 4618 2723 4655 ac
2748 4600 2898 4655 ritus
2920 4599 3121 4654 multis
3137 4598 3502 4655 orationibus
3533 4614 3600 4653 ac
3620 4597 3798 4652 bene-

2144 4692 2500 4747 dictionibus
2545 4695 2823 4745 constans
2892 4706 3006 4760 quo
3081 4688 3533 4744 consecrabatur
3579 4686 3798 4755 oleum,

2150 4776 2439 4852 εὐχὲλαιον
2483 4783 2742 4834 vocatur.
2791 4776 3037 4830 Videtur
3057 4781 3251 4831 autem
3304 4779 3798 4830 auctornotarum

2152 4862 2221 4917 ad
2253 4857 2676 4929 Euchologium
2709 4858 2866 4911 idem
2900 4856 3009 4910 hoc
3041 4855 3165 4910 loco
3198 4872 3430 4927 passus,
3475 4856 3629 4924 quod
3691 4855 3801 4908 hu-

2152 4950 2412 5006 manitus
2456 4947 2520 5020 [P
2576 4947 2704 5017 387]
2764 4946 3083 5018 contigisse
3142 4944 3317 5000 refert
3368 4943 3593 5000 Gellius
3644 4944 3683 4998 l.
3723 4960 3806 4998 vn

2152 5038 2405 5096 Noctium
2456 5038 2782 5101 Atticarum,
2802 5052 2851 5091 ο.
2872 5036 2962 5100 l7,
2986 5033 3371 5106 grammatico
3385 5032 3623 5089 cuidam
3649 5031 3803 5088 cele-

2153 5127 2241 5182 bri
2295 5144 2327 5180 a
2369 5143 2433 5180 se
2478 5126 2841 5195 interrogato
2887 5124 2958 5177 de
3008 5121 3247 5177 notione
3296 5121 3464 5177 ‘vocis
3512 5122 3802 5177 obnoxius.

2159 5233 2274 5287 quo
2307 5215 2391 5270 sic
2422 5214 2499 5268 ibi
2524 5212 2747 5267 Gellius
2780 5212 3021 5267 scribit:
3059 5211 3178 5279 Qua
3204 5227 3333 5267 vero
3364 5211 3469 5265 ille
3488 5212 3811 5280 grammati-

2155 5321 2248 5362 cus
2277 5304 2535 5375 ﬁnitione
2564 5318 2698 5357 usus
2728 5310 2830 5365 est,
2856 5316 2921 5355 ea
2948 5300 3157 5356 videtur
3192 5300 3253 5355 in
3282 5300 3453 5356 verba
3479 5304 3595 5355 tam
3612 5301 3807 5355 multi-

2152 5395 2289 5468 plici
2319 5410 2493 5449 unam
2524 5392 2896 5447 tantummodo
2953 5390 3372 5462 usurpationem
3417 5390 3537 5461 ejus
3573 5398 3805 5445 notasse.

2153 5485 2245 5541 Sic
2278 5484 2435 5540 enim
2471 5487 2527 5537 et
2547 5482 2609 5536 P.
2643 5481 2814 5547 Goar,
2843 5497 2976 5536 cum
3010 5479 3207 5552 plures
3243 5476 3535 5552 εὗχελαίου
3582 5477 3807 5550 species

2155 5574 2394 5638 fuerint,
2427 5572 2627 5627 omnia
2659 5571 2728 5625 ad
2764 5586 2942 5626 unam
2977 5569 3179 5637 trahit,
3208 5585 3337 5624 eam
3371 5585 3485 5640 qua
3510 5566 3699 5622 oleum
3736 5566 3806 5621 ad

2155 5662 2494 5719 unctionem
2538 5660 2909 5716 inﬁrmorum
2974 5660 3331 5731 parabatur;
3364 5673 3398 5712 a
3445 5672 3563 5729 qua
3610 5660 3805 5711 tamen

2156 5753 2281 5825 ipse
2331 5748 2471 5807 alibi
2527 5749 2814 5807 diversam
2859 5754 3149 5807 memorat
3198 5765 3255 5822 p.
3297 5746 3423 5819 441,
3477 5745 3649 5818 cujus
3678 5741 3812 5800 ἀκο-
