4072 6390
430 361 570 427 1027

1482 374 1547 427 p.
1586 372 1868 427 possm!
1906 360 2528 431 osssam'rlonuu
2568 368 2700 427 LIB.
2740 371 2788 429 ι.

3675 373 3792 445 1⁰28

427 491 654 551 λουθίαν
686 493 805 551 sive
830 493 1087 551 ofﬁcium
1120 511 1186 551 ac
1214 494 1668 551 consecrationis
1718 495 1893 551 ritum
1956 494 2078 551 edi-
2103 498 2163 564 A
2194 494 2357 551 nulla
2402 500 2625 552 restare
2670 495 2925 564 vestigia
2980 494 3258 568 Zeuxippi
3288 499 3531 553 testatur
3556 454 3791 569 Gylliusi,

425 596 557 649 tum
589 606 651 646 se
682 590 897 646 vidisse
940 588 1039 655 ait,
1058 586 1166 643 etsi
1201 603 1317 641 suae
1337 584 1663 639 collectioni
1690 601 1803 640 non
1827 601 2071 642 curave-

428 683 507 738 rit
576 682 835 735 inserere
878 682 1115 749 propter
1148 674 1544 747 suspicionem
1578 675 1889 745 cujusdam
1925 674 1984 729 in
2008 691 2074 731 eo

426 764 881 839 ἐθελοθρησκείας
914 773 971 823 et
1001 765 1461 839 superstitionis.
1495 765 1661 820 Certe
1692 764 1799 821 hoc
1842 781 2075 836 quoque

427 863 599 931 cujus
632 859 725 914 hic
753 858 1137 929 Pochymeres
1162 854 1432 909 meminit
1459 846 1773 927 εὐχὲλαιον,
1826 858 1953 909 tum
2004 853 2076 909 ab

427 948 527 1004 illo
578 963 696 1003 non
748 947 1043 1001 immerito
1087 944 1284 1010 Goari,
1348 950 1620 1013 suspecto
1652 942 1945 998 euchelaso
1971 960 2074 1015 pro

427 1037 903 1107 mortuis,quam
953 1032 1135 1090 Graeci
1180 1038 1394 1087 vocant
1430 1030 1655 1100 τελετὴν
1703 1029 1889 1085 ἐλαίου
1939 1031 2073 1107 ὑπὲρ

420 1129 530 1179 τῶν
563 1121 964 1195 κοιμηθέντων,
1000 1131 1120 1177 tum
1154 1140 1187 1177 a
1217 1122 1652 1177 consecratione
1686 1120 1799 1176 olei
1850 1138 1953 1193 pro
1984 1122 2073 1176 in-

422 1216 635 1283 ﬁrmis,
673 1213 981 1269 manifeste
1040 1211 1339 1265 diversum
1392 1216 1502 1266 est.
1552 1210 1700 1277 Quin
1733 1211 1931 1265 docuit
1983 1228 2076 1266 me

424 1302 851 1361 eruditissimis
884 1300 1137 1355 Allatius
1170 1316 1281 1354 usu
1314 1299 1640 1356 obtinuisse
1670 1300 1823 1371 apud
1849 1300 2076 1356 Graecos

424 1398 489 1449 ut
518 1392 759 1463 quidam
793 1392 943 1445 ritus
977 1385 1242 1463 εὐχὲΛαια
1263 1394 1562 1458 vocentur,
1596 1388 1654 1443 in
1675 1389 1889 1460 quibus
1941 1389 2073 1443 nul-

419 1480 513 1538 lus
557 1481 668 1537 olei
723 1498 867 1536 usus
919 1479 1252 1547 intervenit,
1295 1479 1383 1533 uti
1434 1477 1685 1549 exempli
1734 1478 1923 1549 gratia
1968 1476 2075 1532 ali-

423 1568 908 1644 quando,inquit,
941 1566 1145 1624 ﬂorem
1172 1572 1269 1622 aut
1293 1566 1589 1622 ramulum
1634 1567 1822 1621 sancti
1872 1567 2076 1636 cujus-

424 1661 582 1733 piam
617 1658 861 1730 reliquis
895 1662 996 1713 aut
1036 1656 1279 1729 imagini
1322 1655 1625 1727 praecipua:
1664 1655 2075 1722 ivenerationis

424 1750 730 1806 admotum
759 1749 827 1803 ad
861 1764 1080 1820 aegrum
1113 1747 1405 1815 deferunt,
1438 1745 1855 1816 quiconfldens
1887 1746 2073 1801 sancti

423 1841 552 1911 ejus
588 1839 854 1910 precibus
880 1837 1098 1909 juvari,
1131 1853 1197 1891 eo
1244 1833 1509 1903 ﬂosculo,
1536 1851 1699 1889 ramo
1744 1838 1846 1888 aut
1894 1835 2068 1889 etiam

2186 587 2399 641 rudera
2450 585 2509 642 in
2533 586 2691 639 στοάν
2753 588 3027 657 porticum
3074 585 3397 653 eﬂ‘ormata,
3442 588 3601 658 juxta
3636 607 3787 660 quam

2179 675 2387 747 spatiis
2448 678 2645 732 vacuis
2690 681 2855 749 septo
2903 675 3283 731 circumdatis
3335 675 3638 733 multitudo
3690 680 3791 736 hac

2179 770 2483 836 captorum
2510 764 2663 821 bello
2697 766 3071 833 Latinorum,
3118 782 3295 836 quam
3330 764 3490 821 urbis
3537 767 3784 824 ordinarii

2180 870 2441 910 carceres
2473 855 2673 910 minus
2704 859 3001 926 caperent,
3044 853 3322 910 conclusa
3367 862 3498 911 tnnc
3546 856 3704 911 fuerit
3742 863 3789 914 et

2178 941 2297 999 hinc
2330 956 2362 1000 a
2394 950 2594 999 nostro
2622 950 2722 1012 τῆς
2756 943 3059 1013 Ζευξίππου
3093 943 3369 1015 (subaudi
3395 946 3569 1013 στοᾶς)
3600 941 3785 1021 φυλακή

2178 1040 2399 1090 vocata.
2459 1035 2553 1089 Sic
2585 1034 2760 1089 hodie
2815 1034 2970 1105 apud
3029 1032 3351 1104 Algerium,
3410 1051 3477 1089 ex
3523 1035 3685 1089 veteri
3720 1035 3789 1090 lol

2177 1127 2413 1181 cwsarz’a
2462 1124 2856 1178 deformatum
2905 1140 3140 1192 nomen,
3192 1139 3225 1178 a
3266 1123 3467 1194 piratis
3520 1123 3661 1194 capti
3704 1140 3789 1178 cu-

2180 1214 2519 1269 stodiuntur
2553 1213 2611 1268 in
2644 1212 2872 1283 balneo,
2905 1212 2997 1269 net
3026 1214 3224 1281 bagno,
3260 1215 3430 1284 prout
3452 1211 3523 1267 ab
3568 1213 3790 1282 expertis

2181 1302 2516 1357 didicimus.

2253 1404 2489 1474 Ζυγῆνοι
2546 1401 2607 1455 in
2640 1399 2812 1456 titulo
2880 1399 3068 1471 captis
3100 1398 3189 1468 42,
3224 1398 3262 1453 l.
3323 1415 3384 1466 ιι,
3420 1396 3656 1471 (ρ.6)τὰ
3681 1396 3793 1451 κατᾶ

2176 1488 2310 1550 τοὺς
2346 1490 2636 1563 ζυγήνους,
2683 1495 2742 1545 et
2781 1489 3059 1545 similiter
3092 1489 3151 1543 in
3184 1487 3352 1543 titulo
3385 1506 3432 1543 c.
3481 1488 3564 1556 13,
3615 1486 3791 1542 ἀπολο-

2181 1577 2277 1652 γία
2322 1582 2429 1632 τῶν
2480 1579 2743 1651 ζυγήνων.
2780 1584 2917 1633 Esse
2972 1578 3082 1634 hoc
3130 1594 3336 1632 nomen
3372 1594 3487 1632 non
3521 1578 3788 1649 proprium

2182 1672 2395 1742 gentis,
2457 1672 2556 1726 sed
2617 1670 3054 1741 appellativum,
3105 1673 3172 1724 ut
3231 1666 3457 1743 ἀγρόται
3537 1669 3672 1726 565
3748 1672 3793 1723 et

2184 1762 2444 1832 χωρῖται,
2505 1759 2725 1829 quibus
2783 1760 2927 1813 istos
2985 1757 3134 1814 alias
3194 1758 3495 1815 vocabulis
3549 1758 3792 1829 indigitat

2186 1854 2405 1914 Noster,
2438 1849 2745 1903 manifeste
2779 1852 2941 1920 parte
2988 1865 3058 1903 ex
3104 1848 3219 1903 fine
3252 1847 3460 1920 capitis
3496 1848 3578 1917 43,
3604 1847 3693 1902 ubi
3720 1847 3788 1902 sic

418 1895 603 1984 linteo
648 1895 906 1982 dolentia
959 1895 1390 1981 sibi’membra
1445 1895 1749 1994 contingit.
1819 1924 1953 1989 Hoc,
2008 1928 2065 1977 ut

2186 1895 2405 1914 """""
2438 1895 2744 1903 ⁸”’““’⁸“““”“’”
2779 1895 2873 1920 ι”“·’
2891 1895 2940 1902 ’⁷
2992 1895 3058 1903 ⁷-
3104 1895 3217 1903 ’⁸-⁷
3254 1895 3460 1920 ““ἰ””““’
3502 1895 3578 1917 ’ν’
3607 1895 3693 1902 “’”’
3720 1895 3786 1902 ”“⁷

2183 1938 2396 2010 legitur
2442 1937 2501 1993 in
2560 1937 2849 1994 Allatiano
2908 1938 3092 1992 Ταῦτα
3150 1936 3272 2011 περὶ
3330 1935 3459 1998 τοὺς
3508 1940 3600 1989 τοῦ
3656 1937 3792 2009 ζυγοῦ

419 2019 519 2090 qui
552 2017 695 2071 vidit
728 2017 838 2070 [ide
882 2015 1276 2087 dignissimus
1326 2018 1603 2083 testatur,
1638 2008 1925 2085 εὐχὲλαιον
1965 2030 2070 2085 ap-

421 2107 662 2180 pellant.
700 2106 901 2178 Neque
962 2104 1053 2159 hic
1087 2102 1275 2157 ἐλαίου
1324 2104 1680 2158 mentionem
1752 2100 1954 2175 κυρίως
2006 2119 2070 2158 ac

419 2197 673 2269 proprie,
706 2194 803 2249 sed
824 2196 1097 2265 μυστικῶς
1131 2198 1185 2248 et
1226 2192 1469 2263 figurate
1526 2192 1795 2261 usurpari
1839 2196 2070 2261 putant,

420 2290 717 2357 quatenus
748 2282 857 2338 olei
881 2282 1147 2352 symbolo
1176 2281 1301 2350 Dei,
1328 2297 1453 2352 quae
1485 2280 1577 2335 his
1610 2280 1821 2335 ritibus
1853 2280 2071 2352 implo-

418 2378 602 2443 ratur,
665 2371 1072 2426 misericordia
1128 2371 1541 2441 designaretur
1604 2376 1659 2425 et
1722 2363 1903 2423 ἔλαιον
1962 2366 2069 2423 ἐντὶ

416 2452 575 2515 ἐλέου
605 2456 875 2517 sumitur.

491 2583 794 2654 Ζευξίππου
877 2580 1095 2661 φυλακή
1174 2601 1230 2655 ρ.
1307 2584 1431 2638 519.
1502 2582 1638 2655 Agit
1710 2584 1781 2638 de
1841 2583 2066 2640 Latinis

414 2675 604 2747 captis
634 2676 704 2730 ad
732 2670 1899 2745 Bclidagrama,quosConstantinopolim
1932 2673 2069 2728 due-

406 2768 498 2820 tos
531 2768 588 2819 et
609 2764 729 2819 illic
760 2768 1088 2819 ostentatos
1122 2761 1299 2833 plebi,
1352 2761 1568 2816 deinde
1614 2759 1697 2816 ait
1742 2761 2065 2818 historicus

404 2851 467 2907 in
516 2852 673 2907 hunc
723 2869 897 2921 quem
957 2855 1171 2907 vocant
1234 2854 1335 2916 τῆς
1401 2848 1704 2919 Ζευξίππου
1787 2850 2063 2922 Zeuxippi

408 2957 704 2997 carcerem
738 2942 919 2996 fuisse
952 2938 1279 2995 conclusos.
1308 2937 1553 2993 Nullum
1609 2937 1723 2991 vidi
1777 2937 2059 2992 idoneum

410 3036 711 3086 auctorem
764 3030 865 3102 qui
902 3029 1085 3085 fuisse
1117 3025 1627 3097 Constantinopoli
1658 3043 1952 3082 carcerem
1976 3027 2060 3082 sic

411 3118 643 3173 dictum
677 3118 897 3173 doceat.
918 3116 1260 3188 Procopius,
1292 3115 1369 3170 1.ι
1404 3121 1480 3171 Pe
1513 3115 1636 3170 bell.
1673 3119 1830 3170 Pers.
1893 3132 1949 3187 p.
1992 3116 2063 3170 70

405 3209 496 3263 ed.
534 3212 671 3279 Reg,
696 3212 752 3262 et
783 3206 822 3262 1.
865 3209 1001 3263 item
1038 3224 1054 3261 ι
1094 3211 1173 3261 De
1206 3207 1365 3276 ccc/if.
1410 3205 1560 3276 p.23
1600 3200 1888 3278 βαλανείου
1941 3206 2063 3259 bal-

401 3300 497 3352 nei
551 3299 763 3369 publici
820 3297 1093 3352 meminit
1139 3297 1295 3367 quod
1344 3295 1371 3347 ὁ
1405 3292 1702 3365 Ζεύξιππος
1732 3299 2055 3350 vocaretur.

403 3387 768 3457 Nicephorus
799 3389 940 3443 item
964 3384 1376 3451 Callisti.l.1x,
1410 3401 1461 3438 c.
1489 3384 1545 3451 9,
1568 3400 1622 3454 p.
1657 3383 1858 3437 697ed.
1882 3383 2063 3441 Paris.

404 3472 673 3548 δημόσιον
707 3474 937 3548 λουτρὸν
971 3472 1270 3550 περιφανές
1319 3492 1377 3525 τε
1407 3472 1496 3525 καὶ
1548 3470 1823 3544 μέγιστον,
1873 3473 2064 3542 publi-

400 3583 528 3621 cum
569 3568 864 3621 lavacrum
911 3566 1278 3635 conspicuum
1326 3566 1381 3617 et
1426 3562 1760 3627 maximum,
1802 3560 1893 3614 τὸν
1927 3560 2063 3613 Ζεύ-

400 3655 594 3727 ξιππον
630 3655 814 3708 fuisse
845 3652 1219 3707 nominatum
1254 3650 1452 3704 tradit.
1486 3649 1770 3705 Thermas
1802 3667 1833 3705 a
1856 3650 2063 3705 Severo

397 3743 664 3798 conditas
722 3742 830 3798 has
900 3742 1094 3796 ferunt
1162 3742 1219 3795 in
1282 3740 1502 3811 templo
1558 3737 1682 3799 Διὸς
1764 3737 2065 3811 Ζευξίππου

401 3829 562 3885 Jovis
596 3846 780 3902 equos
805 3830 1075 3902 jugentis
1122 3846 1221 3885 seu
1280 3845 1457 3884 curru
1517 3829 1849 3897 subjunctis
1896 3829 2065 3898 equis

398 3923 585 3974 tracto
613 3919 907 3987 vehentis,
944 3919 1099 3991 quod
1147 3916 1448 3988 Ζευξίππου
1498 3934 1613 3972 vox
1664 3918 1907 3983 indicat,
1951 3918 2064 3973 for-

398 4015 559 4066 tasse
600 4010 684 4066 sic
730 4010 891 4065 dicto
943 4010 1041 4081 qui
1092 4008 1195 4065 tali
1241 4008 1435 4081 specie
1468 4008 1701 4079 Jupiter
1738 4008 1877 4063 olim
1906 4007 1965 4062 in
1996 4026 2063 4064 eo

402 4099 623 4172 templo
666 4100 899 4156 effictus
982 4100 1291 4155 videretur.
1362 4099 1440 4153 Ex
1495 4098 1670 4153 veteri
1735 4115 1906 4169 porro
1962 4097 2063 4152 illo

405 4191 540 4246 fano
572 4191 921 4246 vocabulum
957 4190 1265 4246 recentiori
1302 4190 1691 4244 Thermarum
1727 4188 1970 4243 aedilicio
2011 4188 2063 4244 ei

400 4281 687 4351 adjuncto
721 4279 1043 4335 adhaesisse
1067 4282 1329 4350 apparet.
1359 4282 1575 4349 Estque
1599 4276 1651 4331 id
1681 4275 2062 4333 verisimilius

400 4386 580 4440 quam
625 4371 777 4441 quod
815 4369 913 4423 alii
944 4368 1344 4435 suspicantur,
1381 4384 1413 4421 a
1438 4365 1643 4421 Zeuxis
1687 4366 1929 4437 pictoris
1967 4370 2060 4421 ta-

402 4458 578 4528 bulis,
615 4457 818 4529 quales
851 4456 971 4513 illic
1021 4460 1375 4528 prostarent,
1422 4455 1613 4511 locum
1668 4455 2057 4513 nominatum.

401 4547 625 4603 Statuis
679 4546 835 4601 enim
897 4551 954 4602 et
1005 4545 1193 4617 signis
1251 4544 1436 4600 fuisse
1485 4544 1721 4599 videtur
1770 4544 2060 4616 insignior

2181 2025 2626 2102 διαπραξάμενοι.
2687 2033 2767 2084 En
2848 2045 2998 2099 quos
3076 2028 3345 2102 ζυγήνους
3418 2028 3648 2094 dixerat,
3684 2027 3790 2098 jam

2178 2116 2305 2178 τοὺς
2338 2121 2433 2170 τοῦ
2468 2116 2631 2192 ζόγου
2689 2124 2874 2189 vocat,
2938 2118 3047 2173 hoc
3099 2124 3210 2186 est,
3236 2119 3446 2190 jugum
3488 2118 3794 2172 incolentes.

2181 2208 2535 2263 Barberinus
2612 2214 2811 2263 tamen
2896 2212 2953 2264 et
3020 2208 3348 2264 Vaticanus
3411 2224 3601 2263 vocem
3655 2206 3794 2279 ζυγή-

2180 2318 2305 2359 vom;
2332 2298 2424 2352 hic
2457 2315 2686 2370 quoque
2719 2299 2998 2353 retinent.

2250 2393 2595 2471 ἸΙμιάνδριοι
2665 2415 2719 2469 ρ.
2798 2398 2922 2453 351.
3004 2398 3153 2462 Quid
3232 2397 3393 2452 aliud
3468 2390 3795 2468 ἡμιανδρίους

2180 2488 2642 2559 interpretemur
2688 2488 2749 2543 in
2798 2486 3080 2543 comitatu
3130 2487 3383 2559 virginis
3434 2486 3598 2557 regias
3640 2499 3791 2556 quam

2180 2577 2488 2632 semiviros
2519 2576 2843 2644 eunuchos,
2873 2575 3208 2632 ministrare
3264 2577 3323 2631 in
3356 2575 3580 2631 Oriente
3607 2571 3793 2646 princi-

2180 2666 2353 2738 pibus
2388 2665 2621 2721 feminis
2650 2665 2853 2721 solitos
2881 2664 2909 2719 ?

2250 2761 2516 2837 Θεραπεία
2567 2764 2778 2835 p.214.
2822 2767 2960 2820 Orat
3007 2765 3331 2835 imperator
3360 2760 3793 2819 excommunica-

2178 2860 2275 2910 tus
2329 2854 2720 2925 patriarobam
2773 2856 2870 2906 τοῦ
2904 2849 3106 2924 δεσμοῦ
3157 2852 3249 2906 ὸντ
3298 2852 3477 2921 ἱκέτην
3504 2846 3791 2905 ἆνεῖναικαὶ

2181 2940 2543 3017 μετεγνωκότι
2573 2943 2672 3011 τὴν
2726 2940 3010 3017 θεραπείαν
3042 2940 3264 3016 ἐπάγειν
3298 2943 3363 3012 ἣν
3398 2941 3592 3002 ἐκεῖνος
3624 2936 3793 3015 βούλε-

2175 3053 2286 3088 ται.
2336 3032 2437 3087 Hic
2494 3031 2750 3103 θεραπεία
2824 3031 3181 3103 peculiarem
3255 3039 3314 3088 et
3374 3029 3793 3088 ecclesiasticam

2177 3121 2353 3177 habet
2424 3122 2744 3190 notionem,
2798 3120 3139 3193 significans
3212 3138 3391 3193 opera
3437 3137 3561 3192 quae
3618 3118 3795 3173 vocant

2173 3210 2499 3280 satisfactio,
2536 3216 2676 3282 puta
2718 3210 2967 3281 jejunia,
3016 3209 3465 3266 humiliationes
3508 3214 3562 3265 et
3606 3204 3793 3263 similia

2177 3300 2257 3354 rei
2292 3299 2489 3370 magni
2548 3304 2604 3353 et
2635 3298 2854 3370 publici
2887 3298 3154 3354 criminis
3187 3300 3255 3353 ad
3302 3298 3678 3371 expiationem
3715 3309 3793 3348 ca-

2172 3388 2442 3443 nonicam
2487 3388 2722 3459 injungi
2757 3388 2933 3443 solita
2964 3389 3142 3444 veteri
3177 3389 3453 3444 Ecclesiae
3494 3385 3793 3457 disciplina.

2172 3479 2360 3542 Quare
2384 3475 2641 3551 Θεραπεία
2674 3478 2766 3532 hic
2796 3478 2852 3532 id
2890 3478 3088 3548 ipsum
3119 3483 3207 3533 est
3241 3479 3397 3551 quod
3436 3475 3618 3533 Latini
3648 3470 3801 3529 eccle-

2171 3568 2258 3624 sia
2282 3568 2421 3623 stici
2468 3567 2788 3639 scriptores
2840 3567 3229 3640 paenitentiam
3277 3572 3519 3634 vocant;
3549 3564 3626 3620 uti
3652 3560 3798 3636 pleni-

2170 3661 2366 3723 tentes,
2403 3657 2501 3727 qui
2566 3656 2767 3727 culpas
2815 3657 3076 3728 expiant,
3135 3657 3473 3729 suppliciis,
3506 3644 3799 3728 θεραπευταί

2173 3746 2421 3817 Philoni,
2458 3746 2518 3802 S.
2554 3745 2769 3802 Basilio
2802 3750 2858 3801 et
2886 3745 3018 3801 aliis
3051 3746 3272 3803 Graacis
3306 3747 3594 3802 dicuntur.
3626 3744 3799 3798 Talem

2172 3838 2324 3908 apud
2352 3835 2766 3905 Pachymerem
2797 3852 2927 3892 esse
2960 3836 3371 3907 signiﬁcatum
3417 3835 3589 3906 hujus
3632 3829 3785 3895 vocis,

2170 3929 2538 3982 demonstrat
2587 3926 2743 3996 quod
2788 3925 2943 3981 infra
2991 3926 3195 3981 eodem
3254 3927 3443 3998 capite
3494 3920 3786 3995 patriarcha

2172 4015 2508 4087 imperatori
2539 4012 2819 4089 θεραπείαν
2852 4012 3107 4087 πράττειν
3152 4014 3503 4089 προσέταττε.
3529 4014 3595 4068 Et
3640 4007 3785 4083 paulo

2172 4110 2303 4178 post
2328 4105 2448 4159 haec
2482 4104 2826 4175 patriarchas
2858 4105 2927 4159 ad
2983 4105 3403 4175 imperatorem
3459 4104 3627 4159 verba
3670 4094 3788 4153 reci-

2170 4198 2411 4250 tantur:
2459 4190 2760 4267 Θεραπείαν
2814 4190 2961 4247 ποίει
3004 4191 3095 4246 καὶ
3143 4189 3415 4266 δὲξομαιε
3465 4194 3533 4249 ad
3581 4189 3789 4246 verbum

2166 4287 2260 4353 [ac
2317 4285 2710 4354 paenitentiam
2767 4288 2819 4339 et
2870 4284 3163 4354 accipiam.
3196 4282 3363 4340 Unde
3412 4300 3543 4339 mox
3590 4280 3792 4336 vocatur

2171 4371 2489 4433 ἀντίποινος
2520 4371 2797 4446 θεραπεία,
2831 4376 2887 4427 et
2917 4372 3151 4428 additur
3184 4389 3313 4428 eam
3349 4374 3600 4445 quadam
3627 4379 3788 4439 sequa-

2168 4463 2332 4518 litate
2366 4461 2719 4533 respondere
2753 4462 3025 4535 gravitati
3060 4461 3326 4518 criminis
3357 4462 3586 4517 debere.

2241 4559 2326 4633 [P.
2375 4559 2505 4629 388]
2562 4556 2870 4633 Ἰερολογία
2927 4576 2983 4630 p.
3041 4558 3170 4614 225.
3230 4558 3382 4623 Quid
3435 4559 3513 4614 sit
3557 4557 3659 4612 hoc
3688 4553 3787 4608 loco

407 4654 587 4709 quam
620 4636 842 4691 tabulis
869 4651 881 4688 :
908 4634 1037 4689 vide
1069 4651 1195 4706 qua:
1231 4650 1300 4689 ne
1332 4633 1441 4687 loci
1466 4633 1593 4703 ejus
1617 4637 1825 4688 ornatu
1861 4635 2059 4705 exqui-

2180 4644 2459 4722 ιερολογία
2488 4654 2545 4703 et
2574 4645 2886 4722 ἱερολοχεῖν
2924 4648 3129 4703 merito
3162 4649 3465 4720 quaeritur.
3499 4647 3600 4702 Vir
3628 4637 3787 4699 erudi-

404 4726 693 4783 sitissimo
736 4723 971 4796 collegit
1018 4740 1048 4779 e
1096 4723 1393 4779 veteribus
1447 4722 1654 4777 Petrus
1687 4722 1913 4790 Gyllius
1943 4722 1982 4779 l.
2017 4740 2059 4777 ιι

409 4818 483 4873 Dc
534 4819 713 4889 pogto.
750 4814 986 4871 Constan
1017 4822 1081 4880 t.,
1114 4830 1163 4868 c.
1223 4815 1280 4881 7,
1334 4812 1432 4867 ubi
1486 4812 1773 4883 prohvum
1826 4812 2061 4869 exhibet

408 4905 746 4978 catalogum
779 4908 1111 4960 statuarum
1143 4900 1262 4956 illic
1302 4901 1642 4957 electarum.
1677 4904 2058 4971 Frequentari

412 4994 654 5050 solitum
678 5010 967 5050 concursu
999 4991 1364 5047 curiosorum
1397 4989 1619 5045 indicat
1660 4990 2059 5050 Nazianzenus

407 5088 559 5138 orat.
590 5084 682 5149 25,
718 5084 817 5137 ubi
857 5083 1223 5153 Zeuxippum
1279 5084 1589 5152 propterea
1635 5086 1804 5135 vocat
1850 5097 2058 5137 novam

400 5171 752 5239 Jerusalem,
786 5173 943 5242 quod
977 5170 1195 5241 templo
1245 5186 1278 5223 a
1317 5170 1371 5223 S.
1427 5167 1639 5223 Helena
1694 5168 1752 5222 in
1793 5169 2059 5226 Calvario

402 5260 640 5315 condita
687 5258 738 5313 ei
806 5276 952 5313 nova
1008 5258 1339 5314 Jerusalem
1379 5262 1580 5312 vocato
1635 5257 1948 5329 splendore
1996 5278 2062 5316 ae

407 5348 849 5419 magnificentia
881 5364 998 5402 non
1029 5348 1277 5403 cederet.
1312 5347 1500 5411 Quare
1532 5345 1693 5402 solus
1749 5346 2059 5421 Pachyme-

405 5456 499 5495 res
553 5435 801 5494 articulo
879 5437 1015 5491 fem.
1071 5437 1305 5507 generis
1359 5441 1461 5503 τῆς
1519 5434 1817 5505 Ζευξίππου
1889 5434 2063 5513 φυλα-

401 5529 504 5599 κήν
553 5527 785 5593 dixerit,
844 5541 960 5580 non
1020 5524 1190 5595 plane
1247 5525 1527 5597 comperi.
1580 5525 1931 5597 Suspicabar
1960 5546 2063 5600 po-

400 5618 750 5678 sterioribus
799 5613 1191 5686 temporibus,
1232 5613 1493 5686 collapsa
1541 5631 1658 5670 aavo
1702 5620 1868 5687 parte
1911 5618 2064 5673 anti-

403 5722 656 5781 quarum
705 5704 1053 5761 balnearum
1088 5704 1247 5773 (nam
1279 5706 1415 5758 ante
1446 5702 1553 5759 hos
1597 5707 1834 5763 centum
1878 5725 2063 5772 annos

2168 4743 2284 4810 tus,
2319 4738 2506 4793 editor
2537 4743 2593 4792 et
2648 4737 2971 4792 illustrator
3021 4737 3360 4810 Euchologii
3411 4738 3531 4793 sive
3578 4727 3791 4789 Ritualis

2168 4828 2523 4895 Grecorum,
2555 4824 2863 4901 ἱερολογίας
2896 4842 3063 4883 sacra
3108 4827 3348 4896 registra
3401 4822 3792 4897 interpretatur

2168 4922 2227 4973 et
2254 4912 2568 4988 ἱερολογεῖν
2601 4918 2662 4971 in
2692 4917 2938 4985 regislra
2968 4931 3268 4972 recensere.
3298 4915 3640 4973 Describens
3660 4906 3789 4966 enim

2169 5007 2229 5061 in
2276 5004 2630 5076 Euchologio
2664 5022 2719 5076 p.
2769 5006 2878 5060 268
2927 5009 2986 5061 et
3039 5006 3427 5077 sequentibus
3477 4998 3790 5072 opusculum

2168 5096 2262 5151 cui
2298 5094 2504 5149 tilulus
2528 5100 2620 5169 est
2650 5092 2814 5162 Τάξις
2842 5099 2942 5161 τῆς
2990 5092 3147 5167 ἁγίας
3201 5092 3464 5169 Μεγάλης
3512 5084 3790 5155 ἐκκλησίαςο

2170 5185 2291 5240 hac
2320 5201 2388 5239 ex
2417 5200 2483 5239 eo
2513 5168 2689 5239 verba
2719 5184 2791 5239 de
2814 5176 3442 5257 chartophylace,¢’a’xwv
3474 5178 3634 5239 δὲτὰς
3663 5176 3788 5245 ἱερο-

2169 5272 2359 5348 λογίας
2417 5276 2836 5343 τὼμνηστειῶν,
2888 5271 3190 5348 ἱερολογῶν
3240 5270 3433 5333 αὖτάςε
3488 5270 3569 5327 sic
3615 5262 3789 5323 Latine

2170 5363 2397 5419 reddit:
2435 5362 2612 5417 Sacra
2650 5364 2877 5434 insuper
2927 5365 3167 5432 registra
3213 5359 3684 5418 matrimoniorum
3712 5364 3790 5422 pe-

2167 5469 2262 5508 nes
2291 5468 2347 5506 se
2380 5451 2559 5519 habet,
2594 5468 2719 5522 quae
2742 5460 3038 5523 postquam
3086 5451 3147 5506 in
3192 5451 3425 5524 registra
3471 5437 3790 5504 reccnsucrﬂ.

2172 5541 2319 5597 Huic
2349 5540 2701 5611 expositioni
2739 5558 2906 5596 meus
2924 5558 3014 5596 me
3040 5546 3199 5596 vetat
3220 5546 3419 5597 auctor
3442 5538 3792 5607 acquiescere,

2173 5630 2315 5685 dum
2364 5627 2458 5683 hic
2501 5628 3038 5702 εονὶὺὶιπρονόμιον
3065 5630 3250 5687 fuisse
3284 5617 3724 5698 chartophylacis
3742 5614 3793 5667 ut

2179 5723 2329 5777 nutu
2353 5717 2766 5792 arbitratuque
2810 5720 3100 5779 duntaxat
3120 5718 3308 5793 ipsius
3324 5717 3446 5777 istas
3465 5715 3791 5790 quaecunque
