4072 6436
325 376 473 451 1029

1801 376 2286 441 GLOBSARIUM.

3612 374 3760 450 1030

327 504 570 559 demum
621 504 745 561 sint
774 506 1101 579 Hierologise
1135 509 1358 566 ﬁerent.
1414 510 1739 583 Hesychius
1788 507 1991 583 προνό-
2022 510 2077 576 Α
2106 507 2352 565 ecclesia
2383 509 2490 566 rite
2525 512 2901 569 matrimonio
2924 514 3282 587 junguntur;
3334 516 3391 572 id
3451 520 3603 590 quod
3654 522 3760 577 du-

329 613 436 667 μια
469 611 599 650 esse
632 597 800 652 docet
827 598 895 650 τὰ
926 595 1260 674 ὀφειλόμενα
1300 604 1377 672 τῷ
1436 600 1727 673 ἀξιώματι,
1786 600 1996 655 decora

326 688 441 739 aut
468 683 775 757 privilegia
805 704 936 757 quae
966 688 1178 743 eximie
1196 690 1483 746 debentur
1504 691 1677 746 alicui
1698 688 1994 761 dignitati.

339 773 703 845 Splendidus
732 776 789 830 in
824 777 1033 848 primis
1065 795 1131 833 ac
1165 780 1501 850 praecellens
1526 778 1996 851 chartopbylacis

325 864 722 935 magistratus
754 871 880 920 est:
937 868 1029 920 cui
1092 873 1398 939 propterea
1452 870 1544 924 vix
1586 873 1780 925 estut
1839 866 1994 922 credi

324 953 519 1023 possit
576 954 927 1009 attributum
987 955 1114 1011 vice
1183 955 1490 1030 προνομίου
1558 964 1615 1013 et
1672 955 1994 1013 honorariae

323 1042 726 1114 praerogativa
763 1059 1010 1113 pensum
1036 1061 1101 1101 ac
1138 1046 1394 1101 laborem
1428 1065 1544 1102 non
1588 1046 1781 1115 solum
1818 1061 1995 1117 penes

322 1147 391 1187 se
423 1131 678 1188 habendi
704 1136 942 1205 registra
960 1136 1472 1203 matrimoniorum,
1494 1137 1595 1191 sed
1622 1137 1796 1191 etiam
1813 1151 1990 1190 manu

320 1221 564 1293 prOpria
596 1222 969 1289 conficiendi,
1002 1224 1245 1280 nomina
1276 1226 1632 1281 nubentium
1665 1227 1724 1281 in
1758 1226 1995 1293 registra

321 1310 682 1378 recensendo,
718 1317 783 1367 ut
832 1312 988 1367 idem
1050 1313 1341 1385 interpres
1394 1315 1675 1387 loquitur,
1737 1314 1991 1370 reddens

323 1399 681 1456 vocabulum
705 1398 1032 1476 ίερολογῶν,
1060 1420 1176 1474 quo
1191 1403 1489 1476 propriam
1515 1403 1988 1476 chartOphylacis

327 1490 697 1545 functionem
731 1491 967 1546 Graecus
1000 1491 1252 1564 scriptor
1283 1492 1619 1548 declaravit.
1655 1492 1832 1564 Atqui
1866 1491 1987 1547 hinc

327 1580 571 1651 quidem
605 1596 853 1635 munera
884 1581 1039 1637 566
1064 1581 1211 1635 nihil
1243 1582 1635 1637 honoriﬁcum
1668 1586 1772 1636 aut
1820 1585 1985 1636 tanto

326 1670 566 1741 fastigio
596 1670 834 1739 dignum
870 1670 1147 1726 habentia
1177 1672 1471 1728 actuarios
1504 1673 1699 1742 potius
1730 1687 1795 1727 ac
1855 1669 1984 1726 vul-

329 1777 502 1833 gares
534 1759 758 1817 scribas
786 1760 872 1815 vel
907 1761 979 1816 ad
1012 1778 1314 1816 summum
1374 1760 1652 1817 tabularii
1712 1761 1985 1816 custodes

331 1850 599 1904 deceant.
652 1850 846 1921 Longe
909 1850 1081 1905 aliter
1144 1849 1681 1906 Thessalonicensis
1736 1854 1984 1923 Symeon

332 1938 478 2010 quid
528 1938 893 1994 auctoritatis
951 1940 1104 1994 circa
1136 1939 1514 1994 matrimonia
1570 1937 1991 2011 chartophylax

334 2027 659 2082 exercuerit
690 2027 912 2082 indicat
945 2027 1037 2083 his
1083 2029 1314 2083 verbis:
1374 2026 1473 2083 Καὶ
1524 2027 1592 2081 τὰ
1647 2030 1753 2080 τῶν
1797 2028 1987 2102 γάμων

327 2113 586 2187 νομίμως
619 2116 895 2192 φροντίζει
936 2114 1199 2190 γίνεσθαι³
1238 2119 1302 2175 Ut
1352 2118 1601 2186 legitime
1645 2118 1994 2173 celebrentur

325 2206 694 2260 matrimonia
724 2214 904 2262 curat.
937 2209 1115 2262 Porro
1167 2206 1537 2261 institutione
1593 2205 1827 2271 Christi,
1889 2204 1990 2277 qui

327 2294 777 2350 matrimonium
805 2312 873 2350 ex
903 2294 1055 2351 civili
1080 2300 1386 2350 contractu
1430 2296 1488 2351 in
1548 2300 1988 2350 sacramentum

326 2383 539 2447 evexit,
574 2387 639 2437 ut
671 2383 726 2437 id
762 2384 870 2438 rite
904 2387 1267 2455 perpetretur
1300 2400 1448 2456 opus
1476 2388 1565 2438 est
1592 2399 1759 2438 sacra
1791 2382 1990 2454 aliqua

329 2470 716 2526 ecclesiastici
753 2472 1009 2526 ministri
1045 2472 1364 2537 iunctione,
1398 2488 1534 2541 qua,
1569 2476 1633 2526 ut
1686 2471 1989 2526 Evaristus

326 2560 759 2631 antiquissimae
794 2562 1054 2631 pontifex
1075 2560 1247 2632 epist.
1274 2561 1343 2615 ad
1377 2561 1636 2632 episcOp.
1693 2559 1988 2615 Africanos

333 2650 621 2722 loquitur,
677 2652 963 2705 nubentes
1004 2666 1099 2706 suo
1156 2660 1398 2720 tempore
1447 2649 1883 2715 sacerdotaliter,
1931 2659 1993 2705 ut

328 2756 444 2795 mos
500 2743 602 2806 est,
649 2755 769 2793 cum
828 2741 1077 2810 precibus
1119 2745 1171 2794 et
1227 2738 1595 2795 oblationibus
1626 2756 1659 2793 a
1712 2739 1991 2794 sacerdote

332 2831 748 2886 benedicuntur.
786 2829 976 2901 Hujus
1018 2829 1441 2885 benedictionis
1486 2831 1727 2885 effectus
1758 2831 1855 2901 qui
1889 2830 1985 2898 sit,

330 2921 501 2975 docet
524 2918 769 2974 Siricius
802 2919 940 2974 item
968 2919 1244 2990 pontifex,
1273 2918 1525 2990 epistola
1557 2921 1627 2973 ad
1661 2918 1984 2975 Himerium

329 3008 850 3078 Tarraconensem,
883 3024 931 3061 c.
967 3008 1022 3075 4,
1052 3008 1149 3062 ubi
1181 3008 1574 3079 interrogatus
1605 3010 1653 3062 si
1690 3007 1987 3079 desponsa-

329 3104 440 3151 tam
470 3096 582 3152 alii
604 3097 852 3168 puellam
882 3097 1024 3151 alter
1053 3095 1117 3150 in
1166 3099 1586 3151 matrimonium
1644 3099 1814 3166 possit
1844 3096 1986 3153 acci-

324 3202 477 3258 pere,
510 3189 823 3257 respondet
856 3203 868 3241 :
905 3187 1011 3240 Hoc
1050 3201 1116 3239 ne
1147 3187 1243 3256 ﬁat
1271 3187 1447 3241 modis
1478 3188 1733 3242 omnibus
1766 3187 1981 3242 inhibe-

324 3291 470 3343 mus,
503 3274 633 3345 quia
657 3274 761 3330 illa
812 3274 1134 3344 benedictio,
1193 3292 1357 3347 quam
1414 3279 1678 3347 nupturae
1732 3278 1981 3331 sacerdos

324 3368 567 3437 imponit
615 3366 761 3437 apud
818 3366 1026 3437 ﬁdeles,
1087 3368 1383 3439 sacrilegii
1428 3368 1608 3422 instar
1644 3376 1738 3436 est,
1790 3368 1840 3422 si
1867 3369 1987 3423 ulla

320 3455 762 3524 transgressione
778 3456 1038 3509 violetur.
1058 3458 1216 3509 Hanc
1231 3455 1696 3511 benedictionem
1725 3473 1987 3529 praesen-

324 3546 490 3602 tibus
522 3547 581 3601 in
616 3547 863 3602 ecclesia
885 3546 1118 3617 sponsis
1140 3564 1172 3601 a
1204 3549 1508 3602 sacerdote
1540 3549 1787 3603 conferri
1832 3550 1984 3603 anti-

328 3635 607 3708 quissimi
641 3653 741 3706 per
771 3652 977 3691 omnes
1017 3635 1293 3690 ecclesias
1356 3637 1536 3690 moris
1592 3643 1700 3691 est.
1761 3637 1984 3692 Concil.

330 3725 604 3796 Carthag.
633 3742 711 3792 1v,
745 3742 872 3779 can.
908 3740 1047 3778 xm:
1109 3723 1346 3793 Sponsiar
1399 3735 1451 3779 et
1481 3740 1683 3794 sponsa
1736 3742 1862 3779 cum
1894 3726 1983 3781 be-

325 3814 621 3869 nedicendi
674 3816 785 3869 sint
833 3831 865 3868 a
922 3812 1215 3881 sacerdote,
1276 3829 1309 3867 a
1355 3812 1677 3883 parentibus
1734 3816 1847 3869 suis
1901 3815 1986 3869 vel

330 3902 739 3975 paranymphis
772 3904 1095 3975 offerantur.
1123 3902 1269 3965 Quia
1299 3918 1432 3956 vero
1467 3902 1731 3974 episcopi
1766 3911 1853 3958 est
1883 3904 1982 3957 de-

326 3992 563 4064 signare
594 3992 977 4048 sacerdotem.
1022 4007 1193 4063 quem
1250 3991 1623 4061 potissimum
1677 3991 1815 4047 velit
1873 3992 1983 4047 ista

327 4098 495 4138 sacra
524 4081 678 4136 circa
709 4082 986 4151 conjuges
1018 4081 1365 4135 czeremonia
1412 4081 1671 4149 defungi,
1730 4081 1983 4152 patriar-

327 4171 448 4227 cha;
478 4168 1110 4241 Constantinopolitani
1145 4170 1295 4224 hanc
1319 4170 1550 4241 proprie
1580 4186 1780 4225 curam
1814 4172 1982 4226 char-

322 4259 617 4333 topbylaci
652 4260 773 4313 sive
807 4258 1155 4314 cancellario
1189 4275 1299 4313 sua
1347 4259 1868 4329 demandaverant,
1919 4264 1985 4314 ut

325 4350 413 4404 vel
446 4349 571 4421 ipse
597 4364 699 4419 per
729 4364 856 4403 sese
886 4348 1121 4418 sponsis
1153 4347 1262 4403 hoc
1294 4348 1467 4402 modo
1499 4348 1982 4415 benediceret,vel

324 4441 690 4493 sacerdotem
724 4436 964 4508 eligeret
991 4435 1091 4507 qui
1141 4435 1198 4489 id
1248 4437 1482 4503 faceret,
1539 4438 1681 4491 adeo
1715 4444 1779 4492 ut
1837 4438 1985 4493 citra

322 4528 450 4599 ejus
482 4543 792 4582 assensum
828 4543 894 4580 ac
917 4526 1157 4595 jussum
1210 4525 1410 4579 nullus
1444 4526 1749 4596 presbyter
1780 4525 1835 4581 id
1871 4528 1981 4583 rite

2012 3271 2053 3320 Li

2022 3253 2052 3279 Π

2106 598 2245 653 dum
2280 605 2414 654 ante
2443 616 2534 655 me
2562 602 2841 657 docuerat
2871 603 3236 676 Nicephorus
3260 606 3585 679 Bryennius
3642 611 3759 666 Cse-

2106 704 2204 742 sar
2233 689 2343 743 sub
2379 689 2552 743 ﬁnem
2576 689 2790 745 libriin
2814 690 3539 753 Commentariorumame
3574 714 3764 771 nuper

2108 775 2425 845 editorum,
2460 778 2559 832 ubi
2592 796 2838 835 narrans
2868 780 3209 853 illegitimas
3269 786 3509 857 nuptias
3560 792 3765 844 contra

2109 880 2281 919 omne
2314 867 2398 920 fas
2430 871 2748 924 attentatas
2781 887 2813 923 a
2868 872 3172 927 Botaniate
3206 873 3473 930 invasere
3531 876 3763 949 imperii

2105 970 2240 1008 cum
2273 954 2460 1009 Maria
2489 958 2754 1026 Augusta
2784 961 3031 1031 conjuge
3063 960 3362 1018 Michaelis
3393 969 3564 1020 Ducse
3618 966 3763 1023 solio

2106 1043 2405 1098 deturbati
2434 1044 2625 1100 adhuc
2677 1047 2945 1114 viventis,
2979 1051 3172 1118 refert,
3222 1068 3354 1107 cum
3381 1055 3507 1124 jam
3560 1056 3761 1127 sponsi

2102 1134 2279 1189 ambo
2298 1134 2354 1188 in
2379 1133 2682 1191 ecclesiam
2699 1138 3017 1206 venissent,
3046 1141 3406 1197 sacerdotem
3428 1144 3526 1215 qui
3546 1146 3615 1199 ad
3632 1161 3762 1202 eam

2104 1223 2384 1279 unionem
2444 1228 2836 1297 peragendam
2896 1234 3134 1298 paratus
3196 1230 3380 1287 fuerat
3430 1232 3480 1304 (ὁ
3535 1230 3759 1304 μέλλων

2099 1312 2200 1380 τὴν
2250 1311 2537 1385 μνηστείαν
2594 1311 2835 1384 τελέσαι)
2884 1317 3189 1389 collegisse
3248 1336 3309 1375 se
3357 1326 3414 1375 et
3470 1329 3759 1393 quantum

2100 1400 2314 1473 piaculi
2349 1402 2737 1458 conscisceret
2758 1413 2805 1458 et
2835 1410 3227 1476 reputantem,
3245 1408 3290 1461 si
3314 1409 3637 1479 bigamum,
3656 1429 3762 1466 cu-

2091 1490 2195 1559 jus
2227 1489 2404 1545 etiam
2438 1492 2700 1546 secunda
2748 1509 2893 1547 uxor
2913 1493 3105 1550 adhuc
3138 1497 3375 1565 viveret,
3434 1515 3570 1554 cum
3621 1516 3752 1555 mu-

2098 1577 2239 1633 liere
2272 1578 2441 1649 cujus
2475 1579 2609 1635 item
2672 1581 2921 1636 maritus
2973 1582 3164 1639 adhuc
3223 1592 3521 1656 superstes
3579 1592 3756 1660 esset,

2097 1667 2495 1723 ecclesiastica
2516 1668 2922 1733 benedictione
2941 1670 3345 1745 conjungeret,
3378 1674 3441 1749 [P
3461 1677 3586 1748 389]
3610 1694 3752 1733 cun-

2098 1760 2317 1811 ctatum
2350 1772 2479 1811 esse
2510 1758 2745 1829 prodire
2778 1774 2846 1812 εχ
2876 1758 3065 1829 altari;
3087 1766 3226 1816 tunc
3253 1768 3447 1819 autem
3472 1764 3746 1822 concilia-

2097 1848 2282 1900 torem
2302 1846 2446 1902 507
2477 1846 2897 1918 sacrilegarum
2936 1850 3280 1919 nuptiarum
3308 1852 3599 1909 lsaacium
3633 1855 3760 1910 Ca:-

2099 1951 2286 1989 sarem
2322 1935 2502 1990 alium
2531 1935 2708 1991 istius
2746 1936 2872 1992 loco
2903 1940 3261 1996 sacerdotem
3287 1942 3659 2015 submisisse,
3693 1943 3753 2005 ’ὃς

2096 2021 2186 2075 καὶ
2215 2023 2313 2091 τήν
2346 2021 2656 2098 ἱερολογίαν
2693 2021 2956 2093 ἐτέλεσεν,
3002 2030 3100 2098 qui
3127 2030 3401 2100 nuptialis
3423 2034 3562 2087 ritus
3583 2047 3757 2090 caere-

2094 2114 2343 2167 moniam
2367 2115 2600 2183 peregit.
2634 2118 2765 2168 Haec
2813 2115 3123 2173 liriennius
3171 2118 3382 2189 Caesar,
3432 2121 3530 2191 qui
3580 2122 3757 2193 paulo

2097 2206 2229 2255 ante
2264 2201 2622 2257 functionem
2656 2203 2922 2257 eamdem
2954 2205 3130 2260 verba
3179 2203 3422 2281 εὐλογεῖν
3478 2210 3757 2281 designa-

2095 2292 2273 2359 verat,
2300 2290 2371 2344 de
2402 2295 2547 2345 testu
2581 2308 2647 2345 ac
2680 2291 2969 2363 fscrupulo
3021 2294 3234 2365 prioris
3287 2298 3609 2353 sacerdotis
3670 2298 3760 2353 sic

2097 2378 2403 2434 scribens:
2460 2379 2788 2454 Συναγαγὼν
2849 2380 3035 2435 ἑαυτὸν
3068 2381 3157 2436 καὶ
3209 2382 3372 2459 γνοὺς
3423 2383 3532 2455 ὅπη
3589 2388 3758 2440 κακοῦ

2095 2465 2309 2543 φέρεται
2356 2468 2611 2542 μοιχείαν
2666 2466 2780 2540 ἅμα
2829 2469 2918 2523 καὶ
2973 2471 3271 2545 τριγαμίαν
3333 2468 3600 2549 εὐλογῶν,
3653 2476 3755 2532 ubi

2095 2554 2339 2631 εὐλογεῖν
2383 2558 2539 2613 idem
2568 2563 2657 2614 est
2688 2561 2844 2629 quod
2878 2559 3182 2636 ἱερολογεῖν
3211 2580 3223 2617 :
3277 2569 3599 2633 utrumque
3650 2583 3754 2621 au-

2096 2650 2214 2701 tem
2250 2646 2542 2717 signiﬁcat
2574 2664 2806 2703 sacrum
2845 2648 3009 2704 illum
3060 2650 3237 2706 ritum
3299 2670 3417 2724 quo
3476 2655 3753 2711 sacerdos

2100 2735 2230 2790 illos
2277 2753 2526 2807 sponsos
2576 2738 2634 2791 in
2687 2740 3133 2795 matrimonium
3184 2743 3527 2814 conjungit;
3576 2760 3752 2815 quem

2096 2824 2564 2881 benedictionem
2598 2827 2669 2881 ab
2701 2828 2963 2899 antiquis
2995 2830 3417 2888 ecclesiasticis
3446 2832 3751 2904 scriptori-

2094 2914 2206 2968 bus
2240 2914 2441 2969 Latine
2496 2921 2767 2970 vocatum
2804 2917 3082 2988 vidimus,
3124 2918 3183 2974 in
3226 2936 3343 2992 quo
3403 2921 3601 2977 tamen
3662 2927 3753 2979 est

2094 3007 2371 3073 praeterea
2415 3004 2849 3060 observandum
2889 3023 3019 3062 esse
3065 3014 3124 3063 et
3172 3008 3346 3064 aliam
3393 3010 3751 3066 benedictio-

2094 3108 2228 3146 nem
2254 3091 2601 3162 nuptialem,
2627 3110 2753 3163 quae
2785 3096 3181 3168 conjungibus
3208 3114 3310 3169 per
3340 3100 3536 3169 verba,
3570 3104 3633 3155 ut
3662 3099 3751 3155 lo-

2093 3180 2194 3251 qui
2219 3181 2432 3248 solent,
2466 3181 2537 3235 de
2570 3183 2843 3248 praesenti
2875 3189 2998 3239 rato
3019 3186 3143 3255 jam
3179 3188 3555 3244 matrimonio
3590 3207 3624 3244 a
3650 3206 3748 3245 sa-

2094 3270 2325 3324 cerdote
2358 3269 2645 3341 c0pulatis
2678 3272 2826 3327 solet
2857 3272 3119 3329 adhiberi
3149 3292 3162 3344 ;
3195 3276 3266 3330 de
3308 3292 3426 3348 qua
3474 3277 3753 3349 intelligi-

2095 3366 2189 3413 tur
2220 3358 2320 3414 illa
2353 3360 2599 3430 quaestio
2633 3377 2809 3433 quam
2834 3363 3087 3435 theologi
3122 3371 3377 3433 movent,
3410 3368 3491 3421 An
3522 3371 3596 3422 sit
3622 3384 3754 3440 pee-

2092 3458 2275 3504 catum
2344 3465 2731 3505 consummare
2802 3453 3218 3508 matrimonium
3282 3462 3415 3510 ante
3488 3457 3750 3513 Ecclesiae

2095 3538 2556 3608 benedictionem,
2589 3545 2697 3594 etc.
2732 3541 2879 3596 Vide
2909 3541 3189 3598 Sanchez.
3239 3543 3277 3599 l.
3340 3561 3425 3614 111,
3458 3544 3612 3616 disp.
3663 3547 3750 3601 12.

2096 3631 2381 3683 Caeterum
2416 3629 2577 3699 prior
2609 3627 2708 3684 illa
2731 3631 2802 3684 dc
2834 3647 2952 3702 qua
2985 3631 3243 3686 diximus
3293 3634 3623 3689 benedictio
3673 3641 3757 3689 est

2094 3734 2222 3788 quae
2256 3717 2351 3772 hic
2380 3714 2697 3792 ἱερολογίας
2749 3724 2807 3774 et
2863 3717 3167 3795 ἱερολογεῖν
3216 3722 3515 3779 vocabulis
3571 3725 3757 3795 expri-

2095 3808 2297 3861 mitur.
2332 3807 2456 3861 Huc
2490 3807 2626 3862 facit
2677 3810 2912 3880 Georgii
2956 3810 3304 3882 Acropolitaa
3363 3811 3550 3882 locus,
3609 3815 3756 3869 Hist.

2092 3913 2152 3951 n.
2208 3896 2310 3951 33:
2366 3894 2651 3968 Πληροῦσι
2712 3897 2812 3962 τήν
2872 3902 2980 3951 τῶν
3034 3896 3248 3953 παίδων
3305 3900 3614 3977 συνάφειαν.
3657 3906 3756 3956 τοῦ

2090 3983 2438 4058 πατριάρχου
2464 3989 2747 4060 Γερμανοῦ
2798 3986 2867 4039 τὰ
2917 3993 3016 4056 τῆς
3062 3987 3379 4063 ἱερολογίας
3414 3990 3750 4055 τελέσαντος.

2090 4076 2223 4147 Agit
2254 4076 2324 4131 de
2377 4076 2605 4146 nuptiis
2654 4076 2942 4131 Theodori
2990 4077 3253 4133 Junioris
3301 4080 3565 4135 Lascaris
3615 4097 3750 4137 cum

2089 4166 2307 4221 Helena
2340 4163 2457 4218 ﬁlia
2483 4164 2697 4220 Asanis
2723 4164 3016 4237 Bulgaria;
3047 4168 3219 4238 regis.
3242 4169 3405 4223 Adde
3426 4176 3481 4224 et
3503 4169 3748 4226 titulum

2092 4272 2220 4310 can.
2251 4254 2798 4310 6Neocsesariensis
2841 4256 3064 4310 recitati
3099 4273 3132 4312 a
3188 4257 3455 4312 Matthaeo
3488 4257 3750 4315 Blastare

2089 4344 2267 4399 verbo
2320 4342 2538 4417 γάμος,
2583 4343 2807 4414 quisic
2868 4343 3083 4399 habet:
3141 4342 3275 4418 Περὶ
3332 4347 3429 4397 τοῦ
3487 4345 3563 4417 μὴ
3626 4365 3749 4401 cave

2091 4432 2335 4486 πιᾶσθαι
2365 4435 2444 4501 τῷ
2468 4427 2788 4505 διγαμοῦντι
2818 4430 2912 4485 τὸν
2946 4430 3405 4507 ἱερολογήσαντα.

2162 4518 2590 4595 Ἰχνηλάτης(1)
2623 4538 2680 4592 ρ.
2731 4522 2854 4577 464.
2910 4521 3255 4578 Καθικετεύει
3300 4520 3359 4577 ἐκ
3412 4527 3521 4578 τῶν
3583 4522 3750 4599 ἴχνη-

322 4634 388 4672 ac
418 4615 676 4688 legitime
712 4619 907 4686 posset
934 4630 1124 4685 agere.
1178 4613 1299 4668 Hoc
1331 4619 1421 4669 est
1466 4616 1619 4685 quod
1658 4616 1829 4671 docet
1884 4616 1980 4672 hic

2095 4610 2260 4665 λάτου
2317 4604 2728 4683 παραϐολικῶν,
2783 4620 2914 4666 etc.
2967 4612 3058 4667 Ait
3112 4614 3549 4685 imperatorem,
3607 4631 3741 4670 cum

322 4706 554 4767 Noster.
581 4706 724 4760 dum
758 4705 839 4760 ait
885 4700 1191 4776 προνόμιον
1224 4718 1353 4757 esse
1413 4703 1885 4775 chartophylacis
1914 4704 1978 4759 τὸ

320 4797 663 4869 προτροπαῖς
719 4790 921 4846 ἐκείνου
983 4791 1079 4852 τὰς
1147 4789 1460 4866 ἱερολογίας
1527 4789 1797 4864 γίνεσθαι,
1865 4812 1976 4851 non

318 4886 443 4940 sine
471 4883 739 4954 facultate
794 4898 858 4936 ac
904 4879 1166 4935 mandato
1224 4894 1340 4951 ejus
1398 4878 1651 4935 adhiberi
1702 4884 1979 4951 sponsisa

316 4973 591 5030 sacerdote
619 4971 735 5027 ullo
763 4970 1045 5041 nuptiales
1078 4969 1498 5025 benedictiones.
1534 4971 1722 5035 Quare
1754 4969 1851 5025 ille
1879 4969 1975 5033 τὰς

314 5065 424 5116 τῶν
476 5059 664 5137 ἱερέων
713 5059 772 5121 ’ὸς
824 5056 955 5132 δίχα
1001 5064 1102 5126 τῆς
1148 5060 1245 5112 τοῦ
1285 5055 1707 5134 χαρτοφύλακος
1736 5078 1971 5134 προτροο

314 5156 426 5219 πῆς
469 5149 739 5227 νυμφίους
780 5146 1081 5221 ἱερολόγει,
1141 5148 1390 5203 sacerdos
1437 5148 1660 5218 quidam
1711 5152 1808 5220 qui
1831 5154 1973 5206 citra

311 5241 639 5298 mandatum
687 5256 752 5294 ac
780 5242 981 5293 nutum
1036 5237 1484 5309 chartophylacis
1538 5238 1755 5306 sponsis
1814 5239 1974 5294 bene-

313 5332 557 5396 αἰπειναί,
589 5327 997 5399 suspensionis
1028 5332 1100 5381 ob
1134 5326 1191 5381 id
1228 5344 1399 5398 paena
1446 5332 1538 5382 est
1568 5328 1874 5394 multatus,
1907 5333 1973 5383 ut

312 5436 449 5475 mox
479 5417 865 5487 Puchymeres
900 5415 1229 5487 subjungit.
1289 5415 1386 5470 Est
1443 5415 1624 5487 igitur
1680 5414 1970 5490 ἱερολογία

308 5524 479 5565 sacra
501 5506 722 5563 functio
754 5504 1079 5562 sacerdotis
1109 5504 1265 5561 circa
1296 5521 1567 5576 sponsos,
1634 5508 1871 5579 quando
1901 5509 1961 5564 in

379 5724 454 5799 (1)
485 5723 568 5780 Cf.
603 5720 856 5781 Glossar.
893 5720 1058 5779 alter.
1090 5737 1147 5778 v.
1181 5716 1544 5796 Ἰχνηλάτης.

2092 4703 2308 4756 videret
2335 4704 2616 4770 quosdam
2669 4699 3000 4757 inconsulto
3050 4702 3176 4758 zelo
3219 4704 3553 4775 improbare
3601 4720 3743 4760 con-

2091 4790 2349 4846 cordiam
2382 4806 2515 4844 cum
2550 4788 2773 4843 Latinis
2815 4790 3046 4863 initam,
3104 4792 3442 4865 congregari
3485 4793 3743 4863 jussisse

2089 4880 2391 4951 episcOpos
2423 4886 2629 4934 omnes
2655 4883 2711 4933 et
2742 4881 3104 4949 monachos;
3138 4887 3263 4936 tum
3297 4884 3493 4953 ipsum
3526 4882 3586 4937 in
3640 4882 3741 4940 illo

2087 4985 2369 5025 consessu
2396 4967 2654 5022 medium
2682 4968 3004 5023 orationem
3026 4968 3362 5039 inchoasse,
3384 4972 3644 5042 rogando
3667 4987 3737 5027 ex

2086 5059 2396 5115 Ichnelatae
2428 5057 2799 5123 Parabolicis,
2833 5060 3005 5129 cujus
3061 5060 3172 5116 loci
3233 5061 3305 5115 ad
3336 5062 3446 5117 hoc
3499 5067 3736 5133 tempus

2082 5148 2397 5221 opportuni
2428 5147 2735 5218 plerosque
2762 5147 3025 5218 ipsorum
3056 5150 3344 5205 recordari
3378 5150 3728 5218 conﬁdebat,

2084 5256 2156 5293 ne
2213 5238 2406 5307 potius
2469 5235 2713 5290 mallent
2768 5236 2991 5291 imitari
3047 5238 3213 5293 avide
3265 5240 3730 5310 praefestinantes

2078 5343 2256 5400 quam
2291 5324 2562 5397 prudenti
2598 5324 2878 5395 patientia
2911 5327 3313 5384 maturitatem
3346 5331 3729 5386 occasionum

2078 5423 2135 5473 et
2158 5432 2352 5471 rerum
2384 5418 2720 5483 exspectare
2751 5415 3033 5471 cessando
3057 5417 3281 5473 solitos.
3329 5418 3546 5474 Multos
3578 5420 3727 5485 dies,

2079 5524 2149 5563 ne
2171 5506 2362 5561 dicam
2394 5502 2816 5573 hebdomadas,
2858 5505 2917 5559 in
2970 5505 3146 5577 hujus
3177 5524 3309 5564 sum
3336 5507 3447 5565 loci
3477 5507 3735 5564 medita-
