4072 6400
446 412 579 472 1031
1503 412 1568 465 P.
1606 408 1881 464 P088110
1916 409 2084 465 ΟΒΒῈ

2191 408 2539 465 ’ΔΤῙΟΝΠΜ
2575 411 2713 466 LIB.
2754 413 2799 465 Ῑ.
3691 415 3804 477 1032

426 540 588 596 tione
607 539 897 595 versatus.
931 535 1113 607 Cujus
1143 550 1276 590 cum
1310 532 1677 604 intelligendi
1711 550 1829 588 una
1861 548 1995 607 spes
2031 536 2088 590 et
2115 534 2172 601 Α
2201 532 2426 590 Persica
2460 541 2513 590 et
2542 534 2813 603 Arabica,
2846 550 2994 607 quas
3026 534 3208 590 fuisse
3244 534 3495 592 diversas
3550 540 3803 609 ponimus,

431 629 581 685 ratio
613 628 728 683 sita
758 630 914 681 esset
952 625 1009 679 in
1043 623 1251 679 notitia
1299 622 1603 694 scriptoris
1648 622 1706 677 in
1738 638 1805 677 eo
1844 621 2094 689 laudati,
2202 639 2317 677 non
2352 639 2467 678 una
2514 638 2713 678 revera
2765 627 2823 679 et
2874 624 3085 679 eadem
3141 623 3315 678 fuerit
3373 625 3577 680 versio.
3624 628 3807 685 Dicitur

426 724 617 774 totum
646 734 734 771 me
765 714 896 770 dedi
926 711 1364 784 investigationi
1416 710 1665 765 istorum
1694 703 2090 779 παραϐολιχῶν
2200 710 2355 767 enim
2383 711 2476 766 hic
2505 717 2735 767 tantum
2768 712 2986 768 librum
3012 712 3172 767 hunc
3196 713 3443 768 exIndia
3469 714 3526 769 in
3546 716 3803 775 Persidem

426 805 756 881 ’ἰχνηλάτου
780 804 875 858 hic
900 799 1769 871 memoratorum,ignotissimi
1792 805 1917 854 tum
1946 800 2093 854 mihi
2200 799 2455 855 delatum
2493 819 2525 855 a
2563 807 2791 869 Perzoe,
2828 802 2909 857 ita
2968 805 3033 857 ut
3084 802 3239 874 quod
3273 802 3505 857 additur
3558 804 3623 859 de
3649 808 3807 861 trans-

428 894 841 968 operis,quoad
858 888 2094 961 eruditissimusjuxtahumanissimusque
2200 887 2497 945 lationein
2530 891 2794 963 linguam
2830 892 3165 961 Arabicam,
3203 891 3377 946 tribui
3413 891 3590 947 eidem
3645 892 3803 949 Perzoi

432 987 539 1041 Leo
573 982 815 1038 Allatius
847 978 874 1031 ὁ
905 976 1043 1031 πάνυ
1068 979 1262 1049 primo
1317 976 1624 1043 indicium,
1667 977 1880 1033 deinde
1912 977 2091 1033 etiam
2198 984 2372 1048 queat
2387 984 2443 1034 et
2463 979 2707 1053 intelligi
2726 998 2959 1036 versum
2976 981 3051 1035 ab
3079 980 3397 1036 eoArabice
3416 980 3642 1035 Chosroi
3671 982 3806 1037 obla-

427 1074 655 1146 copiam
688 1068 908 1142 perrari
939 1070 1069 1138 ejus
1105 1071 1162 1122 et
1225 1067 1445 1121 Latinis
1505 1083 1745 1137 prorsus
1804 1066 2091 1122 hactenus
2197 1072 2322 1123 tum
2350 1073 2406 1123 et
2437 1068 2739 1141 vulgatum
2775 1071 2834 1125 in
2866 1069 3105 1125 Perside
3137 1068 3450 1133 fuisse,ubi
3480 1068 3617 1124 forte
3638 1068 3805 1141 lingua

426 1159 707 1233 incogniti
739 1156 1148 1213 commentarii
1195 1156 1349 1210 fecit.
1383 1155 1593 1210 Totum
1627 1154 1792 1209 avide
1825 1155 2087 1227 perlegi:
2194 1156 2443 1211 Arabica
2473 1174 2589 1213 non
2612 1157 2914 1229 incognita
2942 1157 3114 1227 vulgo
3150 1157 3344 1213 fuerit.
3379 1157 3587 1212 Verum
3608 1174 3803 1213 omnem

428 1261 571 1332 quin
598 1258 807 1325 etiam,
841 1256 1001 1327 quod
1035 1254 1119 1310 sic
1152 1254 1431 1325 expedire
1483 1252 1676 1308 visum
1708 1258 1818 1321 est,
1878 1254 2089 1325 raptim
2196 1246 2644 1317 ambiguitatem
2678 1247 2829 1302 tollit
2866 1248 3021 1318 quod
3042 1248 3113 1302 ad
3143 1248 3360 1302 calcem
3389 1246 3575 1318 operis
3598 1246 3804 1317 subjun-

430 1348 745 1405 Latinitate
772 1346 1056 1401 donatum
1090 1343 1150 1398 in
1196 1342 1408 1397 harum
1468 1342 1955 1397 Observationum
1988 1359 2088 1413 ap-
2195 1333 2354 1406 gitur
2385 1336 2457 1389 ab
2486 1335 2615 1406 ipso
2648 1336 2845 1391 Graeco
2878 1336 3198 1406 interprete
3218 1340 3501 1408 Symeone
3530 1334 3674 1403 Setb,
3704 1338 3809 1406 past

430 1438 739 1511 pendicem
765 1434 1010 1504 conjeci.
1046 1432 1131 1487 Ibi
1160 1432 1401 1495 videbit,
1436 1431 1486 1486 si
1514 1430 1925 1501 tantijudicet,
1958 1436 2090 1486 stu-
2195 1424 2462 1494 quintam
2499 1426 2791 1481 decimam
2843 1424 3328 1481 Dissertationem
3383 1422 3685 1494 ascriptum
3733 1422 3803 1477 bis

429 1529 635 1584 diosus
662 1524 840 1580 lector
892 1539 1068 1594 quem
1125 1522 1257 1591 ejus
1305 1521 1399 1575 hic
1449 1520 1726 1591 indigitat
1772 1520 2084 1591 imperator

2195 1521 2367 1592 plane
2396 1523 2626 1578 verbis:
2661 1525 2844 1579 Ταῦτα
2890 1523 2958 1577 τὰ
3009 1523 3067 1576 ιε’
3112 1524 3380 1594 τμήματα
3412 1522 3439 1575 ὁ
3471 1519 3625 1595 σοφὸς
3654 1517 3805 1593 ἰατρὸς

428 1617 647 1680 locum,
682 1611 1093 1669 dissertatione
1128 1610 1462 1681 parabolica
1495 1615 1677 1676 sexta,
1713 1626 1828 1680 qua
1860 1610 2084 1665 fabellis

2194 1610 2415 1684 ΙῙερζωὶ
2461 1606 2753 1683 μετέϐαλεν
2806 1609 2866 1665 ἐκ
2906 1618 3006 1680 τῆς
3059 1608 3293 1679 Ἰνδικῆς
3344 1608 3422 1671 εἷς
3473 1608 3568 1676 τήν
3611 1603 3806 1681 Περσίδα

432 1709 502 1761 ad
540 1706 597 1760 id
633 1704 787 1775 aptis
819 1701 1041 1757 sultitia
1094 1700 1425 1755 traducitur
1482 1715 1684 1754 eorum
1736 1716 1885 1769 quos
1942 1698 2084 1770 ipsis

2194 1695 2501 1767 διάλεκτον,
2558 1699 2928 1773 μετακομίσας
2988 1698 3048 1755 ἐκ
3102 1707 3202 1769 τῆς
3267 1698 3459 1760 Ἰνδίας
3503 1701 3578 1768 τῷ
3628 1693 3807 1769 βασιλεῖ

431 1795 629 1851 statim
674 1791 927 1849 exordiis
988 1789 1299 1861 longorum
1363 1790 1729 1860 negotiorum
1772 1788 2084 1860 impatiens

2191 1788 2433 1862 Χοσρόῃ.
2491 1790 2584 1843 Ἐκ
2643 1787 2700 1843 δὲ
2752 1797 2854 1860 τῆς
2915 1796 3183 1861 Περσικῆς
3245 1787 3323 1849 εἷς
3376 1787 3472 1855 τὴν
3529 1787 3668 1842 569
3717 1787 3802 1836 τῶν

432 1884 583 1941 568
608 1882 820 1950 abripit
852 1880 1096 1935 aviditas
1123 1879 1196 1933 ad
1230 1878 1375 1933 ﬁnes
1408 1894 1841 1949 successusque
1873 1894 2082 1948 praevo-

2191 1872 2437 1951 Ἀράϐων
2492 1874 2907 1950 μετεϐλήθησαν
2954 1878 3231 1955 γλῶσσαν,
3289 1877 3349 1932 ἐκ
3388 1873 3444 1931 δὲ
3471 1874 3567 1973 τῇς
3594 1866 3803 1973 Ἀρξϐων

430 1974 668 2029 randos.
702 1970 806 2025 Hic
836 1969 1131 2040 agendum
1165 1966 1311 2021 mibi
1345 1972 1483 2037 puto
1514 1968 1582 2021 de
1628 1968 1864 2022 nomine
1913 1964 2076 2039 ἰχνη-

2191 1968 2316 2041 π²Ρ’
2372 1969 2533 2039 ἡμῶν
2589 1967 2665 2030 εἷς
2721 1969 2823 2037 τήν
2880 1965 3207 2037 Ἑλληνίδα,
3270 1965 3361 2021 καὶ
3420 1961 3803 2034 εἷσὶπαρ¹ἡμῖν

431 2060 627 2132 λάτης,
658 2061 812 2132 quod
838 2074 972 2113 cum
1006 2062 1288 2127 tanquam
1322 2056 1623 2127 proprium
1656 2056 1831 2110 istius
1863 2056 1949 2109 vel
1974 2074 2082 2110 au-

430 2149 609 2205 ctoris
641 2147 725 2203 vel
747 2146 943 2218 operis
979 2151 1251 2215 ponatur,
1284 2145 1475 2198 neutri
1510 2149 1706 2198 tamen
1761 2160 1828 2197 ex
1859 2144 2085 2215 origine

430 2235 733 2301 convenit;
777 2249 904 2303 quae
939 2231 1083 2285 mihi
1108 2230 1414 2285 fuitcausa
1445 2230 1588 2285 illud
1624 2231 1696 2285 ab
1732 2231 1861 2300 ejus
1911 2230 2082 2286 titulo

430 2325 492 2379 in
530 2324 730 2380 Latina
758 2320 1239 2391 interpretatione
1289 2319 1647 2375 removendi.
1699 2320 1935 2376 Primus
1984 2338 2083 2375 vo-

432 2411 709 2467 cabulum
740 2407 1051 2484 ἷχνηλάτης
1084 2426 1149 2464 ac
1190 2409 1348 2463 hunc
1396 2407 1613 2463 librum
1666 2409 2082 2480 appellandum

435 2501 707 2557 adhibuit
734 2502 968 2555 Graecus
993 2498 1152 2554 illius
1176 2498 1469 2569 interpres
1493 2499 1743 2570 Symeon
1766 2498 1923 2567 Setb,
1960 2499 2081 2553 imi-

434 2594 611 2659 tatus,
648 2596 711 2644 ut
741 2590 865 2660 ipse
891 2590 993 2656 ait,
1021 2589 1122 2643 sed
1155 2605 1223 2642 ex
1260 2592 1423 2659 parte
1475 2592 1780 2658 duntaxat,
1832 2588 2084 2643 Arabem

434 2680 894 2747 innominatum,
929 2678 1030 2750 qui
1052 2695 1121 2733 ex
1144 2678 1372 2733 Persica
1393 2677 1664 2745 dialecto,
1691 2678 1748 2733 in
1774 2696 1949 2750 quam
1977 2679 2086 2734 has

434 2769 799 2840 parabolicas
832 2767 1278 2823 dissertationes
1301 2772 1543 2822 Perzoes
1574 2784 1643 2822 ex
1667 2768 1881 2823 Indicis
1912 2768 2086 2838 origi-

437 2862 612 2916 nibus
644 2859 1047 2924 transtulerat,
1082 2858 1317 2912 Arabica
1347 2857 1478 2912 illas
1505 2858 1779 2927 reddens,
1818 2858 1977 2929 operi
2010 2857 2086 2911 ti-

436 2950 627 3004 tulum
653 2947 935 3019 imposuit
956 2948 1347 3017 compositum
1371 2963 1440 3001 ex
1461 2948 1801 3002 nominibus
1833 2947 2085 3002 duarum

2192 2056 2360 2130 μέχρι
2402 2062 2500 2124 τῆς
2549 2058 2790 2130 σήμερον
2842 2056 2919 2119 εἷς
2965 2055 3147 2130 ὠφὲλε
3176 2078 3238 2109 αν
3293 2059 3400 2109 τῶν
3450 2046 3801 2126 ἀναγινωσκόν-

2186 2165 2316 2199 των.
2356 2148 2468 2202 Hoc
2494 2152 2583 2201 est
2607 2148 2677 2203 ad
2709 2149 2953 2202 verbum
2982 2164 2995 2202 :
3031 2149 3135 2201 Has
3178 2147 3247 2201 15
3298 2146 3554 2200 sectione:
3607 2140 3796 2209 sapiens

2192 2236 2445 2290 medicus
2475 2236 2704 2291 Parmae:
2757 2235 3046 2291 transtulit
3093 2252 3165 2291 ex
3222 2234 3415 2291 Indica
3463 2234 3520 2286 in
3566 2227 3803 2285 Persicam

2190 2323 2493 2379 dialeclum
2522 2341 2556 2378 a
2584 2341 2643 2380 se
2671 2324 2991 2396 deportata:
3022 2341 3093 2380 ea:
3123 2325 3285 2380 India
3321 2324 3441 2391 regi
3469 2318 3701 2377 Chosroi.
3734 2318 3803 2370 Bx

2192 2412 2415 2468 Persica
2444 2429 2569 2468 vero
2598 2414 2661 2468 in
2717 2413 3009 2469 Arabicam
3058 2430 3230 2469 versa
3282 2414 3531 2483 linguam
3573 2414 3705 2473 sunt,
3748 2419 3806 2456 ex

2190 2502 2429 2557 Arabica
2456 2503 2676 2558 demum
2706 2520 2739 2558 a
2769 2503 2929 2559 nobis
2977 2504 3037 2559 in
3092 2503 3363 2561 Gracam.
3416 2502 3477 2555 Et
3529 2506 3649 2553 sunt
3690 2490 3807 2563 apud

2190 2608 2287 2647 nos
2317 2608 2491 2662 usque
2521 2594 2581 2647 in
2613 2592 2950 2647 hodiernum
2975 2592 3120 2647 diem
3180 2593 3253 2647 ad
3310 2590 3601 2646 utilitatem
3654 2584 3805 2650 leget!-

2191 2680 2358 2735 tium.
2395 2681 2481 2735 Ita
2512 2680 2612 2736 ibi.
2649 2680 2811 2736 Unde
2844 2682 3224 2737 manifestum
3253 2685 3343 2737 est
3374 2675 3649 2733 Persicam
3701 2682 3802 2740 qua
3832 2736 3843 2743 η

2192 2768 2411 2823 dicitur
2442 2770 2873 2841 Arabicamque
2901 2770 3234 2825 versionem
3261 2769 3442 2825 fuisse
3465 2763 3625 2836 plane
3649 2759 3802 2813 diver-

2193 2874 2313 2913 sas.
2346 2861 2488 2912 Cum
2532 2863 2752 2926 autem,
2800 2862 2864 2913 ut
2911 2875 2981 2913 ex
3032 2858 3197 2931 prius
3249 2856 3541 2924 descripto
3578 2847 3802 2919 ejusdem

2195 2948 2502 3019 Symeonis
2547 2947 2788 3021 prologo
2844 2953 3095 3016 constat,
3146 2949 3362 3004 titulus
3421 2943 3588 3016 Cylile
3639 2938 3800 2992 Dimne

440 3052 850 3109 personarum,
908 3051 1158 3105 quarum
1218 3033 1487 3104 dialogus
1548 3036 1826 3105 majorem
1888 3035 2090 3105 implet
2196 3044 2455 3115 Arabica;
2484 3046 2773 3102 versionis
2803 3047 3075 3117 proprius
3108 3047 3306 3115 fuerit,
3350 3044 3433 3099 uti
3479 3046 3535 3097 et
3561 3038 3678 3109 ipsa
3726 3029 3806 3086 illa

442 3130 669 3197 partem
701 3124 1128 3179 dissertationis
1161 3123 1359 3192 prima
1382 3127 1449 3177 ut
1470 3123 1541 3178 ad
1562 3125 1883 3178 secundam
1911 3124 2087 3178 etiam
2195 3134 2479 3189 vocabula
2517 3135 2762 3190 Arabica
2791 3152 2860 3191 ex
2890 3136 3118 3208 origine
3168 3140 3473 3207 putantur,
3532 3123 3802 3184 dicendum

441 3214 794 3271 extenditur.
828 3214 1039 3268 Earum
1071 3213 1271 3268 Indica
1325 3214 1611 3268 vocabula
1661 3229 1788 3283 quae
1849 3213 2087 3282 fuerint,
2123 3276 2162 3297 η
2201 3228 2289 3278 εει
2327 3228 2384 3278 ει
2417 3224 2615 3279 Ῑῃάίοα
2641 3225 2960 3297 archetypa
2981 3231 3038 3281 et
3066 3226 3365 3282 Ρθιιείοαω
3388 3241 3421 3279 α
3450 3228 3647 3278 Ρθηοθ
3690 3226 3801 3297 conf

1678 3276 1696 3283 -
2072 3276 2083 3282 .
2211 3276 2258 3278 μ
2336 3276 3472 3297 ---ηηηὴη-ηηττ--ηηη--ᾑκ

439 3312 734 3368 nescimus
761 3336 774 3378 ;
806 3327 1058 3382 quorum
1090 3315 1287 3366 tamen
1338 3314 1404 3365 ut
1456 3310 1821 3382 propriorum
1854 3310 2088 3366 retineri
2120 3276 2163 3342 C
2201 3312 2495 3366 cinnatam
2530 3312 3073 3385 interpretationem
3105 3315 3192 3370 vel
3242 3314 3501 3371 caruisse
3556 3302 3708 3361 titulo
3735 3295 3801 3353 vel

435 3406 691 3458 sonuset
713 3400 958 3455 aliarum
994 3400 1206 3455 litteris
1236 3398 1482 3470 exprimi
1523 3400 1808 3454 debuerat
1855 3398 2091 3470 lingua-
2194 3401 2361 3456 aliter
2404 3400 2691 3473 inscripta
2748 3404 3117 3474 apparuisse.
3176 3404 3344 3459 Unde
3402 3398 3586 3473 quivis
3639 3402 3805 3463 aequus

434 3508 589 3545 rum.
624 3496 705 3545 Ac
739 3506 810 3544 ne
840 3490 941 3544 illa
966 3489 1208 3559 quidem
1240 3492 1646 3544 memorantur
1697 3505 1825 3558 quae
1860 3488 1917 3542 in
1980 3505 2089 3543 sua
2196 3491 2557 3546 concesserit
2580 3491 2892 3563 nobis,qui
2926 3491 3568 3566 noninterpretationes
3588 3485 3802 3540 Gmcam

434 3579 912 3650 interpretatione
940 3577 1167 3633 Persica
1181 3577 1375 3648 posuit
1398 3578 1657 3632 medicus
1680 3582 1938 3632 Perzoes.
1964 3577 2087 3631 Pri-
2193 3584 2295 3635 aut
2329 3580 2669 3646 Arabicam,
2701 3582 2801 3637 sed
2836 3599 2985 3654 opus
3015 3582 3211 3655 ipsum
3228 3588 3360 3639 ortu
3378 3580 3561 3653 primo
3580 3569 3803 3630 Indicum

438 3685 571 3723 mus
602 3668 808 3730 Arabs,
840 3666 938 3735 qui
970 3667 1265 3721 secundus
1296 3666 1584 3738 interpres
1617 3669 1702 3735 [P.
1728 3667 1854 3737 390]
1905 3666 2089 3721 fuisse
2195 3669 2404 3724 Latine
2436 3671 2765 3735 reddimus,
2808 3687 3051 3728 necesse
3083 3689 3198 3728 non
3248 3674 3431 3727 fuisse
3459 3662 3695 3723 Arabicae
3727 3655 3805 3709 aut

2194 3760 2407 3814 Graecae
2440 3759 2931 3816 nomenclationis
2964 3761 3182 3817 habere
3213 3743 3803 3824 rationem,pl‘&38ertim

2193 3863 2327 3903 cum
2362 3864 2430 3903 ea
2457 3848 2605 3919 parti
2636 3854 2867 3903 tantum
2921 3851 3135 3921 operis,
3170 3851 3283 3907 hoc
3318 3854 3407 3907 est
3436 3843 3652 3903 duabus
3684 3836 3801 3890 dun-

2193 3941 2353 3991 taxat
2370 3938 3250 4009 dissertationibus,conveniat,
3265 3939 3484 4011 quibus
3506 3922 3742 3988 Coronati
3760 3921 3803 3974 et

2192 4037 2577 4106 Vestigatoris
2608 4037 2901 4110 colloquia
2936 4038 3283 4094 recitantur.
3319 4030 3560 4104 Quaesivi
3589 4043 3651 4083 ex
3698 4033 3799 4075 ωα-

2191 4125 2393 4195 gistris
2428 4127 2684 4182 Arabica
2711 4127 2929 4199 linguae
2951 4145 3023 4183 an
3068 4128 3246 4197 Cglilc
3297 4132 3356 4183 et
3404 4126 3593 4180 Dimne
3640 4113 3796 4169 Grece

2193 4211 2511 4288 στεφανίτην
2570 4214 2661 4268 καὶ
2720 4213 3054 4290 ΐχνηλάτην,
3114 4217 3222 4272 hoc
3276 4221 3368 4272 est
3424 4209 3619 4269 Latine
3669 4210 3795 4290 60⁷⁸ος

437 3757 690 3823 dicitur;
725 3773 839 3811 non
872 3755 1069 3811 solum
1093 3755 1242 3810 duos
1274 3755 1418 3810 istos
1444 3755 1888 3811 interlocutores
1943 3757 2087 3810 Ara-

436 3844 584 3900 bicis
617 3860 684 3899 ex
716 3842 941 3915 origine
972 3843 1209 3898 vocibus
1240 3843 1573 3913 indigitavit
1620 3845 1781 3900 hisce
1815 3844 1992 3915 Cylile
2033 3849 2089 3899 et

434 3934 648 4001 Dimne,
680 3948 883 3987 verum
922 3932 1097 3987 etiam
1130 3933 1291 4003 operi
1324 3933 1658 4003 quindecim
1718 3933 2087 3989 dissertatio-

438 4040 572 4077 num
602 4022 875 4078 universo
907 4023 1144 4077 easdem
1171 4038 1275 4093 pro
1306 4023 1477 4077 titulo
1501 4023 1839 4094 praeposuit.
1866 4022 1930 4077 Id
1948 4038 2085 4077 con-

430 4116 550 4167 stat
596 4129 663 4168 ex
703 4111 1211 4167 admonitiuncula
1269 4111 1557 4166 Allatiano
1610 4112 1795 4167 codici
1830 4112 2085 4181 praeﬁxa,

433 4218 612 4272 quam
642 4202 733 4256 hic
783 4200 1231 4256 describendam
1264 4201 1401 4255 duxi
1430 4218 1443 4255 :
1478 4193 1702 4254 Βιϐλίον
1764 4199 2089 4273 φυσιολογι-

429 4288 527 4343 κὸν
588 4290 982 4361 μετακομισθὲν
1040 4286 1101 4341 ἐκ
1155 4294 1255 4355 τῆς
1310 4285 1504 4351 Ἰνδίας
1548 4287 1638 4341 καὶ
1690 4285 1842 4341 δοθὲν
1874 4292 1953 4359 τῷ
1987 4289 2084 4361 βα-

2191 4284 2382 4357 natam
2411 4308 2468 4357 et
2496 4284 2875 4373 vestigatarem
2908 4284 3338 4374 signiﬁcarent.
3398 4284 3799 4371 Responderunt

432 4376 579 4433 σι.λεῖ
634 4376 849 4451 Χοσρόῃ
900 4375 952 4431 ἐν
1014 4374 1233 4452 Περσίδι
1282 4376 1427 4451 παρά
1474 4398 1619 4438 τινος
1667 4377 1884 4449 Περζωὲ
1918 4380 2084 4453 σοφοῦ

2195 4391 2252 4444 in
2287 4390 2462 4461 Cylile
2491 4393 2722 4461 quidem
2766 4410 3084 4463 agnoscere
3146 4410 3207 4448 se
3268 4390 3485 4463 aliquid
3540 4380 3681 4457 quod
3727 4385 3796 4463 ςο·

428 4467 520 4521 καὶ
577 4467 763 4541 ἰατροῦ
822 4467 920 4534 τήν
994 4466 1239 4540 τεχνην,
1307 4464 1397 4519 καὶ
1468 4467 1787 4541 μετενεχθὲν
1852 4465 1927 4528 εἷς
1986 4467 2084 4534 τὴν

2195 4495 2341 4534 ranae
2389 4478 2687 4536 notionem
2739 4482 3023 4548 redoleat,
3057 4483 3115 4536 in
3149 4483 3355 4538 Dimne
3385 4477 3529 4534 nihil
3588 4460 3795 4539 repﬁl'ire

428 4550 679 4628 Ἀράϐων
751 4554 1003 4629 γλῶσσαν
1041 4599 1055 4625 ,
1132 4553 1279 4625 παρὰ
1350 4551 1407 4608 δὲ
1482 4556 1710 4626 Συμεὼν
1788 4554 2084 4630 μαγίστρου

2197 4569 2351 4639 quod
2384 4568 2452 4623 ad
2486 4570 2715 4641 vestigii
2751 4571 3147 4642 significatum
3178 4573 3400 4641 vergat.
3448 4571 3523 4620 Ex
3577 4573 3681 4630 quo
3709 4552 3792 4642 ξος.

430 4645 521 4700 καὶ
580 4643 893 4722 φιλοσόφου
940 4647 1033 4697 τοῦ
1079 4644 1196 4711 Σὴθ
1241 4642 1319 4704 εἷς
1348 4644 1447 4729 τήν
1483 4642 1766 4714 Ἑλλήνων
1801 4629 2084 4699 διάλεκτον

2198 4661 2356 4712 tasse
2388 4658 2675 4729 suspicari
2705 4658 2878 4714 liceat
2908 4661 3191 4714 mendum
3223 4651 3598 4727 exscriptoris
3629 4648 3680 4701 in
3712 4640 3795 4729 ista

434 4729 798 4807 μεταϐληθὲν,
847 4730 1190 4819 καλούμενον
1249 4727 1531 4807 Ἀραϐιστὶ
1594 4734 1686 4805 μὲν
1748 4730 1949 4787 Κυλίλε
1997 4732 2084 4787 καὶ

2200 4747 2506 4819 peregrina
2523 4764 2662 4803 voce
2692 4749 3012 4816 reddenda,
3047 4750 3200 4804 sicut
3229 4748 3469 4803 omnino
3525 4741 3701 4795 inesse
3730 4740 3795 4779 Vl-

710 4820 1029 4892 Ἐλληνιστὶ
1088 4818 1145 4875 δὲ
1195 4819 1527 4897 Στεφανίτης
1584 4822 1671 4876 καὶ
1729 4819 2084 4896 Ἰχνηλάτης.

2196 4837 2369 4892 detur
2396 4837 2454 4892 in
2490 4836 2777 4907 particula
2803 4836 2915 4906 καί,
2950 4843 3124 4909 prout
3143 4837 3247 4893 illa
3260 4854 3395 4892 cum
3422 4826 3671 4889 Arabicis
3688 4830 3795 4909 can"

429 4923 589 4995 Ἔχει
650 4916 709 4974 δὲ
760 4918 962 4991 μύθους
1006 4916 1379 4991 παμπόλλους
1426 4918 1516 4971 καὶ
1567 4922 1728 4972 πᾶσιν
1780 4918 2084 4992 ἀνθρώποις

2191 4927 2462 4998 jungitur
2488 4906 2749 4995 vocibus,
2773 4944 2907 4983 cum
2931 4906 3129 4984 Graeca
3155 4929 3253 4998 sit,
3272 4921 3647 4982 Credibileest
3672 4906 3795 4965 enim

434 5006 775 5085 ὠφελίμους.
810 5014 943 5065 Haac
974 5008 1097 5076 ibi;
1141 5024 1269 5080 quae
1315 5008 1400 5062 sic
1450 5007 1653 5063 Latine
1697 5016 1942 5063 sonant:
1993 5010 2083 5063 Li-

2195 5024 2438 5080 Setbum
2468 5026 2821 5081 scribentem
2868 5025 3083 5083 Graecis
3139 5021 3573 5082 characteribus
3629 5000 3797 5065 Arabi-

432 5098 525 5153 ber
551 5097 964 5171 physiologiam
995 5098 1217 5187 delatus
1248 5112 1317 5152 ex
1344 5096 1503 5151 India
1530 5104 1581 5151 et
1601 5096 1762 5187 datus
1791 5096 1914 5167 regi
1943 5096 2085 5187 Cho-
2193 5128 2325 5168 cum
2359 5113 2597 5169 ﬁgulum
2649 5111 2853 5168 [ξυλίλε
2878 5134 2940 5169 ου
2972 5115 3138 5186 Διμνέ
3172 5114 3442 5187 posuisse
3474 5125 3489 5164 :
3539 5100 3794 5187 illudjau-

430 5187 546 5241 ,ςνοί
573 5188 631 5240 in
666 5187 895 5242 Perside
924 5205 959 5242 a
988 5186 1225 5259 quodam
1255 5186 1729 5256 Perzoe,sapiente
1756 5196 1809 5240 et
1849 5185 2081 5254 medico,
2192 5205 2307 5257 tam
2341 5221 2426 5268 ou,
2459 5219 2589 5273 qua,
2620 5203 2832 5275 copula
2869 5208 2959 5260 est
3013 5184 3328 5259 Arabibus.
3382 5200 3608 5256 amens
3649 5184 3795 5275 libra-

432 5284 729 5338 translalus
780 5286 948 5339 etiam
1005 5284 1069 5339 in
1127 5283 1371 5339 Arabum
1419 5283 1767 5353 linguam,a
1819 5282 2086 5354 Symeone
2192 5267 2511 5345 riusinrxail
2542 5267 2912 5345 converterit.
2944 5291 3139 5347 Refert
3162 5288 3540 5346 doctissimus
3579 5267 3793 5334 Altatius

429 5388 555 5428 vero
583 5372 849 5441 magistro
877 5377 928 5427 et
956 5373 1676 5444 philosophocognominato
1698 5371 1900 5426 Sethln
1930 5371 2083 5429 Grae-
2191 5377 2443 5433 diatriba
2472 5378 2543 5433 de
2580 5384 2935 5451 Symeonum
2997 5380 3235 5452 scriptis
3285 5396 3343 5448 p.
3397 5375 3496 5430 184
3551 5359 3798 5441 modiis”

430 5478 619 5518 corum
649 5460 941 5515 dialeclum
972 5476 1278 5527 conversus,
1308 5471 1534 5517 vocatu:
1568 5461 1804 5516 Arabica
1865 5461 2082 5532 quidem
2190 5466 2454 5521 Ferraria
2482 5484 2578 5523 an.
2602 5469 2737 5522 1584
2769 5469 3087 5539 quamdam
3120 5468 3301 5540 hujus
3332 5462 3521 5537 operis
3550 5457 3796 5544 intem-PV

434 5551 609 5621 Cylils
639 5559 690 5605 et
721 5553 939 5614 Dimnr,
976 5548 1158 5605 Graece
1186 5565 1311 5604 vero
1341 5548 1686 5620 Stephanitae
1704 5552 1756 5605 et
1775 5550 2083 5606 Ichnelate:
2189 5555 2469 5610 tationem
2513 5555 2776 5612 Italicam
2813 5558 3018 5613 multis
3048 5557 3192 5613 locis
3234 5556 3519 5615 mutilam,
3551 5547 3604 5600 in
3649 5544 3791 5604 οιυυε

2191 5642 2431 5716 Ρτοιοεο
2454 5645 3080 5717 ἶϐεειῐυνὴυυοιὶὺτυῐη
3108 5664 3175 5702 ex
3204 5646 3398 5703 Indica
3420 5642 3474 5696 id
3506 5634 3789 5717 Agerenam

2188 5732 2453 5805 linguam
2487 5716 2687 5791 aILelo
2717 5738 2935 5792 Demno
2981 5741 3270 5794 Saracena
3325 5742 3549 5790 versum
3604 5716 3786 5774 fuisse;

432 4824 600 4897 Διμνὶ
636 4867 650 4890 ,

434 5641 601 5694 Habet
628 5648 808 5693 autem
840 5637 1072 5705 fabulas
1091 5638 1395 5708 permultas
1412 5642 1467 5693 et
1488 5637 1744 5693 omnibus
1764 5641 2085 5695 homznibus

429 5728 610 5782 utiles.
636 5726 822 5782 Video
853 5742 922 5782 ex
942 5726 1036 5781 bis
1055 5726 1249 5781 verbis
1267 5729 1487 5782 restare
1504 5725 1747 5782 dubium
1779 5725 2079 5795 lectori,an
