  <div class='ocr_page' id='page_1' title='image "/cluster/home/n/w/nwhite01/storage/ocr_20150623/143:no.1/coo.31924054870484/526.png"; bbox 0 0 4072 6428; ppageno 0'>
   <div class='ocr_carea' id='block_1_1' title="bbox 331 475 472 533">
    <p class='ocr_par' dir='ltr' id='par_1_1' title="bbox 331 475 472 533">
     <span class='ocr_line' id='line_1_1' title="bbox 331 475 472 533; baseline -0.021 0"><span class='ocrx_word' id='word_1_1' title='bbox 331 475 472 533; x_wconf 85' lang='grc'><strong>1033</strong></span> 
     </span>
    </p>
   </div>
   <div class='ocr_carea' id='block_1_2' title="bbox 1806 475 2297 532">
    <p class='ocr_par' dir='ltr' id='par_1_2' title="bbox 1806 475 2297 532">
     <span class='ocr_line' id='line_1_2' title="bbox 1806 475 2297 532; baseline 0.002 -1"><span class='ocrx_word' id='word_1_2' title='bbox 1806 475 2297 532; x_wconf 82' lang='lat' dir='ltr'>GLOSSARIUM.</span> 
     </span>
    </p>
   </div>
   <div class='ocr_carea' id='block_1_3' title="bbox 3626 489 3763 546">
    <p class='ocr_par' dir='ltr' id='par_1_3' title="bbox 3626 489 3763 546">
     <span class='ocr_line' id='line_1_3' title="bbox 3626 489 3763 546; baseline 0.007 -1"><span class='ocrx_word' id='word_1_3' title='bbox 3626 489 3763 546; x_wconf 62' lang='grc'>1034</span> 
     </span>
    </p>
   </div>
   <div class='ocr_carea' id='block_1_4' title="bbox 334 596 3766 681">
    <p class='ocr_par' dir='ltr' id='par_1_4' title="bbox 334 596 3766 681">
     <span class='ocr_line' id='line_1_4' title="bbox 334 596 3766 681; baseline 0.005 -28"><span class='ocrx_word' id='word_1_4' title='bbox 334 596 583 653; x_wconf 89' lang='lat' dir='ltr'>ridiculo</span> <span class='ocrx_word' id='word_1_5' title='bbox 606 614 828 668; x_wconf 85' lang='lat' dir='ltr'>errore,</span> <span class='ocrx_word' id='word_1_6' title='bbox 853 615 921 654; x_wconf 88' lang='lat' dir='ltr'>ex</span> <span class='ocrx_word' id='word_1_7' title='bbox 943 615 1010 654; x_wconf 91' lang='lat' dir='ltr'>eo</span> <span class='ocrx_word' id='word_1_8' title='bbox 1034 603 1170 654; x_wconf 89' lang='lat' dir='ltr'>nato</span> <span class='ocrx_word' id='word_1_9' title='bbox 1194 600 1348 671; x_wconf 89' lang='lat' dir='ltr'>quod</span> <span class='ocrx_word' id='word_1_10' title='bbox 1374 599 1523 655; x_wconf 89' lang='lat' dir='ltr'>liber</span> <span class='ocrx_word' id='word_1_11' title='bbox 1541 599 1697 655; x_wconf 87' lang='lat' dir='ltr'>idem</span> <span class='ocrx_word' id='word_1_12' title='bbox 1721 600 1793 655; x_wconf 93' lang='lat' dir='ltr'>ab</span> <span class='ocrx_word' id='word_1_13' title='bbox 1811 599 1999 655; x_wconf 82' lang='lat' dir='ltr'>Arabe</span> <span class='ocrx_word' id='word_1_14' title='bbox 2030 600 2084 665; x_wconf 78' lang='grc' dir='ltr'><strong>Α</strong></span> <span class='ocrx_word' id='word_1_15' title='bbox 2116 599 2321 656; x_wconf 68' lang='lat' dir='ltr'>litterae</span> <span class='ocrx_word' id='word_1_16' title='bbox 2334 604 2645 661; x_wconf 67' lang='lat' dir='ltr'>sacrzesine</span> <span class='ocrx_word' id='word_1_17' title='bbox 2668 608 2873 663; x_wconf 90' lang='lat' dir='ltr'>addito</span> <span class='ocrx_word' id='word_1_18' title='bbox 2889 610 3568 681; x_wconf 86' lang='lat' dir='ltr'>appellantur,voeabulo</span> <span class='ocrx_word' id='word_1_19' title='bbox 3594 614 3766 671; x_wconf 88' lang='lat' dir='ltr'>etiam</span> 
     </span>
    </p>
   </div>
   <div class='ocr_carea' id='block_1_5' title="bbox 338 688 2007 761">
    <p class='ocr_par' dir='ltr' id='par_1_5' title="bbox 338 688 2007 761">
     <span class='ocr_line' id='line_1_5' title="bbox 338 688 2007 761; baseline 0 -18"><span class='ocrx_word' id='word_1_20' title='bbox 338 689 657 758; x_wconf 80' lang='lat' dir='ltr'>interprete</span> <span class='ocrx_word' id='word_1_21' title='bbox 679 688 859 759; x_wconf 79' lang='lat' dir='ltr'>Cylite</span> <span class='ocrx_word' id='word_1_22' title='bbox 889 706 926 743; x_wconf 70' lang='grc' dir='ltr'>ιι</span> <span class='ocrx_word' id='word_1_23' title='bbox 947 689 1483 761; x_wconf 78' lang='lat' dir='ltr'>Dimneinscriptus</span> <span class='ocrx_word' id='word_1_24' title='bbox 1508 689 1702 745; x_wconf 89' lang='lat' dir='ltr'>fuerit.</span> <span class='ocrx_word' id='word_1_25' title='bbox 1732 690 1791 743; x_wconf 93' lang='lat' dir='ltr'>ld</span> <span class='ocrx_word' id='word_1_26' title='bbox 1816 689 2007 744; x_wconf 87' lang='lat' dir='ltr'>valere</span> 
     </span>
    </p>
   </div>
   <div class='ocr_carea' id='block_1_6' title="bbox 349 778 2005 852">
    <p class='ocr_par' dir='ltr' id='par_1_6' title="bbox 349 778 2005 852">
     <span class='ocr_line' id='line_1_6' title="bbox 349 778 2005 852; baseline 0.001 -20"><span class='ocrx_word' id='word_1_27' title='bbox 349 783 543 852; x_wconf 79' lang='lat' dir='ltr'>potest</span> <span class='ocrx_word' id='word_1_28' title='bbox 570 778 639 833; x_wconf 89' lang='lat' dir='ltr'>ad</span> <span class='ocrx_word' id='word_1_29' title='bbox 674 780 1182 850; x_wconf 87' lang='lat' dir='ltr'>comprobandum</span> <span class='ocrx_word' id='word_1_30' title='bbox 1220 797 1417 834; x_wconf 88' lang='lat' dir='ltr'>meum</span> <span class='ocrx_word' id='word_1_31' title='bbox 1451 779 1768 835; x_wconf 88' lang='lat' dir='ltr'>consilium</span> <span class='ocrx_word' id='word_1_32' title='bbox 1804 778 2005 833; x_wconf 63' lang='lat' dir='ltr'>alienae</span> 
     </span>
    </p>
   </div>
   <div class='ocr_carea' id='block_1_7' title="bbox 341 868 2006 939">
    <p class='ocr_par' dir='ltr' id='par_1_7' title="bbox 341 868 2006 939">
     <span class='ocr_line' id='line_1_7' title="bbox 341 868 2006 939; baseline -0.002 -14"><span class='ocrx_word' id='word_1_33' title='bbox 341 871 414 925; x_wconf 89' lang='lat' dir='ltr'>ab</span> <span class='ocrx_word' id='word_1_34' title='bbox 466 868 803 939; x_wconf 83' lang='lat' dir='ltr'>originibus</span> <span class='ocrx_word' id='word_1_35' title='bbox 854 869 1350 924; x_wconf 81' lang='lat' dir='ltr'>nomenclationis</span> <span class='ocrx_word' id='word_1_36' title='bbox 1383 870 1765 937; x_wconf 61' lang='lat' dir='ltr'>removenda},</span> <span class='ocrx_word' id='word_1_37' title='bbox 1797 885 1868 922; x_wconf 91' lang='lat' dir='ltr'>ne</span> <span class='ocrx_word' id='word_1_38' title='bbox 1917 885 2006 922; x_wconf 91' lang='lat' dir='ltr'>se-</span> 
     </span>
    </p>
   </div>
   <div class='ocr_carea' id='block_1_8' title="bbox 348 958 2007 1031">
    <p class='ocr_par' dir='ltr' id='par_1_8' title="bbox 348 958 2007 1031">
     <span class='ocr_line' id='line_1_8' title="bbox 348 958 2007 1031; baseline -0.001 -17"><span class='ocrx_word' id='word_1_39' title='bbox 348 958 569 1014; x_wconf 87' lang='lat' dir='ltr'>militer</span> <span class='ocrx_word' id='word_1_40' title='bbox 597 959 830 1013; x_wconf 84' lang='lat' dir='ltr'>errandi</span> <span class='ocrx_word' id='word_1_41' title='bbox 865 958 1118 1029; x_wconf 83' lang='lat' dir='ltr'>cuipiam</span> <span class='ocrx_word' id='word_1_42' title='bbox 1146 958 1496 1031; x_wconf 87' lang='lat' dir='ltr'>simpliciori</span> <span class='ocrx_word' id='word_1_43' title='bbox 1520 960 1759 1016; x_wconf 82' lang='lat' dir='ltr'>daretur</span> <span class='ocrx_word' id='word_1_44' title='bbox 1779 959 2007 1013; x_wconf 81' lang='lat' dir='ltr'>occasio</span> 
     </span>
    </p>
   </div>
   <div class='ocr_carea' id='block_1_9' title="bbox 344 1047 2006 1121">
    <p class='ocr_par' dir='ltr' id='par_1_9' title="bbox 344 1047 2006 1121">
     <span class='ocr_line' id='line_1_9' title="bbox 344 1047 2006 1121; baseline -0.001 -16"><span class='ocrx_word' id='word_1_45' title='bbox 344 1051 433 1121; x_wconf 91' lang='lat' dir='ltr'>[P.</span> <span class='ocrx_word' id='word_1_46' title='bbox 489 1050 613 1113; x_wconf 83' lang='lat'>391]</span> <span class='ocrx_word' id='word_1_47' title='bbox 675 1047 1086 1104; x_wconf 79' lang='lat' dir='ltr'>existimatum</span> <span class='ocrx_word' id='word_1_48' title='bbox 1138 1050 1390 1104; x_wconf 81' lang='lat' dir='ltr'>fortasse</span> <span class='ocrx_word' id='word_1_49' title='bbox 1425 1048 1746 1103; x_wconf 79' lang='lat' dir='ltr'>ichnelatcn</span> <span class='ocrx_word' id='word_1_50' title='bbox 1792 1064 2006 1103; x_wconf 86' lang='lat' dir='ltr'>nomen</span> 
     </span>
    </p>
   </div>
   <div class='ocr_carea' id='block_1_10' title="bbox 351 1137 2009 1209">
    <p class='ocr_par' dir='ltr' id='par_1_10' title="bbox 351 1137 2009 1209">
     <span class='ocr_line' id='line_1_10' title="bbox 351 1137 2009 1209; baseline -0.004 -12"><span class='ocrx_word' id='word_1_51' title='bbox 351 1156 482 1197; x_wconf 82' lang='lat' dir='ltr'>esse</span> <span class='ocrx_word' id='word_1_52' title='bbox 511 1137 793 1202; x_wconf 79' lang='lat' dir='ltr'>auctoris,</span> <span class='ocrx_word' id='word_1_53' title='bbox 825 1137 923 1207; x_wconf 88' lang='lat' dir='ltr'>qui</span> <span class='ocrx_word' id='word_1_54' title='bbox 957 1138 1184 1209; x_wconf 90' lang='lat' dir='ltr'>primus</span> <span class='ocrx_word' id='word_1_55' title='bbox 1216 1139 1324 1193; x_wconf 87' lang='lat' dir='ltr'>hoc</span> <span class='ocrx_word' id='word_1_56' title='bbox 1356 1138 1709 1209; x_wconf 85' lang='lat' dir='ltr'>opusculum</span> <span class='ocrx_word' id='word_1_57' title='bbox 1743 1137 2009 1191; x_wconf 85' lang='lat' dir='ltr'>condidit</span> 
     </span>
    </p>
   </div>
   <div class='ocr_carea' id='block_1_11' title="bbox 352 1226 2007 1299">
    <p class='ocr_par' dir='ltr' id='par_1_11' title="bbox 352 1226 2007 1299">
     <span class='ocr_line' id='line_1_11' title="bbox 352 1226 2007 1299; baseline -0.002 -15"><span class='ocrx_word' id='word_1_58' title='bbox 352 1246 486 1285; x_wconf 92' lang='lat' dir='ltr'>cum</span> <span class='ocrx_word' id='word_1_59' title='bbox 522 1228 577 1282; x_wconf 88' lang='lat' dir='ltr'>id</span> <span class='ocrx_word' id='word_1_60' title='bbox 613 1227 740 1282; x_wconf 89' lang='lat' dir='ltr'>sine</span> <span class='ocrx_word' id='word_1_61' title='bbox 764 1233 919 1283; x_wconf 88' lang='lat' dir='ltr'>certo</span> <span class='ocrx_word' id='word_1_62' title='bbox 953 1228 1261 1299; x_wconf 86' lang='lat' dir='ltr'>scriptoris</span> <span class='ocrx_word' id='word_1_63' title='bbox 1293 1228 1531 1282; x_wconf 90' lang='lat' dir='ltr'>nomine</span> <span class='ocrx_word' id='word_1_64' title='bbox 1563 1228 1784 1282; x_wconf 90' lang='lat' dir='ltr'>editum</span> <span class='ocrx_word' id='word_1_65' title='bbox 1820 1226 1879 1281; x_wconf 87' lang='lat' dir='ltr'>in</span> <span class='ocrx_word' id='word_1_66' title='bbox 1914 1226 2007 1280; x_wconf 91' lang='lat' dir='ltr'>In-</span> 
     </span>
    </p>
   </div>
   <div class='ocr_carea' id='block_1_12' title="bbox 346 1316 2008 1390">
    <p class='ocr_par' dir='ltr' id='par_1_12' title="bbox 346 1316 2008 1390">
     <span class='ocr_line' id='line_1_12' title="bbox 346 1316 2008 1390; baseline -0.004 -15"><span class='ocrx_word' id='word_1_67' title='bbox 346 1320 443 1375; x_wconf 88' lang='lat' dir='ltr'>dia</span> <span class='ocrx_word' id='word_1_68' title='bbox 474 1318 727 1390; x_wconf 83' lang='lat' dir='ltr'>Symeon</span> <span class='ocrx_word' id='word_1_69' title='bbox 762 1317 899 1371; x_wconf 86' lang='lat' dir='ltr'>Seth</span> <span class='ocrx_word' id='word_1_70' title='bbox 931 1317 1166 1383; x_wconf 82' lang='lat' dir='ltr'>innuat,</span> <span class='ocrx_word' id='word_1_71' title='bbox 1201 1318 1344 1372; x_wconf 91' lang='lat' dir='ltr'>dum</span> <span class='ocrx_word' id='word_1_72' title='bbox 1377 1318 1583 1372; x_wconf 87' lang='lat' dir='ltr'>scribit</span> <span class='ocrx_word' id='word_1_73' title='bbox 1616 1316 1785 1371; x_wconf 80' lang='lat' dir='ltr'>initio</span> <span class='ocrx_word' id='word_1_74' title='bbox 1808 1316 2008 1387; x_wconf 71' lang='lat' dir='ltr'>praefa-</span> 
     </span>
    </p>
   </div>
   <div class='ocr_carea' id='block_1_13' title="bbox 340 1398 2006 1480">
    <p class='ocr_par' dir='ltr' id='par_1_13' title="bbox 340 1398 2006 1480">
     <span class='ocr_line' id='line_1_13' title="bbox 340 1398 2006 1480; baseline -0.004 -18"><span class='ocrx_word' id='word_1_75' title='bbox 340 1407 517 1463; x_wconf 86' lang='lat' dir='ltr'>tionis</span> <span class='ocrx_word' id='word_1_76' title='bbox 578 1422 736 1460; x_wconf 65' lang='lat' dir='ltr'>sum:</span> <span class='ocrx_word' id='word_1_77' title='bbox 796 1406 860 1459; x_wconf 85' lang='grc' dir='ltr'>Ἡ</span> <span class='ocrx_word' id='word_1_78' title='bbox 918 1408 1165 1479; x_wconf 80' lang='grc' dir='ltr'>παροῦσα</span> <span class='ocrx_word' id='word_1_79' title='bbox 1228 1398 1421 1477; x_wconf 77' lang='grc' dir='ltr'>βίϐλος</span> <span class='ocrx_word' id='word_1_80' title='bbox 1473 1402 1675 1480; x_wconf 71' lang='grc' dir='ltr'>ἐγράφη</span> <span class='ocrx_word' id='word_1_81' title='bbox 1731 1404 1825 1476; x_wconf 73' lang='grc' dir='ltr'>μὲν</span> <span class='ocrx_word' id='word_1_82' title='bbox 1859 1404 2006 1472; x_wconf 82' lang='grc' dir='ltr'>παρά</span> 
     </span>
    </p>
   </div>
   <div class='ocr_carea' id='block_1_14' title="bbox 340 1488 2009 1573">
    <p class='ocr_par' dir='ltr' id='par_1_14' title="bbox 340 1488 2009 1573">
     <span class='ocr_line' id='line_1_14' title="bbox 340 1488 2009 1573; baseline -0.002 -21"><span class='ocrx_word' id='word_1_83' title='bbox 340 1499 524 1573; x_wconf 70' lang='grc' dir='ltr'>σοφῶν</span> <span class='ocrx_word' id='word_1_84' title='bbox 570 1494 676 1549; x_wconf 83' lang='grc' dir='ltr'>ἀπό</span> <span class='ocrx_word' id='word_1_85' title='bbox 707 1515 764 1548; x_wconf 88' lang='grc' dir='ltr'>τε</span> <span class='ocrx_word' id='word_1_86' title='bbox 817 1492 1003 1566; x_wconf 63' lang='grc' dir='ltr'>μύθων</span> <span class='ocrx_word' id='word_1_87' title='bbox 1054 1494 1145 1548; x_wconf 85' lang='grc' dir='ltr'>καὶ</span> <span class='ocrx_word' id='word_1_88' title='bbox 1184 1488 1547 1569; x_wconf 73' lang='grc' dir='ltr'>παραλαϐῶν,</span> <span class='ocrx_word' id='word_1_89' title='bbox 1597 1496 1741 1549; x_wconf 85' lang='lat' dir='ltr'>hunc</span> <span class='ocrx_word' id='word_1_90' title='bbox 1800 1495 2009 1549; x_wconf 81' lang='lat' dir='ltr'>librum</span> 
     </span>
    </p>
   </div>
   <div class='ocr_carea' id='block_1_15' title="bbox 344 1585 2006 1657">
    <p class='ocr_par' dir='ltr' id='par_1_15' title="bbox 344 1585 2006 1657">
     <span class='ocr_line' id='line_1_15' title="bbox 344 1585 2006 1657; baseline -0.003 -14"><span class='ocrx_word' id='word_1_91' title='bbox 344 1588 707 1657; x_wconf 77' lang='lat' dir='ltr'>compositum</span> <span class='ocrx_word' id='word_1_92' title='bbox 760 1585 932 1656; x_wconf 73' lang='lat' dir='ltr'>fuisse</span> <span class='ocrx_word' id='word_1_93' title='bbox 961 1604 997 1641; x_wconf 87' lang='lat' dir='ltr'>a</span> <span class='ocrx_word' id='word_1_94' title='bbox 1029 1586 1374 1654; x_wconf 78' lang='lat' dir='ltr'>sapientibus</span> <span class='ocrx_word' id='word_1_95' title='bbox 1404 1602 1473 1639; x_wconf 71' lang='lat' dir='ltr'>ea:</span> <span class='ocrx_word' id='word_1_96' title='bbox 1513 1585 1729 1655; x_wconf 65' lang='lat' dir='ltr'>fabulas</span> <span class='ocrx_word' id='word_1_97' title='bbox 1761 1589 1812 1639; x_wconf 85' lang='lat' dir='ltr'>et</span> <span class='ocrx_word' id='word_1_98' title='bbox 1841 1601 2006 1651; x_wconf 82' lang='lat' dir='ltr'>para-</span> 
     </span>
    </p>
   </div>
   <div class='ocr_carea' id='block_1_16' title="bbox 350 1674 2005 1747">
    <p class='ocr_par' dir='ltr' id='par_1_16' title="bbox 350 1674 2005 1747">
     <span class='ocr_line' id='line_1_16' title="bbox 350 1674 2005 1747; baseline -0.003 -15"><span class='ocrx_word' id='word_1_99' title='bbox 350 1678 530 1743; x_wconf 75' lang='lat' dir='ltr'>bolis;</span> <span class='ocrx_word' id='word_1_100' title='bbox 575 1676 728 1747; x_wconf 92' lang='lat' dir='ltr'>quod</span> <span class='ocrx_word' id='word_1_101' title='bbox 769 1675 991 1729; x_wconf 84' lang='lat' dir='ltr'>indicat</span> <span class='ocrx_word' id='word_1_102' title='bbox 1040 1674 1272 1729; x_wconf 90' lang='lat' dir='ltr'>nullum</span> <span class='ocrx_word' id='word_1_103' title='bbox 1314 1675 1365 1729; x_wconf 90' lang='lat' dir='ltr'>ei</span> <span class='ocrx_word' id='word_1_104' title='bbox 1415 1674 1598 1729; x_wconf 85' lang='lat' dir='ltr'>fuisse</span> <span class='ocrx_word' id='word_1_105' title='bbox 1646 1674 2005 1744; x_wconf 89' lang='lat' dir='ltr'>inscriptum</span> 
     </span>
    </p>
   </div>
   <div class='ocr_carea' id='block_1_17' title="bbox 349 1763 2005 1839">
    <p class='ocr_par' dir='ltr' id='par_1_17' title="bbox 349 1763 2005 1839">
     <span class='ocr_line' id='line_1_17' title="bbox 349 1763 2005 1839; baseline -0.004 -16"><span class='ocrx_word' id='word_1_106' title='bbox 349 1765 669 1839; x_wconf 86' lang='lat' dir='ltr'>singularis</span> <span class='ocrx_word' id='word_1_107' title='bbox 701 1766 959 1819; x_wconf 87' lang='lat' dir='ltr'>auctoris</span> <span class='ocrx_word' id='word_1_108' title='bbox 1006 1780 1243 1833; x_wconf 90' lang='lat' dir='ltr'>nomen,</span> <span class='ocrx_word' id='word_1_109' title='bbox 1270 1766 1524 1835; x_wconf 85' lang='lat' dir='ltr'>jureque</span> <span class='ocrx_word' id='word_1_110' title='bbox 1556 1764 1684 1818; x_wconf 90' lang='lat' dir='ltr'>ideo</span> <span class='ocrx_word' id='word_1_111' title='bbox 1736 1779 1828 1817; x_wconf 89' lang='lat' dir='ltr'>me</span> <span class='ocrx_word' id='word_1_112' title='bbox 1862 1763 2005 1817; x_wconf 92' lang='lat' dir='ltr'>illud</span> 
     </span>
    </p>
   </div>
   <div class='ocr_carea' id='block_1_18' title="bbox 345 1854 2009 1929">
    <p class='ocr_par' dir='ltr' id='par_1_18' title="bbox 345 1854 2009 1929">
     <span class='ocr_line' id='line_1_18' title="bbox 345 1854 2009 1929; baseline -0.004 -17"><span class='ocrx_word' id='word_1_113' title='bbox 345 1856 619 1929; x_wconf 82' lang='lat' dir='ltr'>specimen</span> <span class='ocrx_word' id='word_1_114' title='bbox 631 1854 920 1925; x_wconf 74' lang='lat' dir='ltr'>sapientia:</span> <span class='ocrx_word' id='word_1_115' title='bbox 935 1856 1199 1909; x_wconf 83' lang='lat' dir='ltr'>Indorum</span> <span class='ocrx_word' id='word_1_116' title='bbox 1226 1858 1475 1909; x_wconf 80' lang='lat' dir='ltr'>veterum</span> <span class='ocrx_word' id='word_1_117' title='bbox 1499 1855 1895 1925; x_wconf 68' lang='lat' dir='ltr'>nuncupareli</span> <span class='ocrx_word' id='word_1_118' title='bbox 1912 1854 2009 1906; x_wconf 77' lang='lat'>70</span> 
     </span>
    </p>
   </div>
   <div class='ocr_carea' id='block_1_19' title="bbox 344 1942 2008 2019">
    <p class='ocr_par' dir='ltr' id='par_1_19' title="bbox 344 1942 2008 2019">
     <span class='ocr_line' id='line_1_19' title="bbox 344 1942 2008 2019; baseline -0.003 -17"><span class='ocrx_word' id='word_1_119' title='bbox 344 1946 629 2019; x_wconf 89' lang='lat' dir='ltr'>potuisse.</span> <span class='ocrx_word' id='word_1_120' title='bbox 657 1946 767 2001; x_wconf 88' lang='lat' dir='ltr'>Sed</span> <span class='ocrx_word' id='word_1_121' title='bbox 800 1946 870 2000; x_wconf 85' lang='lat' dir='ltr'>de</span> <span class='ocrx_word' id='word_1_122' title='bbox 900 1944 993 1998; x_wconf 92' lang='lat' dir='ltr'>hic</span> <span class='ocrx_word' id='word_1_123' title='bbox 1017 1945 1143 2014; x_wconf 89' lang='lat' dir='ltr'>jam</span> <span class='ocrx_word' id='word_1_124' title='bbox 1179 1944 1309 2015; x_wconf 90' lang='lat' dir='ltr'>plus</span> <span class='ocrx_word' id='word_1_125' title='bbox 1344 1942 1527 1999; x_wconf 87' lang='lat' dir='ltr'>satis:</span> <span class='ocrx_word' id='word_1_126' title='bbox 1563 1942 1679 1997; x_wconf 88' lang='lat' dir='ltr'>alia</span> <span class='ocrx_word' id='word_1_127' title='bbox 1729 1943 1885 1998; x_wconf 88' lang='lat' dir='ltr'>enim</span> <span class='ocrx_word' id='word_1_128' title='bbox 1916 1959 2008 1997; x_wconf 93' lang='lat' dir='ltr'>vo-</span> 
     </span>
    </p>
   </div>
   <div class='ocr_carea' id='block_1_20' title="bbox 349 2040 508 2092">
    <p class='ocr_par' dir='ltr' id='par_1_20' title="bbox 349 2040 508 2092">
     <span class='ocr_line' id='line_1_20' title="bbox 349 2040 508 2092; baseline -0.013 0"><span class='ocrx_word' id='word_1_129' title='bbox 349 2040 508 2092; x_wconf 89' lang='lat' dir='ltr'>cant.</span> 
     </span>
    </p>
   </div>
   <div class='ocr_carea' id='block_1_21' title="bbox 419 2127 2004 2205">
    <p class='ocr_par' dir='ltr' id='par_1_21' title="bbox 419 2127 2004 2205">
     <span class='ocr_line' id='line_1_21' title="bbox 419 2127 2004 2205; baseline -0.002 -19"><span class='ocrx_word' id='word_1_130' title='bbox 419 2127 801 2205; x_wconf 79' lang='grc' dir='ltr'>Καϐαλλάριοι</span> <span class='ocrx_word' id='word_1_131' title='bbox 848 2149 905 2203; x_wconf 90' lang='lat' dir='ltr'>p.</span> <span class='ocrx_word' id='word_1_132' title='bbox 962 2132 1087 2186; x_wconf 79' lang='lat'>328.</span> <span class='ocrx_word' id='word_1_133' title='bbox 1126 2130 1364 2185; x_wconf 82' lang='lat' dir='ltr'>Retinui</span> <span class='ocrx_word' id='word_1_134' title='bbox 1409 2130 1713 2185; x_wconf 80' lang='lat' dir='ltr'>caballarii</span> <span class='ocrx_word' id='word_1_135' title='bbox 1750 2130 2004 2184; x_wconf 88' lang='lat' dir='ltr'>vocabu-</span> 
     </span>
    </p>
   </div>
   <div class='ocr_carea' id='block_1_22' title="bbox 346 2218 2006 2293">
    <p class='ocr_par' dir='ltr' id='par_1_22' title="bbox 346 2218 2006 2293">
     <span class='ocr_line' id='line_1_22' title="bbox 346 2218 2006 2293; baseline -0.003 -13"><span class='ocrx_word' id='word_1_136' title='bbox 346 2225 471 2280; x_wconf 91' lang='lat' dir='ltr'>lum</span> <span class='ocrx_word' id='word_1_137' title='bbox 506 2225 565 2277; x_wconf 89' lang='lat' dir='ltr'>in</span> <span class='ocrx_word' id='word_1_138' title='bbox 598 2222 885 2289; x_wconf 85' lang='lat' dir='ltr'>versione,</span> <span class='ocrx_word' id='word_1_139' title='bbox 919 2222 1137 2276; x_wconf 90' lang='lat' dir='ltr'>idcirco</span> <span class='ocrx_word' id='word_1_140' title='bbox 1161 2223 1314 2293; x_wconf 92' lang='lat' dir='ltr'>quod</span> <span class='ocrx_word' id='word_1_141' title='bbox 1347 2220 1677 2275; x_wconf 82' lang='lat' dir='ltr'>existimavi</span> <span class='ocrx_word' id='word_1_142' title='bbox 1700 2220 1856 2273; x_wconf 87' lang='lat' dir='ltr'>haud</span> <span class='ocrx_word' id='word_1_143' title='bbox 1879 2218 2006 2275; x_wconf 87' lang='lat' dir='ltr'>sine</span> 
     </span>
    </p>
   </div>
   <div class='ocr_carea' id='block_1_23' title="bbox 352 2308 2003 2380">
    <p class='ocr_par' dir='ltr' id='par_1_23' title="bbox 352 2308 2003 2380">
     <span class='ocr_line' id='line_1_23' title="bbox 352 2308 2003 2380; baseline -0.004 -12"><span class='ocrx_word' id='word_1_144' title='bbox 352 2330 533 2369; x_wconf 85' lang='lat' dir='ltr'>causa</span> <span class='ocrx_word' id='word_1_145' title='bbox 556 2311 971 2380; x_wconf 83' lang='lat' dir='ltr'>Pachymerem</span> <span class='ocrx_word' id='word_1_146' title='bbox 1000 2312 1114 2365; x_wconf 89' lang='lat' dir='ltr'>ista</span> <span class='ocrx_word' id='word_1_147' title='bbox 1134 2328 1269 2365; x_wconf 90' lang='lat' dir='ltr'>voce</span> <span class='ocrx_word' id='word_1_148' title='bbox 1293 2311 1384 2365; x_wconf 86' lang='lat' dir='ltr'>hic</span> <span class='ocrx_word' id='word_1_149' title='bbox 1405 2325 1580 2365; x_wconf 89' lang='lat' dir='ltr'>usum</span> <span class='ocrx_word' id='word_1_150' title='bbox 1602 2308 1797 2380; x_wconf 89' lang='lat' dir='ltr'>potius</span> <span class='ocrx_word' id='word_1_151' title='bbox 1826 2326 2003 2379; x_wconf 90' lang='lat' dir='ltr'>quam</span> 
     </span>
    </p>
   </div>
   <div class='ocr_carea' id='block_1_24' title="bbox 346 2398 2006 2476">
    <p class='ocr_par' dir='ltr' id='par_1_24' title="bbox 346 2398 2006 2476">
     <span class='ocr_line' id='line_1_24' title="bbox 346 2398 2006 2476; baseline -0.003 -18"><span class='ocrx_word' id='word_1_152' title='bbox 346 2403 492 2476; x_wconf 85' lang='lat' dir='ltr'>ipsis</span> <span class='ocrx_word' id='word_1_153' title='bbox 524 2402 834 2456; x_wconf 85' lang='lat' dir='ltr'>notissima</span> <span class='ocrx_word' id='word_1_154' title='bbox 865 2406 921 2455; x_wconf 90' lang='lat' dir='ltr'>et</span> <span class='ocrx_word' id='word_1_155' title='bbox 943 2402 1111 2457; x_wconf 87' lang='lat' dir='ltr'>obvia</span> <span class='ocrx_word' id='word_1_156' title='bbox 1142 2400 1377 2454; x_wconf 72' lang='grc' dir='ltr'>ἱππέων.</span> <span class='ocrx_word' id='word_1_157' title='bbox 1402 2400 1622 2469; x_wconf 89' lang='lat' dir='ltr'>Nempe</span> <span class='ocrx_word' id='word_1_158' title='bbox 1651 2398 2006 2453; x_wconf 78' lang='lat' dir='ltr'>caballarius</span> 
     </span>
    </p>
   </div>
   <div class='ocr_carea' id='block_1_25' title="bbox 350 2488 2004 2561">
    <p class='ocr_par' dir='ltr' id='par_1_25' title="bbox 350 2488 2004 2561">
     <span class='ocr_line' id='line_1_25' title="bbox 350 2488 2004 2561; baseline -0.004 -12"><span class='ocrx_word' id='word_1_159' title='bbox 350 2491 779 2548; x_wconf 87' lang='lat' dir='ltr'>consuetudine</span> <span class='ocrx_word' id='word_1_160' title='bbox 804 2493 926 2561; x_wconf 90' lang='lat' dir='ltr'>jam</span> <span class='ocrx_word' id='word_1_161' title='bbox 962 2496 1088 2544; x_wconf 89' lang='lat' dir='ltr'>tum</span> <span class='ocrx_word' id='word_1_162' title='bbox 1133 2488 1293 2544; x_wconf 90' lang='lat' dir='ltr'>illius</span> <span class='ocrx_word' id='word_1_163' title='bbox 1325 2489 1611 2559; x_wconf 89' lang='lat' dir='ltr'>temporis</span> <span class='ocrx_word' id='word_1_164' title='bbox 1652 2505 1766 2542; x_wconf 91' lang='lat' dir='ltr'>non</span> <span class='ocrx_word' id='word_1_165' title='bbox 1801 2505 2004 2558; x_wconf 86' lang='lat' dir='ltr'>quem-</span> 
     </span>
    </p>
   </div>
   <div class='ocr_carea' id='block_1_26' title="bbox 344 2578 2008 2653">
    <p class='ocr_par' dir='ltr' id='par_1_26' title="bbox 344 2578 2008 2653">
     <span class='ocr_line' id='line_1_26' title="bbox 344 2578 2008 2653; baseline -0.004 -16"><span class='ocrx_word' id='word_1_166' title='bbox 344 2582 492 2641; x_wconf 80' lang='lat' dir='ltr'>libet</span> <span class='ocrx_word' id='word_1_167' title='bbox 522 2582 808 2653; x_wconf 89' lang='lat' dir='ltr'>equitem,</span> <span class='ocrx_word' id='word_1_168' title='bbox 840 2581 940 2635; x_wconf 85' lang='lat' dir='ltr'>sed</span> <span class='ocrx_word' id='word_1_169' title='bbox 970 2579 1262 2650; x_wconf 79' lang='lat' dir='ltr'>insignem</span> <span class='ocrx_word' id='word_1_170' title='bbox 1298 2586 1354 2634; x_wconf 91' lang='lat' dir='ltr'>et</span> <span class='ocrx_word' id='word_1_171' title='bbox 1384 2578 1725 2650; x_wconf 87' lang='lat' dir='ltr'>primarium</span> <span class='ocrx_word' id='word_1_172' title='bbox 1760 2579 2008 2632; x_wconf 90' lang='lat' dir='ltr'>sonabat</span> 
     </span>
    </p>
   </div>
   <div class='ocr_carea' id='block_1_27' title="bbox 344 2667 2003 2743">
    <p class='ocr_par' dir='ltr' id='par_1_27' title="bbox 344 2667 2003 2743">
     <span class='ocr_line' id='line_1_27' title="bbox 344 2667 2003 2743; baseline -0.004 -15"><span class='ocrx_word' id='word_1_173' title='bbox 344 2678 589 2742; x_wconf 87' lang='lat' dir='ltr'>eratque</span> <span class='ocrx_word' id='word_1_174' title='bbox 640 2670 719 2743; x_wconf 90' lang='lat' dir='ltr'>(id</span> <span class='ocrx_word' id='word_1_175' title='bbox 755 2671 909 2741; x_wconf 83' lang='lat' dir='ltr'>quod</span> <span class='ocrx_word' id='word_1_176' title='bbox 943 2669 1237 2739; x_wconf 89' lang='lat' dir='ltr'>hodieque</span> <span class='ocrx_word' id='word_1_177' title='bbox 1268 2668 1325 2722; x_wconf 91' lang='lat' dir='ltr'>in</span> <span class='ocrx_word' id='word_1_178' title='bbox 1362 2667 1567 2722; x_wconf 88' lang='lat' dir='ltr'>Italica</span> <span class='ocrx_word' id='word_1_179' title='bbox 1618 2668 1819 2737; x_wconf 82' lang='lat' dir='ltr'>lingua</span> <span class='ocrx_word' id='word_1_180' title='bbox 1868 2668 2003 2721; x_wconf 89' lang='lat' dir='ltr'>inde</span> 
     </span>
    </p>
   </div>
   <div class='ocr_carea' id='block_1_28' title="bbox 346 2757 2003 2832">
    <p class='ocr_par' dir='ltr' id='par_1_28' title="bbox 346 2757 2003 2832">
     <span class='ocr_line' id='line_1_28' title="bbox 346 2757 2003 2832; baseline -0.005 -15"><span class='ocrx_word' id='word_1_181' title='bbox 346 2762 591 2817; x_wconf 89' lang='lat' dir='ltr'>ductum</span> <span class='ocrx_word' id='word_1_182' title='bbox 636 2759 991 2832; x_wconf 88' lang='lat' dir='ltr'>perseverat)</span> <span class='ocrx_word' id='word_1_183' title='bbox 1017 2760 1075 2811; x_wconf 91' lang='lat' dir='ltr'>in</span> <span class='ocrx_word' id='word_1_184' title='bbox 1101 2774 1167 2811; x_wconf 94' lang='lat' dir='ltr'>eo</span> <span class='ocrx_word' id='word_1_185' title='bbox 1189 2759 1364 2812; x_wconf 87' lang='lat' dir='ltr'>verbo</span> <span class='ocrx_word' id='word_1_186' title='bbox 1389 2757 1714 2811; x_wconf 80' lang='lat' dir='ltr'>nobilitatis</span> <span class='ocrx_word' id='word_1_187' title='bbox 1736 2757 2003 2827; x_wconf 71' lang='lat' dir='ltr'>quazdam</span> 
     </span>
    </p>
   </div>
   <div class='ocr_carea' id='block_1_29' title="bbox 348 2846 2006 2923">
    <p class='ocr_par' dir='ltr' id='par_1_29' title="bbox 348 2846 2006 2923">
     <span class='ocr_line' id='line_1_29' title="bbox 348 2846 2006 2923; baseline -0.005 -16"><span class='ocrx_word' id='word_1_188' title='bbox 348 2851 673 2923; x_wconf 85' lang='lat' dir='ltr'>emphasis,</span> <span class='ocrx_word' id='word_1_189' title='bbox 709 2849 954 2903; x_wconf 91' lang='lat' dir='ltr'>minime</span> <span class='ocrx_word' id='word_1_190' title='bbox 985 2848 1339 2902; x_wconf 88' lang='lat' dir='ltr'>conveniens</span> <span class='ocrx_word' id='word_1_191' title='bbox 1369 2846 1554 2917; x_wconf 88' lang='lat' dir='ltr'>equiti</span> <span class='ocrx_word' id='word_1_192' title='bbox 1589 2847 1871 2917; x_wconf 82' lang='lat' dir='ltr'>gregario.</span> <span class='ocrx_word' id='word_1_193' title='bbox 1900 2848 2006 2900; x_wconf 91' lang='lat' dir='ltr'>Ita-</span> 
     </span>
    </p>
   </div>
   <div class='ocr_carea' id='block_1_30' title="bbox 346 2934 2006 3012">
    <p class='ocr_par' dir='ltr' id='par_1_30' title="bbox 346 2934 2006 3012">
     <span class='ocr_line' id='line_1_30' title="bbox 346 2934 2006 3012; baseline -0.006 -15"><span class='ocrx_word' id='word_1_194' title='bbox 346 2958 461 3012; x_wconf 90' lang='lat' dir='ltr'>que</span> <span class='ocrx_word' id='word_1_195' title='bbox 490 2956 626 2995; x_wconf 89' lang='lat' dir='ltr'>cum</span> <span class='ocrx_word' id='word_1_196' title='bbox 648 2944 857 2994; x_wconf 89' lang='lat' dir='ltr'>Noster</span> <span class='ocrx_word' id='word_1_197' title='bbox 876 2939 1143 3008; x_wconf 89' lang='lat' dir='ltr'>ejusdem</span> <span class='ocrx_word' id='word_1_198' title='bbox 1192 2936 1372 3005; x_wconf 83' lang='lat' dir='ltr'>hujus</span> <span class='ocrx_word' id='word_1_199' title='bbox 1416 2935 1584 2991; x_wconf 87' lang='lat' dir='ltr'>initio</span> <span class='ocrx_word' id='word_1_200' title='bbox 1615 2934 1825 3004; x_wconf 86' lang='lat' dir='ltr'>capitis</span> <span class='ocrx_word' id='word_1_201' title='bbox 1849 2935 2006 2988; x_wconf 85' lang='lat' dir='ltr'>hunc</span> 
     </span>
    </p>
   </div>
   <div class='ocr_carea' id='block_1_31' title="bbox 352 3019 2003 3096">
    <p class='ocr_par' dir='ltr' id='par_1_31' title="bbox 352 3019 2003 3096">
     <span class='ocr_line' id='line_1_31' title="bbox 352 3019 2003 3096; baseline -0.007 -11"><span class='ocrx_word' id='word_1_202' title='bbox 352 3032 411 3085; x_wconf 82' lang='lat' dir='ltr'>in</span> <span class='ocrx_word' id='word_1_203' title='bbox 464 3030 704 3083; x_wconf 89' lang='lat' dir='ltr'>modum</span> <span class='ocrx_word' id='word_1_204' title='bbox 757 3028 983 3092; x_wconf 83' lang='lat' dir='ltr'>scribit,</span> <span class='ocrx_word' id='word_1_205' title='bbox 1036 3026 1097 3081; x_wconf 73' lang='grc' dir='ltr'>Ὀ</span> <span class='ocrx_word' id='word_1_206' title='bbox 1144 3019 1519 3096; x_wconf 76' lang='grc' dir='ltr'>καϐαλλάριος</span> <span class='ocrx_word' id='word_1_207' title='bbox 1568 3022 1817 3091; x_wconf 73' lang='grc' dir='ltr'>Ἀλὲξιος</span> <span class='ocrx_word' id='word_1_208' title='bbox 1869 3021 2003 3094; x_wconf 75' lang='grc' dir='ltr'>ἀνὴρ</span> 
     </span>
    </p>
   </div>
   <div class='ocr_carea' id='block_1_32' title="bbox 350 3112 2003 3192">
    <p class='ocr_par' dir='ltr' id='par_1_32' title="bbox 350 3112 2003 3192">
     <span class='ocr_line' id='line_1_32' title="bbox 350 3112 2003 3192; baseline -0.003 -21"><span class='ocrx_word' id='word_1_209' title='bbox 350 3114 610 3192; x_wconf 81' lang='grc' dir='ltr'>γεννάδας</span> <span class='ocrx_word' id='word_1_210' title='bbox 650 3115 740 3170; x_wconf 77' lang='grc' dir='ltr'>καὶ</span> <span class='ocrx_word' id='word_1_211' title='bbox 790 3112 1066 3189; x_wconf 83' lang='grc' dir='ltr'>ἆνδρικός,</span> <span class='ocrx_word' id='word_1_212' title='bbox 1116 3115 1541 3183; x_wconf 80' lang='lat' dir='ltr'>intelligendus</span> <span class='ocrx_word' id='word_1_213' title='bbox 1590 3119 1678 3167; x_wconf 90' lang='lat' dir='ltr'>est</span> <span class='ocrx_word' id='word_1_214' title='bbox 1727 3114 1855 3181; x_wconf 90' lang='lat' dir='ltr'>ejus</span> <span class='ocrx_word' id='word_1_215' title='bbox 1893 3113 2003 3166; x_wconf 88' lang='lat' dir='ltr'>viri</span> 
     </span>
    </p>
   </div>
   <div class='ocr_carea' id='block_1_33' title="bbox 358 3203 2001 3275">
    <p class='ocr_par' dir='ltr' id='par_1_33' title="bbox 358 3203 2001 3275">
     <span class='ocr_line' id='line_1_33' title="bbox 358 3203 2001 3275; baseline -0.005 -12"><span class='ocrx_word' id='word_1_216' title='bbox 358 3208 722 3263; x_wconf 89' lang='lat' dir='ltr'>nobilitatem</span> <span class='ocrx_word' id='word_1_217' title='bbox 774 3206 1219 3275; x_wconf 86' lang='lat' dir='ltr'>claritatemque</span> <span class='ocrx_word' id='word_1_218' title='bbox 1267 3204 1378 3259; x_wconf 90' lang='lat' dir='ltr'>isto</span> <span class='ocrx_word' id='word_1_219' title='bbox 1424 3203 1662 3259; x_wconf 89' lang='lat' dir='ltr'>nomine</span> <span class='ocrx_word' id='word_1_220' title='bbox 1712 3203 2001 3273; x_wconf 78' lang='lat' dir='ltr'>signasse.</span> 
     </span>
    </p>
   </div>
   <div class='ocr_carea' id='block_1_34' title="bbox 349 3292 2002 3362">
    <p class='ocr_par' dir='ltr' id='par_1_34' title="bbox 349 3292 2002 3362">
     <span class='ocr_line' id='line_1_34' title="bbox 349 3292 2002 3362; baseline -0.005 -9"><span class='ocrx_word' id='word_1_221' title='bbox 349 3298 465 3354; x_wconf 90' lang='lat' dir='ltr'>Nec</span> <span class='ocrx_word' id='word_1_222' title='bbox 497 3296 641 3352; x_wconf 90' lang='lat' dir='ltr'>mihi</span> <span class='ocrx_word' id='word_1_223' title='bbox 668 3301 758 3351; x_wconf 89' lang='lat' dir='ltr'>est</span> <span class='ocrx_word' id='word_1_224' title='bbox 790 3294 1134 3350; x_wconf 91' lang='lat' dir='ltr'>incredibile</span> <span class='ocrx_word' id='word_1_225' title='bbox 1165 3298 1456 3348; x_wconf 88' lang='lat' dir='ltr'>trecentos</span> <span class='ocrx_word' id='word_1_226' title='bbox 1489 3293 1633 3347; x_wconf 90' lang='lat' dir='ltr'>istos</span> <span class='ocrx_word' id='word_1_227' title='bbox 1665 3310 1733 3347; x_wconf 82' lang='lat' dir='ltr'>ex</span> <span class='ocrx_word' id='word_1_228' title='bbox 1750 3308 1815 3347; x_wconf 92' lang='lat' dir='ltr'>eo</span> <span class='ocrx_word' id='word_1_229' title='bbox 1839 3292 2002 3362; x_wconf 88' lang='lat' dir='ltr'>equi-</span> 
     </span>
    </p>
   </div>
   <div class='ocr_carea' id='block_1_35' title="bbox 2117 692 3768 769">
    <p class='ocr_par' dir='ltr' id='par_1_35' title="bbox 2117 692 3768 769">
     <span class='ocr_line' id='line_1_35' title="bbox 2117 692 3768 769; baseline 0.008 -26"><span class='ocrx_word' id='word_1_230' title='bbox 2117 692 2328 747; x_wconf 74' lang='lat' dir='ltr'>Graecis</span> <span class='ocrx_word' id='word_1_231' title='bbox 2385 694 2625 750; x_wconf 86' lang='lat' dir='ltr'>usitato.</span> <span class='ocrx_word' id='word_1_232' title='bbox 2661 696 2918 769; x_wconf 85' lang='lat' dir='ltr'>Usurpat</span> <span class='ocrx_word' id='word_1_233' title='bbox 2949 704 3004 754; x_wconf 87' lang='lat' dir='ltr'>et</span> <span class='ocrx_word' id='word_1_234' title='bbox 3033 700 3169 755; x_wconf 84' lang='lat' dir='ltr'>alibi</span> <span class='ocrx_word' id='word_1_235' title='bbox 3203 707 3407 757; x_wconf 83' lang='lat' dir='ltr'>Noster</span> <span class='ocrx_word' id='word_1_236' title='bbox 3442 704 3768 766; x_wconf 80' lang='grc' dir='ltr'>καθοσιώσιν</span> 
     </span>
    </p>
   </div>
   <div class='ocr_carea' id='block_1_36' title="bbox 2119 780 3771 862">
    <p class='ocr_par' dir='ltr' id='par_1_36' title="bbox 2119 780 3771 862">
     <span class='ocr_line' id='line_1_36' title="bbox 2119 780 3771 862; baseline 0.008 -29"><span class='ocrx_word' id='word_1_237' title='bbox 2119 780 2227 835; x_wconf 81' lang='lat' dir='ltr'>hac</span> <span class='ocrx_word' id='word_1_238' title='bbox 2260 783 2520 852; x_wconf 84' lang='lat' dir='ltr'>notione,</span> <span class='ocrx_word' id='word_1_239' title='bbox 2554 785 2592 839; x_wconf 89' lang='lat' dir='ltr'>l.</span> <span class='ocrx_word' id='word_1_240' title='bbox 2626 803 2681 855; x_wconf 89' lang='lat' dir='ltr'>V,</span> <span class='ocrx_word' id='word_1_241' title='bbox 2714 803 2764 841; x_wconf 91' lang='lat' dir='ltr'>c.</span> <span class='ocrx_word' id='word_1_242' title='bbox 2804 789 2902 843; x_wconf 83' lang='lat'>19:</span> <span class='ocrx_word' id='word_1_243' title='bbox 2929 788 3031 843; x_wconf 84' lang='grc' dir='ltr'>Καὶ</span> <span class='ocrx_word' id='word_1_244' title='bbox 3062 789 3123 842; x_wconf 87' lang='grc' dir='ltr'>τὸ</span> <span class='ocrx_word' id='word_1_245' title='bbox 3161 795 3344 862; x_wconf 76' lang='grc' dir='ltr'>μεῖζον</span> <span class='ocrx_word' id='word_1_246' title='bbox 3372 790 3650 862; x_wconf 79' lang='grc' dir='ltr'>ἐκρίνοντο</span> <span class='ocrx_word' id='word_1_247' title='bbox 3682 793 3771 847; x_wconf 77' lang='grc' dir='ltr'>καὶ</span> 
     </span>
    </p>
   </div>
   <div class='ocr_carea' id='block_1_37' title="bbox 2118 867 3771 941">
    <p class='ocr_par' dir='ltr' id='par_1_37' title="bbox 2118 867 3771 941">
     <span class='ocr_line' id='line_1_37' title="bbox 2118 867 3771 941; baseline 0.003 -10"><span class='ocrx_word' id='word_1_248' title='bbox 2118 867 2194 931; x_wconf 51' lang='grc' dir='ltr'>εἷς</span> <span class='ocrx_word' id='word_1_249' title='bbox 2244 870 2574 933; x_wconf 65' lang='grc' dir='ltr'>καθωσίωσιν</span> <span class='ocrx_word' id='word_1_250' title='bbox 2602 892 2615 941; x_wconf 88' lang='grc'>;</span> <span class='ocrx_word' id='word_1_251' title='bbox 2648 881 2705 931; x_wconf 85' lang='lat' dir='ltr'>et</span> <span class='ocrx_word' id='word_1_252' title='bbox 2738 893 2786 931; x_wconf 93' lang='lat' dir='ltr'>c.</span> <span class='ocrx_word' id='word_1_253' title='bbox 2818 879 2922 933; x_wconf 79' lang='lat'>20:</span> <span class='ocrx_word' id='word_1_254' title='bbox 2958 876 3120 932; x_wconf 77' lang='grc' dir='ltr'>Ἀλλ’</span> <span class='ocrx_word' id='word_1_255' title='bbox 3169 880 3272 934; x_wconf 81' lang='grc' dir='ltr'>οὐκ</span> <span class='ocrx_word' id='word_1_256' title='bbox 3319 876 3531 935; x_wconf 76' lang='grc' dir='ltr'>ἔπειθον</span> <span class='ocrx_word' id='word_1_257' title='bbox 3582 879 3771 937; x_wconf 85' lang='grc' dir='ltr'>πολλά</span> 
     </span>
    </p>
   </div>
   <div class='ocr_carea' id='block_1_38' title="bbox 2117 955 3765 1046">
    <p class='ocr_par' dir='ltr' id='par_1_38' title="bbox 2117 955 3765 1046">
     <span class='ocr_line' id='line_1_38' title="bbox 2117 955 3765 1046; baseline 0.01 -35"><span class='ocrx_word' id='word_1_258' title='bbox 2117 955 2495 1033; x_wconf 69' lang='grc' dir='ltr'>λιπαροῦντες,</span> <span class='ocrx_word' id='word_1_259' title='bbox 2529 961 2658 1015; x_wconf 71' lang='grc' dir='ltr'>ἀλλ’</span> <span class='ocrx_word' id='word_1_260' title='bbox 2714 960 2966 1039; x_wconf 72' lang='grc' dir='ltr'>ἄντικρυς</span> <span class='ocrx_word' id='word_1_261' title='bbox 3027 967 3301 1042; x_wconf 80' lang='grc' dir='ltr'>ἐκρίνοντο</span> <span class='ocrx_word' id='word_1_262' title='bbox 3349 976 3449 1039; x_wconf 83' lang='grc' dir='ltr'>τῆς</span> <span class='ocrx_word' id='word_1_263' title='bbox 3495 971 3632 1046; x_wconf 84' lang='grc' dir='ltr'>πρὸς</span> <span class='ocrx_word' id='word_1_264' title='bbox 3665 972 3765 1046; x_wconf 73' lang='grc' dir='ltr'>βα-</span> 
     </span>
    </p>
   </div>
   <div class='ocr_carea' id='block_1_39' title="bbox 2118 1044 3765 1129">
    <p class='ocr_par' dir='ltr' id='par_1_39' title="bbox 2118 1044 3765 1129">
     <span class='ocr_line' id='line_1_39' title="bbox 2118 1044 3765 1129; baseline 0.011 -30"><span class='ocrx_word' id='word_1_265' title='bbox 2118 1044 2274 1102; x_wconf 74' lang='grc' dir='ltr'>σιλέα</span> <span class='ocrx_word' id='word_1_266' title='bbox 2318 1052 2722 1114; x_wconf 76' lang='grc' dir='ltr'>καθοσιώσεως.</span> <span class='ocrx_word' id='word_1_267' title='bbox 2758 1057 3019 1128; x_wconf 84' lang='lat' dir='ltr'>Denique</span> <span class='ocrx_word' id='word_1_268' title='bbox 3052 1062 3117 1112; x_wconf 93' lang='lat' dir='ltr'>ut</span> <span class='ocrx_word' id='word_1_269' title='bbox 3170 1058 3284 1115; x_wconf 87' lang='lat' dir='ltr'>alia</span> <span class='ocrx_word' id='word_1_270' title='bbox 3315 1044 3585 1117; x_wconf 74' lang='lat' dir='ltr'>omittam</span> <span class='ocrx_word' id='word_1_271' title='bbox 3618 1044 3765 1129; x_wconf 73' lang='lat' dir='ltr'>loca,</span> 
     </span>
    </p>
   </div>
   <div class='ocr_carea' id='block_1_40' title="bbox 2118 1136 3765 1221">
    <p class='ocr_par' dir='ltr' id='par_1_40' title="bbox 2118 1136 3765 1221">
     <span class='ocr_line' id='line_1_40' title="bbox 2118 1136 3765 1221; baseline 0.007 -31"><span class='ocrx_word' id='word_1_272' title='bbox 2118 1136 2155 1190; x_wconf 84' lang='lat' dir='ltr'>l.</span> <span class='ocrx_word' id='word_1_273' title='bbox 2190 1156 2263 1200; x_wconf 79' lang='lat' dir='ltr'>VI,</span> <span class='ocrx_word' id='word_1_274' title='bbox 2300 1156 2349 1193; x_wconf 94' lang='lat' dir='ltr'>c.</span> <span class='ocrx_word' id='word_1_275' title='bbox 2395 1142 2496 1196; x_wconf 73' lang='lat'>24:</span> <span class='ocrx_word' id='word_1_276' title='bbox 2530 1142 2883 1217; x_wconf 65' lang='grc' dir='ltr'>Ὑπαγαγαὼν</span> <span class='ocrx_word' id='word_1_277' title='bbox 2938 1145 3265 1219; x_wconf 76' lang='grc' dir='ltr'>(Μακάρων)</span> <span class='ocrx_word' id='word_1_278' title='bbox 3325 1145 3449 1221; x_wconf 78' lang='grc' dir='ltr'>δίκῃ</span> <span class='ocrx_word' id='word_1_279' title='bbox 3498 1150 3765 1203; x_wconf 77' lang='grc' dir='ltr'>καθοσιώ-</span> 
     </span>
    </p>
   </div>
   <div class='ocr_carea' id='block_1_41' title="bbox 2114 1228 3767 1313">
    <p class='ocr_par' dir='ltr' id='par_1_41' title="bbox 2114 1228 3767 1313">
     <span class='ocr_line' id='line_1_41' title="bbox 2114 1228 3767 1313; baseline 0.01 -35"><span class='ocrx_word' id='word_1_280' title='bbox 2114 1246 2250 1313; x_wconf 88' lang='grc' dir='ltr'>σεως</span> <span class='ocrx_word' id='word_1_281' title='bbox 2317 1228 2392 1288; x_wconf 83' lang='grc' dir='ltr'>ὡς</span> <span class='ocrx_word' id='word_1_282' title='bbox 2466 1229 2598 1293; x_wconf 80' lang='grc' dir='ltr'>τοὺς</span> <span class='ocrx_word' id='word_1_283' title='bbox 2667 1229 2917 1294; x_wconf 77' lang='grc' dir='ltr'>δυτικοὺς</span> <span class='ocrx_word' id='word_1_284' title='bbox 2970 1231 3242 1309; x_wconf 73' lang='grc' dir='ltr'>ἄρχοντας</span> <span class='ocrx_word' id='word_1_285' title='bbox 3304 1237 3442 1292; x_wconf 75' lang='grc' dir='ltr'>κατὰ</span> <span class='ocrx_word' id='word_1_286' title='bbox 3493 1235 3767 1313; x_wconf 70' lang='grc' dir='ltr'>βασιλέως</span> 
     </span>
    </p>
   </div>
   <div class='ocr_carea' id='block_1_42' title="bbox 2117 1312 2473 1389">
    <p class='ocr_par' dir='ltr' id='par_1_42' title="bbox 2117 1312 2473 1389">
     <span class='ocr_line' id='line_1_42' title="bbox 2117 1312 2473 1389; baseline 0.006 -20"><span class='ocrx_word' id='word_1_287' title='bbox 2117 1312 2473 1389; x_wconf 79' lang='grc' dir='ltr'>διεγείραντα.</span> 
     </span>
    </p>
   </div>
   <div class='ocr_carea' id='block_1_43' title="bbox 2190 1443 3771 1524">
    <p class='ocr_par' dir='ltr' id='par_1_43' title="bbox 2190 1443 3771 1524">
     <span class='ocr_line' id='line_1_43' title="bbox 2190 1443 3771 1524; baseline 0.008 -29"><span class='ocrx_word' id='word_1_288' title='bbox 2190 1443 2368 1513; x_wconf 72' lang='grc' dir='ltr'>Κάνης</span> <span class='ocrx_word' id='word_1_289' title='bbox 2404 1447 2477 1517; x_wconf 84' lang='grc'>(1)</span> <span class='ocrx_word' id='word_1_290' title='bbox 2513 1464 2568 1519; x_wconf 83' lang='grc' dir='ltr'>ρ.</span> <span class='ocrx_word' id='word_1_291' title='bbox 2602 1448 2727 1505; x_wconf 80' lang='grc'>241.</span> <span class='ocrx_word' id='word_1_292' title='bbox 2765 1451 2889 1506; x_wconf 88' lang='lat' dir='ltr'>Non</span> <span class='ocrx_word' id='word_1_293' title='bbox 2919 1451 3164 1507; x_wconf 90' lang='lat' dir='ltr'>dubium</span> <span class='ocrx_word' id='word_1_294' title='bbox 3199 1452 3343 1524; x_wconf 89' lang='lat' dir='ltr'>quin</span> <span class='ocrx_word' id='word_1_295' title='bbox 3375 1454 3484 1509; x_wconf 90' lang='lat' dir='ltr'>hoc</span> <span class='ocrx_word' id='word_1_296' title='bbox 3507 1454 3633 1511; x_wconf 92' lang='lat' dir='ltr'>loco</span> <span class='ocrx_word' id='word_1_297' title='bbox 3656 1453 3771 1509; x_wconf 87' lang='grc' dir='ltr'>Κά-</span> 
     </span>
    </p>
   </div>
   <div class='ocr_carea' id='block_1_44' title="bbox 2115 1538 3773 1614">
    <p class='ocr_par' dir='ltr' id='par_1_44' title="bbox 2115 1538 3773 1614">
     <span class='ocr_line' id='line_1_44' title="bbox 2115 1538 3773 1614; baseline 0.01 -30"><span class='ocrx_word' id='word_1_298' title='bbox 2115 1553 2215 1601; x_wconf 74' lang='grc' dir='ltr'>νης</span> <span class='ocrx_word' id='word_1_299' title='bbox 2246 1552 2461 1593; x_wconf 90' lang='lat' dir='ltr'>nomen</span> <span class='ocrx_word' id='word_1_300' title='bbox 2496 1538 2572 1591; x_wconf 89' lang='lat' dir='ltr'>sit</span> <span class='ocrx_word' id='word_1_301' title='bbox 2603 1540 2908 1613; x_wconf 88' lang='lat' dir='ltr'>principis,</span> <span class='ocrx_word' id='word_1_302' title='bbox 2942 1558 2976 1595; x_wconf 91' lang='lat' dir='ltr'>a</span> <span class='ocrx_word' id='word_1_303' title='bbox 3007 1558 3121 1612; x_wconf 91' lang='lat' dir='ltr'>quo</span> <span class='ocrx_word' id='word_1_304' title='bbox 3156 1542 3353 1614; x_wconf 83' lang='lat' dir='ltr'>Negas</span> <span class='ocrx_word' id='word_1_305' title='bbox 3385 1560 3518 1599; x_wconf 89' lang='lat' dir='ltr'>cum</span> <span class='ocrx_word' id='word_1_306' title='bbox 3552 1545 3773 1601; x_wconf 88' lang='lat' dir='ltr'>Tocha-</span> 
     </span>
    </p>
   </div>
   <div class='ocr_carea' id='block_1_45' title="bbox 2117 1625 3771 1704">
    <p class='ocr_par' dir='ltr' id='par_1_45' title="bbox 2117 1625 3771 1704">
     <span class='ocr_line' id='line_1_45' title="bbox 2117 1625 3771 1704; baseline 0.008 -27"><span class='ocrx_word' id='word_1_307' title='bbox 2117 1625 2199 1677; x_wconf 85' lang='lat' dir='ltr'>ris</span> <span class='ocrx_word' id='word_1_308' title='bbox 2230 1625 2449 1681; x_wconf 87' lang='lat' dir='ltr'>missus</span> <span class='ocrx_word' id='word_1_309' title='bbox 2482 1627 2675 1683; x_wconf 83' lang='lat' dir='ltr'>fuerat</span> <span class='ocrx_word' id='word_1_310' title='bbox 2708 1634 2763 1683; x_wconf 91' lang='lat' dir='ltr'>et</span> <span class='ocrx_word' id='word_1_311' title='bbox 2785 1647 2817 1683; x_wconf 92' lang='lat' dir='ltr'>a</span> <span class='ocrx_word' id='word_1_312' title='bbox 2844 1632 3015 1700; x_wconf 83' lang='lat' dir='ltr'>cujus</span> <span class='ocrx_word' id='word_1_313' title='bbox 3040 1632 3324 1700; x_wconf 90' lang='lat' dir='ltr'>dominio,</span> <span class='ocrx_word' id='word_1_314' title='bbox 3345 1640 3408 1687; x_wconf 90' lang='lat' dir='ltr'>ut</span> <span class='ocrx_word' id='word_1_315' title='bbox 3438 1634 3615 1704; x_wconf 88' lang='lat' dir='ltr'>paulo</span> <span class='ocrx_word' id='word_1_316' title='bbox 3637 1639 3771 1689; x_wconf 88' lang='lat' dir='ltr'>ante</span> 
     </span>
    </p>
   </div>
   <div class='ocr_carea' id='block_1_46' title="bbox 2118 1714 3775 1791">
    <p class='ocr_par' dir='ltr' id='par_1_46' title="bbox 2118 1714 3775 1791">
     <span class='ocr_line' id='line_1_46' title="bbox 2118 1714 3775 1791; baseline 0.007 -25"><span class='ocrx_word' id='word_1_317' title='bbox 2118 1714 2265 1767; x_wconf 83' lang='lat' dir='ltr'>dixit</span> <span class='ocrx_word' id='word_1_318' title='bbox 2296 1714 2638 1788; x_wconf 88' lang='lat' dir='ltr'>historicus,</span> <span class='ocrx_word' id='word_1_319' title='bbox 2674 1719 2925 1774; x_wconf 82' lang='lat' dir='ltr'>deﬁcere</span> <span class='ocrx_word' id='word_1_320' title='bbox 2956 1720 3294 1791; x_wconf 88' lang='lat' dir='ltr'>incipiebat,</span> <span class='ocrx_word' id='word_1_321' title='bbox 3335 1724 3480 1779; x_wconf 78' lang='grc'>571</span> <span class='ocrx_word' id='word_1_322' title='bbox 3515 1740 3653 1778; x_wconf 90' lang='lat' dir='ltr'>suas</span> <span class='ocrx_word' id='word_1_323' title='bbox 3684 1741 3775 1779; x_wconf 89' lang='lat' dir='ltr'>res</span> 
     </span>
    </p>
   </div>
   <div class='ocr_carea' id='block_1_47' title="bbox 2120 1806 3775 1883">
    <p class='ocr_par' dir='ltr' id='par_1_47' title="bbox 2120 1806 3775 1883">
     <span class='ocr_line' id='line_1_47' title="bbox 2120 1806 3775 1883; baseline 0.007 -27"><span class='ocrx_word' id='word_1_324' title='bbox 2120 1820 2298 1874; x_wconf 87' lang='lat' dir='ltr'>agens</span> <span class='ocrx_word' id='word_1_325' title='bbox 2331 1810 2387 1858; x_wconf 85' lang='lat' dir='ltr'>et</span> <span class='ocrx_word' id='word_1_326' title='bbox 2436 1806 2546 1859; x_wconf 88' lang='lat' dir='ltr'>sibi</span> <span class='ocrx_word' id='word_1_327' title='bbox 2584 1809 2814 1878; x_wconf 87' lang='lat' dir='ltr'>proprie</span> <span class='ocrx_word' id='word_1_328' title='bbox 2847 1809 3151 1865; x_wconf 88' lang='lat' dir='ltr'>vindicans</span> <span class='ocrx_word' id='word_1_329' title='bbox 3195 1828 3325 1882; x_wconf 70' lang='lat' dir='ltr'>qum</span> <span class='ocrx_word' id='word_1_330' title='bbox 3370 1811 3522 1867; x_wconf 91' lang='lat' dir='ltr'>bello</span> <span class='ocrx_word' id='word_1_331' title='bbox 3575 1813 3775 1883; x_wconf 91' lang='lat' dir='ltr'>acqui-</span> 
     </span>
    </p>
   </div>
   <div class='ocr_carea' id='block_1_48' title="bbox 2120 1894 3773 1973">
    <p class='ocr_par' dir='ltr' id='par_1_48' title="bbox 2120 1894 3773 1973">
     <span class='ocr_line' id='line_1_48' title="bbox 2120 1894 3773 1973; baseline 0.007 -28"><span class='ocrx_word' id='word_1_332' title='bbox 2120 1894 2304 1947; x_wconf 88' lang='lat' dir='ltr'>rebat.</span> <span class='ocrx_word' id='word_1_333' title='bbox 2339 1895 2404 1964; x_wconf 89' lang='lat' dir='ltr'>[P</span> <span class='ocrx_word' id='word_1_334' title='bbox 2426 1897 2552 1964; x_wconf 71' lang='lat'>392]</span> <span class='ocrx_word' id='word_1_335' title='bbox 2593 1897 2799 1967; x_wconf 80' lang='lat' dir='ltr'>Agitur</span> <span class='ocrx_word' id='word_1_336' title='bbox 2820 1914 2957 1969; x_wconf 91' lang='lat' dir='ltr'>ergo</span> <span class='ocrx_word' id='word_1_337' title='bbox 2984 1899 3075 1953; x_wconf 90' lang='lat' dir='ltr'>hic</span> <span class='ocrx_word' id='word_1_338' title='bbox 3108 1901 3177 1956; x_wconf 86' lang='lat' dir='ltr'>de</span> <span class='ocrx_word' id='word_1_339' title='bbox 3206 1904 3576 1958; x_wconf 86' lang='lat' dir='ltr'>Tartarorum</span> <span class='ocrx_word' id='word_1_340' title='bbox 3611 1904 3773 1973; x_wconf 87' lang='lat' dir='ltr'>prin-</span> 
     </span>
    </p>
   </div>
   <div class='ocr_carea' id='block_1_49' title="bbox 2038 1982 3766 2063">
    <p class='ocr_par' dir='ltr' id='par_1_49' title="bbox 2038 1982 3766 2063">
     <span class='ocr_line' id='line_1_49' title="bbox 2038 1982 3766 2063; baseline 0.006 -28"><span class='ocrx_word' id='word_1_341' title='bbox 2038 1984 2085 2046; x_wconf 86' lang='lat' dir='ltr'><strong>B</strong></span> <span class='ocrx_word' id='word_1_342' title='bbox 2116 1982 2261 2053; x_wconf 89' lang='lat' dir='ltr'>cipe,</span> <span class='ocrx_word' id='word_1_343' title='bbox 2298 1986 2398 2055; x_wconf 91' lang='lat' dir='ltr'>qui</span> <span class='ocrx_word' id='word_1_344' title='bbox 2433 2002 2683 2057; x_wconf 86' lang='lat' dir='ltr'>magnus</span> <span class='ocrx_word' id='word_1_345' title='bbox 2710 1989 2896 2043; x_wconf 86' lang='lat' dir='ltr'>Canes</span> <span class='ocrx_word' id='word_1_346' title='bbox 2938 1989 3225 2061; x_wconf 88' lang='lat' dir='ltr'>hodieque</span> <span class='ocrx_word' id='word_1_347' title='bbox 3256 1991 3626 2063; x_wconf 88' lang='lat' dir='ltr'>appellatur;</span> <span class='ocrx_word' id='word_1_348' title='bbox 3657 1991 3766 2045; x_wconf 93' lang='lat' dir='ltr'>lib.</span> 
     </span>
    </p>
   </div>
   <div class='ocr_carea' id='block_1_50' title="bbox 2111 2075 3765 2152">
    <p class='ocr_par' dir='ltr' id='par_1_50' title="bbox 2111 2075 3765 2152">
     <span class='ocr_line' id='line_1_50' title="bbox 2111 2075 3765 2152; baseline 0.008 -30"><span class='ocrx_word' id='word_1_349' title='bbox 2111 2089 2165 2141; x_wconf 89' lang='grc' dir='ltr'>ν,</span> <span class='ocrx_word' id='word_1_350' title='bbox 2200 2092 2250 2127; x_wconf 87' lang='lat' dir='ltr'>c.</span> <span class='ocrx_word' id='word_1_351' title='bbox 2281 2075 2336 2141; x_wconf 85' lang='lat'>5,</span> <span class='ocrx_word' id='word_1_352' title='bbox 2392 2076 2670 2130; x_wconf 86' lang='lat' dir='ltr'>scribitur</span> <span class='ocrx_word' id='word_1_353' title='bbox 2715 2078 2823 2133; x_wconf 91' lang='lat' dir='ltr'>hoc</span> <span class='ocrx_word' id='word_1_354' title='bbox 2866 2080 3215 2135; x_wconf 89' lang='lat' dir='ltr'>vocabulum</span> <span class='ocrx_word' id='word_1_355' title='bbox 3249 2098 3352 2152; x_wconf 92' lang='lat' dir='ltr'>per</span> <span class='ocrx_word' id='word_1_356' title='bbox 3390 2101 3404 2133; x_wconf 90' lang='grc' dir='ltr'>ι</span> <span class='ocrx_word' id='word_1_357' title='bbox 3434 2080 3765 2136; x_wconf 84' lang='lat' dir='ltr'>etinﬂecti-</span> 
     </span>
    </p>
   </div>
   <div class='ocr_carea' id='block_1_51' title="bbox 2112 2162 2721 2227">
    <p class='ocr_par' dir='ltr' id='par_1_51' title="bbox 2112 2162 2721 2227">
     <span class='ocr_line' id='line_1_51' title="bbox 2112 2162 2721 2227; baseline 0.005 -11"><span class='ocrx_word' id='word_1_358' title='bbox 2112 2166 2209 2216; x_wconf 87' lang='lat' dir='ltr'>tur</span> <span class='ocrx_word' id='word_1_359' title='bbox 2241 2162 2404 2224; x_wconf 73' lang='grc' dir='ltr'>Κάνις</span> <span class='ocrx_word' id='word_1_360' title='bbox 2440 2162 2668 2227; x_wconf 76' lang='grc' dir='ltr'>Κάνιόος</span> <span class='ocrx_word' id='word_1_361' title='bbox 2707 2187 2721 2219; x_wconf 87' lang='grc' dir='ltr'>ι</span> 
     </span>
    </p>
   </div>
   <div class='ocr_carea' id='block_1_52' title="bbox 2184 2303 3766 2386">
    <p class='ocr_par' dir='ltr' id='par_1_52' title="bbox 2184 2303 3766 2386">
     <span class='ocr_line' id='line_1_52' title="bbox 2184 2303 3766 2386; baseline 0.006 -27"><span class='ocrx_word' id='word_1_362' title='bbox 2184 2303 2427 2380; x_wconf 68' lang='grc' dir='ltr'>Κάπρον</span> <span class='ocrx_word' id='word_1_363' title='bbox 2481 2325 2535 2378; x_wconf 90' lang='lat' dir='ltr'>p.</span> <span class='ocrx_word' id='word_1_364' title='bbox 2577 2308 2705 2364; x_wconf 85' lang='lat'>303.</span> <span class='ocrx_word' id='word_1_365' title='bbox 2753 2311 2827 2364; x_wconf 90' lang='lat' dir='ltr'>De</span> <span class='ocrx_word' id='word_1_366' title='bbox 2881 2311 3121 2366; x_wconf 85' lang='lat' dir='ltr'>Barbam</span> <span class='ocrx_word' id='word_1_367' title='bbox 3155 2316 3211 2367; x_wconf 91' lang='lat' dir='ltr'>et</span> <span class='ocrx_word' id='word_1_368' title='bbox 3255 2312 3461 2367; x_wconf 89' lang='lat' dir='ltr'>Tzuila</span> <span class='ocrx_word' id='word_1_369' title='bbox 3508 2315 3766 2386; x_wconf 80' lang='lat' dir='ltr'>szcan-</span> 
     </span>
    </p>
   </div>
   <div class='ocr_carea' id='block_1_53' title="bbox 2112 2396 3770 2475">
    <p class='ocr_par' dir='ltr' id='par_1_53' title="bbox 2112 2396 3770 2475">
     <span class='ocr_line' id='line_1_53' title="bbox 2112 2396 3770 2475; baseline 0.004 -26"><span class='ocrx_word' id='word_1_370' title='bbox 2112 2396 2257 2449; x_wconf 71' lang='lat' dir='ltr'>dalze</span> <span class='ocrx_word' id='word_1_371' title='bbox 2292 2397 2361 2450; x_wconf 87' lang='lat' dir='ltr'>ab</span> <span class='ocrx_word' id='word_1_372' title='bbox 2396 2397 2741 2466; x_wconf 76' lang='lat' dir='ltr'>imperatore</span> <span class='ocrx_word' id='word_1_373' title='bbox 2776 2402 3124 2455; x_wconf 86' lang='lat' dir='ltr'>mandatum</span> <span class='ocrx_word' id='word_1_374' title='bbox 3160 2402 3356 2472; x_wconf 85' lang='lat' dir='ltr'>refert,</span> <span class='ocrx_word' id='word_1_375' title='bbox 3391 2402 3600 2459; x_wconf 88' lang='lat' dir='ltr'>ambos</span> <span class='ocrx_word' id='word_1_376' title='bbox 3632 2403 3770 2475; x_wconf 79' lang='grc' dir='ltr'>πρὸς</span> 
     </span>
    </p>
   </div>
   <div class='ocr_carea' id='block_1_54' title="bbox 2110 2484 3767 2565">
    <p class='ocr_par' dir='ltr' id='par_1_54' title="bbox 2110 2484 3767 2565">
     <span class='ocr_line' id='line_1_54' title="bbox 2110 2484 3767 2565; baseline 0.005 -28"><span class='ocrx_word' id='word_1_377' title='bbox 2110 2484 2336 2537; x_wconf 72' lang='grc' dir='ltr'>Νικαίαν</span> <span class='ocrx_word' id='word_1_378' title='bbox 2398 2484 2709 2559; x_wconf 69' lang='grc' dir='ltr'>ἀπαγαγὼν,</span> <span class='ocrx_word' id='word_1_379' title='bbox 2776 2488 2882 2562; x_wconf 79' lang='grc' dir='ltr'>πρὸ</span> <span class='ocrx_word' id='word_1_380' title='bbox 2938 2492 3035 2542; x_wconf 72' lang='grc' dir='ltr'>τοῦ</span> <span class='ocrx_word' id='word_1_381' title='bbox 3108 2488 3182 2550; x_wconf 69' lang='grc' dir='ltr'>εἷς</span> <span class='ocrx_word' id='word_1_382' title='bbox 3251 2488 3481 2565; x_wconf 71' lang='grc' dir='ltr'>κάπρον</span> <span class='ocrx_word' id='word_1_383' title='bbox 3555 2490 3767 2565; x_wconf 73' lang='grc' dir='ltr'>εἲσαγασ</span> 
     </span>
    </p>
   </div>
   <div class='ocr_carea' id='block_1_55' title="bbox 2109 2575 3766 2653">
    <p class='ocr_par' dir='ltr' id='par_1_55' title="bbox 2109 2575 3766 2653">
     <span class='ocr_line' id='line_1_55' title="bbox 2109 2575 3766 2653; baseline 0.006 -28"><span class='ocrx_word' id='word_1_384' title='bbox 2109 2578 2246 2647; x_wconf 66' lang='grc' dir='ltr'>γεῖν9</span> <span class='ocrx_word' id='word_1_385' title='bbox 2306 2581 2559 2649; x_wconf 75' lang='grc' dir='ltr'>στερῆσαι</span> <span class='ocrx_word' id='word_1_386' title='bbox 2611 2580 2717 2628; x_wconf 82' lang='grc' dir='ltr'>τῶν</span> <span class='ocrx_word' id='word_1_387' title='bbox 2775 2575 3099 2653; x_wconf 64' lang='grc' dir='ltr'>ὀφθαλμῶν.</span> <span class='ocrx_word' id='word_1_388' title='bbox 3157 2579 3338 2635; x_wconf 85' lang='lat' dir='ltr'>Video</span> <span class='ocrx_word' id='word_1_389' title='bbox 3396 2582 3488 2637; x_wconf 84' lang='lat' dir='ltr'>hic</span> <span class='ocrx_word' id='word_1_390' title='bbox 3536 2580 3766 2653; x_wconf 75' lang='grc' dir='ltr'>κάστρον</span> 
     </span>
    </p>
   </div>
   <div class='ocr_carea' id='block_1_56' title="bbox 2112 2662 3763 2741">
    <p class='ocr_par' dir='ltr' id='par_1_56' title="bbox 2112 2662 3763 2741">
     <span class='ocr_line' id='line_1_56' title="bbox 2112 2662 3763 2741; baseline 0.007 -26"><span class='ocrx_word' id='word_1_391' title='bbox 2112 2680 2214 2733; x_wconf 89' lang='lat' dir='ltr'>pro</span> <span class='ocrx_word' id='word_1_392' title='bbox 2249 2664 2372 2732; x_wconf 88' lang='lat' dir='ltr'>ipsa</span> <span class='ocrx_word' id='word_1_393' title='bbox 2396 2666 2537 2718; x_wconf 89' lang='lat' dir='ltr'>urbe</span> <span class='ocrx_word' id='word_1_394' title='bbox 2570 2667 2759 2719; x_wconf 72' lang='lat' dir='ltr'>Niccea</span> <span class='ocrx_word' id='word_1_395' title='bbox 2785 2685 2955 2738; x_wconf 82' lang='lat' dir='ltr'>posse</span> <span class='ocrx_word' id='word_1_396' title='bbox 2973 2669 3155 2741; x_wconf 88' lang='lat' dir='ltr'>accipi</span> <span class='ocrx_word' id='word_1_397' title='bbox 3184 2687 3196 2724; x_wconf 89' lang='lat'>:</span> <span class='ocrx_word' id='word_1_398' title='bbox 3222 2662 3358 2724; x_wconf 88' lang='lat' dir='ltr'>nam</span> <span class='ocrx_word' id='word_1_399' title='bbox 3380 2670 3763 2727; x_wconf 87' lang='lat' dir='ltr'>Justinianus</span> 
     </span>
    </p>
   </div>
   <div class='ocr_carea' id='block_1_57' title="bbox 2110 2752 3763 2831">
    <p class='ocr_par' dir='ltr' id='par_1_57' title="bbox 2110 2752 3763 2831">
     <span class='ocr_line' id='line_1_57' title="bbox 2110 2752 3763 2831; baseline 0.005 -26"><span class='ocrx_word' id='word_1_400' title='bbox 2110 2752 2346 2807; x_wconf 89' lang='lat' dir='ltr'>Novella</span> <span class='ocrx_word' id='word_1_401' title='bbox 2400 2756 2519 2823; x_wconf 77' lang='lat'>128,</span> <span class='ocrx_word' id='word_1_402' title='bbox 2553 2772 2748 2809; x_wconf 86' lang='lat' dir='ltr'>vocem</span> <span class='ocrx_word' id='word_1_403' title='bbox 2795 2756 3025 2830; x_wconf 73' lang='grc' dir='ltr'>κάπρον</span> <span class='ocrx_word' id='word_1_404' title='bbox 3077 2776 3461 2831; x_wconf 83' lang='lat' dir='ltr'>synonymam</span> <span class='ocrx_word' id='word_1_405' title='bbox 3510 2761 3635 2817; x_wconf 85' lang='lat' dir='ltr'>voci</span> <span class='ocrx_word' id='word_1_406' title='bbox 3668 2759 3763 2813; x_wconf 77' lang='grc' dir='ltr'>πό-</span> 
     </span>
    </p>
   </div>
   <div class='ocr_carea' id='block_1_58' title="bbox 2112 2837 3758 2912">
    <p class='ocr_par' dir='ltr' id='par_1_58' title="bbox 2112 2837 3758 2912">
     <span class='ocr_line' id='line_1_58' title="bbox 2112 2837 3758 2912; baseline 0.006 -19"><span class='ocrx_word' id='word_1_407' title='bbox 2112 2837 2199 2902; x_wconf 70' lang='grc' dir='ltr'>λίς</span> <span class='ocrx_word' id='word_1_408' title='bbox 2245 2842 2470 2895; x_wconf 82' lang='lat' dir='ltr'>videtur</span> <span class='ocrx_word' id='word_1_409' title='bbox 2512 2842 2797 2912; x_wconf 86' lang='lat' dir='ltr'>indicare,</span> <span class='ocrx_word' id='word_1_410' title='bbox 2834 2848 2973 2900; x_wconf 88' lang='lat' dir='ltr'>dum</span> <span class='ocrx_word' id='word_1_411' title='bbox 3026 2848 3232 2903; x_wconf 90' lang='lat' dir='ltr'>scribit</span> <span class='ocrx_word' id='word_1_412' title='bbox 3278 2846 3330 2900; x_wconf 83' lang='grc' dir='ltr'>ἐν</span> <span class='ocrx_word' id='word_1_413' title='bbox 3361 2853 3478 2909; x_wconf 79' lang='grc' dir='ltr'>ταῖς</span> <span class='ocrx_word' id='word_1_414' title='bbox 3528 2846 3758 2903; x_wconf 76' lang='grc' dir='ltr'>πόλεσιν</span> 
     </span>
    </p>
   </div>
   <div class='ocr_carea' id='block_1_59' title="bbox 2109 2926 3762 3007">
    <p class='ocr_par' dir='ltr' id='par_1_59' title="bbox 2109 2926 3762 3007">
     <span class='ocr_line' id='line_1_59' title="bbox 2109 2926 3762 3007; baseline 0.007 -26"><span class='ocrx_word' id='word_1_415' title='bbox 2109 2926 2235 2997; x_wconf 72' lang='grc' dir='ltr'>ἤτοι</span> <span class='ocrx_word' id='word_1_416' title='bbox 2282 2930 2557 3004; x_wconf 74' lang='grc' dir='ltr'>κάστροις.</span> <span class='ocrx_word' id='word_1_417' title='bbox 2610 2935 2771 2999; x_wconf 88' lang='lat' dir='ltr'>Quod</span> <span class='ocrx_word' id='word_1_418' title='bbox 2806 2936 2853 2990; x_wconf 87' lang='lat' dir='ltr'>si</span> <span class='ocrx_word' id='word_1_419' title='bbox 2912 2935 3213 3007; x_wconf 87' lang='lat' dir='ltr'>recipitur,</span> <span class='ocrx_word' id='word_1_420' title='bbox 3268 2954 3479 2992; x_wconf 89' lang='lat' dir='ltr'>sensus</span> <span class='ocrx_word' id='word_1_421' title='bbox 3529 2938 3640 2993; x_wconf 91' lang='lat' dir='ltr'>loci</span> <span class='ocrx_word' id='word_1_422' title='bbox 3684 2940 3762 2994; x_wconf 89' lang='lat' dir='ltr'>sit</span> 
     </span>
    </p>
   </div>
   <div class='ocr_carea' id='block_1_60' title="bbox 2102 3020 3762 3090">
    <p class='ocr_par' dir='ltr' id='par_1_60' title="bbox 2102 3020 3762 3090">
     <span class='ocr_line' id='line_1_60' title="bbox 2102 3020 3762 3090; baseline 0.006 -17"><span class='ocrx_word' id='word_1_423' title='bbox 2102 3020 2359 3090; x_wconf 90' lang='lat' dir='ltr'>jussisse</span> <span class='ocrx_word' id='word_1_424' title='bbox 2388 3021 2798 3090; x_wconf 84' lang='lat' dir='ltr'>imperatorem</span> <span class='ocrx_word' id='word_1_425' title='bbox 2829 3027 3094 3079; x_wconf 68' lang='lat' dir='ltr'>excaecari</span> <span class='ocrx_word' id='word_1_426' title='bbox 3122 3026 3492 3082; x_wconf 89' lang='lat' dir='ltr'>Barlaamum</span> <span class='ocrx_word' id='word_1_427' title='bbox 3522 3033 3578 3083; x_wconf 91' lang='lat' dir='ltr'>et</span> <span class='ocrx_word' id='word_1_428' title='bbox 3595 3029 3762 3083; x_wconf 89' lang='lat' dir='ltr'>Tzui-</span> 
     </span>
    </p>
   </div>
   <div class='ocr_carea' id='block_1_61' title="bbox 2111 3109 3763 3184">
    <p class='ocr_par' dir='ltr' id='par_1_61' title="bbox 2111 3109 3763 3184">
     <span class='ocr_line' id='line_1_61' title="bbox 2111 3109 3763 3184; baseline 0.006 -20"><span class='ocrx_word' id='word_1_429' title='bbox 2111 3109 2228 3164; x_wconf 90' lang='lat' dir='ltr'>lam</span> <span class='ocrx_word' id='word_1_430' title='bbox 2275 3109 2334 3163; x_wconf 91' lang='lat' dir='ltr'>in</span> <span class='ocrx_word' id='word_1_431' title='bbox 2370 3111 2577 3165; x_wconf 88' lang='lat' dir='ltr'>itinere</span> <span class='ocrx_word' id='word_1_432' title='bbox 2632 3113 2977 3184; x_wconf 89' lang='lat' dir='ltr'>priusquam</span> <span class='ocrx_word' id='word_1_433' title='bbox 3023 3115 3274 3171; x_wconf 62' lang='lat' dir='ltr'>Nicaeam</span> <span class='ocrx_word' id='word_1_434' title='bbox 3329 3117 3640 3174; x_wconf 87' lang='lat' dir='ltr'>intrarent.</span> <span class='ocrx_word' id='word_1_435' title='bbox 3696 3121 3763 3174; x_wconf 87' lang='lat' dir='ltr'><strong>Et</strong></span> 
     </span>
    </p>
   </div>
   <div class='ocr_carea' id='block_1_62' title="bbox 2113 3200 3762 3269">
    <p class='ocr_par' dir='ltr' id='par_1_62' title="bbox 2113 3200 3762 3269">
     <span class='ocr_line' id='line_1_62' title="bbox 2113 3200 3762 3269; baseline 0.007 -17"><span class='ocrx_word' id='word_1_436' title='bbox 2113 3204 2253 3254; x_wconf 91' lang='lat' dir='ltr'>sunt</span> <span class='ocrx_word' id='word_1_437' title='bbox 2283 3200 2548 3269; x_wconf 81' lang='lat' dir='ltr'>exempla</span> <span class='ocrx_word' id='word_1_438' title='bbox 2572 3202 2853 3258; x_wconf 88' lang='lat' dir='ltr'>similium</span> <span class='ocrx_word' id='word_1_439' title='bbox 2884 3206 3334 3261; x_wconf 80' lang='lat' dir='ltr'>excaecationum</span> <span class='ocrx_word' id='word_1_440' title='bbox 3368 3208 3557 3262; x_wconf 82' lang='lat' dir='ltr'>obiter</span> <span class='ocrx_word' id='word_1_441' title='bbox 3590 3210 3762 3263; x_wconf 88' lang='lat' dir='ltr'>facta-</span> 
     </span>
    </p>
   </div>
   <div class='ocr_carea' id='block_1_63' title="bbox 2112 3291 3759 3367">
    <p class='ocr_par' dir='ltr' id='par_1_63' title="bbox 2112 3291 3759 3367">
     <span class='ocr_line' id='line_1_63' title="bbox 2112 3291 3759 3367; baseline 0.007 -25"><span class='ocrx_word' id='word_1_442' title='bbox 2112 3306 2267 3353; x_wconf 90' lang='lat' dir='ltr'>rum,</span> <span class='ocrx_word' id='word_1_443' title='bbox 2320 3293 2385 3343; x_wconf 91' lang='lat' dir='ltr'>ut</span> <span class='ocrx_word' id='word_1_444' title='bbox 2435 3291 2699 3346; x_wconf 83' lang='lat' dir='ltr'>Basilacii</span> <span class='ocrx_word' id='word_1_445' title='bbox 2751 3294 2820 3347; x_wconf 92' lang='lat' dir='ltr'>ad</span> <span class='ocrx_word' id='word_1_446' title='bbox 2873 3292 3067 3349; x_wconf 91' lang='lat' dir='ltr'>locum</span> <span class='ocrx_word' id='word_1_447' title='bbox 3122 3294 3483 3367; x_wconf 87' lang='lat' dir='ltr'>Clempinam</span> <span class='ocrx_word' id='word_1_448' title='bbox 3538 3299 3759 3353; x_wconf 89' lang='lat' dir='ltr'>dictum</span> 
     </span>
    </p>
   </div>
   <div class='ocr_carea' id='block_1_64' title="bbox 350 3359 3762 3462">
    <p class='ocr_par' dir='ltr' id='par_1_64' title="bbox 350 3359 3762 3462">
     <span class='ocr_line' id='line_1_64' title="bbox 350 3359 3762 3462; baseline -0.001 -20"><span class='ocrx_word' id='word_1_449' title='bbox 350 3392 478 3443; x_wconf 90' lang='lat' dir='ltr'>tum</span> <span class='ocrx_word' id='word_1_450' title='bbox 529 3401 741 3459; x_wconf 85' lang='lat' dir='ltr'>genere</span> <span class='ocrx_word' id='word_1_451' title='bbox 773 3385 975 3453; x_wconf 84' lang='lat' dir='ltr'>fuisse,</span> <span class='ocrx_word' id='word_1_452' title='bbox 1009 3384 1108 3455; x_wconf 94' lang='lat' dir='ltr'>qui</span> <span class='ocrx_word' id='word_1_453' title='bbox 1157 3400 1266 3437; x_wconf 93' lang='lat' dir='ltr'>usu</span> <span class='ocrx_word' id='word_1_454' title='bbox 1301 3382 1473 3438; x_wconf 83' lang='lat' dir='ltr'>hodie</span> <span class='ocrx_word' id='word_1_455' title='bbox 1507 3382 1728 3437; x_wconf 68' lang='lat' dir='ltr'>militia:</span> <span class='ocrx_word' id='word_1_456' title='bbox 1768 3359 2000 3435; x_wconf 77' lang='lat' dir='ltr'>Gallicae</span> <span class='ocrx_word' id='word_1_457' title='bbox 2033 3359 2075 3424; x_wconf 63' lang='grc' dir='ltr'>(ἶ</span> <span class='ocrx_word' id='word_1_458' title='bbox 2120 3397 2296 3452; x_wconf 89' lang='lat' dir='ltr'>prope</span> <span class='ocrx_word' id='word_1_459' title='bbox 2329 3382 2546 3436; x_wconf 83' lang='lat' dir='ltr'>fontem</span> <span class='ocrx_word' id='word_1_460' title='bbox 2582 3382 2654 3435; x_wconf 88' lang='lat' dir='ltr'>ab</span> <span class='ocrx_word' id='word_1_461' title='bbox 2686 3381 2795 3437; x_wconf 90' lang='lat' dir='ltr'>hoc</span> <span class='ocrx_word' id='word_1_462' title='bbox 2827 3400 2967 3438; x_wconf 87' lang='lat' dir='ltr'>casu</span> <span class='ocrx_word' id='word_1_463' title='bbox 3000 3384 3212 3439; x_wconf 85' lang='lat' dir='ltr'>deinde</span> <span class='ocrx_word' id='word_1_464' title='bbox 3243 3359 3607 3443; x_wconf 80' lang='lat' dir='ltr'>nominatum</span> <span class='ocrx_word' id='word_1_465' title='bbox 3634 3387 3762 3462; x_wconf 73' lang='grc' dir='ltr'>βρύ-</span> 
     </span>
    </p>
   </div>
   <div class='ocr_carea' id='block_1_65' title="bbox 345 3470 1999 3547">
    <p class='ocr_par' dir='ltr' id='par_1_65' title="bbox 345 3470 1999 3547">
     <span class='ocr_line' id='line_1_65' title="bbox 345 3470 1999 3547; baseline -0.004 -16"><span class='ocrx_word' id='word_1_466' title='bbox 345 3479 611 3531; x_wconf 75' lang='lat' dir='ltr'>maislre:</span> <span class='ocrx_word' id='word_1_467' title='bbox 663 3474 930 3547; x_wconf 84' lang='lat' dir='ltr'>magistri</span> <span class='ocrx_word' id='word_1_468' title='bbox 978 3473 1093 3528; x_wconf 92' lang='lat' dir='ltr'>dici</span> <span class='ocrx_word' id='word_1_469' title='bbox 1144 3473 1377 3532; x_wconf 87' lang='lat' dir='ltr'>solent;</span> <span class='ocrx_word' id='word_1_470' title='bbox 1430 3488 1681 3543; x_wconf 87' lang='lat' dir='ltr'>quorum</span> <span class='ocrx_word' id='word_1_471' title='bbox 1728 3470 1999 3526; x_wconf 89' lang='lat' dir='ltr'>videlicet</span> 
     </span>
    </p>
   </div>
   <div class='ocr_carea' id='block_1_66' title="bbox 349 3561 1997 3638">
    <p class='ocr_par' dir='ltr' id='par_1_66' title="bbox 349 3561 1997 3638">
     <span class='ocr_line' id='line_1_66' title="bbox 349 3561 1997 3638; baseline -0.004 -16"><span class='ocrx_word' id='word_1_472' title='bbox 349 3568 765 3638; x_wconf 89' lang='lat' dir='ltr'>unusquisque</span> <span class='ocrx_word' id='word_1_473' title='bbox 804 3565 951 3620; x_wconf 89' lang='lat' dir='ltr'>alios</span> <span class='ocrx_word' id='word_1_474' title='bbox 1000 3563 1229 3634; x_wconf 88' lang='lat' dir='ltr'>equites</span> <span class='ocrx_word' id='word_1_475' title='bbox 1280 3563 1389 3617; x_wconf 91' lang='lat' dir='ltr'>sub</span> <span class='ocrx_word' id='word_1_476' title='bbox 1436 3578 1497 3617; x_wconf 90' lang='lat' dir='ltr'>se</span> <span class='ocrx_word' id='word_1_477' title='bbox 1550 3566 1842 3616; x_wconf 88' lang='lat' dir='ltr'>merentes</span> <span class='ocrx_word' id='word_1_478' title='bbox 1891 3561 1997 3615; x_wconf 90' lang='lat' dir='ltr'>du-</span> 
     </span>
    </p>
   </div>
   <div class='ocr_carea' id='block_1_67' title="bbox 350 3664 490 3713">
    <p class='ocr_par' dir='ltr' id='par_1_67' title="bbox 350 3664 490 3713">
     <span class='ocr_line' id='line_1_67' title="bbox 350 3664 490 3713; baseline 0.007 -1"><span class='ocrx_word' id='word_1_479' title='bbox 350 3664 490 3713; x_wconf 87' lang='lat' dir='ltr'>ctat.</span> 
     </span>
    </p>
   </div>
   <div class='ocr_carea' id='block_1_68' title="bbox 417 3734 2000 3823">
    <p class='ocr_par' dir='ltr' id='par_1_68' title="bbox 417 3734 2000 3823">
     <span class='ocr_line' id='line_1_68' title="bbox 417 3734 2000 3823; baseline -0.007 -10"><span class='ocrx_word' id='word_1_480' title='bbox 417 3751 796 3823; x_wconf 80' lang='grc' dir='ltr'>Καδόηνάλιοι</span> <span class='ocrx_word' id='word_1_481' title='bbox 838 3770 896 3807; x_wconf 91' lang='lat' dir='ltr'>n.</span> <span class='ocrx_word' id='word_1_482' title='bbox 928 3752 1054 3808; x_wconf 83' lang='lat'>209.</span> <span class='ocrx_word' id='word_1_483' title='bbox 1091 3751 1179 3804; x_wconf 89' lang='lat' dir='ltr'>Ita</span> <span class='ocrx_word' id='word_1_484' title='bbox 1208 3752 1550 3804; x_wconf 87' lang='lat' dir='ltr'>constanter</span> <span class='ocrx_word' id='word_1_485' title='bbox 1580 3734 1861 3803; x_wconf 82' lang='lat' dir='ltr'>scribitur</span> <span class='ocrx_word' id='word_1_486' title='bbox 1891 3748 2000 3802; x_wconf 89' lang='lat' dir='ltr'>hoc</span> 
     </span>
    </p>
   </div>
   <div class='ocr_carea' id='block_1_69' title="bbox 356 3838 2000 3907">
    <p class='ocr_par' dir='ltr' id='par_1_69' title="bbox 356 3838 2000 3907">
     <span class='ocr_line' id='line_1_69' title="bbox 356 3838 2000 3907; baseline -0.007 -5"><span class='ocrx_word' id='word_1_487' title='bbox 356 3845 711 3902; x_wconf 87' lang='lat' dir='ltr'>vocabulum</span> <span class='ocrx_word' id='word_1_488' title='bbox 744 3843 802 3897; x_wconf 92' lang='lat' dir='ltr'>in</span> <span class='ocrx_word' id='word_1_489' title='bbox 837 3841 1025 3897; x_wconf 90' lang='lat' dir='ltr'>tribus</span> <span class='ocrx_word' id='word_1_490' title='bbox 1052 3840 1221 3895; x_wconf 88' lang='lat' dir='ltr'>codd.</span> <span class='ocrx_word' id='word_1_491' title='bbox 1248 3840 1305 3893; x_wconf 92' lang='lat' dir='ltr'>in</span> <span class='ocrx_word' id='word_1_492' title='bbox 1341 3839 1449 3893; x_wconf 91' lang='lat' dir='ltr'>hoc</span> <span class='ocrx_word' id='word_1_493' title='bbox 1473 3844 1529 3891; x_wconf 84' lang='lat' dir='ltr'>et</span> <span class='ocrx_word' id='word_1_494' title='bbox 1551 3838 1681 3893; x_wconf 90' lang='lat' dir='ltr'>aliis</span> <span class='ocrx_word' id='word_1_495' title='bbox 1703 3838 1881 3907; x_wconf 90' lang='lat' dir='ltr'>hujus</span> <span class='ocrx_word' id='word_1_496' title='bbox 1916 3838 2000 3891; x_wconf 88' lang='lat' dir='ltr'>hi-</span> 
     </span>
    </p>
   </div>
   <div class='ocr_carea' id='block_1_70' title="bbox 353 3927 2000 3999">
    <p class='ocr_par' dir='ltr' id='par_1_70' title="bbox 353 3927 2000 3999">
     <span class='ocr_line' id='line_1_70' title="bbox 353 3927 2000 3999; baseline -0.008 -6"><span class='ocrx_word' id='word_1_497' title='bbox 353 3936 549 3994; x_wconf 61' lang='lat' dir='ltr'>storia</span> <span class='ocrx_word' id='word_1_498' title='bbox 600 3934 765 3999; x_wconf 90' lang='lat' dir='ltr'>locis,</span> <span class='ocrx_word' id='word_1_499' title='bbox 801 3932 957 3987; x_wconf 92' lang='lat' dir='ltr'>unde</span> <span class='ocrx_word' id='word_1_500' title='bbox 990 3947 1102 3984; x_wconf 90' lang='lat' dir='ltr'>non</span> <span class='ocrx_word' id='word_1_501' title='bbox 1148 3928 1380 3983; x_wconf 79' lang='lat' dir='ltr'>videtur</span> <span class='ocrx_word' id='word_1_502' title='bbox 1419 3928 1812 3981; x_wconf 84' lang='lat' dir='ltr'>dubitandum</span> <span class='ocrx_word' id='word_1_503' title='bbox 1858 3927 2000 3996; x_wconf 89' lang='lat' dir='ltr'>quin</span> 
     </span>
    </p>
   </div>
   <div class='ocr_carea' id='block_1_71' title="bbox 349 4016 2003 4082">
    <p class='ocr_par' dir='ltr' id='par_1_71' title="bbox 349 4016 2003 4082">
     <span class='ocr_line' id='line_1_71' title="bbox 349 4016 2003 4082; baseline -0.007 0"><span class='ocrx_word' id='word_1_504' title='bbox 349 4042 552 4082; x_wconf 83' lang='lat' dir='ltr'>vocem</span> <span class='ocrx_word' id='word_1_505' title='bbox 599 4024 768 4077; x_wconf 92' lang='lat' dir='ltr'>nobis</span> <span class='ocrx_word' id='word_1_506' title='bbox 821 4021 1101 4075; x_wconf 88' lang='lat' dir='ltr'>usitatam</span> <span class='ocrx_word' id='word_1_507' title='bbox 1144 4016 1457 4073; x_wconf 82' lang='lat' dir='ltr'>cardinalis</span> <span class='ocrx_word' id='word_1_508' title='bbox 1506 4017 1591 4071; x_wconf 89' lang='lat' dir='ltr'>sic</span> <span class='ocrx_word' id='word_1_509' title='bbox 1632 4023 1771 4070; x_wconf 90' lang='lat' dir='ltr'>tunc</span> <span class='ocrx_word' id='word_1_510' title='bbox 1825 4018 2003 4072; x_wconf 74' lang='grc' dir='ltr'>Οτι·ωοὶ</span> 
     </span>
    </p>
   </div>
   <div class='ocr_carea' id='block_1_72' title="bbox 351 4106 2003 4182">
    <p class='ocr_par' dir='ltr' id='par_1_72' title="bbox 351 4106 2003 4182">
     <span class='ocr_line' id='line_1_72' title="bbox 351 4106 2003 4182; baseline -0.007 -12"><span class='ocrx_word' id='word_1_511' title='bbox 351 4112 711 4172; x_wconf 86' lang='lat' dir='ltr'>suislitteris</span> <span class='ocrx_word' id='word_1_512' title='bbox 732 4111 1148 4182; x_wconf 84' lang='lat' dir='ltr'>exprimerent.</span> <span class='ocrx_word' id='word_1_513' title='bbox 1182 4108 1297 4161; x_wconf 90' lang='lat' dir='ltr'>Nec</span> <span class='ocrx_word' id='word_1_514' title='bbox 1320 4108 1377 4160; x_wconf 91' lang='lat' dir='ltr'>id</span> <span class='ocrx_word' id='word_1_515' title='bbox 1408 4106 1819 4177; x_wconf 88' lang='lat' dir='ltr'>imputandum</span> <span class='ocrx_word' id='word_1_516' title='bbox 1841 4107 2003 4175; x_wconf 76' lang='lat' dir='ltr'>igno-</span> 
     </span>
    </p>
   </div>
   <div class='ocr_carea' id='block_1_73' title="bbox 348 4195 2007 4273">
    <p class='ocr_par' dir='ltr' id='par_1_73' title="bbox 348 4195 2007 4273">
     <span class='ocr_line' id='line_1_73' title="bbox 348 4195 2007 4273; baseline -0.006 -13"><span class='ocrx_word' id='word_1_517' title='bbox 348 4204 495 4262; x_wconf 89' lang='lat' dir='ltr'>tioni</span> <span class='ocrx_word' id='word_1_518' title='bbox 554 4205 682 4273; x_wconf 87' lang='lat' dir='ltr'>ejus</span> <span class='ocrx_word' id='word_1_519' title='bbox 733 4200 984 4271; x_wconf 82' lang='lat' dir='ltr'>originis</span> <span class='ocrx_word' id='word_1_520' title='bbox 1014 4215 1081 4253; x_wconf 85' lang='lat' dir='ltr'>ex</span> <span class='ocrx_word' id='word_1_521' title='bbox 1112 4195 1401 4252; x_wconf 89' lang='lat' dir='ltr'>vocabulo</span> <span class='ocrx_word' id='word_1_522' title='bbox 1450 4196 1638 4250; x_wconf 82' lang='lat' dir='ltr'>cardo.</span> <span class='ocrx_word' id='word_1_523' title='bbox 1674 4201 1814 4249; x_wconf 77' lang='lat' dir='ltr'>Nam</span> <span class='ocrx_word' id='word_1_524' title='bbox 1862 4196 2007 4251; x_wconf 85' lang='lat' dir='ltr'>hanc</span> 
     </span>
    </p>
   </div>
   <div class='ocr_carea' id='block_1_74' title="bbox 349 4286 2006 4364">
    <p class='ocr_par' dir='ltr' id='par_1_74' title="bbox 349 4286 2006 4364">
     <span class='ocr_line' id='line_1_74' title="bbox 349 4286 2006 4364; baseline -0.005 -16"><span class='ocrx_word' id='word_1_525' title='bbox 349 4294 511 4349; x_wconf 88' lang='lat' dir='ltr'>haud</span> <span class='ocrx_word' id='word_1_526' title='bbox 563 4293 823 4364; x_wconf 86' lang='lat' dir='ltr'>ignotam</span> <span class='ocrx_word' id='word_1_527' title='bbox 877 4287 1138 4343; x_wconf 89' lang='lat' dir='ltr'>declarat</span> <span class='ocrx_word' id='word_1_528' title='bbox 1182 4286 1596 4357; x_wconf 81' lang='lat' dir='ltr'>Pachymeres,</span> <span class='ocrx_word' id='word_1_529' title='bbox 1654 4286 1694 4339; x_wconf 92' lang='lat' dir='ltr'>l.</span> <span class='ocrx_word' id='word_1_530' title='bbox 1749 4303 1802 4351; x_wconf 93' lang='lat' dir='ltr'>v,</span> <span class='ocrx_word' id='word_1_531' title='bbox 1853 4302 1902 4340; x_wconf 92' lang='lat' dir='ltr'>c.</span> <span class='ocrx_word' id='word_1_532' title='bbox 1952 4287 2006 4340; x_wconf 93' lang='lat'>8.</span> 
     </span>
    </p>
   </div>
   <div class='ocr_carea' id='block_1_75' title="bbox 354 4371 2011 4453">
    <p class='ocr_par' dir='ltr' id='par_1_75' title="bbox 354 4371 2011 4453">
     <span class='ocr_line' id='line_1_75' title="bbox 354 4371 2011 4453; baseline -0.007 -15"><span class='ocrx_word' id='word_1_533' title='bbox 354 4384 457 4438; x_wconf 90' lang='lat' dir='ltr'>ubi</span> <span class='ocrx_word' id='word_1_534' title='bbox 494 4383 563 4437; x_wconf 90' lang='lat' dir='ltr'>de</span> <span class='ocrx_word' id='word_1_535' title='bbox 596 4382 949 4453; x_wconf 84' lang='lat' dir='ltr'>imperatore</span> <span class='ocrx_word' id='word_1_536' title='bbox 981 4377 1211 4439; x_wconf 76' lang='lat' dir='ltr'>scribit,</span> <span class='ocrx_word' id='word_1_537' title='bbox 1256 4374 1354 4430; x_wconf 83' lang='grc' dir='ltr'>Καὶ</span> <span class='ocrx_word' id='word_1_538' title='bbox 1390 4374 1592 4449; x_wconf 85' lang='grc' dir='ltr'>χρυσὸν</span> <span class='ocrx_word' id='word_1_539' title='bbox 1622 4374 1853 4445; x_wconf 71' lang='grc' dir='ltr'>πέμπων</span> <span class='ocrx_word' id='word_1_540' title='bbox 1882 4371 2011 4428; x_wconf 80' lang='grc' dir='ltr'>καδ-</span> 
     </span>
    </p>
   </div>
   <div class='ocr_carea' id='block_1_76' title="bbox 362 4461 2011 4545">
    <p class='ocr_par' dir='ltr' id='par_1_76' title="bbox 362 4461 2011 4545">
     <span class='ocr_line' id='line_1_76' title="bbox 362 4461 2011 4545; baseline -0.006 -18"><span class='ocrx_word' id='word_1_541' title='bbox 362 4469 675 4542; x_wconf 82' lang='grc' dir='ltr'>δηναλίοις,</span> <span class='ocrx_word' id='word_1_542' title='bbox 725 4467 1035 4545; x_wconf 67' lang='grc' dir='ltr'>στρόφιγξιν</span> <span class='ocrx_word' id='word_1_543' title='bbox 1070 4466 1097 4519; x_wconf 85' lang='grc' dir='ltr'>ὁ</span> <span class='ocrx_word' id='word_1_544' title='bbox 1126 4463 1341 4534; x_wconf 73' lang='grc' dir='ltr'>’Ἐλλην</span> <span class='ocrx_word' id='word_1_545' title='bbox 1384 4461 1529 4518; x_wconf 67' lang='grc' dir='ltr'>εἴποι</span> <span class='ocrx_word' id='word_1_546' title='bbox 1570 4462 1645 4525; x_wconf 84' lang='grc' dir='ltr'>ὡς</span> <span class='ocrx_word' id='word_1_547' title='bbox 1697 4466 1866 4537; x_wconf 71' lang='grc' dir='ltr'>θήρας</span> <span class='ocrx_word' id='word_1_548' title='bbox 1921 4461 2011 4517; x_wconf 68' lang='grc' dir='ltr'>οὔ·</span> 
     </span>
    </p>
   </div>
   <div class='ocr_carea' id='block_1_77' title="bbox 364 4553 2016 4630">
    <p class='ocr_par' dir='ltr' id='par_1_77' title="bbox 364 4553 2016 4630">
     <span class='ocr_line' id='line_1_77' title="bbox 364 4553 2016 4630; baseline -0.004 -14"><span class='ocrx_word' id='word_1_549' title='bbox 364 4577 471 4630; x_wconf 79' lang='grc' dir='ltr'>σης</span> <span class='ocrx_word' id='word_1_550' title='bbox 498 4564 597 4615; x_wconf 74' lang='grc' dir='ltr'>τοῦ</span> <span class='ocrx_word' id='word_1_551' title='bbox 645 4560 859 4613; x_wconf 78' lang='grc' dir='ltr'>πάππα.</span> <span class='ocrx_word' id='word_1_552' title='bbox 892 4558 1003 4613; x_wconf 87' lang='lat' dir='ltr'>Ubi</span> <span class='ocrx_word' id='word_1_553' title='bbox 1034 4556 1196 4611; x_wconf 90' lang='lat' dir='ltr'>vides</span> <span class='ocrx_word' id='word_1_554' title='bbox 1235 4571 1433 4610; x_wconf 88' lang='lat' dir='ltr'>vocem</span> <span class='ocrx_word' id='word_1_555' title='bbox 1482 4553 1728 4610; x_wconf 73' lang='lat' dir='ltr'>cardinis</span> <span class='ocrx_word' id='word_1_556' title='bbox 1769 4555 2016 4626; x_wconf 84' lang='lat' dir='ltr'>exprimi</span> 
     </span>
    </p>
   </div>
   <div class='ocr_carea' id='block_1_78' title="bbox 369 4645 1255 4721">
    <p class='ocr_par' dir='ltr' id='par_1_78' title="bbox 369 4645 1255 4721">
     <span class='ocr_line' id='line_1_78' title="bbox 369 4645 1255 4721; baseline -0.016 -12"><span class='ocrx_word' id='word_1_557' title='bbox 369 4652 571 4709; x_wconf 68' lang='lat' dir='ltr'>Graeco</span> <span class='ocrx_word' id='word_1_558' title='bbox 598 4648 883 4705; x_wconf 85' lang='lat' dir='ltr'>vocabulo</span> <span class='ocrx_word' id='word_1_559' title='bbox 912 4645 1255 4721; x_wconf 69' lang='grc' dir='ltr'>στρόφιγγος.</span> 
     </span>
    </p>
   </div>
   <div class='ocr_carea' id='block_1_79' title="bbox 429 4742 2013 4827">
    <p class='ocr_par' dir='ltr' id='par_1_79' title="bbox 429 4742 2013 4827">
     <span class='ocr_line' id='line_1_79' title="bbox 429 4742 2013 4827; baseline -0.006 -14"><span class='ocrx_word' id='word_1_560' title='bbox 429 4754 744 4813; x_wconf 84' lang='grc' dir='ltr'>Καθοσίωσι</span> <span class='ocrx_word' id='word_1_561' title='bbox 805 4774 861 4827; x_wconf 87' lang='lat' dir='ltr'>p.</span> <span class='ocrx_word' id='word_1_562' title='bbox 930 4755 1056 4808; x_wconf 81' lang='grc'>284.</span> <span class='ocrx_word' id='word_1_563' title='bbox 1120 4749 1513 4813; x_wconf 78' lang='grc' dir='ltr'>Καθοσιώσεως</span> <span class='ocrx_word' id='word_1_564' title='bbox 1574 4742 1832 4823; x_wconf 74' lang='grc' dir='ltr'>ἔγκλημα</span> <span class='ocrx_word' id='word_1_565' title='bbox 1896 4756 2013 4812; x_wconf 79' lang='grc' dir='ltr'>τοῖς</span> 
     </span>
    </p>
   </div>
   <div class='ocr_carea' id='block_1_80' title="bbox 359 4840 2019 4923">
    <p class='ocr_par' dir='ltr' id='par_1_80' title="bbox 359 4840 2019 4923">
     <span class='ocr_line' id='line_1_80' title="bbox 359 4840 2019 4923; baseline -0.004 -20"><span class='ocrx_word' id='word_1_566' title='bbox 359 4848 487 4923; x_wconf 84' lang='grc' dir='ltr'>περὶ</span> <span class='ocrx_word' id='word_1_567' title='bbox 519 4848 610 4901; x_wconf 88' lang='grc' dir='ltr'>τὸν</span> <span class='ocrx_word' id='word_1_568' title='bbox 645 4840 1102 4920; x_wconf 80' lang='grc' dir='ltr'>Φραγγόπουλον.</span> <span class='ocrx_word' id='word_1_569' title='bbox 1146 4842 1213 4896; x_wconf 83' lang='grc' dir='ltr'>Ηὶ</span> <span class='ocrx_word' id='word_1_570' title='bbox 1262 4841 1519 4895; x_wconf 84' lang='lat' dir='ltr'>accusati</span> <span class='ocrx_word' id='word_1_571' title='bbox 1555 4844 1715 4906; x_wconf 91' lang='lat' dir='ltr'>sunt,</span> <span class='ocrx_word' id='word_1_572' title='bbox 1752 4848 1814 4895; x_wconf 89' lang='lat' dir='ltr'>ut</span> <span class='ocrx_word' id='word_1_573' title='bbox 1866 4844 2019 4897; x_wconf 87' lang='lat' dir='ltr'>clare</span> 
     </span>
    </p>
   </div>
   <div class='ocr_carea' id='block_1_81' title="bbox 364 4930 2017 5003">
    <p class='ocr_par' dir='ltr' id='par_1_81' title="bbox 364 4930 2017 5003">
     <span class='ocr_line' id='line_1_81' title="bbox 364 4930 2017 5003; baseline -0.005 -8"><span class='ocrx_word' id='word_1_574' title='bbox 364 4942 537 4995; x_wconf 89' lang='lat' dir='ltr'>docet</span> <span class='ocrx_word' id='word_1_575' title='bbox 568 4942 771 4992; x_wconf 89' lang='lat' dir='ltr'>auctor</span> <span class='ocrx_word' id='word_1_576' title='bbox 818 4936 877 4990; x_wconf 90' lang='lat' dir='ltr'>in</span> <span class='ocrx_word' id='word_1_577' title='bbox 912 4930 1434 5003; x_wconf 87' lang='lat' dir='ltr'>consequentibus,</span> <span class='ocrx_word' id='word_1_578' title='bbox 1490 4930 1914 5001; x_wconf 87' lang='lat' dir='ltr'>conjurationis</span> <span class='ocrx_word' id='word_1_579' title='bbox 1958 4933 2017 4987; x_wconf 91' lang='lat' dir='ltr'>in</span> 
     </span>
    </p>
   </div>
   <div class='ocr_carea' id='block_1_82' title="bbox 363 5022 2017 5100">
    <p class='ocr_par' dir='ltr' id='par_1_82' title="bbox 363 5022 2017 5100">
     <span class='ocr_line' id='line_1_82' title="bbox 363 5022 2017 5100; baseline -0.005 -16"><span class='ocrx_word' id='word_1_580' title='bbox 363 5031 811 5100; x_wconf 86' lang='lat' dir='ltr'>imperatorem,</span> <span class='ocrx_word' id='word_1_581' title='bbox 836 5041 1011 5097; x_wconf 91' lang='lat' dir='ltr'>quem</span> <span class='ocrx_word' id='word_1_582' title='bbox 1046 5023 1372 5077; x_wconf 82' lang='lat' dir='ltr'>interﬁcere</span> <span class='ocrx_word' id='word_1_583' title='bbox 1396 5023 1789 5091; x_wconf 77' lang='lat' dir='ltr'>decreverant,</span> <span class='ocrx_word' id='word_1_584' title='bbox 1814 5027 1877 5076; x_wconf 90' lang='lat' dir='ltr'>ut</span> <span class='ocrx_word' id='word_1_585' title='bbox 1907 5022 2017 5092; x_wconf 89' lang='lat' dir='ltr'>ipsi</span> 
     </span>
    </p>
   </div>
   <div class='ocr_carea' id='block_1_83' title="bbox 361 5102 2018 5183">
    <p class='ocr_par' dir='ltr' id='par_1_83' title="bbox 361 5102 2018 5183">
     <span class='ocr_line' id='line_1_83' title="bbox 361 5102 2018 5183; baseline -0.007 -11"><span class='ocrx_word' id='word_1_586' title='bbox 361 5117 506 5173; x_wconf 85' lang='lat' dir='ltr'>fassi</span> <span class='ocrx_word' id='word_1_587' title='bbox 552 5119 709 5171; x_wconf 90' lang='lat' dir='ltr'>sunt.</span> <span class='ocrx_word' id='word_1_588' title='bbox 754 5113 899 5168; x_wconf 88' lang='lat' dir='ltr'>Hine</span> <span class='ocrx_word' id='word_1_589' title='bbox 942 5110 1296 5181; x_wconf 78' lang='lat' dir='ltr'>intelligitur</span> <span class='ocrx_word' id='word_1_590' title='bbox 1344 5102 1601 5183; x_wconf 76' lang='grc' dir='ltr'>ἔγκλημα</span> <span class='ocrx_word' id='word_1_591' title='bbox 1639 5108 2018 5169; x_wconf 68' lang='grc' dir='ltr'>καΟοσιώσεως</span> 
     </span>
    </p>
   </div>
   <div class='ocr_carea' id='block_1_84' title="bbox 356 5199 2021 5272">
    <p class='ocr_par' dir='ltr' id='par_1_84' title="bbox 356 5199 2021 5272">
     <span class='ocr_line' id='line_1_84' title="bbox 356 5199 2021 5272; baseline -0.005 -10"><span class='ocrx_word' id='word_1_592' title='bbox 356 5206 477 5263; x_wconf 91' lang='lat' dir='ltr'>dici</span> <span class='ocrx_word' id='word_1_593' title='bbox 510 5205 731 5260; x_wconf 90' lang='lat' dir='ltr'>crimen</span> <span class='ocrx_word' id='word_1_594' title='bbox 783 5203 934 5258; x_wconf 64' lang='lat' dir='ltr'>laesa)</span> <span class='ocrx_word' id='word_1_595' title='bbox 968 5200 1324 5272; x_wconf 88' lang='lat' dir='ltr'>majestatis,</span> <span class='ocrx_word' id='word_1_596' title='bbox 1358 5204 1415 5254; x_wconf 90' lang='lat' dir='ltr'>et</span> <span class='ocrx_word' id='word_1_597' title='bbox 1445 5199 1683 5270; x_wconf 90' lang='lat' dir='ltr'>quidem</span> <span class='ocrx_word' id='word_1_598' title='bbox 1728 5200 1783 5253; x_wconf 90' lang='lat' dir='ltr'>in</span> <span class='ocrx_word' id='word_1_599' title='bbox 1832 5201 2021 5271; x_wconf 90' lang='lat' dir='ltr'>primo</span> 
     </span>
    </p>
   </div>
   <div class='ocr_carea' id='block_1_85' title="bbox 356 5289 2021 5369">
    <p class='ocr_par' dir='ltr' id='par_1_85' title="bbox 356 5289 2021 5369">
     <span class='ocr_line' id='line_1_85' title="bbox 356 5289 2021 5369; baseline -0.007 -15"><span class='ocrx_word' id='word_1_600' title='bbox 356 5296 573 5369; x_wconf 89' lang='lat' dir='ltr'>capite,</span> <span class='ocrx_word' id='word_1_601' title='bbox 619 5300 684 5349; x_wconf 88' lang='lat' dir='ltr'>ut</span> <span class='ocrx_word' id='word_1_602' title='bbox 714 5292 905 5349; x_wconf 89' lang='lat' dir='ltr'>solent</span> <span class='ocrx_word' id='word_1_603' title='bbox 939 5291 1125 5363; x_wconf 89' lang='lat' dir='ltr'>loqui.</span> <span class='ocrx_word' id='word_1_604' title='bbox 1179 5291 1261 5344; x_wconf 89' lang='lat' dir='ltr'>Ad</span> <span class='ocrx_word' id='word_1_605' title='bbox 1296 5289 1404 5345; x_wconf 90' lang='lat' dir='ltr'>hoc</span> <span class='ocrx_word' id='word_1_606' title='bbox 1466 5289 1845 5344; x_wconf 89' lang='lat' dir='ltr'>indicandum</span> <span class='ocrx_word' id='word_1_607' title='bbox 1894 5290 2021 5344; x_wconf 87' lang='lat' dir='ltr'>ideo</span> 
     </span>
    </p>
   </div>
   <div class='ocr_carea' id='block_1_86' title="bbox 357 5378 2023 5450">
    <p class='ocr_par' dir='ltr' id='par_1_86' title="bbox 357 5378 2023 5450">
     <span class='ocr_line' id='line_1_86' title="bbox 357 5378 2023 5450; baseline -0.005 -7"><span class='ocrx_word' id='word_1_608' title='bbox 357 5384 845 5443; x_wconf 87' lang='lat' dir='ltr'>accommodatur</span> <span class='ocrx_word' id='word_1_609' title='bbox 887 5378 1270 5444; x_wconf 84' lang='grc' dir='ltr'>καθοσιώσεως</span> <span class='ocrx_word' id='word_1_610' title='bbox 1298 5378 1676 5449; x_wconf 90' lang='lat' dir='ltr'>vocabulum,</span> <span class='ocrx_word' id='word_1_611' title='bbox 1717 5380 1853 5450; x_wconf 91' lang='lat' dir='ltr'>quia</span> <span class='ocrx_word' id='word_1_612' title='bbox 1892 5381 2023 5435; x_wconf 65' lang='lat' dir='ltr'>vita?</span> 
     </span>
    </p>
   </div>
   <div class='ocr_carea' id='block_1_87' title="bbox 352 5470 2025 5552">
    <p class='ocr_par' dir='ltr' id='par_1_87' title="bbox 352 5470 2025 5552">
     <span class='ocr_line' id='line_1_87' title="bbox 352 5470 2025 5552; baseline -0.004 -18"><span class='ocrx_word' id='word_1_613' title='bbox 352 5491 748 5552; x_wconf 72' lang='lat' dir='ltr'>personaeque</span> <span class='ocrx_word' id='word_1_614' title='bbox 780 5472 1115 5545; x_wconf 85' lang='lat' dir='ltr'>principum</span> <span class='ocrx_word' id='word_1_615' title='bbox 1142 5488 1232 5525; x_wconf 91' lang='lat' dir='ltr'>res</span> <span class='ocrx_word' id='word_1_616' title='bbox 1262 5487 1439 5525; x_wconf 64' lang='lat' dir='ltr'>sacrae</span> <span class='ocrx_word' id='word_1_617' title='bbox 1463 5475 1623 5537; x_wconf 92' lang='lat' dir='ltr'>sunt,</span> <span class='ocrx_word' id='word_1_618' title='bbox 1643 5488 1790 5542; x_wconf 88' lang='lat' dir='ltr'>quas</span> <span class='ocrx_word' id='word_1_619' title='bbox 1811 5470 2025 5527; x_wconf 89' lang='lat' dir='ltr'>violare</span> 
     </span>
    </p>
   </div>
   <div class='ocr_carea' id='block_1_88' title="bbox 361 5560 2026 5637">
    <p class='ocr_par' dir='ltr' id='par_1_88' title="bbox 361 5560 2026 5637">
     <span class='ocr_line' id='line_1_88' title="bbox 361 5560 2026 5637; baseline -0.006 -13"><span class='ocrx_word' id='word_1_620' title='bbox 361 5565 747 5637; x_wconf 84' lang='lat' dir='ltr'>sacrilegium</span> <span class='ocrx_word' id='word_1_621' title='bbox 770 5564 1026 5618; x_wconf 88' lang='lat' dir='ltr'>immane</span> <span class='ocrx_word' id='word_1_622' title='bbox 1049 5560 1145 5616; x_wconf 90' lang='lat' dir='ltr'>sit.</span> <span class='ocrx_word' id='word_1_623' title='bbox 1170 5561 1335 5616; x_wconf 89' lang='lat' dir='ltr'>Unde</span> <span class='ocrx_word' id='word_1_624' title='bbox 1356 5560 1578 5632; x_wconf 87' lang='lat' dir='ltr'>passim</span> <span class='ocrx_word' id='word_1_625' title='bbox 1602 5562 1897 5631; x_wconf 84' lang='lat' dir='ltr'>majestati</span> <span class='ocrx_word' id='word_1_626' title='bbox 1922 5562 2026 5615; x_wconf 90' lang='lat' dir='ltr'>im-</span> 
     </span>
    </p>
   </div>
   <div class='ocr_carea' id='block_1_89' title="bbox 360 5652 2023 5731">
    <p class='ocr_par' dir='ltr' id='par_1_89' title="bbox 360 5652 2023 5731">
     <span class='ocr_line' id='line_1_89' title="bbox 360 5652 2023 5731; baseline -0.005 -17"><span class='ocrx_word' id='word_1_627' title='bbox 360 5661 703 5731; x_wconf 87' lang='lat' dir='ltr'>peratorum</span> <span class='ocrx_word' id='word_1_628' title='bbox 735 5652 1045 5724; x_wconf 89' lang='lat' dir='ltr'>copulatur</span> <span class='ocrx_word' id='word_1_629' title='bbox 1089 5652 1442 5720; x_wconf 83' lang='lat' dir='ltr'>adjunctum</span> <span class='ocrx_word' id='word_1_630' title='bbox 1477 5666 1694 5717; x_wconf 85' lang='lat' dir='ltr'>sacrae;</span> <span class='ocrx_word' id='word_1_631' title='bbox 1730 5656 1788 5706; x_wconf 85' lang='lat' dir='ltr'>et</span> <span class='ocrx_word' id='word_1_632' title='bbox 1824 5668 2023 5705; x_wconf 89' lang='lat' dir='ltr'>corum</span> 
     </span>
    </p>
   </div>
   <div class='ocr_carea' id='block_1_90' title="bbox 433 5828 1438 5910">
    <p class='ocr_par' dir='ltr' id='par_1_90' title="bbox 433 5828 1438 5910">
     <span class='ocr_line' id='line_1_90' title="bbox 433 5828 1438 5910; baseline -0.006 -18"><span class='ocrx_word' id='word_1_633' title='bbox 433 5836 511 5910; x_wconf 83' lang='lat'>(1)</span> <span class='ocrx_word' id='word_1_634' title='bbox 540 5834 625 5892; x_wconf 86' lang='lat' dir='ltr'>Cf.</span> <span class='ocrx_word' id='word_1_635' title='bbox 662 5831 924 5891; x_wconf 87' lang='lat' dir='ltr'>Glossar.</span> <span class='ocrx_word' id='word_1_636' title='bbox 961 5829 1125 5887; x_wconf 88' lang='lat' dir='ltr'>alter.</span> <span class='ocrx_word' id='word_1_637' title='bbox 1161 5844 1215 5886; x_wconf 83' lang='grc' dir='ltr'>ν.</span> <span class='ocrx_word' id='word_1_638' title='bbox 1251 5828 1438 5894; x_wconf 74' lang='grc' dir='ltr'>Κᾶνις.</span> 
     </span>
    </p>
   </div>
   <div class='ocr_carea' id='block_1_91' title="bbox 645 5947 1379 6015">
    <p class='ocr_par' dir='ltr' id='par_1_91' title="bbox 645 5947 1379 6015">
     <span class='ocr_line' id='line_1_91' title="bbox 645 5947 1379 6015; baseline -0.001 -3"><span class='ocrx_word' id='word_1_639' title='bbox 645 5954 911 6015; x_wconf 73' lang='grc' dir='ltr'>ΡΑτιιοι..</span> <span class='ocrx_word' id='word_1_640' title='bbox 959 5951 1072 6013; x_wconf 79' lang='lat' dir='ltr'>Gn.</span> <span class='ocrx_word' id='word_1_641' title='bbox 1118 5947 1379 6012; x_wconf 77' lang='lat' dir='ltr'>CXLIII.</span> 
     </span>
    </p>
   </div>
   <div class='ocr_carea' id='block_1_92' title="bbox 1963 4711 3492 4794">
    <p class='ocr_par' dir='ltr' id='par_1_92' title="bbox 1963 4711 3492 4794">
     <span class='ocr_line' id='line_1_92' title="bbox 1963 4711 3492 4794; baseline 0.002 -20"><span class='ocrx_word' id='word_1_642' title='bbox 1963 4756 2013 4794; x_wconf 38' lang='grc' dir='ltr'>τί,</span> <span class='ocrx_word' id='word_1_643' title='bbox 2050 4711 2092 4774; x_wconf 85' lang='grc' dir='ltr'>Ι)</span> <span class='ocrx_word' id='word_1_644' title='bbox 2125 4724 2334 4776; x_wconf 87' lang='lat' dir='ltr'>deatur</span> <span class='ocrx_word' id='word_1_645' title='bbox 2381 4722 2629 4794; x_wconf 91' lang='lat' dir='ltr'>intelligi</span> <span class='ocrx_word' id='word_1_646' title='bbox 2663 4723 2978 4793; x_wconf 90' lang='lat' dir='ltr'>puisquam</span> <span class='ocrx_word' id='word_1_647' title='bbox 3036 4724 3095 4777; x_wconf 90' lang='lat' dir='ltr'>in</span> <span class='ocrx_word' id='word_1_648' title='bbox 3144 4741 3335 4779; x_wconf 86' lang='lat' dir='ltr'>arcem</span> <span class='ocrx_word' id='word_1_649' title='bbox 3371 4725 3492 4777; x_wconf 89' lang='lat' dir='ltr'>sive</span> 
     </span>
    </p>
   </div>
   <div class='ocr_carea' id='block_1_93' title="bbox 2111 3466 3765 3546">
    <p class='ocr_par' dir='ltr' id='par_1_93' title="bbox 2111 3466 3765 3546">
     <span class='ocr_line' id='line_1_93' title="bbox 2111 3466 3765 3546; baseline 0.007 -25"><span class='ocrx_word' id='word_1_650' title='bbox 2111 3488 2191 3528; x_wconf 77' lang='grc' dir='ltr'>σις</span> <span class='ocrx_word' id='word_1_651' title='bbox 2245 3466 2596 3540; x_wconf 67' lang='grc' dir='ltr'>Βασιλακίοο,</span> <span class='ocrx_word' id='word_1_652' title='bbox 2644 3478 2709 3526; x_wconf 90' lang='lat' dir='ltr'>ut</span> <span class='ocrx_word' id='word_1_653' title='bbox 2753 3473 2862 3527; x_wconf 89' lang='lat' dir='ltr'>fert</span> <span class='ocrx_word' id='word_1_654' title='bbox 2916 3475 3083 3529; x_wconf 85' lang='lat' dir='ltr'>Anna</span> <span class='ocrx_word' id='word_1_655' title='bbox 3128 3479 3444 3546; x_wconf 90' lang='lat' dir='ltr'>Comnena,</span> <span class='ocrx_word' id='word_1_656' title='bbox 3499 3476 3609 3531; x_wconf 73' lang='lat'>1.1.</span> <span class='ocrx_word' id='word_1_657' title='bbox 3660 3477 3765 3533; x_wconf 88' lang='lat' dir='ltr'>His</span> 
     </span>
    </p>
   </div>
   <div class='ocr_carea' id='block_1_94' title="bbox 2109 3562 3760 3637">
    <p class='ocr_par' dir='ltr' id='par_1_94' title="bbox 2109 3562 3760 3637">
     <span class='ocr_line' id='line_1_94' title="bbox 2109 3562 3760 3637; baseline 0.005 -25"><span class='ocrx_word' id='word_1_658' title='bbox 2109 3562 2305 3613; x_wconf 88' lang='lat' dir='ltr'>tamen</span> <span class='ocrx_word' id='word_1_659' title='bbox 2344 3563 2496 3631; x_wconf 85' lang='lat' dir='ltr'>apud</span> <span class='ocrx_word' id='word_1_660' title='bbox 2534 3577 2624 3614; x_wconf 90' lang='lat' dir='ltr'>me</span> <span class='ocrx_word' id='word_1_661' title='bbox 2656 3562 2852 3617; x_wconf 89' lang='lat' dir='ltr'>obstat</span> <span class='ocrx_word' id='word_1_662' title='bbox 2884 3563 3139 3633; x_wconf 88' lang='lat' dir='ltr'>primum</span> <span class='ocrx_word' id='word_1_663' title='bbox 3169 3565 3321 3632; x_wconf 92' lang='lat' dir='ltr'>quod</span> <span class='ocrx_word' id='word_1_664' title='bbox 3354 3564 3413 3619; x_wconf 91' lang='lat' dir='ltr'>in</span> <span class='ocrx_word' id='word_1_665' title='bbox 3448 3565 3546 3620; x_wconf 92' lang='lat' dir='ltr'>illo</span> <span class='ocrx_word' id='word_1_666' title='bbox 3572 3566 3760 3637; x_wconf 90' lang='lat' dir='ltr'>justi-</span> 
     </span>
    </p>
   </div>
   <div class='ocr_carea' id='block_1_95' title="bbox 2112 3647 3763 3727">
    <p class='ocr_par' dir='ltr' id='par_1_95' title="bbox 2112 3647 3763 3727">
     <span class='ocr_line' id='line_1_95' title="bbox 2112 3647 3763 3727; baseline 0.006 -26"><span class='ocrx_word' id='word_1_667' title='bbox 2112 3649 2273 3702; x_wconf 90' lang='lat' dir='ltr'>niani</span> <span class='ocrx_word' id='word_1_668' title='bbox 2299 3648 2421 3703; x_wconf 88' lang='lat' dir='ltr'>loco</span> <span class='ocrx_word' id='word_1_669' title='bbox 2448 3650 2733 3720; x_wconf 86' lang='lat' dir='ltr'>particula</span> <span class='ocrx_word' id='word_1_670' title='bbox 2753 3647 2880 3719; x_wconf 69' lang='grc' dir='ltr'>ἤτιο</span> <span class='ocrx_word' id='word_1_671' title='bbox 2906 3669 3019 3706; x_wconf 89' lang='lat' dir='ltr'>non</span> <span class='ocrx_word' id='word_1_672' title='bbox 3045 3653 3382 3723; x_wconf 82' lang='lat' dir='ltr'>expositive,</span> <span class='ocrx_word' id='word_1_673' title='bbox 3409 3656 3507 3709; x_wconf 88' lang='lat' dir='ltr'>sed</span> <span class='ocrx_word' id='word_1_674' title='bbox 3533 3656 3763 3727; x_wconf 88' lang='lat' dir='ltr'>disjun-</span> 
     </span>
    </p>
   </div>
   <div class='ocr_carea' id='block_1_96' title="bbox 2113 3738 3766 3817">
    <p class='ocr_par' dir='ltr' id='par_1_96' title="bbox 2113 3738 3766 3817">
     <span class='ocr_line' id='line_1_96' title="bbox 2113 3738 3766 3817; baseline 0.006 -26"><span class='ocrx_word' id='word_1_675' title='bbox 2113 3738 2261 3793; x_wconf 89' lang='lat' dir='ltr'>ctive</span> <span class='ocrx_word' id='word_1_676' title='bbox 2295 3739 2474 3793; x_wconf 89' lang='lat' dir='ltr'>videri</span> <span class='ocrx_word' id='word_1_677' title='bbox 2508 3745 2698 3810; x_wconf 86' lang='lat' dir='ltr'>potest</span> <span class='ocrx_word' id='word_1_678' title='bbox 2727 3749 3031 3813; x_wconf 86' lang='lat' dir='ltr'>usurpata,</span> <span class='ocrx_word' id='word_1_679' title='bbox 3068 3748 3122 3797; x_wconf 88' lang='lat' dir='ltr'>et</span> <span class='ocrx_word' id='word_1_680' title='bbox 3153 3743 3236 3798; x_wconf 89' lang='lat' dir='ltr'>sic</span> <span class='ocrx_word' id='word_1_681' title='bbox 3268 3744 3625 3800; x_wconf 88' lang='lat' dir='ltr'>contrarium</span> <span class='ocrx_word' id='word_1_682' title='bbox 3660 3764 3766 3817; x_wconf 91' lang='lat' dir='ltr'>po-</span> 
     </span>
    </p>
   </div>
   <div class='ocr_carea' id='block_1_97' title="bbox 2112 3827 3764 3907">
    <p class='ocr_par' dir='ltr' id='par_1_97' title="bbox 2112 3827 3764 3907">
     <span class='ocr_line' id='line_1_97' title="bbox 2112 3827 3764 3907; baseline 0.005 -26"><span class='ocrx_word' id='word_1_683' title='bbox 2112 3827 2231 3881; x_wconf 90' lang='lat' dir='ltr'>tius</span> <span class='ocrx_word' id='word_1_684' title='bbox 2272 3828 2538 3883; x_wconf 87' lang='lat' dir='ltr'>ostendet</span> <span class='ocrx_word' id='word_1_685' title='bbox 2583 3847 2595 3883; x_wconf 87' lang='lat'><strong>:</strong></span> <span class='ocrx_word' id='word_1_686' title='bbox 2648 3847 2857 3901; x_wconf 90' lang='lat' dir='ltr'>nempe</span> <span class='ocrx_word' id='word_1_687' title='bbox 2905 3828 3097 3892; x_wconf 77' lang='grc' dir='ltr'>πόλεις</span> <span class='ocrx_word' id='word_1_688' title='bbox 3143 3837 3198 3887; x_wconf 89' lang='lat' dir='ltr'>et</span> <span class='ocrx_word' id='word_1_689' title='bbox 3245 3832 3447 3907; x_wconf 73' lang='grc' dir='ltr'>κάστρα</span> <span class='ocrx_word' id='word_1_690' title='bbox 3504 3834 3764 3890; x_wconf 88' lang='lat' dir='ltr'>diversas</span> 
     </span>
    </p>
   </div>
   <div class='ocr_carea' id='block_1_98' title="bbox 2115 3918 3767 3992">
    <p class='ocr_par' dir='ltr' id='par_1_98' title="bbox 2115 3918 3767 3992">
     <span class='ocr_line' id='line_1_98' title="bbox 2115 3918 3767 3992; baseline 0.006 -23"><span class='ocrx_word' id='word_1_691' title='bbox 2115 3933 2207 3971; x_wconf 87' lang='lat' dir='ltr'>res</span> <span class='ocrx_word' id='word_1_692' title='bbox 2241 3933 2387 3971; x_wconf 86' lang='lat' dir='ltr'>esse.</span> <span class='ocrx_word' id='word_1_693' title='bbox 2423 3918 2644 3973; x_wconf 91' lang='lat' dir='ltr'>Deinde</span> <span class='ocrx_word' id='word_1_694' title='bbox 2676 3920 2856 3989; x_wconf 90' lang='lat' dir='ltr'>quod,</span> <span class='ocrx_word' id='word_1_695' title='bbox 2892 3926 3192 3992; x_wconf 90' lang='lat' dir='ltr'>utcunque</span> <span class='ocrx_word' id='word_1_696' title='bbox 3226 3924 3371 3978; x_wconf 87' lang='lat' dir='ltr'>forte</span> <span class='ocrx_word' id='word_1_697' title='bbox 3415 3924 3669 3980; x_wconf 86' lang='lat' dir='ltr'>minores</span> <span class='ocrx_word' id='word_1_698' title='bbox 3709 3930 3767 3979; x_wconf 92' lang='lat' dir='ltr'>et</span> 
     </span>
    </p>
   </div>
   <div class='ocr_carea' id='block_1_99' title="bbox 2118 4007 3768 4084">
    <p class='ocr_par' dir='ltr' id='par_1_99' title="bbox 2118 4007 3768 4084">
     <span class='ocr_line' id='line_1_99' title="bbox 2118 4007 3768 4084; baseline 0.005 -24"><span class='ocrx_word' id='word_1_699' title='bbox 2118 4007 2444 4061; x_wconf 87' lang='lat' dir='ltr'>mediocres</span> <span class='ocrx_word' id='word_1_700' title='bbox 2476 4008 2652 4063; x_wconf 90' lang='lat' dir='ltr'>urbes</span> <span class='ocrx_word' id='word_1_701' title='bbox 2686 4014 3009 4064; x_wconf 88' lang='lat' dir='ltr'>castrorum</span> <span class='ocrx_word' id='word_1_702' title='bbox 3048 4012 3328 4066; x_wconf 85' lang='lat' dir='ltr'>vocabulo</span> <span class='ocrx_word' id='word_1_703' title='bbox 3361 4013 3677 4084; x_wconf 63' lang='lat' dir='ltr'>designatae</span> <span class='ocrx_word' id='word_1_704' title='bbox 3708 4015 3768 4069; x_wconf 89' lang='lat' dir='ltr'>in</span> 
     </span>
    </p>
   </div>
   <div class='ocr_carea' id='block_1_100' title="bbox 2116 4095 3773 4172">
    <p class='ocr_par' dir='ltr' id='par_1_100' title="bbox 2116 4095 3773 4172">
     <span class='ocr_line' id='line_1_100' title="bbox 2116 4095 3773 4172; baseline 0.003 -21"><span class='ocrx_word' id='word_1_705' title='bbox 2116 4097 2347 4151; x_wconf 89' lang='lat' dir='ltr'>terdum</span> <span class='ocrx_word' id='word_1_706' title='bbox 2385 4096 2617 4162; x_wconf 88' lang='lat' dir='ltr'>fuerint,</span> <span class='ocrx_word' id='word_1_707' title='bbox 2653 4095 2710 4150; x_wconf 89' lang='lat' dir='ltr'>id</span> <span class='ocrx_word' id='word_1_708' title='bbox 2746 4102 2941 4152; x_wconf 90' lang='lat' dir='ltr'>tamen</span> <span class='ocrx_word' id='word_1_709' title='bbox 2976 4116 3091 4153; x_wconf 92' lang='lat' dir='ltr'>non</span> <span class='ocrx_word' id='word_1_710' title='bbox 3113 4099 3341 4153; x_wconf 86' lang='lat' dir='ltr'>videtur</span> <span class='ocrx_word' id='word_1_711' title='bbox 3362 4101 3773 4172; x_wconf 81' lang='lat' dir='ltr'>fieripotuisse</span> 
     </span>
    </p>
   </div>
   <div class='ocr_carea' id='block_1_101' title="bbox 2120 4185 3771 4257">
    <p class='ocr_par' dir='ltr' id='par_1_101' title="bbox 2120 4185 3771 4257">
     <span class='ocr_line' id='line_1_101' title="bbox 2120 4185 3771 4257; baseline 0.002 -18"><span class='ocrx_word' id='word_1_712' title='bbox 2120 4185 2180 4239; x_wconf 91' lang='lat' dir='ltr'>in</span> <span class='ocrx_word' id='word_1_713' title='bbox 2212 4185 2398 4240; x_wconf 76' lang='lat' dir='ltr'>Nicaza</span> <span class='ocrx_word' id='word_1_714' title='bbox 2430 4186 2572 4240; x_wconf 90' lang='lat' dir='ltr'>urbe</span> <span class='ocrx_word' id='word_1_715' title='bbox 2598 4186 2873 4252; x_wconf 83' lang='lat' dir='ltr'>maxima,</span> <span class='ocrx_word' id='word_1_716' title='bbox 2900 4193 3129 4257; x_wconf 78' lang='lat' dir='ltr'>etquae,</span> <span class='ocrx_word' id='word_1_717' title='bbox 3157 4190 3295 4242; x_wconf 87' lang='lat' dir='ltr'>dum</span> <span class='ocrx_word' id='word_1_718' title='bbox 3327 4205 3359 4243; x_wconf 90' lang='lat' dir='ltr'>a</span> <span class='ocrx_word' id='word_1_719' title='bbox 3380 4190 3604 4244; x_wconf 89' lang='lat' dir='ltr'>Latinis</span> <span class='ocrx_word' id='word_1_720' title='bbox 3627 4190 3771 4243; x_wconf 82' lang='lat' dir='ltr'>Con-</span> 
     </span>
    </p>
   </div>
   <div class='ocr_carea' id='block_1_102' title="bbox 2122 4273 3773 4344">
    <p class='ocr_par' dir='ltr' id='par_1_102' title="bbox 2122 4273 3773 4344">
     <span class='ocr_line' id='line_1_102' title="bbox 2122 4273 3773 4344; baseline 0.002 -15"><span class='ocrx_word' id='word_1_721' title='bbox 2122 4273 2540 4344; x_wconf 88' lang='lat' dir='ltr'>stantinopolis</span> <span class='ocrx_word' id='word_1_722' title='bbox 2562 4276 2894 4343; x_wconf 88' lang='lat' dir='ltr'>tenebatur,</span> <span class='ocrx_word' id='word_1_723' title='bbox 2912 4276 3080 4330; x_wconf 87' lang='lat' dir='ltr'>sedes</span> <span class='ocrx_word' id='word_1_724' title='bbox 3103 4275 3416 4331; x_wconf 90' lang='lat' dir='ltr'>Orientalis</span> <span class='ocrx_word' id='word_1_725' title='bbox 3440 4277 3773 4333; x_wconf 57' lang='lat' dir='ltr'>Gracorum</span> 
     </span>
    </p>
   </div>
   <div class='ocr_carea' id='block_1_103' title="bbox 2124 4363 3778 4439">
    <p class='ocr_par' dir='ltr' id='par_1_103' title="bbox 2124 4363 3778 4439">
     <span class='ocr_line' id='line_1_103' title="bbox 2124 4363 3778 4439; baseline 0.003 -22"><span class='ocrx_word' id='word_1_726' title='bbox 2124 4363 2355 4434; x_wconf 87' lang='lat' dir='ltr'>imperii</span> <span class='ocrx_word' id='word_1_727' title='bbox 2390 4363 2585 4417; x_wconf 85' lang='lat' dir='ltr'>fuerit.</span> <span class='ocrx_word' id='word_1_728' title='bbox 2626 4364 2884 4435; x_wconf 89' lang='lat' dir='ltr'>Denique</span> <span class='ocrx_word' id='word_1_729' title='bbox 2919 4366 3074 4435; x_wconf 90' lang='lat' dir='ltr'>quod</span> <span class='ocrx_word' id='word_1_730' title='bbox 3111 4382 3243 4419; x_wconf 91' lang='lat' dir='ltr'>cum</span> <span class='ocrx_word' id='word_1_731' title='bbox 3283 4367 3617 4436; x_wconf 69' lang='lat' dir='ltr'>praecedens</span> <span class='ocrx_word' id='word_1_732' title='bbox 3651 4384 3778 4439; x_wconf 89' lang='lat' dir='ltr'>par-</span> 
     </span>
    </p>
   </div>
   <div class='ocr_carea' id='block_1_104' title="bbox 2127 4452 3778 4527">
    <p class='ocr_par' dir='ltr' id='par_1_104' title="bbox 2127 4452 3778 4527">
     <span class='ocr_line' id='line_1_104' title="bbox 2127 4452 3778 4527; baseline 0.003 -21"><span class='ocrx_word' id='word_1_733' title='bbox 2127 4452 2394 4524; x_wconf 89' lang='lat' dir='ltr'>ticipium</span> <span class='ocrx_word' id='word_1_734' title='bbox 2430 4452 2748 4527; x_wconf 75' lang='grc' dir='ltr'>ἀπαγαγών,</span> <span class='ocrx_word' id='word_1_735' title='bbox 2800 4454 3186 4509; x_wconf 89' lang='lat' dir='ltr'>indicativum</span> <span class='ocrx_word' id='word_1_736' title='bbox 3229 4456 3506 4526; x_wconf 65' lang='lat' dir='ltr'>praeteriti</span> <span class='ocrx_word' id='word_1_737' title='bbox 3551 4460 3778 4527; x_wconf 88' lang='lat' dir='ltr'>tempo-</span> 
     </span>
    </p>
   </div>
   <div class='ocr_carea' id='block_1_105' title="bbox 2130 4543 3777 4615">
    <p class='ocr_par' dir='ltr' id='par_1_105' title="bbox 2130 4543 3777 4615">
     <span class='ocr_line' id='line_1_105' title="bbox 2130 4543 3777 4615; baseline 0.002 -17"><span class='ocrx_word' id='word_1_738' title='bbox 2130 4544 2232 4612; x_wconf 89' lang='lat' dir='ltr'>ris,</span> <span class='ocrx_word' id='word_1_739' title='bbox 2288 4543 2579 4615; x_wconf 76' lang='lat' dir='ltr'>significet</span> <span class='ocrx_word' id='word_1_740' title='bbox 2614 4544 2775 4615; x_wconf 88' lang='lat' dir='ltr'>prius</span> <span class='ocrx_word' id='word_1_741' title='bbox 2828 4545 3115 4599; x_wconf 91' lang='lat' dir='ltr'>abductos</span> <span class='ocrx_word' id='word_1_742' title='bbox 3150 4544 3401 4600; x_wconf 71' lang='lat' dir='ltr'>Nicaeam</span> <span class='ocrx_word' id='word_1_743' title='bbox 3457 4546 3603 4601; x_wconf 91' lang='lat' dir='ltr'>duos</span> <span class='ocrx_word' id='word_1_744' title='bbox 3644 4545 3777 4601; x_wconf 90' lang='lat' dir='ltr'>illos</span> 
     </span>
    </p>
   </div>
   <div class='ocr_carea' id='block_1_106' title="bbox 2132 4634 3778 4704">
    <p class='ocr_par' dir='ltr' id='par_1_106' title="bbox 2132 4634 3778 4704">
     <span class='ocr_line' id='line_1_106' title="bbox 2132 4634 3778 4704; baseline 0.002 -19"><span class='ocrx_word' id='word_1_745' title='bbox 2132 4650 2309 4704; x_wconf 87' lang='lat' dir='ltr'>quam</span> <span class='ocrx_word' id='word_1_746' title='bbox 2343 4638 2796 4700; x_wconf 74' lang='lat' dir='ltr'>excrecarentur,</span> <span class='ocrx_word' id='word_1_747' title='bbox 2832 4634 2887 4688; x_wconf 92' lang='lat' dir='ltr'>id</span> <span class='ocrx_word' id='word_1_748' title='bbox 2926 4639 3157 4688; x_wconf 91' lang='lat' dir='ltr'>tantum</span> <span class='ocrx_word' id='word_1_749' title='bbox 3195 4636 3413 4689; x_wconf 79' lang='lat' dir='ltr'>factum</span> <span class='ocrx_word' id='word_1_750' title='bbox 3446 4635 3654 4691; x_wconf 86' lang='lat' dir='ltr'>debere</span> <span class='ocrx_word' id='word_1_751' title='bbox 3686 4635 3778 4689; x_wconf 82' lang='lat' dir='ltr'>vi-</span> 
     </span>
    </p>
   </div>
   <div class='ocr_carea' id='block_1_107' title="bbox 3541 4723 3775 4797">
    <p class='ocr_par' dir='ltr' id='par_1_107' title="bbox 3541 4723 3775 4797">
     <span class='ocr_line' id='line_1_107' title="bbox 3541 4723 3775 4797; baseline -0.004 -21"><span class='ocrx_word' id='word_1_752' title='bbox 3541 4723 3775 4797; x_wconf 78' lang='grc' dir='ltr'>κάστρον</span> 
     </span>
    </p>
   </div>
   <div class='ocr_carea' id='block_1_108' title="bbox 2130 4804 3779 4874">
    <p class='ocr_par' dir='ltr' id='par_1_108' title="bbox 2130 4804 3779 4874">
     <span class='ocr_line' id='line_1_108' title="bbox 2130 4804 3779 4874; baseline 0.001 -17"><span class='ocrx_word' id='word_1_753' title='bbox 2130 4809 2419 4874; x_wconf 71' lang='lat' dir='ltr'>perpetuae</span> <span class='ocrx_word' id='word_1_754' title='bbox 2443 4804 2722 4857; x_wconf 78' lang='lat' dir='ltr'>custodiae</span> <span class='ocrx_word' id='word_1_755' title='bbox 2744 4804 3003 4873; x_wconf 88' lang='lat' dir='ltr'>ipsorum</span> <span class='ocrx_word' id='word_1_756' title='bbox 3028 4804 3387 4859; x_wconf 89' lang='lat' dir='ltr'>destinatum</span> <span class='ocrx_word' id='word_1_757' title='bbox 3415 4804 3779 4859; x_wconf 87' lang='lat' dir='ltr'>includeren-</span> 
     </span>
    </p>
   </div>
   <div class='ocr_carea' id='block_1_109' title="bbox 2129 4892 3779 4961">
    <p class='ocr_par' dir='ltr' id='par_1_109' title="bbox 2129 4892 3779 4961">
     <span class='ocr_line' id='line_1_109' title="bbox 2129 4892 3779 4961; baseline 0.001 -15"><span class='ocrx_word' id='word_1_758' title='bbox 2129 4899 2244 4946; x_wconf 92' lang='lat' dir='ltr'>tur.</span> <span class='ocrx_word' id='word_1_759' title='bbox 2284 4898 2452 4947; x_wconf 80' lang='lat' dir='ltr'>Docet</span> <span class='ocrx_word' id='word_1_760' title='bbox 2484 4898 2678 4947; x_wconf 85' lang='lat' dir='ltr'>autem</span> <span class='ocrx_word' id='word_1_761' title='bbox 2706 4892 3073 4961; x_wconf 54' lang='lat' dir='ltr'>Nostergalibi</span> <span class='ocrx_word' id='word_1_762' title='bbox 3098 4893 3299 4947; x_wconf 65' lang='lat' dir='ltr'>Nicaeae</span> <span class='ocrx_word' id='word_1_763' title='bbox 3328 4892 3508 4947; x_wconf 87' lang='lat' dir='ltr'>fuisse</span> <span class='ocrx_word' id='word_1_764' title='bbox 3532 4894 3588 4946; x_wconf 94' lang='lat' dir='ltr'>in</span> <span class='ocrx_word' id='word_1_765' title='bbox 3626 4894 3779 4948; x_wconf 89' lang='lat' dir='ltr'>hunc</span> 
     </span>
    </p>
   </div>
   <div class='ocr_carea' id='block_1_110' title="bbox 2132 4981 3778 5053">
    <p class='ocr_par' dir='ltr' id='par_1_110' title="bbox 2132 4981 3778 5053">
     <span class='ocr_line' id='line_1_110' title="bbox 2132 4981 3778 5053; baseline 0.001 -17"><span class='ocrx_word' id='word_1_766' title='bbox 2132 4999 2302 5037; x_wconf 90' lang='lat' dir='ltr'>usum</span> <span class='ocrx_word' id='word_1_767' title='bbox 2332 4981 2634 5037; x_wconf 88' lang='lat' dir='ltr'>castellum</span> <span class='ocrx_word' id='word_1_768' title='bbox 2663 4983 2997 5035; x_wconf 87' lang='lat' dir='ltr'>contravim</span> <span class='ocrx_word' id='word_1_769' title='bbox 3028 4982 3344 5047; x_wconf 88' lang='lat' dir='ltr'>munitum,</span> <span class='ocrx_word' id='word_1_770' title='bbox 3372 4982 3643 5053; x_wconf 90' lang='lat' dir='ltr'>quodqui</span> <span class='ocrx_word' id='word_1_771' title='bbox 3668 4983 3778 5037; x_wconf 89' lang='lat' dir='ltr'>sub</span> 
     </span>
    </p>
   </div>
   <div class='ocr_carea' id='block_1_111' title="bbox 2131 5071 3781 5129">
    <p class='ocr_par' dir='ltr' id='par_1_111' title="bbox 2131 5071 3781 5129">
     <span class='ocr_line' id='line_1_111' title="bbox 2131 5071 3781 5129; baseline 0.002 -3"><span class='ocrx_word' id='word_1_772' title='bbox 2131 5073 2337 5126; x_wconf 89' lang='lat' dir='ltr'>issent.</span> <span class='ocrx_word' id='word_1_773' title='bbox 2394 5088 2588 5126; x_wconf 84' lang='lat' dir='ltr'>eorum</span> <span class='ocrx_word' id='word_1_774' title='bbox 2640 5072 2710 5124; x_wconf 88' lang='lat' dir='ltr'>de</span> <span class='ocrx_word' id='word_1_775' title='bbox 2762 5071 3107 5125; x_wconf 76' lang='lat' dir='ltr'>liberatione</span> <span class='ocrx_word' id='word_1_776' title='bbox 3156 5071 3240 5125; x_wconf 86' lang='lat' dir='ltr'>vel</span> <span class='ocrx_word' id='word_1_777' title='bbox 3293 5074 3533 5126; x_wconf 83' lang='lat' dir='ltr'>verbum</span> <span class='ocrx_word' id='word_1_778' title='bbox 3589 5073 3781 5129; x_wconf 89' lang='lat' dir='ltr'>dicere</span> 
     </span>
    </p>
   </div>
   <div class='ocr_carea' id='block_1_112' title="bbox 2132 5156 3783 5232">
    <p class='ocr_par' dir='ltr' id='par_1_112' title="bbox 2132 5156 3783 5232">
     <span class='ocr_line' id='line_1_112' title="bbox 2132 5156 3783 5232; baseline 0.002 -17"><span class='ocrx_word' id='word_1_779' title='bbox 2132 5161 2377 5231; x_wconf 84' lang='lat' dir='ltr'>capitale</span> <span class='ocrx_word' id='word_1_780' title='bbox 2410 5162 2577 5227; x_wconf 88' lang='lat' dir='ltr'>foret,</span> <span class='ocrx_word' id='word_1_781' title='bbox 2634 5162 2789 5215; x_wconf 91' lang='lat' dir='ltr'>unde</span> <span class='ocrx_word' id='word_1_782' title='bbox 2821 5159 3006 5232; x_wconf 72' lang='grc' dir='ltr'>εἱρκτὴ</span> <span class='ocrx_word' id='word_1_783' title='bbox 3043 5156 3220 5227; x_wconf 74' lang='grc' dir='ltr'>λήθης</span> <span class='ocrx_word' id='word_1_784' title='bbox 3255 5177 3445 5216; x_wconf 82' lang='lat' dir='ltr'>carcer</span> <span class='ocrx_word' id='word_1_785' title='bbox 3485 5162 3783 5218; x_wconf 68' lang='lat' dir='ltr'>oblivionis</span> 
     </span>
    </p>
   </div>
   <div class='ocr_carea' id='block_1_113' title="bbox 2130 5251 3786 5321">
    <p class='ocr_par' dir='ltr' id='par_1_113' title="bbox 2130 5251 3786 5321">
     <span class='ocr_line' id='line_1_113' title="bbox 2130 5251 3786 5321; baseline 0.002 -16"><span class='ocrx_word' id='word_1_786' title='bbox 2130 5251 2550 5315; x_wconf 80' lang='lat' dir='ltr'>vocabatur,ad</span> <span class='ocrx_word' id='word_1_787' title='bbox 2589 5266 2763 5321; x_wconf 83' lang='lat' dir='ltr'>quem</span> <span class='ocrx_word' id='word_1_788' title='bbox 2800 5266 2993 5304; x_wconf 86' lang='lat' dir='ltr'>vocem</span> <span class='ocrx_word' id='word_1_789' title='bbox 3030 5266 3158 5320; x_wconf 75' lang='lat' dir='ltr'>quae</span> <span class='ocrx_word' id='word_1_790' title='bbox 3192 5252 3605 5308; x_wconf 88' lang='lat' dir='ltr'>annotavimus</span> <span class='ocrx_word' id='word_1_791' title='bbox 3635 5253 3786 5321; x_wconf 90' lang='lat' dir='ltr'>vide,</span> 
     </span>
    </p>
   </div>
   <div class='ocr_carea' id='block_1_114' title="bbox 2134 5340 2601 5411">
    <p class='ocr_par' dir='ltr' id='par_1_114' title="bbox 2134 5340 2601 5411">
     <span class='ocr_line' id='line_1_114' title="bbox 2134 5340 2601 5411; baseline -0.004 -16"><span class='ocrx_word' id='word_1_792' title='bbox 2134 5340 2183 5395; x_wconf 90' lang='lat' dir='ltr'>si</span> <span class='ocrx_word' id='word_1_793' title='bbox 2216 5341 2360 5394; x_wconf 87' lang='lat' dir='ltr'>tanti</span> <span class='ocrx_word' id='word_1_794' title='bbox 2392 5345 2479 5395; x_wconf 90' lang='lat' dir='ltr'>est</span> <span class='ocrx_word' id='word_1_795' title='bbox 2509 5340 2601 5411; x_wconf 65' lang='lat'>(2).</span> 
     </span>
    </p>
   </div>
   <div class='ocr_carea' id='block_1_115' title="bbox 2207 5462 3780 5541">
    <p class='ocr_par' dir='ltr' id='par_1_115' title="bbox 2207 5462 3780 5541">
     <span class='ocr_line' id='line_1_115' title="bbox 2207 5462 3780 5541; baseline 0 -22"><span class='ocrx_word' id='word_1_796' title='bbox 2207 5462 2387 5520; x_wconf 77' lang='grc' dir='ltr'>Κέλλα</span> <span class='ocrx_word' id='word_1_797' title='bbox 2445 5484 2499 5536; x_wconf 91' lang='lat' dir='ltr'>p.</span> <span class='ocrx_word' id='word_1_798' title='bbox 2534 5464 2659 5519; x_wconf 79' lang='lat' dir='ltr'>2l5.</span> <span class='ocrx_word' id='word_1_799' title='bbox 2692 5465 2928 5523; x_wconf 82' lang='grc' dir='ltr'>Ἐκεῖνος</span> <span class='ocrx_word' id='word_1_800' title='bbox 2988 5464 3039 5536; x_wconf 82' lang='grc' dir='ltr'>(ὁ</span> <span class='ocrx_word' id='word_1_801' title='bbox 3070 5463 3443 5541; x_wconf 72' lang='grc' dir='ltr'>πατριάρχης)</span> <span class='ocrx_word' id='word_1_802' title='bbox 3504 5467 3780 5540; x_wconf 81' lang='grc' dir='ltr'>Ἀρσὲνιος</span> 
     </span>
    </p>
   </div>
   <div class='ocr_carea' id='block_1_116' title="bbox 2136 5550 3784 5627">
    <p class='ocr_par' dir='ltr' id='par_1_116' title="bbox 2136 5550 3784 5627">
     <span class='ocr_line' id='line_1_116' title="bbox 2136 5550 3784 5627; baseline -0.007 -18"><span class='ocrx_word' id='word_1_803' title='bbox 2136 5553 2289 5618; x_wconf 71' lang='grc' dir='ltr'>εὐθὺς</span> <span class='ocrx_word' id='word_1_804' title='bbox 2339 5555 2436 5624; x_wconf 75' lang='grc' dir='ltr'>τήν</span> <span class='ocrx_word' id='word_1_805' title='bbox 2487 5551 2688 5607; x_wconf 81' lang='grc' dir='ltr'>κέλλαν</span> <span class='ocrx_word' id='word_1_806' title='bbox 2759 5550 3155 5625; x_wconf 81' lang='grc' dir='ltr'>ὑποδυόμενος.</span> <span class='ocrx_word' id='word_1_807' title='bbox 3208 5556 3364 5612; x_wconf 69' lang='lat' dir='ltr'>Cella</span> <span class='ocrx_word' id='word_1_808' title='bbox 3430 5574 3561 5627; x_wconf 65' lang='lat' dir='ltr'>ergo</span> <span class='ocrx_word' id='word_1_809' title='bbox 3619 5557 3784 5611; x_wconf 76' lang='lat' dir='ltr'>cubi-</span> 
     </span>
    </p>
   </div>
   <div class='ocr_carea' id='block_1_117' title="bbox 2136 5645 3785 5717">
    <p class='ocr_par' dir='ltr' id='par_1_117' title="bbox 2136 5645 3785 5717">
     <span class='ocr_line' id='line_1_117' title="bbox 2136 5645 3785 5717; baseline -0.001 -14"><span class='ocrx_word' id='word_1_810' title='bbox 2136 5647 2336 5703; x_wconf 87' lang='lat' dir='ltr'>culum</span> <span class='ocrx_word' id='word_1_811' title='bbox 2370 5645 2585 5700; x_wconf 86' lang='lat' dir='ltr'>dicitur</span> <span class='ocrx_word' id='word_1_812' title='bbox 2618 5662 2732 5700; x_wconf 90' lang='lat' dir='ltr'>non</span> <span class='ocrx_word' id='word_1_813' title='bbox 2768 5646 3197 5703; x_wconf 88' lang='lat' dir='ltr'>monachorum</span> <span class='ocrx_word' id='word_1_814' title='bbox 3233 5647 3449 5717; x_wconf 89' lang='lat' dir='ltr'>solum,</span> <span class='ocrx_word' id='word_1_815' title='bbox 3472 5648 3574 5704; x_wconf 86' lang='lat' dir='ltr'>sed</span> <span class='ocrx_word' id='word_1_816' title='bbox 3593 5652 3650 5704; x_wconf 88' lang='lat' dir='ltr'>et</span> <span class='ocrx_word' id='word_1_817' title='bbox 3672 5646 3785 5705; x_wconf 86' lang='lat' dir='ltr'>alie</span> 
     </span>
    </p>
   </div>
   <div class='ocr_carea' id='block_1_118' title="bbox 2212 5823 3232 5902">
    <p class='ocr_par' dir='ltr' id='par_1_118' title="bbox 2212 5823 3232 5902">
     <span class='ocr_line' id='line_1_118' title="bbox 2212 5823 3232 5902; baseline -0.001 -21"><span class='ocrx_word' id='word_1_818' title='bbox 2212 5827 2288 5902; x_wconf 79' lang='grc'>(2)</span> <span class='ocrx_word' id='word_1_819' title='bbox 2318 5824 2381 5884; x_wconf 91' lang='lat' dir='ltr'>Cl</span> <span class='ocrx_word' id='word_1_820' title='bbox 2411 5823 2671 5884; x_wconf 83' lang='lat' dir='ltr'>Glossar.</span> <span class='ocrx_word' id='word_1_821' title='bbox 2703 5823 2869 5883; x_wconf 88' lang='lat' dir='ltr'>alter.</span> <span class='ocrx_word' id='word_1_822' title='bbox 2901 5842 2955 5883; x_wconf 92' lang='lat' dir='ltr'>v.</span> <span class='ocrx_word' id='word_1_823' title='bbox 2987 5824 3232 5901; x_wconf 74' lang='grc' dir='ltr'>Κάπρον</span> 
     </span>
    </p>
   </div>
   <div class='ocr_carea' id='block_1_119' title="bbox 3422 5947 3498 6006">
    <p class='ocr_par' dir='ltr' id='par_1_119' title="bbox 3422 5947 3498 6006">
     <span class='ocr_line' id='line_1_119' title="bbox 3422 5947 3498 6006; baseline -0.013 0"><span class='ocrx_word' id='word_1_824' title='bbox 3422 5947 3498 6006; x_wconf 85' lang='grc'>33</span> 
     </span>
    </p>
   </div>
  </div>
