4072 6394
311 429 452 487 1037

1787 431 2268 487 GLOSSARIUM.

3606 434 3752 494 1038

311 554 617 631 proprium
652 553 710 610 id
745 569 958 610 nomen
989 555 1217 625 putem,
1251 552 1451 609 obstat
1482 569 1806 609 numerus:
1838 570 1976 609 nam

2113 571 2200 609 sua
2221 553 2384 628 loqui
2416 555 2522 609 ἀπὸ
2567 553 2783 619 κοιλίας
2831 559 3050 632 φωνεῖν,
3103 556 3477 628 proverbiali,
3519 558 3755 631 opinor,

305 665 432 718 quae
465 645 612 701 ratio
656 643 878 716 patitur
925 649 989 698 ut
1023 642 1195 698 multi
1227 644 1467 698 nomine
1499 661 1616 699 uno
1649 642 1808 699 velut
1839 660 1972 715 pro-

310 737 437 810 prio
470 735 591 791 sint
616 733 739 790 usi?
771 751 842 790 an
878 733 1198 806 peculiaris
1243 735 1513 805 quaedam
1551 733 1975 789 monachorum

311 824 595 882 soladilas
630 823 739 878 hoc
763 821 1048 878 vocabulo
1093 823 1403 895 designata
1433 828 1541 894 est,
1577 825 1660 878 sic
1693 823 1840 879 forte
1870 841 1977 894 ap-

314 915 667 989 pellatorum
709 931 743 969 a
785 913 977 968 colore
1024 914 1202 969 vestis
1252 913 1589 969 coccineum
1634 914 1976 984 praeferente

316 1003 669 1078 quippiam?
717 1003 778 1058 Id
833 1003 1072 1074 quidem
1127 1003 1521 1074 suspicabar;
1582 1009 1638 1058 et
1697 1003 1978 1058 fulciebat

316 1097 713 1166 conjecturam
744 1093 900 1163 quod
933 1093 1133 1147 statim
1162 1093 1566 1164 subjungitur,
1585 1092 1853 1148 fortassis
1876 1109 1972 1147 ex-

315 1185 564 1259 positive
594 1182 682 1236 καὶ
718 1181 844 1244 τοὺς
874 1181 991 1235 κατ’
1038 1180 1264 1250 ἐκεῖνον,
1307 1183 1462 1253 quod
1511 1183 1643 1238 licet
1691 1182 1975 1253 interpre-

318 1275 427 1331 tari
474 1282 524 1328 et
573 1289 662 1328 eos
708 1274 806 1343 qui
845 1271 994 1326 circa
1043 1271 1231 1338 illum,
1282 1288 1493 1344 nempe
1540 1272 1976 1342 imperatorem,

320 1367 507 1420 erant.
533 1362 658 1418 Non
702 1361 908 1432 paucis
940 1361 1120 1432 hujus
1153 1361 1410 1416 historiae
1441 1361 1606 1427 locis,
1653 1361 1977 1432 praesertim

319 1451 614 1525 capitibus
645 1452 680 1503 2
709 1455 766 1506 et
799 1450 864 1504 18
897 1449 1034 1505 libri
1065 1467 1139 1518 v1,
1174 1449 1339 1504 video
1374 1449 1618 1504 indicari
1645 1449 1974 1519 Josephum

318 1548 452 1600 ante
503 1539 965 1614 patriarchatum
1018 1539 1211 1594 adhuc
1277 1539 1630 1595 monachum
1680 1540 1979 1594 assiduum

317 1634 503 1689 fuisse
531 1633 686 1704 apud
720 1630 1442 1701 imperatorem,adeoque
1477 1629 1630 1684 574
1653 1633 1808 1700 quod
1842 1628 1979 1682 hinc

319 1724 606 1796 sequitur,
642 1721 700 1776 in
733 1719 950 1792 palatio
984 1719 1585 1790 diversatum,utique
1613 1737 1726 1774 non
1751 1718 1974 1773 solum:

324 1833 460 1871 nam
494 1819 551 1870 et
580 1813 662 1868 illi
697 1812 1014 1867 udhzcsisse
1049 1812 1140 1866 sui
1173 1811 1431 1866 instituti
1454 1811 1699 1866 comites
1724 1826 1978 1882 pronum

324 1910 415 1961 est
441 1903 688 1971 creditu,
720 1906 778 1956 et
805 1901 1082 1956 fratribus
1115 1905 1214 1955 aut
1243 1899 1381 1955 filiis
1414 1899 1786 1972 imperatoris
1832 1897 1978 1953 alios

329 1992 650 2050 monachos
681 1989 938 2046 similem
970 2006 1208 2061 operam
1242 2005 1487 2044 navasse
1505 2006 1619 2044 non
1635 1993 1726 2043 est
1765 1987 1982 2043 inveri-

329 2081 539 2141 simile.
574 2080 721 2144 Quid
757 2079 806 2134 si
837 2078 1149 2151 opinemur
1178 2078 1281 2134 hos
1306 2079 1467 2150 quasi
1513 2077 1806 2150 palatinos
1853 2093 1976 2131 mo-

329 2173 570 2238 nachos,
606 2171 780 2227 etiam
817 2173 879 2224 ut
910 2173 1150 2224 caeteros
1182 2169 1394 2224 domus
1433 2167 1603 2240 regias
1656 2166 1983 2232 ministros,

324 2265 575 2318 vestitus
597 2259 917 2330 aliquando
950 2275 1164 2330 genere
1191 2263 1293 2314 aut
1323 2257 1514 2314 colore
1550 2273 1584 2316 a
1614 2255 1840 2311 ceteris
1870 2255 1984 2309 dis-

329 2357 541 2418 cretos,
563 2347 797 2409 κόκκους
825 2345 1105 2422 μοναχούς
1126 2353 1388 2414 vocatos,
1413 2347 1658 2403 forsitan
1692 2346 1847 2417 quod
1865 2361 1990 2399 coc-

328 2443 561 2499 cineum
586 2439 809 2511 aliquid
841 2437 1190 2511 gestarent?
1221 2438 1339 2508 Ego
1373 2441 1570 2492 tamen
1602 2433 1808 2509 ἐπέχω,
1852 2435 1986 2505 plus

328 2532 482 2588 lucis
514 2530 574 2585 in
606 2530 717 2584 bac
747 2528 1002 2600 caligine
1049 2526 1347 2596 alicunde,
1395 2527 1444 2582 si
1489 2527 1636 2582 forte
1684 2524 1988 2596 effulgent,

331 2620 646 2695 opperiens
676 2619 775 2691 (1).

408 2703 652 2765 Κόλυϐα.
715 2709 778 2764 L.
841 2725 898 2763 Vl
947 2706 1155 2762 titulus
1198 2722 1250 2762 c.
1286 2706 1351 2761 12
1381 2706 1466 2761 sic
1506 2705 1702 2776 habet,
1736 2706 1990 2776 't‘a'cop-

334 2795 503 2855 ϐάντα
550 2799 867 2872 πατριάρχῃ
919 2793 1008 2850 διὰ
1051 2796 1149 2864 τὴν
1200 2799 1307 2849 τῶν
1353 2789 1606 2850 κολύϐων
1653 2793 1988 2863 ἀποστολήν.

336 2889 656 2946 Vaticanus
685 2880 984 2958 κολύμϐων
1003 2886 1159 2956 legit;
1184 2885 1323 2956 quid
1344 2886 1584 2956 quidem
1611 2885 1857 2940 hocloco
1876 2899 1988 2938 non

339 2980 678 3036 describens
709 2981 1031 3043 auctorem,
1050 2977 1148 3031 sed
1186 2991 1343 3030 more
1365 2975 1794 3046 suojliberrime
1815 2993 1985 3048 παρα-

344 3068 581 3146 φράζων,
617 3068 700 3122 sic
745 3065 992 3121 scribit:
1027 3063 1113 3116 Ἐν
1163 3067 1280 3124 τοῖς
1326 3061 1660 3134 ἐκπώμασιν,
1720 3064 1834 3115 οἷον
1883 3061 1990 3115 τῶν

339 3154 564 3232 χαλκῶν
623 3154 887 3223 πινάκῶν,
940 3149 993 3206 αἳ
1048 3153 1138 3207 τὸν
1188 3151 1347 3228 ἑφθὸν
1397 3157 1544 3206 σῖτον
1597 3153 1870 3230 φέρουσιν,
1921 3152 1994 3213 ὡς

336 3247 675 3321 (legendum
709 3250 851 3317 puto
874 3242 957 3317 ὅν)
987 3245 1021 3312 ἡ
1057 3243 1294 3314 συνήθης
1325 3241 1546 3318 γλῶττα
1586 3238 1844 3316 κόλυμῦα
1897 3240 1992 3297 λέ-

2087 645 2342 699 formula
2374 662 2442 700 ex
2494 647 2564 701 iis
2597 648 2771 702 ducta
2817 664 2996 702 sacrae
3051 646 3370 717 Scripturae
3421 646 3566 703 locis
3617 664 3747 719 quas

2085 735 2573 806 Pythonissarum
2625 736 2942 792 mulierum
3019 736 3494 808 ventiloquarum
3536 737 3744 792 memi-

2088 834 2302 880 nerunt
2346 836 2473 884 Act.
2507 846 2620 892 xvr,
2659 829 2746 895 16,
2780 835 2836 883 et
2871 829 2890 883 Ι
2925 829 3063 899 Reg.
3116 846 3317 897 xxvm,
3373 828 3470 884 ubi
3533 847 3636 901 pro
3679 847 3746 885 eo

2087 917 2239 986 quod
2279 917 2549 989 vulgatus
2583 918 2780 981 habet,
2811 936 2862 974 ν.
2896 921 2967 973 3:
3001 920 3138 973 δαιιὶ
3188 920 3420 974 abstulit
3469 935 3655 992 magos
3703 927 3755 975 et

2086 1007 2288 1061 amotos
2345 1008 2410 1063 de
2461 1017 2629 1074 terra,
2680 1009 2826 1063 LXX
2867 1009 3068 1079 legunt
3116 1006 3370 1082 Περιεῖλο
3419 1007 3547 1070 τοὺς
3605 1006 3753 1083 ἔγγαια

2089 1094 2443 1168 στριμύθους,
2502 1099 2730 1152 sustulit
2762 1098 3154 1168 ventriloquos,
3191 1099 3258 1152 Et
3284 1097 3362 1153 ib.
3387 1114 3439 1153 v.
3470 1099 3524 1152 7.
3569 1098 3754 1153 Dixit-

2091 1201 2193 1255 que
2222 1183 2358 1240 Sani
2379 1190 2553 1241 servis
2582 1186 2697 1241 suis
2721 1205 2739 1241 .·
2761 1188 2999 1254 Quaerite
3024 1187 3166 1240 mihi
3202 1187 3492 1242 mulierem
3543 1187 3744 1241 haben-

2091 1285 2194 1330 tem
2251 1277 2568 1346 Pythonem.
2643 1275 2800 1343 LXX,
2870 1273 3252 1346 Ζητήσατέμοι
3319 1278 3548 1350 γυναῖκα
3594 1273 3752 1350 ἐγγα-

2091 1361 2411 1438 στρίμυθον.
2463 1365 2720 1436 Spiritus
2775 1364 2968 1419 malus
3020 1365 3117 1435 qui
3170 1365 3394 1436 Phyton
3426 1366 3749 1420 vocabatur

2092 1453 2330 1509 nomine
2365 1455 2540 1510 ducto
2573 1472 2607 1510 a
2657 1455 2852 1510 Graeco
2902 1455 3075 1509 verbo
3120 1453 3382 1515 πυθέσθαι
3433 1471 3504 1509 ex
3553 1454 3749 1516 πυνθᾶ-

2059 1554 2292 1612 ,νεσθαι,
2328 1547 2484 1616 quod
2537 1562 2820 1616 responsa
2879 1545 3128 1611 cederet,
3163 1543 3419 1599 Hebrais
3467 1544 3593 1599 loco
3625 1544 3749 1612 illo,

2091 1650 2140 1688 c.
2188 1651 2326 1688 xvm
2380 1635 2515 1689 libri
2566 1635 2584 1688 Ι
2640 1633 2929 1689 Samuelis
2963 1635 3112 1690 575
3150 1638 3390 1687 vocatur
3415 1634 3602 1688 Imbres
3633 1634 3750 1695 0b;

2090 1740 2217 1794 quae
2275 1741 2384 1778 vox
2430 1723 2563 1778 libri
2598 1723 2710 1778 Job
2761 1740 2811 1777 c.
2857 1739 3010 1778 xxxu
3062 1723 3152 1792 20,
3207 1727 3398 1776 utrem
3451 1723 3748 1792 signiﬁcat

2091 1814 2229 1882 quia
2259 1814 2483 1867 scilicet
2514 1814 2739 1868 daemon
2769 1813 2880 1868 iste
2927 1811 3222 1867 insidebat
3279 1818 3538 1865 ventrem
3581 1812 3743 1864 fana-

2088 1902 2336 1956 ticarum
2370 1902 2639 1966 istarum,
2674 1919 2744 1957 ex
2775 1917 2960 1972 eoque
2992 1901 3050 1955 in
3085 1903 3326 1956 modum
3361 1901 3509 1955 utris
3540 1900 3743 1956 inﬂato

2090 2008 2258 2046 voces
2289 1992 2614 2056 emittebat,
2651 2007 2799 2061 quas
2831 1989 2992 2045 stulti
3028 1990 3404 2045 consulentes
3455 2005 3558 2061 pro
3608 2006 3739 2044 ora-

2093 2081 2265 2135 cullis
2296 2081 2612 2136 habebant.
2646 2081 2792 2136 Hinc
2824 2097 2950 2152 quae
2981 2079 3115 2150 quis
3148 2079 3384 2151 rpoprio
3415 2096 3592 2135 sensu
3615 2081 3745 2135 sine

2096 2170 2387 2239 majorum
2439 2166 2788 2224 auctoritate
2834 2169 3176 2224 affirmaret.
3234 2167 3339 2220 ἀπὸ
3385 2164 3606 2229 κοιλίας
3636 2188 3752 2245 φω-

2092 2261 2197 2311 νεῖν
2229 2259 2569 2330 Pacliymeri
2603 2258 2784 2312 dicitu
2797 2275 2840 2312 r.

2169 2342 2363 2401 Κοινόν
2417 2366 2470 2419 p.
2526 2349 2651 2401 280.
2710 2346 2836 2400 Ὑπὸ
2893 2343 3053 2418 τὸμῳ
3080 2349 3251 2418 κοίνῷ
3281 2343 3552 2422 γεγονόιι.
3597 2347 3749 2403 Cave

2097 2442 2267 2510 putes
2317 2435 2491 2506 κοινῷ
2538 2438 2884 2507 adjunctum
2934 2435 3028 2491 bic
3068 2451 3200 2490 esse
3263 2437 3523 2492 nominis
3567 2435 3747 2508 τόμῳ.

2096 2529 2200 2583 Est
2238 2526 2395 2582 enim
2439 2525 2618 2578 κοινόν
2672 2530 2947 2579 neutrum
2999 2525 3458 2594 substantivum,
3529 2531 3746 2581 emtum

2099 2633 2473 2673 communem
2508 2621 2564 2670 et
2582 2632 2793 2686 corpus
2827 2614 3166 2670 universum
3207 2613 3750 2688 Constantinopoli-

2099 2707 2222 2762 tani
2256 2705 2427 2760 celeri
2461 2705 2521 2760 in
2556 2722 2737 2760 unum
2775 2709 3198 2776 congregatum
3241 2705 3609 2777 signiﬁcans,
3643 2720 3749 2760 no-

2101 2797 2259 2852 tione
2290 2795 2552 2867 antiquis
2574 2794 2749 2850 etiam
2784 2794 3023 2849 usitata.
3055 2795 3204 2858 Quid
3240 2796 3318 2850 sit
3365 2801 3560 2850 autem
3594 2794 3751 2850 hunc

2103 2891 2454 2942 conventum
2504 2885 2707 2940 haberi
2751 2881 2908 2956 τόμῳ
2945 2885 3044 2938 sub
3095 2889 3263 2955 temo,
3313 2885 3543 2940 dicetur
3574 2884 3750 2939 verbo

2101 2970 2294 3047 τόμος.
2327 2976 2468 3030 Vide
2499 2975 2675 3030 etiam
2707 2975 2950 3029 verbum
2980 2971 3318 3051 ὑποψήφιος.

2178 3061 2509 3124 Κοινωνικός
2573 3081 2628 3135 p.
2687 3065 2791 3118 378
2840 3062 3176 3124 Κοινωνικὸς
3229 3059 3286 3116 δὲ
3343 3083 3475 3137 elavi
3518 3065 3588 3136 τῇ
3628 3063 3753 3118 Ἐκ-

2101 3152 2325 3224 κλησίᾳ.
2359 3154 2452 3208 Sic
2485 3153 2731 3223 loquens
2792 3152 3016 3208 Veccus
3059 3170 3173 3208 non
3221 3170 3288 3208 ea
3337 3153 3754 3208 communione

2105 3261 2168 3300 se
2200 3245 2579 3314 conjunctum
2611 3241 2880 3297 Ecclesiae
2921 3241 3082 3313 dicit,
3135 3261 3248 3314 qua
3297 3243 3544 3313 quilibet
3589 3240 3752 3296 Chri-

332 3357 418 3412 γιι
451 3337 597 3393 Hinc
645 3336 935 3391 habemus
977 3331 1136 3407 ἑφθὸν
1186 3337 1333 3387 σῖτον
1385 3335 1586 3406 lingua
1633 3336 1830 3390 Graeca
1869 3334 1990 3390 vul-
2022 3311 2068 3378 (ἶ
2107 3333 2358 3400 stianus,
2385 3332 2560 3386 etiam
2592 3331 2800 3398 laicus,
2830 3333 2880 3388 ei
2931 3333 3210 3400 adhaeret,
3260 3333 3359 3387 sed
3418 3331 3531 3387 alia
3577 3347 3752 3403 pecu-

333 3427 460 3500 gari
511 3419 772 3498 κόλυμϐα
824 3425 1071 3480 dictum.
1121 3425 1234 3479 Sed
1289 3423 1492 3480 multis
1570 3425 1988 3496 experimentis

335 3521 636 3589 comperta
670 3514 812 3570 mihi
837 3514 1018 3585 hujus
1050 3513 1452 3585 paraphrastaa
1475 3513 1989 3585 indiligentia,non

341 3607 490 3663 satis
530 3605 616 3660 illi
674 3605 854 3659 fidere
903 3619 1167 3676 possum,
1203 3607 1269 3658 ut
1291 3602 1549 3660 auctoris
1583 3604 1773 3674 ipsius
1805 3603 1989 3658 nostri

340 3697 576 3753 duobus
625 3693 1058 3766 exemplaribus
1107 3692 1342 3764 optimis
1393 3693 1430 3746 Β
1485 3697 1541 3746 et
1585 3695 1630 3747 A
1687 3693 1990 3763 probatam

345 3778 658 3834 leCIionem
691 3777 870 3845 hujus
903 3774 1300 3830 vocabulinon
1322 3775 1633 3844 proteram,
1665 3775 1991 3846 praesertim

353 3885 487 3924 cum
513 3866 564 3923 ei
602 3865 792 3938 palam
819 3865 1177 3935 suffragetur
1195 3863 1422 3918 Suidas.
1457 3863 1602 3934 Lego
1634 3859 1996 3934 igitur-40M-

350 3951 486 4025 ϐων,
521 3973 638 4012 non
669 3947 991 4026 κολύμϐων,
1039 3957 1095 4008 et
1140 3970 1276 4008 voce
1306 3946 1520 4005 κόλυϐα
1567 3952 1851 4023 intelligo,
1912 3952 1996 4007 sic

358 4048 604 4103 docente
634 4045 834 4101 Suida.
898 4045 1044 4096 σῖτον
1093 4040 1316 4116 ἑψητόν,
1365 4043 1709 4116 frumentum
1766 4045 1995 4096 coctum.

353 4137 743 4209 Pachymeres
780 4134 838 4189 in
899 4134 1006 4189 hoc
1031 4150 1078 4188 c.
1138 4137 1284 4186 σῖτον
1320 4129 1476 4208 ἑφθόν
1511 4135 1692 4199 vocat,
1727 4131 1904 4203 idem,
1940 4132 1999 4186 ni

359 4226 549 4296 fallor,
587 4225 736 4296 quod
769 4223 996 4294 antiqui
1033 4222 1244 4278 molam
1271 4223 1577 4290 vocabant,
1603 4222 1772 4276 farris
1793 4239 2002 4293 nempe

359 4316 545 4372 moliti
582 4315 830 4370 farinam
854 4313 1112 4386 inspergi
1145 4313 1357 4368 hostiis
1397 4311 1652 4367 solitam.
1701 4312 2006 4384 Signiﬁcat

357 4422 496 4479 ergo
528 4403 808 4461 biclocus
837 4403 1083 4459 solitum
1116 4407 1255 4458 tunc
1287 4401 1789 4472 Constantinopoli
1827 4402 2008 4457 fuisse

354 4498 420 4552 in
446 4498 592 4552 festo
627 4497 995 4568 Hypapantes
1023 4494 1215 4550 offerri
1269 4492 1608 4565 patriarchae
1654 4493 1837 4548 sacris
1869 4510 2006 4566 cpe-

359 4585 516 4642 ranti
549 4585 782 4658 patinas
809 4583 1011 4657 plenas
1055 4582 1167 4638 isto
1210 4583 1362 4638 farre
1394 4586 1564 4650 tosto,
1621 4583 1838 4656 quibus
1875 4599 2009 4638 cum

2102 3423 2254 3492 liari,
2280 3423 2673 3494 ascriptorum
2707 3422 2860 3476 clero
2885 3421 3143 3493 propria,
3176 3425 3232 3476 et
3250 3421 3634 3493 proventibus
3658 3436 3751 3475 ec-

2102 3513 2455 3568 clesiasticis
2487 3529 2552 3566 eo
2583 3513 2819 3568 nomine
2847 3512 3349 3583 participantium.
3399 3513 3520 3577 Quo
3572 3509 3750 3583 perti-

2102 3607 2244 3657 nent
2274 3601 2582 3672 sliperiora
2608 3601 2700 3654 his
2733 3600 3010 3673 contigua
3050 3599 3498 3671 ejusdemVecci
3530 3601 3746 3654 verba:

2103 3689 2271 3754 Αὐτὸς
2319 3691 2421 3764 γὰρ
2454 3685 2677 3761 ἕτοιμος
2711 3691 2844 3744 εἶναι
2898 3690 2987 3744 καὶ
3020 3689 3272 3767 ὀφφῖκιον
3320 3690 3612 3752 ἀποθέσθαι
3661 3686 3753 3742 καὶ

2101 3785 2272 3833 πᾶσαν
2324 3778 2536 3852 ἀφεῖναι
2587 3780 2684 3846 τὴν
2736 3779 2874 3854 πρὸς
2925 3777 3084 3833 αὐτὸν
3159 3776 3449 3854 πρόσοδον,
3510 3779 3758 3834 Videtur

2103 3869 2324 3940 aliquid
2360 3868 2532 3922 hodie
2565 3868 2758 3923 simile
2809 3870 2866 3924 in
2919 3887 3031 3924 usu
3084 3872 3257 3925 curia
3300 3871 3598 3936 Romana,
3651 3868 3751 3923 ubi

2135 3957 2343 4014 notarii
2379 3957 2618 4028 quidam
2656 3957 2962 4028 apostolici
2991 3959 3398 4030 participantes
3449 3960 3752 4022 dicuntur,

2107 4065 2235 4119 quae
2293 4064 2398 4100 vox
2449 4050 2798 4108 κοινιυνικοῖς
2849 4049 3183 4118 respondet,
3245 4049 3315 4103 ad
3367 4047 3756 4102 differentiam

2110 4137 2381 4194 aliorum.

2183 4223 2582 4286 Κονοσταῦλος.
2637 4226 2730 4280 Sic
2789 4225 2993 4280 scribit
3050 4225 3269 4297 passim
3339 4225 3449 4281 hoc
3506 4226 3763 4282 vocabu-

2115 4317 2235 4372 lum
2286 4316 2701 4388 Hacbyrueres,
2747 4315 3310 4387 pronuntiationem,
3364 4322 3427 4371 ut
3503 4320 3765 4388 apparet.

2119 4408 2500 4473 Francorum,
2535 4424 2566 4460 a
2597 4406 2816 4477 quibus
2847 4405 2904 4460 id
2943 4422 3155 4461 nomen
3207 4405 3393 4461 Graeci
3438 4422 3768 4477 sumpsere,

2121 4496 2392 4568 proprius
2419 4495 2763 4551 asseclatus.
2790 4495 2878 4550 Illi
2908 4494 3387 4552 enimcowestable
3408 4495 3559 4550 banc
3581 4495 3770 4566 digni—

2122 4589 2302 4639 tatem
2337 4589 2564 4639 vocant.
2603 4585 2669 4638 Et
2701 4583 2806 4653 sic,
2843 4588 2904 4638 ut
2936 4601 2998 4639 es
3030 4584 3330 4652 credibile,
3372 4587 3512 4640 tunc
3536 4583 3777 4655 'quoque

357 4677 506 4731 bene
539 4679 810 4748 precatus
847 4671 1098 4730 solemni
1159 4671 1565 4728 benedictione
1603 4672 1812 4726 fuisset
1864 4673 2011 4727 anti-
2043 4695 2092 4757 υ
2127 4691 2224 4746 per
2272 4675 2590 4739 Orientem,
2626 4673 2723 4727 ubi
2761 4672 2932 4727 multi
2955 4674 3357 4742 versabantur,
3381 4672 3778 4745 proferebant.

361 4771 509 4835 stes,
543 4781 622 4820 eaa
654 4769 721 4819 ut
751 4780 920 4819 sacra
953 4761 1840 4833 apophoretadistribuebantur
1875 4779 2015 4833 prae-

366 4854 664 4920 sentibus,
698 4859 756 4908 et
787 4869 904 4908 una
935 4868 1135 4906 earum
1172 4851 1520 4905 mittebatur
1549 4851 1618 4904 ad
1662 4855 2019 4921 Augustum,

366 4961 550 5016 quam
585 4959 714 4998 mos
744 4946 870 4997 erat
898 4941 948 4996 ei
983 4940 1288 5012 prandenti
1317 4939 1509 4994 olferri
1557 4941 1669 4994 sub
1701 4941 2019 4994 secundam

365 5049 636 5090 mensam
693 5033 852 5087 inter
907 5030 1172 5086 bellaria.
1227 5034 1345 5085 Hoc
1395 5035 1609 5084 sonant
1668 5029 1790 5083 haec
1840 5031 2026 5084 nostri

359 5124 548 5178 verba
581 5138 593 5177 :
628 5120 726 5174 Ὧν
754 5120 1116 5192 (patinarum
1142 5117 1423 5174 nimirum
1454 5135 1656 5173 earum
1682 5135 1831 5190 quas
1857 5115 2031 5171 éxmu-

369 5210 558 5284 μάτων
610 5207 878 5271 πλατείας
926 5212 1118 5277 vocat)
1173 5205 1248 5269 ὡς
1277 5204 1502 5282 ἀπαρχή
1557 5227 1642 5268 τις
1687 5208 1721 5274 ἡ
1771 5207 2030 5281 κρείττων

365 5302 451 5370 τῷ
484 5295 706 5374 βασιλεῖ
736 5297 1047 5371 προσήγετο
1080 5291 1424 5369 ἐπιδόρπιος.
1448 5295 1595 5351 Vide
1625 5313 1754 5368 quae
1781 5298 2036 5352 dicimus

370 5389 552 5445 verbo
583 5384 840 5440 πλατεῖαι
889 5384 1232 5457 ἐκπωμάτων
1245 5427 1256 5440 .

450 5480 538 5547 [ν.
607 5477 734 5548 395]

461 5784 538 5858 (1)
570 5783 657 5840 Cf.
696 5780 954 5840 Glossar.
988 5780 1156 5839 alter.
1189 5797 1224 5837 v
1255 5777 1483 5838 Κόκκοι.

822 5475 954 5531 Ἀπὸ
1040 5473 1259 5536 κοιλίας
1320 5478 1519 5551 φωνεῖν
1567 5492 1625 5546 p.
1685 5476 1811 5531 379.
1873 5477 2043 5532 Vocat

381 5567 624 5642 propria
647 5566 995 5622 auctoritate
1027 5565 1156 5621 sine
1179 5565 1389 5620 idoneo
1421 5565 1762 5621 testimonio
1785 5565 1846 5619 in
1866 5583 2046 5622 causa

2127 4763 2244 4818 Hoc
2277 4763 2713 4818 admonendum
2747 4762 3255 4833 visum,quoniam
3302 4761 3400 4818 alii
3423 4761 3594 4833 longe
3616 4759 3783 4817 aliter

2128 4853 2186 4908 id
2222 4868 2433 4906 nomen
2466 4852 2736 4920 efferunt,
2765 4857 2820 4907 et
2853 4869 2923 4907 ne
2954 4853 3086 4923 quis
3105 4869 3195 4908 me
3218 4851 3278 4907 in
3314 4851 3577 4906 versione
3606 4867 3786 4907 cono-

2135 4939 2395 4996 staulum
2426 4940 2667 4994 reddere
2701 4940 2962 4996 miretur.

2209 5027 2408 5088 Κόντος
2463 5048 2517 5100 p.
2567 5030 2688 5084 181.
2742 5029 2957 5084 Vocem
3015 5029 3272 5096 comitis,
3321 5035 3387 5084 ut
3436 5027 3789 5101 dignitatem

2141 5123 2327 5187 notat,
2373 5118 2766 5188 scriptoribus
2811 5118 3020 5174 citimae
3067 5119 3376 5175 vetustatis
3428 5120 3651 5185 tritam,
3685 5118 3791 5174 Pa-

2143 5207 2446 5280 chymeres
2478 5208 2570 5262 hic
2602 5207 2898 5278 exprimit,
2933 5212 3107 5280 prout
3134 5207 3306 5280 vulgo
3329 5207 3698 5281 pronuntiari
3724 5208 3796 5263 ab

2146 5296 2309 5354 Italis
2368 5294 2614 5363 solebat,
2663 5305 2838 5364 conto,
2873 5303 2976 5353 aut
3018 5303 3082 5353 ut
3121 5298 3362 5354 effertur
3407 5298 3581 5354 hodie
3603 5303 3798 5366 conte;

2150 5388 2304 5460 quod
2343 5386 2536 5440 Graece
2566 5383 2758 5438 κόντον
2785 5387 2979 5442 reddit
3010 5393 3066 5443 et
3098 5405 3212 5442 non
3246 5393 3474 5444 contum
3505 5387 3803 5460 expressi-

2151 5493 2306 5532 mus.
2342 5476 2479 5531 Rem
2516 5483 2708 5530 autem
2739 5476 2927 5546 ipsum
2965 5478 3120 5546 quod
3155 5478 3384 5544 attinet,
3430 5476 3536 5531 etsi
3590 5475 3804 5546 Pachy-

2155 5582 2341 5622 meres
2357 5565 2580 5638 passim
2605 5563 2866 5635 iniquior
2893 5565 3112 5622 Latinis
3147 5575 3364 5622 cautum
3397 5565 3577 5632 hunc,
3599 5565 3668 5618 de
3690 5580 3808 5636 quo
