4072 6394
382 432 516 487 1041

1860 435 2209 492 GLOSSARI
2220 440 2342 493 ΗΜ.

3672 435 3810 491 1042

380 559 710 630 imperante
738 558 1055 613 Anastasio
1087 560 1375 631 Augusto,
1407 576 1476 615 ex
1505 561 1779 631 Cyzicena
1811 563 1948 615 sede
1983 562 2037 615 in
2072 565 2125 626 Α
2154 561 2289 629 ἦσαν
2346 581 2358 616 ;
2404 563 2677 617 διηιίίίίϐν
2722 572 2906 617 autem
2940 566 2993 616 et
3038 560 3501 616 Illummachutum
3528 568 3579 617 et
3611 560 3807 617 Meliti-

378 646 1085 717 Constantinopolitanam
1112 653 1199 703 est
1226 648 1572 705 translatus.
1607 650 1945 721 Impellebat
1969 653 2041 706 ad

380 737 464 794 sic
496 737 858 809 epinandum
892 738 1110 793 mentio
1141 740 1509 809 antiquitatis
1543 739 1631 794 bis
1665 740 1771 795 hoc
1802 740 1926 795 loco
1960 759 2042 796 re-

375 829 576 900 petita,
601 828 771 900 quasi
792 829 1428 885 indicaosGermanum
1456 830 1613 885 hunc
1644 830 2038 902 patriarcham

379 934 596 973 novum
631 935 697 972 ex
749 916 957 973 ultima
998 924 1286 975 vetustate
1335 922 1602 993 exempla
1650 925 1707 975 et
1751 927 2039 993 praecepta

380 1007 762 1063 emendanda:
796 1008 1061 1065 Ecclesiae
1094 1009 1228 1065 inde
1262 1026 1450 1081 usque
1473 1011 1543 1066 ab
1568 1011 1710 1067 actis
1726 1011 2035 1083 etscriptis

380 1099 570 1154 sancti
594 1097 871 1154 Germani
899 1114 1192 1155 accersere
1224 1101 1547 1156 studuisse.
1581 1104 1797 1157 Verum
1844 1118 1903 1156 re
1949 1106 2034 1155 at-

375 1190 600 1247 tentius
632 1189 1004 1246 considerata
1029 1192 1391 1263 probabilius
1424 1192 1751 1249 existimavi
1783 1192 1876 1265 agi
1924 1193 2035 1249 hoc

371 1278 498 1335 loco
530 1280 600 1336 de
632 1281 919 1336 Germano
955 1281 1125 1353 longe
1155 1282 1496 1339 recentioris
1528 1286 1823 1339 memoriae
1849 1285 2033 1355 patri-

373 1368 572 1439 archa,
606 1370 778 1439 cujus
809 1382 1059 1425 mortem
1091 1375 1147 1426 et
1178 1370 1433 1443 elogium
1466 1372 1646 1428 habes
1689 1374 1840 1430 578
1875 1374 2028 1444 apud

376 1459 769 1530 Acropolitam
810 1459 866 1513 in
900 1460 1149 1532 imperio
1172 1461 1417 1518 Joannis
1450 1463 1617 1518 Duce:
1640 1468 1885 1517 Batatzae
1919 1463 2030 1518 sub

371 1565 487 1619 quo
520 1548 716 1603 floruit
754 1551 1002 1623 ε”Ετυχε
1059 1550 1153 1621 μὲν
1212 1550 1318 1624 πρὸ
1375 1556 1570 1625 καιροῦ
1613 1552 1703 1606 τὸν
1754 1553 2028 1625 πατριάρ-

369 1656 479 1710 χην
524 1638 801 1711 Γερμανὸν
848 1638 915 1692 τὰ
963 1637 1096 1712 τῇδε
1147 1638 1517 1696 καταλιπόντα
1567 1642 1704 1715 πρὸς
1742 1642 1836 1703 τὰς
1884 1642 2029 1703 Θείας

372 1727 573 1799 ἀπᾶραι
636 1726 860 1797 σκηνὰς,
906 1732 1092 1790 καλῶς
1136 1729 1226 1783 καὶ
1258 1729 1422 1791 ὁσίως
1472 1731 1739 1806 βιώσαντα
1790 1732 1880 1786 καὶ
1928 1751 2029 1785 κα-

371 1814 484 1878 λῶς
540 1818 641 1885 τὴν
698 1817 865 1871 αὐτοῦ
924 1818 1267 1891 ποιμάναντα
1332 1819 1597 1893 ποίμνην.
1660 1823 1751 1878 Sic
1812 1829 2023 1894 Acrop.

2153 652 2308 721 dem,
2361 669 2570 707 necnon
2641 651 3078 724 Amphirtidem,
3139 650 3237 721 qui
3279 651 3513 706 celebres
3578 650 3805 706 insania

2151 743 2331 813 fuere.
2368 743 2472 797 Ubi
2507 744 2801 814 signiﬁcat
2831 742 2943 796 ista
2976 743 3209 813 propria
3241 741 3420 795 fuisse
3455 741 3686 795 nomina
3717 741 3805 794 in-

2152 848 2427 887 sanorum
2456 834 3012 903 quorumdam,qu€e
3037 831 3245 885 deinde
3265 831 3321 884 in
3349 830 3633 885 similium
3659 829 3803 900 ipsis

2149 921 2600 991 appellationem
2629 922 2912 977 translata
2940 920 3176 987 fuerint,
3201 924 3373 991 prout
3395 920 3464 973 de
3487 920 3684 975 Sanna
3705 936 3801 973 no-

2149 1010 2417 1067 minatim
2446 1012 2874 1080 observaverat,
2896 1013 2979 1066 sic
3001 1015 3171 1066 antea
3190 1010 3454 1065 scribens
3476 1025 3488 1063 :
3508 1009 3599 1063 τὸν
3617 1008 3802 1081 μωρὸν

2146 1096 2370 1171 οἴδαμεν
2406 1099 2608 1154 Σάνναν
2654 1098 2936 1154 καλεῖσθαι
2976 1100 3047 1159 ὡς
3096 1096 3201 1152 ἀπό
3249 1118 3397 1161 τινος
3439 1096 3630 1171 κυρίου
3681 1096 3800 1150 6νό-

2144 1210 2332 1261 ματος.
2397 1192 2638 1248 Stultum
2676 1194 2878 1247 scimus
2926 1192 3180 1246 Sannam
3226 1190 3411 1245 vocari
3461 1197 3729 1260 tanquam
3765 1206 3801 1244 α

2143 1282 2376 1353 quodam
2426 1282 2647 1355 proprio
2708 1283 2949 1338 nomine.
3008 1282 3190 1350 Cujus
3248 1280 3329 1334 rei
3389 1283 3599 1334 testem
3662 1278 3799 1334 facit

2143 1371 2295 1427 579
2320 1371 2617 1425 Cratinum
2655 1370 2965 1435 comicum,
2998 1368 3081 1422 ita
3105 1368 3377 1423 continue
3401 1366 3791 1438 subjungens:

2141 1458 2245 1513 Καὶ
2323 1461 2616 1533 παράγεται
2691 1462 2949 1533 Κρατῖνος
3008 1452 3291 1527 κωμῳδῶν
3365 1457 3617 1508 τοιοῦτον
3698 1453 3791 1507 τὸν

2140 1548 2469 1620 Θεοδοτίδτ,ν
2516 1549 2738 1606 Σάνναν.
2772 1552 2920 1616 Quia
2954 1567 3084 1605 vero
3118 1547 3467 1603 Eustathius
3508 1551 3791 1602 constan-

2142 1646 2226 1697 ter
2248 1642 2398 1698 hanc
2430 1660 2625 1698 vocem
2668 1659 2799 1697 cum
2827 1640 3047 1712 duplici
3085 1660 3125 1711 μ
3155 1638 3381 1706 scribit,
3435 1638 3578 1691 forte
3610 1636 3693 1690 sic
3725 1653 3793 1691 ea

2138 1734 2293 1804 apud
2330 1733 2763 1805 Pachymerem,
2795 1738 2851 1787 et
2882 1731 2928 1787 si
2966 1730 3141 1785 ambo
3174 1728 3341 1784 codd.
3364 1727 3568 1798 optimi
3596 1727 3634 1781 Β
3660 1730 3716 1780 et
3748 1730 3793 1781 Α

2138 1823 2504 1878 concorditer
2524 1839 2657 1877 cum
2694 1822 2865 1877 unico
2900 1842 2939 1892 μ
2969 1820 3249 1885 scribant,
3280 1816 3789 1872 cmendandai‘ue-

372 1924 429 1979 p.
487 1908 723 2010 Hist.
786 1908 855 1964 Ut
895 1908 1053 2010 hunc
1113 1913 1309 2010 potius
1361 1912 1608 1968 indicari
1657 1912 1750 1967 hic
1799 1918 2022 1985 putem,
2056 1945 2103 2010 Β
2140 1912 2233 1967 rit.
2269 1911 2586 1968 Vaticanus
2619 1911 2801 1966 solitae
2834 1911 2944 1966 sibi
2982 1909 3228 1965 licentiae.
3273 1907 3330 1961 in
3366 1906 3471 1961 hoc
3536 1922 3648 1978 prae
3683 1922 3787 1959 cae-

371 1998 579 2053 suadet
608 2014 717 2053 vox
750 1996 1056 2068 μακαρίτης
1090 2000 1319 2055 civilem
1372 2003 1561 2073 magis
1604 2003 1773 2074 quasi
1815 2020 2022 2074 quem-

372 2087 530 2154 dam,
562 2103 630 2142 ex
662 2104 770 2143 usu
806 2088 1164 2156 Graecorum,
1198 2107 1373 2161 quam
1410 2091 1772 2163 religiosum,
1830 2091 2023 2163 qualis

365 2176 585 2231 sanctis
625 2176 698 2231 ab
750 2177 1007 2233 Ecclesia
1055 2179 1365 2235 declaratis
1420 2182 1686 2252 debetur,
1738 2182 2018 2237 honorem

363 2266 707 2338 designans,
737 2266 797 2338 [Ρ
824 2268 951 2340 398]
987 2274 1265 2340 praeterea
1294 2271 1673 2328 recentiorem
1698 2272 2018 2343 quamdam

363 2356 779 2411 defunctorum
813 2358 1159 2415 memoriam
1203 2359 1492 2425 indicans.
1536 2362 1657 2418 Non
1705 2364 1861 2418 enim
1918 2362 2019 2434 qui

362 2449 497 2500 ante
521 2444 706 2500 multa
738 2446 954 2502 saecula
986 2453 1127 2503 sunt
1156 2450 1397 2507 mortui.
1434 2467 1569 2506 cum
1627 2452 2015 2519 nominantur,

364 2537 658 2606 μακαρὶται
710 2534 825 2590 dici
873 2535 1079 2602 solent,
1128 2539 1228 2593 sed
1275 2536 1325 2589 οἱ
1379 2538 1709 2613 προσφάτως
1764 2536 2017 2609 τελευτή-

359 2642 566 2690 σαντες,
602 2640 750 2695 quos
783 2626 883 2697 qui
917 2626 1168 2681 viderint
1194 2628 1387 2684 adhuc
1429 2630 1645 2685 vivant.
1685 2631 1779 2686 Sic
1838 2630 2016 2701 hujus

360 2711 493 2767 libri
528 2730 576 2769 c.
610 2715 700 2783 23,
734 2716 961 2770 Irenem
1006 2721 1335 2788 Augustam
1367 2717 1611 2775 Joannis
1647 2721 1815 2775 Ducze
1875 2736 2014 2775 uxo-

360 2818 504 2870 rem,
558 2820 688 2875 quae
726 2807 1102 2861 commodum
1149 2808 1352 2863 eodem
1403 2824 1535 2864 eum
1570 2808 1680 2864 hoc
1725 2810 2015 2865 Germano

360 2892 589 2948 vixerat
638 2896 903 2966 tempore
933 2899 987 2951 et
1020 2900 1153 2951 ante
1198 2894 1387 2951 virum
1449 2899 1800 2962 decesserat,
1840 2918 2015 2971 μακα-

368 2978 543 3054 ρίτιδα
576 2991 757 3040 vocat.
799 2984 970 3040 Nullo
1003 2986 1198 3057 agitur
1228 2988 1400 3043 modo
1434 2988 1550 3054 agit
1581 2990 1689 3043 hoc
1736 2989 1858 3044 loco
1908 2990 2013 3044 Pa-

368 3070 667 3143 cbymeres
700 3074 771 3128 de
801 3080 1005 3131 sancto
1038 3076 1323 3132 Germano
1347 3077 1680 3149 patriarcha
1722 3078 1820 3134 illo
1853 3084 2014 3134 vetu-

361 3160 648 3232 stissimo,
680 3180 857 3235 quem
888 3165 936 3220 si
985 3165 1335 3235 nominaret,
1384 3185 1497 3225 non
1552 3167 1879 3241 μακαρίτην,
1911 3170 2013 3223 sed

363 3248 627 3327 μακάριον
662 3253 899 3320 diceret,
931 3271 1131 3311 verum
1164 3258 1235 3311 de
1277 3258 1388 3313 isto
1437 3258 1618 3314 altero
1651 3259 1751 3330 qui
1809 3257 2013 3329 viginti

2135 2003 2277 2057 teris
2309 2002 2496 2073 capite
2527 2001 2862 2072 indulgens,
2897 2016 3027 2054 cum
3064 1998 3178 2053 alia
3203 1999 3417 2070 passim
3452 1996 3508 2049 in
3550 2012 3615 2049 eo
3647 1994 3790 2049 scri-

2135 2096 2230 2163 pta
2263 2092 2455 2146 verbis
2488 2092 2706 2162 quibus
2750 2090 2921 2144 libuit
2963 2089 3145 2155 effert,
3192 2092 3313 2141 tum
3374 2087 3430 2141 in
3491 2085 3600 2139 hac
3651 2099 3785 2138 voce

2134 2182 2376 2253 quidam
2424 2182 2765 2252 καινοτομεῖ.
2827 2179 2921 2234 Sic
2978 2178 3131 2233 enim
3186 2177 3364 2231 habet
3408 2193 3420 2231 :
3498 2170 3786 2229 Μάκουοοί

2130 2289 2270 2331 τινες
2303 2269 2470 2332 ὄντες.
2505 2269 2753 2325 Videtur
2783 2273 2977 2324 autem
3014 2284 3080 2322 ex
3113 2265 3222 2321 alia
3253 2263 3479 2334 origine
3518 2263 3668 2317 hanc
3695 2280 3789 2317 vo-

2133 2378 2259 2416 cem
2292 2377 2611 2426 accersere,
2648 2375 2752 2415 nec
2781 2358 2887 2413 viri
2919 2354 3238 2429 singularis
3270 2354 3408 2410 olim
3443 2353 3625 2407 fuisse
3685 2370 3786 2407 no-

2133 2467 2265 2506 men
2298 2449 2599 2522 proprium
2632 2464 2971 2521 agnoscere,
3006 2447 3107 2501 sed
3151 2447 3530 2516 propagatum
3582 2446 3788 2513 putare

2128 2558 2196 2596 ex
2230 2542 2401 2596 verbo
2464 2542 2694 2612 μακοᾷν,
2740 2539 2894 2610 quod
2944 2534 3266 2608 Hesychius
3323 2532 3565 2605 exponit
3609 2549 3784 2605 παρα-

2128 2635 2370 2706 φρονεῖν,
2411 2629 2830 2703 προσποιεῖσθαι
2885 2648 2958 2699 μη
3011 2623 3249 2690 ἀκούειν,
3293 2623 3565 2693 desipere,
3611 2621 3785 2675 simu-

2129 2722 2247 2777 lare
2278 2736 2334 2775 sc
2365 2737 2471 2775 non
2504 2720 2719 2776 audire.
2762 2720 2829 2773 Et
2860 2718 3012 2771 hanc
3046 2714 3422 2787 potissimum
3464 2712 3784 2767 secundam

2130 2810 2488 2866 dissimulati
2520 2810 2757 2865 auditus
2791 2807 3087 2863 notionem
3122 2803 3259 2859 huic
3282 2804 3367 2857 sic
3392 2819 3425 2856 a
3465 2818 3527 2856 se
3572 2801 3786 2855 decur-

2129 2906 2245 2957 tato
2277 2900 2557 2955 vocabulo
2591 2896 2918 2969 imputandi
2941 2894 3307 2951 occasionem
3346 2893 3592 2947 fortasse
3621 2907 3784 2945 sum-

2127 2992 2310 3062 pserit
2341 3007 2408 3044 ex
2431 3007 2517 3056 eo,
2553 2989 2707 3060 quod
2746 2986 2915 3058 paulo
2938 2984 3212 3056 superius
3242 2982 3463 3053 legerat
3492 2980 3645 3050 apud
3680 2996 3782 3033 au-

2125 3086 2366 3146 ctorem,
2412 3078 2809 3151 patriarcham
2858 3092 2990 3131 cum
3024 3073 3244 3146 synodo
3296 3071 3369 3127 ab
3430 3070 3784 3140 imperatore

2126 3174 2465 3242 provocatos
2498 3169 2569 3224 ad
2603 3168 2753 3224 serio
2791 3165 3169 3237 cogitandum
3212 3163 3282 3217 de
3332 3160 3592 3216 ineunda
3647 3174 3781 3213 cum

2129 3261 2331 3315 Latina
2389 3259 2645 3315 Ecclesia
2711 3255 3025 3313 concordia
3093 3247 3434 3310 ἐπιπολαίως
3491 3247 3782 3315 ἆκῆκοέναι

358 3342 591 3397 circiter
621 3344 790 3399 annis
823 3344 987 3415 prius
1018 3347 1369 3416 decesserat,
1399 3350 1743 3405 memoriam
1776 3349 1869 3405 sui
1892 3349 2013 3404 lau-
2044 3321 2089 3385 Ο
2129 3349 2504 3422 perfunctorie
2550 3348 2791 3413 audisse,
2843 3350 2898 3401 et
2968 3361 3101 3399 cum
3171 3359 3288 3397 rem
3348 3342 3777 3405 aversarentur,

354 3431 613 3487 debilem
646 3433 1007 3507 relinquens.

425 3519 795 3594 Μαμάκουθος
844 3524 921 3596 (t)
979 3542 1036 3597 p.
1092 3526 1221 3581 369.
1282 3527 1588 3601 Vituperat
1641 3529 1737 3585 hic
1794 3529 2014 3601 Pachy-

358 3628 551 3669 meres
584 3616 979 3685 patriarcham
1028 3622 1085 3672 et
1133 3618 1448 3689 antistites,
1501 3621 1599 3691 qui
1640 3622 1691 3677 ei
1750 3622 2012 3688 aderant,

356 3703 512 3775 quod
569 3721 684 3759 non
737 3706 952 3761 acriter
1000 3708 1334 3763 obstiterint
1372 3709 1572 3781 primas
1632 3710 2014 3782 propositioni

356 3792 856 3850 reconciliationis
914 3796 1185 3852 Ecclesia:
1227 3802 1434 3853 Graecae
1484 3817 1617 3854 cum
1676 3800 1895 3867 Latina,
1930 3800 2013 3855 sic

358 3898 536 3936 suum
569 3881 835 3939 animum
886 3888 1202 3942 ostendens
1245 3888 1551 3944 schismati
1606 3890 1907 3945 addictum
1959 3894 2015 3944 et

360 3988 632 4027 aversum
666 3990 701 4028 a
732 3991 892 4043 pace,
928 3980 1227 4048 utcunque
1268 3977 1431 4033 aliud
1475 3978 1790 4049 aliquando
1826 3981 2016 4034 simu-

358 4058 588 4116 laverit.
620 4061 1028 4134 Μαμακούθους
1058 4071 1253 4123 autem
1288 4070 1517 4124 Graecos
1552 4067 1682 4124 illos
1734 4070 2013 4140 praesules

358 4155 548 4218 vocat,
584 4151 847 4208 stultitim
882 4154 1015 4211 illos
1046 4155 1420 4227 insimulans,
1457 4163 1519 4214 ut
1550 4160 1828 4227 ostendit,
1856 4160 2013 4231 quod

362 4256 498 4295 mox
529 4242 799 4313 adjungit
829 4246 998 4315 quasi
1051 4247 1389 4304 declarandi
1442 4249 1648 4321 gratia,
1674 4247 2013 4318 ἀναισθήτως

352 4332 460 4381 τῶν
511 4331 905 4403 πραττομένων
934 4329 1180 4408 ἔχοντες.
1225 4340 1286 4393 Id
1344 4356 1514 4410 porro
1564 4340 1831 4395 vocabuli
1887 4358 2013 4395 mu-

353 4422 560 4476 tuatus
593 4421 825 4479 videtur
854 4441 888 4479 a
920 4442 1027 4481 suo
1059 4427 1365 4499 Hesychio,
1401 4447 1572 4500 quem
1626 4430 1844 4486 librum
1902 4430 2015 4502 ipsi

356 4510 545 4566 fuisse
606 4512 951 4570 familiarem
1012 4533 1079 4571 ex
1127 4517 1259 4573 aliis
1312 4518 1456 4574 locis
1487 4519 1913 4591 lintelligimus.
1950 4522 2013 4576 In

360 4599 633 4672 Hesycbii
664 4619 798 4659 vero
834 4604 1016 4661 lexico
1048 4606 1220 4662 hodie
1254 4607 1467 4679 legitur
1501 4609 1862 4679 Μαμάκυθος,
1894 4630 2013 4681 μω-

2130 3457 2244 3495 non
2278 3452 2473 3495 tamen
2506 3437 2829 3501 obstitisse,
2863 3435 2964 3490 sed
3008 3432 3178 3504 quasi
3236 3427 3683 3486 dissimulantes
3717 3443 3780 3481 se

2130 3530 2636 3602 percepisseﬁquod
2666 3527 2886 3581 dictum
2912 3526 3118 3593 fuerat,
3139 3526 3332 3577 astuto
3356 3517 3585 3574 silentio
3610 3516 3781 3571 lucri-

2129 3620 2630 3690 fecisscinvgdiam
2658 3614 3096 3687 autpericulum
3124 3611 3315 3683 palam
3345 3606 3678 3665 resistendi:
3703 3602 3780 3660 Οὐ

2127 3707 2231 3783 γὰρ
2263 3708 2329 3776 ἦν
2357 3707 2539 3769 αὒτοῖς
2562 3706 2897 3773 ἀντιστῆναι,
2914 3721 3023 3759 ηοη
3045 3704 3190 3758 enim
3210 3700 3280 3755 iis
3296 3701 3476 3755 inerat
3498 3694 3787 3752 resistendi

2124 3801 2227 3854 vis.
2262 3800 2374 3853 Eos
2412 3804 2605 3853 tamen
2640 3814 2755 3851 non
2790 3812 2851 3850 se
2873 3793 3235 3849 continuisse
3261 3790 3414 3844 intra
3440 3789 3585 3842 fines
3611 3803 3779 3839 mera:

2127 3886 2624 3944 dissimulationis
2657 3890 2758 3940 aut
2789 3883 3030 3951 silentii,
3056 3882 3156 3937 sed
3192 3892 3467 3951 praeterea
3498 3878 3697 3942 etiam,
3719 3879 3781 3929 ut

2127 3976 2469 4049 imperatori
2502 3975 2993 4047 gratificarentur,
3013 3970 3380 4043 signiﬁcasse
3403 3967 3631 4038 placere
3665 3963 3777 4038 sibi

2129 4067 2485 4123 mentionem
2510 4064 2734 4119 illatam
2761 4063 2831 4117 ab
2864 4078 2930 4116 eo
2964 4060 3145 4132 pacis,
3180 4058 3491 4113 manifeste
3522 4057 3782 4110 afﬁrmat

2127 4158 2360 4224 Noster,
2394 4160 2458 4211 ut
2488 4152 2857 4211 ostendimus
2918 4148 3191 4221 superius
3248 4147 3424 4202 verbo
3482 4143 3781 4215 κνώμενοι.

2128 4250 2316 4312 Quare
2348 4264 2463 4301 non
2522 4243 2655 4300 illos
2719 4237 3105 4313 μαμακοόθους
3172 4243 3274 4292 aut
3335 4231 3645 4307 μακούθους
3698 4233 3788 4288 id—

2129 4338 2283 4394 circo
2334 4334 2579 4401 vocavit,
2633 4335 2691 4401 [P
2724 4333 2848 4403 399]
2885 4331 3038 4403 quod
3094 4324 3502 4383 simulaverint
3550 4340 3612 4381 se
3673 4339 3785 4377 non

2130 4429 2356 4495 audire,
2392 4428 2493 4483 sed
2526 4425 2685 4497 quod
2717 4420 3141 4478 declaraverint
3173 4417 3284 4473 sibi
3336 4414 3570 4487 probari
3629 4413 3786 4484 quod

2130 4518 2586 4590 preponebatur,
2639 4514 2796 4569 haud
2839 4512 2983 4568 satis
3034 4509 3403 4581 providentes
3452 4504 3593 4576 quid
3651 4502 3788 4557 inde

2128 4614 2583 4663 consecuturum
2620 4608 2797 4669 esset,
2833 4602 2891 4656 in
2925 4594 3550 4672 quoponitstultitiam
3584 4608 3786 4647 eorum

364 4687 484 4763 ρός.
512 4691 720 4749 Verum
768 4712 873 4767 ego
917 4714 1032 4752 non
1086 4698 1291 4753 dubito
1333 4699 1473 4770 quin
1530 4699 1590 4754 in
1624 4718 1731 4755 suo
1790 4687 2095 4757 melioriD
2130 4696 2241 4753 hoc
2264 4697 2437 4753 verbo
2470 4693 2909 4767 reprehensam.

361 4781 683 4853 exemplari
732 4783 1121 4857 Paehymeres
1189 4788 1397 4860 legerit
1432 4788 1831 4860 μαμάκουθοςε
1869 4791 2022 4846 unde

361 4868 457 4924 hic
484 4871 683 4941 posuit
717 4874 1089 4946 μαμάκουοοι.
1124 4877 1186 4932 Id
1221 4877 1430 4949 colligo
1462 4896 1529 4934 ex
1562 4880 1887 4944 Eustathio,
1921 4881 2020 4951 qui

355 4957 540 5029 (adv.
570 4961 679 5015 562
709 4967 766 5017 et
792 4965 898 5018 563
942 4966 1046 5021 0d.
1078 4985 1134 5035 κ,
1172 4963 1463 5040 Ἐλπήνωρ
1509 4963 1564 5020 δὲ,
1601 4988 1683 5028 τις
1726 4965 1845 5021 ἔσκε
1883 4967 2020 5021 νεώ-

353 5066 539 5118 τατος,
595 5045 718 5104 οὔτε
764 5072 816 5106 τι
868 5051 993 5121 λίην
1050 5052 1288 5127 ἄλκιμος
1336 5053 1387 5109 ἐν
1416 5054 1651 5129 πολέμῳ
1684 5054 1807 5111 οὔτε
1834 5056 2017 5133 φρεσὶν

354 5133 480 5210 ᾖσιν
518 5136 761 5212 ἀρηρώς)
815 5144 1034 5200 multos
1084 5162 1439 5202 enumerans
1489 5149 1728 5204 stultitaa
1776 5148 2023 5204 infamia

356 5225 642 5295 celebres,
658 5233 1086 5305 postSannam,
1109 5237 1438 5305 Coroebum,
1457 5238 1741 5309 Margiten
1766 5256 2019 5311 quorum

358 5315 675 5375 notissima
706 5322 998 5379 dementia
1048 5326 1105 5381 in
1141 5325 1514 5396 proverbium
1546 5333 1603 5383 et
1650 5344 1910 5383 scomma
1938 5327 2021 5382 si-

356 5405 488 5461 mili
520 5408 658 5463 vitio
711 5410 1111 5470 laborantium
1156 5416 1477 5485 transierit,
1541 5417 1660 5471 haec
1705 5416 2015 5487 adiungit:

354 5494 604 5565 Ὁμοίως
662 5493 719 5551 δὲ
774 5500 864 5553 καὶ
912 5502 1003 5556 τὸν
1066 5503 1482 5576 Μαμμάκουθον
1543 5504 1753 5559 καὶτὸν
1788 5503 2023 5560 Μελιτί-

358 5579 460 5653 δην
516 5583 604 5640 καὶ
659 5589 753 5642 τάν
817 5590 1193 5668 ’Λμφιετίδην,
1256 5591 1309 5648 o'i
1366 5588 1651 5665 διαϐόητοι
1697 5593 1785 5650 ἐπὶ
1838 5593 2022 5671 μωρίᾳ

440 5801 515 5873 (1)
548 5803 631 5859 Cf.
668 5804 925 5864 Glossar.
954 5809 1200 5866 alterum
1236 5813 1345 5869 sub
1377 5816 1572 5872 verbo.

2210 4782 2466 4847 Μανδῦας
2498 4803 2553 4857 p.
2585 4785 2712 4837 262.
2747 4779 2995 4850 Hesych.
3048 4771 3304 4837 Μανδύας
3366 4770 3507 4833 εἶδος
3565 4768 3789 4841 ἱματίου

2135 4879 2356 4952 Περσῶν
2384 4870 2712 4945 πολεμικόν.
2753 4872 2916 4926 Forte
2946 4865 3276 4938 πολεμικοῦ.
3328 4861 3664 4919 Eustathius
3718 4861 3789 4914 ad

2135 4949 2241 5023 Od‘.
2275 4986 2328 5036 τ,
2389 4965 2499 5021 sub
2533 4962 2927 5035 principium;
2963 4954 3157 5016 Α’ίλιος
3198 4951 3478 5015 Διονύσιος
3508 4949 3653 5024 λέγει
3703 4950 3786 5002 ὅτι

2136 5056 2397 5132 Περσικὸν
2457 5052 2634 5125 ὄνομα
2691 5049 2779 5105 καὶ
2836 5050 2863 5102 ὁ
2931 5044 3191 5121 μανδῦας.
3253 5045 3439 5100 Ἔοικε
3498 5038 3573 5109 δὲ,
3631 5038 3787 5116 φησῖ,

2135 5144 2393 5224 φαινόλῃ.
2428 5147 2521 5202 Ait
2551 5142 2729 5198 Altius
2760 5140 3055 5211 Dionysius
3085 5134 3371 5191 Persicum
3417 5148 3532 5187 csse
3585 5146 3789 5185 nomen

2134 5220 2457 5307 inandyam.
2490 5234 2704 5288 Similis
2724 5234 2907 5285 autem
2937 5236 3015 5283 est
3044 5227 3281 5298 penulw.
3313 5224 3549 5278 Veteres
3581 5220 3788 5293 glossm

2135 5328 2450 5383 verborum
2476 5322 2652 5395 juris,
2690 5316 2929 5393 μανδύας
2963 5317 3205 5389 ἱμάτιον,
3236 5313 3298 5368 τὸ
3346 5309 3647 5386 λουρῖκιον.
3679 5310 3790 5366 Sed

2140 5417 2263 5472 haec
2299 5421 2362 5470 ut
2390 5415 2545 5470 tiara
2574 5417 2631 5467 et
2661 5410 2774 5466 alia
2803 5425 2937 5465 cum
2971 5424 3062 5462 res
3085 5410 3210 5462 tum
3246 5404 3485 5459 nomina
3514 5402 3584 5456 ad
3618 5414 3787 5454 usnm

2137 5522 2439 5562 sacrorum
2469 5506 2609 5558 sunt
2638 5500 2946 5556 translata.
2971 5500 3146 5553 Docet
3170 5492 3606 5550 eruditissimus
3624 5494 3796 5544 Pater

2135 5597 2291 5654 Goar
2321 5596 2386 5652 Ο.
2420 5592 2677 5663 P.(notis
2697 5590 2768 5647 ad
2792 5589 3029 5645 Missam
3053 5588 3110 5643 S.
3139 5583 3385 5642 Joannis
3400 5577 3795 5652 Chrysostomi
