4072 6386
347 440 487 496 1043

1407 438 1469 487 Ρ.
1511 435 1790 489 POSSINI
1830 430 2451 488 OBSERVATIONUM
2489 435 2622 489 LIB.
2665 436 2707 486 Ι.

3626 435 3746 490 1044

347 584 407 639 p.
440 565 533 622 sui
563 562 904 635 Euchologii
938 562 1083 633 113),
1120 561 1301 617 fuisse
1333 558 1646 628 mandyam
1679 556 1831 613 inter
1851 572 1994 628 pon-
2028 554 2081 621 A
2112 555 2405 629 virginum
2438 558 3081 630 patriciarum,quibus
3113 557 3201 614 illi
3241 557 3519 632 deinceps
3557 563 3747 616 matro-

350 655 598 712 tificales
629 657 818 709 vestes
852 654 905 707 id
941 652 1093 723 quod
1122 666 1366 721 cappam
1388 649 1506 705 sive
1532 646 1787 719 pluviale
1820 644 2010 701 Latini

354 744 826 801 Christianorum
864 742 1085 796 rituum
1133 740 1495 811 expositorcs
1536 740 1765 791 vocant.
1819 741 1865 788 A
1899 751 2011 805 qua

356 850 464 889 nec
490 836 674 887 forma
696 848 800 886 nec
832 831 1066 886 notione
1087 829 1337 883 multum
1365 828 1531 882 abest
1555 825 1768 897 penula
1787 843 1807 887 ,·
1833 839 2011 896 quam

361 924 435 979 ad
467 938 769 978 sacrorum
802 937 971 976 usum
999 920 1125 990 jam
1157 924 1277 973 tum
1315 918 1385 972 ab
1428 916 1765 989 apostolicis
1786 930 2014 970 accom-

361 1013 659 1067 modatam
692 1010 1058 1082 temporibus
1092 1026 1207 1063 non
1240 1006 1537 1062 immerito
1554 1005 1661 1060 viri
1686 1002 2014 1060 doctissimi

363 1102 742 1172 suspicantur
772 1116 841 1154 ex
871 1098 1037 1155 Pauli
1070 1098 1197 1154 loco
1230 1098 1277 1153 II
1310 1098 1382 1152 ad
1414 1097 1564 1152 Tim.
1614 1113 1690 1163 1v,
1744 1095 1828 1149 13.
1888 1092 2019 1148 Fuit

364 1195 642 1263 praeterea.
675 1190 959 1261 mandyas
990 1188 1225 1260 propria
1259 1186 1681 1242 monachorum
1742 1183 1918 1239 vestis
1952 1199 2020 1237 ex

363 1278 631 1334 humeris
670 1279 742 1333 ad
775 1279 952 1348 pedes
976 1293 1165 1347 usque
1193 1276 1525 1331 deflueusct
1541 1278 1726 1329 totum
1753 1271 2020 1326 ambiens

365 1386 599 1440 corpus,
656 1385 689 1422 a
737 1372 902 1439 parte
962 1366 1087 1421 sola
1144 1365 1422 1420 anteriori
1483 1370 1735 1435 aperta;
1787 1359 2021 1432 qualem

367 1461 544 1513 etiam
606 1457 665 1512 in
715 1456 975 1512 Ecclesia
1033 1457 1232 1511 Graeca
1300 1455 1548 1510 retinere
1606 1453 1664 1507 in
1724 1451 2021 1524 ponticatu

371 1548 526 1605 580
558 1547 594 1602 ii
631 1545 899 1601 solebant
930 1546 1030 1617 qui
1079 1550 1245 1600 erant
1276 1562 1343 1597 ex
1404 1542 1711 1598 monachis
1748 1538 2021 1612 promoti.

369 1638 450 1693 Ex
470 1654 582 1707 quo
614 1652 825 1708 genere
859 1652 989 1690 cum
1024 1640 1177 1691 esset
1206 1633 1486 1689 Arsenius
1519 1650 1585 1688 ex
1618 1627 2023 1702 Apolloniensi

371 1727 728 1782 monasterio
787 1727 858 1779 ad
920 1726 1198 1780 thronum
1246 1722 1697 1796 patriarchalem
1760 1720 1898 1776 olim
1931 1736 2024 1774 as-

373 1822 673 1889 sumptus,
708 1820 772 1869 ut
800 1814 979 1870 tradit
1013 1818 1299 1885 Gregoras
1342 1814 1380 1867 l.
1415 1830 1500 1881 111,
1538 1830 1650 1867 non
1711 1811 1925 1865 mirum
1976 1808 2027 1864 si

377 1906 692 1977 mandyam
724 1905 900 1960 etiam
948 1909 1110 1959 extra
1160 1921 1358 1958 sacras
1390 1905 1643 1974 gestaret
1675 1899 2023 1955 functiones.
2060 1932 2109 1997 Β

376 1994 525 2050 Nam
557 1993 711 2049 civili
743 1999 799 2049 et
829 1992 1124 2049 ordinario
1149 1992 1359 2048 vestitu
1387 1991 1568 2047 fuisse
1593 1996 1731 2044 tunc
1753 1989 2031 2043 indutum

386 2084 579 2151 illum,
614 2100 749 2138 cum
800 2082 1074 2154 privatim
1122 2086 1181 2136 et
1230 2080 1597 2135 familiariter
1626 2079 2039 2149 imperatorem

390 2170 551 2226 domi
577 2187 697 2226 suae
732 2170 1028 2239 inviseret,
1064 2185 1157 2223 res
1185 2169 1314 2239 ipsa
1360 2168 1561 2239 exigit.
1620 2166 1894 2220 Nondum
1950 2181 2042 2219 me

391 2259 634 2332 paenitet
667 2254 1137 2330 μανδύανδίιοιιιιιιι
1174 2256 1449 2328 penulam
1478 2256 1588 2311 hoc
1616 2256 1741 2311 loco
1774 2255 2040 2320 vertisse;

384 2356 444 2406 et
474 2349 576 2421 qui
607 2348 1020 2420 perpenderint
1042 2364 1171 2419 quae
1201 2348 1272 2402 de
1302 2346 1530 2418 penulae
1565 2346 1753 2401 forma
1778 2351 1834 2401 et
1867 2361 1977 2399 usu
2011 2360 2041 2397 ιι

381 2440 678 2496 veteribus
710 2439 1049 2508 traduntur,
1080 2441 1137 2493 et
1167 2454 1235 2493 ea
1260 2453 1393 2492 cum
1428 2436 1662 2492 traditis
1692 2436 1763 2490 de
1794 2435 2045 2505 mandya

379 2527 758 2597 contulerint,
788 2527 947 2583 haud
984 2526 1260 2597 multum,
1295 2533 1361 2582 ut
1401 2542 1571 2598 spero
1603 2524 2040 2597 repugnabunt.

378 2617 527 2674 Vide
560 2622 618 2673 et
647 2617 936 2673 Codinum
966 2615 1182 2688 saepius
1215 2633 1414 2673 vocem
1465 2610 1700 2687 μανδύας
1754 2629 2041 2684 usurpan-

379 2712 523 2764 tem.

450 2793 819 2870 Μαρμούτζας
856 2814 910 2869 p.
950 2796 1077 2852 283.
1142 2792 1509 2870 Μαρμούτζαν
1574 2792 2042 2869 προσωνόμαζον.

383 2886 794 2961 προσάπτοντες
867 2881 1043 2958 ὄνομα
1109 2885 1410 2959 Περσικόν.
1475 2886 1610 2940 Erat
1662 2884 1838 2955 igitur
1891 2883 2048 2956 Μαρ-

393 2974 631 3050 μούτζας
666 2993 882 3033 nomen
913 2977 1104 3032 Persis
1130 2976 1456 3043 familiare;
1492 2975 1648 3047 quod
1680 2974 1740 3027 in
1782 2989 1846 3027 ea
1877 2978 2049 3043 gente

385 3066 559 3123 multi
595 3066 897 3138 proprium
932 3066 1233 3121 haberent.
1270 3066 1330 3120 Id
1357 3069 1551 3119 autem
1578 3064 1794 3119 idcirco
1818 3080 1851 3117 a
1874 3060 2050 3116 male-

388 3159 539 3214 dicis
571 3158 862 3215 Germano
896 3158 1329 3231 imponebatur,
1351 3157 1506 3228 quod
1537 3157 1607 3225 is,
1628 3160 1693 3210 ut
1715 3154 1889 3227 paulo
1919 3157 2050 3225 post

386 3249 620 3316 dicitur,
645 3248 1014 3304 remotiorem
1035 3248 1322 3319 originem
1356 3247 1587 3317 generis
1619 3264 1651 3300 a
1682 3245 1875 3299 Gabra
1906 3242 2049 3297 urbe

386 3303 665 3409 Persidis,
711 3303 1192 3413 propinquiore‘m
1243 3356 1275 3395 a
1326 3303 1489 3393 Lazis
1540 3338 1801 3392 duceret.
1861 3334 2049 3389 Codex
2082 3303 2125 3370 (ἶ

384 3429 556 3486 Allat.
584 3432 939 3505 Μαρκουτζᾶν
972 3430 1132 3502 legit,
1168 3443 1496 3500 anonymue
1530 3443 1665 3482 vero
1709 3442 1822 3480 ms.
1876 3440 2049 3495 quem

386 3519 636 3577 Allatius
666 3520 946 3575 exscribit
976 3520 1035 3574 in
1085 3518 1331 3573 Exercit.
1377 3521 1581 3571 contra
1631 3518 2049 3587 Creygtonum,

387 3627 445 3682 p.
508 3611 637 3677 605,
699 3606 1091 3683 Μαλχουτζάν.
1154 3608 1227 3663 Et
1302 3608 1548 3662 fortasse
1605 3608 1949 3680 μαρκουτζᾶς
1994 3606 2052 3658 in

387 3700 1035 3772 Barberinolegendum
1062 3699 1190 3769 fuit,
1211 3697 1517 3754 fallentein
1538 3716 1647 3755 ms.
1666 3697 2056 3754 similitudine

392 3791 801 3847 characterum
839 3812 878 3863 μ
908 3796 963 3846 et
982 3810 1016 3845 κ
1040 3792 1137 3860 (1).

465 3878 698 3953 Μάρπου
730 3882 881 3952 p.28
914 3885 970 3936 et
1005 3882 1120 3936 102.
1148 3879 1601 3952 Dyrrhachiensi
1626 3879 1900 3951 episcopo
1952 3893 2055 3948 pro

395 3969 676 4025 Michaele
708 3968 1028 4041 Paleeologo
1060 3969 1255 4025 adhuc
1289 3968 1512 4039 privato
1559 3974 1617 4024 et
1644 3973 1771 4023 tum
1826 3965 2057 4038 pericli-

398 4062 561 4114 tante
593 4076 659 4116 ac
690 4059 941 4115 sollicito
974 4060 1157 4115 Deum
1196 4060 1383 4115 oranti
1436 4060 1635 4114 audita
1670 4075 1782 4113 vox
1813 4058 2061 4111 refertur

394 4150 715 4223 incognita,
758 4151 981 4207 nullam
1019 4153 1088 4208 ad
1142 4152 1405 4224 linguam
1461 4151 1781 4222 pertinens,
1816 4148 2057 4219 Marpou,

396 4256 575 4311 quam
611 4242 721 4297 sibi
758 4242 1058 4297 recitatum
1096 4242 1324 4296 Manuel
1372 4240 1688 4313 Disypatus
1745 4239 2059 4309 episcopus

394 4328 941 4385 Thessalonicensis
968 4332 1052 4385 sic
1084 4334 1174 4384 est
1205 4329 1654 4399 interpretatus,
1689 4332 1751 4381 ut
1786 4326 2059 4397 portendi

399 4434 501 4490 per
531 4436 660 4475 eam
694 4420 1006 4491 imperium
1035 4418 1304 4473 Michaeli
1337 4419 1594 4473 diceret:
1622 4416 1868 4471 indicari
1902 4414 2059 4471 enim

397 4508 513 4565 isto
540 4511 841 4581 vocabulo,
877 4527 945 4565 ex
971 4509 1178 4582 primis
1223 4524 1321 4565 sex
1370 4508 1787 4565 vocabulorum
1849 4506 2061 4561 litteris

401 4599 747 4675 ἀκροστίχως
802 4601 1074 4669 conﬂato,
1137 4601 1288 4656 hanc
1356 4601 1709 4656 sententiam
1780 4598 2062 4653 divinitus

2122 647 2216 701 nis
2247 647 2426 718 ampli
2450 665 2515 704 ac
2547 649 2698 704 beati
2733 649 2942 704 forent.

2195 730 2693 813 Μεγαλοϐλαχῖται
2731 739 2908 810 p.83.
2971 739 3035 794 In
3094 738 3190 794 his
3249 739 3595 811 opponenda
3640 744 3755 811 post

2122 825 2306 881 καλῶν
2323 830 2843 898 distinctiunculae,
2860 830 3066 887 notula
3090 832 3217 898 fuit,
3240 848 3367 902 quae
3392 848 3535 887 mss.
3559 831 3755 900 deerat;

2126 935 2198 973 ne
2228 920 2345 974 diei
2367 920 2664 976 videretur
2702 920 2987 976 Achillem
3014 922 3140 992 jam
3176 926 3303 975 tum
3358 937 3465 976 suo
3520 924 3758 993 tempore

2126 1010 2435 1067 Phthiotas
2469 1030 2607 1069 suos
2637 1012 3159 1085 Megaloblachitas
3201 1011 3551 1085 appellasse.
3583 1012 3683 1068 Sed
3714 1015 3762 1066 et

2128 1116 2255 1155 cum
2292 1102 2666 1174 participium
2699 1101 2884 1156 καλῶν
2925 1102 3140 1158 Joanni
3200 1102 3565 1174 ndjungitur,
3598 1101 3651 1155 id
3691 1100 3761 1155 ita

2129 1190 2606 1265 intelligendum,
2641 1198 2705 1249 ut
2727 1212 2841 1249 non
2877 1193 3039 1250 solus
3071 1194 3155 1249 ita
3183 1211 3284 1249 eos
3322 1198 3551 1249 vocaret
3579 1209 3591 1248 :
3623 1209 3761 1248 com-

2134 1285 2389 1339 muniter
2416 1286 2554 1343 581
2618 1286 2775 1342 enim
2824 1303 2893 1342 ea.
2941 1289 3295 1357 tempestate
3342 1283 3661 1340 invaluerat
3711 1286 3764 1337 ut

2130 1373 2447 1430 Thessaliae
2511 1380 2791 1431 montana
2844 1376 3059 1448 Magna
3134 1374 3377 1431 Blachia
3424 1378 3767 1430 vocarentur.

2133 1462 2369 1518 Nicetas
2415 1465 2472 1518 in
2516 1464 2804 1520 Balduino
2861 1466 3143 1535 Frandro,
3196 1481 3252 1536 p.
3286 1464 3396 1519 313
3450 1464 3564 1519 ed..
3609 1460 3763 1517 Basil.

2135 1569 2228 1606 an.
2270 1553 2451 1607 1557:
2490 1551 2610 1607 Ἐπὶ
2664 1549 2721 1606 δὲ
2777 1551 2993 1614 τούτοις
3046 1550 3135 1606 καὶ
3169 1548 3345 1606 ἄλλος
3404 1572 3485 1613 τις
3541 1550 3606 1604 τὰ
3659 1555 3769 1604 8:“:-

2133 1637 2325 1701 ταλῖας
2383 1641 2633 1716 κατέχων
2698 1642 2943 1717 μετέωρα
2978 1687 2991 1710 ,
3056 1638 3089 1696 ἃ
3144 1645 3234 1695 νῦν
3308 1639 3518 1717 μεγάλη
3577 1636 3771 1713 Βλαχῐα

2135 1727 2512 1801 κικλήσκεται,
2555 1733 2849 1807 τοπάρχης
2882 1732 2946 1800 ἦν
2974 1736 3082 1786 τῶν
3115 1729 3247 1789 ἐκεῖ.
3282 1731 3494 1803 Hujus,
3521 1730 3617 1805 qui
3646 1736 3770 1785 tem-

2139 1837 2276 1891 pore
2310 1822 2579 1877 Balduini
2608 1822 3119 1894 Megaloblachitis
3151 1822 3607 1894 imperitaverat,
3639 1836 3772 1876 unus

2138 1926 2168 1963 e
2198 1911 2641 1967 successoribus
2677 1911 2787 1967 fuit
2820 1911 2910 1967 hic
2930 1912 3187 1968 Joannes
3214 1911 3517 1967 Michaelis
3548 1911 3773 1982 despota:

2153 2000 2485 2067 nothus,de
2531 2017 2644 2072 quo
2677 2001 2773 2057 hic
2830 2002 3243 2075 Pachymeres.
3305 2001 3571 2060 Meminit
3621 1999 3770 2054 etiam

2156 2087 2398 2162 μεγάλης
2430 2087 2681 2164 Βλαιχίας
2740 2092 3024 2163 Georgius
3056 2094 3326 2166 Acropol.
3356 2095 3490 2149 Hist.
3541 2094 3672 2146 sect.
3704 2088 3777 2152 15,

2154 2196 2210 2251 p.
2243 2181 2315 2235 23
2351 2182 2441 2236 ed.
2475 2188 2618 2254 Reg.
2654 2187 2706 2236 et
2741 2188 2881 2238 sect.
2916 2184 3005 2247 38,
3039 2201 3094 2256 p.
3127 2185 3215 2239 33.

2226 2267 2435 2324 Μὲλεοι
2480 2290 2536 2343 p.
2570 2274 2694 2329 478,
2728 2272 2797 2325 Τὸ
2834 2270 2891 2325 δὲ
2939 2278 3039 2341 τῆς
3093 2272 3283 2349 μάχης
3342 2304 3411 2315 —-
3466 2270 3558 2345 μὶν
3606 2266 3781 2344 ἐφεῖτο.

2154 2361 2283 2416 Haec
2314 2362 2484 2417 valde
2516 2362 2792 2434 perplexa
2826 2369 2982 2431 sunt,
3019 2381 3182 2419 more
3215 2382 3281 2420 ac
3316 2364 3512 2419 indole
3530 2358 3784 2422 auctoris,

2156 2468 2271 2505 non
2305 2468 2436 2506 raro
2489 2454 2753 2523 quaedem
2789 2452 3092 2509 dimidiata
3145 2454 3536 2527 congerentis.
3568 2449 3785 2504 Videtur

2155 2544 2351 2595 autem
2387 2541 2480 2597 hic
2502 2542 2845 2597 summatim
2875 2547 2933 2598 et
2979 2542 3233 2614 fastagia
3265 2559 3510 2615 carpens
3557 2538 3786 2595 indicare

2156 2647 2285 2702 quae
2346 2635 2546 2686 essent
2601 2635 2743 2685 tunc
2793 2631 3097 2688 hominum
3150 2632 3403 2705 querelae
3458 2633 3527 2687 de
3574 2624 3780 2698 scriptis

2155 2721 2344 2776 Veeci.
2402 2721 2578 2776 Porro
2626 2738 2735 2777 vox
2787 2720 2973 2793 μέλεοι
3025 2723 3109 2779 sic
3157 2722 3239 2778 ibi
3284 2724 3534 2795 abrupta
3580 2717 3783 2792 pendet:

2158 2812 2396 2882 punctis
2427 2811 2625 2866 clausa
2656 2812 2715 2867 in
2748 2817 2998 2884 utroque
3032 2829 3121 2868 ms
3156 2813 3196 2867 Β
3227 2817 3285 2868 et
3341 2815 3387 2868 A
3420 2828 3432 2867 :
3494 2826 3622 2866 nam
3654 2803 3785 2862 Vati-

2159 2916 2343 2955 canus
2374 2901 2533 2956 bunc
2562 2901 2781 2967 locum,
2814 2906 2878 2956 ut
2906 2904 3297 2959 fere'casteros
3330 2900 3615 2967 difficiles,
3639 2910 3779 2951 secu-

2159 3006 2261 3045 rus
2290 2991 2566 3045 transilit.
2605 2989 2845 3061 Μέλεον,
2880 2996 2944 3047 ut
2970 2997 3171 3048 notum
3209 2998 3321 3065 est,
3380 2990 3661 3063 significat
3702 2985 3779 3038 in-

2160 3096 2371 3135 cassum
2392 3098 2412 3142 ;
2440 3082 2593 3136 unde
2629 3086 2685 3137 et
2718 3099 2927 3137 nomen
2979 3081 3176 3154 μέλεος
3209 3088 3320 3149 est,
3350 3097 3560 3139 vanum
3592 3081 3643 3134 et
3695 3089 3775 3129 su-

2160 3187 2586 3242 pervacaneum
2622 3188 2861 3227 sonans.
2888 3173 2946 3228 Si
2966 3174 3380 3228 emendatione
3397 3168 3676 3227 curandus
3703 3161 3781 3216 hic

2168 3261 2329 3315 locus
2363 3264 2536 3331 esset,
2571 3265 2771 3332 posset
2803 3262 3041 3317 rescribi
3071 3259 3291 3333 μέλεον,
3316 3256 3782 3325 utintelligeretur

2166 3349 2446 3420 dogmata
2474 3350 2973 3419 moverirfrnstra,
3007 3350 3333 3421 incassum,
3388 3342 3777 3419 intempestive.

2163 3439 2272 3493 Sed
2310 3438 2519 3493 melius
2550 3438 2695 3494 citra
2727 3439 2907 3494 uliam
2941 3440 2998 3494 in
3022 3445 3297 3497 contextu
3323 3438 3688 3495 mutationem
3709 3429 3779 3482 in-

2165 3526 2501 3598 telligemus
2516 3544 2640 3583 com
2652 3527 2960 3583 memorari
2981 3544 3110 3583 sum
3122 3529 3307 3585 marie
3321 3534 3377 3584 et
3402 3543 3493 3600 pe1
3514 3516 3779 3579 inchoatas

2163 3620 2396 3671 tantum
2428 3616 2661 3681 seetias,
2696 3634 2823 3687 quae
2854 3622 2996 3672 tunc
3056 3635 3153 3673 ore
3210 3617 3370 3691 vulgi
3422 3619 3615 3672 contra
3664 3610 3780 3660 Vec-

2166 3723 2296 3761 cum
2332 3711 2388 3761 et
2420 3709 2468 3762 ei
2503 3708 2866 3779 adgaerentes
2890 3708 3297 3778 jactabantur,
3349 3708 3471 3762 haec
3514 3700 3779 3759 nimirum.

2166 3796 2369 3852 moveri
2382 3798 2453 3851 ab
2467 3797 2536 3851 ad
2548 3796 2684 3868 ipsis
2697 3798 3074 3869 intempestive
3092 3798 3377 3866 dogmata.
3412 3798 3577 3851 Vanos
3594 3802 3697 3845 esse
3706 3785 3779 3838 ho-

2166 3889 2345 3941 mines
2375 3892 2423 3941 et
2454 3888 2651 3942 inania
2705 3888 2990 3943 miscentes
3038 3888 3256 3959 jurgia,
3308 3898 3418 3945 etc.
3481 3877 3781 3953 Ειῳὶθνίίιυθ

2168 3975 2523 4048 incomplete
2551 3977 2735 4031 oratio
2772 3982 2972 4049 posset
3001 3979 3316 4048 repetendo
3346 3975 3405 4029 τὸ
3436 3974 3517 4028 ὅτι
3548 3963 3780 4041 superius

2169 4066 2451 4136 positum,
2502 4067 2561 4120 in
2613 4066 2769 4121 hunc
2816 4067 3085 4134 modum,
3134 4064 3217 4119 ὅτι
3273 4057 3777 4132 κινοῦνταιδόγματα,

2170 4152 2253 4207 ὅτι
2286 4153 2474 4226 μὲλεοί
2506 4153 2631 4223 εἶσι,
2666 4160 2774 4210 etc.
2830 4160 2957 4212 Mox
2990 4156 3190 4212 recitat
3217 4157 3397 4212 verba
3454 4154 3577 4226 ipsa
3622 4154 3779 4214 reprc'

2170 4244 2558 4300 hendentium
2590 4245 2843 4301 Veccum
2886 4251 2943 4301 et
2973 4262 3254 4318 sequaces
3286 4247 3413 4317 ejus
3465 4260 3477 4298 :
3511 4239 3635 4297 Εἶτα
3681 4229 3780 4301 ὑμῖν

2171 4331 2374 4409 ἐφεῖτο,
2409 4339 2518 4389 etc.

2247 4421 2505 4490 Μεσάζων
2563 4442 2619 4496 p.
2692 4426 2818 4480 352.
2900 4426 3234 4482 Chronicon
3321 4404 3776 4482 Constantinopel.

2178 4510 2479 4583 μεσάζοντα
2502 4530 2713 4570 nomen
2751 4514 3057 4586 dignitatis
3102 4516 3390 4587 agnoscit,
3454 4523 3621 4584 quam
3673 4508 3775 4587 cum

2177 4604 2375 4675 magni
2408 4605 2595 4675 ducis,
2631 4607 2828 4678 magni
2862 4585 3170 4662 domestici
3214 4612 3275 4663 et
3304 4591 3716 4679 protostratoris
3738 4585 3773 4679 et

400 4696 703 4748 ostensam
744 4709 756 4745 :
794 4691 1030 4749 Michael
1087 4691 1366 4759 Augustus
1424 4692 1792 4746 Romonorum
1848 4688 2063 4743 Palaeo-
2098 4678 2142 4741 D
2176 4696 2596 4763 protovestiarii
2620 4675 3007 4767 dignitatibus
3028 4675 3413 4768 amplissimis
3442 4675 3776 4759 comparatet

403 4782 557 4853 logus
586 4783 737 4839 ocius
764 4784 1065 4838 vocabitur.
1108 4782 1201 4836 Sic
1232 4782 1438 4835 Latine
1481 4779 1879 4850 expressimus
1938 4793 2061 4831 ser-

404 4878 538 4929 vata
585 4874 1008 4930 elementorum
1072 4873 1315 4928 veritate
1367 4871 1467 4926 illa
1520 4872 1761 4926 Graeca:
1822 4863 2061 4941 Μιχαὴλ

407 4958 533 5033 ἅναξ
562 4963 855 5037 Ῥωμαίων
890 4960 1272 5035 Ηαλαιολόγος
1303 4960 1467 5032 ὀξέως
1504 4958 1896 5032 ὑμνηθήσεταν

477 5055 562 5127 [Ρ.
599 5057 724 5128 400]
757 5055 1031 5129 Ματρώνα
1062 5072 1119 5127 p.
1154 5055 1244 5108 33.
1278 5058 1555 5109 Matronae
1584 5069 1795 5106 nomen
1822 5048 2065 5105 inveteri

405 5160 517 5199 usu
543 5143 939 5201 Romanorum
963 5148 1134 5201 sonat
1155 5142 1456 5199 mulierem
1483 5141 1791 5213 patriciam
1814 5144 1869 5195 et
1892 5144 2065 5211 gente

404 5232 686 5288 nobilem.
720 5234 989 5289 Clemens
1036 5234 1094 5289 in
1130 5233 1283 5288 Actis
1326 5232 1481 5287 Petri
1512 5231 1619 5291 εὩς
1680 5228 1907 5283 καὶτῶν
1967 5226 2061 5281 εὐ-

400 5324 571 5397 γενῶν
621 5326 891 5395 γυναικῶν
942 5322 1035 5382 τὰς
1084 5321 1561 5396 περιφανεστὲρας,
1604 5320 1694 5373 καὶ
1726 5317 1785 5380 ἂς
1816 5320 1843 5372 ὁ
1891 5316 2061 5391 λόγος

408 5410 697 5483 ματρώνας
734 5407 843 5463 οἶδε
874 5409 1083 5467 καλεῖν.
1120 5413 1204 5467 Ait
1232 5428 1367 5485 ergo
1391 5414 1591 5469 Coster
1615 5410 1852 5467 solitum
1886 5410 2064 5464 Theo-

404 5502 616 5558 dorum
649 5504 984 5574 Augustum
1036 5502 1175 5556 viris
1223 5504 1397 5557 domo
1450 5502 1691 5557 minime
1742 5498 2063 5567 nobilibus,

408 5595 684 5649 ceterum
743 5591 899 5663 apud
933 5606 994 5647 se
1012 5590 1310 5661 gratiosis,
1339 5592 1652 5648 conciliare
1686 5588 2066 5647 matrimonia

490 5808 569 5879 (1)
597 5809 683 5867 Cf.
712 5808 970 5865 Glossar.
1002 5805 1171 5863 alter.
1208 5824 1259 5862 v.
1299 5803 1707 5869 Μεσιτιύοντες.

2176 4798 2304 4838 eam
2334 4789 2476 4839 tunc
2508 4786 2787 4841 tributam
2823 4792 3111 4842 memorat
3140 4787 3371 4843 cuidam
3405 4778 3777 4839 Cantacuzenoi

2178 4890 2305 4945 quae
2339 4878 2463 4929 erat
2497 4875 2718 4930 familia
2751 4892 2820 4930 ex
2852 4877 3175 4948 primariis.
3230 4875 3391 4931 Unde
3442 4860 3777 4930 intelligimus

2178 4963 2630 5033 magistratusid
2652 4981 2864 5020 nomen
2890 4965 3074 5021 fuisse
3096 4965 3154 5019 in
3179 4949 3780 5026 ConstantinOpolitana

2177 5051 2311 5108 aulo
2344 5053 2403 5107 in
2448 5054 2656 5125 primis
2688 5054 3007 5125 splendidi,
3043 5056 3135 5109 cui
3170 5050 3537 5126 proportione
3566 5033 3779 5126 similem

2178 5144 2332 5213 apud
2358 5160 2498 5199 suos
2530 5145 2743 5199 Serbos
2770 5144 2859 5199 hic
2885 5117 3249 5199 memoratus
3273 5138 3546 5211 Georgius
3574 5117 3779 5213 gereret:

2174 5204 2552 5303 sequestrum
2591 5233 2793 5289 Latine
2825 5234 3015 5289 dicere
3039 5238 3301 5306 poteram
3330 5250 3343 5287 :
3377 5204 3472 5285 sevd
3503 5236 3622 5279 cum
3647 5204 3783 5306 sit,ut

2178 5301 2291 5376 dixi
2326 5326 2383 5376 et
2422 5323 2717 5378 Meursius
2747 5301 3057 5393 observat,
3074 5321 3377 5395 dignitatis
3410 5301 3780 5395 propriae-GN?“

2176 5428 2377 5466 corum
2413 5429 2651 5481 nomen,
2685 5411 2971 5468 usitatum
3008 5391 3166 5485 ipsis.
3182 5410 3521 5467 vocabulum
3571 5391 3779 5453 retine!“3

2178 5502 2364 5555 satius
2397 5507 2485 5555 est
2513 5502 2703 5557 visum
2731 5502 2828 5572 (2).

2251 5590 2313 5661 [Ρ
2345 5590 2471 5662 401]
2503 5563 2803 5654 Μεσοθιν-ίοι
2832 5590 2921 5645 καὶ
2952 5595 3299 5657 Μεσοθινῖται
3360 5606 3417 5662 p.
3449 5580 3565 5639 310.
3615 5563 3777 5627 Aliae-

2252 5807 2329 5879 (2)
2355 5808 2437 5862 Cf.
2469 5807 2826 5865 Glossarium
2857 5807 3157 5866 alterum.‘
