  <div class='ocr_page' id='page_1' title='image "/cluster/home/n/w/nwhite01/storage/ocr_20150623/143:no.1/coo.31924054870484/532.png"; bbox 0 0 4072 6392; ppageno 0'>
   <div class='ocr_carea' id='block_1_1' title="bbox 358 416 498 470">
    <p class='ocr_par' dir='ltr' id='par_1_1' title="bbox 358 416 498 470">
     <span class='ocr_line' id='line_1_1' title="bbox 358 416 498 470; baseline 0 0"><span class='ocrx_word' id='word_1_1' title='bbox 358 416 498 470; x_wconf 77' lang='grc'>1045</span> 
     </span>
    </p>
   </div>
   <div class='ocr_carea' id='block_1_2' title="bbox 1830 425 2313 483">
    <p class='ocr_par' dir='ltr' id='par_1_2' title="bbox 1830 425 2313 483">
     <span class='ocr_line' id='line_1_2' title="bbox 1830 425 2313 483; baseline 0.006 -3"><span class='ocrx_word' id='word_1_2' title='bbox 1830 425 2313 483; x_wconf 78' lang='lat' dir='ltr'>GLOSSARIUM.</span> 
     </span>
    </p>
   </div>
   <div class='ocr_carea' id='block_1_3' title="bbox 3644 430 3782 484">
    <p class='ocr_par' dir='ltr' id='par_1_3' title="bbox 3644 430 3782 484">
     <span class='ocr_line' id='line_1_3' title="bbox 3644 430 3782 484; baseline 0.007 -1"><span class='ocrx_word' id='word_1_3' title='bbox 3644 430 3782 484; x_wconf 77' lang='grc'>1046</span> 
     </span>
    </p>
   </div>
   <div class='ocr_carea' id='block_1_4' title="bbox 352 541 3779 625">
    <p class='ocr_par' dir='ltr' id='par_1_4' title="bbox 352 541 3779 625">
     <span class='ocr_line' id='line_1_4' title="bbox 352 541 3779 625; baseline 0.004 -27"><span class='ocrx_word' id='word_1_4' title='bbox 352 559 481 609; x_wconf 86' lang='lat' dir='ltr'>nas,</span> <span class='ocrx_word' id='word_1_5' title='bbox 515 541 637 597; x_wconf 85' lang='lat' dir='ltr'>sive</span> <span class='ocrx_word' id='word_1_6' title='bbox 661 546 724 599; x_wconf 92' lang='lat' dir='ltr'>ut</span> <span class='ocrx_word' id='word_1_7' title='bbox 743 543 1086 600; x_wconf 79' lang='lat' dir='ltr'>Eustathius</span> <span class='ocrx_word' id='word_1_8' title='bbox 1113 545 1487 601; x_wconf 86' lang='lat' dir='ltr'>scribendum</span> <span class='ocrx_word' id='word_1_9' title='bbox 1514 549 1773 619; x_wconf 65' lang='lat' dir='ltr'>praecipit</span> <span class='ocrx_word' id='word_1_10' title='bbox 1799 549 2006 621; x_wconf 81' lang='lat' dir='ltr'>pleris-</span> <span class='ocrx_word' id='word_1_11' title='bbox 2036 552 2089 617; x_wconf 87' lang='grc' dir='ltr'><strong>Α</strong></span> <span class='ocrx_word' id='word_1_12' title='bbox 2121 552 2295 620; x_wconf 88' lang='lat' dir='ltr'>dicta,</span> <span class='ocrx_word' id='word_1_13' title='bbox 2331 553 2678 625; x_wconf 77' lang='lat' dir='ltr'>compendio</span> <span class='ocrx_word' id='word_1_14' title='bbox 2714 551 3442 624; x_wconf 88' lang='lat' dir='ltr'>militariterloquentibus</span> <span class='ocrx_word' id='word_1_15' title='bbox 3473 554 3599 608; x_wconf 88' lang='lat' dir='ltr'>tum</span> <span class='ocrx_word' id='word_1_16' title='bbox 3634 554 3779 611; x_wconf 83' lang='lat' dir='ltr'>forte</span> 
     </span>
    </p>
   </div>
   <div class='ocr_carea' id='block_1_5' title="bbox 355 633 2008 705">
    <p class='ocr_par' dir='ltr' id='par_1_5' title="bbox 355 633 2008 705">
     <span class='ocr_line' id='line_1_5' title="bbox 355 633 2008 705; baseline 0.004 -18"><span class='ocrx_word' id='word_1_17' title='bbox 355 649 475 704; x_wconf 92' lang='lat' dir='ltr'>que</span> <span class='ocrx_word' id='word_1_18' title='bbox 516 649 631 688; x_wconf 91' lang='lat' dir='ltr'>non</span> <span class='ocrx_word' id='word_1_19' title='bbox 666 633 1232 705; x_wconf 82' lang='lat' dir='ltr'>obtemperantibus,</span> <span class='ocrx_word' id='word_1_20' title='bbox 1271 636 1597 705; x_wconf 85' lang='lat' dir='ltr'>llalizonos,</span> <span class='ocrx_word' id='word_1_21' title='bbox 1653 644 2008 695; x_wconf 86' lang='lat' dir='ltr'>memoratos</span> 
     </span>
    </p>
   </div>
   <div class='ocr_carea' id='block_1_6' title="bbox 352 724 2003 799">
    <p class='ocr_par' dir='ltr' id='par_1_6' title="bbox 352 724 2003 799">
     <span class='ocr_line' id='line_1_6' title="bbox 352 724 2003 799; baseline 0.004 -21"><span class='ocrx_word' id='word_1_22' title='bbox 352 724 946 794; x_wconf 85' lang='lat' dir='ltr'>Homero,Herodoto,</span> <span class='ocrx_word' id='word_1_23' title='bbox 962 726 1251 794; x_wconf 81' lang='lat' dir='ltr'>Straboni,</span> <span class='ocrx_word' id='word_1_24' title='bbox 1268 726 1561 797; x_wconf 84' lang='lat' dir='ltr'>Stephano</span> <span class='ocrx_word' id='word_1_25' title='bbox 1583 735 1635 783; x_wconf 89' lang='lat' dir='ltr'>el</span> <span class='ocrx_word' id='word_1_26' title='bbox 1657 727 2003 799; x_wconf 87' lang='lat' dir='ltr'>aliis,quan-</span> 
     </span>
    </p>
   </div>
   <div class='ocr_carea' id='block_1_7' title="bbox 354 814 2009 891">
    <p class='ocr_par' dir='ltr' id='par_1_7' title="bbox 354 814 2009 891">
     <span class='ocr_line' id='line_1_7' title="bbox 354 814 2009 891; baseline 0.004 -23"><span class='ocrx_word' id='word_1_27' title='bbox 354 829 531 886; x_wconf 90' lang='lat' dir='ltr'>quam</span> <span class='ocrx_word' id='word_1_28' title='bbox 564 829 700 869; x_wconf 91' lang='lat' dir='ltr'>cum</span> <span class='ocrx_word' id='word_1_29' title='bbox 724 814 925 887; x_wconf 89' lang='lat' dir='ltr'>aliqua</span> <span class='ocrx_word' id='word_1_30' title='bbox 952 815 1257 887; x_wconf 65' lang='lat' dir='ltr'>scriptura;</span> <span class='ocrx_word' id='word_1_31' title='bbox 1292 816 1594 888; x_wconf 77' lang='lat' dir='ltr'>varietate,</span> <span class='ocrx_word' id='word_1_32' title='bbox 1624 818 1871 891; x_wconf 66' lang='lat' dir='ltr'>Scythia:</span> <span class='ocrx_word' id='word_1_33' title='bbox 1900 820 2009 874; x_wconf 85' lang='lat' dir='ltr'>Eu-</span> 
     </span>
    </p>
   </div>
   <div class='ocr_carea' id='block_1_8' title="bbox 353 904 2008 980">
    <p class='ocr_par' dir='ltr' id='par_1_8' title="bbox 353 904 2008 980">
     <span class='ocr_line' id='line_1_8' title="bbox 353 904 2008 980; baseline 0.002 -21"><span class='ocrx_word' id='word_1_34' title='bbox 353 920 554 976; x_wconf 67' lang='lat' dir='ltr'>ropaeis</span> <span class='ocrx_word' id='word_1_35' title='bbox 578 904 848 976; x_wconf 91' lang='lat' dir='ltr'>populos,</span> <span class='ocrx_word' id='word_1_36' title='bbox 872 905 1171 960; x_wconf 88' lang='lat' dir='ltr'>communi</span> <span class='ocrx_word' id='word_1_37' title='bbox 1195 907 1421 962; x_wconf 63' lang='lat' dir='ltr'>Gracia:</span> <span class='ocrx_word' id='word_1_38' title='bbox 1456 908 1781 980; x_wconf 78' lang='lat' dir='ltr'>Byzantti</span> <span class='ocrx_word' id='word_1_39' title='bbox 1804 923 2008 964; x_wconf 87' lang='lat' dir='ltr'>recen-</span> 
     </span>
    </p>
   </div>
   <div class='ocr_carea' id='block_1_9' title="bbox 352 993 2008 1053">
    <p class='ocr_par' dir='ltr' id='par_1_9' title="bbox 352 993 2008 1053">
     <span class='ocr_line' id='line_1_9' title="bbox 352 993 2008 1053; baseline 0.002 -5"><span class='ocrx_word' id='word_1_40' title='bbox 352 994 519 1049; x_wconf 90' lang='lat' dir='ltr'>tioris</span> <span class='ocrx_word' id='word_1_41' title='bbox 551 993 801 1050; x_wconf 90' lang='lat' dir='ltr'>dialecto</span> <span class='ocrx_word' id='word_1_42' title='bbox 821 995 1389 1052; x_wconf 77' lang='lat' dir='ltr'>Mesolhinitasdictos</span> <span class='ocrx_word' id='word_1_43' title='bbox 1403 999 1759 1053; x_wconf 90' lang='lat' dir='ltr'>credendum</span> <span class='ocrx_word' id='word_1_44' title='bbox 1785 998 2008 1053; x_wconf 90' lang='lat' dir='ltr'>scilicet</span> 
     </span>
    </p>
   </div>
   <div class='ocr_carea' id='block_1_10' title="bbox 348 1083 2003 1160">
    <p class='ocr_par' dir='ltr' id='par_1_10' title="bbox 348 1083 2003 1160">
     <span class='ocr_line' id='line_1_10' title="bbox 348 1083 2003 1160; baseline 0.002 -21"><span class='ocrx_word' id='word_1_45' title='bbox 348 1083 724 1156; x_wconf 86' lang='lat' dir='ltr'>Paschymeri</span> <span class='ocrx_word' id='word_1_46' title='bbox 755 1089 863 1141; x_wconf 88' lang='lat' dir='ltr'>est.</span> <span class='ocrx_word' id='word_1_47' title='bbox 898 1086 980 1140; x_wconf 81' lang='lat' dir='ltr'>Ad</span> <span class='ocrx_word' id='word_1_48' title='bbox 1013 1085 1456 1158; x_wconf 83' lang='lat' dir='ltr'>intelligendam</span> <span class='ocrx_word' id='word_1_49' title='bbox 1506 1092 1706 1143; x_wconf 89' lang='lat' dir='ltr'>autem</span> <span class='ocrx_word' id='word_1_50' title='bbox 1740 1088 1869 1158; x_wconf 87' lang='lat' dir='ltr'>ejus</span> <span class='ocrx_word' id='word_1_51' title='bbox 1902 1106 2003 1160; x_wconf 86' lang='lat' dir='ltr'>ap-</span> 
     </span>
    </p>
   </div>
   <div class='ocr_carea' id='block_1_11' title="bbox 347 1170 2005 1247">
    <p class='ocr_par' dir='ltr' id='par_1_11' title="bbox 347 1170 2005 1247">
     <span class='ocr_line' id='line_1_11' title="bbox 347 1170 2005 1247; baseline 0.001 -19"><span class='ocrx_word' id='word_1_52' title='bbox 347 1170 686 1245; x_wconf 81' lang='lat' dir='ltr'>pellationis</span> <span class='ocrx_word' id='word_1_53' title='bbox 722 1175 1004 1230; x_wconf 88' lang='lat' dir='ltr'>rationem</span> <span class='ocrx_word' id='word_1_54' title='bbox 1041 1175 1320 1247; x_wconf 81' lang='lat' dir='ltr'>aflulgere</span> <span class='ocrx_word' id='word_1_55' title='bbox 1349 1177 1502 1234; x_wconf 74' lang='lat'><strong>582</strong></span> <span class='ocrx_word' id='word_1_56' title='bbox 1541 1177 1809 1233; x_wconf 83' lang='lat' dir='ltr'>fortelux</span> <span class='ocrx_word' id='word_1_57' title='bbox 1834 1177 2005 1232; x_wconf 83' lang='lat' dir='ltr'>nobis</span> 
     </span>
    </p>
   </div>
   <div class='ocr_carea' id='block_1_12' title="bbox 347 1262 2003 1339">
    <p class='ocr_par' dir='ltr' id='par_1_12' title="bbox 347 1262 2003 1339">
     <span class='ocr_line' id='line_1_12' title="bbox 347 1262 2003 1339; baseline 0.001 -20"><span class='ocrx_word' id='word_1_58' title='bbox 347 1280 380 1319; x_wconf 89' lang='lat' dir='ltr'>a</span> <span class='ocrx_word' id='word_1_59' title='bbox 411 1262 599 1319; x_wconf 85' lang='lat' dir='ltr'>Plinio</span> <span class='ocrx_word' id='word_1_60' title='bbox 632 1265 863 1335; x_wconf 86' lang='lat' dir='ltr'>poterit,</span> <span class='ocrx_word' id='word_1_61' title='bbox 888 1264 985 1334; x_wconf 89' lang='lat' dir='ltr'>qui</span> <span class='ocrx_word' id='word_1_62' title='bbox 1025 1263 1065 1318; x_wconf 92' lang='lat' dir='ltr'>l.</span> <span class='ocrx_word' id='word_1_63' title='bbox 1114 1282 1168 1335; x_wconf 91' lang='lat' dir='ltr'>v,</span> <span class='ocrx_word' id='word_1_64' title='bbox 1204 1282 1251 1321; x_wconf 91' lang='lat' dir='ltr'>c.</span> <span class='ocrx_word' id='word_1_65' title='bbox 1318 1267 1388 1321; x_wconf 91' lang='lat'>30</span> <span class='ocrx_word' id='word_1_66' title='bbox 1447 1266 1801 1322; x_wconf 88' lang='lat' dir='ltr'>Halisernem</span> <span class='ocrx_word' id='word_1_67' title='bbox 1866 1266 2003 1339; x_wconf 90' lang='lat' dir='ltr'>(nisi</span> 
     </span>
    </p>
   </div>
   <div class='ocr_carea' id='block_1_13' title="bbox 343 1353 2005 1426">
    <p class='ocr_par' dir='ltr' id='par_1_13' title="bbox 343 1353 2005 1426">
     <span class='ocr_line' id='line_1_13' title="bbox 343 1353 2005 1426; baseline 0.003 -19"><span class='ocrx_word' id='word_1_68' title='bbox 343 1370 506 1408; x_wconf 81' lang='lat' dir='ltr'>error</span> <span class='ocrx_word' id='word_1_69' title='bbox 538 1353 597 1408; x_wconf 90' lang='lat' dir='ltr'>in</span> <span class='ocrx_word' id='word_1_70' title='bbox 629 1354 923 1426; x_wconf 89' lang='lat' dir='ltr'>scriptura</span> <span class='ocrx_word' id='word_1_71' title='bbox 953 1354 1060 1426; x_wconf 86' lang='lat' dir='ltr'>est)</span> <span class='ocrx_word' id='word_1_72' title='bbox 1100 1370 1300 1410; x_wconf 90' lang='lat' dir='ltr'>eorum</span> <span class='ocrx_word' id='word_1_73' title='bbox 1350 1355 1643 1411; x_wconf 86' lang='lat' dir='ltr'>civitatem</span> <span class='ocrx_word' id='word_1_74' title='bbox 1695 1356 1753 1411; x_wconf 91' lang='lat' dir='ltr'>in</span> <span class='ocrx_word' id='word_1_75' title='bbox 1806 1373 1874 1411; x_wconf 91' lang='lat' dir='ltr'>ea</span> <span class='ocrx_word' id='word_1_76' title='bbox 1904 1373 2005 1412; x_wconf 88' lang='lat' dir='ltr'>ora</span> 
     </span>
    </p>
   </div>
   <div class='ocr_carea' id='block_1_14' title="bbox 342 1444 1999 1521">
    <p class='ocr_par' dir='ltr' id='par_1_14' title="bbox 342 1444 1999 1521">
     <span class='ocr_line' id='line_1_14' title="bbox 342 1444 1999 1521; baseline 0.002 -22"><span class='ocrx_word' id='word_1_77' title='bbox 342 1444 588 1501; x_wconf 83' lang='lat' dir='ltr'>collocat</span> <span class='ocrx_word' id='word_1_78' title='bbox 618 1463 789 1517; x_wconf 91' lang='lat' dir='ltr'>quam</span> <span class='ocrx_word' id='word_1_79' title='bbox 812 1446 973 1501; x_wconf 85' lang='lat' dir='ltr'>idem</span> <span class='ocrx_word' id='word_1_80' title='bbox 1008 1447 1220 1502; x_wconf 84' lang='lat' dir='ltr'>deinde</span> <span class='ocrx_word' id='word_1_81' title='bbox 1251 1463 1280 1502; x_wconf 93' lang='lat' dir='ltr'>c</span> <span class='ocrx_word' id='word_1_82' title='bbox 1310 1448 1379 1502; x_wconf 84' lang='grc'>32</span> <span class='ocrx_word' id='word_1_83' title='bbox 1408 1466 1441 1502; x_wconf 92' lang='lat' dir='ltr'>a</span> <span class='ocrx_word' id='word_1_84' title='bbox 1481 1448 1704 1521; x_wconf 88' lang='lat' dir='ltr'>Thynis</span> <span class='ocrx_word' id='word_1_85' title='bbox 1756 1450 1999 1505; x_wconf 88' lang='lat' dir='ltr'>univer-</span> 
     </span>
    </p>
   </div>
   <div class='ocr_carea' id='block_1_15' title="bbox 344 1534 2001 1611">
    <p class='ocr_par' dir='ltr' id='par_1_15' title="bbox 344 1534 2001 1611">
     <span class='ocr_line' id='line_1_15' title="bbox 344 1534 2001 1611; baseline 0.003 -22"><span class='ocrx_word' id='word_1_86' title='bbox 344 1552 471 1591; x_wconf 89' lang='lat' dir='ltr'>sam</span> <span class='ocrx_word' id='word_1_87' title='bbox 495 1536 661 1589; x_wconf 84' lang='lat' dir='ltr'>docet</span> <span class='ocrx_word' id='word_1_88' title='bbox 688 1534 1037 1601; x_wconf 83' lang='lat' dir='ltr'>habitatam,</span> <span class='ocrx_word' id='word_1_89' title='bbox 1073 1536 1226 1591; x_wconf 87' lang='lat' dir='ltr'>unde</span> <span class='ocrx_word' id='word_1_90' title='bbox 1253 1538 1410 1608; x_wconf 86' lang='lat' dir='ltr'>quod</span> <span class='ocrx_word' id='word_1_91' title='bbox 1438 1537 1496 1592; x_wconf 93' lang='lat' dir='ltr'>in</span> <span class='ocrx_word' id='word_1_92' title='bbox 1535 1538 1730 1593; x_wconf 90' lang='lat' dir='ltr'>media</span> <span class='ocrx_word' id='word_1_93' title='bbox 1770 1539 2001 1611; x_wconf 78' lang='lat' dir='ltr'>Thynia</span> 
     </span>
    </p>
   </div>
   <div class='ocr_carea' id='block_1_16' title="bbox 342 1624 1996 1700">
    <p class='ocr_par' dir='ltr' id='par_1_16' title="bbox 342 1624 1996 1700">
     <span class='ocr_line' id='line_1_16' title="bbox 342 1624 1996 1700; baseline 0.003 -21"><span class='ocrx_word' id='word_1_94' title='bbox 342 1630 541 1680; x_wconf 80' lang='lat' dir='ltr'>essent</span> <span class='ocrx_word' id='word_1_95' title='bbox 574 1624 737 1680; x_wconf 86' lang='lat' dir='ltr'>facile</span> <span class='ocrx_word' id='word_1_96' title='bbox 754 1625 1082 1698; x_wconf 85' lang='lat' dir='ltr'>Mesothyni</span> <span class='ocrx_word' id='word_1_97' title='bbox 1112 1644 1145 1680; x_wconf 89' lang='lat' dir='ltr'>a</span> <span class='ocrx_word' id='word_1_98' title='bbox 1174 1626 1385 1682; x_wconf 67' lang='lat' dir='ltr'>Graecis</span> <span class='ocrx_word' id='word_1_99' title='bbox 1432 1627 1542 1683; x_wconf 91' lang='lat' dir='ltr'>dici</span> <span class='ocrx_word' id='word_1_100' title='bbox 1606 1629 1921 1700; x_wconf 80' lang='lat' dir='ltr'>potuerint.</span> <span class='ocrx_word' id='word_1_101' title='bbox 1959 1631 1996 1684; x_wconf 84' lang='lat' dir='ltr'><strong>A</strong></span> 
     </span>
    </p>
   </div>
   <div class='ocr_carea' id='block_1_17' title="bbox 342 1714 1996 1790">
    <p class='ocr_par' dir='ltr' id='par_1_17' title="bbox 342 1714 1996 1790">
     <span class='ocr_line' id='line_1_17' title="bbox 342 1714 1996 1790; baseline 0.003 -21"><span class='ocrx_word' id='word_1_102' title='bbox 342 1732 457 1786; x_wconf 86' lang='lat' dir='ltr'>qua</span> <span class='ocrx_word' id='word_1_103' title='bbox 486 1714 844 1787; x_wconf 80' lang='lat' dir='ltr'>etymologia</span> <span class='ocrx_word' id='word_1_104' title='bbox 873 1715 919 1770; x_wconf 88' lang='lat' dir='ltr'>si</span> <span class='ocrx_word' id='word_1_105' title='bbox 946 1715 1080 1787; x_wconf 86' lang='lat' dir='ltr'>quis</span> <span class='ocrx_word' id='word_1_106' title='bbox 1113 1716 1425 1772; x_wconf 74' lang='lat' dir='ltr'>abhorreat</span> <span class='ocrx_word' id='word_1_107' title='bbox 1457 1719 1529 1773; x_wconf 91' lang='lat' dir='ltr'>ob</span> <span class='ocrx_word' id='word_1_108' title='bbox 1554 1718 1996 1790; x_wconf 84' lang='lat' dir='ltr'>discrepantem</span> 
     </span>
    </p>
   </div>
   <div class='ocr_carea' id='block_1_18' title="bbox 343 1804 1999 1880">
    <p class='ocr_par' dir='ltr' id='par_1_18' title="bbox 343 1804 1999 1880">
     <span class='ocr_line' id='line_1_18' title="bbox 343 1804 1999 1880; baseline 0.003 -21"><span class='ocrx_word' id='word_1_109' title='bbox 343 1804 700 1876; x_wconf 83' lang='lat' dir='ltr'>scripturam</span> <span class='ocrx_word' id='word_1_110' title='bbox 734 1804 911 1873; x_wconf 86' lang='lat' dir='ltr'>vocis,</span> <span class='ocrx_word' id='word_1_111' title='bbox 940 1806 1165 1877; x_wconf 77' lang='lat' dir='ltr'>Thynia</span> <span class='ocrx_word' id='word_1_112' title='bbox 1197 1823 1299 1878; x_wconf 89' lang='lat' dir='ltr'>per</span> <span class='ocrx_word' id='word_1_113' title='bbox 1331 1824 1365 1879; x_wconf 87' lang='lat' dir='ltr'>y</span> <span class='ocrx_word' id='word_1_114' title='bbox 1426 1808 1667 1880; x_wconf 88' lang='lat' dir='ltr'>scripta,</span> <span class='ocrx_word' id='word_1_115' title='bbox 1701 1826 1735 1864; x_wconf 89' lang='lat' dir='ltr'>a</span> <span class='ocrx_word' id='word_1_116' title='bbox 1789 1808 1999 1864; x_wconf 89' lang='lat' dir='ltr'>Thinia</span> 
     </span>
    </p>
   </div>
   <div class='ocr_carea' id='block_1_19' title="bbox 2119 641 3775 714">
    <p class='ocr_par' dir='ltr' id='par_1_19' title="bbox 2119 641 3775 714">
     <span class='ocr_line' id='line_1_19' title="bbox 2119 641 3775 714; baseline 0.002 -19"><span class='ocrx_word' id='word_1_117' title='bbox 2119 641 2358 711; x_wconf 89' lang='lat' dir='ltr'>usitato;</span> <span class='ocrx_word' id='word_1_118' title='bbox 2385 643 2557 713; x_wconf 87' lang='lat' dir='ltr'>quale</span> <span class='ocrx_word' id='word_1_119' title='bbox 2585 643 2848 697; x_wconf 86' lang='lat' dir='ltr'>adhiberi</span> <span class='ocrx_word' id='word_1_120' title='bbox 2877 642 3167 714; x_wconf 85' lang='lat' dir='ltr'>hodieque</span> <span class='ocrx_word' id='word_1_121' title='bbox 3188 643 3380 697; x_wconf 87' lang='lat' dir='ltr'>videre</span> <span class='ocrx_word' id='word_1_122' title='bbox 3418 659 3506 697; x_wconf 87' lang='lat' dir='ltr'>me</span> <span class='ocrx_word' id='word_1_123' title='bbox 3532 644 3775 698; x_wconf 86' lang='lat' dir='ltr'>memini</span> 
     </span>
    </p>
   </div>
   <div class='ocr_carea' id='block_1_20' title="bbox 2118 730 3771 805">
    <p class='ocr_par' dir='ltr' id='par_1_20' title="bbox 2118 730 3771 805">
     <span class='ocr_line' id='line_1_20' title="bbox 2118 730 3771 805; baseline 0.002 -21"><span class='ocrx_word' id='word_1_124' title='bbox 2118 730 2176 785; x_wconf 93' lang='lat' dir='ltr'>in</span> <span class='ocrx_word' id='word_1_125' title='bbox 2214 733 2653 787; x_wconf 83' lang='lat' dir='ltr'>narrationibus</span> <span class='ocrx_word' id='word_1_126' title='bbox 2688 733 3023 804; x_wconf 77' lang='lat' dir='ltr'>praeliorum</span> <span class='ocrx_word' id='word_1_127' title='bbox 3046 737 3147 786; x_wconf 88' lang='lat' dir='ltr'>aut</span> <span class='ocrx_word' id='word_1_128' title='bbox 3178 732 3682 805; x_wconf 80' lang='lat' dir='ltr'>oppugnationum</span> <span class='ocrx_word' id='word_1_129' title='bbox 3712 732 3771 787; x_wconf 91' lang='lat' dir='ltr'>in</span> 
     </span>
    </p>
   </div>
   <div class='ocr_carea' id='block_1_21' title="bbox 2120 820 3769 894">
    <p class='ocr_par' dir='ltr' id='par_1_21' title="bbox 2120 820 3769 894">
     <span class='ocr_line' id='line_1_21' title="bbox 2120 820 3769 894; baseline 0.003 -20"><span class='ocrx_word' id='word_1_130' title='bbox 2120 826 2316 875; x_wconf 87' lang='lat' dir='ltr'>nostra</span> <span class='ocrx_word' id='word_1_131' title='bbox 2336 821 2540 889; x_wconf 84' lang='lat' dir='ltr'>Gallia,</span> <span class='ocrx_word' id='word_1_132' title='bbox 2576 823 2673 877; x_wconf 91' lang='lat' dir='ltr'>ubi</span> <span class='ocrx_word' id='word_1_133' title='bbox 2700 820 3270 894; x_wconf 82' lang='lat' dir='ltr'>legiones,Navarica</span> <span class='ocrx_word' id='word_1_134' title='bbox 3293 822 3543 893; x_wconf 84' lang='lat' dir='ltr'>exempli</span> <span class='ocrx_word' id='word_1_135' title='bbox 3571 840 3769 891; x_wconf 85' lang='lat' dir='ltr'>causa,</span> 
     </span>
    </p>
   </div>
   <div class='ocr_carea' id='block_1_22' title="bbox 2115 909 3766 981">
    <p class='ocr_par' dir='ltr' id='par_1_22' title="bbox 2115 909 3766 981">
     <span class='ocr_line' id='line_1_22' title="bbox 2115 909 3766 981; baseline 0.002 -18"><span class='ocrx_word' id='word_1_136' title='bbox 2115 909 2202 964; x_wconf 89' lang='lat' dir='ltr'>vel</span> <span class='ocrx_word' id='word_1_137' title='bbox 2227 910 2666 981; x_wconf 87' lang='lat' dir='ltr'>Norlmannica,</span> <span class='ocrx_word' id='word_1_138' title='bbox 2688 915 2943 967; x_wconf 88' lang='lat' dir='ltr'>Navarra</span> <span class='ocrx_word' id='word_1_139' title='bbox 2975 916 3032 968; x_wconf 87' lang='lat' dir='ltr'>et</span> <span class='ocrx_word' id='word_1_140' title='bbox 3070 911 3459 967; x_wconf 88' lang='lat' dir='ltr'>Nortmannia</span> <span class='ocrx_word' id='word_1_141' title='bbox 3508 911 3620 967; x_wconf 89' lang='lat' dir='ltr'>dici</span> <span class='ocrx_word' id='word_1_142' title='bbox 3653 930 3766 967; x_wconf 92' lang='lat' dir='ltr'>non</span> 
     </span>
    </p>
   </div>
   <div class='ocr_carea' id='block_1_23' title="bbox 2117 999 3766 1071">
    <p class='ocr_par' dir='ltr' id='par_1_23' title="bbox 2117 999 3766 1071">
     <span class='ocr_line' id='line_1_23' title="bbox 2117 999 3766 1071; baseline 0.001 -19"><span class='ocrx_word' id='word_1_143' title='bbox 2117 1016 2246 1053; x_wconf 91' lang='lat' dir='ltr'>raro</span> <span class='ocrx_word' id='word_1_144' title='bbox 2279 999 2576 1071; x_wconf 84' lang='lat' dir='ltr'>leguntur.</span> <span class='ocrx_word' id='word_1_145' title='bbox 2603 1001 2732 1056; x_wconf 86' lang='lat' dir='ltr'>Jam</span> <span class='ocrx_word' id='word_1_146' title='bbox 2770 1001 2914 1056; x_wconf 83' lang='lat' dir='ltr'>satis</span> <span class='ocrx_word' id='word_1_147' title='bbox 2942 1000 3192 1056; x_wconf 70' lang='lat' dir='ltr'>cohaeret</span> <span class='ocrx_word' id='word_1_148' title='bbox 3214 1001 3367 1071; x_wconf 82' lang='lat' dir='ltr'>quod</span> <span class='ocrx_word' id='word_1_149' title='bbox 3405 999 3766 1067; x_wconf 69' lang='lat' dir='ltr'>additur,mi</span> 
     </span>
    </p>
   </div>
   <div class='ocr_carea' id='block_1_24' title="bbox 2119 1086 3765 1163">
    <p class='ocr_par' dir='ltr' id='par_1_24' title="bbox 2119 1086 3765 1163">
     <span class='ocr_line' id='line_1_24' title="bbox 2119 1086 3765 1163; baseline 0.002 -22"><span class='ocrx_word' id='word_1_150' title='bbox 2119 1086 2291 1141; x_wconf 78' lang='grc' dir='ltr'>αὐτῶν</span> <span class='ocrx_word' id='word_1_151' title='bbox 2328 1088 2669 1162; x_wconf 56' lang='grc' dir='ltr'>ὀπτιμάτων,</span> <span class='ocrx_word' id='word_1_152' title='bbox 2695 1090 2753 1145; x_wconf 93' lang='lat' dir='ltr'>in</span> <span class='ocrx_word' id='word_1_153' title='bbox 2784 1108 2898 1163; x_wconf 86' lang='lat' dir='ltr'>quo</span> <span class='ocrx_word' id='word_1_154' title='bbox 2922 1091 3130 1145; x_wconf 88' lang='lat' dir='ltr'>modus</span> <span class='ocrx_word' id='word_1_155' title='bbox 3166 1089 3584 1161; x_wconf 83' lang='lat' dir='ltr'>ipseloquendi</span> <span class='ocrx_word' id='word_1_156' title='bbox 3634 1107 3765 1162; x_wconf 86' lang='lat' dir='ltr'>gra-</span> 
     </span>
    </p>
   </div>
   <div class='ocr_carea' id='block_1_25' title="bbox 2115 1179 3764 1251">
    <p class='ocr_par' dir='ltr' id='par_1_25' title="bbox 2115 1179 3764 1251">
     <span class='ocr_line' id='line_1_25' title="bbox 2115 1179 3764 1251; baseline 0.002 -20"><span class='ocrx_word' id='word_1_157' title='bbox 2115 1179 2410 1234; x_wconf 90' lang='lat' dir='ltr'>dationem</span> <span class='ocrx_word' id='word_1_158' title='bbox 2442 1180 2683 1245; x_wconf 89' lang='lat' dir='ltr'>indicat,</span> <span class='ocrx_word' id='word_1_159' title='bbox 2718 1180 3014 1251; x_wconf 80' lang='lat' dir='ltr'>utaliquid</span> <span class='ocrx_word' id='word_1_160' title='bbox 3043 1179 3302 1251; x_wconf 85' lang='lat' dir='ltr'>amplius</span> <span class='ocrx_word' id='word_1_161' title='bbox 3328 1179 3533 1234; x_wconf 87' lang='lat' dir='ltr'>licetin</span> <span class='ocrx_word' id='word_1_162' title='bbox 3560 1181 3764 1235; x_wconf 90' lang='lat' dir='ltr'>eodem</span> 
     </span>
    </p>
   </div>
   <div class='ocr_carea' id='block_1_26' title="bbox 2114 1268 3767 1341">
    <p class='ocr_par' dir='ltr' id='par_1_26' title="bbox 2114 1268 3767 1341">
     <span class='ocr_line' id='line_1_26' title="bbox 2114 1268 3767 1341; baseline 0.001 -18"><span class='ocrx_word' id='word_1_163' title='bbox 2114 1284 2323 1339; x_wconf 83' lang='lat' dir='ltr'>genere</span> <span class='ocrx_word' id='word_1_164' title='bbox 2354 1270 2667 1341; x_wconf 77' lang='lat' dir='ltr'>optimates</span> <span class='ocrx_word' id='word_1_165' title='bbox 2699 1269 2797 1324; x_wconf 84' lang='lat' dir='ltr'>isti</span> <span class='ocrx_word' id='word_1_166' title='bbox 2834 1270 3015 1325; x_wconf 84' lang='lat' dir='ltr'>fuisse</span> <span class='ocrx_word' id='word_1_167' title='bbox 3066 1269 3495 1340; x_wconf 78' lang='lat' dir='ltr'>intelligantur.</span> <span class='ocrx_word' id='word_1_168' title='bbox 3546 1268 3767 1340; x_wconf 88' lang='lat' dir='ltr'>Nempe</span> 
     </span>
    </p>
   </div>
   <div class='ocr_carea' id='block_1_27' title="bbox 2114 1358 3763 1430">
    <p class='ocr_par' dir='ltr' id='par_1_27' title="bbox 2114 1358 3763 1430">
     <span class='ocr_line' id='line_1_27' title="bbox 2114 1358 3763 1430; baseline 0.001 -18"><span class='ocrx_word' id='word_1_169' title='bbox 2114 1375 2227 1412; x_wconf 90' lang='lat' dir='ltr'>non</span> <span class='ocrx_word' id='word_1_170' title='bbox 2254 1358 2444 1415; x_wconf 87' lang='lat' dir='ltr'>solum</span> <span class='ocrx_word' id='word_1_171' title='bbox 2478 1362 2797 1430; x_wconf 71' lang='lat' dir='ltr'>imperator</span> <span class='ocrx_word' id='word_1_172' title='bbox 2818 1358 3156 1413; x_wconf 79' lang='lat' dir='ltr'>Michaelem</span> <span class='ocrx_word' id='word_1_173' title='bbox 3190 1359 3343 1415; x_wconf 75' lang='lat'><strong>583</strong></span> <span class='ocrx_word' id='word_1_174' title='bbox 3378 1358 3763 1429; x_wconf 70' lang='lat' dir='ltr'>Palaaologum</span> 
     </span>
    </p>
   </div>
   <div class='ocr_carea' id='block_1_28' title="bbox 2109 1446 3761 1520">
    <p class='ocr_par' dir='ltr' id='par_1_28' title="bbox 2109 1446 3761 1520">
     <span class='ocr_line' id='line_1_28' title="bbox 2109 1446 3761 1520; baseline -0.001 -19"><span class='ocrx_word' id='word_1_175' title='bbox 2109 1446 2325 1520; x_wconf 83' lang='lat' dir='ltr'>legioni</span> <span class='ocrx_word' id='word_1_176' title='bbox 2357 1449 2697 1505; x_wconf 86' lang='lat' dir='ltr'>Halizonum</span> <span class='ocrx_word' id='word_1_177' title='bbox 2725 1448 3085 1504; x_wconf 68' lang='lat' dir='ltr'>Mesotbinize</span> <span class='ocrx_word' id='word_1_178' title='bbox 3107 1447 3279 1519; x_wconf 86' lang='lat' dir='ltr'>vulgo</span> <span class='ocrx_word' id='word_1_179' title='bbox 3304 1453 3651 1520; x_wconf 70' lang='lat' dir='ltr'>nuncupata:</span> <span class='ocrx_word' id='word_1_180' title='bbox 3685 1446 3761 1510; x_wconf 80' lang='grc' dir='ltr'>εἷς</span> 
     </span>
    </p>
   </div>
   <div class='ocr_carea' id='block_1_29' title="bbox 2108 1534 3763 1613">
    <p class='ocr_par' dir='ltr' id='par_1_29' title="bbox 2108 1534 3763 1613">
     <span class='ocr_line' id='line_1_29' title="bbox 2108 1534 3763 1613; baseline 0.001 -23"><span class='ocrx_word' id='word_1_181' title='bbox 2108 1535 2351 1613; x_wconf 73' lang='grc' dir='ltr'>κεφαλὴν</span> <span class='ocrx_word' id='word_1_182' title='bbox 2383 1534 2560 1608; x_wconf 63' lang='grc' dir='ltr'>ἔταξεν</span> <span class='ocrx_word' id='word_1_183' title='bbox 2595 1541 2727 1594; x_wconf 82' lang='lat' dir='ltr'>meil</span> <span class='ocrx_word' id='word_1_184' title='bbox 2756 1556 2823 1593; x_wconf 81' lang='lat' dir='ltr'>en</span> <span class='ocrx_word' id='word_1_185' title='bbox 2855 1543 3011 1608; x_wconf 71' lang='lat' dir='ltr'>(este,</span> <span class='ocrx_word' id='word_1_186' title='bbox 3044 1542 3105 1593; x_wconf 91' lang='lat' dir='ltr'>ut</span> <span class='ocrx_word' id='word_1_187' title='bbox 3140 1536 3284 1592; x_wconf 84' lang='lat' dir='ltr'>Galli</span> <span class='ocrx_word' id='word_1_188' title='bbox 3319 1537 3491 1591; x_wconf 87' lang='lat' dir='ltr'>hodie</span> <span class='ocrx_word' id='word_1_189' title='bbox 3514 1537 3763 1609; x_wconf 88' lang='lat' dir='ltr'>loquun-</span> 
     </span>
    </p>
   </div>
   <div class='ocr_carea' id='block_1_30' title="bbox 2107 1626 3755 1699">
    <p class='ocr_par' dir='ltr' id='par_1_30' title="bbox 2107 1626 3755 1699">
     <span class='ocr_line' id='line_1_30' title="bbox 2107 1626 3755 1699; baseline 0.001 -19"><span class='ocrx_word' id='word_1_190' title='bbox 2107 1631 2226 1692; x_wconf 88' lang='lat' dir='ltr'>tur,</span> <span class='ocrx_word' id='word_1_191' title='bbox 2259 1628 2367 1684; x_wconf 90' lang='lat' dir='ltr'>hoc</span> <span class='ocrx_word' id='word_1_192' title='bbox 2391 1633 2499 1696; x_wconf 90' lang='lat' dir='ltr'>est,</span> <span class='ocrx_word' id='word_1_193' title='bbox 2547 1629 2752 1684; x_wconf 90' lang='lat' dir='ltr'>ducem</span> <span class='ocrx_word' id='word_1_194' title='bbox 2812 1628 3164 1699; x_wconf 60' lang='lat' dir='ltr'>praposuit:</span> <span class='ocrx_word' id='word_1_195' title='bbox 3228 1628 3326 1681; x_wconf 89' lang='lat' dir='ltr'>sed</span> <span class='ocrx_word' id='word_1_196' title='bbox 3367 1626 3564 1692; x_wconf 89' lang='lat' dir='ltr'>etiam,</span> <span class='ocrx_word' id='word_1_197' title='bbox 3599 1628 3755 1697; x_wconf 90' lang='lat' dir='ltr'>quod</span> 
     </span>
    </p>
   </div>
   <div class='ocr_carea' id='block_1_31' title="bbox 2106 1714 3750 1785">
    <p class='ocr_par' dir='ltr' id='par_1_31' title="bbox 2106 1714 3750 1785">
     <span class='ocr_line' id='line_1_31' title="bbox 2106 1714 3750 1785; baseline 0 -16"><span class='ocrx_word' id='word_1_198' title='bbox 2106 1714 2591 1772; x_wconf 76' lang='lat' dir='ltr'>honorificentius</span> <span class='ocrx_word' id='word_1_199' title='bbox 2616 1717 2743 1785; x_wconf 79' lang='lat' dir='ltr'>fuit,</span> <span class='ocrx_word' id='word_1_200' title='bbox 2779 1718 3022 1771; x_wconf 85' lang='lat' dir='ltr'>subesse</span> <span class='ocrx_word' id='word_1_201' title='bbox 3045 1715 3232 1770; x_wconf 89' lang='lat' dir='ltr'>eidem</span> <span class='ocrx_word' id='word_1_202' title='bbox 3255 1714 3438 1769; x_wconf 90' lang='lat' dir='ltr'>voluit</span> <span class='ocrx_word' id='word_1_203' title='bbox 3455 1714 3750 1770; x_wconf 81' lang='lat' dir='ltr'>cohortem</span> 
     </span>
    </p>
   </div>
   <div class='ocr_carea' id='block_1_32' title="bbox 2106 1802 3753 1877">
    <p class='ocr_par' dir='ltr' id='par_1_32' title="bbox 2106 1802 3753 1877">
     <span class='ocr_line' id='line_1_32' title="bbox 2106 1802 3753 1877; baseline 0.002 -21"><span class='ocrx_word' id='word_1_204' title='bbox 2106 1802 2423 1877; x_wconf 69' lang='grc' dir='ltr'>ὀπτιμάτων</span> <span class='ocrx_word' id='word_1_205' title='bbox 2459 1806 2697 1875; x_wconf 84' lang='lat' dir='ltr'>dictam,</span> <span class='ocrx_word' id='word_1_206' title='bbox 2727 1807 2795 1860; x_wconf 91' lang='lat' dir='ltr'>de</span> <span class='ocrx_word' id='word_1_207' title='bbox 2828 1822 2941 1876; x_wconf 89' lang='lat' dir='ltr'>qua</span> <span class='ocrx_word' id='word_1_208' title='bbox 2971 1822 3108 1860; x_wconf 84' lang='lat' dir='ltr'>voce</span> <span class='ocrx_word' id='word_1_209' title='bbox 3131 1805 3370 1874; x_wconf 88' lang='lat' dir='ltr'>videsis,</span> <span class='ocrx_word' id='word_1_210' title='bbox 3404 1805 3602 1873; x_wconf 87' lang='lat' dir='ltr'>lector,</span> <span class='ocrx_word' id='word_1_211' title='bbox 3627 1822 3753 1875; x_wconf 79' lang='lat' dir='ltr'>quas</span> 
     </span>
    </p>
   </div>
   <div class='ocr_carea' id='block_1_33' title="bbox 342 1894 3754 1983">
    <p class='ocr_par' dir='ltr' id='par_1_33' title="bbox 342 1894 3754 1983">
     <span class='ocr_line' id='line_1_33' title="bbox 342 1894 3754 1983; baseline -0 -34"><span class='ocrx_word' id='word_1_212' title='bbox 342 1894 1234 1967; x_wconf 87' lang='lat' dir='ltr'>Pachymerimemorata,quam</span> <span class='ocrx_word' id='word_1_213' title='bbox 1262 1897 1991 1970; x_wconf 81' lang='lat' dir='ltr'>illeubiqueperiscribit,</span> <span class='ocrx_word' id='word_1_214' title='bbox 2026 1919 2073 1983; x_wconf 81' lang='grc' dir='ltr'><strong>Β</strong></span> <span class='ocrx_word' id='word_1_215' title='bbox 2105 1895 2278 1965; x_wconf 85' lang='lat' dir='ltr'>paulo</span> <span class='ocrx_word' id='word_1_216' title='bbox 2310 1896 2554 1951; x_wconf 81' lang='lat' dir='ltr'>inferius</span> <span class='ocrx_word' id='word_1_217' title='bbox 2603 1896 3037 1950; x_wconf 85' lang='lat' dir='ltr'>adnotabimus.</span> <span class='ocrx_word' id='word_1_218' title='bbox 3084 1896 3207 1951; x_wconf 84' lang='lat' dir='ltr'>Non</span> <span class='ocrx_word' id='word_1_219' title='bbox 3254 1894 3754 1983; x_wconf 9' lang='lat' dir='ltr'>omittamgadmo-</span> 
     </span>
    </p>
   </div>
   <div class='ocr_carea' id='block_1_34' title="bbox 337 1983 1993 2057">
    <p class='ocr_par' dir='ltr' id='par_1_34' title="bbox 337 1983 1993 2057">
     <span class='ocr_line' id='line_1_34' title="bbox 337 1983 1993 2057; baseline 0.003 -18"><span class='ocrx_word' id='word_1_220' title='bbox 337 1984 584 2055; x_wconf 87' lang='lat' dir='ltr'>accipiat</span> <span class='ocrx_word' id='word_1_221' title='bbox 614 1983 772 2040; x_wconf 87' lang='lat' dir='ltr'>aliud</span> <span class='ocrx_word' id='word_1_222' title='bbox 809 1984 1196 2057; x_wconf 83' lang='lat' dir='ltr'>veriloquium</span> <span class='ocrx_word' id='word_1_223' title='bbox 1231 1985 1290 2040; x_wconf 91' lang='lat' dir='ltr'>in</span> <span class='ocrx_word' id='word_1_224' title='bbox 1324 1987 1632 2043; x_wconf 88' lang='lat' dir='ltr'>Strabonis</span> <span class='ocrx_word' id='word_1_225' title='bbox 1658 1988 1993 2044; x_wconf 83' lang='lat' dir='ltr'>testimonio</span> 
     </span>
    </p>
   </div>
   <div class='ocr_carea' id='block_1_35' title="bbox 343 2072 1993 2147">
    <p class='ocr_par' dir='ltr' id='par_1_35' title="bbox 343 2072 1993 2147">
     <span class='ocr_line' id='line_1_35' title="bbox 343 2072 1993 2147; baseline 0.003 -20"><span class='ocrx_word' id='word_1_226' title='bbox 343 2073 673 2128; x_wconf 85' lang='lat' dir='ltr'>fundatum.</span> <span class='ocrx_word' id='word_1_227' title='bbox 698 2075 752 2129; x_wconf 90' lang='lat' dir='ltr'>Is</span> <span class='ocrx_word' id='word_1_228' title='bbox 779 2072 956 2140; x_wconf 84' lang='lat' dir='ltr'>enim,</span> <span class='ocrx_word' id='word_1_229' title='bbox 987 2074 1024 2128; x_wconf 91' lang='lat' dir='ltr'>l.</span> <span class='ocrx_word' id='word_1_230' title='bbox 1054 2074 1266 2139; x_wconf 76' lang='lat' dir='ltr'>x111,in</span> <span class='ocrx_word' id='word_1_231' title='bbox 1310 2075 1552 2131; x_wconf 87' lang='lat' dir='ltr'>Troadis</span> <span class='ocrx_word' id='word_1_232' title='bbox 1603 2076 1993 2147; x_wconf 86' lang='lat' dir='ltr'>descriptione</span> 
     </span>
    </p>
   </div>
   <div class='ocr_carea' id='block_1_36' title="bbox 336 2162 1992 2237">
    <p class='ocr_par' dir='ltr' id='par_1_36' title="bbox 336 2162 1992 2237">
     <span class='ocr_line' id='line_1_36' title="bbox 336 2162 1992 2237; baseline 0.002 -20"><span class='ocrx_word' id='word_1_233' title='bbox 336 2163 702 2218; x_wconf 82' lang='lat' dir='ltr'>Allazonium</span> <span class='ocrx_word' id='word_1_234' title='bbox 736 2163 1017 2235; x_wconf 92' lang='lat' dir='ltr'>oppidum</span> <span class='ocrx_word' id='word_1_235' title='bbox 1043 2164 1083 2218; x_wconf 87' lang='grc' dir='ltr'>Η</span> <span class='ocrx_word' id='word_1_236' title='bbox 1098 2162 1387 2218; x_wconf 90' lang='lat' dir='ltr'>alizonum</span> <span class='ocrx_word' id='word_1_237' title='bbox 1408 2164 1676 2233; x_wconf 86' lang='lat' dir='ltr'>istorum,</span> <span class='ocrx_word' id='word_1_238' title='bbox 1698 2183 1845 2237; x_wconf 92' lang='lat' dir='ltr'>quos</span> <span class='ocrx_word' id='word_1_239' title='bbox 1868 2166 1992 2233; x_wconf 90' lang='lat' dir='ltr'>alii,</span> 
     </span>
    </p>
   </div>
   <div class='ocr_carea' id='block_1_37' title="bbox 333 2251 1991 2322">
    <p class='ocr_par' dir='ltr' id='par_1_37' title="bbox 333 2251 1991 2322">
     <span class='ocr_line' id='line_1_37' title="bbox 333 2251 1991 2322; baseline 0.002 -15"><span class='ocrx_word' id='word_1_240' title='bbox 333 2251 701 2321; x_wconf 89' lang='lat' dir='ltr'>utindicavi,</span> <span class='ocrx_word' id='word_1_241' title='bbox 735 2252 1044 2308; x_wconf 85' lang='lat' dir='ltr'>Allazonas</span> <span class='ocrx_word' id='word_1_242' title='bbox 1096 2258 1321 2322; x_wconf 89' lang='lat' dir='ltr'>vocant,</span> <span class='ocrx_word' id='word_1_243' title='bbox 1375 2253 1620 2310; x_wconf 85' lang='lat' dir='ltr'>collocat</span> <span class='ocrx_word' id='word_1_244' title='bbox 1669 2257 1738 2310; x_wconf 87' lang='lat' dir='ltr'>ad</span> <span class='ocrx_word' id='word_1_245' title='bbox 1792 2254 1991 2312; x_wconf 81' lang='lat' dir='ltr'>laevam</span> 
     </span>
    </p>
   </div>
   <div class='ocr_carea' id='block_1_38' title="bbox 330 2340 1990 2415">
    <p class='ocr_par' dir='ltr' id='par_1_38' title="bbox 330 2340 1990 2415">
     <span class='ocr_line' id='line_1_38' title="bbox 330 2340 1990 2415; baseline 0.003 -18"><span class='ocrx_word' id='word_1_246' title='bbox 330 2341 523 2414; x_wconf 63' lang='lat' dir='ltr'>[Esepi</span> <span class='ocrx_word' id='word_1_247' title='bbox 548 2341 774 2398; x_wconf 87' lang='lat' dir='ltr'>amnis:</span> <span class='ocrx_word' id='word_1_248' title='bbox 811 2342 942 2415; x_wconf 86' lang='lat' dir='ltr'>quia</span> <span class='ocrx_word' id='word_1_249' title='bbox 975 2343 1129 2398; x_wconf 89' lang='lat' dir='ltr'>enim</span> <span class='ocrx_word' id='word_1_250' title='bbox 1184 2340 1265 2405; x_wconf 81' lang='grc' dir='ltr'>οίν</span> <span class='ocrx_word' id='word_1_251' title='bbox 1314 2342 1480 2399; x_wconf 89' lang='lat' dir='ltr'>littus</span> <span class='ocrx_word' id='word_1_252' title='bbox 1534 2345 1745 2400; x_wconf 64' lang='lat' dir='ltr'>Gracis</span> <span class='ocrx_word' id='word_1_253' title='bbox 1797 2351 1990 2414; x_wconf 88' lang='lat' dir='ltr'>sonat,</span> 
     </span>
    </p>
   </div>
   <div class='ocr_carea' id='block_1_39' title="bbox 332 2430 1990 2507">
    <p class='ocr_par' dir='ltr' id='par_1_39' title="bbox 332 2430 1990 2507">
     <span class='ocr_line' id='line_1_39' title="bbox 332 2430 1990 2507; baseline 0.002 -20"><span class='ocrx_word' id='word_1_254' title='bbox 332 2430 638 2488; x_wconf 87' lang='lat' dir='ltr'>Halizones</span> <span class='ocrx_word' id='word_1_255' title='bbox 671 2433 821 2487; x_wconf 89' lang='lat' dir='ltr'>inter</span> <span class='ocrx_word' id='word_1_256' title='bbox 868 2432 1065 2487; x_wconf 88' lang='lat' dir='ltr'>littora</span> <span class='ocrx_word' id='word_1_257' title='bbox 1108 2432 1247 2488; x_wconf 88' lang='lat' dir='ltr'>hinc</span> <span class='ocrx_word' id='word_1_258' title='bbox 1289 2433 1553 2489; x_wconf 88' lang='lat' dir='ltr'>ﬂuminis</span> <span class='ocrx_word' id='word_1_259' title='bbox 1604 2435 1795 2507; x_wconf 62' lang='lat' dir='ltr'>fEsepi</span> <span class='ocrx_word' id='word_1_260' title='bbox 1854 2435 1990 2490; x_wconf 91' lang='lat' dir='ltr'>hinc</span> 
     </span>
    </p>
   </div>
   <div class='ocr_carea' id='block_1_40' title="bbox 329 2521 1990 2597">
    <p class='ocr_par' dir='ltr' id='par_1_40' title="bbox 329 2521 1990 2597">
     <span class='ocr_line' id='line_1_40' title="bbox 329 2521 1990 2597; baseline 0 -20"><span class='ocrx_word' id='word_1_261' title='bbox 329 2521 702 2593; x_wconf 86' lang='lat' dir='ltr'>Propontidis</span> <span class='ocrx_word' id='word_1_262' title='bbox 721 2521 894 2577; x_wconf 89' lang='lat' dir='ltr'>sitam</span> <span class='ocrx_word' id='word_1_263' title='bbox 930 2521 1224 2594; x_wconf 86' lang='lat' dir='ltr'>regionem</span> <span class='ocrx_word' id='word_1_264' title='bbox 1248 2522 1570 2579; x_wconf 85' lang='lat' dir='ltr'>incolentes</span> <span class='ocrx_word' id='word_1_265' title='bbox 1603 2524 1808 2580; x_wconf 79' lang='lat' dir='ltr'>merito</span> <span class='ocrx_word' id='word_1_266' title='bbox 1834 2545 1990 2597; x_wconf 83' lang='grc' dir='ltr'>μεσο-</span> 
     </span>
    </p>
   </div>
   <div class='ocr_carea' id='block_1_41' title="bbox 328 2610 1989 2671">
    <p class='ocr_par' dir='ltr' id='par_1_41' title="bbox 328 2610 1989 2671">
     <span class='ocr_line' id='line_1_41' title="bbox 328 2610 1989 2671; baseline 0.004 -7"><span class='ocrx_word' id='word_1_267' title='bbox 328 2611 525 2665; x_wconf 78' lang='grc' dir='ltr'>θινῖται</span> <span class='ocrx_word' id='word_1_268' title='bbox 556 2610 696 2668; x_wconf 85' lang='lat' dir='ltr'>dicti</span> <span class='ocrx_word' id='word_1_269' title='bbox 734 2612 968 2667; x_wconf 87' lang='lat' dir='ltr'>luerint.</span> <span class='ocrx_word' id='word_1_270' title='bbox 1022 2612 1135 2668; x_wconf 85' lang='lat' dir='ltr'>Nec</span> <span class='ocrx_word' id='word_1_271' title='bbox 1176 2613 1501 2669; x_wconf 89' lang='lat' dir='ltr'>omittenda</span> <span class='ocrx_word' id='word_1_272' title='bbox 1558 2631 1627 2669; x_wconf 86' lang='lat' dir='ltr'>ex</span> <span class='ocrx_word' id='word_1_273' title='bbox 1684 2616 1989 2671; x_wconf 87' lang='lat' dir='ltr'>occasione</span> 
     </span>
    </p>
   </div>
   <div class='ocr_carea' id='block_1_42' title="bbox 330 2700 1987 2776">
    <p class='ocr_par' dir='ltr' id='par_1_42' title="bbox 330 2700 1987 2776">
     <span class='ocr_line' id='line_1_42' title="bbox 330 2700 1987 2776; baseline 0.002 -18"><span class='ocrx_word' id='word_1_274' title='bbox 330 2702 646 2758; x_wconf 85' lang='lat' dir='ltr'>declaratio</span> <span class='ocrx_word' id='word_1_275' title='bbox 672 2700 783 2757; x_wconf 92' lang='lat' dir='ltr'>loci</span> <span class='ocrx_word' id='word_1_276' title='bbox 819 2702 1000 2757; x_wconf 86' lang='lat' dir='ltr'>nostri</span> <span class='ocrx_word' id='word_1_277' title='bbox 1036 2702 1315 2772; x_wconf 89' lang='lat' dir='ltr'>auctoris,</span> <span class='ocrx_word' id='word_1_278' title='bbox 1350 2720 1398 2759; x_wconf 86' lang='grc' dir='ltr'>ο.</span> <span class='ocrx_word' id='word_1_279' title='bbox 1453 2705 1506 2772; x_wconf 89' lang='lat'>9,</span> <span class='ocrx_word' id='word_1_280' title='bbox 1552 2703 1590 2761; x_wconf 94' lang='lat' dir='ltr'>l.</span> <span class='ocrx_word' id='word_1_281' title='bbox 1629 2721 1668 2771; x_wconf 82' lang='grc' dir='ltr'>ι,</span> <span class='ocrx_word' id='word_1_282' title='bbox 1711 2704 1803 2760; x_wconf 92' lang='lat' dir='ltr'>cui</span> <span class='ocrx_word' id='word_1_283' title='bbox 1858 2722 1987 2776; x_wconf 69' lang='lat' dir='ltr'>qua:</span> 
     </span>
    </p>
   </div>
   <div class='ocr_carea' id='block_1_43' title="bbox 328 2791 1983 2864">
    <p class='ocr_par' dir='ltr' id='par_1_43' title="bbox 328 2791 1983 2864">
     <span class='ocr_line' id='line_1_43' title="bbox 328 2791 1983 2864; baseline 0.001 -17"><span class='ocrx_word' id='word_1_284' title='bbox 328 2792 423 2847; x_wconf 88' lang='lat' dir='ltr'>hic</span> <span class='ocrx_word' id='word_1_285' title='bbox 469 2791 725 2847; x_wconf 82' lang='lat' dir='ltr'>diximus</span> <span class='ocrx_word' id='word_1_286' title='bbox 784 2792 966 2847; x_wconf 81' lang='lat' dir='ltr'>facem</span> <span class='ocrx_word' id='word_1_287' title='bbox 1026 2792 1363 2864; x_wconf 66' lang='lat' dir='ltr'>praeferunt.</span> <span class='ocrx_word' id='word_1_288' title='bbox 1415 2792 1703 2849; x_wconf 87' lang='lat' dir='ltr'>Scribitur</span> <span class='ocrx_word' id='word_1_289' title='bbox 1752 2793 1829 2849; x_wconf 87' lang='lat' dir='ltr'>ibi</span> <span class='ocrx_word' id='word_1_290' title='bbox 1862 2794 1983 2849; x_wconf 88' lang='lat' dir='ltr'>sic:</span> 
     </span>
    </p>
   </div>
   <div class='ocr_carea' id='block_1_44' title="bbox 327 2877 1987 2959">
    <p class='ocr_par' dir='ltr' id='par_1_44' title="bbox 327 2877 1987 2959">
     <span class='ocr_line' id='line_1_44' title="bbox 327 2877 1987 2959; baseline -0.006 -22"><span class='ocrx_word' id='word_1_291' title='bbox 327 2880 467 2938; x_wconf 77' lang='grc' dir='ltr'>Τότε</span> <span class='ocrx_word' id='word_1_292' title='bbox 517 2877 583 2949; x_wconf 75' lang='grc' dir='ltr'>δὴ</span> <span class='ocrx_word' id='word_1_293' title='bbox 634 2878 725 2935; x_wconf 71' lang='grc' dir='ltr'>καὶ</span> <span class='ocrx_word' id='word_1_294' title='bbox 773 2883 870 2934; x_wconf 76' lang='grc' dir='ltr'>τοῦ</span> <span class='ocrx_word' id='word_1_295' title='bbox 921 2877 1308 2955; x_wconf 77' lang='grc' dir='ltr'>[Ιαλαιολὸγου</span> <span class='ocrx_word' id='word_1_296' title='bbox 1344 2880 1417 2943; x_wconf 83' lang='grc' dir='ltr'>εἷς</span> <span class='ocrx_word' id='word_1_297' title='bbox 1446 2880 1690 2959; x_wconf 66' lang='grc' dir='ltr'>κεφαλὴν</span> <span class='ocrx_word' id='word_1_298' title='bbox 1729 2883 1987 2957; x_wconf 74' lang='grc' dir='ltr'>τεταγμὲ.</span> 
     </span>
    </p>
   </div>
   <div class='ocr_carea' id='block_1_45' title="bbox 326 2968 1986 3046">
    <p class='ocr_par' dir='ltr' id='par_1_45' title="bbox 326 2968 1986 3046">
     <span class='ocr_line' id='line_1_45' title="bbox 326 2968 1986 3046; baseline 0 -21"><span class='ocrx_word' id='word_1_299' title='bbox 326 2992 419 3025; x_wconf 86' lang='grc' dir='ltr'>νου</span> <span class='ocrx_word' id='word_1_300' title='bbox 448 2970 775 3034; x_wconf 80' lang='grc' dir='ltr'>Μεσοθινίας</span> <span class='ocrx_word' id='word_1_301' title='bbox 806 2969 894 3024; x_wconf 79' lang='grc' dir='ltr'>καὶ</span> <span class='ocrx_word' id='word_1_302' title='bbox 927 2968 1101 3024; x_wconf 78' lang='grc' dir='ltr'>αὐτῶν</span> <span class='ocrx_word' id='word_1_303' title='bbox 1153 2971 1470 3043; x_wconf 79' lang='grc' dir='ltr'>ὀπτιμάτων</span> <span class='ocrx_word' id='word_1_304' title='bbox 1506 2970 1714 3025; x_wconf 82' lang='grc' dir='ltr'>ἐκεῖνου</span> <span class='ocrx_word' id='word_1_305' title='bbox 1746 2970 1986 3046; x_wconf 71' lang='grc' dir='ltr'>προστά-</span> 
     </span>
    </p>
   </div>
   <div class='ocr_carea' id='block_1_46' title="bbox 327 3056 1981 3137">
    <p class='ocr_par' dir='ltr' id='par_1_46' title="bbox 327 3056 1981 3137">
     <span class='ocr_line' id='line_1_46' title="bbox 327 3056 1981 3137; baseline 0.002 -22"><span class='ocrx_word' id='word_1_306' title='bbox 327 3061 529 3131; x_wconf 65' lang='grc' dir='ltr'>ξαντος,</span> <span class='ocrx_word' id='word_1_307' title='bbox 562 3059 652 3115; x_wconf 65' lang='grc' dir='ltr'>καὶ</span> <span class='ocrx_word' id='word_1_308' title='bbox 681 3058 748 3115; x_wconf 74' lang='grc' dir='ltr'>τὰ</span> <span class='ocrx_word' id='word_1_309' title='bbox 778 3056 966 3115; x_wconf 82' lang='grc' dir='ltr'>πολλᾶ</span> <span class='ocrx_word' id='word_1_310' title='bbox 1011 3061 1128 3114; x_wconf 83' lang='grc' dir='ltr'>κατ’</span> <span class='ocrx_word' id='word_1_311' title='bbox 1176 3061 1405 3115; x_wconf 78' lang='grc' dir='ltr'>Ἰταλῶν</span> <span class='ocrx_word' id='word_1_312' title='bbox 1453 3062 1811 3137; x_wconf 79' lang='grc' dir='ltr'>πράττοντος,</span> <span class='ocrx_word' id='word_1_313' title='bbox 1871 3066 1981 3118; x_wconf 90' lang='lat' dir='ltr'>etc.</span> 
     </span>
    </p>
   </div>
   <div class='ocr_carea' id='block_1_47' title="bbox 325 3151 1981 3225">
    <p class='ocr_par' dir='ltr' id='par_1_47' title="bbox 325 3151 1981 3225">
     <span class='ocr_line' id='line_1_47' title="bbox 325 3151 1981 3225; baseline -0.001 -17"><span class='ocrx_word' id='word_1_314' title='bbox 325 3157 600 3208; x_wconf 78' lang='lat' dir='ltr'>Narratur</span> <span class='ocrx_word' id='word_1_315' title='bbox 650 3151 772 3208; x_wconf 91' lang='lat' dir='ltr'>illic</span> <span class='ocrx_word' id='word_1_316' title='bbox 819 3151 1159 3208; x_wconf 89' lang='lat' dir='ltr'>Michaelem</span> <span class='ocrx_word' id='word_1_317' title='bbox 1221 3152 1613 3225; x_wconf 64' lang='lat' dir='ltr'>Palazologum</span> <span class='ocrx_word' id='word_1_318' title='bbox 1672 3160 1798 3208; x_wconf 89' lang='lat' dir='ltr'>tum</span> <span class='ocrx_word' id='word_1_319' title='bbox 1850 3169 1981 3208; x_wconf 90' lang='lat' dir='ltr'>cum</span> 
     </span>
    </p>
   </div>
   <div class='ocr_carea' id='block_1_48' title="bbox 324 3242 1983 3314">
    <p class='ocr_par' dir='ltr' id='par_1_48' title="bbox 324 3242 1983 3314">
     <span class='ocr_line' id='line_1_48' title="bbox 324 3242 1983 3314; baseline -0.001 -16"><span class='ocrx_word' id='word_1_320' title='bbox 324 3243 578 3299; x_wconf 80' lang='lat' dir='ltr'>maxime</span> <span class='ocrx_word' id='word_1_321' title='bbox 638 3259 703 3298; x_wconf 79' lang='lat' dir='ltr'>ac</span> <span class='ocrx_word' id='word_1_322' title='bbox 762 3246 1000 3298; x_wconf 86' lang='lat' dir='ltr'>strenue</span> <span class='ocrx_word' id='word_1_323' title='bbox 1060 3246 1350 3298; x_wconf 84' lang='lat' dir='ltr'>exerceret</span> <span class='ocrx_word' id='word_1_324' title='bbox 1410 3243 1815 3314; x_wconf 66' lang='lat' dir='ltr'>praefecturam</span> <span class='ocrx_word' id='word_1_325' title='bbox 1870 3242 1983 3298; x_wconf 90' lang='lat' dir='ltr'>sibi</span> 
     </span>
    </p>
   </div>
   <div class='ocr_carea' id='block_1_49' title="bbox 323 3331 1981 3404">
    <p class='ocr_par' dir='ltr' id='par_1_49' title="bbox 323 3331 1981 3404">
     <span class='ocr_line' id='line_1_49' title="bbox 323 3331 1981 3404; baseline 0 -17"><span class='ocrx_word' id='word_1_326' title='bbox 323 3333 605 3388; x_wconf 90' lang='lat' dir='ltr'>creditam</span> <span class='ocrx_word' id='word_1_327' title='bbox 640 3332 1038 3388; x_wconf 84' lang='lat' dir='ltr'>Romanarum</span> <span class='ocrx_word' id='word_1_328' title='bbox 1073 3332 1377 3404; x_wconf 88' lang='lat' dir='ltr'>copiarum</span> <span class='ocrx_word' id='word_1_329' title='bbox 1412 3338 1614 3389; x_wconf 89' lang='lat' dir='ltr'>contra</span> <span class='ocrx_word' id='word_1_330' title='bbox 1648 3331 1824 3388; x_wconf 88' lang='lat' dir='ltr'>Italos</span> <span class='ocrx_word' id='word_1_331' title='bbox 1876 3349 1981 3403; x_wconf 90' lang='lat' dir='ltr'>pu-</span> 
     </span>
    </p>
   </div>
   <div class='ocr_carea' id='block_1_50' title="bbox 324 3420 1987 3494">
    <p class='ocr_par' dir='ltr' id='par_1_50' title="bbox 324 3420 1987 3494">
     <span class='ocr_line' id='line_1_50' title="bbox 324 3420 1987 3494; baseline -0.001 -17"><span class='ocrx_word' id='word_1_332' title='bbox 324 3422 660 3493; x_wconf 88' lang='lat' dir='ltr'>gnantium,</span> <span class='ocrx_word' id='word_1_333' title='bbox 715 3421 1009 3477; x_wconf 89' lang='lat' dir='ltr'>monitum</span> <span class='ocrx_word' id='word_1_334' title='bbox 1066 3438 1099 3477; x_wconf 90' lang='lat' dir='ltr'>a</span> <span class='ocrx_word' id='word_1_335' title='bbox 1139 3422 1282 3494; x_wconf 82' lang='lat' dir='ltr'>Coty</span> <span class='ocrx_word' id='word_1_336' title='bbox 1324 3422 1579 3493; x_wconf 91' lang='lat' dir='ltr'>quodam</span> <span class='ocrx_word' id='word_1_337' title='bbox 1624 3421 1695 3477; x_wconf 90' lang='lat' dir='ltr'>de</span> <span class='ocrx_word' id='word_1_338' title='bbox 1744 3420 1987 3476; x_wconf 91' lang='lat' dir='ltr'>consilio</span> 
     </span>
    </p>
   </div>
   <div class='ocr_carea' id='block_1_51' title="bbox 323 3511 1981 3584">
    <p class='ocr_par' dir='ltr' id='par_1_51' title="bbox 323 3511 1981 3584">
     <span class='ocr_line' id='line_1_51' title="bbox 323 3511 1981 3584; baseline 0.001 -18"><span class='ocrx_word' id='word_1_339' title='bbox 323 3511 701 3584; x_wconf 88' lang='lat' dir='ltr'>imperatoris</span> <span class='ocrx_word' id='word_1_340' title='bbox 735 3528 1022 3567; x_wconf 70' lang='lat' dir='ltr'>excaacare</span> <span class='ocrx_word' id='word_1_341' title='bbox 1054 3511 1249 3581; x_wconf 88' lang='lat' dir='ltr'>ipsum</span> <span class='ocrx_word' id='word_1_342' title='bbox 1285 3511 1549 3583; x_wconf 88' lang='lat' dir='ltr'>parantis</span> <span class='ocrx_word' id='word_1_343' title='bbox 1583 3511 1802 3584; x_wconf 77' lang='lat' dir='ltr'>fugisse</span> <span class='ocrx_word' id='word_1_344' title='bbox 1849 3528 1981 3567; x_wconf 89' lang='lat' dir='ltr'>cum</span> 
     </span>
    </p>
   </div>
   <div class='ocr_carea' id='block_1_52' title="bbox 329 3599 1980 3672">
    <p class='ocr_par' dir='ltr' id='par_1_52' title="bbox 329 3599 1980 3672">
     <span class='ocr_line' id='line_1_52' title="bbox 329 3599 1980 3672; baseline -0.001 -15"><span class='ocrx_word' id='word_1_345' title='bbox 329 3602 619 3657; x_wconf 88' lang='lat' dir='ltr'>monitore</span> <span class='ocrx_word' id='word_1_346' title='bbox 651 3601 709 3656; x_wconf 90' lang='lat' dir='ltr'>in</span> <span class='ocrx_word' id='word_1_347' title='bbox 744 3600 1060 3657; x_wconf 89' lang='lat' dir='ltr'>Persidem.</span> <span class='ocrx_word' id='word_1_348' title='bbox 1112 3601 1222 3656; x_wconf 90' lang='lat' dir='ltr'>Sed</span> <span class='ocrx_word' id='word_1_349' title='bbox 1283 3600 1425 3672; x_wconf 90' lang='lat' dir='ltr'>quid</span> <span class='ocrx_word' id='word_1_350' title='bbox 1484 3600 1595 3655; x_wconf 88' lang='lat' dir='ltr'>sibi</span> <span class='ocrx_word' id='word_1_351' title='bbox 1643 3599 1767 3655; x_wconf 89' lang='lat' dir='ltr'>vult</span> <span class='ocrx_word' id='word_1_352' title='bbox 1824 3601 1980 3672; x_wconf 91' lang='lat' dir='ltr'>quod</span> 
     </span>
    </p>
   </div>
   <div class='ocr_carea' id='block_1_53' title="bbox 326 3686 1980 3767">
    <p class='ocr_par' dir='ltr' id='par_1_53' title="bbox 326 3686 1980 3767">
     <span class='ocr_line' id='line_1_53' title="bbox 326 3686 1980 3767; baseline -0.002 -21"><span class='ocrx_word' id='word_1_353' title='bbox 326 3690 691 3763; x_wconf 69' lang='lat' dir='ltr'>Palaeologus</span> <span class='ocrx_word' id='word_1_354' title='bbox 723 3688 800 3753; x_wconf 78' lang='grc' dir='ltr'>εἰς</span> <span class='ocrx_word' id='word_1_355' title='bbox 850 3686 1097 3767; x_wconf 72' lang='grc' dir='ltr'>κεφαλὴν</span> <span class='ocrx_word' id='word_1_356' title='bbox 1153 3689 1484 3763; x_wconf 74' lang='grc' dir='ltr'>τεταγμένος</span> <span class='ocrx_word' id='word_1_357' title='bbox 1542 3689 1758 3745; x_wconf 88' lang='lat' dir='ltr'>dicitur</span> <span class='ocrx_word' id='word_1_358' title='bbox 1819 3710 1980 3761; x_wconf 78' lang='grc' dir='ltr'>μεσο-</span> 
     </span>
    </p>
   </div>
   <div class='ocr_carea' id='block_1_54' title="bbox 320 3778 1978 3852">
    <p class='ocr_par' dir='ltr' id='par_1_54' title="bbox 320 3778 1978 3852">
     <span class='ocr_line' id='line_1_54' title="bbox 320 3778 1978 3852; baseline 0.001 -18"><span class='ocrx_word' id='word_1_359' title='bbox 320 3781 496 3845; x_wconf 77' lang='grc' dir='ltr'>θινίοις</span> <span class='ocrx_word' id='word_1_360' title='bbox 526 3779 615 3835; x_wconf 81' lang='grc' dir='ltr'>καὶ</span> <span class='ocrx_word' id='word_1_361' title='bbox 650 3779 822 3834; x_wconf 70' lang='grc' dir='ltr'>αὐτῶν</span> <span class='ocrx_word' id='word_1_362' title='bbox 876 3778 1243 3852; x_wconf 70' lang='grc' dir='ltr'>ὀπτιμάτωνὲ</span> <span class='ocrx_word' id='word_1_363' title='bbox 1292 3780 1589 3836; x_wconf 87' lang='lat' dir='ltr'>Traditam</span> <span class='ocrx_word' id='word_1_364' title='bbox 1652 3778 1734 3834; x_wconf 82' lang='lat' dir='ltr'>illi</span> <span class='ocrx_word' id='word_1_365' title='bbox 1798 3778 1978 3836; x_wconf 77' lang='lat' dir='ltr'>fuisse</span> 
     </span>
    </p>
   </div>
   <div class='ocr_carea' id='block_1_55' title="bbox 315 3868 1974 3945">
    <p class='ocr_par' dir='ltr' id='par_1_55' title="bbox 315 3868 1974 3945">
     <span class='ocr_line' id='line_1_55' title="bbox 315 3868 1974 3945; baseline -0.002 -18"><span class='ocrx_word' id='word_1_366' title='bbox 315 3875 635 3945; x_wconf 88' lang='lat' dir='ltr'>regendam</span> <span class='ocrx_word' id='word_1_367' title='bbox 678 3871 1093 3928; x_wconf 87' lang='lat' dir='ltr'>Mesothiniam</span> <span class='ocrx_word' id='word_1_368' title='bbox 1129 3870 1487 3942; x_wconf 89' lang='lat' dir='ltr'>provinciam</span> <span class='ocrx_word' id='word_1_369' title='bbox 1535 3868 1698 3924; x_wconf 89' lang='lat' dir='ltr'>nulla</span> <span class='ocrx_word' id='word_1_370' title='bbox 1724 3886 1974 3940; x_wconf 85' lang='lat' dir='ltr'>usquam</span> 
     </span>
    </p>
   </div>
   <div class='ocr_carea' id='block_1_56' title="bbox 311 3957 1971 4032">
    <p class='ocr_par' dir='ltr' id='par_1_56' title="bbox 311 3957 1971 4032">
     <span class='ocr_line' id='line_1_56' title="bbox 311 3957 1971 4032; baseline -0.003 -15"><span class='ocrx_word' id='word_1_371' title='bbox 311 3961 452 4017; x_wconf 88' lang='lat' dir='ltr'>alibi</span> <span class='ocrx_word' id='word_1_372' title='bbox 483 3967 573 4017; x_wconf 86' lang='lat' dir='ltr'>est</span> <span class='ocrx_word' id='word_1_373' title='bbox 603 3961 845 4017; x_wconf 89' lang='lat' dir='ltr'>mentio.</span> <span class='ocrx_word' id='word_1_374' title='bbox 894 3964 965 4015; x_wconf 87' lang='lat' dir='ltr'>Et</span> <span class='ocrx_word' id='word_1_375' title='bbox 1005 3959 1361 4032; x_wconf 88' lang='lat' dir='ltr'>provinciam</span> <span class='ocrx_word' id='word_1_376' title='bbox 1397 3958 1492 4014; x_wconf 88' lang='lat' dir='ltr'>hic</span> <span class='ocrx_word' id='word_1_377' title='bbox 1524 3957 1642 4013; x_wconf 87' lang='lat' dir='ltr'>sive</span> <span class='ocrx_word' id='word_1_378' title='bbox 1676 3958 1971 4030; x_wconf 77' lang='lat' dir='ltr'>regionem</span> 
     </span>
    </p>
   </div>
   <div class='ocr_carea' id='block_1_57' title="bbox 307 4046 1973 4115">
    <p class='ocr_par' dir='ltr' id='par_1_57' title="bbox 307 4046 1973 4115">
     <span class='ocr_line' id='line_1_57' title="bbox 307 4046 1973 4115; baseline -0.002 -10"><span class='ocrx_word' id='word_1_379' title='bbox 307 4048 635 4113; x_wconf 79' lang='grc' dir='ltr'>Μεσοθινίας</span> <span class='ocrx_word' id='word_1_380' title='bbox 672 4048 955 4105; x_wconf 88' lang='lat' dir='ltr'>vocabulo</span> <span class='ocrx_word' id='word_1_381' title='bbox 1006 4047 1277 4115; x_wconf 87' lang='lat' dir='ltr'>indicari,</span> <span class='ocrx_word' id='word_1_382' title='bbox 1340 4047 1435 4101; x_wconf 81' lang='lat' dir='ltr'>vix</span> <span class='ocrx_word' id='word_1_383' title='bbox 1494 4048 1639 4102; x_wconf 88' lang='lat' dir='ltr'>ferat</span> <span class='ocrx_word' id='word_1_384' title='bbox 1697 4046 1973 4102; x_wconf 85' lang='lat' dir='ltr'>continue</span> 
     </span>
    </p>
   </div>
   <div class='ocr_carea' id='block_1_58' title="bbox 307 4136 1971 4211">
    <p class='ocr_par' dir='ltr' id='par_1_58' title="bbox 307 4136 1971 4211">
     <span class='ocr_line' id='line_1_58' title="bbox 307 4136 1971 4211; baseline -0.002 -15"><span class='ocrx_word' id='word_1_385' title='bbox 307 4141 590 4211; x_wconf 87' lang='lat' dir='ltr'>adjuncta</span> <span class='ocrx_word' id='word_1_386' title='bbox 624 4138 843 4195; x_wconf 90' lang='lat' dir='ltr'>mentio</span> <span class='ocrx_word' id='word_1_387' title='bbox 875 4136 1227 4210; x_wconf 77' lang='lat' dir='ltr'>optimatum,</span> <span class='ocrx_word' id='word_1_388' title='bbox 1250 4146 1302 4194; x_wconf 90' lang='lat' dir='ltr'>el</span> <span class='ocrx_word' id='word_1_389' title='bbox 1334 4137 1570 4210; x_wconf 91' lang='lat' dir='ltr'>quidem</span> <span class='ocrx_word' id='word_1_390' title='bbox 1598 4154 1729 4193; x_wconf 91' lang='lat' dir='ltr'>cum</span> <span class='ocrx_word' id='word_1_391' title='bbox 1766 4153 1971 4208; x_wconf 89' lang='lat' dir='ltr'>prono-</span> 
     </span>
    </p>
   </div>
   <div class='ocr_carea' id='block_1_59' title="bbox 307 4226 1971 4303">
    <p class='ocr_par' dir='ltr' id='par_1_59' title="bbox 307 4226 1971 4303">
     <span class='ocr_line' id='line_1_59' title="bbox 307 4226 1971 4303; baseline -0.003 -18"><span class='ocrx_word' id='word_1_392' title='bbox 307 4232 467 4287; x_wconf 85' lang='lat' dir='ltr'>mine</span> <span class='ocrx_word' id='word_1_393' title='bbox 525 4232 793 4303; x_wconf 79' lang='lat' dir='ltr'>ipsorum,</span> <span class='ocrx_word' id='word_1_394' title='bbox 852 4230 941 4283; x_wconf 65' lang='lat' dir='ltr'>xxi</span> <span class='ocrx_word' id='word_1_395' title='bbox 1001 4226 1178 4282; x_wconf 79' lang='grc' dir='ltr'>αὐτῶν</span> <span class='ocrx_word' id='word_1_396' title='bbox 1237 4226 1599 4300; x_wconf 73' lang='grc' dir='ltr'>ὀπτιμάτων.</span> <span class='ocrx_word' id='word_1_397' title='bbox 1671 4227 1815 4294; x_wconf 85' lang='lat' dir='ltr'>Quid</span> <span class='ocrx_word' id='word_1_398' title='bbox 1878 4226 1971 4281; x_wconf 86' lang='lat' dir='ltr'>hic</span> 
     </span>
    </p>
   </div>
   <div class='ocr_carea' id='block_1_60' title="bbox 307 4316 1965 4391">
    <p class='ocr_par' dir='ltr' id='par_1_60' title="bbox 307 4316 1965 4391">
     <span class='ocr_line' id='line_1_60' title="bbox 307 4316 1965 4391; baseline -0.002 -16"><span class='ocrx_word' id='word_1_399' title='bbox 307 4320 575 4377; x_wconf 88' lang='lat' dir='ltr'>dicemus</span> <span class='ocrx_word' id='word_1_400' title='bbox 600 4321 627 4376; x_wconf 73' lang='lat'>‘2</span> <span class='ocrx_word' id='word_1_401' title='bbox 658 4319 832 4375; x_wconf 88' lang='lat' dir='ltr'>Aliud</span> <span class='ocrx_word' id='word_1_402' title='bbox 867 4334 1032 4389; x_wconf 90' lang='lat' dir='ltr'>sane,</span> <span class='ocrx_word' id='word_1_403' title='bbox 1066 4324 1380 4391; x_wconf 87' lang='lat' dir='ltr'>postquam</span> <span class='ocrx_word' id='word_1_404' title='bbox 1417 4318 1601 4373; x_wconf 88' lang='lat' dir='ltr'>multa</span> <span class='ocrx_word' id='word_1_405' title='bbox 1633 4316 1965 4389; x_wconf 88' lang='lat' dir='ltr'>disquisivi,</span> 
     </span>
    </p>
   </div>
   <div class='ocr_carea' id='block_1_61' title="bbox 306 4407 1967 4480">
    <p class='ocr_par' dir='ltr' id='par_1_61' title="bbox 306 4407 1967 4480">
     <span class='ocr_line' id='line_1_61' title="bbox 306 4407 1967 4480; baseline -0.002 -13"><span class='ocrx_word' id='word_1_406' title='bbox 306 4428 423 4467; x_wconf 90' lang='lat' dir='ltr'>non</span> <span class='ocrx_word' id='word_1_407' title='bbox 465 4411 720 4467; x_wconf 89' lang='lat' dir='ltr'>occurrit</span> <span class='ocrx_word' id='word_1_408' title='bbox 754 4408 865 4464; x_wconf 91' lang='lat' dir='ltr'>nisi</span> <span class='ocrx_word' id='word_1_409' title='bbox 902 4407 1218 4480; x_wconf 82' lang='grc' dir='ltr'>μοσοθινίαν</span> <span class='ocrx_word' id='word_1_410' title='bbox 1267 4408 1361 4464; x_wconf 90' lang='lat' dir='ltr'>hic</span> <span class='ocrx_word' id='word_1_411' title='bbox 1412 4408 1547 4480; x_wconf 89' lang='lat' dir='ltr'>poni</span> <span class='ocrx_word' id='word_1_412' title='bbox 1605 4426 1709 4479; x_wconf 88' lang='lat' dir='ltr'>pro</span> <span class='ocrx_word' id='word_1_413' title='bbox 1745 4407 1967 4479; x_wconf 83' lang='lat' dir='ltr'>legione</span> 
     </span>
    </p>
   </div>
   <div class='ocr_carea' id='block_1_62' title="bbox 304 4496 1963 4573">
    <p class='ocr_par' dir='ltr' id='par_1_62' title="bbox 304 4496 1963 4573">
     <span class='ocr_line' id='line_1_62' title="bbox 304 4496 1963 4573; baseline -0.004 -16"><span class='ocrx_word' id='word_1_414' title='bbox 304 4501 563 4573; x_wconf 88' lang='lat' dir='ltr'>quadam</span> <span class='ocrx_word' id='word_1_415' title='bbox 598 4505 700 4555; x_wconf 89' lang='lat' dir='ltr'>aut</span> <span class='ocrx_word' id='word_1_416' title='bbox 758 4504 921 4572; x_wconf 88' lang='lat' dir='ltr'>parte</span> <span class='ocrx_word' id='word_1_417' title='bbox 979 4498 1371 4553; x_wconf 84' lang='lat' dir='ltr'>Romanarum</span> <span class='ocrx_word' id='word_1_418' title='bbox 1426 4497 1730 4568; x_wconf 89' lang='lat' dir='ltr'>copiarum</span> <span class='ocrx_word' id='word_1_419' title='bbox 1768 4512 1834 4551; x_wconf 88' lang='lat' dir='ltr'>ex</span> <span class='ocrx_word' id='word_1_420' title='bbox 1891 4496 1963 4550; x_wconf 85' lang='lat' dir='ltr'>iis</span> 
     </span>
    </p>
   </div>
   <div class='ocr_carea' id='block_1_63' title="bbox 304 4585 1964 4658">
    <p class='ocr_par' dir='ltr' id='par_1_63' title="bbox 304 4585 1964 4658">
     <span class='ocr_line' id='line_1_63' title="bbox 304 4585 1964 4658; baseline -0.004 -11"><span class='ocrx_word' id='word_1_421' title='bbox 304 4591 562 4647; x_wconf 87' lang='lat' dir='ltr'>conﬂata</span> <span class='ocrx_word' id='word_1_422' title='bbox 592 4589 883 4644; x_wconf 85' lang='lat' dir='ltr'>militibus</span> <span class='ocrx_word' id='word_1_423' title='bbox 917 4587 1014 4658; x_wconf 92' lang='lat' dir='ltr'>qui</span> <span class='ocrx_word' id='word_1_424' title='bbox 1051 4586 1440 4642; x_wconf 81' lang='lat' dir='ltr'>Mesothinitae</span> <span class='ocrx_word' id='word_1_425' title='bbox 1472 4586 1697 4658; x_wconf 84' lang='lat' dir='ltr'>vulgari</span> <span class='ocrx_word' id='word_1_426' title='bbox 1760 4585 1964 4657; x_wconf 77' lang='lat' dir='ltr'>lingua</span> 
     </span>
    </p>
   </div>
   <div class='ocr_carea' id='block_1_64' title="bbox 2105 1980 3755 2057">
    <p class='ocr_par' dir='ltr' id='par_1_64' title="bbox 2105 1980 3755 2057">
     <span class='ocr_line' id='line_1_64' title="bbox 2105 1980 3755 2057; baseline 0 -20"><span class='ocrx_word' id='word_1_427' title='bbox 2105 2001 2241 2039; x_wconf 84' lang='lat' dir='ltr'>nere</span> <span class='ocrx_word' id='word_1_428' title='bbox 2273 1986 2424 2056; x_wconf 88' lang='lat' dir='ltr'>apud</span> <span class='ocrx_word' id='word_1_429' title='bbox 2461 1986 2855 2057; x_wconf 80' lang='lat' dir='ltr'>Acropolitam</span> <span class='ocrx_word' id='word_1_430' title='bbox 2890 2002 2935 2039; x_wconf 91' lang='lat' dir='ltr'>c.</span> <span class='ocrx_word' id='word_1_431' title='bbox 2965 1986 3034 2038; x_wconf 85' lang='grc'>64</span> <span class='ocrx_word' id='word_1_432' title='bbox 3066 1986 3224 2039; x_wconf 74' lang='grc' dir='ltr'>Ηίεε..</span> <span class='ocrx_word' id='word_1_433' title='bbox 3274 1980 3632 2051; x_wconf 75' lang='grc' dir='ltr'>Μεσοθυνίαν,</span> <span class='ocrx_word' id='word_1_434' title='bbox 3684 1984 3755 2037; x_wconf 87' lang='lat' dir='ltr'>de</span> 
     </span>
    </p>
   </div>
   <div class='ocr_carea' id='block_1_65' title="bbox 2104 2073 3751 2146">
    <p class='ocr_par' dir='ltr' id='par_1_65' title="bbox 2104 2073 3751 2146">
     <span class='ocr_line' id='line_1_65' title="bbox 2104 2073 3751 2146; baseline 0.001 -18"><span class='ocrx_word' id='word_1_435' title='bbox 2104 2090 2221 2144; x_wconf 89' lang='lat' dir='ltr'>qua</span> <span class='ocrx_word' id='word_1_436' title='bbox 2270 2075 2365 2129; x_wconf 90' lang='lat' dir='ltr'>hic</span> <span class='ocrx_word' id='word_1_437' title='bbox 2419 2080 2636 2129; x_wconf 90' lang='lat' dir='ltr'>actum.</span> <span class='ocrx_word' id='word_1_438' title='bbox 2690 2092 2821 2129; x_wconf 90' lang='lat' dir='ltr'>cum</span> <span class='ocrx_word' id='word_1_439' title='bbox 2856 2092 2887 2129; x_wconf 88' lang='lat' dir='ltr'><em>v</em></span> <span class='ocrx_word' id='word_1_440' title='bbox 2935 2074 3133 2129; x_wconf 87' lang='lat' dir='ltr'>scribi.</span> <span class='ocrx_word' id='word_1_441' title='bbox 3190 2074 3431 2130; x_wconf 82' lang='lat' dir='ltr'>Codices</span> <span class='ocrx_word' id='word_1_442' title='bbox 3476 2073 3751 2146; x_wconf 84' lang='lat' dir='ltr'>Pachym.</span> 
     </span>
    </p>
   </div>
   <div class='ocr_carea' id='block_1_66' title="bbox 2103 2162 3753 2235">
    <p class='ocr_par' dir='ltr' id='par_1_66' title="bbox 2103 2162 3753 2235">
     <span class='ocr_line' id='line_1_66' title="bbox 2103 2162 3753 2235; baseline -0.001 -17"><span class='ocrx_word' id='word_1_443' title='bbox 2103 2178 2235 2219; x_wconf 89' lang='lat' dir='ltr'>cum</span> <span class='ocrx_word' id='word_1_444' title='bbox 2275 2162 2639 2226; x_wconf 74' lang='grc' dir='ltr'>ιΜεσοοινίαν</span> <span class='ocrx_word' id='word_1_445' title='bbox 2673 2168 3010 2218; x_wconf 86' lang='lat' dir='ltr'>constanter</span> <span class='ocrx_word' id='word_1_446' title='bbox 3040 2164 3323 2217; x_wconf 87' lang='lat' dir='ltr'>scribunt.</span> <span class='ocrx_word' id='word_1_447' title='bbox 3360 2163 3419 2235; x_wconf 88' lang='lat' dir='ltr'>[P</span> <span class='ocrx_word' id='word_1_448' title='bbox 3450 2164 3575 2234; x_wconf 72' lang='grc'>402]</span> <span class='ocrx_word' id='word_1_449' title='bbox 3638 2163 3753 2217; x_wconf 89' lang='lat' dir='ltr'>Hos</span> 
     </span>
    </p>
   </div>
   <div class='ocr_carea' id='block_1_67' title="bbox 2103 2251 3755 2325">
    <p class='ocr_par' dir='ltr' id='par_1_67' title="bbox 2103 2251 3755 2325">
     <span class='ocr_line' id='line_1_67' title="bbox 2103 2251 3755 2325; baseline -0.001 -18"><span class='ocrx_word' id='word_1_450' title='bbox 2103 2270 2210 2308; x_wconf 83' lang='lat' dir='ltr'>nos</span> <span class='ocrx_word' id='word_1_451' title='bbox 2240 2253 2656 2325; x_wconf 76' lang='lat' dir='ltr'>expressimus,</span> <span class='ocrx_word' id='word_1_452' title='bbox 2692 2253 2787 2308; x_wconf 90' lang='lat' dir='ltr'>Sic</span> <span class='ocrx_word' id='word_1_453' title='bbox 2836 2258 2893 2308; x_wconf 91' lang='lat' dir='ltr'>et</span> <span class='ocrx_word' id='word_1_454' title='bbox 2952 2253 3011 2307; x_wconf 91' lang='lat' dir='ltr'>in</span> <span class='ocrx_word' id='word_1_455' title='bbox 3060 2253 3457 2307; x_wconf 81' lang='lat' dir='ltr'>Tocharorum</span> <span class='ocrx_word' id='word_1_456' title='bbox 3517 2257 3573 2306; x_wconf 91' lang='lat' dir='ltr'>et</span> <span class='ocrx_word' id='word_1_457' title='bbox 3624 2251 3755 2306; x_wconf 88' lang='lat' dir='ltr'>aliis</span> 
     </span>
    </p>
   </div>
   <div class='ocr_carea' id='block_1_68' title="bbox 2103 2342 3754 2417">
    <p class='ocr_par' dir='ltr' id='par_1_68' title="bbox 2103 2342 3754 2417">
     <span class='ocr_line' id='line_1_68' title="bbox 2103 2342 3754 2417; baseline -0.001 -19"><span class='ocrx_word' id='word_1_458' title='bbox 2103 2344 2459 2417; x_wconf 77' lang='lat' dir='ltr'>quibusdam</span> <span class='ocrx_word' id='word_1_459' title='bbox 2492 2344 2794 2401; x_wconf 89' lang='lat' dir='ltr'>vocabulis</span> <span class='ocrx_word' id='word_1_460' title='bbox 2818 2343 3148 2414; x_wconf 84' lang='lat' dir='ltr'>Acr0polita</span> <span class='ocrx_word' id='word_1_461' title='bbox 3188 2360 3221 2398; x_wconf 90' lang='lat' dir='ltr'>a</span> <span class='ocrx_word' id='word_1_462' title='bbox 3268 2343 3479 2399; x_wconf 88' lang='lat' dir='ltr'>Nostro</span> <span class='ocrx_word' id='word_1_463' title='bbox 3538 2342 3754 2413; x_wconf 71' lang='lat' dir='ltr'>differt,</span> 
     </span>
    </p>
   </div>
   <div class='ocr_carea' id='block_1_69' title="bbox 2102 2431 3753 2507">
    <p class='ocr_par' dir='ltr' id='par_1_69' title="bbox 2102 2431 3753 2507">
     <span class='ocr_line' id='line_1_69' title="bbox 2102 2431 3753 2507; baseline -0.002 -18"><span class='ocrx_word' id='word_1_464' title='bbox 2102 2452 2207 2490; x_wconf 89' lang='lat' dir='ltr'>nec</span> <span class='ocrx_word' id='word_1_465' title='bbox 2238 2436 2419 2491; x_wconf 87' lang='lat' dir='ltr'>nostri</span> <span class='ocrx_word' id='word_1_466' title='bbox 2450 2434 2650 2507; x_wconf 76' lang='lat' dir='ltr'>iudicii</span> <span class='ocrx_word' id='word_1_467' title='bbox 2685 2439 2773 2490; x_wconf 89' lang='lat' dir='ltr'>est</span> <span class='ocrx_word' id='word_1_468' title='bbox 2794 2434 3036 2489; x_wconf 81' lang='lat' dir='ltr'>deﬁnire</span> <span class='ocrx_word' id='word_1_469' title='bbox 3067 2440 3196 2487; x_wconf 85' lang='lat' dir='ltr'>uter</span> <span class='ocrx_word' id='word_1_470' title='bbox 3238 2432 3536 2489; x_wconf 87' lang='lat' dir='ltr'>erraverit.</span> <span class='ocrx_word' id='word_1_471' title='bbox 3566 2431 3753 2496; x_wconf 86' lang='lat' dir='ltr'>Quare</span> 
     </span>
    </p>
   </div>
   <div class='ocr_carea' id='block_1_70' title="bbox 2101 2523 3749 2595">
    <p class='ocr_par' dir='ltr' id='par_1_70' title="bbox 2101 2523 3749 2595">
     <span class='ocr_line' id='line_1_70' title="bbox 2101 2523 3749 2595; baseline -0.002 -15"><span class='ocrx_word' id='word_1_472' title='bbox 2101 2542 2221 2580; x_wconf 88' lang='lat' dir='ltr'>rem</span> <span class='ocrx_word' id='word_1_473' title='bbox 2256 2526 2541 2595; x_wconf 80' lang='lat' dir='ltr'>integram</span> <span class='ocrx_word' id='word_1_474' title='bbox 2568 2524 2981 2595; x_wconf 88' lang='lat' dir='ltr'>relinquimus:</span> <span class='ocrx_word' id='word_1_475' title='bbox 3009 2525 3163 2595; x_wconf 90' lang='lat' dir='ltr'>quod</span> <span class='ocrx_word' id='word_1_476' title='bbox 3181 2523 3749 2594; x_wconf 78' lang='lat' dir='ltr'>reperimusdamus.</span> 
     </span>
    </p>
   </div>
   <div class='ocr_carea' id='block_1_71' title="bbox 2166 2611 3750 2686">
    <p class='ocr_par' dir='ltr' id='par_1_71' title="bbox 2166 2611 3750 2686">
     <span class='ocr_line' id='line_1_71' title="bbox 2166 2611 3750 2686; baseline -0.001 -18"><span class='ocrx_word' id='word_1_477' title='bbox 2166 2613 2315 2668; x_wconf 77' lang='grc' dir='ltr'>Μὲπε</span> <span class='ocrx_word' id='word_1_478' title='bbox 2346 2633 2402 2686; x_wconf 91' lang='lat' dir='ltr'>p.</span> <span class='ocrx_word' id='word_1_479' title='bbox 2435 2615 2540 2669; x_wconf 83' lang='lat' dir='ltr'>2l6</span> <span class='ocrx_word' id='word_1_480' title='bbox 2580 2616 2673 2668; x_wconf 88' lang='lat' dir='ltr'>Ait</span> <span class='ocrx_word' id='word_1_481' title='bbox 2723 2615 2881 2684; x_wconf 83' lang='lat' dir='ltr'>Mepe</span> <span class='ocrx_word' id='word_1_482' title='bbox 2927 2613 3123 2668; x_wconf 61' lang='lat' dir='ltr'>Iberia:</span> <span class='ocrx_word' id='word_1_483' title='bbox 3177 2612 3379 2667; x_wconf 89' lang='lat' dir='ltr'>Davidi</span> <span class='ocrx_word' id='word_1_484' title='bbox 3440 2613 3633 2667; x_wconf 89' lang='lat' dir='ltr'>datam</span> <span class='ocrx_word' id='word_1_485' title='bbox 3689 2611 3750 2667; x_wconf 88' lang='lat' dir='ltr'>in</span> 
     </span>
    </p>
   </div>
   <div class='ocr_carea' id='block_1_72' title="bbox 2100 2700 3746 2774">
    <p class='ocr_par' dir='ltr' id='par_1_72' title="bbox 2100 2700 3746 2774">
     <span class='ocr_line' id='line_1_72' title="bbox 2100 2700 3746 2774; baseline 0.001 -17"><span class='ocrx_word' id='word_1_486' title='bbox 2100 2720 2338 2759; x_wconf 84' lang='lat' dir='ltr'>uxorem</span> <span class='ocrx_word' id='word_1_487' title='bbox 2374 2703 2552 2758; x_wconf 79' lang='lat' dir='ltr'>filiam</span> <span class='ocrx_word' id='word_1_488' title='bbox 2588 2703 2848 2773; x_wconf 57' lang='lat' dir='ltr'>spuriam</span> <span class='ocrx_word' id='word_1_489' title='bbox 2884 2703 3153 2774; x_wconf 86' lang='lat' dir='ltr'>conjugis</span> <span class='ocrx_word' id='word_1_490' title='bbox 3185 2703 3439 2774; x_wconf 67' lang='lat' dir='ltr'>despotic</span> <span class='ocrx_word' id='word_1_491' title='bbox 3481 2700 3746 2758; x_wconf 89' lang='lat' dir='ltr'>Joannis.</span> 
     </span>
    </p>
   </div>
   <div class='ocr_carea' id='block_1_73' title="bbox 2098 2790 3747 2865">
    <p class='ocr_par' dir='ltr' id='par_1_73' title="bbox 2098 2790 3747 2865">
     <span class='ocr_line' id='line_1_73' title="bbox 2098 2790 3747 2865; baseline -0.002 -17"><span class='ocrx_word' id='word_1_492' title='bbox 2098 2791 2203 2848; x_wconf 90' lang='lat' dir='ltr'>Ubi</span> <span class='ocrx_word' id='word_1_493' title='bbox 2240 2793 2382 2865; x_wconf 89' lang='lat' dir='ltr'>quid</span> <span class='ocrx_word' id='word_1_494' title='bbox 2415 2794 2786 2864; x_wconf 87' lang='lat' dir='ltr'>suspicemur</span> <span class='ocrx_word' id='word_1_495' title='bbox 2844 2790 3003 2846; x_wconf 90' lang='lat' dir='ltr'>aliud</span> <span class='ocrx_word' id='word_1_496' title='bbox 3067 2808 3242 2862; x_wconf 81' lang='lat' dir='ltr'>quam</span> <span class='ocrx_word' id='word_1_497' title='bbox 3300 2807 3635 2861; x_wconf 87' lang='lat' dir='ltr'>supremam</span> <span class='ocrx_word' id='word_1_498' title='bbox 3688 2791 3747 2846; x_wconf 90' lang='lat' dir='ltr'>in</span> 
     </span>
    </p>
   </div>
   <div class='ocr_carea' id='block_1_74' title="bbox 2097 2880 3751 2953">
    <p class='ocr_par' dir='ltr' id='par_1_74' title="bbox 2097 2880 3751 2953">
     <span class='ocr_line' id='line_1_74' title="bbox 2097 2880 3751 2953; baseline -0.001 -16"><span class='ocrx_word' id='word_1_499' title='bbox 2097 2882 2287 2938; x_wconf 88' lang='lat' dir='ltr'>Iberia</span> <span class='ocrx_word' id='word_1_500' title='bbox 2319 2887 2659 2953; x_wconf 78' lang='lat' dir='ltr'>potestatem</span> <span class='ocrx_word' id='word_1_501' title='bbox 2695 2881 2974 2936; x_wconf 76' lang='lat' dir='ltr'>vocabulo</span> <span class='ocrx_word' id='word_1_502' title='bbox 3004 2880 3116 2936; x_wconf 88' lang='lat' dir='ltr'>isto</span> <span class='ocrx_word' id='word_1_503' title='bbox 3141 2881 3459 2952; x_wconf 87' lang='lat' dir='ltr'>designari,</span> <span class='ocrx_word' id='word_1_504' title='bbox 3492 2885 3557 2935; x_wconf 91' lang='lat' dir='ltr'>ut</span> <span class='ocrx_word' id='word_1_505' title='bbox 3597 2880 3751 2936; x_wconf 88' lang='lat' dir='ltr'>sicut</span> 
     </span>
    </p>
   </div>
   <div class='ocr_carea' id='block_1_75' title="bbox 2096 2969 3747 3038">
    <p class='ocr_par' dir='ltr' id='par_1_75' title="bbox 2096 2969 3747 3038">
     <span class='ocr_line' id='line_1_75' title="bbox 2096 2969 3747 3038; baseline -0.001 -13"><span class='ocrx_word' id='word_1_506' title='bbox 2096 2970 2270 3026; x_wconf 88' lang='lat' dir='ltr'>cralis</span> <span class='ocrx_word' id='word_1_507' title='bbox 2303 2972 2361 3026; x_wconf 92' lang='lat' dir='ltr'>in</span> <span class='ocrx_word' id='word_1_508' title='bbox 2397 2972 2621 3038; x_wconf 82' lang='lat' dir='ltr'>Serbia,</span> <span class='ocrx_word' id='word_1_509' title='bbox 2655 2970 2852 3024; x_wconf 78' lang='lat' dir='ltr'>sultan</span> <span class='ocrx_word' id='word_1_510' title='bbox 2886 2969 2944 3024; x_wconf 93' lang='lat' dir='ltr'>in</span> <span class='ocrx_word' id='word_1_511' title='bbox 2984 2970 3221 3025; x_wconf 82' lang='lat' dir='ltr'>Perside</span> <span class='ocrx_word' id='word_1_512' title='bbox 3253 2974 3393 3025; x_wconf 90' lang='lat' dir='ltr'>tunc</span> <span class='ocrx_word' id='word_1_513' title='bbox 3418 2970 3747 3036; x_wconf 87' lang='lat' dir='ltr'>dicebatur,</span> 
     </span>
    </p>
   </div>
   <div class='ocr_carea' id='block_1_76' title="bbox 2096 3059 3747 3132">
    <p class='ocr_par' dir='ltr' id='par_1_76' title="bbox 2096 3059 3747 3132">
     <span class='ocr_line' id='line_1_76' title="bbox 2096 3059 3747 3132; baseline -0.001 -17"><span class='ocrx_word' id='word_1_514' title='bbox 2096 3062 2196 3131; x_wconf 90' lang='lat' dir='ltr'>qui</span> <span class='ocrx_word' id='word_1_515' title='bbox 2230 3062 2405 3117; x_wconf 89' lang='lat' dir='ltr'>rebus</span> <span class='ocrx_word' id='word_1_516' title='bbox 2430 3061 2549 3116; x_wconf 86' lang='lat' dir='ltr'>illic</span> <span class='ocrx_word' id='word_1_517' title='bbox 2582 3064 2843 3132; x_wconf 69' lang='lat' dir='ltr'>praeerat,</span> <span class='ocrx_word' id='word_1_518' title='bbox 2878 3062 2961 3115; x_wconf 90' lang='lat' dir='ltr'>sic</span> <span class='ocrx_word' id='word_1_519' title='bbox 2994 3060 3295 3115; x_wconf 88' lang='lat' dir='ltr'>Iberorum</span> <span class='ocrx_word' id='word_1_520' title='bbox 3325 3059 3747 3115; x_wconf 85' lang='lat' dir='ltr'>Asiasticorum</span> 
     </span>
    </p>
   </div>
   <div class='ocr_carea' id='block_1_77' title="bbox 2094 3149 3750 3222">
    <p class='ocr_par' dir='ltr' id='par_1_77' title="bbox 2094 3149 3750 3222">
     <span class='ocr_line' id='line_1_77' title="bbox 2094 3149 3750 3222; baseline -0.001 -18"><span class='ocrx_word' id='word_1_521' title='bbox 2094 3154 2285 3205; x_wconf 89' lang='lat' dir='ltr'>rector</span> <span class='ocrx_word' id='word_1_522' title='bbox 2314 3152 2459 3222; x_wconf 78' lang='lat' dir='ltr'>Mepe</span> <span class='ocrx_word' id='word_1_523' title='bbox 2489 3154 2815 3205; x_wconf 88' lang='lat' dir='ltr'>vocaretur.</span> <span class='ocrx_word' id='word_1_524' title='bbox 2851 3149 2928 3205; x_wconf 91' lang='lat' dir='ltr'>De</span> <span class='ocrx_word' id='word_1_525' title='bbox 2961 3166 3075 3221; x_wconf 88' lang='lat' dir='ltr'>quo</span> <span class='ocrx_word' id='word_1_526' title='bbox 3107 3154 3302 3205; x_wconf 88' lang='lat' dir='ltr'>tamen</span> <span class='ocrx_word' id='word_1_527' title='bbox 3338 3149 3597 3220; x_wconf 89' lang='lat' dir='ltr'>amplius</span> <span class='ocrx_word' id='word_1_528' title='bbox 3620 3166 3750 3219; x_wconf 91' lang='lat' dir='ltr'>pro-</span> 
     </span>
    </p>
   </div>
   <div class='ocr_carea' id='block_1_78' title="bbox 2097 3238 3747 3313">
    <p class='ocr_par' dir='ltr' id='par_1_78' title="bbox 2097 3238 3747 3313">
     <span class='ocr_line' id='line_1_78' title="bbox 2097 3238 3747 3313; baseline -0.001 -19"><span class='ocrx_word' id='word_1_529' title='bbox 2097 3240 2326 3308; x_wconf 82' lang='lat' dir='ltr'>nuntio,</span> <span class='ocrx_word' id='word_1_530' title='bbox 2358 3240 2551 3313; x_wconf 85' lang='lat' dir='ltr'>quoad</span> <span class='ocrx_word' id='word_1_531' title='bbox 2585 3238 2802 3295; x_wconf 90' lang='lat' dir='ltr'>certius</span> <span class='ocrx_word' id='word_1_532' title='bbox 2834 3239 2960 3311; x_wconf 83' lang='lat' dir='ltr'>ejus</span> <span class='ocrx_word' id='word_1_533' title='bbox 3008 3239 3089 3295; x_wconf 89' lang='lat' dir='ltr'>rei</span> <span class='ocrx_word' id='word_1_534' title='bbox 3139 3239 3547 3295; x_wconf 90' lang='lat' dir='ltr'>testimonium</span> <span class='ocrx_word' id='word_1_535' title='bbox 3607 3255 3747 3310; x_wconf 86' lang='lat' dir='ltr'>sup-</span> 
     </span>
    </p>
   </div>
   <div class='ocr_carea' id='block_1_79' title="bbox 2015 3288 2379 3402">
    <p class='ocr_par' dir='ltr' id='par_1_79' title="bbox 2015 3288 2379 3402">
     <span class='ocr_line' id='line_1_79' title="bbox 2015 3288 2379 3402; baseline 0.005 -19"><span class='ocrx_word' id='word_1_536' title='bbox 2015 3288 2057 3354; x_wconf 74' lang='lat' dir='ltr'>C</span> <span class='ocrx_word' id='word_1_537' title='bbox 2097 3288 2379 3402; x_wconf 46' lang='lat' dir='ltr'>seu):</span> 
     </span>
    </p>
   </div>
   <div class='ocr_carea' id='block_1_80' title="bbox 2165 3417 3742 3493">
    <p class='ocr_par' dir='ltr' id='par_1_80' title="bbox 2165 3417 3742 3493">
     <span class='ocr_line' id='line_1_80' title="bbox 2165 3417 3742 3493; baseline -0.001 -19"><span class='ocrx_word' id='word_1_538' title='bbox 2165 3417 2491 3493; x_wconf 75' lang='grc' dir='ltr'>Μετάληψις</span> <span class='ocrx_word' id='word_1_539' title='bbox 2543 3439 2614 3491; x_wconf 89' lang='lat' dir='ltr'>p.</span> <span class='ocrx_word' id='word_1_540' title='bbox 2669 3423 2812 3477; x_wconf 87' lang='grc'>361.</span> <span class='ocrx_word' id='word_1_541' title='bbox 2873 3421 2967 3476; x_wconf 87' lang='lat' dir='ltr'>Ait</span> <span class='ocrx_word' id='word_1_542' title='bbox 3026 3420 3317 3475; x_wconf 86' lang='lat' dir='ltr'>admissos</span> <span class='ocrx_word' id='word_1_543' title='bbox 3376 3419 3444 3473; x_wconf 89' lang='lat' dir='ltr'>ad</span> <span class='ocrx_word' id='word_1_544' title='bbox 3508 3434 3742 3473; x_wconf 90' lang='lat' dir='ltr'>omnem</span> 
     </span>
    </p>
   </div>
   <div class='ocr_carea' id='block_1_81' title="bbox 2091 3508 3739 3577">
    <p class='ocr_par' dir='ltr' id='par_1_81' title="bbox 2091 3508 3739 3577">
     <span class='ocr_line' id='line_1_81' title="bbox 2091 3508 3739 3577; baseline -0.001 -13"><span class='ocrx_word' id='word_1_545' title='bbox 2091 3511 2567 3567; x_wconf 91' lang='lat' dir='ltr'>communionem</span> <span class='ocrx_word' id='word_1_546' title='bbox 2603 3530 2904 3567; x_wconf 87' lang='lat' dir='ltr'>sacrorum</span> <span class='ocrx_word' id='word_1_547' title='bbox 2948 3510 3184 3566; x_wconf 86' lang='lat' dir='ltr'>Latinos</span> <span class='ocrx_word' id='word_1_548' title='bbox 3216 3528 3248 3564; x_wconf 89' lang='lat' dir='ltr'>a</span> <span class='ocrx_word' id='word_1_549' title='bbox 3308 3508 3520 3564; x_wconf 69' lang='lat' dir='ltr'>Graecis</span> <span class='ocrx_word' id='word_1_550' title='bbox 3572 3508 3739 3577; x_wconf 85' lang='lat' dir='ltr'>jussu</span> 
     </span>
    </p>
   </div>
   <div class='ocr_carea' id='block_1_82' title="bbox 2089 3597 3739 3672">
    <p class='ocr_par' dir='ltr' id='par_1_82' title="bbox 2089 3597 3739 3672">
     <span class='ocr_line' id='line_1_82' title="bbox 2089 3597 3739 3672; baseline -0.002 -18"><span class='ocrx_word' id='word_1_551' title='bbox 2089 3600 2482 3672; x_wconf 88' lang='lat' dir='ltr'>imperatoris,</span> <span class='ocrx_word' id='word_1_552' title='bbox 2528 3600 3066 3657; x_wconf 89' lang='lat' dir='ltr'>reconciliationem</span> <span class='ocrx_word' id='word_1_553' title='bbox 3098 3597 3487 3654; x_wconf 87' lang='lat' dir='ltr'>Ecclesiarum</span> <span class='ocrx_word' id='word_1_554' title='bbox 3529 3614 3739 3669; x_wconf 91' lang='lat' dir='ltr'>procu-</span> 
     </span>
    </p>
   </div>
   <div class='ocr_carea' id='block_1_83' title="bbox 2085 3687 3739 3762">
    <p class='ocr_par' dir='ltr' id='par_1_83' title="bbox 2085 3687 3739 3762">
     <span class='ocr_line' id='line_1_83' title="bbox 2085 3687 3739 3762; baseline -0.002 -19"><span class='ocrx_word' id='word_1_555' title='bbox 2085 3691 2294 3756; x_wconf 87' lang='lat' dir='ltr'>rantis,</span> <span class='ocrx_word' id='word_1_556' title='bbox 2327 3697 2562 3761; x_wconf 84' lang='lat' dir='ltr'>excepta</span> <span class='ocrx_word' id='word_1_557' title='bbox 2599 3688 2924 3762; x_wconf 81' lang='grc' dir='ltr'>μεταλήψει,</span> <span class='ocrx_word' id='word_1_558' title='bbox 2985 3706 3159 3762; x_wconf 87' lang='lat' dir='ltr'>quam</span> <span class='ocrx_word' id='word_1_559' title='bbox 3223 3705 3337 3743; x_wconf 91' lang='lat' dir='ltr'>non</span> <span class='ocrx_word' id='word_1_560' title='bbox 3396 3687 3739 3758; x_wconf 70' lang='lat' dir='ltr'>quaerebant</span> 
     </span>
    </p>
   </div>
   <div class='ocr_carea' id='block_1_84' title="bbox 2084 3772 3737 3836">
    <p class='ocr_par' dir='ltr' id='par_1_84' title="bbox 2084 3772 3737 3836">
     <span class='ocr_line' id='line_1_84' title="bbox 2084 3772 3737 3836; baseline -0.002 -4"><span class='ocrx_word' id='word_1_561' title='bbox 2084 3778 2150 3833; x_wconf 89' lang='lat' dir='ltr'>Et</span> <span class='ocrx_word' id='word_1_562' title='bbox 2181 3783 2378 3835; x_wconf 85' lang='lat' dir='ltr'>tamen</span> <span class='ocrx_word' id='word_1_563' title='bbox 2412 3784 2584 3835; x_wconf 86' lang='lat' dir='ltr'>antea</span> <span class='ocrx_word' id='word_1_564' title='bbox 2613 3781 2839 3836; x_wconf 81' lang='lat' dir='ltr'>dixerat</span> <span class='ocrx_word' id='word_1_565' title='bbox 2861 3796 2957 3836; x_wconf 88' lang='lat' dir='ltr'>eos</span> <span class='ocrx_word' id='word_1_566' title='bbox 2990 3778 3459 3834; x_wconf 78' lang='lat' dir='ltr'>communicasse</span> <span class='ocrx_word' id='word_1_567' title='bbox 3487 3777 3661 3831; x_wconf 84' lang='lat' dir='ltr'>etiam</span> <span class='ocrx_word' id='word_1_568' title='bbox 3685 3772 3737 3829; x_wconf 79' lang='grc' dir='ltr'>ἐν</span> 
     </span>
    </p>
   </div>
   <div class='ocr_carea' id='block_1_85' title="bbox 2085 3866 3737 3945">
    <p class='ocr_par' dir='ltr' id='par_1_85' title="bbox 2085 3866 3737 3945">
     <span class='ocr_line' id='line_1_85' title="bbox 2085 3866 3737 3945; baseline 0.001 -24"><span class='ocrx_word' id='word_1_569' title='bbox 2085 3866 2391 3941; x_wconf 68' lang='grc' dir='ltr'>μεταλήψει</span> <span class='ocrx_word' id='word_1_570' title='bbox 2413 3872 2508 3922; x_wconf 79' lang='grc' dir='ltr'>τοῦ</span> <span class='ocrx_word' id='word_1_571' title='bbox 2541 3868 2689 3932; x_wconf 77' lang='grc' dir='ltr'>θείου</span> <span class='ocrx_word' id='word_1_572' title='bbox 2723 3867 2909 3943; x_wconf 75' lang='grc' dir='ltr'>ἄρτου,</span> <span class='ocrx_word' id='word_1_573' title='bbox 2942 3868 2998 3923; x_wconf 78' lang='grc' dir='ltr'>ὅν</span> <span class='ocrx_word' id='word_1_574' title='bbox 3032 3866 3329 3945; x_wconf 78' lang='grc' dir='ltr'>ἀντίδωρον</span> <span class='ocrx_word' id='word_1_575' title='bbox 3374 3868 3646 3944; x_wconf 74' lang='grc' dir='ltr'>Λέγουσιν,</span> <span class='ocrx_word' id='word_1_576' title='bbox 3679 3871 3737 3922; x_wconf 76' lang='lat' dir='ltr'>in</span> 
     </span>
    </p>
   </div>
   <div class='ocr_carea' id='block_1_86' title="bbox 2074 3958 3738 4031">
    <p class='ocr_par' dir='ltr' id='par_1_86' title="bbox 2074 3958 3738 4031">
     <span class='ocr_line' id='line_1_86' title="bbox 2074 3958 3738 4031; baseline -0.001 -18"><span class='ocrx_word' id='word_1_577' title='bbox 2074 3961 2438 4030; x_wconf 75' lang='lat' dir='ltr'>perceptione</span> <span class='ocrx_word' id='word_1_578' title='bbox 2465 3960 2620 4015; x_wconf 79' lang='lat' dir='ltr'>sacri</span> <span class='ocrx_word' id='word_1_579' title='bbox 2639 3959 2803 4031; x_wconf 79' lang='lat' dir='ltr'>panis</span> <span class='ocrx_word' id='word_1_580' title='bbox 2851 3976 3008 4031; x_wconf 83' lang='lat' dir='ltr'>quem</span> <span class='ocrx_word' id='word_1_581' title='bbox 3041 3961 3358 4015; x_wconf 81' lang='lat' dir='ltr'>anlz&#39;dorum</span> <span class='ocrx_word' id='word_1_582' title='bbox 3388 3960 3599 4015; x_wconf 82' lang='lat' dir='ltr'>dicunt.</span> <span class='ocrx_word' id='word_1_583' title='bbox 3630 3958 3738 4022; x_wconf 91' lang='lat' dir='ltr'>Qui</span> 
     </span>
    </p>
   </div>
   <div class='ocr_carea' id='block_1_87' title="bbox 2080 4049 3740 4121">
    <p class='ocr_par' dir='ltr' id='par_1_87' title="bbox 2080 4049 3740 4121">
     <span class='ocr_line' id='line_1_87' title="bbox 2080 4049 3740 4121; baseline -0.001 -17"><span class='ocrx_word' id='word_1_584' title='bbox 2080 4050 2250 4121; x_wconf 87' lang='lat' dir='ltr'>panis</span> <span class='ocrx_word' id='word_1_585' title='bbox 2282 4067 2416 4105; x_wconf 93' lang='lat' dir='ltr'>cum</span> <span class='ocrx_word' id='word_1_586' title='bbox 2459 4054 2905 4121; x_wconf 63' lang='lat' dir='ltr'>representaret</span> <span class='ocrx_word' id='word_1_587' title='bbox 2950 4049 3404 4116; x_wconf 88' lang='lat' dir='ltr'>Eucharistiam,</span> <span class='ocrx_word' id='word_1_588' title='bbox 3467 4049 3740 4104; x_wconf 88' lang='lat' dir='ltr'>videntur</span> 
     </span>
    </p>
   </div>
   <div class='ocr_carea' id='block_1_88' title="bbox 2077 4139 3737 4208">
    <p class='ocr_par' dir='ltr' id='par_1_88' title="bbox 2077 4139 3737 4208">
     <span class='ocr_line' id='line_1_88' title="bbox 2077 4139 3737 4208; baseline -0.001 -13"><span class='ocrx_word' id='word_1_589' title='bbox 2077 4139 2253 4205; x_wconf 75' lang='lat' dir='ltr'>etiam</span> <span class='ocrx_word' id='word_1_590' title='bbox 2280 4139 2474 4195; x_wconf 89' lang='lat' dir='ltr'>Latini</span> <span class='ocrx_word' id='word_1_591' title='bbox 2507 4157 2621 4194; x_wconf 92' lang='lat' dir='ltr'>non</span> <span class='ocrx_word' id='word_1_592' title='bbox 2660 4139 2985 4195; x_wconf 90' lang='lat' dir='ltr'>recusaturi</span> <span class='ocrx_word' id='word_1_593' title='bbox 3019 4156 3144 4194; x_wconf 89' lang='lat' dir='ltr'>eam</span> <span class='ocrx_word' id='word_1_594' title='bbox 3183 4157 3317 4194; x_wconf 92' lang='lat' dir='ltr'>cum</span> <span class='ocrx_word' id='word_1_595' title='bbox 3367 4139 3578 4194; x_wconf 67' lang='lat' dir='ltr'>Graecis</span> <span class='ocrx_word' id='word_1_596' title='bbox 3610 4154 3737 4208; x_wconf 90' lang='lat' dir='ltr'>per-</span> 
     </span>
    </p>
   </div>
   <div class='ocr_carea' id='block_1_89' title="bbox 2077 4225 3733 4300">
    <p class='ocr_par' dir='ltr' id='par_1_89' title="bbox 2077 4225 3733 4300">
     <span class='ocr_line' id='line_1_89' title="bbox 2077 4225 3733 4300; baseline -0.001 -16"><span class='ocrx_word' id='word_1_597' title='bbox 2077 4229 2289 4300; x_wconf 88' lang='lat' dir='ltr'>cipere.</span> <span class='ocrx_word' id='word_1_598' title='bbox 2323 4229 2616 4284; x_wconf 88' lang='lat' dir='ltr'>Nimirum</span> <span class='ocrx_word' id='word_1_599' title='bbox 2655 4225 2964 4300; x_wconf 75' lang='grc' dir='ltr'>μετάληψις</span> <span class='ocrx_word' id='word_1_600' title='bbox 2993 4244 3061 4283; x_wconf 84' lang='lat' dir='ltr'>ex</span> <span class='ocrx_word' id='word_1_601' title='bbox 3093 4246 3201 4283; x_wconf 88' lang='lat' dir='ltr'>usu</span> <span class='ocrx_word' id='word_1_602' title='bbox 3237 4228 3567 4284; x_wconf 72' lang='lat' dir='ltr'>Graecorum</span> <span class='ocrx_word' id='word_1_603' title='bbox 3606 4244 3733 4297; x_wconf 89' lang='lat' dir='ltr'>pro-</span> 
     </span>
    </p>
   </div>
   <div class='ocr_carea' id='block_1_90' title="bbox 2075 4316 3736 4392">
    <p class='ocr_par' dir='ltr' id='par_1_90' title="bbox 2075 4316 3736 4392">
     <span class='ocr_line' id='line_1_90' title="bbox 2075 4316 3736 4392; baseline -0.002 -19"><span class='ocrx_word' id='word_1_604' title='bbox 2075 4320 2199 4392; x_wconf 88' lang='lat' dir='ltr'>prie</span> <span class='ocrx_word' id='word_1_605' title='bbox 2221 4319 2517 4391; x_wconf 83' lang='lat' dir='ltr'>signiﬁcat</span> <span class='ocrx_word' id='word_1_606' title='bbox 2575 4319 2975 4389; x_wconf 84' lang='lat' dir='ltr'>sumptionem</span> <span class='ocrx_word' id='word_1_607' title='bbox 3040 4317 3158 4372; x_wconf 88' lang='lat' dir='ltr'>vini</span> <span class='ocrx_word' id='word_1_608' title='bbox 3209 4317 3553 4383; x_wconf 88' lang='lat' dir='ltr'>consecrati,</span> <span class='ocrx_word' id='word_1_609' title='bbox 3615 4316 3736 4371; x_wconf 87' lang='lat' dir='ltr'>sive</span> 
     </span>
    </p>
   </div>
   <div class='ocr_carea' id='block_1_91' title="bbox 2073 4407 3732 4481">
    <p class='ocr_par' dir='ltr' id='par_1_91' title="bbox 2073 4407 3732 4481">
     <span class='ocr_line' id='line_1_91' title="bbox 2073 4407 3732 4481; baseline -0.004 -17"><span class='ocrx_word' id='word_1_610' title='bbox 2073 4410 2405 4481; x_wconf 86' lang='lat' dir='ltr'>specierum</span> <span class='ocrx_word' id='word_1_611' title='bbox 2439 4409 2748 4481; x_wconf 87' lang='lat' dir='ltr'>sanguinis</span> <span class='ocrx_word' id='word_1_612' title='bbox 2774 4407 3199 4479; x_wconf 86' lang='lat' dir='ltr'>Christi,quam</span> <span class='ocrx_word' id='word_1_613' title='bbox 3228 4408 3354 4462; x_wconf 89' lang='lat' dir='ltr'>ideo</span> <span class='ocrx_word' id='word_1_614' title='bbox 3379 4407 3437 4461; x_wconf 91' lang='lat' dir='ltr'>in</span> <span class='ocrx_word' id='word_1_615' title='bbox 3471 4423 3732 4461; x_wconf 89' lang='lat' dir='ltr'>commu-</span> 
     </span>
    </p>
   </div>
   <div class='ocr_carea' id='block_1_92' title="bbox 2074 4487 3732 4569">
    <p class='ocr_par' dir='ltr' id='par_1_92' title="bbox 2074 4487 3732 4569">
     <span class='ocr_line' id='line_1_92' title="bbox 2074 4487 3732 4569; baseline -0.004 -16"><span class='ocrx_word' id='word_1_616' title='bbox 2074 4499 2247 4554; x_wconf 90' lang='lat' dir='ltr'>nione</span> <span class='ocrx_word' id='word_1_617' title='bbox 2294 4498 2441 4554; x_wconf 87' lang='lat' dir='ltr'>laica</span> <span class='ocrx_word' id='word_1_618' title='bbox 2493 4498 2682 4553; x_wconf 90' lang='lat' dir='ltr'>Latini</span> <span class='ocrx_word' id='word_1_619' title='bbox 2742 4490 2853 4553; x_wconf 58' lang='grc' dir='ltr'>ἢθη</span> <span class='ocrx_word' id='word_1_620' title='bbox 2905 4497 3255 4569; x_wconf 65' lang='grc' dir='ltr'>ᾳαίενεὺιιηι,</span> <span class='ocrx_word' id='word_1_621' title='bbox 3319 4495 3419 4548; x_wconf 81' lang='grc' dir='ltr'>οὐκ</span> <span class='ocrx_word' id='word_1_622' title='bbox 3474 4487 3732 4568; x_wconf 77' lang='grc' dir='ltr'>ἔχρῃζον,</span> 
     </span>
    </p>
   </div>
   <div class='ocr_carea' id='block_1_93' title="bbox 2074 4584 3733 4660">
    <p class='ocr_par' dir='ltr' id='par_1_93' title="bbox 2074 4584 3733 4660">
     <span class='ocr_line' id='line_1_93' title="bbox 2074 4584 3733 4660; baseline -0.003 -16"><span class='ocrx_word' id='word_1_623' title='bbox 2074 4591 2227 4660; x_wconf 87' lang='lat' dir='ltr'>quod</span> <span class='ocrx_word' id='word_1_624' title='bbox 2262 4606 2329 4644; x_wconf 91' lang='lat' dir='ltr'>ea</span> <span class='ocrx_word' id='word_1_625' title='bbox 2361 4589 2475 4644; x_wconf 90' lang='lat' dir='ltr'>sibi</span> <span class='ocrx_word' id='word_1_626' title='bbox 2511 4587 2733 4644; x_wconf 85' lang='lat' dir='ltr'>sciebat</span> <span class='ocrx_word' id='word_1_627' title='bbox 2763 4588 3138 4643; x_wconf 84' lang='lat' dir='ltr'>interdictum</span> <span class='ocrx_word' id='word_1_628' title='bbox 3175 4586 3285 4641; x_wconf 86' lang='lat' dir='ltr'>ritu</span> <span class='ocrx_word' id='word_1_629' title='bbox 3343 4584 3733 4641; x_wconf 88' lang='lat' dir='ltr'>Occidentalis</span> 
     </span>
    </p>
   </div>
   <div class='ocr_carea' id='block_1_94' title="bbox 302 4658 3734 4748">
    <p class='ocr_par' dir='ltr' id='par_1_94' title="bbox 302 4658 3734 4748">
     <span class='ocr_line' id='line_1_94' title="bbox 302 4658 3734 4748; baseline -0.003 -12"><span class='ocrx_word' id='word_1_630' title='bbox 302 4680 675 4736; x_wconf 88' lang='lat' dir='ltr'>dicebantur.</span> <span class='ocrx_word' id='word_1_631' title='bbox 710 4678 828 4735; x_wconf 88' lang='lat' dir='ltr'>Hoc</span> <span class='ocrx_word' id='word_1_632' title='bbox 860 4677 1089 4733; x_wconf 86' lang='lat' dir='ltr'>videtur</span> <span class='ocrx_word' id='word_1_633' title='bbox 1123 4694 1226 4731; x_wconf 79' lang='lat' dir='ltr'>nos</span> <span class='ocrx_word' id='word_1_634' title='bbox 1272 4678 1479 4731; x_wconf 88' lang='lat' dir='ltr'>docere</span> <span class='ocrx_word' id='word_1_635' title='bbox 1512 4684 1708 4731; x_wconf 75' lang='lat' dir='ltr'>noster</span> <span class='ocrx_word' id='word_1_636' title='bbox 1737 4680 1961 4743; x_wconf 87' lang='lat' dir='ltr'>auctor,</span> <span class='ocrx_word' id='word_1_637' title='bbox 1996 4658 2042 4720; x_wconf 77' lang='lat' dir='ltr'>D</span> <span class='ocrx_word' id='word_1_638' title='bbox 2075 4678 2368 4734; x_wconf 71' lang='lat' dir='ltr'>Ecclesiae.</span> <span class='ocrx_word' id='word_1_639' title='bbox 2404 4678 2614 4734; x_wconf 90' lang='lat' dir='ltr'>Docuit</span> <span class='ocrx_word' id='word_1_640' title='bbox 2647 4694 2738 4733; x_wconf 91' lang='lat' dir='ltr'>me</span> <span class='ocrx_word' id='word_1_641' title='bbox 2765 4677 2917 4732; x_wconf 88' lang='lat' dir='ltr'>hanc</span> <span class='ocrx_word' id='word_1_642' title='bbox 2942 4676 3361 4748; x_wconf 88' lang='lat' dir='ltr'>proprietatem</span> <span class='ocrx_word' id='word_1_643' title='bbox 3384 4674 3543 4729; x_wconf 89' lang='lat' dir='ltr'>vocis</span> <span class='ocrx_word' id='word_1_644' title='bbox 3572 4670 3734 4745; x_wconf 73' lang='grc' dir='ltr'>μετά-</span> 
     </span>
    </p>
   </div>
   <div class='ocr_carea' id='block_1_95' title="bbox 298 4764 1958 4837">
    <p class='ocr_par' dir='ltr' id='par_1_95' title="bbox 298 4764 1958 4837">
     <span class='ocr_line' id='line_1_95' title="bbox 298 4764 1958 4837; baseline -0.004 -11"><span class='ocrx_word' id='word_1_645' title='bbox 298 4771 446 4826; x_wconf 89' lang='lat' dir='ltr'>dum</span> <span class='ocrx_word' id='word_1_646' title='bbox 508 4770 606 4825; x_wconf 89' lang='lat' dir='ltr'>illo</span> <span class='ocrx_word' id='word_1_647' title='bbox 666 4786 716 4824; x_wconf 93' lang='lat' dir='ltr'>c.</span> <span class='ocrx_word' id='word_1_648' title='bbox 767 4769 859 4833; x_wconf 83' lang='lat'>27,</span> <span class='ocrx_word' id='word_1_649' title='bbox 909 4766 945 4820; x_wconf 92' lang='lat' dir='ltr'>l.</span> <span class='ocrx_word' id='word_1_650' title='bbox 1005 4783 1061 4821; x_wconf 84' lang='lat' dir='ltr'>1v</span> <span class='ocrx_word' id='word_1_651' title='bbox 1122 4764 1205 4821; x_wconf 92' lang='lat' dir='ltr'>sic</span> <span class='ocrx_word' id='word_1_652' title='bbox 1262 4764 1526 4837; x_wconf 80' lang='lat' dir='ltr'>loquitur</span> <span class='ocrx_word' id='word_1_653' title='bbox 1569 4783 1635 4819; x_wconf 84' lang='lat' dir='ltr'>ex</span> <span class='ocrx_word' id='word_1_654' title='bbox 1691 4764 1958 4819; x_wconf 89' lang='lat' dir='ltr'>versione</span> 
     </span>
    </p>
   </div>
   <div class='ocr_carea' id='block_1_96' title="bbox 300 4854 1957 4930">
    <p class='ocr_par' dir='ltr' id='par_1_96' title="bbox 300 4854 1957 4930">
     <span class='ocr_line' id='line_1_96' title="bbox 300 4854 1957 4930; baseline -0.005 -14"><span class='ocrx_word' id='word_1_655' title='bbox 300 4861 607 4930; x_wconf 83' lang='lat' dir='ltr'>nostra,de</span> <span class='ocrx_word' id='word_1_656' title='bbox 638 4858 918 4914; x_wconf 78' lang='lat' dir='ltr'>Romanis</span> <span class='ocrx_word' id='word_1_657' title='bbox 946 4872 1124 4928; x_wconf 87' lang='lat' dir='ltr'>agens</span> <span class='ocrx_word' id='word_1_658' title='bbox 1149 4854 1331 4927; x_wconf 87' lang='lat' dir='ltr'>cepiis</span> <span class='ocrx_word' id='word_1_659' title='bbox 1361 4854 1740 4910; x_wconf 87' lang='lat' dir='ltr'>validissimis</span> <span class='ocrx_word' id='word_1_660' title='bbox 1780 4854 1957 4910; x_wconf 86' lang='lat' dir='ltr'>Joan-</span> 
     </span>
    </p>
   </div>
   <div class='ocr_carea' id='block_1_97' title="bbox 304 4944 1961 5021">
    <p class='ocr_par' dir='ltr' id='par_1_97' title="bbox 304 4944 1961 5021">
     <span class='ocr_line' id='line_1_97' title="bbox 304 4944 1961 5021; baseline -0.005 -15"><span class='ocrx_word' id='word_1_661' title='bbox 304 4950 401 5006; x_wconf 90' lang='lat' dir='ltr'>nis</span> <span class='ocrx_word' id='word_1_662' title='bbox 462 4949 718 5021; x_wconf 61' lang='lat' dir='ltr'>despota</span> <span class='ocrx_word' id='word_1_663' title='bbox 779 4947 981 5002; x_wconf 90' lang='lat' dir='ltr'>ductui</span> <span class='ocrx_word' id='word_1_664' title='bbox 1052 4944 1397 5017; x_wconf 76' lang='lat' dir='ltr'>permissis:</span> <span class='ocrx_word' id='word_1_665' title='bbox 1463 4945 1818 5015; x_wconf 78' lang='lat' dir='ltr'>Conﬂabalur</span> <span class='ocrx_word' id='word_1_666' title='bbox 1872 4944 1961 4999; x_wconf 77' lang='lat' dir='ltr'>hic</span> 
     </span>
    </p>
   </div>
   <div class='ocr_carea' id='block_1_98' title="bbox 304 5031 1962 5109">
    <p class='ocr_par' dir='ltr' id='par_1_98' title="bbox 304 5031 1962 5109">
     <span class='ocr_line' id='line_1_98' title="bbox 304 5031 1962 5109; baseline -0.007 -13"><span class='ocrx_word' id='word_1_667' title='bbox 304 5040 584 5096; x_wconf 66' lang='lat' dir='ltr'>exercitus</span> <span class='ocrx_word' id='word_1_668' title='bbox 614 5055 683 5092; x_wconf 75' lang='lat' dir='ltr'>ea:</span> <span class='ocrx_word' id='word_1_669' title='bbox 712 5034 1095 5109; x_wconf 75' lang='lat' dir='ltr'>diﬂerentibus</span> <span class='ocrx_word' id='word_1_670' title='bbox 1130 5035 1452 5107; x_wconf 77' lang='lat' dir='ltr'>corporibus</span> <span class='ocrx_word' id='word_1_671' title='bbox 1474 5043 1523 5089; x_wconf 80' lang='lat' dir='ltr'>et</span> <span class='ocrx_word' id='word_1_672' title='bbox 1556 5034 1699 5090; x_wconf 80' lang='lat' dir='ltr'>relul</span> <span class='ocrx_word' id='word_1_673' title='bbox 1731 5031 1962 5104; x_wconf 80' lang='lat' dir='ltr'>collegii</span> 
     </span>
    </p>
   </div>
   <div class='ocr_carea' id='block_1_99' title="bbox 302 5124 1964 5197">
    <p class='ocr_par' dir='ltr' id='par_1_99' title="bbox 302 5124 1964 5197">
     <span class='ocr_line' id='line_1_99' title="bbox 302 5124 1964 5197; baseline -0.005 -11"><span class='ocrx_word' id='word_1_674' title='bbox 302 5130 552 5186; x_wconf 71' lang='lat' dir='ltr'>militum</span> <span class='ocrx_word' id='word_1_675' title='bbox 595 5169 607 5182; x_wconf 94' lang='lat'>.</span> <span class='ocrx_word' id='word_1_676' title='bbox 653 5169 667 5184; x_wconf 94' lang='lat'>.</span> <span class='ocrx_word' id='word_1_677' title='bbox 714 5144 923 5182; x_wconf 82' lang='lat' dir='ltr'>.unum</span> <span class='ocrx_word' id='word_1_678' title='bbox 959 5134 1081 5181; x_wconf 78' lang='lat' dir='ltr'>erat</span> <span class='ocrx_word' id='word_1_679' title='bbox 1143 5126 1600 5197; x_wconf 70' lang='lat' dir='ltr'>Palrhagom&#39;cum</span> <span class='ocrx_word' id='word_1_680' title='bbox 1635 5166 1647 5178; x_wconf 97' lang='lat'>.</span> <span class='ocrx_word' id='word_1_681' title='bbox 1694 5168 1707 5181; x_wconf 90' lang='lat'>.</span> <span class='ocrx_word' id='word_1_682' title='bbox 1753 5165 1765 5177; x_wconf 94' lang='lat'>.</span> <span class='ocrx_word' id='word_1_683' title='bbox 1798 5124 1964 5178; x_wconf 78' lang='lat' dir='ltr'>aliud</span> 
     </span>
    </p>
   </div>
   <div class='ocr_carea' id='block_1_100' title="bbox 300 5212 1964 5289">
    <p class='ocr_par' dir='ltr' id='par_1_100' title="bbox 300 5212 1964 5289">
     <span class='ocr_line' id='line_1_100' title="bbox 300 5212 1964 5289; baseline -0.006 -14"><span class='ocrx_word' id='word_1_684' title='bbox 300 5236 434 5275; x_wconf 84' lang='lat' dir='ltr'>cum</span> <span class='ocrx_word' id='word_1_685' title='bbox 462 5229 513 5275; x_wconf 80' lang='lat' dir='ltr'>et</span> <span class='ocrx_word' id='word_1_686' title='bbox 542 5219 723 5289; x_wconf 80' lang='lat' dir='ltr'>ipsum</span> <span class='ocrx_word' id='word_1_687' title='bbox 751 5214 1111 5271; x_wconf 78' lang='lat' dir='ltr'>multitudine</span> <span class='ocrx_word' id='word_1_688' title='bbox 1140 5220 1263 5270; x_wconf 79' lang='lat' dir='ltr'>tum</span> <span class='ocrx_word' id='word_1_689' title='bbox 1308 5212 1365 5268; x_wconf 73' lang='lat' dir='ltr'>vi</span> <span class='ocrx_word' id='word_1_690' title='bbox 1412 5216 1461 5269; x_wconf 89' lang='lat' dir='ltr'>et</span> <span class='ocrx_word' id='word_1_691' title='bbox 1519 5221 1638 5269; x_wconf 80' lang='lat' dir='ltr'>arte</span> <span class='ocrx_word' id='word_1_692' title='bbox 1691 5222 1964 5286; x_wconf 57' lang='lat' dir='ltr'>prmslans</span> 
     </span>
    </p>
   </div>
   <div class='ocr_carea' id='block_1_101' title="bbox 297 5303 1966 5375">
    <p class='ocr_par' dir='ltr' id='par_1_101' title="bbox 297 5303 1966 5375">
     <span class='ocr_line' id='line_1_101' title="bbox 297 5303 1966 5375; baseline -0.005 -11"><span class='ocrx_word' id='word_1_693' title='bbox 297 5307 527 5364; x_wconf 82' lang='lat' dir='ltr'>bellica.</span> <span class='ocrx_word' id='word_1_694' title='bbox 586 5324 655 5363; x_wconf 72' lang='lat' dir='ltr'>ex</span> <span class='ocrx_word' id='word_1_695' title='bbox 706 5306 1079 5361; x_wconf 70' lang='lat' dir='ltr'>Halizonibus</span> <span class='ocrx_word' id='word_1_696' title='bbox 1131 5321 1262 5375; x_wconf 81' lang='lat' dir='ltr'>quos</span> <span class='ocrx_word' id='word_1_697' title='bbox 1321 5303 1695 5359; x_wconf 76' lang='lat' dir='ltr'>Jlesothinitas</span> <span class='ocrx_word' id='word_1_698' title='bbox 1740 5303 1966 5374; x_wconf 85' lang='lat' dir='ltr'>vulgare</span> 
     </span>
    </p>
   </div>
   <div class='ocr_carea' id='block_1_102' title="bbox 299 5391 1964 5467">
    <p class='ocr_par' dir='ltr' id='par_1_102' title="bbox 299 5391 1964 5467">
     <span class='ocr_line' id='line_1_102' title="bbox 299 5391 1964 5467; baseline -0.005 -13"><span class='ocrx_word' id='word_1_699' title='bbox 299 5398 461 5455; x_wconf 82' lang='lat' dir='ltr'>dicat</span> <span class='ocrx_word' id='word_1_700' title='bbox 506 5397 735 5452; x_wconf 80' lang='lat' dir='ltr'>idioma.</span> <span class='ocrx_word' id='word_1_701' title='bbox 786 5396 869 5450; x_wconf 90' lang='lat' dir='ltr'>En</span> <span class='ocrx_word' id='word_1_702' title='bbox 923 5394 1066 5467; x_wconf 91' lang='lat' dir='ltr'>quid</span> <span class='ocrx_word' id='word_1_703' title='bbox 1118 5393 1445 5449; x_wconf 88' lang='lat' dir='ltr'>Mesothina</span> <span class='ocrx_word' id='word_1_704' title='bbox 1489 5393 1611 5449; x_wconf 71' lang='lat' dir='ltr'>haec</span> <span class='ocrx_word' id='word_1_705' title='bbox 1650 5394 1824 5449; x_wconf 80' lang='lat' dir='ltr'>fuerit</span> <span class='ocrx_word' id='word_1_706' title='bbox 1870 5391 1964 5447; x_wconf 91' lang='lat' dir='ltr'>cui</span> 
     </span>
    </p>
   </div>
   <div class='ocr_carea' id='block_1_103' title="bbox 293 5482 1967 5560">
    <p class='ocr_par' dir='ltr' id='par_1_103' title="bbox 293 5482 1967 5560">
     <span class='ocr_line' id='line_1_103' title="bbox 293 5482 1967 5560; baseline -0.004 -17"><span class='ocrx_word' id='word_1_707' title='bbox 293 5493 443 5543; x_wconf 88' lang='lat' dir='ltr'>tune</span> <span class='ocrx_word' id='word_1_708' title='bbox 476 5484 828 5560; x_wconf 78' lang='lat' dir='ltr'>praepositus</span> <span class='ocrx_word' id='word_1_709' title='bbox 858 5482 1101 5539; x_wconf 88' lang='lat' dir='ltr'>Michael</span> <span class='ocrx_word' id='word_1_710' title='bbox 1129 5483 1485 5556; x_wconf 70' lang='lat' dir='ltr'>Palaeologus</span> <span class='ocrx_word' id='word_1_711' title='bbox 1517 5485 1587 5539; x_wconf 86' lang='lat' dir='ltr'>ab</span> <span class='ocrx_word' id='word_1_712' title='bbox 1615 5484 1967 5556; x_wconf 79' lang='lat' dir='ltr'>imperatore</span> 
     </span>
    </p>
   </div>
   <div class='ocr_carea' id='block_1_104' title="bbox 295 5571 1970 5649">
    <p class='ocr_par' dir='ltr' id='par_1_104' title="bbox 295 5571 1970 5649">
     <span class='ocr_line' id='line_1_104' title="bbox 295 5571 1970 5649; baseline -0.005 -14"><span class='ocrx_word' id='word_1_713' title='bbox 295 5579 532 5635; x_wconf 83' lang='lat' dir='ltr'>fuerat:</span> <span class='ocrx_word' id='word_1_714' title='bbox 567 5593 684 5633; x_wconf 88' lang='lat' dir='ltr'>non</span> <span class='ocrx_word' id='word_1_715' title='bbox 717 5573 896 5649; x_wconf 84' lang='lat' dir='ltr'>regio,</span> <span class='ocrx_word' id='word_1_716' title='bbox 930 5574 1031 5631; x_wconf 91' lang='lat' dir='ltr'>sed</span> <span class='ocrx_word' id='word_1_717' title='bbox 1089 5572 1241 5646; x_wconf 79' lang='lat' dir='ltr'>legio</span> <span class='ocrx_word' id='word_1_718' title='bbox 1297 5571 1575 5649; x_wconf 81' lang='grc' dir='ltr'>μεσοθινία</span> <span class='ocrx_word' id='word_1_719' title='bbox 1624 5574 1970 5648; x_wconf 86' lang='lat' dir='ltr'>Pachymeri</span> 
     </span>
    </p>
   </div>
   <div class='ocr_carea' id='block_1_105' title="bbox 380 5791 1275 5881">
    <p class='ocr_par' dir='ltr' id='par_1_105' title="bbox 380 5791 1275 5881">
     <span class='ocr_line' id='line_1_105' title="bbox 380 5791 1275 5881; baseline -0.003 -28"><span class='ocrx_word' id='word_1_720' title='bbox 380 5794 456 5870; x_wconf 84' lang='grc'>(1)</span> <span class='ocrx_word' id='word_1_721' title='bbox 488 5795 574 5852; x_wconf 82' lang='lat' dir='ltr'>Cf.</span> <span class='ocrx_word' id='word_1_722' title='bbox 607 5792 975 5881; x_wconf 63' lang='lat' dir='ltr'>Glossarium</span> <span class='ocrx_word' id='word_1_723' title='bbox 1002 5791 1275 5851; x_wconf 85' lang='lat' dir='ltr'>alterum.</span> 
     </span>
    </p>
   </div>
   <div class='ocr_carea' id='block_1_106' title="bbox 2074 4764 3733 4841">
    <p class='ocr_par' dir='ltr' id='par_1_106' title="bbox 2074 4764 3733 4841">
     <span class='ocr_line' id='line_1_106' title="bbox 2074 4764 3733 4841; baseline -0.003 -20"><span class='ocrx_word' id='word_1_724' title='bbox 2074 4764 2245 4840; x_wconf 75' lang='grc' dir='ltr'>ληψις</span> <span class='ocrx_word' id='word_1_725' title='bbox 2270 4768 2358 4822; x_wconf 88' lang='lat' dir='ltr'>vir</span> <span class='ocrx_word' id='word_1_726' title='bbox 2391 4767 2766 4841; x_wconf 90' lang='lat' dir='ltr'>pereruditus</span> <span class='ocrx_word' id='word_1_727' title='bbox 2797 4771 2851 4821; x_wconf 89' lang='lat' dir='ltr'>et</span> <span class='ocrx_word' id='word_1_728' title='bbox 2883 4766 2939 4819; x_wconf 92' lang='lat' dir='ltr'>in</span> <span class='ocrx_word' id='word_1_729' title='bbox 2971 4764 3733 4838; x_wconf 72' lang='lat' dir='ltr'>primissciensGraecorum</span> 
     </span>
    </p>
   </div>
   <div class='ocr_carea' id='block_1_107' title="bbox 2074 4850 3730 4925">
    <p class='ocr_par' dir='ltr' id='par_1_107' title="bbox 2074 4850 3730 4925">
     <span class='ocr_line' id='line_1_107' title="bbox 2074 4850 3730 4925; baseline -0.005 -13"><span class='ocrx_word' id='word_1_730' title='bbox 2074 4858 2296 4913; x_wconf 90' lang='lat' dir='ltr'>rituum</span> <span class='ocrx_word' id='word_1_731' title='bbox 2330 4857 2587 4912; x_wconf 87' lang='lat' dir='ltr'>Jacobus</span> <span class='ocrx_word' id='word_1_732' title='bbox 2621 4857 2771 4912; x_wconf 89' lang='lat' dir='ltr'>Goar</span> <span class='ocrx_word' id='word_1_733' title='bbox 2801 4856 2865 4911; x_wconf 92' lang='lat' dir='ltr'>O.</span> <span class='ocrx_word' id='word_1_734' title='bbox 2901 4856 2957 4910; x_wconf 85' lang='grc' dir='ltr'>Ρ.</span> <span class='ocrx_word' id='word_1_735' title='bbox 2988 4855 3086 4925; x_wconf 86' lang='lat' dir='ltr'>qui</span> <span class='ocrx_word' id='word_1_736' title='bbox 3123 4854 3278 4909; x_wconf 90' lang='lat' dir='ltr'>uotis</span> <span class='ocrx_word' id='word_1_737' title='bbox 3308 4854 3377 4907; x_wconf 88' lang='lat' dir='ltr'>ad</span> <span class='ocrx_word' id='word_1_738' title='bbox 3411 4850 3730 4924; x_wconf 86' lang='lat' dir='ltr'>Liturgiam</span> 
     </span>
    </p>
   </div>
   <div class='ocr_carea' id='block_1_108' title="bbox 2069 4943 3733 5019">
    <p class='ocr_par' dir='ltr' id='par_1_108' title="bbox 2069 4943 3733 5019">
     <span class='ocr_line' id='line_1_108' title="bbox 2069 4943 3733 5019; baseline -0.002 -19"><span class='ocrx_word' id='word_1_739' title='bbox 2069 4951 2127 5000; x_wconf 91' lang='lat' dir='ltr'>S.</span> <span class='ocrx_word' id='word_1_740' title='bbox 2161 4948 2403 5003; x_wconf 90' lang='lat' dir='ltr'>Joannis</span> <span class='ocrx_word' id='word_1_741' title='bbox 2428 4947 2728 5019; x_wconf 77' lang='lat' dir='ltr'>Chrysost.</span> <span class='ocrx_word' id='word_1_742' title='bbox 2765 4963 2819 5017; x_wconf 91' lang='lat' dir='ltr'>p.</span> <span class='ocrx_word' id='word_1_743' title='bbox 2859 4944 2956 4999; x_wconf 82' lang='lat'>150</span> <span class='ocrx_word' id='word_1_744' title='bbox 2990 4943 3275 5014; x_wconf 85' lang='lat' dir='ltr'>Eucholog.</span> <span class='ocrx_word' id='word_1_745' title='bbox 3309 4944 3483 4997; x_wconf 84' lang='lat' dir='ltr'>rel&#39;ert</span> <span class='ocrx_word' id='word_1_746' title='bbox 3505 4947 3733 4996; x_wconf 62' lang='lat' dir='ltr'>Graecus</span> 
     </span>
    </p>
   </div>
   <div class='ocr_carea' id='block_1_109' title="bbox 2068 5019 3731 5109">
    <p class='ocr_par' dir='ltr' id='par_1_109' title="bbox 2068 5019 3731 5109">
     <span class='ocr_line' id='line_1_109' title="bbox 2068 5019 3731 5109; baseline -0.003 -18"><span class='ocrx_word' id='word_1_747' title='bbox 2068 5019 2134 5091; x_wconf 71' lang='lat' dir='ltr'>1n</span> <span class='ocrx_word' id='word_1_748' title='bbox 2166 5037 2300 5109; x_wconf 88' lang='lat' dir='ltr'>ipsa</span> <span class='ocrx_word' id='word_1_749' title='bbox 2331 5037 2533 5092; x_wconf 87' lang='lat' dir='ltr'>altaris</span> <span class='ocrx_word' id='word_1_750' title='bbox 2565 5036 2787 5092; x_wconf 89' lang='lat' dir='ltr'>concha</span> <span class='ocrx_word' id='word_1_751' title='bbox 2819 5035 3135 5106; x_wconf 83' lang='lat' dir='ltr'>depingere</span> <span class='ocrx_word' id='word_1_752' title='bbox 3159 5033 3475 5106; x_wconf 83' lang='lat' dir='ltr'>imaginem</span> <span class='ocrx_word' id='word_1_753' title='bbox 3518 5033 3731 5088; x_wconf 83' lang='lat' dir='ltr'>Christi</span> 
     </span>
    </p>
   </div>
   <div class='ocr_carea' id='block_1_110' title="bbox 2074 5121 3732 5199">
    <p class='ocr_par' dir='ltr' id='par_1_110' title="bbox 2074 5121 3732 5199">
     <span class='ocr_line' id='line_1_110' title="bbox 2074 5121 3732 5199; baseline -0.004 -17"><span class='ocrx_word' id='word_1_754' title='bbox 2074 5127 2307 5182; x_wconf 90' lang='lat' dir='ltr'>Domini</span> <span class='ocrx_word' id='word_1_755' title='bbox 2334 5126 2649 5199; x_wconf 82' lang='lat' dir='ltr'>pontiﬁciis</span> <span class='ocrx_word' id='word_1_756' title='bbox 2667 5125 2929 5180; x_wconf 86' lang='lat' dir='ltr'>vestibus</span> <span class='ocrx_word' id='word_1_757' title='bbox 2953 5124 3162 5190; x_wconf 83' lang='lat' dir='ltr'>ornati,</span> <span class='ocrx_word' id='word_1_758' title='bbox 3187 5123 3513 5179; x_wconf 82' lang='lat' dir='ltr'>decussatis</span> <span class='ocrx_word' id='word_1_759' title='bbox 3544 5121 3732 5177; x_wconf 89' lang='lat' dir='ltr'>mani-</span> 
     </span>
    </p>
   </div>
   <div class='ocr_carea' id='block_1_111' title="bbox 2076 5212 3732 5288">
    <p class='ocr_par' dir='ltr' id='par_1_111' title="bbox 2076 5212 3732 5288">
     <span class='ocr_line' id='line_1_111' title="bbox 2076 5212 3732 5288; baseline -0.002 -16"><span class='ocrx_word' id='word_1_760' title='bbox 2076 5217 2187 5272; x_wconf 86' lang='lat' dir='ltr'>bus</span> <span class='ocrx_word' id='word_1_761' title='bbox 2233 5233 2443 5288; x_wconf 84' lang='lat' dir='ltr'>panem</span> <span class='ocrx_word' id='word_1_762' title='bbox 2475 5220 2882 5271; x_wconf 76' lang='lat' dir='ltr'>consecratum</span> <span class='ocrx_word' id='word_1_763' title='bbox 2915 5216 3138 5281; x_wconf 87' lang='lat' dir='ltr'>dextra,</span> <span class='ocrx_word' id='word_1_764' title='bbox 3177 5212 3417 5269; x_wconf 89' lang='lat' dir='ltr'>calicem</span> <span class='ocrx_word' id='word_1_765' title='bbox 3467 5230 3604 5269; x_wconf 91' lang='lat' dir='ltr'>vero</span> <span class='ocrx_word' id='word_1_766' title='bbox 3655 5215 3732 5270; x_wconf 87' lang='lat' dir='ltr'>si-</span> 
     </span>
    </p>
   </div>
   <div class='ocr_carea' id='block_1_112' title="bbox 2078 5303 3742 5378">
    <p class='ocr_par' dir='ltr' id='par_1_112' title="bbox 2078 5303 3742 5378">
     <span class='ocr_line' id='line_1_112' title="bbox 2078 5303 3742 5378; baseline -0.002 -17"><span class='ocrx_word' id='word_1_767' title='bbox 2078 5306 2265 5362; x_wconf 89' lang='lat' dir='ltr'>nistra</span> <span class='ocrx_word' id='word_1_768' title='bbox 2300 5305 2646 5378; x_wconf 83' lang='lat' dir='ltr'>proferentis</span> <span class='ocrx_word' id='word_1_769' title='bbox 2679 5303 2961 5375; x_wconf 87' lang='lat' dir='ltr'>inscripto</span> <span class='ocrx_word' id='word_1_770' title='bbox 2988 5304 3055 5357; x_wconf 87' lang='lat' dir='ltr'>ad</span> <span class='ocrx_word' id='word_1_771' title='bbox 3087 5304 3383 5359; x_wconf 81' lang='lat' dir='ltr'>dexteram</span> <span class='ocrx_word' id='word_1_772' title='bbox 3419 5310 3474 5358; x_wconf 90' lang='lat' dir='ltr'>et</span> <span class='ocrx_word' id='word_1_773' title='bbox 3516 5319 3742 5359; x_wconf 88' lang='lat' dir='ltr'>sacrum</span> 
     </span>
    </p>
   </div>
   <div class='ocr_carea' id='block_1_113' title="bbox 2078 5388 3735 5467">
    <p class='ocr_par' dir='ltr' id='par_1_113' title="bbox 2078 5388 3735 5467">
     <span class='ocr_line' id='line_1_113' title="bbox 2078 5388 3735 5467; baseline -0.002 -17"><span class='ocrx_word' id='word_1_774' title='bbox 2078 5395 2285 5450; x_wconf 85' lang='lat' dir='ltr'>Christi</span> <span class='ocrx_word' id='word_1_775' title='bbox 2320 5412 2532 5467; x_wconf 89' lang='lat' dir='ltr'>corpus</span> <span class='ocrx_word' id='word_1_776' title='bbox 2563 5392 2843 5448; x_wconf 85' lang='lat' dir='ltr'>vecabulo</span> <span class='ocrx_word' id='word_1_777' title='bbox 2879 5388 3187 5464; x_wconf 80' lang='grc' dir='ltr'>μετάδοσις,</span> <span class='ocrx_word' id='word_1_778' title='bbox 3222 5394 3293 5449; x_wconf 87' lang='lat' dir='ltr'>ad</span> <span class='ocrx_word' id='word_1_779' title='bbox 3356 5395 3559 5448; x_wconf 71' lang='lat' dir='ltr'>laevam</span> <span class='ocrx_word' id='word_1_780' title='bbox 3602 5409 3735 5447; x_wconf 89' lang='lat' dir='ltr'>vero</span> 
     </span>
    </p>
   </div>
   <div class='ocr_carea' id='block_1_114' title="bbox 2080 5479 3734 5555">
    <p class='ocr_par' dir='ltr' id='par_1_114' title="bbox 2080 5479 3734 5555">
     <span class='ocr_line' id='line_1_114' title="bbox 2080 5479 3734 5555; baseline -0.003 -15"><span class='ocrx_word' id='word_1_781' title='bbox 2080 5489 2137 5540; x_wconf 89' lang='lat' dir='ltr'>et</span> <span class='ocrx_word' id='word_1_782' title='bbox 2162 5484 2400 5540; x_wconf 90' lang='lat' dir='ltr'>calicem</span> <span class='ocrx_word' id='word_1_783' title='bbox 2438 5488 2639 5539; x_wconf 86' lang='lat' dir='ltr'>nostra</span> <span class='ocrx_word' id='word_1_784' title='bbox 2669 5483 2777 5538; x_wconf 75' lang='lat' dir='ltr'>hac</span> <span class='ocrx_word' id='word_1_785' title='bbox 2812 5499 2947 5538; x_wconf 70' lang='lat' dir='ltr'>voce</span> <span class='ocrx_word' id='word_1_786' title='bbox 2984 5479 3316 5555; x_wconf 78' lang='grc' dir='ltr'>μετάληψις.</span> <span class='ocrx_word' id='word_1_787' title='bbox 3359 5483 3505 5537; x_wconf 82' lang='lat' dir='ltr'>Hinc</span> <span class='ocrx_word' id='word_1_788' title='bbox 3559 5481 3734 5535; x_wconf 86' lang='lat' dir='ltr'>habe-</span> 
     </span>
    </p>
   </div>
   <div class='ocr_carea' id='block_1_115' title="bbox 2082 5569 3736 5648">
    <p class='ocr_par' dir='ltr' id='par_1_115' title="bbox 2082 5569 3736 5648">
     <span class='ocr_line' id='line_1_115' title="bbox 2082 5569 3736 5648; baseline -0.002 -19"><span class='ocrx_word' id='word_1_789' title='bbox 2082 5592 2217 5630; x_wconf 89' lang='lat' dir='ltr'>mus</span> <span class='ocrx_word' id='word_1_790' title='bbox 2251 5570 2617 5648; x_wconf 71' lang='grc' dir='ltr'>μεταλήψεως</span> <span class='ocrx_word' id='word_1_791' title='bbox 2646 5573 2999 5630; x_wconf 81' lang='lat' dir='ltr'>vocabulum</span> <span class='ocrx_word' id='word_1_792' title='bbox 3033 5573 3350 5645; x_wconf 87' lang='lat' dir='ltr'>aliquando</span> <span class='ocrx_word' id='word_1_793' title='bbox 3380 5569 3612 5644; x_wconf 88' lang='lat' dir='ltr'>proprie</span> <span class='ocrx_word' id='word_1_794' title='bbox 3642 5588 3736 5628; x_wconf 89' lang='lat' dir='ltr'>ac-</span> 
     </span>
    </p>
   </div>
  </div>
