4072 6400
334 414 474 470 1047
1399 415 1459 464 Ρ.
1504 408 1778 465 POSSINI
1815 408 2036 462 OBSER

2149 409 2426 467 TIONUM
2466 415 2598 468 LIB.
2638 416 2682 467 Ι.
3626 410 3750 468 1048

339 536 710 595 commodari
771 535 843 593 ad
900 534 1332 607 perceptionem
1386 532 1537 588 sacri
1596 530 1811 587 calicis.
1867 527 1993 583 Dixi
2023 534 2077 595 Α
2107 534 2303 589 autem
2333 533 2393 589 id
2423 536 2591 592 facile
2617 536 3052 593 discerneretur
3080 534 3139 590 in
3189 550 3372 591 causa
3418 539 3563 602 erat,
3606 539 3748 609 quod

342 626 680 700 aliquando,
716 626 852 698 quia
885 629 1093 697 praeter
1121 624 1178 678 id
1213 624 1365 694 quod
1400 622 1696 694 superius,
1729 625 1794 675 ut
1825 620 1999 675 modo
2113 638 2323 680 manus
2354 624 3290 681 etformalitterarumAndronici
3314 624 3401 679 sic
3417 628 3751 697 congruebat

345 718 761 783 admouebam,
798 712 1104 786 μετάληψις
1148 712 1491 785 adjungitur
1522 715 1601 782 τῷ
1656 711 1784 781 θείῳ
1830 707 1996 782 ἄρτῳ,

2149 732 2243 769 um
2278 721 2539 787 paterna,
2564 722 2628 772 ut
2661 716 2895 773 nonnisi
2927 733 3078 789 aegre
3110 716 3287 772 etiam
3344 733 3379 770 a
3411 718 3593 787 perito
3640 718 3749 772 dis-

350 808 528 862 etiam
563 806 738 874 intra,
772 822 820 861 ο.
864 806 951 873 36,
1012 804 1051 857 l.
1098 820 1176 870 Vl,
1232 804 1552 873 imperator
1611 800 2001 856 moribundus

2149 805 2515 877 lngueretur:
2549 806 2674 862 Ἐπὶ
2704 809 2962 861 τοσοῦτον
2993 805 3096 880 γὰρ
3129 806 3218 858 καὶ
3250 804 3515 879 παρέϊκτο
3539 810 3651 869 τοῖς
3666 811 3754 860 τοῦ

348 897 566 952 dicitur
628 895 724 962 τὴν
797 892 949 967 ἁγίαν
1025 891 1331 965 μετάληψιν
1399 888 1685 966 δέχεσθαι.
1759 891 2004 945 Videtur
2112 895 2316 968 πατρὸς
2365 894 2440 957 ὡς
2494 895 2569 968 μή
2622 892 2824 970 ῥᾳδίως
2871 891 3162 968 διαγνῶναι
3192 888 3340 968 ἔχειν
3374 894 3466 948 καὶ
3496 894 3587 948 τὸν
3618 892 3755 965 εἰδή-

352 991 547 1042 autem
572 985 826 1039 indicare
858 984 975 1039 illic
1007 983 1326 1039 historicus
1357 984 1630 1049 voluisse,
1680 980 2005 1051 sumpsisse
2119 1004 2275 1054 μονα.
2301 986 2587 1058 Gregoras
2620 988 2682 1058 (Ι.
2709 1004 2785 1056 ιν,
2822 1004 2877 1057 p.
2911 987 2979 1039 52
3003 987 3092 1040 ed.
3119 985 3295 1041 Basil.
3334 986 3755 1057 an.1562)refe-

350 1074 677 1130 tuncillum
704 1074 1127 1129 Eucharistiam
1152 1090 1267 1144 quo
1292 1074 1463 1129 modo
1486 1074 1754 1128 solebant
1774 1084 2008 1127 sumere
2118 1091 2252 1130 rens
2284 1082 2561 1131 ornatum
2594 1076 2930 1147 insignibus
2966 1075 3201 1147 imperii
3230 1093 3262 1128 a
3288 1080 3457 1147 patre
3489 1075 3760 1129 Androni-

357 1164 625 1220 morituri
656 1166 807 1235 apud
844 1166 1095 1232 Graecos,
1128 1164 1238 1220 hoc
1267 1169 1354 1219 est
1386 1166 1495 1220 sub
1530 1168 1777 1234 utraque
1817 1160 2009 1233 specie

2158 1182 2254 1219 um
2280 1166 2482 1221 addit:
2518 1166 2812 1239 Ἐπέτρεψε
2859 1161 2902 1218 δ’
2940 1162 3086 1235 αὐτῷ
3117 1163 3144 1217 ὁ
3174 1163 3358 1237 πατὴρ
3398 1164 3549 1221 585
3584 1162 3671 1216 καὶ
3700 1159 3760 1216 δι’

356 1254 505 1311 Nam
540 1254 697 1310 584
739 1271 924 1325 seque,
974 1253 1201 1325 opinor,
1263 1254 1333 1308 ad
1389 1260 1695 1323 utramque
1754 1250 2006 1322 speciem

2149 1258 2357 1325 ρυθρῶν
2424 1254 2751 1332 ὑπογράφειν
2812 1252 3151 1328 γραμμάτων
3229 1251 3647 1328 προστάγματα,
3706 1251 3761 1306 οὐ

359 1343 651 1416 pertinent
678 1350 999 1400 memorata
1025 1343 1197 1415 paulo
1231 1343 1393 1415 prius
1426 1336 1791 1414 σύμϐολατοῦ
1816 1347 2013 1393 Δεσπο-

2149 1344 2307 1398 ιέντοι
2345 1351 2489 1418 μῆνα
2518 1346 2606 1400 καί
2658 1343 2921 1414 ἷΆδικτον,
2955 1342 3101 1398 ἀλλὰ
3149 1339 3503 1416 Ἀνδρότικος
3549 1343 3762 1417 Χριστοῦ

354 1435 510 1485 τικοῦ
542 1432 792 1499 θανάτου.
833 1433 953 1491 Nisi
1008 1436 1153 1489 forte
1210 1432 1311 1503 qui
1371 1434 1706 1503 suspicetur
1754 1436 2012 1486 extremo

2149 1435 2310 1508 [άριτι
2339 1433 2589 1509 βασιλεὺς
2614 1434 2922 1509 Ῥωμαίων.
2974 1435 3238 1491 Permisit
3298 1451 3423 1491 vero
3474 1433 3583 1505 ipsi
3621 1439 3767 1505 pater

358 1523 643 1594 languore
675 1523 1154 1578 conflictantibus
1178 1522 1299 1576 dari
1340 1521 1572 1577 solilam
1607 1520 1849 1576 alteram
1881 1524 2011 1574 tan-
2124 1527 2313 1583 edictis
2333 1527 2673 1583 subscribere
2702 1529 2889 1583 rubris
2916 1525 3134 1581 litteris.
3158 1535 3424 1583 caeterum
3443 1523 3567 1580 sine
3596 1540 3766 1579 meme

362 1616 493 1666 tum
528 1612 806 1683 speciem,
836 1628 1045 1683 nempe
1076 1610 1386 1683 liquidam,
1438 1628 1613 1682 quam
1650 1610 2017 1665 commodius
2128 1625 2180 1672 et
2208 1616 2683 1687 indictione;sed,
2714 1617 3062 1673 Andronicus
3110 1615 3323 1671 Christi
3369 1617 3558 1687 gratia
3606 1617 3767 1685 impe-

360 1702 845 1759 transmitterent
877 1718 977 1773 per
999 1702 1193 1757 fauces
1215 1701 1794 1767 catarrhaonsessas,
1813 1704 1868 1754 et
1893 1699 2019 1753 ideo

2149 1711 2285 1762 'ator
2315 1708 2840 1763 Romanorum.ch
2871 1707 3195 1778 Gregoras;
3229 1722 3301 1761 ex
3332 1704 3550 1776 quibus
3606 1701 3767 1758 intel-

382 1788 744 1863 μεταλήψεως
786 1791 992 1858 solius,
1020 1791 1126 1846 hoc
1157 1796 1247 1846 est
1277 1791 1392 1845 vini
1428 1791 1748 1846 consecrati
1784 1805 2019 1845 conver-

2156 1797 2279 1867 iges
2310 1798 2450 1868 quid
2484 1798 2561 1853 sit
2582 1798 2737 1869 quod
2773 1797 3159 1869 Pachymeres
3191 1795 3435 1867 scripsit
3452 1792 3768 1868 ὑπογράφειν

372 1881 537 1952 sique
566 1882 623 1936 in
660 1881 874 1936 Christi
899 1881 1494 1952 sanguinem,factam
1520 1880 1612 1935 hic
1637 1879 2017 1945 mentionem,

2149 1885 2452 1954 ὶασιλικῶς,
2476 1887 2820 1942 subscribere
2847 1886 3033 1955 regie:
3067 1890 3159 1941 est
3189 1885 3349 1941 enim
3375 1885 3435 1940 id
3466 1878 3773 1957 ὑπογράφειν

370 1970 525 2041 quod
550 1970 607 2024 id
642 1969 829 2025 solum
864 1974 984 2025 tum
1009 1972 1313 2038 Augustus
1338 1970 1681 2041 perceperit.
1718 1968 1862 2023 Nam
1891 1968 2026 2023 soli-

2149 1973 2204 2029 it’
2237 1973 2498 2051 ἐρυθρῶν,
2530 1979 2870 2033 subscribere
2899 1978 3090 2033 rubris
3124 1976 3347 2033 litteris.

366 2064 456 2115 tos
478 2060 605 2130 jam
634 2058 771 2115 olim
799 2059 1027 2114 Graecos
1047 2059 1227 2114 fuisse
1246 2060 1478 2131 aegrotis
1502 2060 1560 2114 in
1593 2076 1727 2114 eum
1748 2059 1801 2113 vi
1835 2056 2023 2111 morbi

369 2154 587 2204 statum
622 2150 875 2205 redactis
913 2154 975 2203 ut
1003 2165 1150 2220 aegre
1182 2149 1349 2220 panis
1382 2148 1605 2219 species
1641 2147 2026 2219 glutirent,ne

372 2237 499 2294 sine
528 2238 736 2293 viatico
770 2237 1284 2310 abirentspeciem
1308 2237 1428 2292 vini
1458 2237 1798 2292 ministrare
1816 2235 2026 2302 solam,

376 2328 543 2383 docet
574 2332 774 2399 petrus
804 2327 1115 2383 Arcudius.
1149 2326 1187 2381 l.
1222 2345 1282 2382 ιιι
1318 2333 1392 2383 De
1423 2327 1715 2383 concordia
1772 2327 2031 2383 Ecctesiae

376 2416 648 2487 Orientat,
681 2426 733 2472 et
763 2417 1092 2473 Occidentat.
1126 2425 1259 2487 elc.,
1292 2434 1348 2489 p.
1382 2418 1509 2474 335.

445 2524 745 2599 Μετόχιον,
779 2526 836 2580 d.
868 2526 993 2578 270.
1030 2524 1159 2597 Agit
1192 2526 1263 2580 de
1324 2525 1686 2581 domuncula
1735 2541 1870 2579 cum
1930 2540 2029 2579 sa-

373 2615 518 2671 cello
537 2616 653 2670 divi
682 2614 905 2670 Nicolai
935 2615 1006 2669 ad
1040 2631 1200 2670 mare
1251 2615 1384 2683 sita,
1435 2631 1613 2686 quam
1675 2614 1816 2669 dicit
1849 2613 2031 2669 fuisse

376 2704 637 2779 μετόχιον
666 2710 767 2771 τῆς
814 2701 1015 2772 Ὀξείας
1055 2706 1389 2760 metochium
1433 2706 1597 2760 Oxeaa
1649 2704 1853 2760 insulae
1892 2705 2031 2759 Pro-

374 2796 655 2868 pontidis,
686 2795 757 2850 ad
791 2811 967 2865 quam
1020 2796 1311 2867 deportari
1366 2797 1574 2865 jussus
1625 2794 2033 2868 expatriarcha

373 2884 674 2942 Arsenius.
720 2884 783 2939 In
843 2899 911 2939 ea
968 2885 1234 2951 aedicula,
1293 2886 1512 2957 quippe
1564 2886 1913 2940 imminente
1971 2884 2031 2939 in

2207 2100 2583 2173 Μνημονεύειν
2639 2103 2726 2156 καὶ
2784 2102 3139 2174 μνημόσυνον
3200 2119 3256 2175 ρ.
3317 2102 3465 2157 374.
3528 2105 3658 2155 Haec
3701 2097 3773 2154 0f-

2138 2193 2477 2247 ferebantur
2509 2211 2540 2248 a
2570 2192 2783 2248 Grmcis
2817 2210 2996 2264 papae,
3034 2193 3082 2246 si
3112 2192 3288 2247 vellet
3322 2191 3617 2246 abstinere
3645 2188 3775 2258 aju-

2136 2283 2344 2336 vendis
2377 2281 2599 2337 Latinis
2624 2281 3191 2353 Constantinopolim
3210 2287 3352 2337 tunc
3371 2278 3773 2352 OCCUpantibus

2138 2371 2327 2426 Verbo
2354 2390 2455 2442 μνη
2471 2371 2713 2443 μονεύειν
2730 2371 3095 2443 signiﬁcatur
3107 2370 3388 2426 distincta
3408 2368 3619 2424 mentio
3634 2380 3775 2439 papa!

2142 2462 2199 2515 in
2234 2462 2416 2516 sacris
2434 2465 2763 2517 Graecorum
2788 2460 3070 2533 litturgiis
3089 2460 3323 2533 publice
3358 2477 3424 2516 ac
3452 2454 3773 2514 nominatim

2140 2552 2426 2607 facienda.
2465 2554 2597 2624 Ipsa
2628 2569 2795 2623 porro
2817 2551 2951 2607 talis
2980 2551 3465 2607 commemoratio
3486 2547 3546 2601 τὸ
3572 2540 3773 2615 μνημό-

2140 2661 2296 2694 συνον
2332 2641 2598 2697 absolute
2629 2642 3037 2697 autonomasia
3095 2637 3536 2713 compendiaria
3577 2634 3774 2689 dicitur

2141 2730 2199 2785 in
2234 2731 2341 2785 hac
2365 2730 2632 2798 historia,
2654 2736 2718 2785 ut
2742 2731 3016 2802 superius
3039 2729 3488 2785 diximusverbo
3508 2719 3773 2791 ἔκκλητον.

2140 2822 2226 2876 Ab
2257 2821 2366 2875 hac
2399 2820 2648 2877 Romani
2677 2820 2974 2892 pontificis
3008 2820 3160 2875 inter
3182 2837 3354 2876 sacra
3379 2827 3775 2874 commemora-

2140 2911 2298 2965 tione
2331 2928 2435 2965 cur
2467 2916 2767 2981 tantopere
2788 2909 2965 2965 Graeci
2996 2908 3654 2974 adhorrerent,causam
3678 2914 3774 2955 non

379 2973 776 3030 rectissimum
828 2973 967 3028 illuc
1024 2976 1361 3045 trajectum,
1413 2981 1516 3030 aut
1548 2976 1693 3030 forte
1744 2974 1921 3030 etiam
1960 2974 2029 3028 ad

380 3064 721 3119 monasterii
755 3062 1053 3131 Oxeensis,
1088 3064 1182 3117 cui
1215 3064 1597 3119 addicebatur
1621 3080 1687 3118 eo
1739 3063 2033 3135 relegatus

380 3152 686 3222 Arsenius,
720 3154 823 3224 jus
880 3152 1329 3225 dominiumque
1382 3154 1729 3224 pertinente,
1764 3154 1952 3207 obiter
1982 3151 2031 3208 is

380 3241 685 3313 depositus
716 3247 823 3298 est.
860 3242 921 3297 L.
954 3259 1008 3311 v,
1043 3260 1092 3300 c.
1152 3244 1206 3309 2,
1267 3260 1480 3299 nomen
1538 3242 1693 3297 idem
1754 3242 1967 3297 iterum
2004 3258 2035 3295 a
2065 3252 2108 3319 α

379 3331 590 3387 Nostro
650 3333 712 3404 [P
746 3332 866 3403 403]
929 3332 1242 3387 adhibetur
1288 3333 1345 3386 iu
1378 3332 1469 3386 his
1524 3331 1755 3399 verbis;
1816 3331 1925 3398 Τὴν
1979 3327 2036 3383 δὲ

384 3421 553 3494 μονὴν
585 3419 793 3490 ἐκείνην
823 3422 1107 3493 (loquitur
1135 3422 1205 3475 de
1236 3421 1594 3476 monasterio
1644 3422 1799 3491 quod
1852 3424 2037 3476 fuerat

384 3510 841 3583 Blemmidaehﬁ
881 3513 982 3562 τοῦ
1042 3505 1314 3577 Γαλησίου
1377 3512 1519 3581 μονῇ
1582 3508 1905 3576 ὑποτεθῆναι
1961 3507 2037 3570 εἷς

386 3598 671 3673 μετόχιον.
701 3600 928 3655 Iudicat
951 3599 1380 3654 monasterium
1407 3600 1563 3669 quod
1595 3601 1784 3654 fuerat
1840 3599 2034 3654 Blem-

387 3688 1007 3754 midse,contributum
1042 3694 1095 3743 et
1143 3688 1475 3758 subjectum
1525 3690 1876 3746 monasterio
1920 3693 2032 3745 Ga-

381 3775 535 3830 lesii.
560 3775 787 3846 Aliqua:
810 3775 1091 3847 religiosa
1124 3776 1360 3831 familiae
1402 3778 1579 3834 habet
1627 3780 2034 3836 extraordina-

385 3868 503 3921 rias
562 3867 789 3935 domos,
846 3869 1113 3938 quaedam
1182 3885 1308 3939 qua":
1368 3876 1572 3925 vocant
1622 3871 1871 3942 hispitia,
1934 3872 2034 3926 ubi

383 3955 754 4011 diversentur
778 3956 1010 4012 illarum
1045 3957 1298 4014 ministri
1329 3965 1427 4015 aut
1474 3959 1751 4031 religiosi,
1793 3962 1894 4031 qui
1934 3977 2037 4015 ne-

383 4044 525 4116 gotii
557 4062 734 4101 causa
762 4046 822 4101 in
885 4046 1028 4102 locis
1085 4047 1202 4103 illis
1263 4048 1731 4120 peregrinantur.
1792 4050 2037 4105 Videtur

383 4135 481 4205 qui
512 4134 706 4191 simile
736 4153 873 4192 voce
898 4136 1155 4210 μετὸχιον
1190 4137 1283 4193 hic
1314 4139 1631 4209 designari.

455 4240 804 4317 Μηνολογεῖν
861 4262 917 4315 p.
990 4247 1115 4301 319.
1167 4247 1284 4301 Hoc
1338 4246 1464 4302 loco
1492 4244 1824 4319 μηνολογεῖν
1860 4245 2038 4319 signi—

386 4333 522 4388 ﬁcat
552 4351 814 4390 mensem
848 4352 1141 4407 apponere
1190 4334 1613 4407 diplomatibus
1670 4340 1772 4391 aut
1820 4335 2037 4391 chartis

386 4424 587 4495 regiis;
618 4426 773 4496 quod
808 4424 919 4479 sibi
953 4425 1053 4479 uni
1088 4424 1333 4480 Michael
1357 4430 2038 4497 Augustusreservatum

387 4512 591 4581 voluit,
649 4513 998 4579 nominatim
1058 4514 1353 4585 excipiens
1412 4532 1484 4570 ne
1550 4516 1605 4570 id
1666 4516 2039 4571 Andronicus

2141 3016 2271 3055 esse
2305 3000 2602 3071 sapienter
2632 3000 2893 3055 ostendit
2930 2999 3273 3069 imperator,
3307 2998 3400 3053 bis
3430 2995 3560 3051 illos
3583 3003 3773 3062 urgens

2141 3090 2375 3144 verbis:
2407 3087 2541 3143 Τίνα
2593 3085 2637 3141 δ’
2695 3085 2810 3163 ἔχει
2871 3086 3241 3141 ἀντικανονίαν
3274 3089 3311 3156 ἡ
3373 3084 3457 3139 ἐπ’
3512 3075 3773 3147 ἐκκλησίας

2145 3177 2390 3255 ἀναφορά
2445 3177 2877 3249 τρῦρνόνόματος
2937 3177 3215 3249 (subaudi
3278 3176 3486 3248 papae),
3546 3170 3676 3255 ὅποι)
3724 3183 3773 3237 γε

2145 3266 2233 3320 καὶ
2271 3267 2346 3338 μὴ
2389 3265 2609 3327 πάπποις
2654 3261 2810 3326 ὄντας
2858 3267 2986 3327 τοὺς
3039 3263 3246 3325 ἄλλους
3302 3265 3503 3338 ἀνάγκη
3558 3254 3773 3332 μετέχειν

2143 3353 2360 3410 τοιᾶσδε
2400 3364 2500 3424 τῆς
2532 3354 2857 3427 έκοινωνίας,
2903 3360 3021 3417 τοῖς
3079 3352 3533 3424 ἐκκλησιάζουσιν
3584 3362 3772 3401 συνιτα-

2150 3446 2345 3519 μένους
2374 3448 2473 3499 τοῦ
2503 3445 2712 3517 ἱερέως.
2747 3446 2924 3512 Quasi
2952 3447 3206 3501 diceret:
3239 3445 3393 3510 Quid
3429 3443 3651 3497 tantum
3696 3448 3766 3487 re-

2148 3537 2348 3606 fugitis
2380 3555 2410 3591 a
2436 3536 2794 3591 nominando
2850 3536 3005 3591 inter
3062 3552 3300 3591 sacrum
3354 3549 3520 3606 papa,
3551 3542 3673 3583 cum
3702 3519 3768 3575 ibi

2147 3626 2367 3681 multos
2399 3626 2568 3694 alios,
2602 3626 2850 3683 minoris
2884 3624 3429 3697 utiquedignitatis,
3455 3610 3767 3677 nominatim

2147 3715 2393 3787 exprimi
2430 3734 2542 3772 usu
2593 3716 2732 3771 olim
2764 3715 3025 3787 legitimo
3066 3710 3428 3770 invaluerit?
3485 3702 3772 3763 Verissime

2146 3807 2269 3861 haec
2292 3811 2450 3862 sunt.
2487 3807 2633 3861 Nam
2667 3807 2725 3861 in
2760 3806 3024 3877 Liturgia
3047 3807 3237 3860 sancti
3268 3802 3516 3861 Joannis
3548 3796 3772 3877 Chrysof

2148 3902 2336 3951 stomo
2368 3895 2488 3949 hac
2518 3895 2794 3965 legimus,
2825 3912 2883 3967 p.
2934 3873 3012 3949 v78
3052 3892 3402 3965 Euchologii
3436 3908 3450 3946 :
3482 3873 3767 3942 Ἐντκῦθαδ

2146 3982 2325 4057 ἱερεὺς
2374 3982 2707 4055 μνημονεύει
2754 3980 2826 4036 ὧν
2880 3980 3280 4055 θέλειξζώντων
3332 3981 3420 4035 καὶ
3470 3970 3766 4030 τεθνεώτωνο

2144 4065 2301 4144 ’Υπὲρ
2355 4072 2572 4140 ζώντων
2632 4070 2820 4146 λέγει.
2877 4072 3035 4147 Ὑπὲρ
3093 4068 3391 4146 σωτηρίας,
3451 4061 3767 4131 ἐπισκέψεως,

2150 4160 2390 4239 ἀφέσεως
2438 4165 2545 4215 τῶν
2601 4162 2879 4236 ἁμαρτιῶν
2929 4164 3026 4214 τοῦ
3072 4157 3275 4215 δούλου
3323 4162 3418 4213 τοῦ
3449 4155 3577 4210 Θεοῦ
3606 4146 3768 4202 δεῖνοςο

2150 4252 2251 4307 Hic
2280 4252 2540 4307 sacerdos
2571 4251 2827 4306 meminit
2856 4268 3094 4323 quorum
3126 4251 3243 4306 vult
3275 4252 3524 4305 vivorum
3551 4242 3600 4296 et
3640 4246 3769 4289 mor-

2151 4352 2394 4407 ῑαοναηι,
2426 4344 2538 4396 Pro
2569 4341 2710 4396 vivis
2742 4340 2896 4396 dicit.
2932 4343 3040 4397 Pro
3061 4339 3277 4405 salute,
3304 4332 3633 4418 protectione
3650 4326 3769 4418 θέτε·

2151 4431 2420 4486 missione
2447 4435 2795 4499 peccatorum
2825 4438 2965 4486 servi
2997 4432 3098 4486 Dei
3127 4432 3190 4485 N.
3224 4430 3308 4484 En
3343 4433 3408 4483 ut
3457 4415 3769 4478 nominatim

2155 4519 2371 4575 mentio
2406 4520 2471 4575 ﬁt
2503 4521 2562 4575 in
2593 4537 2758 4576 sacro
2791 4520 3137 4591 quorumvis
3170 4520 3241 4575 ad
3276 4514 3582 4573 arbitrium
3616 4511 3768 4591 sacer-

390 4602 571 4673 ﬁlius,
605 4620 783 4675 quem
833 4604 891 4657 in
953 4604 1185 4673 imperii
1244 4606 1605 4660 consortium
1667 4606 2038 4671 admittebat,
2074 4621 2120 4685 D
2154 4610 2329 4665 dotis.
2392 4610 2452 4665 P.
2514 4611 2725 4665 deinde
2769 4586 2879 4665 7i):
2943 4609 3003 4665 Ὁ
3056 4604 3112 4661 δὲ
3180 4606 3353 4680 ἱερεὺς
3412 4595 3649 4677 ﬁnemve?
3702 4586 3765 4636 Ἐν

392 4693 581 4748 facere
613 4709 675 4748 se
703 4693 832 4748 vivo
855 4699 1072 4764 posset.
1105 4693 1266 4749 Unde
1298 4694 1452 4750 idem
1488 4695 1697 4751 Noster
1728 4695 1785 4749 in
1818 4696 2041 4751 Andro-

388 4782 519 4838 nico
549 4783 729 4855 (quod
764 4781 924 4837 aliud
949 4800 1120 4853 opus.
1157 4783 1273 4839 Deo
1305 4786 1501 4849 dante,
1536 4801 1671 4839 mox
1700 4784 1965 4855 edemus)
2000 4784 2040 4843 1.

2154 4699 2396 4775 πρώτοις
2434 4701 2728 4772 μνήσθητι,
2780 4698 2970 4771 Κύριε,
3001 4702 3098 4752 τοῦ
3147 4694 3548 4773 πανιερωτάτου
3594 4691 3771 4775 μητρῗ

2154 4790 2394 4844 ποΛίτου
2426 4789 2587 4862 ἡμῶν
2618 4793 2714 4843 τοῦ
2762 4786 2952 4851 δεῖνος.
2994 4789 3267 4845 Sacerdos
3316 4801 3441 4843 vero
3496 4769 3767 4861 exclametf

2158 4882 2241 4953 [P.
2276 4882 2403 4951 404]
2438 4882 2501 4935 In
2526 4880 2733 4952 primis
2784 4884 3075 4945 memento,
3138 4877 3391 4945 Domine,
3447 4862 3769 4953 sacratissimi

2157 4951 2538 5041 metropolitzi
2565 4972 2747 5026 nostri
2804 4972 2874 5025 N.
2910 4968 3167 5033 Quilibet
3199 4967 3380 5038 igitur
3436 4956 3719 5031 epiﬁwopus
3741 4951 3767 4988 ⁸

2160 5060 2463 5116 sacerdote
2494 5060 2553 5113 in
2587 5058 2822 5114 dioecesi
2857 5059 2984 5128 ejus
3041 5055 3373 5112 celebrante
3429 5042 3771 5132 nomiuqnex"

2162 5166 2366 5222 presso
2418 5154 2804 5204 memoratur.
2841 5148 2991 5214 Quin
3028 5148 3223 5213 etiam,
3276 5150 3341 5200 ut
3396 5152 3521 5196 mox
3552 5123 3771 5222 additur,

2160 5219 2317 5295 idem
2350 5239 2537 5293 honos
2572 5238 2818 5294 habetur
2852 5237 3111 5309 simplici
3143 5232 3431 5291 sacerdoti
3461 5229 3514 5282 et
3559 5219 3771 5309 imperi}:

2166 5287 2317 5295 ην...
2351 5287 2535 5293 _-___
2572 5287 2807 5294 ___--“_
2852 5287 3111 5309 _--_,__-_

2159 5329 2410 5383 toribus.
2445 5327 2540 5383 Sic
2575 5328 2729 5382 enim
2766 5327 3124 5383 ascribitur:
3160 5323 3256 5377 Καὶ
3292 5324 3319 5377 ὁ
3380 5314 3610 5373 διάκονος
3660 5287 3771 5399 τξρδξ

2158 5419 2228 5480 τῆ
2316 5415 2450 5488 θύρᾳ
2522 5415 2647 5476 στάς
2722 5413 2894 5489 λέγει’
2974 5414 3078 5468 Τοῦ
3160 5410 3338 5473 δεῖνος
3407 5394 3767 5517 πανιεριῗτῗτέῗ

2428 5504 2484 5517 κ,
2650 5504 2673 5517 .ι
2742 5502 2755 5517 ι.
2914 5505 2925 5517 .
3126 5501 3150 5517 οι
3319 5500 3343 5517 τι
3434 5495 3468 5517 τ
3540 5502 3616 5517 ..ραι
3666 5488 3767 5517 ιιπμ

2166 5504 2581 5578 μητροπολέτου
2640 5504 2676 5573 ἢ
2737 5502 3060 5572 ἐπισκόπου,
3121 5501 3268 5563 ὅστις
3318 5500 3376 5555 ἂν
3432 5495 3488 5566 ᾖ,
3540 5480 3772 5578 “aut?

2158 5598 2259 5648 τοῦ
2316 5593 2791 5670 προσκομίζοντος
2869 5593 2934 5647 τὰ
2993 5593 3121 5667 ἅγιοι
3175 5588 3325 5663 δῶρα
3373 5588 3533 5642 ταῦτα

2161 5683 2360 5737 τάττω)
2433 5682 2626 5755 ἱερέως
2701 5687 2798 5737 τοῦ
2855 5680 3076 5742 δεῖνος·
3159 5681 3291 5754 ὑπὲρ
3370 5680 3629 5760 σωτηριαξ

2164 5769 2559 5828 εὐσεϐεστάτων
2615 5773 2705 5828 καὶ
2765 5769 3149 5849 θεοφυλάκτων
3210 5764 3471 5845 βασιλέων
3523 5756 3664 5824 ἡμῶν

388 4889 429 4939 ι,
463 4890 513 4928 ο.
550 4873 601 4940 1,
636 4876 837 4928 narrat
865 4888 999 4928 eum
1035 4878 1167 4945 post
1198 4874 1381 4945 patris
1432 4873 1735 4929 Michaelis
1794 4879 2043 4929 mortem

388 4964 646 5033 primum
683 4962 742 5016 in
768 4963 984 5035 scripto
1018 4964 1194 5033 jussu
1229 4963 1387 5035 regio
1410 4980 1671 5019 mensem
1698 4964 2046 5034 apposuisse

388 5047 508 5124 ἄρτι
574 5051 808 5126 πρώτως
886 5050 1419 5126 μηνολογησάμενος
1498 5051 1851 5126 πρόσταγμα.
1922 5053 2046 5116 Quo

390 5142 594 5197 eodem
627 5141 841 5212 scripto
875 5143 945 5197 ad
999 5143 1395 5214 patriarcham
1448 5142 1669 5214 perlato
1716 5143 1795 5196 ait
1852 5141 2043 5212 illum,

390 5247 525 5286 cum
554 5246 713 5284 mors
743 5230 1047 5287 Michaelis
1074 5233 1383 5301 celaretur,
1418 5232 1763 5304 Hachymeri
1788 5231 1900 5286 sibi
1932 5232 2044 5304 ipsi

390 5321 537 5373 forte
568 5319 783 5373 astanti
814 5321 1036 5390 regiam
1070 5321 1230 5376 illam
1263 5322 1525 5376 chartam
1586 5321 1839 5387 dedisse,
1874 5321 2045 5395 Ἐρω-

388 5410 496 5459 τῶν
546 5404 595 5458 εἷ
632 5405 795 5466 αὐτὸς
841 5404 961 5480 ἔχοι
1013 5412 1215 5481 γνῶναι
1268 5407 1771 5485 διαστοχασάμενος
1806 5410 1867 5464 οὗ
1895 5431 2043 5473 τινος

394 5497 453 5551 ἂν
486 5492 569 5566 εἷή
602 5497 665 5552 τὸ
702 5498 986 5571 μηνολόγη
1001 5520 1092 5570 μα,
1121 5504 1383 5569 ραστενθηδ
1413 5522 1549 5559 num
1581 5521 1689 5575 qua
1720 5508 1835 5576 ipse
1864 5505 2044 5573 conje-

389 5598 550 5642 ctura
579 5599 719 5645 certo
746 5593 919 5661 posset
969 5589 1285 5658 dignoscere
1312 5596 1470 5665 cujus
1529 5612 1699 5649 manu
1756 5611 2046 5665 expressus

390 5675 597 5729 mensis
653 5684 807 5735 esset.
864 5679 921 5733 Si
974 5678 1130 5734 enim
1187 5683 1503 5738 Andronici
1563 5701 1688 5740 esse
1728 5689 2045 5749 constaret,

390 5764 621 5819 certum
654 5769 801 5824 foret
832 5775 1246 5840 argumentum
1305 5773 1520 5827 obiisse
1570 5773 1932 5829 Michaelem.
1965 5773 2049 5829 Ne

3584 5550 3773 5624 εὐλαϐε-

3550 5663 3622 5717 ίας
3684 5644 3771 5701 τῶν

3701 5724 3774 5787 καὶ
