4072 6392
237 440 380 495 1049

1707 444 2191 500 GLOSSARIUM.

3529 448 3667 501 1050

235 567 456 621 πάντων
507 567 597 621 καὶ
629 571 836 623 πασῶν.
888 568 947 625 Ὁ
1003 569 1192 642 χορός·
1249 569 1345 622 Καὶ
1390 568 1601 624 πάντων
1652 568 1743 623 καὶ
1792 589 1895 622 πα-

2023 572 2206 624 tonem
2242 568 2640 625 obedientiam
2692 569 2752 624 in
2783 572 3104 641 posterum,
3157 573 3259 625 sed
3310 587 3377 626 ea
3410 575 3667 643 prompti

238 660 371 712 σῶν.
410 661 473 713 Et
521 657 785 713 diaconus
831 658 902 713 ad
946 660 1182 728 ianuam
1226 670 1375 714 stans
1421 659 1656 715 dicit...
1714 661 1775 713 Et
1802 674 1901 729 pro

238 748 503 818 o/I'erente
531 764 699 803 sacra
727 765 965 805 munera
992 750 1112 805 ha’c
1134 750 1484 805 devolissimo
1512 749 1811 805 sacerdote.
1829 751 1902 817 Ν,

237 855 347 911 pro
376 840 555 894 salute
572 840 925 911 piisz'morum
970 849 1022 897 cl
1050 859 1089 895 a
1142 843 1242 896 Deo
1273 843 1675 898 custodilorum
1724 843 1903 910 impe-

239 932 485 984 ratorem
532 934 869 999 nostrarum,
946 934 997 985 et
1067 939 1387 985 cunctorum
1443 936 1493 985 et
1559 939 1901 985 cunctarum.

246 1020 457 1074 Chorus
487 1019 737 1092 |repetitz
774 1022 839 1074 Et
886 1024 1208 1075 cunctorum
1253 1026 1307 1077 et
1363 1026 1704 1076 cunctarum.
1760 1020 1908 1083 Quia

248 1109 406 1165 enim
472 1109 889 1179 imperatorum
944 1111 1097 1165 586
1156 1112 1441 1166 vocabulo
1494 1114 1791 1183 Augustus
1850 1115 1908 1164 et

242 1200 514 1269 Augusta
546 1215 679 1253 cum
712 1198 911 1254 liberis
945 1216 1149 1255 eorum
1184 1200 1690 1271 signiﬁcabantur,
1725 1200 1903 1254 adde-

242 1287 421 1344 batur
451 1288 564 1343 ista
594 1288 905 1359 utriusque
938 1305 1111 1344 sexus
1143 1290 1464 1361 expressio.

314 1382 463 1440 Μνία
512 1402 569 1456 p.
619 1386 743 1441 293.
794 1391 914 1440 Non
966 1386 1159 1441 solum
1210 1389 1340 1457 alga
1399 1393 1457 1441 et
1505 1404 1767 1454 muscus,
1802 1386 1903 1441 sed

246 1474 537 1547 quidquid
573 1476 850 1530 innatans
880 1477 1050 1547 aquis
1083 1477 1439 1531 soliditatem
1474 1484 1713 1549 aspectu
1742 1494 1904 1531 men-

238 1567 386 1621 titur
418 1566 761 1637 quamdam,
800 1562 968 1635 μνίων
1003 1566 1296 1621 vocabulo
1338 1566 1702 1639 designatur,
1724 1583 1904 1637 quan-

246 1660 376 1710 tum
409 1673 476 1711 ex
507 1655 740 1710 collatis
768 1655 1283 1728 Hesychii,Suida:,
1331 1656 1602 1728 Oppiani,
1632 1654 1904 1711 Nicandri

245 1749 303 1800 et
333 1743 585 1800 aliorum
620 1743 764 1799 locis
795 1745 972 1799 datur
1004 1745 1269 1817 intelligi.

319 1833 533 1907 Μόρεον
569 1852 623 1906 ρ.
678 1834 801 1888 180.
854 1834 989 1897 Quae
1040 1834 1179 1890 olim
1243 1834 1681 1906 Peloponnesus
1741 1835 1903 1889 dice-

244 1926 440 2014 batur,
494 1941 622 1979 eam
674 1924 1088 2014 bodiquraaci
1144 1924 1316 1993 vulgo
1376 1925 1612 2014 litoream
1670 1930 1902 1980 vocant.
1941 1950 1983 2014 Β

251 2013 488 2071 Videtur
521 2017 718 2068 autem
749 2012 1128 2084 Pachymeris
1156 2018 1324 2068 zetate
1364 2013 1426 2066 τὸ
1459 2012 1673 2087 Μόρεον
1710 2015 1904 2081 dicta;

247 2105 404 2157 unde
434 2109 490 2157 et
519 2102 671 2157 hanc
706 2118 902 2157 vocem
926 2102 1333 2174 supplevimus
1362 2104 1421 2157 in
1456 2103 1667 2158 lacuna
1695 2103 1907 2174 capitis

244 2193 280 2245 9
310 2192 580 2262 ejusdem
617 2191 718 2247 lib.
755 2208 839 2246 ιιι.
871 2192 954 2246 Ad
987 2208 1162 2263 quem
1199 2193 1389 2247 locum
1418 2193 1548 2247 vide
1584 2198 1771 2247 notas.
1797 2192 1910 2246 Ali-

242 2282 379 2339 cubi
417 2292 607 2336 tamen
657 2282 1045 2353 Pachymeres
1077 2278 1289 2355 Μορέαν
1335 2282 1578 2337 scribit:
1632 2283 1734 2337 sed
1766 2299 1905 2336 con-

246 2372 510 2428 stantius
540 2371 605 2425 in
635 2377 843 2427 neutro
877 2373 934 2426 id
964 2372 1315 2427 vocabulum
1353 2378 1619 2445 usurpat.

316 2458 556 2521 Μόσυνες
589 2480 644 2534 p.
698 2464 822 2517 311.
858 2461 989 2517 Scio
1030 2461 1179 2517 alios
1228 2462 1543 2533 scriptores
1608 2464 1903 2534 Mosynos,

247 2570 360 2607 non
418 2552 692 2624 Mosynas
748 2552 852 2607 bos
912 2551 1158 2623 populos
1227 2569 1478 2608 vocare:
1520 2558 1713 2607 tamen
1769 2569 1900 2607 cum

246 2640 460 2697 Μὸσυσι
523 2659 639 2697 non
701 2641 889 2712 possit
945 2659 1132 2697 essea
1189 2646 1347 2697 recto
1416 2639 1680 2709 Μόσυνοι,
1712 2642 1813 2697 sed
1871 2659 1905 2697 a

248 2730 512 2796 Μόσυνες,
547 2731 683 2802 plus
714 2747 920 2802 sapere
952 2748 1129 2802 quam
1164 2748 1332 2787 mens
1355 2736 1561 2787 auctor
1592 2731 1770 2786 nolui.

317 2827 668 2903 Μουγούλιοι
705 2847 760 2901 p.
795 2829 918 2884 344.
952 2829 1196 2885 Videtur
1246 2830 1438 2885 dicere
1469 2847 1569 2886 eos
1619 2847 1767 2901 quos
1802 2830 1905 2901 By-

247 2919 466 2975 zantini
506 2919 803 2974 Tocharos
849 2927 1141 2989 vocarent,
1194 2920 1459 2990 ipsorum
1506 2919 1905 2975 Tocharorum

259 3024 369 3066 usu
402 3014 458 3064 et
486 3008 692 3080 lingua
722 3009 1018 3080 Mugutios
1040 3010 1154 3065 dici
1190 3009 1586 3065 consuevisse.

319 3105 628 3180 Μυριοστύς
688 3124 743 3180 p.
806 3109 929 3163 470.
990 3108 1109 3163 Hoc
1164 3108 1514 3163 vorabulum
1580 3105 1910 3179 μυριοστύας

258 3198 345 3252 sic
380 3198 663 3253 scribitur
700 3198 757 3251 in
790 3198 1023 3253 duobus
1056 3214 1227 3267 mss.,
1274 3197 1547 3252 Vaticano
1579 3198 1906 3253 omittente.

254 3287 533 3343 Flectitur
564 3286 829 3343 videlicet
860 3305 892 3343 a
930 3291 1084 3343 recto
1144 3285 1457 3362 μυριοστός.
1493 3289 1616 3352 Quo
1652 3305 1766 3341 non
1799 3290 1907 3342 du-

253 3378 399 3444 bito,
432 3377 541 3432 etsi
576 3377 715 3432 alibi
747 3376 1079 3448 exemplum
1116 3395 1229 3431 non
1267 3378 1476 3449 reperi,
1512 3377 1655 3449 quin
1690 3377 1910 3449 Pachy-

256 3482 451 3522 meres
502 3462 736 3540 μυριάδα
788 3467 1106 3538 significet,
1153 3467 1305 3522 sicut
1338 3483 1386 3522 c.
1443 3469 1533 3533 38,
1587 3466 1624 3522 1.
1678 3484 1752 3533 v1,
1786 3464 1915 3520 ἐκα-

248 3554 455 3610 τοστύα
502 3556 827 3612 centuriam
875 3554 1152 3627 appellat,
1204 3555 1289 3610 sic
1341 3556 1607 3611 scribens
1640 3573 1653 3611 :
1684 3555 1779 3616 Ἐς
1830 3554 1913 3609 ὅτι

261 3643 522 3699 πλεῖστον
603 3650 832 3719 συχναῖς
898 3642 1210 3698 ὲκατοστῦσι
1290 3641 1599 3714 διείληπτο.
1660 3646 1729 3699 Et
1786 3647 1915 3716 ejus

254 3734 499 3808 aequalis
561 3735 810 3806 scriptor
876 3733 1160 3806 Georgius
1220 3734 1544 3805 Acropolita
1618 3731 1915 3807 χιλιοστύα

253 3825 574 3881 chiliadem
608 3824 877 3880 nominat
906 3826 963 3878 in
998 3824 1089 3879 bls
1121 3824 1312 3878 verbis
1338 3840 1391 3894 p.
1428 3824 1460 3877 4
1490 3824 1578 3878 ed.
1619 3824 1758 3895 Reg.
1798 3840 1809 3878 :
1844 3821 1911 3878 Οἱ

254 3911 312 3967 δὲ
350 3912 655 3985 αὖτομόλοι
714 3913 851 3986 πρὸς
907 3912 1036 3973 τοὺς
1095 3910 1403 3983 πολεμίους
1450 3914 1695 3985 χωροῦσι
1754 3911 1913 3986 χλιο-

257 4001 411 4064 στύες
444 3999 674 4056 πολλαί.
709 4002 817 4057 Ubi
861 4010 1015 4058 recte
1054 4001 1435 4057 doctissimus
1482 4002 1770 4073 interpres
1804 4006 1912 4057 Leo

256 4092 506 4148 Allatius
536 4089 861 4165 χιλιοστύας
893 4088 1108 4151 πολλάς
1145 4091 1371 4159 reddit;
1406 4091 1580 4145 multa
1611 4092 1809 4145 millia.

328 4187 582 4263 Νοσιάρ.
615 4191 742 4247 515.
803 4190 1169 4245 Vocabulum
1223 4190 1405 4242 νοσιάν
1456 4189 1541 4244 sic
1571 4189 1724 4245 clare
1774 4190 1915 4244 scri-

250 4282 416 4338 bitur
448 4281 504 4339 in
537 4281 707 4336 codd.
742 4280 979 4335 Barber.
1030 4284 1087 4334 et
1115 4279 1300 4335 Vatic.
1354 4278 1682 4335 Allatianus
1715 4284 1912 4335 autem

250 4372 484 4427 videtur
515 4370 707 4443 legere
732 4368 963 4429 νοετάςε
1006 4370 1106 4425 sed
1158 4386 1225 4425 ex
1276 4370 1499 4426 caeteris
1549 4386 1783 4441 quoque
1812 4386 1909 4424 ve-

252 4461 447 4532 stigiis
477 4460 794 4515 titubantis
826 4458 947 4513 illic
971 4458 1180 4514 calami
1208 4460 1355 4514 satis
1382 4464 1627 4531 apparet
1657 4476 1910 4514 errorem

252 4566 385 4606 esse
416 4567 482 4607 ac
514 4549 755 4605 omnino
788 4548 1229 4604 rescribendum
1255 4548 1474 4620 ubique
1508 4547 1710 4604 νοσιάν.
1734 4548 1913 4604 Vide-

250 4644 355 4693 tur
384 4644 580 4694 autem
614 4637 771 4691 νοσιὰ
828 4637 1086 4709 positum
1119 4653 1153 4692 a
1183 4636 1537 4708 Pacbymere
1566 4639 1911 4711 συγκοπικῶς

252 4745 363 4801 pro
411 4726 669 4795 νεοσσία.,
717 4743 848 4798 qua:
897 4729 977 4795 (P.
1028 4727 1154 4797 405)
1206 4742 1316 4781 vox
1368 4726 1664 4798 signiﬁcat
1716 4725 1911 4781 nidum

251 4835 383 4874 cum
410 4817 593 4890 pultis
620 4814 997 4888 implumibus.
1035 4815 1453 4887 Perstringitur
1481 4815 1637 4871 enim
1673 4833 1911 4887 prover-

253 4907 400 4963 biali
442 4906 836 4963 similitudine
867 4906 1223 4961 confidentia
1254 4904 1620 4975 Latinorum,
1655 4905 1758 4977 qui
1795 4905 1910 4961 Ro-

254 4997 541 5068 maniam,
575 4996 686 5051 hoc
723 5000 814 5051 est
866 4994 1236 5067 imperatoris
1278 4994 1911 5067 Constantinopolitani

254 5087 541 5143 ditionem
567 5086 927 5155 universam,
951 5090 1072 5141 tam
1096 5084 1266 5141 facile
1296 5102 1359 5140 se
1385 5102 1509 5141 com
1522 5084 1911 5156 prehensuros

256 5179 564 5249 sperarent
594 5192 773 5249 quam
804 5174 1132 5231 ludibundo
1166 5192 1199 5232 a
1229 5176 1374 5231 forte
1400 5174 1737 5231 iucurrente
1768 5174 1914 5231 tolli-

251 5271 358 5324 tur
388 5266 755 5323 avioularum
797 5282 1001 5323 recens
1032 5266 1155 5323 ovis
1205 5264 1579 5323 exclusarum
1627 5269 1746 5321 tota
1777 5282 1909 5321 cum

251 5358 389 5429 ipso
423 5357 561 5412 nido
594 5356 838 5412 familia.

330 5444 711 5520 Οἷυιειόχειρος
745 5464 802 5518 p.
837 5446 959 5501 497.
993 5446 1064 5502 de
1110 5445 1410 5502 quzalone
1469 5444 1642 5501 malis
1701 5443 1912 5501 inﬂexo

250 5535 331 5594 ad
366 5536 814 5608 obsequendum
847 5534 1207 5606 imperatori.
1233 5541 1367 5601 Quae
1402 5535 1523 5590 sint
1553 5534 1679 5589 istas
1713 5530 1913 5587 οἰκειό-

255 5642 442 5699 χειροι
488 5621 780 5701 ἀσφά)ειαι
842 5625 1272 5681 divinandum:
1329 5641 1463 5679 nam
1514 5622 1661 5679 illud
1712 5620 1915 5676 οἰκειό-

250 5732 453 5788 χειρον
485 5715 628 5773 alibi
659 5730 773 5771 non
814 5714 1025 5786 reperi.
1086 5714 1244 5771 Licet
1289 5712 1518 5785 opinari
1550 5712 1805 5770 voluisse
1835 5714 1914 5770 si-

251 5805 540 5880 gniﬁcare
570 5809 892 5873 auctorem,
926 5821 1044 5863 non
1071 5804 1262 5863 solum
1295 5802 1687 5878 spopondisse
1718 5803 1913 5861 Maza-

2014 657 2278 729 obsequii
2312 660 2666 715 documenta
2693 660 2747 713 in
2783 675 3038 730 praesens
3059 659 3423 726 exhibuisse,
3459 679 3585 733 quae
3611 668 3682 715 ti-

2013 748 2145 803 dem
2179 750 2412 805 abunde
2439 752 2689 805 facerent
2719 750 2868 806 587
2898 751 3202 820 sponsioni
3237 754 3294 805 et
3326 751 3672 823 imperatori

2014 846 2235 895 metum
2266 857 2503 896 omnem
2539 842 2885 908 adimerent,
2922 858 2993 896 ne
3027 841 3339 912 promissis
3379 841 3478 897 ille
3510 849 3674 913 post.

2015 930 2255 983 modum
2318 947 2430 985 non
2493 935 2694 985 staret.
2731 931 2861 985 Sint
2917 946 3053 1001 ergo
3087 926 3447 1003 οἷ’κειόχεροιι
3497 928 3674 1005 ἀσφά-

2014 1014 2505 1087 λειαι,ρειιιίἰοηρε
2549 1024 2605 1075 et
2650 1021 2996 1075 securitates
3028 1019 3199 1090 quasi
3254 1020 3387 1074 dato
3431 1019 3676 1091 pignore

2014 1122 2081 1160 ex
2110 1108 2363 1179 propriis
2398 1109 2456 1162 in
2492 1113 2858 1165 antecessum
2877 1108 3311 1180 representatis
3330 1110 3677 1180 spondentis

2014 1197 2225 1250 officiis
2261 1204 2536 1268 acceptae.

2084 1286 2262 1355 Ὀξεῖα
2294 1288 2498 1358 p.385.
2566 1293 2684 1342 Duo
2734 1288 2827 1342 hic
2859 1292 2999 1343 sunt
3042 1289 3328 1359 adjectiva
3384 1287 3672 1344 feminina

2014 1375 2142 1431 sine
2190 1378 2315 1432 suis
2362 1379 2777 1445 substantivis,
2830 1379 3180 1450 supplendis
3221 1379 3491 1434 videlicet
3522 1398 3555 1434 a
3587 1380 3670 1434 lc-

2014 1471 2193 1531 ctore,
2222 1473 2284 1521 ut
2317 1468 2381 1522 fit
2434 1485 2567 1522 cum
2620 1469 2835 1539 frigida
2874 1469 3222 1539 simpliciter
3281 1470 3519 1540 ponitur
3569 1486 3671 1540 pro

2014 1572 2169 1627 aqua
2203 1557 2434 1628 frigida.
2460 1558 2596 1611 Voci
2633 1556 3019 1631 χρυσόπαστος
3052 1559 3345 1615 videretur
3378 1575 3446 1613 ex
3478 1564 3676 1613 aucto-

2015 1644 2096 1700 ris
2156 1652 2353 1701 mente
2401 1648 2814 1718 subjungenda
2874 1645 3035 1715 ἐσθής
3090 1653 3191 1702 aut
3238 1645 3413 1715 ξυστίς
3463 1664 3530 1701 ex
3562 1653 3672 1700 Eu-

2015 1734 2154 1790 bulo
2192 1736 2439 1807 comico,
2492 1738 2664 1807 cujus
2714 1736 2915 1793 Pollux
2964 1738 3131 1791 initio
3184 1736 3316 1793 libri
3370 1737 3516 1792 sexti
3550 1737 3673 1791 haec

2015 1825 2188 1880 refert
2266 1829 2487 1881 verba:
2569 1831 2696 1889 Ταῖς
2781 1824 2982 1895 ξυστίσι
3048 1830 3168 1887 ταῖς
3253 1826 3670 1899 χρυσοπάστοες

2016 1914 2402 1987 στρώννυνται.
2440 1916 2697 1971 Verbum
2732 1915 3091 1988 στρώννυντοιι
3132 1912 3324 1989 ἐνδύτῃ
3377 1916 3673 1979 convenit,

2017 2020 2143 2074 qua:
2178 2006 2509 2076 stragulum
2535 2010 2636 2060 aut
2666 2007 2979 2061 instratum
3022 2022 3363 2076 supremum
3400 2010 3525 2059 erat
3562 2022 3673 2059 arra

2020 2092 2309 2160 maximae,
2342 2098 2407 2148 ut
2447 2111 2549 2149 suo
2581 2094 2704 2149 loco
2756 2095 3143 2149 declaramus.
3198 2094 3490 2149 Vocabulo
3526 2092 3674 2162 ὀξεῖα

2016 2183 2289 2253 equidem
2327 2182 2504 2256 βαφήν
2535 2184 2936 2254 adaptaverim
2970 2200 3037 2239 ex
3060 2183 3352 2239 Eustathii
3388 2183 3514 2238 loco
3540 2199 3674 2236 mox

2017 2272 2413 2327 describendo
2465 2275 2639 2328 verbo
2691 2271 2979 2343 ὀξύλευκος
3014 2291 3025 2328 :
3060 2290 3128 2327 ex
3175 2290 3291 2344 quo
3334 2272 3684 2344 intelligitur

2019 2358 2192 2429 ὀξεῖαν
2223 2361 2402 2435 βαφήν
2436 2379 2665 2418 roseam
2697 2380 2827 2418 esse
2855 2364 3196 2421 tincturam.

2088 2465 2383 2536 Ὀξύλευκα
2424 2486 2483 2540 ρ.
2534 2470 2657 2523 322.
2712 2470 2869 2524 Verti
2902 2486 2930 2525 θ
2978 2486 3138 2526 roseo
3184 2468 3479 2525 candentia
3530 2472 3673 2526 insi-

2013 2558 2167 2628 gnia,
2202 2558 2409 2613 doctus
2455 2558 2527 2612 ab
2578 2558 2882 2614 Eustathio
2933 2560 3001 2613 ad
3047 2560 3152 2613 Od.
3199 2577 3258 2625 n,
3309 2558 3406 2613 ubi
3443 2575 3574 2613 cum
3612 2576 3680 2614 ex

2014 2647 2389 2701 Chzeremone
2418 2646 2719 2702 retulisset
2767 2644 2849 2700 ὅτι
2876 2650 3076 2709 κοινῶς
3111 2647 3203 2717 μὲν
3235 2646 3303 2700 τὰ
3338 2644 3471 2715 ἄνθη
3507 2641 3664 2720 ἔαρος

2011 2734 2171 2788 τὲκνα
2224 2731 2497 2802 ἐκάλεσεν,
2552 2731 2702 2795 ἰδίως
2755 2731 2811 2788 δὲ
2856 2735 2923 2788 τὰ
2966 2732 3097 2811 ῥόδα
3130 2735 3402 2812 ὀξυφεγγῆ
3453 2734 3542 2788 καὶ
3586 2732 3681 2789 ἕα-

2018 2842 2111 2896 ρος
2142 2824 2516 2895 τιΟηνήματα,
2564 2826 2648 2881 sic
2680 2826 2959 2881 continuo
3008 2828 3325 2882 admonet:
3374 2828 3542 2888 ’Ένθα
3574 2824 3675 2899 ὅροι

2014 2914 2076 2967 τὸ
2109 2913 2376 2990 ὀξοφεγγῆ
2412 2915 2691 2988 χρήσιμον
2742 2913 2801 2967 ὃν
2855 2914 2929 2975 εἷς
2974 2915 3036 2969 τὸ
3080 2921 3274 2983 νοῆσαι
3304 2911 3550 2987 τοῦνομα
3577 2922 3676 2983 τῆς

2016 3002 2188 3073 ὀξείας
2239 3004 2433 3080 βαφῆς.
2495 3005 2595 3061 Ubi
2638 3004 2866 3060 observa
2918 3021 3103 3061 vocem
3148 3004 3422 3080 ὀξυφεγγῆ
3478 3008 3677 3060 utilem

2016 3094 2085 3149 ad
2104 3094 2795 3165 intelligendumquaenam
2808 3110 2930 3150 vere
2958 3094 3032 3149 ait
3047 3096 3287 3150 tinctura
3306 3112 3472 3165 quam
3505 3093 3679 3165 ὀξεῖαν

2016 3186 2331 3239 nominant.
2385 3184 2611 3248 Quibus
2653 3185 2851 3239 verbis
2902 3184 3047 3239 satis
3101 3184 3324 3240 indicat
3368 3182 3543 3252 ὀξεῖαν
3581 3184 3682 3258 βά-

2024 3273 2130 3346 φήν
2164 3273 2395 3328 trahere
2427 3272 2653 3345 aliquid
2685 3290 2716 3328 e
2745 3272 2937 3329 colore
2967 3273 3218 3344 vigentis
3250 3290 3416 3337 rosae,
3450 3279 3549 3328 aut
3572 3291 3677 3345 po-

2026 3366 2172 3420 tium
2196 3367 2466 3421 eumdem
2492 3365 2691 3438 ipsum
2715 3382 2862 3421 esse.
2892 3366 3260 3437 Itaquejure,
3291 3365 3522 3437 opinor,
3548 3382 3676 3421 meo

2029 3452 2318 3524 ὀξύΛευκον
2374 3471 2510 3509 sum
2556 3455 2974 3526 interpretatus
3003 3471 3032 3511 ε
3078 3470 3229 3511 roseo
3259 3442 3525 3510 candens.
3563 3453 3675 3509 Ne—

2024 3561 2139 3615 que
2170 3545 2284 3600 tale
2319 3544 2496 3600 fuisse
2545 3544 2773 3616 imperii
2824 3545 3005 3614 gradu
3054 3544 3317 3599 inferiori
3350 3561 3383 3598 a
3435 3545 3678 3614 despota

2024 3634 2357 3706 participati
2390 3635 2622 3705 insigne
2667 3652 2883 3690 novum
2938 3639 3048 3702 est,
3100 3651 3233 3689 cum
3278 3638 3335 3689 et
3364 3635 3582 3689 rubens
3622 3638 3680 3687 et

2023 3724 2327 3793 candicus,
2371 3741 2439 3779 ex
2494 3725 2713 3796 quibus
2764 3719 3055 3793 ὀξύλευκος
3105 3724 3315 3779 mistus
3361 3728 3472 3793 est,
3505 3723 3675 3778 ambo

2024 3814 2191 3883 regiae
2243 3813 2551 3884 potestatis
2578 3813 2975 3868 characterem
3030 3830 3141 3869 usu
3191 3813 3436 3884 antiquo
3470 3814 3677 3884 przel‘e-

2024 3908 2155 3958 rant
2187 3902 2390 3973 utique
2435 3919 2569 3958 cum
2618 3920 2884 3974 purpura
2932 3903 2989 3957 in
3034 3908 3194 3957 veste
3237 3904 3421 3974 regia,
3463 3903 3683 3957 candor

2022 3992 2080 4047 in
2115 3991 2443 4047 diademate
2472 3992 3005 4046 commendaretur.
3032 3992 3142 4046 Sed
3177 3996 3233 4046 et
3264 3992 3552 4047 habemus
3577 3992 3680 4047 Pa-

2022 4081 2313 4154 cbymeris
2343 4079 2531 4151 ipsius
2554 4079 2964 4135 testimonium
2999 4079 3108 4135 hoc
3140 4081 3566 4147 contirmans,l.
3600 4098 3677 4147 νι,

2022 4188 2072 4229 c.
2104 4172 2194 4236 34,
2227 4170 2328 4225 ubi
2360 4186 2494 4225 cum
2534 4168 2837 4225 retulisset
2884 4170 3210 4224 decrevisse
3260 4170 3672 4240 imperatorem

2022 4277 2232 4317 ornare
2285 4260 2569 4316 Joannem
2631 4259 2957 4331 principem
2994 4260 3297 4329 Sazorum,
3358 4265 3673 4330 postquam

2021 4352 2072 4407 ei
2110 4351 2289 4406 ﬁliam
2325 4349 2638 4405 Eudociam
2671 4349 3102 4420 despondisset,
3149 4348 3485 4420 insignibus
3545 4366 3673 4420 quae

2022 4439 2694 4510 tribuerenturdespotis
2708 4456 2818 4494 usu
2837 4438 3671 4509 aulmConstantinopalitante,

2023 4528 2690 4600 moxillaipsainsignia
2711 4528 2969 4599 despotaa
3007 4533 3173 4584 vocat
3200 4527 3267 4581 τὰ
3298 4528 3357 4581 ὶκ
3385 4525 3673 4602 πορφύρας

2024 4615 2246 4692 δίχροαι,
2283 4617 2552 4673 bicoloria
2580 4631 2650 4671 ea:
2666 4633 2942 4687 purpura,
2975 4616 3085 4672 hoc
3126 4621 3236 4681 est,
3270 4620 3333 4672 ut
3362 4616 3459 4671 hic
3488 4614 3678 4686 loqui-

1944 4705 1990 4769 D
2024 4714 2140 4778 tur,
2176 4704 2462 4779 ὀξύλευκα,
2503 4723 2575 4761 ea:
2604 4706 2839 4761 candido
2869 4709 2919 4761 et
2949 4722 3099 4762 roseo
3129 4708 3313 4763 misla.

2095 4816 2423 4888 Ὀπτιμᾶτοι
2466 4833 2522 4887 p.
2574 4814 2664 4871 24.
2714 4814 2922 4869 Docuit
2970 4831 3076 4869 nos
3128 4815 3354 4885 pridem
3400 4813 3676 4868 eruditis-

2021 4908 2205 4964 simus
2249 4906 2538 4979 Rigaltius
2596 4906 2655 4961 in
2706 4904 3024 4973 Glossario,
3079 4906 3235 4977 quod
3284 4904 3411 4976 ipse
3457 4904 3677 4959 didice-

2022 5002 2113 5054 rat
2168 5000 2240 5054 ab
2301 4995 2641 5053 auctoribus
2695 4994 2925 5050 idoneis
2975 4994 3054 5048 ibi
3106 4994 3383 5060 laudatis,
3436 4991 3677 5066 ὀπτιμά-

2020 5106 2146 5148 τους
2196 5103 2398 5142 vocem
2447 5102 2577 5141 esse
2626 5092 3008 5153 castrensem,
3058 5089 3285 5140 certum
3331 5100 3519 5155 genus
3578 5087 3682 5139 aut

2022 5176 2288 5233 ordinem
2339 5174 2598 5229 militum
2654 5175 3009 5245 signantem.
3074 5173 3236 5229 Unde
3283 5177 3447 5230 tanto
3490 5174 3680 5245 magis

2023 5267 2451 5324 confirmantur
2481 5281 2601 5335 qua:
2635 5263 2705 5319 de
2732 5261 3016 5319 vocabulo
3070 5261 3359 5335 μεσυουνία
3391 5263 3677 5335 legionem

2024 5362 2125 5413 aut
2152 5356 2451 5412 cohortem
2484 5354 2565 5409 sic
2610 5351 2974 5408 nominatam
3026 5353 3324 5409 indicante
3365 5370 3542 5426 supra
3574 5370 3680 5407 suo

2024 5448 2150 5503 loco
2181 5445 2462 5501 diximus.
2493 5444 2556 5515 (P
2588 5441 2712 5513 406)
2744 5441 2997 5498 Omnino
3020 5442 3120 5498 illo
3169 5443 3522 5516 Pachymeris
3553 5443 3679 5497 loco

2022 5534 2326 5595 Michaelis
2359 5532 2659 5601 Palzeologi
2717 5532 2990 5587 militaris
3038 5532 3237 5588 Italico
3287 5538 3493 5588 navata
3526 5530 3676 5585 bello

2023 5627 2321 5682 indicatur
2375 5641 2571 5695 opera.
2623 5622 2787 5678 Unde
2834 5622 2937 5678 illa
2986 5625 3162 5679 verba
3210 5623 3277 5676 τὰ
3334 5620 3520 5676 πολλὰ
3560 5619 3678 5674 κατ’

2022 5711 2250 5771 Ἰταλῶν
2299 5713 2634 5788 πράττοντος
2680 5716 2752 5768 de
2795 5712 3087 5768 industria
3136 5713 3223 5770 sic
3270 5712 3440 5778 verti,
3493 5715 3559 5766 ut
3604 5712 3676 5768 de

2026 5804 2255 5862 bellicis
2284 5804 2413 5875 ejus
2442 5818 2559 5875 quo
2610 5802 2682 5858 de
2707 5802 2904 5875 agitur
2950 5802 3310 5859 facinoribus
3341 5817 3677 5858 sermonem
