4072 6386
444 436 578 492 1051
1503 437 1563 486 Ρ.
1608 435 1884 487 POSSlNl
1922 434 2052 487 OBS

2204 432 2422 486 ΔΤΙΟΝ
2434 436 2538 489 UM
2577 428 2721 487 LIB.‘
2752 438 2796 488 l.
3701 426 3812 481 1052

445 560 540 615 hic
568 576 697 615 esse
730 559 909 615 lector
951 558 1257 630 intelligat.
1309 557 1584 620 Quaenam
1614 572 1749 612 vero
1799 561 1857 612 et
1884 573 1953 612 ex
1983 572 2098 627 quo
2129 556 2185 623 Α
2214 556 2449 613 videtur
2478 560 2778 613 Pontanus
2811 559 3122 612 assecutus
3148 552 3319 610 initio
3336 551 3428 607 sui
3451 551 3811 621 Cantacuzeni,

448 650 601 708 588
636 666 845 721 genere
896 648 1201 703 hominum
1250 645 1458 702 cohors
1518 646 1638 701 haec
1684 645 1901 716 legiove
1947 646 2102 716 opti-
2209 649 2362 705 589
2397 667 2465 705 ex
2496 649 2665 719 cujus
2694 647 2986 704 sententia
3025 647 3398 716 interpretor,
3431 649 3496 697 ut
3525 642 3655 709 dixi,
3675 659 3813 715 παρα·

450 744 671 793 malum
708 739 857 793 dicta
890 738 946 791 in
1004 738 1263 792 Romano
1317 742 1455 791 tunc
1504 740 1659 791 esset
1701 736 1915 802 excitu,
1950 735 2101 789 difﬁ-
2207 737 2559 810 κοιμώμενον
2612 739 2721 793 hoc
2769 738 2895 793 loco
2928 735 3183 793 cubiculi
3240 735 3594 807 praefectum,
3642 747 3814 803 nempe

448 828 558 883 cile
599 829 856 883 divinata
894 827 963 882 sit
996 827 1055 881 in
1088 826 1431 898 seriptorem
1457 827 1587 896 ejus
1622 825 1904 897 temporis
1935 841 2001 880 ea
2034 824 2104 879 de
2208 828 2595 900 imperatorii,
2630 829 2751 883 sive
2786 834 2851 882 ut
2890 827 3189 881 interdum
3241 823 3480 893 dicitur,
3512 821 3656 876 sacri
3683 820 3817 875 cubi-

446 934 509 972 re
556 917 811 973 silentio.
858 915 1001 970 Fieri
1059 916 1246 985 potuit
1297 920 1361 969 ut
1407 915 1633 970 nobiles
1682 914 1999 971 voluntarii
2030 916 2106 968 ’et
2209 916 2347 972 culi.
2382 916 2528 983 Quia
2576 934 2709 973 vero
2742 916 2923 987 hujus
2970 920 3097 971 erat
3144 914 3406 970 cilicium
3439 910 3710 966 excubare
3736 926 3814 964 no-

448 1024 555 1061 suo
588 1010 829 1074 sumptu
866 1004 1188 1060 militantes
1221 1005 1305 1059 sic
1338 1006 1774 1076 appelarentur,
1806 1005 1919 1075 qui
1953 1004 2105 1074 opti-
2210 1013 2303 1061 ctu
2354 1006 2694 1079 imperatori
2742 1010 2844 1061 aut
2886 1004 3148 1061 excubiis
3192 1018 3463 1076 praeesse,
3512 997 3821 1072 παρακοιμώ-

450 1103 674 1149 matum
708 1094 1054 1148 vocabulum
1087 1096 1259 1149 domo
1296 1093 1570 1149 afferrent
1620 1094 1903 1149 indicium
1938 1098 2101 1149 nata-
2214 1116 2375 1167 μενος
2434 1101 2673 1151 vocatur
2720 1095 2853 1167 plus
2919 1094 3293 1165 signiﬁcante
3342 1088 3623 1147 vocabulo
3676 1104 3820 1158 quam

448 1185 590 1238 lium
628 1183 1007 1253 patriciorum
1035 1188 1372 1238 autcensus
1404 1183 1905 1239 domestici.Forte
1928 1184 2102 1238 etiam
2212 1192 2401 1254 sonet,
2435 1185 2591 1241 haud
2626 1187 2697 1240 ad
2741 1184 3291 1255 interpretationem
3342 1181 3653 1236 sull‘ecturo
3679 1193 3822 1232 excu-

448 1275 546 1344 qui
574 1272 885 1326 militarem
914 1273 1317 1327 fortitudinem
1342 1273 2106 1341 experimentisillustribus
2212 1278 2423 1333 bitorig
2456 1277 2715 1341 nomine,
2748 1276 2812 1347 (P
2842 1276 2966 1341 407)
2997 1274 3153 1345 quod
3199 1288 3363 1343 aeque
3394 1269 3577 1326 cuivis
3606 1267 3824 1323 cohortis

452 1365 824 1432 PFObasseUt.
875 1361 932 1415 ίῐι
996 1366 1213 1416 certam
1276 1362 1517 1416 honoris
1576 1362 1767 1433 gratia
1820 1362 2105 1433 segregati
2211 1369 2455 1439 vigilum
2507 1368 2771 1438 gregario
2825 1366 3181 1421 conveniret.
3232 1361 3637 1434 Bachymeres,
3691 1358 3725 1412 l.
3767 1373 3824 1425 v1,

447 1451 739 1519 legionem
793 1452 898 1505 hoc
950 1452 1416 1521 designabantur
1468 1454 1750 1519 nomine;
1814 1452 2055 1522 quomoc'

2215 1475 2263 1513 ο.
2309 1459 2422 1513 12:
2477 1456 2565 1525 Ἐξ
2626 1455 2797 1522 αὐτῆς
2841 1452 3045 1526 πέμπει
3093 1452 3186 1506 τὸν
3231 1455 3330 1506 τοῦ
3374 1453 3638 1508 κοιτῶνος
3678 1465 3823 1516 παρα-

451 1546 656 1595 auctor
686 1545 775 1595 est
795 1540 1250 1610 Olympiodorus
1276 1541 1335 1593 in
1357 1541 1657 1611 Excerptis
1681 1540 1981 1595 Photianis
2002 1543 2059 1591 τῦ

2215 1558 2563 1620 κοιμώμενον
2597 1547 2689 1601 τὸν
2742 1543 3025 1621 βασιλικὸν
3061 1541 3373 1599 Βασίλειον.
3416 1542 3500 1596 En
3556 1545 3617 1595 ut
3658 1537 3823 1609 singu-

452 1625 809 1701 Ῥοδογαΐσου
861 1629 1073 1682 Γότθων
1097 1627 1224 1689 τοὺς
1275 1626 1620 1701 κεφαλώτας,
1664 1631 1857 1702 capita
1896 1631 2060 1701 ipsat

2216 1639 2319 1693 lari
2348 1639 2583 1693 nomine
2607 1638 2844 1692 effertur
2876 1636 2984 1691 hoc
3016 1650 3227 1689 nomen
3263 1647 3570 1704 personam
3603 1628 3824 1683 indicans

454 1720 979 1791 praestantissimos
1012 1736 1245 1791 quoque
1297 1720 1551 1775 Gotthici
1602 1720 1891 1775 exercitus
1938 1735 2107 1777 ouem
2216 1735 2617 1802 praestantem;
2645 1727 3007 1798 majorisqne
3038 1724 3349 1797 dignitatis
3381 1738 3553 1794 quam
3585 1723 3822 1791 quantam

458 1810 736 1864 ductabat
790 1809 1178 1879 Rodogaisus,
1244 1812 1560 1881 optimatos
1619 1810 1738 1865 sive
1796 1810 2109 1881 Optimates
2216 1819 2407 1890 capiat
2435 1817 2788 1873 excubitoris
2811 1816 3059 1886 simplex
3081 1813 3319 1869 mentio.
3349 1806 3826 1866 Videturotﬁcium

457 1899 635 1953 fuisse
682 1903 937 1953 vocatos.
990 1899 1284 1954 Habemus
1335 1900 1509 1953 etiam
1564 1917 1633 1954 ex
1671 1899 1961 1963 Mauritio,
1997 1897 2034 1952 l.
2070 1915 2111 1952 ιι
2142 1930 2189 1995 Β
2219 1907 2414 1962 simile
2445 1909 2573 1976 ejus
2631 1906 2785 1977 quod
2848 1905 2905 1960 in
2949 1903 3081 1958 aula
3138 1907 3407 1958 Romana
3464 1899 3632 1954 hodie
3661 1898 3827 1951 vocant

454 1989 717 2054 Strateg.,
770 2004 820 2040 ο.
882 1988 937 2052 3,
991 2004 1481 2058 unumquemque
1539 1989 1894 2057 optimatum
1954 1986 2055 2041 mil

2221 2007 2453 2051 maeser
2469 1995 2529 2050 di
2557 1994 2933 2061 camera,etin
2956 1992 3182 2049 Gallica
3204 1989 3453 2063 premier
3479 1986 3829 2059 gentilhomme

456 2081 573 2131 tem
608 2076 718 2130 sibi
741 2077 1159 2146 obsequentem
1204 2093 1402 2131 secum
1446 2078 1705 2147 duxisse,
1740 2077 1840 2147 qui
1867 2074 2064 2149 ἁρμάτι

2222 2086 2285 2140 de
2334 2087 2389 2141 la
2437 2085 2712 2141 chambre.
2763 2085 2875 2140 Sed
2918 2088 2976 2138 et
3048 2079 3555 2155 παρακοιμὼμενον
3604 2071 3830 2147 generale

460 2171 713 2219 armatus
744 2165 1066 2221 dicebatur.
1118 2165 1280 2228 Quod
1323 2167 1518 2237 ipsum
1575 2171 1991 2238 argumentum
2026 2171 2116 2220 est
2217 2176 2518 2230 interdum
2549 2174 2904 2230 vocabulum
2942 2188 3093 2240 esse,
3127 2187 3336 2226 omnes
3380 2167 3643 2224 indicans
3671 2163 3756 2235 qui
3782 2178 3833 2215 ex

461 2252 890 2308 excellentioris
919 2271 1098 2324 supra
1118 2254 1331 2325 vulgus
1358 2255 1609 2309 militum
1638 2255 1941 2325 dignitatis
1958 2251 2058 2305 ὀπτ

2220 2269 2271 2321 ot
2284 2264 2411 2320 licio
2427 2265 2483 2319 in
2500 2263 2773 2321 cubiculo
2796 2262 3175 2335 imperatorio
3188 2259 3504 2316 stationem
3520 2253 3828 2313 ordinarium

468 2339 673 2412 μάτων,
710 2344 779 2397 ad
828 2360 1000 2413 quam
1056 2344 1289 2415 respicit
1333 2361 1441 2399 vox
1478 2343 1651 2398 αὐτῶν
1697 2346 1791 2400 hic
1822 2363 1855 2400 α
1884 2344 2112 2416 Pachy-
2221 2354 2539 2419 habebant,
2590 2352 2942 2424 intelligitur
2988 2368 3057 2406 ex
3103 2352 3175 2406 iis
3225 2367 3355 2420 quas
3415 2349 3743 2403 adnotamus
3776 2342 3830 2394 ad

463 2448 612 2486 mere
644 2432 857 2503 posita,
884 2433 1158 2489 indicans
1182 2435 1542 2506 superiorem
1569 2435 1811 2491 honoris
1828 2440 1885 2491 et
1910 2434 2112 2508 digna-
2221 2461 2421 2499 vocem
2454 2439 2744 2520 σφενδόνη.

464 2522 643 2576 tionis
666 2523 914 2594 gradum
938 2522 996 2577 in
1027 2524 1373 2594 praefectura
1396 2526 1749 2597 optimatum
1770 2543 1949 2598 supra
1968 2541 2072 2597 pra

2293 2547 2769 2624 Παραπληκτίζειν
2823 2566 2881 2621 p.
2934 2548 3058 2603 372.
3122 2552 3207 2602 Ex
3266 2545 3503 2601 abunde
3572 2542 3830 2615 perspecta

463 2612 751 2667 tecturam
788 2612 1151 2669 Mesothinise
1184 2614 1385 2669 fuisse.

2223 2612 2460 2696 notione
2518 2612 2933 2694 vocabulorum
3004 2633 3301 2711 παραπλήξ
3364 2640 3421 2690 et
3457 2612 3827 2707 παρᾶἱπληκτος,

535 2714 731 2774 Οὐδὲσι
791 2737 845 2791 p.
912 2721 1037 2775 222.
1099 2721 1346 2778 Videtur
1402 2722 1497 2778 hic
1571 2740 1717 2779 nove
1770 2726 2117 2795 usurpatum

2221 2731 2388 2786 licuit
2445 2730 2845 2799 significatum
2930 2728 3197 2783 divinare
3258 2725 3422 2780 verbi
3499 2711 3829 2796 παραπληκτί·

462 2809 743 2879 adjective
775 2810 1118 2865 vocabulum
1163 2806 1343 2864 οὖδὲσι
1397 2813 1455 2867 in
1500 2814 1618 2869 dat.
1668 2813 1877 2883 plurali
1918 2814 1990 2868 ob
2025 2811 2115 2865 οὐ·
2225 2823 2330 2887 ζειν
2360 2818 2791 2889 lexicographis
2848 2816 3191 2887 vulgaribus
3250 2813 3459 2869 indicti
3513 2818 3567 2867 et
3616 2816 3831 2865 tame“

466 2892 576 2958 δείς
626 2899 696 2954 ad
745 2898 1203 2971 signiﬁcandum
1252 2901 1395 2957 viles
1445 2902 1837 2958 homunculos
1871 2903 1942 2958 de
1984 2903 2118 2957 faece
2222 2912 2425 2963 sancto
2450 2907 2726 2978 Gregorio
2760 2906 3123 2961 Nazianzeno
3156 2902 3451 2975 usurpati,
3483 2901 3646 2971 cujus
3673 2897 3828 2952 locum

462 2986 650 3057 plebis
683 3004 748 3042 ac
803 2987 993 3043 nihili.
1045 2994 1185 3044 Nam
1235 2995 1351 3050 τοῖς
1403 2988 1583 3045 οὐδέσι
1635 2993 1831 3048 statim
1878 2990 2119 3064 opponit
2220 2999 2479 3054 Joannes
2508 2996 2965 3066 Parastron,qui
2992 2994 3087 3050 hic
3110 2984 3832 3054 louuensinducitur,tacito

469 3072 765 3149 μεγάλικυς,
832 3078 916 3132 sic
977 3078 1393 3152 subjungens:
1440 3078 1695 3155 μεγάλων
1756 3080 1843 3134 ἐπὶ
1901 3078 2077 3134 τούτοι

2225 3087 2478 3143 auctoris
2512 3086 2751 3141 nomine
2800 3085 3023 3141 recitat.
3060 3086 3310 3140 Sanctus
3367 3082 3522 3138 enim
3557 3078 3644 3134 ille
3672 3077 3833 3130 doctor

463 3162 812 3239 τεταγμένων
844 3165 907 3220 τὸ
938 3168 1226 3244 πρότερον.
1272 3176 1330 3228 L.
1364 3189 1450 3242 ιιι,
1486 3189 1531 3228 c.
1570 3173 1657 3242 18,
1689 3171 1983 3245 Josephus
2015 3172 2071 3227 G:

2223 3177 2495 3233 Oratione
2514 3178 2584 3231 de
2607 3177 2828 3246 Spiritu
2856 3182 3057 3230 sancto
3084 3183 3217 3229 ante
3250 3172 3536 3237 medium,
3568 3184 3689 3224 cum
3714 3165 3830 3218 hanc

463 3252 591 3309 lesii
640 3260 996 3313 Germanum
1050 3260 1442 3330 patriarcham
1500 3261 1805 3332 alloquens
1846 3262 1961 3316 ait:
2010 3258 2107 3313 Καί
2142 3280 2185 3348 C
2226 3265 2631 3336 proposuisset
2670 3263 3194 3334 interrogationem
3247 3258 3504 3315 haeretici
3537 3253 3833 3312 Pneumalo-

464 3363 561 3397 σου
594 3341 960 3418 ὀλιγωροῦσιν
994 3346 1068 3410 ὡς
1115 3345 1367 3420 μηδεΛός.
1416 3351 1519 3406 Hic
1567 3367 1801 3422 quoque
1844 3350 2072 3422 positive

2226 3355 2444 3418 machi,
2476 3351 2569 3413 Τίς
2623 3352 2712 3404 οὖν
2746 3354 2781 3420 ἡ
2832 3350 3189 3425 ἐκπύρευσις;
3233 3365 3364 3420 quae
3393 3349 3572 3420 igitur
3614 3348 3683 3400 est
3729 3353 3828 3411 pro-

462 3440 529 3489 ut
570 3434 657 3490 sic
684 3435 911 3507 loquar,
966 3443 1288 3510 usurpatur
1333 3438 1393 3492 τὸ
1446 3435 1684 3510 μηδείςε
1744 3456 1953 3512 nempe
1995 3457 2068 3494 no

2220 3444 2430 3499 cessio?
2488 3443 2850 3514 respondet:
2930 3440 3064 3497 Εἰπὲ
3120 3438 3182 3493 σὺ
3249 3438 3352 3506 τὴν
3412 3432 3708 3511 ἀγεννησίαν
3754 3428 3825 3479 τοῦ

462 3526 765 3593 verus,sed
792 3526 1056 3581 intrusus
1087 3530 1144 3581 et
1174 3544 1239 3582 su
1254 3527 1585 3599 pposititius
1619 3529 1951 3600 patriarcha
1980 3530 2070 3584 Ge:

2223 3533 2452 3605 Πατρὸς,
2501 3530 2655 3603 κάγὼ
2710 3530 2808 3599 τὴν
2861 3530 3105 3604 γέννησιν
3151 3532 3249 3583 τοῖ’)
3306 3528 3436 3582 Υἳοῦ
3484 3517 3822 3603 φυσιολογήσω

466 3614 1039 3670 manushabebatur.
1075 3618 1189 3671 lloc
1221 3618 1495 3689 exprimit
1519 3624 1715 3675 noster
1736 3620 1905 3676 verbo
1928 3620 2074 3675 nulli

2222 3624 2313 3677 καὶ
2342 3604 2441 3689 τὴν
2477 3620 2792 3695 ἐκπὸρευσιν
2819 3624 2913 3674 τοῦ
2962 3617 3296 3691 Πνεύματος.
3356 3619 3599 3675 Edissere
3626 3623 3680 3669 tu
3715 3606 3822 3695 miht

472 3699 687 3774 μηδείςο
2225 3692 2769 3783 ingenerabilitatem
2817 3710 3024 3779 Patris,
3057 3719 3106 3766 et
3149 3725 3245 3780 ego
3302 3705 3703 3777 generationem
3729 3692 3830 3783 Filii

542 3787 755 3850 Παπίας
807 3808 861 3862 p.
913 3793 1036 3848 350.
1097 3798 1169 3848 De
1224 3811 1437 3867 magno
1484 3798 1656 3870 papia
1704 3800 1788 3855 sic
1834 3799 2117 3862 Codinus,
2228 3780 2506 3860 ennrrabo
2527 3811 2577 3858 et
2605 3803 3000 3873 processionem
3030 3799 3293 3870 Spiritus.
3327 3803 3478 3853 Tum
3511 3780 3828 3852 subditszi

471 3896 519 3933 c.
556 3880 611 3946 5,
652 3897 710 3934 n.
761 3881 877 3935 34:
930 3881 990 3937 Ὁ
1025 3880 1194 3956 μέγας
1241 3883 1485 3946 παππίας
1524 3887 1632 3958 (sic
1681 3890 1837 3944 enim
1890 3889 2079 3945 scribi

2229 3890 2758 3968 παραπληκνίσομιν
2834 3887 3000 3967 ἄμφω
3066 3889 3142 3951 εἰς
3189 3892 3323 3942 Θεοῦ
3384 3890 3648 3958 μυστήρια
3695 3892 3830 3947 παρα-

471 3988 600 4027 cum
634 3972 844 4028 Noster
872 3993 912 4026 π
943 3975 1192 4047 simplex
1226 3979 1422 4051 ponat)
1455 3978 1569 4052 εἶχε
1612 3980 1706 4051 μὲν
1754 3977 1923 4034 πάλαι
1979 3980 2079 4047 om

2229 3982 2545 4041 κόπτοντες.
2588 3984 2649 4037 Et
2682 3984 3022 4037 insaniemus
3067 3981 3224 4035 ambo
3256 3982 3315 4033 in
3364 3980 3461 4033 Dei
3489 3973 3730 4048 mysteria
3753 3968 3829 4020 im‘

474 4059 652 4135 ρεσῖαν
700 4059 1124 4139 ἀνεπίγνωστον,
1157 4069 1246 4119 νῦν
1299 4064 1356 4120 δὲ
1404 4064 1683 4141 οὐδεμίαν’
1716 4073 1941 4139 Magnus
1974 4088 2082 4143 pa};

2230 4076 2513 4128 mittentes
2538 4073 2738 4127 oculos.
2774 4072 2861 4126 Ita
2896 4070 3175 4126 scribitur
3220 4068 3315 4123 hic
3352 4068 3513 4123 locus
3545 4067 3599 4119 in
3628 4056 3830 4143 editione

470 4154 594 4224 pias
624 4152 822 4209 habuit
843 4154 978 4210 olim
998 4159 1369 4214 ministerium
1400 4140 1918 4228 incognitummunc
1940 4140 2125 4217 antem
2235 4178 2393 4218 mere
2449 4166 2646 4216 Graeca
2692 4160 3013 4216 Basileensi
3066 4158 3207 4213 anni
3261 4158 3421 4226 1550,
3477 4173 3527 4226 ρ.
3566 4153 3682 4214 221,
3723 4161 3764 4198 V-
3792 4140 3830 4201 ‘5'

472 4243 715 4297 nullum.
751 4244 971 4302 Tamen
1009 4247 1302 4306 Pontanus
1338 4254 1535 4305 noster
1565 4251 1635 4306 ad
1656 4254 2122 4307 Cantacuzenutn
2232 4251 2406 4321 longe
2467 4249 2675 4304 melius
2726 4265 2903 4320 quam
2952 4249 3009 4302 in
3085 4246 3373 4301 Parisensi
3440 4234 3828 4321 Graeco-Latina,

478 4331 646 4387 docet
677 4349 745 4388 ex
775 4334 997 4390 Zonara
1020 4353 1300 4407 magnum
1326 4339 1601 4410 pappiam
1635 4338 1852 4395 dictum
1881 4341 2086 4411 judice:

2235 4318 2363 4396 ubi-
2383 4318 2926 4412 παραπληκτῆσομεν
2982 4337 3200 4408 legitur
3248 4336 3422 4408 quasi
3479 4351 3546 4389 ex
3590 4318 3830 4399 παραπλη-

474 4420 643 4478 illum
679 4440 971 4481 summum
1008 4428 1073 4481 ad
1101 4443 1275 4497 quem
1309 4429 1871 4485 commentarienses
1904 4431 1973 4485 de
2000 4448 2126 4501 per-
2234 4429 2397 4496 κτὲω,
2432 4429 2586 4500 quod
2624 4434 2846 4484 rectum
2878 4445 2994 4484 non
3027 4432 3136 4483 est.

476 4511 639 4567 sonis
672 4529 906 4569 reorum
938 4520 995 4570 et
1028 4532 1294 4583 numero,
1345 4518 1415 4573 de
1447 4518 1729 4589 qualitate
1779 4519 2084 4575 delictorut

2307 4533 2611 4610 Παροχεύς,
2662 4553 2717 4608 p.
2770 4536 2890 4590 155.
2947 4533 3049 4588 Τὸν
3101 4531 3286 4607 μὲντοὶ
3345 4552 3409 4606 γε
3469 4527 3709 4604 πρύτανιν
3736 4510 3823 4610 τυξο

477 4601 550 4656 de
582 4601 911 4659 clausorum
943 4604 1252 4662 ordinibus
1283 4608 1493 4664 referre
1517 4609 1825 4665 debebant.

2233 4645 2342 4680 των
2374 4600 2745 4699 διαὶηπαροέὲα
2775 4624 2849 4686 ὡς
2909 4600 3130 4678 δυνατὸν
3187 4600 3558 4720 ἐμεγάλυνεν..
3588 4619 3667 4673 Ita
3703 4600 3814 4720 θοάς·

550 4711 1058 4785 Παρακοιμώμενος
1111 4732 1165 4785 p.
1215 4716 1339 4770 206.
1402 4716 1501 4772 "Ov
1552 4717 2058 4790 παρακοιμώμσνος
2097 4708 2158 4770 δ’

2236 4718 2277 4773 Β
2306 4720 2362 4771 et
2412 4718 2469 4770 Α.
2520 4716 2865 4771 Vaticamus
2914 4731 3017 4787 pro
3049 4713 3142 4768 his
3193 4713 3370 4768 habet
3390 4709 3478 4764 καὶ
3508 4708 3595 4761 τὸν
3626 4708 3821 4791 γραμμι-

476 4802 691 4873 κρατῶν
742 4798 879 4874 εἶχε,
930 4807 985 4858 et
1016 4804 1189 4874 paulo
1225 4809 1355 4876 post
1404 4807 1494 4858 καὶ
1546 4806 1637 4859 τὸν
1695 4808 2084 4882 παρακοιμώμι

2235 4806 2570 4878 τοκομιστήν
2633 4802 2941 4879 ἐγεγάλυνε.
2998 4808 3394 4874 Praeterquam
3472 4814 3627 4855 error
3672 4791 3743 4847 est
3786 4793 3826 4832 ιη

475 4909 566 4942 νον
597 4890 916 4964 Μακρηνόν.
982 4898 1239 4965 Apparet
1285 4912 1354 4950 ex
1384 4895 1477 4950 his
1500 4896 1676 4951 ofﬁcii
1735 4898 1908 4954 aulici
1941 4898 1998 4953 id
2030 4917 2083 4957 vc

2238 4897 2531 4968 scriptura
2563 4895 2591 4947 θ
2642 4894 2869 4951 intruso
2909 4896 2968 4950 in
3018 4896 3207 4950 locum
3239 4912 3269 4945 τ
3298 4892 3357 4946 in
3395 4904 3534 4946 voce
3560 4887 3828 4968 γραμμαξξδ·

475 4978 753 5035 οδῦυιυω
802 4998 964 5051 esse;
1028 4984 1182 5039 unde
1221 4990 1278 5039 et
1322 5001 1454 5040 mox
1485 5001 1550 5039 eo
1591 4987 1717 5041 sine
1752 4989 1986 5060 proprio
2020 5007 2083 5045 nc

2235 4961 2528 5058 κομι-στῆν,
2578 4985 2751 5040 etiam
2812 4985 3063 5054 videtur,
3114 4987 3179 5037 ut
3238 4999 3352 5037 non
3412 4995 3541 5035 raro
3588 4971 3719 5029 solet
3760 4961 3827 5059 1th

474 5065 631 5149 mine
690 5067 777 5123 vir
816 5069 971 5126 idem
1023 5071 1387 5143 designatur,
1422 5073 1563 5128 dum
1596 5076 1835 5131 additur
1861 5079 1923 5144 ἦν
1960 5074 2005 5130 δ’
2037 5078 2129 5132 εὐ-
2237 5075 2623 5149 interpolator
2654 5075 2853 5147 potius
2903 5091 3081 5148 quam
3137 5073 3461 5144 descriptor
3489 5064 3827 5149 Pachynlens’

474 5147 716 5226 δοκιμῶν
753 5156 781 5208 ὁ
832 5158 1355 5233 παράκοιμώμενος.
1408 5163 1546 5217 Erat
1605 5180 1813 5237 nempe
1890 5167 2004 5236 hic,
2064 5186 2082 5223 ι

2240 5145 2511 5223 aberasse
2542 5182 2575 5221 a
2605 5145 2801 5222 mente
2831 5145 3089 5223 auctoris
3124 5180 3137 5220 :
3171 5162 3427 5235 quicum
3458 5155 3595 5215 dicit
3621 5145 3827 5237 πρύτανιν

475 5225 738 5312 loquitur
786 5225 1089 5318 Codinus;
1129 5225 1626 5307 cubiculariorum
1678 5225 2083 5327 et‘ephebo’rm

2236 5254 2443 5310 τούτων
2504 5254 2594 5308 καὶ
2654 5255 2905 5329 παροχέα
2985 5249 3415 5327 μεγαλυνθῆναι,
3487 5248 3749 5329 auctorem
3791 5225 3830 5278 et

479 5332 851 5401 imperatoris
909 5343 1083 5409 caput
1117 5356 1127 5369 ·
1189 5343 1242 5392 '0
1308 5325 1819 5414 napaxmpcbpsvoe
1860 5350 1956 5398 τοῦ
2008 5367 2087 5401 κοι

2240 5346 2606 5418 praebitorem
2640 5325 2851 5400 horum
2907 5325 3344 5416 magniﬁcatum
3378 5339 3555 5394 fuisse
3597 5325 3832 5420 animi)":

479 5424 651 5482 τῶνος
703 5421 1003 5497 εὑρίσκεται
1046 5428 1256 5505 κεφαλή
1310 5434 1418 5483 τῶν
1465 5429 1516 5483 ἐν
1571 5436 1650 5502 τῷ
1677 5437 1902 5490 κοιτῶτι
1932 5434 2087 5492 παιδο

2241 5416 2452 5503 ratore,
2486 5454 2598 5492 non
2632 5435 2756 5491 vult
2787 5436 3122 5507 signiﬁcare
3142 5435 3335 5506 ipsum
3362 5425 3591 5503 prazmio
3620 5416 3832 5507 affect???

480 5509 704 5565 πώλων
765 5511 854 5566 καὶ
883 5517 989 5567 τῶν
1041 5493 1437 5591 κοίτωναρίων,
1482 5522 1808 5588 Quodcirca
1854 5530 2088 5599 equidel

2238 5493 2599 5594 tabellarios,
2659 5525 2759 5595 qui
2813 5493 3009 5580 ligatum
3071 5493 3379 5579 nuntium.
3424 5493 3830 5599 attulerant}?

480 5603 818 5673 praefectum
847 5604 1112 5661 nubiculi
1143 5589 1335 5664 Latice
1368 5608 1506 5679 dixi,
1534 5609 1669 5667 licet
1690 5589 1947 5673 viderem
1978 5619 2130 5675 Wol-
2240 5615 2507 5672 mercede
2563 5589 2782 5687 quippe
2840 5614 2970 5670 istis
3017 5611 3339 5670 liberaliter
3398 5599 3671 5687 persoluta
3703 5589 3831 5687 dixe:

480 5690 624 5748 ﬁum
646 5693 706 5748 in
729 5695 1013 5764 excerptis
1031 5700 1296 5767 Gregorte
1339 5698 1676 5768 subjuuctis
1698 5706 2088 5766 cubiculariut

2240 5666 2788 5761 ἷέιῖἐιιῖιθέἷῖαι
2840 5666 3314 5774 inisset—na
3380 5666 3487 5751 ἑῶν
3561 5684 3743 5774 λόγων,
3777 5666 3829 5774 τέ

482 5778 873 5850 interpretari.
904 5783 1014 5839 Sed
1047 5801 1238 5840 veram
1266 5787 1392 5856 ejus
1422 5767 1581 5843 vocis
1613 5791 1910 5850 notionem
1941 5799 2132 5871 magis
2247 5791 2461 5867 μείζω),
2495 5792 2596 5848 sed
2645 5793 2733 5848 vel
2782 5793 2904 5867 agit
2933 5795 3007 5851 de
3056 5767 3299 5860 (lasere,
3350 5782 3448 5859 qui
3500 5792 3612 5837 rem
3639 5767 3825 5826 tantam
