4072 6386
239 439 384 494 1053

1676 452 1679 453 ⁷
1726 447 2211 503 GLOSSARIUM.

3539 447 3676 506 105‘

232 566 481 623 feliciter
512 567 857 641 fortiterque
882 575 1206 643 peregerat,
1239 574 1328 627 cui
1366 577 1675 645 propterea
1699 592 1761 631 sc
1802 577 1907 630 dc-
1937 574 1993 641 Α
2024 570 2429 627 sanctimoniae
2461 571 2784 641 hominem,
2816 574 3260 647 suspicionibus
3291 576 3677 648 impudicitiae

232 656 372 711 bere
405 657 1124 731 profitereturjmpcrator
1155 679 1497 719 successum
1522 664 1677 721 500
1700 663 1904 732 istum,

233 751 290 799 et
322 747 454 817 ejus
482 746 766 802 virtutum
803 765 868 803 ac
894 750 1167 806 meritum
1229 770 1293 807 eo
1354 753 1589 809 nomine
1650 754 1905 810 celebra-

233 840 355 891 ret:
405 835 493 889 vel
557 853 659 909 per
717 855 885 895 voces
945 838 1207 913 πρύτανιν
1267 840 1351 895 καῖ
1414 841 1667 917 παροχὲα
1718 850 1903 899 Deum

234 924 517 980 indicavit
552 927 838 983 bonorum
872 932 1135 985 omnium
1190 932 1434 1002 fontem,
1495 935 1587 988 cui
1648 934 1903 1006 peculia-

235 1015 379 1070 riter
411 1021 712 1088 acceptam
752 1019 1012 1075 referens
1043 1025 1160 1076 tam
1214 1023 1505 1095 insignem
1565 1024 1901 1080 felicitatem

234 1121 372 1160 eum
407 1106 887 1177 magniﬁcaverit.
926 1110 1039 1165 Hoc
1072 1112 1406 1168 confirmari
1467 1118 1661 1184 potest
1716 1132 1784 1170 ex
1829 1116 1902 1171 iis

235 1209 363 1265 quis
396 1211 529 1249 mox
560 1196 762 1250 subdit
796 1213 809 1253 :
845 1197 1143 1253 Συνεκάλεέ
1172 1200 1376 1262 πάντας
1418 1200 1494 1263 εἰς
1554 1202 1898 1277 εὐχαριστίαν

234 1285 335 1336 τοῦ
383 1281 717 1356 Κρεζττονος.
764 1287 1097 1343 Provocahat
1147 1294 1371 1346 candos
1418 1293 1490 1347 ad
1521 1296 1735 1362 gratias
1783 1295 1897 1349 Nu-

237 1375 387 1428 mini
441 1374 697 1443 agendas.
750 1377 819 1429 Et
877 1377 1059 1447 hujus
1118 1380 1532 1449 gratulationis
1593 1384 1901 1438 occasione

246 1460 452 1516 habita
482 1463 705 1530 concio,
741 1480 867 1535 quas
902 1467 1089 1537 capite
1112 1470 1379 1540 sequenti
1403 1470 1696 1538 recitatur,
1718 1471 1901 1526 multa

242 1550 423 1605 habet
453 1549 511 1603 in
536 1550 684 1605 hanc
728 1556 1102 1610 sententiam.
1164 1558 1323 1619 Quod
1381 1559 1473 1613 hic
1532 1560 1902 1631 peculiariter

244 1639 569 1693 notandum
604 1642 780 1703 venit,
819 1647 907 1696 est
939 1660 1043 1697 vox
1075 1644 1353 1718 παροχευὲς
1381 1647 1588 1717 posita,
1632 1654 1696 1701 ut
1738 1650 1897 1703 vide-

238 1731 359 1793 tur,
394 1744 496 1799 pro
538 1727 789 1802 πάροχος
827 1732 1109 1802 ρνειεὸὶῑιηο,
1158 1736 1413 1805 largitor.
1464 1736 1646 1808 Cujus
1700 1738 1897 1792 formae

241 1819 577 1889 exemplum
612 1820 766 1875 haud
807 1824 1027 1893 passim
1062 1826 1337 1895 reperias.
1374 1827 1824 1899 Legiturtamen
1845 1834 1901 1883 et

244 1908 491 1964 inferius
522 1908 561 1963 l.
594 1926 651 1965 v1
683 1927 731 1965 ο.
764 1912 854 1977 23,
886 1913 983 1967 ubi
1020 1914 1254 1970 recitato
1290 1916 1352 1971 D.
1390 1916 1729 1973 Dam'isceni
1771 1919 1898 1973 loco

247 1996 470 2052 Patrem
532 2004 811 2055 aeternum
869 1995 1151 2075 προϐολέα
1212 2002 1305 2057 τοὺ
1359 2002 1673 2080 ἐαντορικοῦ
1732 2006 1902 2060 Ilva-3-

245 2105 416 2157 ματος
431 2088 771 2158 prolalorem
802 2090 921 2146 sive
951 2094 1269 2148 emissorrm
1310 2098 1673 2152 enuntiatoriz’
1718 2097 1898 2169 Spiri-

242 2181 328 2231 tus
364 2178 624 2233 vocantis
656 2179 737 2234 ait
762 2182 1044 2252 quosdam
1072 2188 1136 2238 ut
1170 2183 1314 2239 falso
1358 2186 1622 2242 afﬁctum
1688 2189 1898 2243 llama-

239 2282 413 2322 sceno
475 2267 581 2323 hoc
636 2269 859 2325 dictum
920 2272 1201 2343 rejicisse,
1252 2277 1539 2346 quosdam
1604 2281 1788 2332 autem
1842 2278 1897 2332 id

239 2355 568 2427 legitimum
594 2360 722 2429 ejus
756 2361 942 2415 sancti
967 2362 1224 2419 doctoris
1256 2364 1664 2421 testimonium
1719 2383 1899 2436 agno-

237 2450 467 2500 scentes
524 2445 584 2500 in
634 2463 701 2502 eo
769 2449 1119 2506 vocabulum
1192 2446 1503 2526 προϐολεῦς
1583 2454 1640 2508 in
1726 2472 1896 2527 παρο“

237 2532 370 2609 χεῦς
401 2540 682 2592 mutasse.

309 2624 402 2697 (P
432 2626 559 2696 408)
588 2621 805 2695 Πηλεύς
836 2628 987 2701 (t)p.
1051 2630 1173 2686 450.
1230 2631 1457 2687 Peleum
1521 2632 1616 2688 hic
1679 2649 1897 2688 memo-

241 2713 356 2767 rari
391 2718 613 2785 patrem
639 2716 859 2772 Acbilis
912 2723 969 2772 et
1027 2720 1084 2774 in
1144 2720 1478 2793 exemplum
1538 2723 1897 2777 castimoniae

240 2803 489 2875 proponi
512 2810 772 2877 apparet,
810 2810 872 2862 ut
902 2809 1105 2864 statim
1136 2815 1266 2881 post
1306 2811 1617 2867 Aristidem
1655 2812 1709 2866 in
1762 2828 1900 2883 spe-

248 2893 439 2949 cimen
472 2895 839 2951 abstinentiae
867 2914 898 2951 a
934 2898 1088 2954 furto
1123 2900 1517 2956 alienissimae.
1547 2901 1670 2956 Non
1704 2907 1897 2957 tamen

252 2982 505 3037 occurrit
523 2984 714 3039 adhuc
739 2985 881 3039 mihi
906 2988 1313 3045 testimonium
1338 2990 1567 3061 antiqui
1594 2990 1900 3062 scriptoris

257 3069 431 3126 istam
463 3074 735 3129 eximiam
768 3076 1064 3145 pudicitia;
1096 3076 1331 3134 laudem
1358 3080 1525 3135 Peleo
1558 3079 1897 3147 asserentis,

248 3162 579 3231 cujusmodi
616 3164 933 3236 quodpiam
962 3168 1337 3224 obversatum
1364 3169 1561 3226 animo
1593 3170 1901 3225 scribentis

245 3250 372 3305 haec
406 3252 777 3325 Pachymeris
813 3255 1101 3327 suspicor.
1157 3258 1357 3329 Neque
1415 3259 1570 3315 enim
1631 3259 1903 3315 videlicet

2022 675 2198 729 quam
2232 660 2281 715 si
2313 660 2510 715 fictum
2542 676 2608 716 ex
2642 662 2787 719 591
2830 667 2985 718 creta
3017 668 3072 718 et
3103 662 3225 718 luto
3268 681 3500 736 corpus,
3554 684 3670 721 non

2018 749 2211 799 autem
2244 763 2309 801 ex
2334 764 2528 802 carme
2553 754 2886 804 concretum
2914 749 3237 806 habuisset.
3264 752 3501 807 Invenio
3524 752 3671 807 allu-

2018 833 2201 889 sionis
2235 852 2347 891 non
2383 854 2809 909 usquequaque
2832 838 3124 894 absimilis
3145 840 3481 912 exemplum
3515 842 3669 913 apud

2013 925 2392 981 Eustathium
2424 928 2512 995 (ad
2548 927 2715 984 Iliad.
2753 948 2765 980 ι
2794 947 2847 1001 p.
2880 930 2986 983 772
3018 931 3109 984 ed.
3144 930 3338 1001 Rom.)
3376 930 3673 1003 explican-

2014 1015 2133 1068 tem
2187 1013 2407 1069 dictum
2464 1018 2718 1072 facetum
2780 1016 2837 1071 in
2908 1034 3232 1090 cauponem
3294 1019 3396 1091 qui
3472 1020 3673 1074 venale

2012 1102 2214 1158 vinum
2240 1105 2480 1160 turbare
2505 1106 2731 1161 fascium
2781 1107 3138 1163 admistione
3189 1107 3401 1163 solitus
3448 1108 3670 1162 audivit

2014 1208 2046 1245 a
2075 1192 2327 1262 quodam.
2360 1211 2373 1249 :
2410 1195 2501 1263 Μὴ
2554 1193 2696 1249 ποίει
2735 1196 2826 1249 τὸν
2869 1194 3032 1252 Οἱνὲα
3081 1193 3289 1266 Πηλέα,
3350 1197 3427 1252 Ne
3478 1196 3669 1267 facta:

2010 1280 2249 1337 0Enc'um
2282 1284 2523 1339 Peleum.
2562 1285 2723 1347 Quod
2758 1292 2821 1340 ut
2852 1283 3200 1357 εὖτραπέλως
3256 1289 3398 1341 salse
3444 1288 3663 1341 dictum

2011 1371 2065 1424 hi
2094 1379 2297 1428 auctor
2327 1375 2547 1443 laudat,
2583 1377 2667 1430 sic
2700 1393 2983 1431 enarrans
3018 1395 3029 1431 :
3061 1376 3154 1441 Μὴ
3212 1374 3432 1450 τρυγίαν
3485 1380 3665 1429 κυκῶν

2006 1460 2092 1513 καὶ
2147 1470 2191 1538 ᾦ
2249 1464 2535 1539 τείρητῆρι
2594 1466 2957 1538 παραμιγνὺς,
3004 1458 3315 1536 μετάϐαλλε
3371 1465 3459 1519 τὸν
3523 1465 3665 1519 οἶνον

2008 1556 2082 1617 ὡς
2143 1576 2218 1616 εις
2276 1552 2481 1624 πηλὸν,
2528 1552 2572 1625 ᾧ
2607 1550 2756 1607 δοκεῖ
2787 1552 3220 1628 παρωνομάσθαι
3267 1552 3662 1627 παιγνημόνως

2008 1647 2035 1701 ὁ
2067 1644 2305 1716 Πηλεύς.
2338 1647 2413 1701 Ne
2433 1648 2593 1716 faeces
2622 1646 2840 1700 dilueras
2863 1649 2914 1701 ct
2936 1644 3144 1700 crateri
3173 1645 3483 1701 admiscens
3516 1654 3667 1699 mula

2008 1739 2197 1792 vinum
2221 1734 2381 1791 velut
2416 1734 2479 1789 in
2530 1735 2703 1789 lutum
2739 1753 2756 1788 :
2809 1734 3020 1789 ludicra
3071 1736 3216 1789 enim
3277 1734 3670 1805 paronomasia

2004 1827 2221 1882 videtur
2242 1825 2401 1881 verba
2433 1826 2632 1879 Peleus
2664 1826 2843 1879 lutum
2892 1822 3181 1879 indicasse.
3220 1825 3343 1878 llaac
3393 1824 3489 1895 qui
3549 1841 3664 1878 non

2010 1916 2290 1989 probarit,
2325 1913 2631 1970 condoleat
2662 1912 2974 1967 infeliciter
3004 1914 3377 1979 conantibus,
3437 1918 3493 1968 et
3545 1930 3663 1967 me-

2012 2005 2179 2069 liora,
2211 2004 2260 2059 si
2291 2004 2489 2067 habet,
2524 2007 2801 2074 suggerat
2833 2006 2989 2072 grate
3022 2003 3374 2072 accepturis.

2082 2091 2342 2147 Ιῐλατεῖαι
2418 2089 2749 2145 ἐκπωλάτων
2811 2109 2867 2162 p.
2953 2091 3072 2145 453.
3156 2091 3493 2156 Quaerebam
3566 2090 3661 2144 hic

2010 2182 2149 2253 quid
2211 2186 2409 2237 essent
2466 2177 2806 2251 ἐκπωμάτων
2863 2176 3140 2246 πλατεῖαι,
3201 2196 3348 2250 quas
3408 2195 3477 2234 ex
3552 2196 3664 2232 δ’Υο

2008 2272 2190 2328 fuisse
2220 2288 2353 2326 mox
2382 2270 2607 2325 indicat
2628 2274 2828 2325 noster
2859 2270 2929 2324 de
2961 2269 3173 2323 iisdem
3207 2267 3419 2323 iterum
3479 2284 3659 2339 agens

2007 2362 2099 2417 his
2148 2361 2385 2417 verbis:
2447 2356 2673 2419 Χαλκᾶς
2746 2357 2952 2418 ἐκείνας
3003 2354 3266 2418 πλατείας
3353 2353 3658 2429 ὑποδοχάς.

2014 2450 2188 2506 Solus
2220 2450 2541 2505 Vaticanus
2576 2446 2789 2523 χαλκᾶς
2820 2446 3048 2507 πίνακας
3072 2446 3350 2519 appellat,
3393 2446 3493 2501 sed
3523 2445 3659 2500 huic

2006 2540 2152 2596 fides
2188 2541 2339 2611 apud
2370 2556 2462 2595 me
2496 2540 2735 2611 quidem
2763 2539 2987 2594 dudum
3021 2542 3109 2593 est
3139 2554 3206 2592 ex
3245 2554 3359 2608 quo
3412 2535 3664 2599 decoxit,

2006 2631 2171 2686 Certe
2201 2628 2354 2700 πίναξ
2381 2630 2557 2685 nimis
2588 2628 2855 2701 generale
2880 2626 3229 2683 vocabulum
3293 2631 3419 2683 est:
3474 2642 3664 2697 neque

2007 2720 2065 2775 in
2099 2720 2317 2774 tabulis
2350 2724 2449 2774 aut
2481 2719 2721 2775 laminis
2749 2717 2915 2773 areis
2945 2716 3245 2773 commode
3285 2715 3343 2771 id
3403 2718 3663 2785 frumen-

2006 2818 2125 2865 tum
2177 2812 2407 2873 coctum,
2476 2809 2595 2864 sive
2657 2809 2776 2879 iam
2829 2806 3124 2871 molitum,
3188 2805 3343 2860 mola
3397 2804 3668 2860 videlicet

2009 2897 2181 2953 farris
2212 2900 2374 2961 tosti,
2409 2902 2472 2951 ut
2522 2896 2749 2969 antiqui
2810 2897 3222 2966 loquebantur,
3286 2894 3405 2948 sive
3467 2892 3672 2965 granis

2008 2986 2254 3058 integris
2290 2985 2539 3041 naturali
2570 2988 2777 3051 forma,
2811 2984 3121 3040 commode
3177 2983 3390 3055 gestari
3449 2982 3665 3054 potuit,

2008 3076 2091 3133 Ne
2123 3076 2327 3131 multis
2366 3094 2377 3131 :
2415 3075 2559 3130 mihi
2591 3078 2813 3130 attente
2841 3072 3239 3129 consideranti
3284 3073 3436 3127 hunc
3471 3072 3667 3127 locum

2006 3168 2277 3222 veniebat
2325 3166 2384 3221 in
2445 3171 2701 3221 mentem
2776 3161 3118 3235 ἐκπωμάτων
3191 3160 3452 3224 πλατείας
3528 3183 3670 3236 πγαο

2004 3256 2152 3317 τείας
2187 3251 2469 3330 ὑποδοχάς
2507 3255 2623 3311 dici
2671 3254 2767 3309 hic
2796 3272 2828 3309 a
2858 3253 3216 3325 Padhymere
3245 3269 3385 3307 vasa
3434 3269 3670 3308 mensa-

239 3341 437 3396 omnia
468 3359 599 3415 quae
629 3344 723 3400 ille
756 3345 899 3416 legit
921 3347 978 3401 in
1015 3354 1250 3406 nostras
1278 3366 1488 3406 venere
1523 3366 1738 3405 manus
1775 3367 1788 3416 ;
1833 3367 1898 3405 ac
1929 3348 1972 3416 C
2014 3346 2100 3402 ria
2127 3363 2254 3417 quze
2286 3350 2596 3417 souocoppe
2638 3342 2801 3400 Italis
2827 3342 3000 3398 hodie
3031 3342 3354 3409 dicuntur;
3414 3358 3672 3413 quorum

236 3432 488 3487 fortasse
515 3450 586 3488 ne
617 3451 773 3490 nunc
803 3436 1043 3506 quidem
1076 3446 1415 3509 supersunt.
1463 3444 1650 3507 Quam
1706 3441 1895 3497 multa

237 3523 393 3577 enim
429 3525 739 3581 vetustatis
772 3527 979 3582 Graecas
1010 3536 1395 3585 monumenta
1428 3532 1767 3604 quingentis
1810 3532 1901 3587 his

239 3612 359 3666 fere
374 3613 729 3685 annis,quot
755 3632 788 3671 a
811 3616 1182 3686 Pachymeris
1206 3624 1369 3675 astate
1384 3622 1453 3675 ad
1471 3621 1621 3677 hanc
1636 3628 1898 3678 nostram

236 3701 630 3771 intercedunt,
668 3706 855 3777 perire
878 3709 1139 3764 funditus
1162 3710 1427 3783 contigit.
1455 3715 1557 3766 aut
1585 3717 1737 3767 certe
1760 3713 1901 3768 bac-

236 3795 413 3849 tenus
445 3791 705 3847 ἀνὲκδοτα
736 3797 975 3853 servari.
1023 3799 1133 3853 Sed
1190 3816 1294 3855 nec
1353 3805 1563 3856 cuncta
1611 3802 1768 3857 edita
1816 3802 1901 3856 vi-

240 3880 458 3937 dimus.
477 3883 1140 3942 Adnimadvertotamen
1164 3890 1475 3944 Homerum
1500 3890 1705 3946 crebra
1724 3908 1899 3962 quam

238 3969 416 4026 infert
457 3974 755 4029 mentione
790 3974 939 4031 Pelei
1000 3976 1352 4047 frugalitatis
1411 3980 1459 4033 ei
1550 3980 1900 4051 virtutisque

236 4058 470 4115 laudem
506 4062 622 4116 fere
655 4063 912 4119 tribuere
942 4065 1125 4120 videri
1160 4083 1451 4137 ;quarum
1485 4067 1751 4123 videlicet
1776 4086 1899 4125 me-

235 4150 351 4204 rito
382 4151 456 4205 ab
482 4154 685 4206 Aotore
718 4153 940 4208 Phthiae
973 4161 1271 4223 regnante,
1307 4158 1377 4212 ad
1412 4174 1584 4229 quem
1609 4175 1674 4213 ex
1700 4160 1901 4231 Egina

235 4239 601 4312 confugerat,
654 4244 909 4315 propriis
969 4244 1107 4301 filiis
1161 4246 1436 4317 praelatus
1495 4264 1784 4320 generque
1833 4266 1899 4304 ac

233 4330 401 4401 regni
434 4347 740 4387 successor
765 4332 987 4389 electus
1020 4335 1215 4402 fuerit,
1259 4341 1322 4391 ut
1354 4337 1697 4393 Eustathius
1728 4338 1902 4393 refert

236 4419 309 4474 ad
338 4419 503 4476 Iliad.
532 4419 642 4492 Bp.
673 4422 774 4476 321
798 4424 866 4477 ed
894 4424 1081 4489 Rom.,
1103 4426 1173 4479 ad
1199 4442 1375 4496 quam
1415 4427 1559 4482 forte
1591 4427 1897 4483 historiam

235 4508 551 4565 alluserint
584 4511 791 4566 fabulze
824 4528 954 4583 quae
990 4513 1295 4584 praelatum
1332 4515 1446 4571 diis
1477 4516 1622 4587 ipsis
1676 4517 1899 4586 judicio

235 4599 525 4670 principis
548 4600 793 4657 deorum
826 4602 885 4656 in
918 4602 1194 4658 felicitate
1223 4606 1589 4673 nuptiarum,
1622 4622 1901 4662 concessa

2009 3441 2099 3492 est
2121 3453 2266 3491 usus
2292 3436 2350 3491 in
2376 3435 2613 3507 scyphis
2643 3432 3031 3505 porrigendis.
3052 3432 3283 3486 Habent
3304 3448 3371 3487 ea
3414 3448 3667 3503 superne

2008 3525 2382 3581 latitudinem
2412 3540 2685 3595 capacem
2719 3522 3072 3596 scyphorum
3108 3520 3285 3575 simul
3342 3519 3665 3576 multorum

2010 3616 2190 3686 (unde
2221 3617 2475 3667 πΛατεῖαι
2521 3611 2861 3685 ἐκπωμάτων
2926 3616 3077 3667 recte
3122 3611 3446 3682 vocentur),
3504 3609 3670 3666 labro

2008 3721 2113 3776 per
2143 3703 2457 3759 circuitum
2490 3705 2561 3758 ad
2627 3704 2884 3774 aliquam
2917 3700 3282 3757 latitudinem
3316 3700 3668 3772 recupinato

2007 3802 2367 3859 coronatam,
2403 3793 2756 3848 innitentem
2774 3792 2906 3865 pedi
2936 3792 3241 3863 supposito
3263 3791 3535 3856 rotundo,
3560 3790 3655 3862 qui

2007 3890 2067 3941 et
2092 3884 2587 3939 manubriiusum
2644 3887 2880 3954 praestat
2940 3882 3299 3937 ministranti
3350 3880 3661 3951 pincernae.

2006 3976 2149 4045 Ejus
2184 3975 2382 4029 formae
2415 3972 2634 4034 lances,
2670 3977 2771 4027 aut
2803 3973 2851 4028 si
2875 3971 3066 4027 dicere
3091 3971 3285 4039 liceat,
3319 3971 3654 4042 capedines,

2008 4070 2295 4137 argenteae
2321 4066 2383 4138 [P
2411 4066 2540 4137 409]
2572 4066 2687 4120 fere
2718 4064 2889 4121 hodie
2920 4065 3196 4119 visuntur
3246 4063 3302 4117 in
3356 4080 3662 4135 procerum

2007 4157 2343 4215 conviviis:
2395 4154 2695 4211 tenuiores
2762 4152 3043 4208 fictilibus
3130 4156 3399 4209 utuntur.
3483 4153 3669 4210 {Etate

2008 4246 2386 4321 Pachymeris
2418 4248 2680 4302 nondum
2713 4245 2990 4301 Peruanis
3019 4243 3204 4298 ditata
3228 4242 3481 4298 metallis
3509 4259 3668 4297 {£er

2007 4337 2419 4393 increbuerant
2447 4352 2460 4392 :
2498 4336 2597 4391 sed
2624 4334 2878 4390 materiae
2902 4332 3097 4388 vilitas
3116 4337 3395 4387 encausto
3428 4334 3667 4404 picturae

2006 4426 2181 4482 variae
2206 4427 2431 4482 fructus
2454 4424 2824 4481 autumnales
2881 4421 3289 4479 assimulantis
3342 4423 3669 4493 tegebatur,

2008 4519 2073 4570 ut
2095 4516 2265 4571 docet
2294 4514 2404 4569 hoc
2437 4514 2561 4570 loco
2594 4518 2808 4570 noster.
2846 4511 3055 4584 Negari
3107 4527 3222 4565 non
3284 4514 3472 4582 potest
3525 4511 3669 4582 quin

2008 4604 2426 4675 percommode
2457 4603 2636 4659 fuerit
2664 4600 3005 4658 istiusmodi
3030 4600 3187 4655 vasis
3219 4600 3407 4655 forma
3428 4600 3497 4654 ad
3529 4600 3671 4655 istas

234 4688 356 4759 ipsi
388 4687 445 4742 in
481 4705 759 4761 sponsam
793 4690 1040 4746 Thetide
1071 4708 1247 4764 quam
1275 4693 1509 4764 Jupiter
1542 4695 1669 4766 ipse
1702 4712 1804 4767 pro
1838 4711 1899 4751 se
1931 4714 1976 4779 Β
2008 4696 2256 4765 eulogias
2301 4696 2600 4769 frumemti
2653 4694 2794 4749 cocti
2844 4697 2970 4747 tum
3022 4692 3227 4746 decore
3277 4690 3674 4779 admovendas

238 4777 467 4833 ambire
489 4779 799 4849 potuisset,
831 4780 1126 4836 celebrant
1152 4782 1386 4838 Peleum
1424 4800 1436 4837 :
1472 4785 1641 4855 cujus
1667 4786 1900 4856 generis

246 4866 350 4922 illa
370 4873 511 4924 sunt
528 4869 746 4925 Catulli
778 4887 792 4925 :

394 4974 563 5049 Teque
590 4974 742 5049 adeo,
764 4976 973 5049 eximie
1003 4976 1156 5033 laedis
1182 4978 1439 5049 felicibus
1469 4987 1647 5044 aucte,

389 5045 677 5122 Thessaliae
708 5048 999 5122 columem,
1028 5045 1221 5122 Peleu,
1255 5053 1347 5105 cui
1373 5053 1589 5122 Jupiter
1617 5050 1751 5121 ipse,

382 5118 502 5190 Ipse
528 5135 655 5176 suos
685 5119 877 5176 divum
905 5118 1125 5190 genitor
1151 5124 1417 5179 concessit
1440 5118 1681 5193 amores,

225 5224 352 5282 Nec
382 5225 530 5282 forte
577 5244 610 5282 a
657 5226 828 5299 genio
871 5227 1245 5300 Pacbymeris
1276 5229 1544 5285 'multum
1602 5232 1901 5286 aberraret

232 5314 337 5385 qui
373 5315 775 5387 suspicaretur
805 5316 885 5373 ita
916 5318 1260 5375 meminisse
1289 5318 1461 5374 illum
1491 5319 1644 5375 Pelei
1702 5320 1894 5375 herois

229 5402 547 5472 inculpati,
582 5409 647 5460 ut
663 5404 930 5462 alluserit
948 5407 1019 5462 ad
1033 5412 1121 5478 εἰ)
1134 5425 1267 5464 mon
1301 5407 1553 5465 nominis
1567 5409 1693 5479 ejus
1717 5406 1775 5462 ἐκ
1798 5412 1895 5463 τοῦ

232 5487 451 5561 πηλοῦ,
483 5494 638 5566 quod
671 5494 847 5548 lutum
908 5496 1222 5566 signiﬁcat,
1275 5497 1529 5567 formati,
1588 5497 1746 5554 velut
1802 5499 1895 5554 in-

236 5599 431 5640 nuens
466 5600 582 5640 non
614 5582 803 5656 magis
832 5586 1067 5642 afﬁnem
1101 5586 1285 5644 fuisse
1317 5588 1588 5656 Vecoum,
1623 5592 1896 5660 spectatas

323 5802 400 5876 (1)
430 5801 514 5861 Cl.
547 5801 911 5861 Glossarium
943 5802 1214 5863 alterum.

2010 4784 2150 4849 aris,
2181 4789 2309 4839 tum
2349 4784 2485 4841 inde
2528 4786 2661 4856 post
2692 4781 3013 4838 sacerdotis
3062 4778 3527 4836 benedictionem
3576 4779 3673 4834 de-

2011 4875 2415 4945 portandasin
2449 4876 2657 4929 domos
2683 4876 2830 4939 tuto,
2866 4870 3197 4936 latitudine,
3251 4885 3320 4923 ex
3367 4885 3483 4939 qua
3530 4865 3666 4921 πλα-

2003 4965 2143 5015 τεῖαι
2164 4961 2772 5034 dicuntur,paulisper
2793 4977 3067 5028 concava,
3085 4963 3141 5015 et
3164 4958 3441 5029 coupacis
3468 4961 3668 5015 rotun-

2009 5054 2231 5120 ditatis,
2284 5054 2453 5110 facile
2512 5053 2859 5109 admittente
2919 5050 3226 5107 materiam
3274 5047 3477 5113 talem,
3528 5054 3586 5104 et
3637 5068 3664 5103 τι

2008 5141 2178 5214 lapsu
2212 5143 2558 5215 prohibente
2592 5140 2875 5197 beneﬁcio
2907 5139 3047 5195 editi
3078 5139 3298 5193 circum
3359 5138 3673 5209 marginis,

2008 5233 2172 5288 illius
2195 5248 2404 5303 nempe
2431 5234 2501 5287 de
2525 5248 2640 5302 qua
2664 5230 2803 5299 dixi,
2830 5229 3058 5285 modice
3085 5228 3335 5283 reductae
3362 5231 3419 5282 et
3441 5227 3559 5282 alte
3580 5244 3680 5298 per

2007 5323 2320 5378 circuitum
2335 5327 2534 5377 exstan
2546 5320 2620 5375 tis
2637 5318 3096 5375 loriculae.Voces
3110 5333 3345 5389 quoque
3359 5320 3480 5372 tum
3507 5314 3675 5376 ἐκπω,

2006 5410 2147 5465 άτων
2182 5417 2305 5467 tum
2342 5406 2595 5483 ὑποδοχή
2622 5409 2932 5481 aptissime
2981 5409 3039 5463 in
3100 5412 3366 5462 nostram
3426 5410 3663 5461 senten-

2007 5502 2150 5557 tiam
2185 5500 2482 5556 accidunt.
2514 5498 2779 5554 indicant
2803 5498 2955 5554 enim
2988 5514 3161 5553 usum
3198 5497 3372 5552 istius
3402 5494 3557 5550 vasis
3595 5510 3664 5550 eo

2008 5591 2145 5647 facti
2179 5594 2244 5647 ut
2275 5590 2505 5662 pocula,
2539 5586 2859 5661 ἐκπώματα,
2894 5587 3171 5660 imposita
3214 5585 3524 5655 exciperet,
3578 5582 3662 5637 sic
