4072 6392
261 421 402 477 1057

1738 429 2217 490 GLOSSARIUM.

3550 455 3691 510 1058

254 544 435 602 simili
462 544 756 615 ἆσυστασίᾳ
821 551 878 603 et
933 547 1341 620 insuspicabili
1389 548 1717 606 cohaesione
1764 554 1911 607 tene-

2042 572 2153 651 quo
2212 561 2537 624 Vulcanius
2596 569 2708 643 legi
2736 572 2905 641 jubet
2940 589 3202 645 grumare
3232 576 3382 634 595
3420 573 3687 651 διορθῶσ,

256 636 419 692 brosi
456 652 556 708 per
590 636 739 690 hanc
773 637 1081 693 historiam
1145 645 1484 705 occurrunt,
1535 657 1917 697 assensurum

264 728 411 784 mibi
442 726 719 783 lectorem
757 730 1104 800 prudentem
1140 731 1185 785 si
1220 730 1917 804 dixer05940Edipum,

260 835 379 873 non
416 821 642 872 Davum
679 833 808 873 esse
841 819 1916 894 OportcreinterpretemPachymeris,

255 906 596 977 scriptoris,
631 906 681 960 si
716 907 1038 979 quisquam
1091 909 1270 973 ullus,
1316 911 1657 981 antiquarii,
1706 912 1920 979 cuique

256 997 647 1067 meliorijure
679 1014 853 1067 quam
893 998 999 1052 illli
1048 1001 1105 1054 in
1154 1003 1578 1070 quemLatinus
1625 1002 1919 1074 epigram-

258 1088 550 1143 matarius
585 1087 693 1141 hoc
722 1104 891 1143 versu
915 1087 1080 1158 lusit,
1116 1091 1557 1161 exprobraveris
1590 1108 1607 1146 :

384 1193 498 1250 Non
533 1195 732 1249 lectore
764 1195 876 1249 tuis
907 1212 1043 1267 opus
1072 1201 1171 1263 est,
1207 1198 1297 1252 sei
1328 1200 1361 1252 Α
1370 1200 1576 1270 polline
1607 1198 1789 1255 libris.

252 1303 369 1359 Sed
414 1301 729 1377 παρεργωὲν
752 1302 1121 1375 ἢξπροοιμίων
1152 1303 1295 1365 ἅλις.
1325 1306 1485 1378 Opus
1512 1313 1677 1362 vocat
1700 1309 1917 1380 ipsum;

253 1398 311 1449 et
343 1397 607 1447 attentus
649 1408 968 1448 consessus
1028 1394 1142 1450 dici
1174 1412 1206 1449 a
1233 1413 1324 1450 me
1356 1413 1592 1451 causam
1624 1405 1921 1470 exspectat

257 1500 364 1538 cur
395 1482 453 1536 in
488 1481 788 1549 ποιότητος
814 1483 1095 1538 vocabulo
1121 1502 1258 1551 non,
1295 1491 1358 1540 ut
1389 1486 1561 1557 vulgo
1594 1491 1919 1556 consuevit,

254 1573 582 1644 qualitatem
633 1574 733 1627 sed
781 1576 1039 1641 regulam
1089 1575 1740 1631 intellexerim.Vereor
1761 1579 1918 1635 enim

260 1670 322 1720 ut
353 1664 508 1735 apud
539 1663 849 1735 plerosque
876 1665 1018 1719 satis
1053 1665 1130 1719 sit
1156 1665 1596 1738 alicgarc,quod
1618 1669 1921 1725 verissime

262 1772 530 1826 possum,
563 1755 945 1809 manifestum
980 1772 1047 1809 ex
1073 1755 1437 1827 inspectione
1463 1760 1917 1827 praecedentium

255 1846 589 1913 verborum,
625 1843 735 1899 loci
778 1844 1131 1899 sententiam
1165 1846 1218 1898 id
1256 1845 1574 1915 ﬂagitasse.
1601 1848 1726 1902 Non
1760 1850 1919 1904 enim

265 1936 515 1990 deerunt
543 1935 642 2005 qui
675 1935 911 2005 exigant
942 1934 1116 1989 etiam
1151 1934 1549 1990 aberrationes
1609 1945 1662 1991 et
1712 1938 1917 1993 deliria
1952 1944 1997 2007 B

257 2021 623 2094 scriptorum
658 2021 730 2076 ab
763 2022 1180 2094 interpretibus
1229 2022 1519 2094 exprimi;
1554 2032 1726 2095 atque
1780 2027 1923 2081 adeo

260 2112 319 2167 in
356 2113 468 2167 isto
501 2128 713 2183 genere
738 2128 915 2183 quam
950 2112 1537 2183 superstitiosissime
1572 2114 1824 2186 ineptire
1858 2118 1922 2170 li-

257 2203 387 2257 dem
441 2206 668 2257 vocent.
702 2202 808 2255 Aio
862 2201 1042 2272 igitur
1080 2201 1388 2273 Opinatum
1421 2219 1550 2258 esse
1590 2220 1682 2257 me
1707 2205 1923 2260 vidisse

260 2291 482 2356 aliquid
518 2290 749 2362 uspiam
785 2290 1206 2361 Pacbymerem
1241 2308 1356 2362 quo
1391 2298 1588 2347 motus
1620 2295 1690 2347 ad
1723 2293 1923 2348 existi-

263 2381 546 2434 mandum
565 2376 941 2448 εἱῐ,ποιότητα
960 2379 1221 2450 regulam
1247 2380 1542 2434 interdum
1567 2382 1923 2453 signiﬁcare,

257 2468 559 2541 istamque
593 2474 654 2523 ut
680 2467 847 2535 solet,
875 2468 1143 2538 quamvis
1170 2470 1692 2538 raram,notionem
1723 2470 1924 2526 oblata

255 2559 667 2630 qualicunque
726 2558 1033 2612 occasione
1095 2575 1381 2629 usurpare
1433 2559 1761 2614 all‘cctasse.
1796 2560 1919 2614 Non

260 2653 350 2704 est
395 2646 783 2703 inverisimile
833 2646 1796 2704 hominiobsoletorumverborum
1818 2668 1921 2705 au-

260 2738 396 2809 cupi
429 2736 635 2792 talium
662 2735 1029 2792 collectorem
1055 2742 1111 2791 et
1133 2743 1534 2793 enarratorem
1568 2738 1919 2809 diligantum

265 2827 612 2883 familiarem
646 2826 1003 2897 Hesychium
1051 2828 1279 2883 fuisse:
1332 2828 1503 2896 cujus
1560 2829 1919 2883 voeabularii

260 2917 415 2973 haud
452 2916 627 2989 paulo
662 2916 1015 2971 correctiora
1078 2916 1581 2987 Constantinopoli
1632 2924 1765 2972 ante
1814 2918 1922 2973 hos

274 3006 732 3078 quadringentos
768 3006 831 3077 [P
854 3006 978 3076 411]
1012 3023 1218 3073 annos,
1247 3006 1355 3060 hoc
1383 3011 1471 3061 est
1501 3011 1669 3062 aetate
1698 3007 1916 3079 Pachy-

273 3096 476 3167 meris,
502 3096 864 3167 exemplaria
897 3096 1078 3150 fuisse
1110 3112 1281 3163 quam
1310 3095 1453 3149 illud
1492 3112 1557 3149 ex
1592 3113 1705 3167 quo
1738 3096 1917 3151 Aldus

263 3184 559 3240 Manutius
592 3185 911 3241 editionem
946 3186 1235 3256 expressit
1267 3201 1637 3252 suam,nemo
1657 3187 1917 3257 prudens

257 3274 1145 3344 dubitaverit.Suspicoritaque
1177 3275 1592 3347 Pachymerem
1635 3276 1692 3328 in
1742 3277 1916 3329 verbo

254 3362 489 3433 ποιότης
521 3365 674 3435 apud
711 3363 1061 3435 Hesychium
1099 3363 1270 3434 longe
1303 3364 1458 3418 aliud
1491 3365 1703 3436 legisse
1735 3383 1912 3436 quam

256 3454 366 3509 hoc
400 3454 477 3508 ibi
511 3454 685 3508 hodie
706 3470 995 3525 apparens
1020 3452 1242 3507 nullius
1267 3453 1435 3524 pretii
1462 3471 1474 3508 :
1500 3454 1738 3522 ΙΙοιότης
1760 3457 1912 3528 χρῶ-

259 3563 333 3613 μα
365 3538 540 3610 ἡδονὴ
580 3542 757 3602 νότος.
795 3542 940 3607 Quid
979 3559 1173 3611 quaeso
1194 3544 1372 3610 νότος,
1431 3544 1571 3614 quid
1621 3540 1794 3611 ἡδονὴ
1839 3547 1910 3600 ad

253 3631 527 3701 ποιότητα
556 3631 584 3686 ‘l
614 3631 759 3698 Quid
794 3632 962 3686 illum
996 3632 1190 3702 ipsum
1223 3633 1475 3704 χρῶμαῗ
1516 3650 1693 3704 quam
1718 3634 1908 3706 inopi-

254 3728 460 3778 natum
496 3726 575 3788 et,
625 3728 689 3777 ut
721 3722 900 3776 libere
930 3720 1142 3789 dicam,
1176 3717 1602 3795 ἀπροσδιόνυσον
1627 3722 1655 3775 ‘l
1697 3740 1762 3776 ac
1808 3741 1910 3794 pro

253 3811 373 3867 illis
406 3812 645 3883 quidem
678 3807 848 3879 ἡδονή
877 3809 1032 3870 νότος
1096 3812 1492 3883 reponendum
1529 3812 1809 3882 putarim,
1842 3830 1910 3867 ex

248 3902 320 3956 iis
352 3918 480 3973 quae
510 3902 577 3956 ad
612 3902 855 3957 verbum
886 3899 1179 3975 -ίονικεῦειν
1200 3902 1493 3970 adnotavi,
1528 3899 1562 3968 ἢ
1594 3899 1776 3976 γόνος,
1814 3902 1908 3973 μί-

247 4010 363 4051 τος.
424 3992 587 4055 Quod
622 4006 781 4047 nunc
808 3993 1034 4059 attinet,
1065 3989 1266 4064 γρώμα
1299 4009 1399 4062 pro
1432 3989 1637 4065 χρῶμα
1690 3995 1747 4048 in
1798 3996 1907 4048 He~

249 4079 911 4153 sychioPacbymeriano
940 4081 1205 4152 suspicor
1237 4082 1519 4152 scriptum
1539 4083 1903 4153 apparuisse.

250 4175 455 4225 Groma
484 4186 590 4225 vox
620 4173 709 4223 est
740 4171 1339 4242 exquaquiagrorum
1362 4172 1787 4226 metiendorum
1808 4190 1903 4227 ra-

253 4260 473 4315 tionem
499 4259 812 4327 tradidere,
846 4260 903 4314 in
938 4276 1123 4314 unum
1157 4261 1381 4316 collecti
1414 4278 1646 4333 corpus,
1672 4280 1904 4334 groma-

246 4348 347 4403 tici
399 4349 740 4421 scriptores,
805 4366 1013 4404 nomen
1072 4349 1442 4404 invenerunt.
1506 4352 1607 4406 Est
1656 4352 1813 4407 enim
1849 4353 1904 4406 id

247 4440 631 4493 instrumenti
660 4438 1015 4494 vocabulum
1049 4439 1164 4493 ista
1196 4440 1253 4494 in
1285 4446 1410 4495 arte
1456 4441 1750 4512 praecipui,
1787 4459 1902 4513 quo

245 4528 317 4583 ad
354 4527 692 4598 dirigendas
722 4527 982 4582 limitum
1010 4527 1195 4582 lineas
1227 4528 1287 4582 in
1312 4534 1601 4584 terrarum
1638 4532 1904 4602 partione

246 4620 353 4671 aut
402 4616 769 4671 dimensione
830 4617 1171 4671 utebantur.
1216 4617 1411 4672 Groma
1436 4618 1555 4673 sive
1585 4637 1802 4688 gruma,
1840 4627 1903 4676 ut

2030 648 2112 701 uti
2138 667 2240 721 pro
2272 671 2338 709 eo
2363 659 2516 727 quod
2558 660 2776 715 ibidem
2813 679 2947 717 mox
2987 664 3249 720 cernitur
3292 684 3496 737 gruma
3531 667 3684 742 βασι-

2027 734 2155 806 λικὴ
2186 742 2383 815 γνώμη
2420 752 2833 819 reponendum
2862 755 3167 809 contendit
3196 773 3403 828 gruma
3452 753 3683 831 ὃιόπτρα

2026 833 2341 901 τεκτονική.
2396 836 2640 892 Videtur
2698 840 3049 897 vocabulum
3150 845 3306 899 istud
3365 848 3681 919 antiquum

2027 934 2229 984 gruma
2261 940 2290 976 a
2325 925 2536 994 priscis
2570 929 2793 983 Latinis
2844 947 2912 984 ex
2969 930 3165 987 Graeco
3196 933 3428 1007 γράμμα
3477 937 3696 991 forma-

2032 1011 2184 1063 tum.
2238 1012 2337 1067 Est
2387 1020 2582 1071 autem
2625 1017 2876 1089 γράμμα,
2931 1025 2995 1074 ut
3045 1021 3171 1076 aliae
3202 1023 3406 1093 glossee
3465 1026 3698 1081 Graeco-

2034 1096 2252 1153 Latinae
2287 1108 2513 1158 veteres
2547 1108 2776 1173 docent,
2806 1107 2832 1159 ὁ
2866 1110 3107 1180 σταθμός
3149 1115 3474 1183 scripulum.
3511 1116 3689 1169 Scru—

2035 1186 2237 1255 pulum
2302 1196 2497 1247 autem
2558 1196 2678 1250 sive
2733 1197 3081 1267 scripulum,
3136 1206 3199 1255 ut
3230 1218 3299 1256 ex
3346 1202 3605 1259 Varrone
3636 1210 3692 1261 et

2032 1276 2352 1335 Columella
2384 1280 2551 1337 libris
2586 1286 2655 1339 de
2687 1302 2745 1340 re
2778 1288 2999 1342 rustica
3024 1288 3132 1343 viri
3176 1291 3329 1345 docti
3380 1292 3691 1365 colligunt,

2033 1381 2312 1424 mensura
2343 1373 2734 1442 estiadbiberi
2766 1376 2938 1430 solita
2957 1378 3267 1435 metiendis
3290 1383 3693 1455 agris,nempe

2030 1474 2230 1525 gruma
2262 1460 2382 1515 sive
2440 1480 2659 1534 groma,
2701 1484 2826 1536 quae
2860 1472 2984 1523 erat
3016 1469 3481 1528 instrumentum
3515 1476 3690 1545 cujus

2029 1563 2135 1616 ope
2168 1548 2535 1620 dirigebatur
2558 1554 2765 1609 oculus
2798 1557 2867 1611 ad
2902 1556 3087 1613 lineas
3146 1560 3444 1617 ducendas
3493 1572 3689 1618 exacte

2030 1642 2243 1705 rectas,
2272 1642 2591 1710 promiscui
2631 1662 2774 1699 usus
2808 1647 3144 1703 architectis
3172 1654 3226 1704 et
3260 1651 3685 1721 agrimensori-

2034 1725 2164 1795 bus,
2201 1730 2355 1783 unde
2388 1726 2620 1805 διόπτρα
2648 1736 2935 1803 τεκτονική
2970 1736 3147 1806 dicta,
3180 1742 3244 1793 ut
3291 1741 3571 1796 vidimus.
3607 1742 3690 1797 Ex

2030 1813 2123 1868 his
2171 1816 2357 1887 liquet
2393 1837 2587 1888 groma
2625 1824 2745 1877 sive
2793 1842 2994 1893 gruma
3022 1826 3177 1882 idem
3204 1844 3332 1884 esse
3374 1831 3527 1900 quod
3552 1831 3692 1904 γνώ-

2032 1922 2171 1973 μων,
2236 1906 2497 1978 σταθμὸς,
2559 1907 2791 1984 διόπτρκ
2836 1915 3143 1984 τεκτονική,
3185 1917 3533 1989 scriptulum
3569 1922 3691 1975 sive

2036 1995 2404 2064 scrupulum,
2439 2014 2566 2067 quae
2600 2002 2797 2056 omnia
2826 2005 3127 2059 vocabulis
3156 2006 3379 2063 Latinis
3419 2012 3685 2079 amassis,

2034 2099 2249 2137 norma:
2280 2088 2490 2156 regula:
2528 2092 2978 2161 rcspondent,et
3005 2094 3401 2151 instrumenta
3453 2098 3685 2170 signiﬁ-

2034 2178 2190 2241 cant,
2224 2176 2444 2244 quibus
2477 2178 2636 2233 visus
2662 2180 2957 2237 humanus
2990 2185 3060 2239 ad
3094 2185 3573 2254 dijudicationem
3608 2206 3689 2244 re-

2033 2262 2108 2315 cti
2151 2279 2183 2316 a
2214 2280 2387 2319 curvo
2420 2272 2519 2320 aut
2542 2269 2610 2321 ad
2636 2271 3097 2341 exaquationem
3132 2274 3353 2346 obliqui
3390 2278 3459 2331 ad
3492 2287 3687 2335 exacte

2033 2351 2320 2407 directum
2357 2355 2543 2410 utitur
2573 2375 2588 2426 ;
2621 2360 2691 2412 ad
2719 2361 2874 2428 quod
2907 2377 3039 2415 cum
3068 2368 3222 2418 esset
3249 2382 3390 2420 usus
3412 2374 3689 2439 opportu-

2034 2455 2146 2494 nus
2202 2440 2622 2511 funicolorum,
2683 2448 2857 2502 etiam
2910 2448 3094 2522 γόνος,
3146 2450 3302 2519 μίτος
3333 2454 3439 2510 hoc
3470 2457 3690 2513 instru-

2032 2534 2294 2586 mentum
2345 2532 2459 2587 dici
2495 2536 2726 2605 potuit;
2761 2555 2886 2608 quae
2938 2542 3111 2594 verba
3169 2542 3452 2611 Hesychia
3486 2546 3685 2604 funem

2030 2624 2243 2674 sonant
2264 2622 2779 2691 agrimensorium.
2819 2629 2989 2682 Porro
3023 2646 3155 2685 cum
3188 2634 3541 2703 Hesychius,
3577 2639 3682 2707 qui

2033 2712 2147 2761 tam
2184 2708 2369 2764 multa
2394 2712 2561 2766 nobis
2595 2714 2795 2785 ignota
2819 2725 3203 2774 monumenta
3228 2728 3421 2778 vetera
3438 2724 3683 2791 viderat,

2028 2797 2243 2853 alicubi
2269 2800 2414 2855 forte
2447 2805 2757 2873 reperisset
2796 2805 2904 2861 hoc
2935 2806 3422 2879 instrumentum,
3454 2812 3683 2887 γρώμοιν

2028 2886 2147 2942 sive
2181 2889 2442 2961 γράμμαν
2461 2891 2704 2961 dictum;
2739 2893 2967 2964 ποιότην
3001 2904 3105 2953 aut
3148 2898 3417 2967 ποιότητα
3465 2886 3682 2976 vocari,

2026 2984 2085 3034 et
2107 2980 2214 3034 hoc
2252 2981 2403 3037 inter
2421 2985 2688 3040 notiones
2725 2987 3030 3045 abstrusas
3055 2993 3497 3064 vocabulorum,
3527 3013 3679 3068 qua-

2026 3067 2110 3122 les
2141 3069 2485 3126 innumcras
2517 3090 2689 3144 opere
2720 3075 2820 3130 illo
2852 3094 2958 3132 suo
3017 3080 3449 3151 complectitur.
3486 3067 3684 3158 expri-

2027 3160 2303 3213 mendum
2340 3165 2629 3231 putasset,
2663 3164 2788 3219 fieri
2821 3166 2987 3221 facile
3016 3170 3201 3238 potuit
3242 3175 3307 3225 ut
3359 3190 3426 3227 ex
3456 3191 3522 3230 eo
3578 3176 3685 3231 Pa-

2028 3246 2350 3318 chymeres,
2395 3256 2657 3322 captator
2710 3254 2962 3325 cupidus
3020 3259 3330 3315 verborum
3415 3263 3681 3320 inusitati

1947 3315 1988 3379 (ἶ
2029 3335 2423 3407 signiﬁcatus,
2475 3339 2772 3409 ποιότητος
2823 3345 3171 3403 vocabulum
3232 3348 3339 3404 hoc
3392 3350 3517 3405 loco
3577 3370 3680 3424 pro

2025 3427 2225 3495 regula
2260 3428 2539 3497 posuerit.
2568 3434 2858 3486 Hactenus
2890 3435 3109 3505 scripta
3139 3453 3270 3492 cum
3305 3442 3675 3498 ostenderem

2025 3514 2427 3570 illustrissimi)
2460 3518 2526 3573 D.
2562 3520 2758 3573 abbati
2786 3521 3019 3577 Octavio
3066 3524 3421 3597 Falconerio,
3485 3530 3676 3600 ipsius

2021 3620 2088 3658 ea
2118 3603 2494 3661 limatissimo
2520 3608 2742 3677 judicio
2782 3611 3430 3687 subjiciens,suggessit
3460 3619 3556 3674 ille
3587 3622 3671 3675 vi-

2022 3693 2145 3748 deri
2180 3700 2371 3763 posset
2406 3698 2715 3769 antiquum
2750 3701 3057 3756 Etruscum
3090 3706 3438 3762 vocabulum
3467 3710 3622 3779 piata
3645 3728 3676 3767 e

2021 3782 2216 3837 Graeco
2248 3783 2483 3852 ποιότης
2508 3788 2782 3857 expositae
2815 3789 2909 3845 hic
2969 3792 3224 3849 notionis
3274 3800 3493 3863 ortum,
3543 3816 3673 3870 pro-

2019 3870 2247 3924 miscuo
2307 3876 2446 3925 tunc
2505 3890 2616 3928 usu
2676 3877 2934 3943 gentium
2970 3881 3305 3949 ambarum,
3350 3889 3407 3939 et
3460 3886 3675 3942 Latinis

2018 3958 2139 4013 sive
2173 3958 2332 4014 Italis
2367 3962 2676 4031 permultis
2708 3964 3220 4040 Constantinopoli
3264 3978 3319 4027 et
3367 3974 3424 4028 in
3468 3976 3674 4033 multis

2016 4047 2149 4103 aliis
2180 4048 2491 4105 Orientalis
2523 4052 2753 4123 imperii
2775 4054 2987 4111 insulis
3018 4064 3074 4112 et
3106 4060 3247 4115 locis
3299 4066 3676 4136 peregrinan-

2016 4138 2177 4194 tibus
2200 4144 2301 4194 aut
2332 4140 2703 4211 degentibus,
2740 4148 2795 4198 et
2825 4146 3080 4202 vicissim
3115 4167 3231 4204 non
3265 4154 3470 4221 paucis
3519 4158 3672 4210 Grae-

2015 4228 2101 4282 cis
2133 4228 2296 4283 Pisas
2355 4236 2527 4301 atque
2585 4233 2878 4288 Etruriam
2941 4235 3294 4304 visentibus,
3326 4242 3483 4298 varie
3516 4260 3673 4300 com-

2016 4318 2367 4373 merciorum
2392 4320 2534 4374 vice.
2568 4321 2810 4377 Constat
2867 4340 3007 4379 sane
3065 4329 3221 4397 apud
3272 4329 3519 4387 Dantem
3554 4333 3673 4388 Ali-

2014 4407 2311 4478 ghcrium,
2371 4410 2679 4481 antiquum
2740 4417 2795 4466 et
2850 4414 3090 4469 maximi
3149 4417 3405 4473 nominis
3439 4426 3670 4491 poetam

2014 4494 2339 4565 Thuscum,
2363 4514 2561 4553 vocem
2591 4501 2744 4570 piata
2776 4518 2877 4572 pro
2902 4504 3047 4574 pede
3075 4506 3522 4577 usurpari.Vide
3540 4512 3669 4580 ejus

2011 4587 2296 4657 In/ernum
2318 4588 2427 4641 sub
2454 4589 2627 4643 linem
2663 4596 2869 4647 cantus
2900 4610 3014 4649 xix.
3050 4595 3323 4651 Vocabuli
3357 4604 3552 4653 autem
3574 4616 3669 4670 pes

239 4705 418 4777 vu'go
468 4704 783 4777 explicant,
842 4723 1101 4761 mensura
1160 4708 1423 4778 quaedam
1474 4711 1551 4762 est
1584 4676 1691 4779 ἔμω
1738 4676 1904 4779 ﬂéxw
1934 4695 1978 4758 D
2010 4680 2065 4730 et
2092 4676 2611 4779 tequivalentinum
2646 4680 2704 4779 in
2738 4682 2980 4779 cuhnctis-
3009 4683 3229 4756 linguis
3281 4704 3387 4742 usu
3423 4693 3511 4743 est
3545 4690 3667 4744 fre-

241 4796 348 4851 viae
379 4796 448 4850 ad
509 4796 715 4851 lineam
761 4796 1110 4864 diriguntur,
1146 4801 1265 4864 aut,
1302 4801 1367 4852 ut
1420 4797 1645 4851 Nonius
1704 4799 1901 4869 habet,

241 4887 362 4941 loca
411 4886 598 4941 media
646 4885 706 4940 in
766 4903 882 4958 quaa
922 4886 1147 4942 directae
1206 4891 1443 4957 quatuor
1488 4895 1903 4959 congregantur

235 4975 368 5043 vice,
403 4976 557 5047 quod
595 4975 874 5030 nimirum
900 4975 1073 5030 inillo
1105 4982 1303 5030 centro
1337 4976 1528 5047 campi
1560 4977 1899 5033 dimittendi

236 5063 675 5136 agrimensores
699 5082 942 5137 grumas
975 5081 1113 5119 suas
1136 5065 1593 5135 intenderent,et
1620 5066 1690 5121 iis
1713 5069 1901 5137 adiuti

228 5155 323 5209 vel
355 5153 542 5210 lineas
566 5154 678 5225 ipsi
706 5155 911 5226 primis
942 5160 1128 5210 rectas
1152 5156 1532 5227 designarent
1554 5156 1902 5213 velcurvita-

228 5248 419 5300 tatem
468 5244 629 5316 prius
667 5246 1098 5315 dcscriptarum
1160 5245 1589 5318 deprehensam
1647 5248 1896 5319 corrige-

231 5338 387 5389 rent.
416 5335 669 5389 Istorum
696 5334 844 5389 hanc
876 5335 1163 5388 actionem
1213 5335 1467 5405 expresit
1498 5335 1727 5391 Ennius
1769 5354 1899 5393 cum

230 5440 495 5493 grumam
550 5421 814 5493 dirigere,
849 5422 1108 5494 scripsit.
1144 5426 1207 5479 In
1240 5423 1557 5479 Glossariis
1599 5427 1898 5484 veteribus

229 5513 309 5567 ab
344 5512 590 5567 Henrico
612 5512 908 5584 Stephano
935 5520 990 5567 et
1013 5513 1711 5570 BonaventuraVulcanio
1725 5517 1900 5573 editis

228 5602 451 5673 legitur
478 5619 675 5672 gruma
704 5600 960 5675 γνώμων.
994 5604 1159 5659 Unde
1189 5605 1429 5659 verbum
1462 5609 1707 5675 grumat,
1744 5608 1900 5677 quod

227 5693 315 5750 ibi
350 5692 672 5765 explicatur
704 5710 805 5764 per
834 5693 935 5748 illa
964 5694 1162 5749 Graeca
1215 5699 1418 5769 μετρεῖ,
1482 5693 1673 5764 ἐξισοῖ.
1722 5698 1899 5753 Paulo

232 5787 374 5857 post
402 5783 483 5839 ibi
515 5783 757 5856 ponitur
783 5783 1040 5855 grumari
1066 5782 1430 5860 καταστρέψαι
1476 5788 1745 5860 Δορῶται,
1791 5804 1897 5859 pro

2013 4765 2444 4834 quentissimus
2498 4769 2565 4822 ad
2630 4769 3085 4841 signiﬁcandam
3146 4792 3486 4832 mensuram
3545 4779 3668 4835 sive

2014 4854 2478 4913 instrumentum
2535 4859 2836 4917 metiendi.
2894 4861 3057 4917 Unde
3088 4864 3185 4920 ille
3230 4867 3407 4922 tritus
3440 4867 3661 4923 Horatii

2011 4960 2248 5000 versus:

2050 5035 2236 5090 Metiri
2275 5052 2332 5091 se
2378 5054 2645 5111 quemque
2701 5056 2797 5096 suo
2828 5043 3045 5099 modute
3074 5062 3139 5100 ac
3164 5047 3299 5117 pelle
3340 5064 3529 5105 verum
3560 5060 3659 5108 est.

2011 5124 2290 5193 Ejusdem
2325 5127 2557 5198 generis
2600 5134 2657 5183 et
2712 5130 2969 5187 nominis
3028 5140 3195 5190 erant
3264 5135 3666 5198 instrumenta

2010 5213 2209 5284 plures
2242 5215 2420 5270 simul
2466 5218 2640 5287 pedes
2670 5221 3068 5291 demetientia,
3113 5225 3176 5296 [Ρ
3206 5226 3331 5299 412]
3367 5246 3494 5301 quae
3562 5249 3666 5304 pro

2012 5302 2235 5358 ratione
2266 5306 2519 5373 numeri,
2555 5312 2782 5364 retento
2814 5312 2979 5381 pedis
3026 5315 3283 5386 nomine,
3336 5302 3666 5394 distingue-

2012 5394 2243 5447 bantur.
2270 5398 2347 5448 Ex
2379 5394 2471 5449 bis
2524 5402 2649 5451 erat
2689 5399 3048 5472 decempeda
3105 5405 3484 5465 dimetiendis
3544 5412 3664 5467 usi~

2010 5486 2131 5538 tata
2162 5484 2486 5554 porticibus
2518 5501 2585 5539 ex
2618 5487 2852 5545 Horatio
2885 5493 3119 5549 eodem:

2568 5646 2735 5704 Nulla
2769 5651 3115 5722 decempedis

2474 5724 2681 5796 Metam
2708 5723 2943 5793 privatis
2973 5742 3195 5796 opacam

2413 5794 2671 5850 Porticus
2708 5794 3021 5868 excipiebat
3040 5800 3265 5857 Areten.
