2036 3206
198 204 267 232 1059

728 203 758 229 Ρ.
779 200 919 229 POBSINI
935 198 1246 226 OBSERVATIONUM
1264 199 1333 226 LIB.
1353 200 1377 226 Ι.

1838 201 1913 230 1060

195 267 272 297 596
284 266 369 300 Nam,
386 267 420 294 ut
443 273 534 302 supra
547 264 686 299 vidimus,
700 262 868 292 architectis
888 263 916 290 et
942 260 1021 297 agri-
1035 259 1064 294 Α
1077 261 1122 288 vir
1148 260 1330 289 Theodosius
1353 263 1483 296 vocatur,
1509 262 1554 290 uti
1568 264 1596 290 et
1611 271 1636 291 c.
1648 262 1694 297 22,
1711 262 1732 292 l.
1748 271 1779 291 ιι.
1797 264 1839 292 Ex
1863 264 1913 293 bis

196 311 382 341 mensoribus
393 310 593 338 commmunia
608 311 692 337 erant
716 307 886 343 hujusmodi
911 306 1021 334 instru-

198 359 297 385 menta
313 363 530 384 mensurarum.
547 354 620 386 Quia
636 362 721 389 porro
747 352 922 389 plerumque
943 351 976 379 ﬁt
992 352 1023 378 ut

200 409 346 429 mensuris
361 408 467 428 nomen
482 399 523 427 rei
539 400 714 426 mensuratze
726 397 885 430 tribuatur,
902 398 930 424 et
943 396 1021 423 dica-

200 449 249 475 tur
276 445 400 481 exempli
425 444 519 481 gratia
547 451 593 479 pes
623 443 828 478 lerrwmalmus
859 442 919 469 sive
955 441 1023 468 ulna

196 491 293 527 panni,
309 492 374 525 etc.,
391 488 432 517 ita
447 489 580 516 videmus
597 488 734 516 Italicum
745 486 920 515 vocabulum
949 486 1024 522 plota

197 538 280 564 terrae
294 534 442 562 interdum
465 533 566 566 tribui,
581 533 655 560 forte
681 541 716 560 ex
731 531 915 559 dimensione
946 530 1022 566 agri-

199 580 346 608 mensoria
380 579 463 614 cujus
493 578 724 606 instrumentum
753 578 829 613 piata
859 578 1021 603 vocaretur.

197 626 286 659 Ρίοιιι,
303 624 387 652 aiunt
402 626 537 651 auctores
553 621 768 650 accuratissimi
785 620 879 649 Lexici
896 619 1022 654 Etrusci,

196 670 316 698 diciamo
338 668 366 696 le
382 668 453 696 colla
477 667 506 695 di
534 669 609 695 terra
635 667 682 695 chc
697 666 761 694 abia
787 675 848 694 scca
868 664 960 693 l’crba.
979 664 1022 691 Ad

197 715 276 751 quod
292 714 384 742 citant
394 713 486 741 Pietro
505 713 593 740 Veteri
609 712 733 740 Τναείαιη
745 720 782 745 Vl,
798 711 826 738 in
840 711 900 738 haec
916 710 1021 737 verba:

197 762 260 789 Non
281 766 401 794 vengono
417 767 436 786 α
463 759 521 786 stur
535 758 615 785 molto
634 758 701 792 [τιον
720 757 794 785 delia
810 761 883 784 terra
904 763 954 790 per
975 762 1021 782 ca-

198 805 274 833 varsi
286 804 332 832 del
345 804 521 831 semenzario
537 810 586 830 con
601 811 673 837 esse,
689 801 746 830 ciré
762 802 790 829 in
799 810 856 828 una
870 800 950 836 piota
966 801 1019 827 etc.

197 850 279 877 Piola
295 847 465 884 ergoltalice
479 848 557 875 idem
566 848 642 883 quod
652 847 795 883 pes,unde
805 846 1021 874 ctinstrumen-

198 897 261 922 tum
269 894 348 930 agris
355 893 511 921 metiendis
523 892 634 920 dictum
646 892 687 920 sic
700 892 829 926 iuerit,et
838 899 892 918 vox
904 889 1020 925 ποιότης

1078 305 1223 333 habemus
1235 306 1275 333 ita
1291 306 1383 334 fuisse
1399 305 1545 342 peculiare
1569 307 1709 344 Principis
1726 317 1834 337 nomen
1859 309 1914 346 dy-

1078 350 1171 379 nastis
1188 350 1392 386 Peloponnesi,
1409 353 1441 379 ut
1455 360 1506 387 pro
1526 352 1669 380 vocabulo
1681 353 1799 381 familiis
1810 354 1913 382 adhe-

1078 399 1150 423 rerel
1169 395 1295 431 singulis
1311 404 1344 423 ex
1359 404 1393 423 ea
1410 396 1496 423 domo
1514 397 1675 433 prognatis,
1693 407 1748 426 usu
1770 398 1911 427 videlicet

1078 440 1257 472 Graecorum,
1265 448 1365 468 verum
1374 442 1402 468 et
1413 440 1520 476 gentile
1533 449 1639 469 nomen
1647 442 1729 470 illius
1739 443 1842 479 stirpis
1849 444 1909 471 ori-

1078 484 1146 520 gine
1161 484 1306 512 Francicae
1321 485 1408 521 vulgo
1420 494 1508 513 nosse
1523 486 1911 525 minuscurantium,quan-

1079 537 1167 565 quam
1179 528 1250 556 illud
1269 529 1412 557 doctiores
1428 538 1485 557 non
1502 531 1658 560 nescirent.
1675 532 1748 560 Nam
1765 533 1913 569 Georgius

1078 574 1254 610 Acropolita,
1270 575 1401 603 Historia?
1430 584 1489 603 suae
1506 584 1531 603 c.
1560 577 1604 610 48,
1636 578 1764 606 Archaite
1785 581 1812 606 et
1826 579 1914 607 Pelo-

1078 620 1201 656 ponnesi
1218 620 1381 656 principem
1399 619 1565 658 Βιλαρδουΐν
1584 622 1785 651 Villarduinem
1812 625 1912 653 nomi-

1079 667 1180 693 natum
1194 665 1285 693 docet.
1300 665 1443 702 Gregoras
1457 674 1525 694 vero
1540 666 1559 693 l.
1579 676 1630 701 vn,
1647 676 1674 704 p.
1703 669 1764 703 109,
1785 669 1912 698 titulum

1078 709 1223 746 Principis
1234 710 1433 746 Peloponneso
1443 711 1684 748 imperitantibus
1698 714 1848 742 tributum
1866 715 1911 742 ait

1073 755 1136 791 jam
1150 763 1166 782 a
1182 759 1311 791 tempore
1327 756 1620 793 ConstantiniMagni,
1635 758 1677 786 uti
1687 760 1715 785 et
1725 758 1911 788 Athenarum

1078 800 1207 836 dynastis
1225 808 1332 828 nomen
1349 801 1448 837 magni
1465 801 1549 830 ducis
1561 804 1589 829 et
1604 802 1769 831 Thebarum
1785 805 1912 832 Boeotia-

1078 853 1142 872 rum
1160 845 1280 873 domino
1296 845 1523 881 appellationem
1538 847 1637 883 magni
1653 848 1811 884 primicerii
1822 849 1913 886 μεγά-

1077 887 1127 915 λου
1142 898 1324 927 πριμικηρου,
1342 898 1406 926 quae
1422 893 1524 926 postea
1540 900 1596 919 usu
1611 892 1689 929 vulgi
1720 893 1749 920 in
1782 894 1911 931 μεγάλω

197 939 285 967 Grmci
311 938 361 966 cavi
387 938 533 974 sequioris
581 938 679 965 eadem
708 937 827 964 notione
866 937 1020 971 usurpata,
1039 933 1172 985 Bxupioo
1202 935 1453 970 nuncupationem
1476 936 1715 972 dcgeneraverit;
1760 939 1912 967 obtinenti

196 984 287 1012 istum
304 991 390 1010 usum
404 982 546 1019 Hesychio
555 984 674 1010 notante
690 984 719 1009 et
727 981 902 1016 Pachymere
914 980 1024 1008 exscri-

196 1028 297 1061 bente,
315 1029 401 1063 prout
416 1027 559 1054 hactenus
577 1026 717 1061 diximus,
743 1034 800 1053 non
831 1026 1023 1057 affirmantes,

197 1074 249 1101 sed
266 1076 429 1108 quaerentes
442 1074 471 1099 ct
482 1072 567 1107 quasi
586 1072 730 1099 micantes
752 1070 933 1098 intenebris.

234 1125 384 1162 Πράγματα
426 1134 455 1160 p.
491 1125 552 1152 448.
582 1124 641 1152 Hoc
684 1124 746 1152 loco
789 1133 843 1152 vox
880 1123 1025 1160 πράγματα

198 1170 328 1199 similem
352 1169 500 1197 notionem
532 1169 621 1197 habet
652 1170 717 1205 ejus
733 1169 768 1197 de
795 1177 854 1205 qua
869 1169 1024 1196 adnotasse

197 1214 309 1251 aliquid
339 1213 459 1241 memini
489 1213 609 1241 scholiis
639 1214 675 1241 ad
702 1213 840 1241 Catenam
858 1213 1023 1241 Graecorum

197 1263 318 1288 Patrum
334 1259 363 1286 in
375 1258 569 1294 Evangelium
583 1258 611 1286 S.
625 1258 726 1286 Marci.
743 1258 835 1292 brevi,
847 1258 904 1285 nisi
920 1257 1024 1285 litteris

194 1306 359 1333 amicorum
370 1303 487 1338 fallunt,
505 1303 631 1331 Parasiis
645 1303 801 1330 edendam.
818 1303 964 1335 Similem,
979 1302 1022 1329 in-

198 1358 298 1386 quam,
315 1358 372 1376 non
390 1349 467 1376 enim
483 1348 636 1383 pecuniam
662 1351 820 1383 sxgnatam,
850 1348 900 1375 sed
927 1348 1021 1382 signa,

196 1404 276 1429 vasa,
293 1402 426 1430 gemmas
442 1396 470 1420 et
485 1394 549 1428 ejus
565 1393 680 1429 generis
696 1393 853 1428 pretiosam
871 1396 898 1419 ct
911 1392 1022 1427 specio-

197 1449 260 1468 sam
290 1438 501 1474 supellectilem
531 1438 576 1465 hic
606 1447 638 1465 co
663 1438 750 1465 verbo
780 1438 927 1472 designari
967 1437 1022 1464 loci

198 1484 372 1512 sententiam
385 1483 482 1518 exigit.
496 1483 535 1510 De
551 1492 580 1510 re
596 1483 660 1518 ipsa
672 1483 717 1509 hic
729 1482 925 1516 indicata,boc
933 1485 977 1508 est
988 1483 1022 1509 de

197 1530 279 1557 clade
296 1529 397 1556 Isaacii
413 1528 637 1563 Augusti,cujus
649 1527 802 1555 occasione
818 1528 875 1554 ista
891 1527 1023 1554 venerint

196 1576 225 1603 in
240 1574 759 1611 potestatemBulgarorum,dicimus
777 1574 805 1600 in
824 1572 902 1600 notis
912 1573 946 1599 ad
956 1582 1021 1600 eum

195 1620 302 1648 locum.
326 1622 379 1646 Pro
397 1627 463 1646 voce
479 1617 656 1646 κάλλισταὶιι
670 1619 732 1646 cod.
759 1618 919 1645 Barbarino
944 1617 1020 1652 loge-

195 1666 282 1692 batur
300 1663 429 1699 μάλιστα,
447 1663 495 1690 sed
513 1666 541 1690 et
557 1663 584 1689 in
598 1663 731 1697 ejusdem
762 1671 813 1689 ora
828 1662 937 1689 codicis
953 1660 1021 1687 κάλ-
1038 1660 1057 1672 “⁴

195 1709 274 1736 λιστα
288 1711 426 1743 tanquam
440 1707 535 1734 verior
551 1707 634 1734 lectio
650 1706 884 1742 agnoscebatur;
908 1709 936 1732 et
953 1714 1020 1732 cum

194 1761 259 1781 eam
286 1751 378 1780 solum
406 1751 536 1787 optimus
571 1754 598 1778 et
622 1751 685 1786 ipse
700 1751 789 1778 codex
809 1750 973 1777 Allatiunus
990 1750 1020 1777 in

195 1800 364 1826 contextum
381 1797 593 1831 reciperet,non
604 1795 733 1822 dubitavi
751 1795 822 1830 quin
841 1795 1022 1830 praal'erenda

195 1845 282 1871 esset.
296 1843 456 1870 Vaticanus
473 1841 560 1869 solita
576 1841 1019 1876 securitateutramqueomittit.

196 1889 336 1915 Convenit
352 1889 447 1913 autem
466 1887 637 1921 adjunctum
655 1885 789 1912 κάλλιστα
804 1887 875 1913 satis
898 1888 964 1921 apte
984 1886 1019 1912 ad

197 1932 422 1968 signiﬁcandam
440 1931 566 1966 speciem
580 1931 725 1966 insignem
757 1939 881 1964 coronae,
902 1931 1019 1965 sceptri,

197 1984 333 2003 vasorum
351 1984 517 2009 aureorum,
535 1976 696 2011 torquium,
709 1975 874 2010 monilium,
889 1983 1020 2010 gemma-

200 2030 263 2048 rum
282 2020 373 2048 vestiti
381 2029 467 2055 mque
482 2020 705 2055 imperatoriam
713 2029 749 2053 m,
762 2030 825 2055 quae
833 2020 887 2047 hoc
900 2021 960 2048 loco
973 2021 1021 2047 dn-

199 2066 353 2101 signantur
369 2066 456 2103 verbo
480 2064 660 2101 πραγμάτων.
692 2065 764 2092 Galli
789 2065 874 2092 hodie
903 2074 957 2093 usu
980 2067 1021 2093 si-

201 2110 264 2137 mili
290 2113 393 2137 \'ocant
408 2110 483 2145 effers
498 2118 543 2136 res
562 2110 651 2145 pretio
664 2110 833 2145 aestimatas,
851 2113 937 2145 prout
959 2111 1021 2138 dis-

196 2156 374 2190 tinguuntur
390 2164 406 2181 a
422 2154 514 2190 pretio
531 2154 594 2189 ipso
610 2157 637 2182 et
649 2154 788 2181 nummis.

231 2208 274 2244 [P.
303 2208 365 2243 413]
396 2207 515 2243 ΙΙρίγκιῴ
552 2206 597 2233 καὶ
623 2207 771 2244 ΙΙρίντζης,
817 2217 843 2243 ρ.
888 2209 949 2235 402.
976 2209 1022 2236 Ait

198 2253 328 2289 plurium
344 2253 492 2288 suffragiis
508 2253 687 2280 destinatum
708 2253 917 2289 patriarchatui
947 2254 1021 2282 Con-

193 2296 454 2332 stantinopolitano
471 2297 561 2325 fuisse
576 2298 753 2325 monachum
771 2298 889 2325 nomine
911 2298 1021 2326 Princi-

196 2350 261 2378 pem
287 2351 321 2369 ex
343 2341 454 2369 familia
481 2342 650 2378 Principum
684 2342 886 2377 Peloponnesi.
906 2344 969 2378 Agit
987 2345 1021 2372 de

193 2387 295 2415 eodem
313 2386 332 2413 l.
349 2395 391 2421 in,
409 2395 433 2413 c.
451 2388 478 2419 3,
495 2387 609 2419 Noster,
623 2388 693 2414 dum
705 2387 782 2414 hunc
797 2388 832 2414 ab
845 2388 1019 2423 imperatore

197 2432 321 2459 missum
338 2431 377 2458 ait
389 2432 424 2459 ad
438 2431 550 2459 Cbullia
575 2432 741 2459 Tachorum
759 2432 951 2461 Orientalium
969 2434 1020 2470 dy-

197 2479 310 2504 nastam
327 2476 484 2504 deduxisse
500 2476 590 2503 ﬁliam
611 2476 730 2504 Lotham
752 2476 935 2512 imperatoris
964 2479 1019 2515 ipsi

192 2521 303 2549 Cbalau
320 2523 497 2557 desponsam
511 2530 517 2555 ;
535 2530 599 2556 quas
607 2524 705 2549 tamen
716 2524 1019 2558 cumeopervenisset,

194 2568 308 2601 reperto
327 2569 442 2594 mortuo
464 2566 585 2599 Chalau,
606 2567 670 2601 ejus
698 2565 759 2593 filio
784 2570 811 2593 et
840 2569 1019 2596 succcessori

194 2612 299 2645 Apage:
311 2611 355 2638 vel
381 2611 510 2646 Apagani
537 2611 681 2647 nupserit.
710 2611 804 2638 Verba
833 2612 1021 2649 Pachymeris

195 2655 347 2689 suntqu)
380 2655 427 2690 μὲν
472 2653 584 2681 Χαλαοῦ
614 2655 742 2691 μετάτοῦ
766 2655 891 2693 μηνίειχοῦ
906 2657 949 2684 καὶ
980 2658 1020 2684 ls-

193 2698 261 2735 ρέως
286 2698 438 2735 Πρίγχιπος
455 2698 576 2735 ἐξεδίδου
588 2699 638 2734 τὴν
655 2699 683 2727 ἐκ
698 2703 748 2734 τῆς
770 2698 1020 2736 Διπλῡῧκτατζίνης

191 2753 223 2780 sit
246 2742 350 2774 νοθείας
376 2742 460 2770 παῖδα
485 2744 602 2781 Μαρίων
628 2745 673 2771 καὶ
700 2745 713 2772 ὁ
737 2745 857 2783 “gi-(7.144
881 2747 1021 2783 ἀρχιμαν-

192 2787 286 2825 ὃρίτης
317 2784 354 2814 ὤν
383 2788 445 2815 τότε
469 2791 519 2822 τῆς
547 2791 596 2815 τοῦ
621 2790 842 2827 παντοκράτορος
861 2793 1020 2827 μονῆς,ειο,

191 2833 220 2860 Is
235 2834 338 2867 postea
364 2837 481 2860 creatus
500 2833 701 2861 Antiochenus
723 2835 892 2871 patriarcha
911 2836 1020 2864 ibidem

193 2875 314 2911 dicitur,
344 2879 374 2904 et
403 2884 451 2905 res
481 2879 620 2906 narratus
634 2879 710 2907 591
737 2879 756 2907 l.
773 2888 811 2915 νι,
828 2888 853 2915 ο,
865 2880 892 2916 5,
917 2881 967 2909 ubi
977 2880 1023 2910 hic

1079 979 1206 1015 denique
1222 978 1350 1007 Hicilium
1367 980 1445 1016 regis
1460 989 1579 1008 nomen.
1598 981 1910 1020 Ridicule,quasijam

1079 1027 1143 1052 tum
1160 1026 1244 1052 aetate
1260 1024 1444 1052 Constantini
1457 1025 1556 1062 Magni
1568 1026 1680 1063 Sicilia,
1691 1027 1805 1061 Thebaa,
1822 1029 1914 1057 Athe-

1080 1078 1133 1104 na,
1145 1069 1363 1105 Peloponnesus
1380 1070 1481 1097 avulsa
1492 1079 1509 1098 a
1522 1079 1642 1107 corpore
1658 1072 1912 1110 Romaniimperii

1079 1114 1213 1150 dynastis
1223 1114 1349 1150 propriis
1365 1114 1597 1151 subessent,non
1615 1117 1700 1144 modo
1717 1116 1745 1144 id
1764 1117 1913 1146 tolerante

1080 1167 1158 1186 novae
1175 1159 1272 1186 Romae
1286 1158 1446 1193 conditore,
1460 1160 1509 1187 sed
1527 1160 1628 1196 etiam,
1650 1161 1673 1188 si
1701 1162 1818 1198 superis
1844 1164 1912 1200 pla-

1079 1205 1135 1238 cet,
1151 1203 1224 1231 istos
1237 1203 1353 1239 regulos
1369 1203 1475 1240 amplis
1492 1205 1634 1233 honorare
1657 1206 1912 1243 appellationibus

1079 1251 1211 1276 curante.
1241 1248 1329 1276 Porro
1356 1248 1375 1276 Ι.
1404 1257 1447 1282 ιιι,
1476 1257 1500 1277 c.
1532 1250 1575 1285 16,
1593 1250 1668 1278 hanc
1696 1259 1795 1279 vocem
1821 1252 1913 1281 aliter

1078 1293 1269 1329 Pachymeres
1298 1292 1401 1321 scribit
1424 1293 1453 1320 in
1470 1293 1517 1321 his
1547 1294 1663 1323 verbis:
1696 1296 1914 1334 Καθημερινοὺς

1078 1336 1290 1374 πολέμουςπρός
1332 1337 1377 1364 τὸν
1407 1337 1540 1375 Πρῖντζην
1578 1338 1667 1377 ἐξῆγε.
1698 1341 1844 1377 Loquitur
1872 1342 1914 1371 de

1079 1384 1309 1411 Sf'l)aSt(‘lCI‘ﬂtOl‘e
1326 1383 1416 1411 frater
1429 1383 1616 1419 imperatoris
1642 1386 1719 1413 circa
1734 1385 1910 1415 Monemba-

1078 1430 1151 1456 siam
1170 1428 1349 1463 quotidianis
1366 1428 1586 1457 velitationibus
1605 1430 1745 1458 adversus
1763 1430 1908 1467 Pelopon-

1078 1474 1139 1501 nesi
1157 1473 1320 1508 l‘rincipem
1337 1474 1521 1508 decernente,
1533 1483 1620 1509 quem
1640 1474 1773 1512 ΙΙρίντζην
1797 1477 1913 1504 Printi—

1077 1527 1138 1545 zem
1156 1521 1246 1551 vocat,
1265 1518 1404 1545 vocabulo
1422 1519 1557 1554 proprius
1574 1520 1729 1547 accedente
1747 1521 1781 1548 ad
1804 1529 1911 1550 vocem

1078 1564 1262 1590 Franciscam
1280 1562 1388 1595 Prince,
1401 1572 1489 1598 quam
1507 1564 1636 1591 Francici
1656 1569 1723 1593 tunc
1741 1565 1843 1594 incolas
1858 1566 1911 1595 Pe—

1078 1608 1227 1643 loponnesi
1244 1608 1394 1643 proprium
1413 1608 1565 1635 dominum
1578 1609 1785 1644 indigitabant.

1114 1668 1271 1707 Προϐολεύς
1302 1679 1330 1705 p.
1348 1671 1409 1697 482.
1432 1671 1535 1698 Merito
1552 1672 1598 1699 hic
1623 1672 1735 1701 Veccus
1750 1672 1782 1700 τὸ
1799 1672 1913 1711 προϐο-

1077 1714 1139 1745 λεὺς
1170 1714 1206 1744 εἷς
1234 1715 1264 1741 τὸ
1294 1713 1380 1745 αἶίῖιος
1408 1713 1622 1751 μεταλαμϐάνει,
1647 1717 1702 1745 hoc
1723 1720 1779 1753 est,
1809 1719 1915 1748 inesse

1076 1760 1217 1787 vocabulo
1247 1757 1401 1796 προϐολεύς
1433 1761 1490 1787 vim
1528 1762 1738 1798 notionemque
1767 1763 1913 1800 principii

1076 1806 1159 1832 activi
1177 1814 1208 1832 ac
1220 1814 1314 1832 causa:
1330 1806 1592 1833 contendebat.Sic
1607 1807 1685 1834 enim
1712 1807 1797 1841 plane
1821 1817 1911 1837 eam-

1076 1852 1141 1877 dcm
1168 1859 1265 1878 vocem
1292 1850 1435 1877 intellexit
1459 1854 1486 1877 et
1499 1852 1652 1885 usurpavit
1675 1854 1835 1888 Gregorius
1846 1856 1907 1882 Na.-

1074 1896 1241 1927 zianzenus,
1269 1895 1404 1922 Oratione
1433 1895 1468 1922 de
1494 1895 1577 1928 Filio,
1602 1896 1630 1923 in
1655 1896 1701 1924 his
1717 1897 1832 1926 verbis:
1850 1899 1907 1927 Καὶ

1074 1939 1154 1966 τοῦτό
1180 1939 1249 1966 ἐστιν
1273 1940 1341 1974 ἡμῖν
1366 1939 1379 1965 ὁ
1407 1939 1498 1975 Πατὴρ
1522 1939 1567 1966 xxi
1593 1940 1606 1966 ὁ
1624 1941 1687 1972 Υἱὸς
1707 1941 1753 1968 καὶ
1768 1941 1801 1969 τὸ
1827 1942 1909 1980 ἅγιον

1076 1986 1195 2019 Πνεῦμα,
1212 1984 1225 2010 ὁ
1244 1984 1290 2019 μὶν
1304 1984 1457 2019 (nimirum
1479 1986 1571 2021 Pater)
1603 1986 1742 2022 γεννήτωρ
1766 1986 1814 2014 καὶ
1839 1997 1911 2024 προ-

1076 2026 1174 2059 ϐολεὺς
1202 2028 1287 2064 (λέγω
1310 2026 1337 2054 δὲ
1353 2028 1463 2059 ἀπαθῶς
1495 2028 1540 2055 καὶ
1570 2028 1696 2066 ἀχρόνως
1724 2031 1770 2058 καὶ
1795 2031 1912 2069 ἀσωμά-

1075 2075 1151 2108 τως)ι
1178 2075 1232 2099 τῶν
1261 2071 1289 2099 δὲ
1319 2075 1357 2107 (et
1374 2073 1438 2100 Filii
1466 2078 1492 2100 et
1520 2074 1645 2109 Spiritus
1675 2076 1780 2110 sancti)
1809 2076 1841 2104 τὸ
1860 2076 1912 2113 μὲν

1076 2118 1209 2154 γέννημα,
1239 2118 1269 2144 τὸ
1300 2115 1328 2143 δὲ
1356 2115 1519 2153 πρόϐλημα.
1539 2119 1597 2146 Ubi
1614 2120 1690 2147 clare
1702 2120 1787 2148 Pater
1811 2131 1914 2158 γεννη-

1075 2172 1131 2199 τωρ
1148 2162 1211 2189 Filii
1234 2163 1344 2195 azterni,
1361 2159 1517 2198 προϐολεύς
1533 2166 1631 2191 autem
1649 2164 1742 2192 sancti
1774 2165 1912 2202 Spiritus

1077 2208 1194 2241 dicitur,
1211 2207 1340 2234 vicissim
1357 2210 1456 2234 autem
1474 2207 1562 2235 Filius
1579 2208 1671 2236 Patris
1686 2209 1822 2246 γέννημα,
1839 2212 1911 2248 Spi-

1078 2253 1151 2280 ritus
1165 2255 1262 2280 autem
1279 2255 1398 2280 sanctus
1414 2253 1545 2287 ejusdem
1562 2249 1724 2290 πρόϐλημα.
1742 2255 1784 2282 Ex
1795 2256 1911 2291 quibus

1079 2300 1158 2332 putet
1172 2298 1292 2324 verbum
1304 2294 1474 2334 προϐάλλειν
1482 2306 1539 2325 non
1550 2306 1760 2335 quamcunque
1772 2300 1908 2329 emissio~

1079 2351 1143 2370 nem
1162 2342 1258 2369 Latine
1274 2342 1451 2378 signiﬁcare,
1468 2343 1518 2370 sed
1535 2351 1599 2370 eam
1616 2352 1679 2379 quae
1697 2344 1736 2371 sit
1761 2353 1831 2373 cum
1859 2345 1906 2373 in~

1075 2388 1153 2414 ﬂuxu
1172 2387 1262 2414 activo
1279 2387 1453 2422 conjuncta;
1466 2387 1562 2423 qualis
1570 2388 1744 2417 estemissio
1753 2397 1911 2418 ramorum

1075 2441 1108 2459 ex
1123 2433 1237 2459 vivente
1250 2434 1364 2459 trunco.
1382 2432 1517 2464 Qualium
1534 2432 1730 2461 emissionum
1754 2437 1800 2462 est
1823 2443 1912 2463 men-

1075 2478 1115 2505 tio
1141 2479 1224 2504 Cant.
1254 2486 1293 2511 ιν,
1324 2477 1376 2504 45ῖ
1407 2477 1573 2506 Emissiones
1597 2481 1656 2506 (uae
1668 2479 1821 2514 paradisus
1850 2488 1915 2508 ma-

1076 2523 1166 2550 lorum
1194 2523 1373 2549 Punicorum.
1418 2522 1512 2554 Quare
1556 2522 1627 2550 mihi
1668 2524 1788 2552 videtur
1833 2525 1914 2554 satis

1076 2568 1148 2595 bene
1178 2567 1353 2602 respondere
1383 2567 1480 2594 Graeco
1511 2567 1580 2595 huic
1615 2568 1703 2596 verbo
1732 2565 1912 2606 προϐάλλειν

1077 2612 1212 2639 Latinum
1227 2611 1385 2647 producere,
1402 2612 1479 2647 quod
1496 2612 1630 2648 etipsum
1643 2621 1738 2641 causa
1754 2614 1914 2644 notionem

1076 2656 1174 2690 habet,
1191 2657 1262 2684 adeo
1280 2659 1310 2684 ut
1325 2653 1480 2693 προϐολεύς
1497 2659 1573 2685 recte
1588 2658 1750 2693 explicetur
1764 2659 1915 2689 vocabulo

1075 2701 1230 2737 produc/or,
1248 2701 1346 2736 sicque
1363 2701 1390 2728 in
1403 2701 1572 2730 testimonio
1598 2702 1798 2732 Damascenus
1820 2706 1917 2733 Pater

1076 2748 1202 2773 aeternus
1218 2746 1375 2781 productor
1392 2747 1486 2773 sancti
1503 2746 1631 2782 Spiritus
1645 2756 1696 2783 per
1711 2747 1816 2776 Filium
1825 2749 1916 2777 dica-

1077 2794 1134 2819 tur.
1152 2791 1244 2818 Multa
1261 2792 1294 2818 de
1312 2791 1461 2818 vocabulis
1478 2787 1633 2827 προϐολεύς
1648 2794 1677 2820 et
1691 2789 1820 2830 πρῦϐολή
1838 2802 1917 2822 eru-

1076 2835 1223 2863 ditissime
1249 2835 1381 2871 disputat
1409 2836 1543 2863 Petavius
1567 2838 1669 2865 noster
1683 2845 1709 2866 ο.
1734 2838 1762 2872 8,
1778 2837 1798 2867 ἰ.
1820 2846 1850 2872 v,
1872 2839 1918 2868 De

1079 2881 1212 2909 Trinitate
1243 2880 1318 2910 598
1346 2882 1375 2909 et
1402 2880 1472 2909 alibi
1502 2881 1531 2911 in
1548 2890 1582 2910 eo
1611 2890 1708 2919 opere,
1736 2890 1800 2920 qua
1813 2883 1916 2914 videri
