4072 6444
259 437 392 493 1061

1721 439 2208 498 GLOSSARIUM.

3536 449 3674 504 1062

259 565 415 637 apud
441 579 578 620 eum
615 567 886 636 possunt.
919 565 1037 622 Hoc
1069 566 1220 622 enim
1255 566 1409 639 quod
1439 564 1715 635 diximus,
1741 567 1911 623 nobis
1941 626 1946 635 ,

2097 563 2275 621 Πύλαι
2329 565 2418 621 καὶ
2475 565 2628 622 πύλα
2685 587 2741 642 p.
2801 571 2926 627 365.
2989 571 3093 628 Hic
3159 589 3361 630 vocem
3420 571 3680 649 ἀραρυίας

261 672 366 726 pro
397 653 694 720 instituto,
719 660 777 710 et
805 654 915 710 loci
952 672 1120 728 quem
1156 659 1479 711 tractamus
1510 655 1920 729 intelligentia,

264 744 487 801 sufficit
515 743 572 798 in
605 760 882 814 praesens.

344 852 422 920 [P.
459 851 609 924 413.]
640 847 1028 923 Προσελῶντες
1058 870 1118 924 p.
1148 853 1274 908 209.
1309 852 1581 925 Remiges
1629 852 1736 907 hos
1777 852 1923 908 fuis-

266 959 350 1010 se,
386 941 486 1014 qui
522 937 895 1013 προσελῶντες
929 942 1095 1012 quasi
1130 941 1359 1014 proprio
1394 943 1537 997 artis
1570 947 1671 997 aut
1703 942 1927 997 ordinis

263 1031 548 1089 vocabulo
583 1032 958 1101 dicebantur,
980 1037 1035 1087 et
1067 1032 1194 1104 ipsa
1225 1032 1386 1103 origo
1408 1033 1614 1086 suadet
1642 1032 1798 1086 vocis
1821 1029 1927 1084 ἀπὸ

263 1126 363 1177 τοῦ
396 1117 790 1195 προσελαύνειν
827 1119 946 1176 sive
989 1118 1261 1192 προσελᾷν
1312 1137 1564 1192 prorsum
1615 1121 1925 1192 impellere,

265 1217 325 1270 et
356 1213 574 1268 diserte
626 1210 836 1265 Noster
895 1211 1068 1280 tradi,
1103 1216 1226 1265 tum
1287 1211 1382 1265 hic
1439 1216 1568 1266 tum
1600 1228 1649 1266 c.
1683 1212 1772 1279 30,
1807 1211 1844 1265 l.
1872 1227 1927 1278 v,

269 1301 370 1358 ubi
401 1317 578 1373 quem
640 1298 820 1354 semel
881 1295 1239 1372 προσελῶντα
1298 1300 1542 1367 dixerat,
1575 1306 1777 1372 postea
1807 1319 1928 1352 συν-

269 1388 507 1462 ωνύμως
566 1394 734 1444 vocat
789 1385 1148 1463 προσερέτην.
1209 1387 1453 1444 Wolﬁus
1515 1389 1573 1443 in
1641 1391 1928 1460 excerptis

268 1478 747 1550 Pachymerianis
794 1482 1062 1549 Gregoree
1129 1478 1410 1548 subjectis
1441 1479 1713 1534 vitiosam
1748 1479 1929 1549 hujus

269 1567 538 1625 vocabuli
571 1567 922 1636 scripturam
949 1566 1245 1637 exprimit,
1271 1583 1339 1621 ex
1362 1570 1641 1622 mendoso
1665 1567 1933 1623 videlicet

269 1658 489 1723 codice,
523 1657 665 1710 dum
700 1655 850 1710 hanc
879 1657 1089 1710 recitat
1119 1672 1187 1710 ex
1218 1656 1329 1711 hoc
1383 1656 1540 1712 haud
1597 1657 1774 1712 dubie
1807 1657 1932 1712 loco

270 1746 623 1808 sententiam
661 1761 674 1798 :
708 1744 1082 1802 Gasmulicum
1123 1745 1193 1800 ad
1242 1746 1382 1801 bella
1429 1755 1550 1801 erat
1597 1748 1930 1819 animosum,

265 1836 600 1910 Pyzylontes
629 1851 757 1890 vero
785 1835 1014 1902 agendis
1043 1836 1217 1890 remis
1246 1834 1484 1902 strenui,

338 1941 638 2018 Προσπαίω
672 1960 727 2015 p.
759 1943 887 1999 276.
923 1942 1032 1996 Vix
1074 1941 1212 1996 alibi
1275 1943 1529 2014 reperies
1590 1942 1934 2017 προσπαίειν,

274 2033 385 2090 etsi
443 2030 643 2100 παίειν,
693 2032 777 2087 uti
834 2031 945 2086 alia
999 2048 1068 2087 ex
1125 2048 1190 2087 eo
1251 2034 1598 2105 composita,
1661 2035 1935 2105 frequens

276 2122 374 2180 sit.
406 2121 552 2186 Quid
586 2121 745 2177 aliud
806 2129 1085 2192 putemus
1145 2137 1321 2192 quam
1379 2122 1780 2192 metaphoram
1841 2123 1936 2178 hic

281 2228 411 2267 esse
443 2229 476 2266 a
506 2211 722 2282 sagitta
753 2210 813 2264 in
848 2226 1090 2281 secpnm
1125 2209 1356 2265 intenta
1410 2211 1472 2283 [P
1504 2212 1629 2283 413]
1661 2216 1718 2266 et
1769 2211 1936 2267 illum

279 2302 524 2357 feriente
556 2301 795 2356 ductam
819 2299 847 2354 ‘i
868 2300 951 2354 sic
983 2298 1140 2354 enim
1168 2299 1247 2354 ait
1275 2299 1530 2354 fabulam
1557 2301 1856 2357 incurrere
1879 2304 1938 2358 in

280 2407 482 2446 verum
543 2407 610 2444 ac
656 2389 798 2444 illud
853 2393 1174 2460 percutere,
1204 2395 1268 2444 ut
1299 2390 1612 2462 saggittam
1670 2407 1935 2462 secpum.

277 2479 486 2537 Simile
519 2478 800 2551 quiddam
833 2495 1134 2534 sacrarum
1191 2478 1531 2534 Litterarum
1589 2479 1938 2552 interpretes

283 2571 574 2626 adnotant
606 2569 677 2623 ad
713 2567 854 2622 illud
889 2573 946 2622 S.
982 2567 1142 2622 Pauli
1180 2568 1250 2622 ad
1286 2567 1454 2623 Rom.
1487 2587 1543 2634 Χ,
1573 2570 1602 2624 4
1633 2587 1644 2624 :
1679 2570 1831 2625 Finis
1860 2571 1932 2626 le-

278 2660 368 2730 gis
399 2659 673 2714 Christus.
712 2657 819 2712 Lex
864 2657 944 2711 ibi
1003 2661 1246 2712 vocatur
1297 2662 1420 2713 tota
1473 2657 1717 2715 historia
1773 2665 1940 2716 vetus

289 2748 474 2806 sacris
505 2747 672 2802 libris
705 2747 1136 2816 commendata,
1159 2747 1376 2818 quibus
1409 2751 1464 2803 et
1491 2765 1579 2804 res
1612 2767 1644 2802 a
1675 2748 1943 2820 patribus

285 2845 464 2914 gestae
488 2842 545 2893 et
567 2853 868 2892 sacrorum
895 2841 1212 2909 apparatus
1237 2853 1302 2892 ac
1327 2839 1686 2894 caeremonim
1706 2839 1944 2893 traduxt-

288 2937 407 2997 tur,
441 2928 640 2984 omnia
677 2927 972 2984 Christum
1017 2931 1329 2982 venturum
1387 2929 1843 3000 prmﬁgurantia.
1880 2931 1942 2984 ln

282 3039 398 3095 quo
428 3019 701 3075 allusisse
730 3018 1051 3090 Apostolus
1102 3023 1343 3090 putatur
1374 3020 1441 3073 ad
1475 3019 1758 3092 originem
1791 3021 1947 3077 vocis

295 3110 586 3167 Hebraicaa
622 3109 795 3179 legem
846 3107 1238 3178 significante,
1271 3117 1418 3169 m'tn
1479 3108 1640 3164 thora
1699 3109 1853 3164 enim
1917 3127 1950 3165 a

297 3202 491 3258 radice
547 3202 708 3256 ίαν-αὴ
776 3203 865 3254 est
923 3199 1090 3268 cujus
1151 3199 1340 3270 prima
1421 3201 1578 3255 notio
1641 3207 1732 3256 est
1779 3201 1948 3272 jecit,

283 3292 538 3366 projecit.
563 3290 869 3360 Undeejus
885 3293 974 3344 est
999 3306 1141 3344 usus
1160 3289 1434 3360 proprius
1459 3291 1516 3344 in
1537 3290 1939 3360 ejaculationc.

284 3384 306 3439 Ι
341 3386 565 3454 Regum
598 3397 692 3444 xx,
725 3380 816 3445 36,
850 3379 920 3433 de
950 3377 1281 3434 Jonathane
1314 3379 1586 3450 sagittam
1619 3381 1947 3450 ejaculante

285 3471 570 3530 scribitur
606 3479 758 3531 utrm
797 3478 896 3531 .‘t't't
924 3477 1099 3531 -N'tn‘|
1157 3468 1298 3523 vehu
1356 3469 1525 3524 iarah
1584 3469 1870 3525 hachctsi:
1900 3474 1949 3525 et

282 3563 398 3633 ipse
410 3561 552 3632 jecit
579 3560 863 3631 sagittam.
884 3561 1006 3621 Quo
1039 3556 1331 3628 pertinere
1355 3563 1607 3628 putatur
1631 3559 1950 3614 multorum

286 3650 655 3708 Psalmorum
693 3646 1039 3719 inscriptio:
1088 3647 1150 3701 In
1179 3647 1366 3715 ﬁnem,
1402 3646 1511 3702 hoc
1570 3653 1661 3702 est
1698 3647 1756 3702 in
1789 3647 1952 3703 Chri-

287 3743 556 3796 stum.In
588 3755 762 3810 quem
796 3736 996 3810 procul
1025 3735 1410 3790 indicandum
1444 3741 1500 3792 et
1528 3737 1698 3809 quasi
1731 3738 1950 3811 indigi-

287 3831 537 3887 tandum
601 3828 880 3901 pleraque
939 3827 1016 3880 ibi
1079 3827 1299 3898 scripta
1359 3825 1782 3898 dirigebantur.
1837 3827 1954 3882 Nec

288 3921 553 3988 frustra;
585 3918 831 3973 veritate
863 3917 1083 3988 quippe
1116 3914 1418 3987 prophetis
1478 3920 1676 3970 exacte
1711 3932 1954 3987 respon-

291 4008 486 4078 dente,
542 4008 727 4080 tigure
757 4007 816 4060 in
849 4022 970 4060 rem
1035 4005 1430 4061 incurrerunl.
1465 4005 1679 4062 Fabule
1735 4006 1956 4063 morale

295 4103 656 4172 praeceptum
719 4094 1092 4150 adumbratis
1153 4112 1258 4167 par
1314 4095 1462 4150 ratio
1521 4101 1626 4150 est.
1680 4095 1752 4150 Ut
1799 4097 1954 4151 enim

295 4190 486 4273 figura
510 4186 870 4259 prophetica,
892 4201 1025 4240 cum
1052 4201 1142 4240 res
1169 4186 1418 4258 figurata
1441 4185 1764 4252 exhibetur,
1789 4205 1958 4260 προσ-

292 4276 473 4332 παίειν
511 4273 764 4346 ἀληθείᾳ,
798 4277 861 4330 in
889 4275 1175 4330 veritatem
1226 4274 1470 4331 incidere
1523 4275 1757 4343 dicitur,
1793 4277 1872 4331 sic
1903 4281 1961 4332 et

297 4367 604 4439 apologus,
639 4381 776 4420 cum
810 4381 877 4421 eo
910 4365 1308 4437 signiﬁcatum
1342 4364 1518 4420 ofﬁcii
1555 4366 1838 4422 monitum
1867 4367 1962 4422 de-

291 4457 552 4514 claratur
597 4459 654 4511 et
684 4454 854 4527 quasi
883 4455 956 4509 ad
990 4470 1111 4508 rem
1145 4454 1334 4525 ipsam
1368 4453 1717 4526 applicatur.

370 4547 596 4619 Πρῶτος
675 4561 732 4617 p.
802 4545 926 4597 298.
1001 4541 1146 4617 Πρὸς
1208 4541 1300 4596 τὸν
1363 4545 1582 4614 πρῶτον
1656 4541 1960 4616 ἐκθέμενος.

297 4636 408 4692 Hie
443 4638 665 4710 πρῶτος
708 4633 974 4689 absolute
1006 4637 1062 4687 et
1114 4631 1449 4687 subtantive
1482 4637 1803 4703 usurpatur
1860 4651 1964 4705 pro

293 4741 576 4797 supremo
609 4722 730 4778 illic
774 4721 1026 4794 preside
1085 4736 1385 4776 sacrorum
1444 4737 1652 4792 nempe
1713 4723 1960 4792 patriar-

296 4815 440 4872 cha.

374 4899 744 4978 Ηρωτοκῆρυξ
799 4918 854 4973 p,
887 4900 1013 4971 476,
1055 4901 1239 4965 Quem
1299 4903 1474 4954 antea
1529 4903 1834 4956 vocaverat
1866 4896 1963 4953 30-

303 4993 560 5068 μὲστικον
622 4988 942 5061 ἐκκλησίας,
1001 5006 1160 5046 nunc
1219 4988 1478 5062 appellat
1538 4990 1962 5064 πρωτοκτξρυκα,

301 5100 694 5159 synonynam,
711 5082 1296 5155 Opinior,ursurpens
1315 5097 1445 5136 eam
1464 5097 1661 5136 vocem
1689 5098 1791 5150 pro
1811 5100 1967 5156 πρω-

298 5170 612 5249 τοψάλτης.
646 5173 795 5229 Nam
854 5175 918 5227 ut
997 5169 1284 5225 Cordious
1340 5171 1516 5226 habet
1573 5187 1623 5226 c.
1663 5172 1748 5238 17,
1785 5188 1840 5225 n.
1875 5171 1964 5241 40,

301 5263 380 5319 Οὐ
438 5260 848 5338 πρωτοψάλτην
909 5256 1025 5336 ἔχει
1059 5257 1350 5330 ἐκκλησία,
1410 5257 1558 5314 ἀλλὰ
1616 5255 1964 5333 δομέστικον.

304 5353 536 5420 Quibus
568 5351 860 5424 signiﬁcat
891 5354 1329 5424 praeceptorem,
1355 5349 1463 5406 hoc
1494 5354 1605 5421 est,
1631 5368 1767 5407 eum
1798 5353 1968 5424 cujus

305 5445 570 5504 ofﬁcium
604 5449 696 5499 est
719 5447 956 5498 cantum
991 5441 1265 5498 inchoare
1297 5442 1355 5496 in
1388 5441 1588 5509 choro,
1610 5459 1725 5498 non
1758 5462 1968 5515 πρωτο.

2032 656 2474 713 emendavimus
2539 657 2756 714 indicio
2823 660 3109 732 syntaxis,
3168 677 3304 717 cum
3377 661 3680 738 ἀραρυίαις,

2033 748 2188 818 quod
2212 748 2266 801 in
2292 749 2460 802 codd.
2477 747 2518 802 B
2541 753 2598 804 et
2616 751 2683 819 A,
2712 750 2983 807 Vaticano
3007 753 3332 820 omittente,
3357 754 3679 829 legebatur,

2034 837 2316 906 quadrare
2335 839 2404 892 ad
2425 854 2620 893 vocem
2644 835 2822 902 πύλας
2845 857 2956 896 non
2981 845 3191 912 potest.
3229 843 3491 898 Probain
3526 845 3682 901 hunc

2033 925 2225 981 locum
2259 931 2344 982 est
2375 927 2714 1005 παράφρασις
2752 929 3018 986 Vaticani
3056 931 3273 987 codicis
3305 932 3397 988 his
3449 935 3682 995 verbis:

2033 1015 2136 1070 Καὶ
2168 1014 2344 1078 πύλας
2375 1017 2426 1071 ἐν
2457 1022 2576 1080 ταῖς
2609 1018 2822 1093 πέτραι,
2855 1016 3024 1095 ἤγουν
3059 1017 3223 1074 ἅλυον
3286 1022 3437 1095 (lego
3469 1020 3684 1100 ἅλυσιν)

2035 1101 2260 1180 σιδηρᾶν
2311 1106 2402 1160 καὶ
2463 1107 2694 1184 ἰσχυρὰν
2744 1107 3120 1178 κατεσκεύαζε.
3157 1111 3278 1166 Non
3341 1129 3478 1185 ergo
3510 1124 3684 1187 portae

2035 1200 2136 1250 aut
2177 1196 2351 1252 valvae
2382 1215 2450 1253 ex
2481 1199 2630 1254 ferro
2665 1199 2861 1255 solidae
2913 1200 3302 1272 intelligendas
3360 1201 3452 1258 hic
3484 1203 3684 1263 fuere:

2035 1297 2404 1368 nequeenim
2453 1298 2510 1352 id
2564 1297 2708 1355 sinit
2765 1300 2847 1354 rei
2907 1301 3187 1372 subjectae
3249 1305 3478 1358 natura.
3536 1305 3685 1376 Non,

2036 1385 2303 1458 inquam,
2363 1388 2577 1460 portui,
2629 1396 2691 1444 ut
2749 1390 2947 1446 domui
3006 1395 3107 1446 aut
3162 1391 3416 1448 conclavi
3475 1394 3687 1452 obduci

2039 1475 2290 1532 solidum
2326 1479 2543 1533 ostium
2577 1483 2790 1551 potest.
2825 1481 2933 1546 Qui
2973 1480 3130 1536 enim
3182 1487 3283 1537 aut
3311 1483 3527 1552 quibus
3561 1502 3683 1541 mo-

2039 1566 2216 1621 liendi
2250 1567 2540 1624 machinis
2600 1574 2772 1624 tanta:
2830 1570 3161 1627 latitudinis
3221 1581 3413 1643 postes
3466 1581 3684 1647 essent,

2042 1663 2262 1728 quanta
2291 1657 2520 1729 explere
2552 1664 2724 1731 atque
2774 1660 3068 1732 obturare,
3103 1678 3278 1732 quam
3333 1668 3490 1720 vaste
3543 1664 3684 1734 hiat,

2039 1746 2298 1802 valerent
2345 1753 2531 1803 totum
2565 1767 2629 1805 os
2679 1757 2905 1821 pertus,
2942 1768 3056 1822 quo
3116 1768 3340 1825 magnae
3394 1770 3460 1810 ac
3503 1753 3691 1828 longae

2045 1854 2221 1892 naves
2254 1837 2579 1910 praelongos
2613 1839 2748 1894 hinc
2807 1840 2944 1896 inde
3003 1843 3414 1914 protendentes
3472 1861 3688 1914 remos,

1969 1951 2012 2014 Β
2045 1943 2240 1999 eaeque
2273 1944 2387 1982 non
2422 1928 2749 1999 singulares
2782 1931 2882 1986 sed
2918 1930 3114 2003 plures
3157 1933 3454 1989 interdum
3489 1933 3691 2005 simul,

2044 2015 2270 2071 aditum
2304 2016 2644 2089 exitumque
2692 2019 2906 2074 habere
2965 2023 3341 2077 commodum
3399 2022 3693 2080 debeant?

2046 2115 2196 2184 Ergo
2230 2114 2322 2168 hic
2375 2115 2581 2170 Noster
2639 2133 2767 2171 cuiu
2826 2114 3005 2178 πύλας
3063 2119 3225 2189 dixit,
3257 2120 3690 2178 intellecturum

2046 2205 2273 2275 putavit
2305 2206 2651 2276 prudentem
2679 2211 2952 2262 teetorem
2973 2208 3083 2263 tale
3097 2210 3313 2264 ostium
3333 2213 3487 2281 quod
3504 2213 3694 2283 portui

2049 2293 2373 2349 claudendo
2389 2295 2602 2366 apponi
2619 2301 2834 2367 posset,
2852 2301 3115 2352 catenam
3133 2299 3299 2354 nimii
3318 2317 3412 2355 um
3430 2302 3695 2357 ferream.

2045 2384 2272 2438 Addam
2306 2383 2400 2438 hic
2432 2384 2580 2440 satis
2621 2401 2814 2440 raram
2875 2387 3172 2443 notionem
3225 2390 3492 2445 vocabuli
3547 2388 3697 2460 πύλη

2048 2476 2149 2527 aut
2177 2468 2345 2540 πύλα,
2380 2479 2551 2544 cujus
2583 2491 2756 2529 usum
2811 2477 2998 2548 reperi
3058 2477 3113 2531 in
3171 2479 3368 2534 Graeca
3436 2481 3701 2536 versione

2047 2561 2394 2633 Speciminis
2425 2564 2732 2635 Sapientia:
2766 2566 3068 2634 Indorum,
3098 2583 3270 2638 quem
3303 2567 3522 2625 librum
3555 2570 3704 2625 Lati-

2049 2653 2232 2708 nitate
2308 2670 2341 2708 a
2417 2671 2509 2708 me
2589 2656 2868 2710 donatum
2948 2656 3085 2711 huic
3139 2658 3397 2714 historiae
3469 2660 3702 2732 imperii

2050 2743 2352 2800 Michaelis
2409 2745 2737 2818 Palaeologi
2796 2749 3068 2820 Augusti,
3103 2765 3135 2804 a
3193 2765 3308 2820 quo
3341 2751 3395 2804 id
3455 2768 3602 2820 opus
3647 2753 3702 2807 in

2054 2834 2308 2905 quadam
2367 2835 2646 2890 concione
2702 2835 3012 2908 allegatur,
3074 2837 3305 2893 hortatu
3377 2841 3702 2896 amicorum

2055 2928 2334 2993 taanam
2402 2920 2844 2997 παρεμπύρευμα
2909 2927 3173 2997 adjunxi.
3248 2928 3332 2983 lbi
3397 2929 3456 2983 in
3519 2931 3708 3002 prima

2057 3011 2447 3084 prmventione
2478 3031 2600 3083 quae
2637 3013 2940 3070 historiam
2975 3016 3327 3072 inventionis
3357 3022 3413 3073 et
3445 3019 3708 3091 deporta-

2058 3102 2234 3156 tionis
2267 3101 2394 3172 ejus
2423 3100 2558 3156 libri
2581 3119 2646 3159 ex
2667 3104 2830 3158 lnrlia
2855 3103 2914 3158 in
2947 3105 3244 3161 Persidem
3263 3106 3712 3180 recitat,pagina

2059 3190 2273 3244 codicis
2305 3207 2420 3261 quo
2454 3192 2659 3246 utebar
2689 3191 2867 3246 Graeci
2917 3209 3090 3259 nona,
3123 3194 3207 3249 sic
3268 3194 3520 3265 legitur:
3557 3194 3709 3264 Ιὶλὴν

2061 3275 2149 3331 διὰ
2195 3276 2255 3330 τό
2316 3299 2399 3332 σοι
2453 3279 2673 3352 ἀρεστὸν
2733 3277 2986 3354 λήψομαι
3052 3283 3176 3353 μίαν
3250 3281 3426 3336 πύλαν
3487 3283 3546 3337 ἐκ
3598 3289 3708 3338 τῶν

2057 3367 2386 3445 ὑφασμάτων
2445 3376 2545 3438 τῆς
2592 3368 2787 3442 κώμης
2838 3369 3244 3437 Φουϊστὰν,⁹ίνα
3274 3371 3324 3427 ἐν
3381 3372 3516 3447 αὐτῇ
3552 3371 3714 3444 δοξα-

2057 3461 2332 3532 σθήσς-μαι
2390 3459 2544 3534 κάγὼ
2604 3457 2800 3522 δοῦλός
2860 3482 2953 3515 σου
3014 3461 3064 3515 ἐν
3124 3464 3268 3536 πάσῃ
3311 3467 3380 3536 τῇ
3430 3465 3715 3539 συγγενείᾳ

2064 3571 2190 3622 μου.
2251 3545 2444 3604 Λαϐὼν
2498 3547 2555 3604 δὲ
2617 3551 2643 3604 ὁ
2699 3553 2916 3627 Περζωὶ
2970 3551 3028 3605 ἐκ
3082 3556 3189 3606 τῶν
3247 3550 3546 3626 βασιλικῶν
3585 3553 3716 3627 ἱμα-

2057 3637 2188 3694 τίων
2221 3647 2331 3698 etc.
2363 3644 2446 3713 [P.
2481 3643 2609 3715 414]
2648 3645 2707 3697 In
2769 3643 2860 3698 his
2924 3643 3115 3698 verbis
3173 3645 3426 3715 primum
3492 3648 3717 3700 oceurit

2062 3731 2441 3798 quaerendum
2473 3730 2614 3800 quid
2644 3730 2718 3784 sit
2749 3727 2902 3783 πύλα
2960 3727 3020 3783 ἐκ
3047 3732 3154 3783 τῶν
3190 3729 3543 3805 ὑφασμάτων.
3567 3732 3712 3787 Nam

2059 3829 2239 3895 porta?
2269 3826 2449 3894 notio,
2485 3843 2610 3897 quae
2638 3827 2926 3881 naturalis
2958 3831 3047 3881 est
3076 3825 3249 3900 πύλῃ,
3282 3845 3459 3900 quam
3517 3828 3612 3884 hic
3644 3830 3724 3884 sit

2065 3914 2480 3986 intempestiva
2510 3932 2681 3970 nemo
2717 3933 2831 3970 non
2889 3917 3066 3971 videt.
3101 3918 3353 3972 Omnino
3395 3935 3722 3990 agnoscen-

2067 4004 2203 4057 dum
2236 4009 2326 4057 est
2353 3999 2503 4056 πύλα
2546 4003 2643 4057 hic
2700 4021 2800 4074 pro
2859 4001 3040 4056 πτύλα
3086 4006 3345 4076 positum
3405 4024 3436 4062 a
3496 4006 3720 4061 πτύστω

2064 4092 2213 4164 plico
2245 4093 2481 4159 involvo,
2515 4099 2580 4146 ut
2608 4092 2880 4147 volumen
2908 4100 3011 4147 aut
3040 4110 3252 4164 scapus
3304 4096 3481 4164 panni
3514 4097 3713 4167 cujusv

2070 4184 2223 4252 piam
2286 4183 2392 4236 hoc
2449 4181 2738 4236 vobahulo
2798 4199 2954 4236 nunc
3018 4183 3404 4252 signiﬁcetur.
3452 4188 3720 4241 Fundum

2070 4273 2251 4328 habeo
2279 4272 2626 4342 conjectura;
2659 4271 3012 4335 Eustatium,
3046 4273 3143 4342 qui
3177 4274 3248 4327 ad
3281 4271 3449 4328 illum
3491 4291 3724 4330 versum

2070 4363 2170 4416 411
2234 4361 2448 4427 Iliadis,
2511 4370 2562 4428 θ,
2622 4360 2870 4433 πρώτῃσι
2949 4357 3004 4413 δὲ
3079 4359 3284 4433 πύλῃσι
3359 4358 3728 4438 πολυπτύχου

2072 4449 2412 4523 ούλόμποιο,
2428 4451 2511 4506 sic
2541 4457 2782 4506 annotat
2804 4468 2861 4522 p.
2882 4453 2984 4506 721
3019 4452 3111 4507 ed.
3127 4450 3295 4507 Rom.
3317 4457 3729 4527 Παρηχητικῶς

2073 4537 2131 4593 δὲ
2183 4560 2300 4600 πως
2360 4538 2396 4607 ἢ
2457 4537 2871 4616 ἐτυμολογικῶς
2928 4541 3250 4609 παράκειται
3303 4543 3337 4610 ἡ
3370 4539 3541 4596 πύλαι
3577 4541 3728 4598 καὶὸ

2073 4629 2454 4704 πολύπτυχος·
2508 4631 2654 4705 παρὰ
2699 4631 2761 4684 τὸ
2811 4628 3062 4684 πτύσσειν
3112 4631 3215 4705 γὰρ
3265 4631 3356 4686 καὶ
3406 4631 3594 4708 ἄμφω,
3639 4630 3731 4687 ’ίνα

2073 4723 2112 4794 ᾗ
2141 4719 2506 4796 πολύπτυχος
2565 4722 2592 4775 ὁ
2647 4719 2994 4782 πολύπυλος.
3030 4723 3159 4777 Haec
3218 4723 3357 4788 ille;
3392 4723 3451 4778 in
3510 4724 3730 4795 quibus

2072 4818 2233 4877 vides
2289 4818 2473 4890 πύλην
2508 4815 2845 4877 Γπὲύσσειν
2894 4822 3124 4888 deduci,
3158 4822 3364 4877 extrito
3415 4823 3733 4892 subjuncto

2071 4931 2121 4965 τ.
2161 4912 2383 4969 Addam
2432 4929 2502 4967 ex
2559 4912 2828 4967 occasine
2886 4911 2957 4967 de
3008 4927 3202 4983 panno
3256 4910 3351 4966 hic
3410 4917 3730 4968 memorato

2075 5001 2209 5074 pagi
2243 5001 2534 5071 Phuistan,
2570 5001 2725 5073 quod
2759 5001 2815 5055 in
2853 4999 2953 5055 illo
2982 5000 3255 5056 videlicet
3303 5017 3450 5072 pago
3495 5006 3728 5058 texere-

2075 5097 2206 5146 tur:
2241 5092 2390 5147 forte
2437 5091 2573 5145 inde
2633 5095 2835 5145 natum
2894 5089 3134 5161 vulgare
3167 5105 3380 5144 nomen
3440 5090 3614 5146 hodie
3671 5093 3728 5146 in

2075 5181 2263 5236 Gallia
2311 5181 2490 5252 panni
2549 5180 2858 5249 cujusdam
2914 5196 2983 5234 ex
3043 5179 3319 5250 gossypio
3376 5181 3536 5245 texti,
3575 5183 3730 5252 quod

2076 5269 2352 5341 fustnine,
2385 5267 2698 5340 fustanium
2721 5268 3070 5338 appellatur.
3106 5272 3186 5323 Ex
3231 5272 3734 5340 consequentibus

2079 5376 2251 5432 porro
2279 5358 2473 5414 verbis
2504 5355 2858 5428 intelligitur
2887 5373 3074 5429 genus
3098 5357 3207 5412 hoc
3239 5359 3418 5428 panni
3450 5360 3606 5433 regis
3636 5365 3738 5416 aut

2081 5448 2252 5518 regiae
2312 5446 2546 5501 familia;
2607 5445 2816 5500 usibus
2878 5446 3063 5502 fuisse
3119 5451 3503 5515 reservatum,
3538 5449 3623 5503 ita
3670 5454 3738 5504 ut

316 5532 536 5607 ψάλτην
571 5532 761 5589 solere
791 5531 926 5601 dici,
962 5535 1027 5587 ut
1058 5548 1149 5587 res
1180 5530 1457 5603 exigeret,
1479 5533 1579 5586 sed
1615 5531 1973 5590 domesticum
2079 5538 2281 5595 vestiri
2308 5553 2374 5592 eo
2407 5551 2580 5591 nemo
2612 5540 2810 5607 posset
2839 5535 2966 5591 sine
3010 5552 3298 5592 concessu
3331 5537 3611 5608 peculiari
3643 5554 3736 5594 re-

312 5625 594 5682 Ecclesiae.
656 5627 791 5678 Haec
851 5621 996 5677 mihi
1055 5638 1234 5678 causa
1295 5621 1402 5676 fuit
1433 5621 1588 5678 599
1637 5625 1971 5694 opponendi

310 5717 378 5773 in
412 5713 678 5769 versione
712 5711 1142 5787 πρωτοκήρυκος
1176 5711 1460 5769 vocabulo
1515 5711 1790 5769 Latinum
1823 5730 1969 5785 pra?-

353 5803 563 5862 entoris
595 5818 829 5860 nomen.

2081 5629 2192 5702 gis.
2229 5627 2392 5683 Unde
2423 5625 2816 5680 characterem
2851 5626 3092 5680 haberet
3117 5627 3274 5682 ϐου
3305 5626 3500 5681 eximii
3552 5626 3736 5682 hono-

2079 5718 2162 5774 ris
2189 5725 2242 5774 et
2289 5715 2446 5789 apud
2507 5715 2826 5788 principem
2889 5716 3091 5788 gratiae
3151 5716 3564 5773 indumentum
3598 5716 3737 5774 tale.

2082 5809 2400 5881 Propterea
2427 5806 2584 5862 enim
2631 5805 2793 5862 addit
2849 5811 3091 5864 Perzoes
3151 5806 3412 5878 accipere
3442 5822 3504 5864 se
3560 5806 3739 5866 istam
