4072 6390
364 410 506 468 1Ο63

1439 401 1502 453 Ρ.
1543 398 1815 454 POSSINI
1850 395 2466 454 OBSERVATIONUM
2500 401 2638 455 LIB.
2679 401 2727 454 Ι.

3667 391 3816 449 1064

365 537 604 594 vestem
641 531 713 588 ob
742 525 1184 602 praerogativam
1240 522 1485 582 honoris
1525 521 1574 578 ei
1625 519 1833 577 annexi
1867 537 2025 576 com-
2055 535 2110 602 Α
2143 521 2519 580 immobilibus
2543 523 2984 594 possessionibus
3024 495 3420 593 subjectorum'
3450 520 3561 591 ipsi
3609 535 3817 576 mona-

372 624 536 681 muni
568 620 988 676 aestimatione:
1018 613 1129 686 'iva,
1161 616 1358 688 inquit
1388 613 1438 667 ἐν
1492 611 1627 684 αὐτῇ
1688 606 2018 680 δοξασθήσο-

371 735 466 788 μαι
507 711 662 786 κάγὼ
724 707 920 768 δοῦΛός
981 727 1075 760 σου
1137 704 1185 759 ἐν
1247 704 1394 777 πάσῃ
1458 697 1742 776 συγγενείᾳ
1801 700 2016 771 μου.Ιῐ]

373 819 486 878 quo
518 805 691 860 etiam
716 800 1011 872 significat
1046 815 1156 852 non
1191 815 1300 852 sua
1343 812 1404 851 se
1431 794 1612 850 solius
1635 808 1810 848 causa
1838 791 2019 844 istum

370 877 650 952 admitere
682 889 986 954 honorem,
1013 885 1113 940 sed
1141 883 1376 938 familiae
1402 899 1466 937 ac
1485 878 1853 952 cognationis
1885 877 2019 932 inde

365 981 693 1052 conspicuae
719 978 948 1042 futurae,
968 975 1051 1029 sic
1083 973 1428 1031 ambitionis
1469 969 1748 1026 invidiam
1786 966 2019 1039 pietatis

363 1078 421 1128 et
437 1069 740 1128 charitatis
755 1069 810 1120 in
826 1067 1295 1137 consanguineos
1313 1061 1620 1118 laudabilis
1635 1058 2022 1115 ostentatione

364 1162 662 1217 redimens
693 1161 793 1212 aut
823 1157 1029 1211 saltem
1077 1154 1369 1209 minuens.
1407 1151 1764 1207 Confirmant
1822 1152 2015 1202 autem

363 1251 518 1323 quod
553 1247 808 1304 diximus
839 1247 909 1301 de
943 1246 1336 1301 reservatione
1367 1237 1708 1312 hujusmodi
1735 1236 1912 1309 panni
1947 1236 2015 1290 ad

364 1357 510 1396 usus
543 1338 756 1410 regios,
781 1336 882 1391 illa
906 1340 1166 1390 extrema
1187 1334 1398 1389 verba:
1431 1323 1627 1385 Λαϐὼν
1657 1323 1713 1380 8‘s
1747 1327 1774 1380 ὁ
1805 1324 2020 1400 Ηερζωὲ

364 1429 423 1484 ἐκ
461 1431 570 1483 τῶν
635 1423 935 1502 βασιλικῶν
993 1422 1250 1496 ἱματίων.
1286 1424 1402 1478 Cur
1457 1421 1633 1485 enim,
1671 1435 1796 1490 quae
1859 1416 2019 1488 prius

367 1521 773 1576 nominaverat
807 1514 1097 1591 ὑφάσματα
1123 1519 1224 1581 τῆς
1276 1511 1475 1582 κώμης
1536 1504 1830 1576 Φουϊστάν,
1868 1524 2022 1562 nunc

367 1607 523 1682 ἱμάτι
558 1605 817 1682 βασιλικὰ
847 1610 1100 1675 vocaret,
1135 1604 1244 1659 nisi
1279 1603 1435 1675 quod
1469 1600 1541 1656 iis
1592 1599 1674 1654 uti
1736 1597 1853 1669 regi
1914 1596 2023 1651 soli

368 1705 426 1755 et
449 1698 687 1755 familiae
721 1695 908 1768 ipsius
940 1695 1223 1762 licereret,
1249 1699 1305 1748 et
1325 1692 1373 1748 si
1405 1691 1619 1762 quibus
1655 1687 2022 1758 privilegium

367 1791 523 1858 idem
557 1805 591 1843 a
622 1802 755 1858 rege
787 1784 984 1840 eximii
1021 1783 1258 1840 honoris
1292 1781 1480 1854 gratia
1512 1777 1916 1834 tribueretur?

439 1894 574 1956 Ῥώς
624 1914 680 1968 p.
713 1896 836 1950 509.
871 1894 964 1948 Ait
1011 1894 1219 1948 ducem
1275 1892 1648 1987 Latinorum,
1684 1903 1885 1987 quem.
1919 1885 2020 1938 de-
2059 1922 2108 1987 B

369 1986 612 2058 scripsit
643 1988 855 2052 ferum,
885 1985 1188 2040 ardentem
1213 1987 1269 2038 et
1284 1982 1474 2052 capite
1494 1975 2028 2045 rufum,hominem

372 2082 548 2132 vastae
580 2080 840 2140 statura},
874 2073 966 2128 cui
1000 2077 1126 2127 erat
1157 2087 1368 2126 nomen
1433 2069 1592 2123 Rhos
1623 2067 1912 2139 Solymas,
1944 2064 2031 2118 vi-

371 2165 494 2220 deri
529 2169 733 2219 natum
767 2161 1181 2233 apellationem
1216 2175 1284 2213 ex
1342 2157 1734 2212 similitudine
1789 2171 1918 2208 cum
1963 2169 2029 2207 eo

371 2255 526 2324 quod
572 2256 739 2307 vocat
793 2249 929 2310 Ῥώς
993 2249 1156 2305 Rhos.
1192 2248 1339 2312 Quid
1399 2253 1594 2300 autem
1655 2243 1927 2300 esthoc?
1958 2258 2028 2297 an

376 2341 677 2412 scripserit
733 2339 1115 2411 Pachymeres
1172 2335 1311 2398 Ῥώς
1370 2353 1473 2406 pro
1535 2331 1857 2408 ῥώξῗῬώς
1891 2347 2032 2387 sane

373 2436 713 2486 constanter
745 2429 1008 2484 scribunt
1039 2429 1153 2482 duo
1200 2427 1364 2481 codd.
1403 2424 1605 2496 optimi
1643 2425 1700 2478 B.
1738 2431 1793 2477 et
1824 2424 1884 2476 A.
1923 2421 2030 2476 Va-

377 2521 570 2576 ticano
622 2519 731 2574 hoc
787 2534 1021 2573 comma
1078 2514 1404 2571 omittente.
1439 2515 1613 2584 Atqui
1672 2510 1804 2571 Ῥώς
1859 2511 2028 2578 nihil,

374 2613 529 2682 quod
563 2609 904 2678 sciam,huc
937 2607 1155 2662 faciens
1189 2606 1504 2676 significat.
1535 2603 1676 2672 Ῥὼξ
1735 2609 1930 2657 autem
1964 2619 2028 2657 ex

378 2700 686 2755 Eustathio
745 2691 1128 2772 Ηαρεκϐολαῖς
1160 2697 1231 2752 ad
1263 2696 1369 2749 Od.
1399 2713 1414 2746 t
1447 2713 1500 2767 p.
1541 2695 1677 2748 1633
1735 2693 1824 2747 ed.
1863 2692 2029 2746 Rom.

383 2794 476 2844 est
499 2785 808 2862 φαλαγγίου
833 2783 1003 2853 εἶδος,
1027 2785 1252 2857 species
1274 2782 1546 2839 animalis
1567 2783 1718 2837 noxii
1743 2781 1878 2836 dicti
1899 2781 2033 2852 pha-

379 2879 582 2951 langii.
617 2879 696 2933 De
728 2877 835 2933 hoc
869 2877 1118 2945 Plinius,
1143 2875 1180 2928 l.
1207 2891 1363 2943 xx1x,
1388 2890 1437 2929 ο.
1472 2873 1502 2926 4
1527 2889 1538 2927 :
1568 2872 2032 2941 Phalangium....

377 2976 463 3022 est
515 2968 774 3040 plurium
827 2981 1120 3037 generum,
1152 2980 1326 3018 unum
1378 2963 1566 3018 simile
1625 2962 1896 3033 formicae,
1945 2957 2034 3013 sed

382 3058 559 3110 multo
591 3056 791 3127 majus,
825 3057 950 3125 ru/o
1008 3054 1204 3125 capite.
1238 3052 1384 3106 Huic
1440 3054 1843 3121 comparatum
1878 3048 2034 3102 hunc

386 3147 593 3201 ducem
631 3162 663 3198 a
695 3144 1046 3214 Pachymere
1092 3139 1718 3197 crediderim.Dixerat
1739 3138 1891 3194 enim
1927 3155 2031 3192 an—

390 3239 484 3289 tea
511 3241 568 3288 et
599 3233 727 3288 rufa
776 3250 908 3287 eum
967 3248 1138 3287 coma
1196 3229 1378 3285 fuisse
1439 3235 1497 3284 et
1550 3228 1711 3284 vultu
1762 3227 2028 3294 rubente,

2136 613 2457 683 steriorum,
2490 613 2580 669 sed
2609 617 2772 670 etiam
2805 613 2862 667 in
2884 612 3212 668 dioecesibus
3269 611 3645 682 metropoteon
3676 610 3814 681 ipsa

2129 718 2275 770 rum,
2302 703 2396 758 ubi
2431 703 2692 759 videtecet
2718 704 2786 759 ab
2813 705 2998 775 aliquo
3032 700 3307 773 templum
3353 701 3673 770 aediﬁcante
3704 701 3812 757 ad-

2128 795 2334 847 vocatis
2356 793 2553 864 fuerit.
2592 795 2669 848 Ex
2699 793 2794 848 his
2835 791 3033 848 licebit
3088 791 3420 861 intelligere
3482 809 3823 863 σταυροπη-

2130 881 2266 955 γίων
2300 884 2538 940 nomine
2571 883 2664 938 hic
2697 883 3043 955 significari,
3067 882 3161 952 jus
3188 897 3533 952 supremum
3557 881 3830 952 patriar-

2131 972 2252 1026 cha:
2298 972 2354 1026 in
2417 973 2698 1029 ecclesias
2759 972 3184 1044 patiarchatus,
3248 969 3364 1038 sui,
3429 987 3546 1042 quo
3608 977 3828 1041 posset

2129 1061 2384 1117 eximere
2416 1079 2547 1134 quae
2581 1062 2708 1118 loca
2738 1078 2958 1134 quasve
2991 1077 3274 1132 personas
3328 1059 3505 1130 vellet
3554 1076 3588 1114 a
3639 1066 3824 1131 pote-

2129 1155 2280 1205 state
2308 1152 2569 1222 episcopi
2599 1152 2883 1224 cujusvis,
2942 1154 2999 1205 et
3055 1149 3212 1204 intra
3251 1149 3398 1204 fines
3459 1149 3813 1204 dimceseon

2130 1257 2306 1295 suum
2343 1240 2480 1295 licet
2511 1239 2835 1295 antistitem
2868 1239 3212 1294 habentium
3247 1242 3408 1293 certa
3441 1237 3556 1293 sibi
3591 1255 3823 1294 mona-

2134 1330 2316 1384 steria
2345 1329 2430 1384 vel
2463 1329 2741 1385 ecclesias
2773 1329 3013 1397 valeret,
3058 1327 3314 1399 exipere,
3377 1328 3526 1383 citra
3584 1334 3818 1384 nutum

2134 1424 2238 1474 aut
2267 1436 2576 1474 assensum
2602 1419 2819 1490 proprii
2851 1418 3114 1473 locorum
3135 1415 3371 1473 illorum
3393 1417 3822 1489 metropolitaz.

2137 1510 2293 1564 lianc
2325 1515 2520 1564 autem
2556 1513 2907 1581 potestatem
2940 1507 3170 1562 videtur
3201 1508 3534 1563 exercuisse
3565 1509 3830 1580 patriar-

2135 1599 2243 1654 cha
2268 1599 2636 1669 frequentius
2663 1600 2720 1654 in
2750 1598 2986 1670 praediis
3016 1603 3074 1653 et
3097 1597 3257 1669 agris
3281 1597 3393 1652 sibi
3414 1598 3820 1669 vectigalibus

2135 1695 2193 1745 et
2224 1691 2284 1745 in
2316 1689 2554 1762 templis
2585 1691 2656 1744 de
2688 1707 2833 1744 nevo
2865 1689 3097 1757 erectis,
3132 1705 3386 1760 quorum
3444 1689 3820 1752 fundatores,

2137 1781 2205 1834 ad
2245 1779 2440 1851 operis
2481 1779 2936 1851 amplitudinem
2997 1783 3055 1834 et
3107 1777 3691 1833 commendationem
3760 1779 3824 1833 id

2139 1870 2250 1924 sati
2287 1869 2600 1940 pertinere,
2635 1869 2983 1923 affectabunt
3016 1872 3080 1922 ut
3114 1867 3212 1922 uni
3273 1863 3493 1939 ἀμέσως
3554 1867 3823 1937 patriar-

2141 1958 2257 2012 cha:
2289 1958 2386 2012 illa
2419 1957 2871 2027 subjicerentur,
2931 1974 2963 2012 a
2986 1956 3402 2028 jurisdictione
3433 1957 3824 2027 propriorum

2142 2048 2249 2102 loci
2311 2048 2630 2119 prtesulum
2690 2052 2982 2120 exempta.
3039 2047 3145 2112 Qui
3198 2063 3356 2117 vero,
3413 2063 3547 2101 cum
3609 2047 3822 2103 locum

2138 2137 2394 2208 aliquem
2428 2135 2485 2190 in
2521 2135 2711 2191 aliena
2733 2136 2967 2192 dimcesi
3001 2135 3476 2206 situm,eximere
3503 2136 3576 2190 ab
3616 2146 3830 2198 aucto.

2138 2225 2306 2280 ritate
2337 2225 2617 2280 ordinarii
2651 2230 2709 2279 et
2739 2225 2853 2281 sibi
2881 2241 3178 2281 reservare
3211 2223 3549 2297 patriarcha
3607 2226 3825 2296 vellet,

2138 2315 2195 2370 id
2225 2313 2521 2370 declarare
2554 2315 2781 2370 solebat
2813 2315 2927 2368 fixa
2955 2314 3037 2369 ibi
3088 2330 3259 2370 cruce
3318 2330 3451 2369 cum
3503 2319 3665 2370 certa
3723 2318 3827 2372 in-

2137 2403 2478 2476 scriptione,
2507 2405 2680 2474 cujus
2705 2404 3019 2459 formulam
3047 2405 3245 2459 videre
3271 2403 3408 2459 licet
3431 2404 3586 2475 apud
3611 2410 3827 2460 Meur-

2137 2492 2315 2563 sium,
2341 2493 2471 2548 ideo
2524 2493 2652 2564 ipsa
2710 2493 3002 2563 exemptio
3050 2497 3107 2547 et
3153 2493 3254 2564 jus
3312 2492 3451 2548 illus
3501 2511 3831 2567 σταυροπη.

2135 2580 2266 2657 γίων
2298 2583 2905 2654 verbojindicabatur.
2939 2584 3000 2638 Id
3035 2582 3189 2639 clare
3247 2588 3404 2656 patet
3459 2601 3525 2639 ex
3580 2583 3695 2640 hoc
3761 2587 3822 2641 in

2140 2689 2254 2743 quo
2282 2690 2589 2728 versamur
2619 2671 2746 2728 loco
2780 2673 2964 2728 nostri
2997 2671 3284 2728 historici.
3322 2675 3375 2728 Is
3399 2671 3556 2728 enim
3591 2690 3734 2729 cum
3759 2677 3823 2730 in

2139 2762 2307 2816 titulo
2342 2763 2552 2834 capitis
2577 2762 2935 2817 mentionem
2970 2763 3260 2833 potuisset
3309 2762 3554 2818 Novella:
3614 2763 3821 2836 impe-

2139 2851 2363 2905 ratoriaa
2410 2853 2561 2905 circa
2629 2851 3023 2924 σταυρνπήγια,
3083 2851 3212 2921 ejus
3257 2850 3510 2907 Novella:
3569 2859 3820 2909 senten-

2139 2939 2283 2994 tiam
2317 2939 2374 2993 in
2408 2940 2535 3010 ipso
2567 2940 2757 3011 capite
2790 2940 2873 2994 sic
2916 2942 3090 2995 refert
3119 2957 3130 2995 :
3165 2934 3460 3013 Ηροϐαίνει
3492 2940 3660 3015 νεαρᾶ
3709 2942 3819 3014 βοι-

2137 3025 2345 3088 σίλειος
2380 3025 2504 3082 ἄλλ’
2539 3026 2668 3082 ἄττα
2699 3025 2930 3082 πλεῖστα.
2987 3027 3340 3101 διοριζομὲνη
3391 3031 3483 3084 καὶ
3529 3031 3815 3085 τάττουσα

2137 3116 2225 3170 καὶ
2287 3117 2347 3169 τὸ
2404 3117 2469 3170 τὰ
2525 3115 2942 3187 ὁπουδηποτοῦν
3003 3119 3399 3193 πατριαρχικὰ,
3462 3120 3562 3173 ὅσα
3596 3118 3648 3173 ἐν
3687 3119 3814 3195 χώ-

2141 3226 2258 3280 ραις
2310 3205 2398 3260 καὶ
2455 3212 2668 3279 μοναῖς,
2723 3208 2825 3260 ὑπὸ
2866 3206 2994 3268 τοὺς
3029 3206 3358 3269 ἐπισκόπους
3384 3208 3457 3260 ὧν
3486 3208 3542 3262 αἱ
3574 3207 3817 3281 ἐνοριαί,

380 3323 596 3394 quippe
628 3339 872 3377 accenso
907 3320 1157 3376 naturali
1188 3320 1415 3374 ardore.
1450 3318 1614 3374 Unde
1645 3315 1922 3371 credibile
1953 3288 2028 3369 sit

2142 3293 2343 3362 τελεῖν,
2379 3297 2596 3352 Prodzit
2645 3300 3013 3367 imperatoria
3069 3297 3293 3353 Novella
3346 3316 3456 3371 qua
3504 3316 3634 3356 cum
3689 3301 3814 3356 alia

377 3412 464 3468 vel
496 3411 519 3482 ξ
551 3413 608 3467 in
645 3433 668 3472 ς
702 3412 956 3467 scienter
981 3415 1275 3464 mutatum
1303 3410 1373 3462 ab
1397 3407 1735 3478 antiquario
1779 3405 2029 3476 scripto-

372 3518 437 3559 re
463 3501 797 3572 exemplum
829 3501 958 3569 ejus
988 3498 1335 3553 mutationis
1369 3495 1584 3552 alicubi
1611 3496 1754 3549 forte
1781 3497 2028 3566 scripto-

373 3608 502 3648 rum
537 3595 798 3645 veterum
834 3585 1123 3655 nacto,vel
1156 3603 1351 3642 errore
1381 3585 1477 3640 hic
1506 3584 1730 3640 librarii
1765 3581 1874 3658 ῥώς
1923 3601 2028 3656 pro

375 3678 484 3754 ῥώξ
519 3679 797 3748 positum.

449 3763 730 3825 Σάλπακις
777 3783 832 3838 ρ.
867 3765 994 3820 472.
1035 3765 1130 3820 Ait
1160 3763 1441 3836 Satpacin,
1477 3765 1631 3835 quod
1661 3769 1784 3818 erat
1815 3780 2028 3835 cogno-

376 3861 641 3912 mentum
708 3855 1048 3911 Mantachiaa
1107 3855 1418 3925 cujusdam
1500 3853 1664 3909 ducis
1742 3854 2030 3910 exercitus

375 3948 709 4012 Persarum,
745 3946 977 4000 Persica
1008 3944 1208 4016 lingua
1239 3944 1608 4016 significasse
1639 3946 1868 3999 fortem.

448 4053 858 4126 Σταυροπήγια.
896 4053 951 4108 L.
983 4070 1061 4119 v1,
1095 4051 1305 4107 titulus
1335 4057 1426 4107 est
1456 4052 1664 4121 capitis
1696 4052 1757 4106 H
1791 4069 1804 4106 :
1837 4052 2028 4112 Ὅπως

375 4139 634 4218 βασιλική
711 4139 871 4215 νεαρὰ
922 4134 1209 4214 προϐαίνει
1266 4139 1353 4194 ἐπὶ
1412 4145 1528 4200 τοῖς
1587 4140 2027 4214 σταυροπηγίοι.

364 4233 535 4304 Apud
570 4231 888 4286 Matheeum
948 4232 1268 4285 Blastarem
1300 4230 1513 4285 tituius
1546 4236 1634 4285 est
1661 4246 1674 4283 :
1699 4230 1824 4284 Ὅτι
1877 4229 2030 4300 μόνῳ

365 4325 446 4392 τῷ
506 4320 820 4394 πατριάρχῃ
885 4313 1518 4378 Κωνσταντινουπόλεως
1595 4313 1803 4370 δίδοται
1879 4338 2030 4370 σταυ-

377 4409 626 4485 ροπήγια
654 4411 856 4463 παντοῖ’)
904 4405 1162 4480 πὲμπειν.
1195 4409 1314 4464 Soli
1365 4407 1704 4479 patriarchae
1763 4407 2028 4462 Constan-

374 4501 673 4571 tinopoleos
727 4514 1040 4555 concessum
1115 4513 1229 4553 esse
1293 4499 1648 4568 stauropegia
1715 4513 2032 4567 quocunque

374 4593 610 4646 mittere.
674 4594 819 4644 Tum
879 4604 1002 4643 rem
1061 4587 1250 4658 ipsam
1311 4587 1394 4642 sic
1434 4587 1722 4660 explicat:
1758 4585 1924 4657 Μόνῳ
1952 4590 2032 4657 τῷ

373 4679 693 4755 πατριάρχῃ
804 4675 1446 4738 Κωνσταντινουπόλεως
1575 4673 1634 4728 ἐκ

374 4771 479 4843 [Ρ.
541 4771 668 4839 415]
731 4764 935 4843 ἐφεῖται
1001 4770 1209 4838 μακρᾶς
1272 4761 1659 4840 σταυροπήγιά
1712 4785 1772 4818 τι
1829 4761 2037 4818 διδόναι

371 4857 463 4913 καὶ
513 4858 612 4926 τήν
666 4855 934 4930 ἀναφορὰν
985 4854 1076 4908 καὶ
1131 4855 1358 4926 μνήμην
1412 4855 1510 4907 τοῦ
1551 4853 1820 4926 ὀνόματος
1872 4853 2038 4908 αὐτοῦ

375 4944 548 5021 ἔχειν,
600 4943 665 4998 οὐ
697 4945 858 5017 μόνον
909 4943 960 4998 ἒν
995 4946 1078 5005 οἷς
1109 4943 1366 5011 κέκτηται
1413 4939 1574 5003 ἰδίοις
1611 4942 1840 5017 χωρίοις
1870 4943 2040 4997 ὁπου-

1757 4675 2039 4744 συνηθείας

377 5035 586 5105 δήποτε
640 5034 911 5108 κειμένοις
985 5031 1074 5088 καὶ
1134 5038 1250 5096 τοῖς
1304 5031 1584 5102 ἀκινήτοις
1632 5035 1874 5105 κτήμασι
1927 5039 2034 5087 τῶν

382 5125 756 5196 ὑποκειμένων
810 5123 989 5196 τούτῳ
1043 5119 1450 5196 μοναστηρίων,
1501 5118 1646 5176 ἀλλὰ
1684 5122 1771 5176 καὶ
1818 5121 1868 5176 ἐν
1917 5129 2036 5184 ταῖς

380 5211 488 5266 τῶν
565 5212 964 5288 μητροπόλεων
1028 5211 1207 5265 αὐτῶν
1269 5207 1526 5281 ἐνορίαις,
1591 5205 1712 5264 ἔνθα
1765 5209 1823 5264 ἂν
1893 5210 2040 5283 παρὰ

289 5295 294 5301 ’
374 5307 472 5358 τοῦ
536 5303 628 5356 τὸν
684 5304 816 5356 νεὼν
897 5300 1273 5376 ἀνεγείροντος
1335 5296 1552 5368 δηλαδή
1611 5298 2034 5375 προσκληθείη.

378 5394 498 5449 Soli
553 5393 892 5464 patriarchae
952 5389 1462 5462 Constantinopolis
1519 5391 1666 5446 60]
1730 5409 1804 5447 ex
1871 5391 2038 5463 longa

377 5484 779 5539 consuetudine
807 5482 1156 5552 permittitur
1185 5481 1560 5553 staurepegia,
1595 5481 1712 5536 sive
1772 5483 2034 5538 crucium

379 5572 646 5638 ﬂxiones,
675 5571 969 5626 concedere
999 5579 1049 5625 et
1079 5571 1400 5626 relationem
1421 5586 1485 5625 ac
1515 5572 1841 5626 memoriam
1863 5575 2036 5628 nomi-

380 5663 470 5716 nis
500 5661 579 5715 ibi
610 5661 832 5727 habere,
865 5676 972 5714 non
1004 5660 1182 5714 solum
1215 5662 1270 5714 in
1303 5660 1530 5728 praediis
1558 5670 1654 5716 aut
1689 5664 1857 5718 terris
1911 5679 2039 5736 qua?

377 5747 654 5819 peculiari
698 5749 832 5822 jure
888 5747 1142 5820 possidet,
1203 5748 1514 5820 ubicunque
1570 5749 1680 5806 sita
1718 5751 1849 5819 sint,
1881 5757 1934 5808 et
1975 5753 2038 5809 in

2139 3386 2574 3442 decernebantur
2604 3387 2877 3458 quaedam,
2910 3392 3026 3442 tum
3054 3386 3195 3443 illud
3224 3390 3280 3442 in
3301 3388 3521 3458 primis,
3566 3399 3626 3443 ut
3685 3406 3822 3462 quw

2139 3476 2451 3546 ubicunque
2483 3477 2742 3547 cujusque
2771 3476 2920 3530 modi
2944 3476 3158 3547 pra’dia
3182 3477 3264 3531 vel
3321 3479 3674 3533 monasteria
3701 3497 3816 3550 pa-

2139 3567 2382 3620 triarcho
2460 3567 2576 3635 iuri
2628 3569 2899 3622 reservata
2951 3576 3325 3632 censerentur,
3413 3583 3485 3622 ea
3551 3567 3820 3641 deinceps

2138 3655 2424 3726 episcopis,
2459 3672 2690 3727 quorum
2721 3657 2780 3708 in
2820 3657 3066 3726 propriis
3114 3657 3462 3711 disecessibns
3490 3658 3588 3712 illa
3636 3670 3827 3714 essent

2138 3747 2244 3800 sita
2275 3746 2703 3814 subiicerentur.
2741 3745 2824 3798 Ita
2856 3743 2990 3812 ille;
3027 3745 3245 3816 quibus
3267 3745 3459 3800 verbis
3497 3745 3662 3802 vides
3712 3749 3818 3803 de-

2139 3833 2345 3888 clarari
2379 3834 2520 3905 quid
2551 3833 2608 3887 in
2639 3833 2806 3888 titulo
2841 3851 2975 3888 voce
3028 3833 3448 3907 σταυροπηγῖων
3495 3835 3813 3892 intellexe-

2141 3924 2233 3977 rit.
2265 3922 2438 3977 Plura
2471 3923 2540 3977 de
2571 3922 2664 3978 his
2697 3940 2811 3978 non
2847 3924 2997 3990 dico,
3033 3925 3184 3994 quod
3213 3929 3268 3978 et
3300 3923 3594 3980 Meursius
3627 3928 3815 3982 verbo

2140 4011 2545 4084 σταυροπήγιον
2577 4016 2633 4066 et
2662 4017 2794 4084 post
2826 4011 2992 4066 illum
3026 4012 3114 4066 vir
3137 4013 3515 4084 pereruditus
3544 4013 3814 4071 Jacobus

2141 4102 2292 4158 Goar
2322 4102 2385 4157 Ο.
2421 4107 2483 4157 Ρ.
2523 4119 2652 4174 pag.
2678 4105 2805 4166 612,
2840 4108 2896 4156 et
2924 4103 3032 4158 615
3063 4105 3154 4158 sui
3187 4102 3530 4176 Euchologii
3566 4106 3817 4177 copiose

2141 4208 2206 4246 ac
2238 4191 2549 4263 diligenter
2581 4192 2690 4246 hoc
2722 4191 3071 4246 vocabulum
3103 4194 3458 4262 edisserant,
3519 4193 3699 4266 plane
3750 4197 3812 4251 in

2141 4282 2496 4336 sententiam
2535 4281 2721 4336 nostri
2757 4282 3149 4354 Pachymeris.

2241 4404 2447 4479 Στῦψις
2508 4403 2598 4458 καὶ
2652 4405 2975 4480 στυπτηρία,
3036 4425 3092 4479 p.
3154 4409 3278 4463 420.
3342 4409 3468 4465 Non
3555 4409 3810 4467 dubium

2142 4497 2283 4566 quin
2339 4502 2589 4567 utroque
2648 4495 2758 4551 hoc
2816 4495 3095 4552 vocabulo
3145 4497 3382 4553 alumen
3440 4498 3812 4571 designetur,

2146 4603 2309 4640 merx
2357 4586 2611 4657 expetita
2663 4587 2735 4640 ob
2795 4603 2970 4641 usum
3031 4586 3321 4643 celebrem
3383 4588 3442 4643 in
3497 4589 3801 4659 tingendis

2069 4663 2112 4728 Β
2146 4675 2358 4746 pannis
2391 4675 2597 4741 laneis,
2629 4681 2691 4730 ut
2722 4676 2805 4730 ait
2834 4675 2928 4731 hic
2974 4676 3348 4748 l’achymeres
3410 4683 3633 4744 noster,
3696 4677 3810 4731 ἐπεὶ

2148 4761 2338 4837 πολλῇ
2395 4763 2502 4817 τινί
2549 4768 2792 4838 χρῶνται
2842 4766 3011 4837 ταύτῃ
3057 4763 3122 4818 τὰ
3172 4763 3224 4836 ἐξ
3273 4764 3434 4842 ἐρίων
3495 4767 3815 4843 ὑφάσματα.

2149 4857 2310 4923 Quod
2335 4855 2678 4911 distinctius
2702 4855 2930 4912 Plinius
2959 4872 3312 4926 exsequens,
3345 4859 3512 4913 docet
3538 4859 3579 4913 l.
3635 4877 3817 4926 xxxv,

2147 4964 2196 5003 c.
2232 4949 2319 5017 15,
2353 4963 2488 5001 cum
2521 4946 2643 5001 sint
2675 4945 2957 5002 aluminis
2989 4946 3217 5018 species
3249 4949 3403 5015 duae,
3454 4949 3696 5004 candidi
3761 4957 3821 5006 et

2147 5037 2320 5110 nigri,
2356 5034 2688 5090 inﬁciendis
2711 5034 2868 5090 claro
2893 5034 3255 5091 colorelanis
3286 5039 3606 5092 candidum
3635 5038 3817 5111 liqui-

2149 5128 2413 5197 dumque
2444 5124 2828 5179 utilissimum
2888 5141 3039 5192 esse,
3108 5131 3428 5198 contraque
3485 5127 3649 5182 fusco
3712 5135 3820 5184 aut

2149 5217 2398 5273 obscuro
2433 5215 2563 5268 fuco
2596 5215 2804 5269 iisdem
2839 5214 3179 5270 imbuendis
3209 5215 3447 5286 nigrum
3473 5233 3817 5274 accommo-

2147 5307 2370 5361 datum.
2401 5307 2528 5357 Mox
2558 5302 2776 5359 ibidem
2809 5302 3036 5359 Plinius
3067 5304 3222 5360 σου
3271 5302 3398 5360 loca
3453 5321 3816 5378 percenseas

2147 5395 2246 5450 ubi
2275 5393 2509 5449 alumen
2544 5392 2831 5464 provenit,
2867 5393 3116 5449 Pontum
3166 5399 3476 5462 memorat,
3520 5397 3679 5451 unde
3712 5396 3813 5452 hic

2145 5485 2354 5540 Noster
2384 5483 2562 5538 refert
2593 5483 2816 5538 solidos
2848 5482 2993 5538 illud
3041 5499 3145 5553 per
3176 5482 3470 5539 Euxinum
3500 5490 3818 5556 exportare

2144 5579 2500 5630 Genuenses.
2533 5572 2784 5628 Phocaaae
2816 5577 3013 5628 tamen
3050 5589 3165 5628 non
3200 5573 3492 5643 meminit,
3525 5575 3628 5630 ubi
3657 5576 3818 5632 fodi-

2147 5681 2252 5720 nas
2285 5662 2564 5718 aluminis
2616 5663 2783 5734 ponit
2837 5662 3242 5736 Pachymeres,
3290 5664 3482 5721 serius
3540 5664 3820 5724 videlicet

2147 5754 2404 5810 detectas
2435 5769 2543 5808 nec
2575 5750 2747 5808 Plinii
2764 5753 2890 5824 jam
2915 5759 3042 5810 tum
3075 5756 3242 5810 etate
3273 5752 3555 5812 celebres.
