4072 6382
341 439 481 493 1065

321 1307 551 1373 memet.
587 1298 777 1354 Unum
815 1304 965 1357 addo
998 1306 1067 1359 de
1117 1324 1246 1363 voce
1280 1306 1596 1385 Σύμϐολον,
1641 1335 1774 1373 cum
1837 1322 1979 1377 sim-

318 1580 454 1618 mox
488 1566 649 1619 addit
682 1569 1095 1626 meribundum
1130 1575 1543 1646 imperatorem
1576 1583 1635 1637 in
1670 1588 1971 1655 procinctu

316 1654 468 1707 sacri
498 1655 847 1728 {accipiendi
902 1660 1093 1715 viatici
1152 1663 1214 1715 τὸ
1274 1663 1427 1737 ἀγιον
1471 1665 1721 1740 διεξιέναι
1753 1674 1973 1748 Σάμϐο-

315 1739 437 1807 λον,
492 1743 837 1814 Symbolum
898 1748 1166 1806 videlicet
1224 1739 1607 1824 apostolicum
1664 1763 1797 1820 ﬁdei
1834 1739 1970 1825 sua:

314 1831 649 1900 proﬁtenda:
673 1835 973 1891 recitasse.
1003 1838 1153 1894 Alibi
1204 1858 1355 1913 saepe
1412 1847 1470 1902 in
1532 1849 1638 1905 hac
1697 1853 1965 1926 historia,

314 1921 655 1990 Symbolum
684 1924 983 1981 Niceenum
1020 1930 1285 1988 absolute
1314 1935 1652 2006 Symbolum
1686 1921 1967 2010 nominat,
2002 1958 2047 2021 Β

316 2008 761 2081 Intelligebatur
790 2014 945 2068 enim
979 2018 1049 2071 de
1103 2034 1218 2088 quo
1277 2022 1513 2095 diceret,
1575 2045 1644 2082 ex
1701 2008 1965 2103 subjecta

316 2100 579 2166 materia,
612 2118 745 2155 cum
774 2108 1122 2160 tractaretur
1151 2114 1545 2169 controversia
1572 2117 1641 2171 de
1665 2122 1964 2181 additione

307 2188 558 2258 Filioque
584 2191 854 2261 Symbolo
883 2193 1132 2259 Nicmno,
1157 2198 1243 2253 vel
1277 2200 1324 2254 si
1350 2205 1609 2261 exactius
1640 2208 1960 2283 loquimur,

305 2278 976 2352 Constantinopolitano,
1014 2306 1045 2341 υ,
1076 2290 1301 2346 Latinis
1336 2293 1577 2354 inserta.
1631 2278 1773 2357 Vide
1833 2278 1959 2376 quas

300 2372 654 2425 annotamus
688 2372 755 2425 ad
782 2371 819 2426 l.
852 2390 908 2443 v,
944 2376 1028 2428 11.

374 2467 692 2540 Συγχωρὲω
722 2468 812 2521 καὶ
843 2472 1225 2546 συγχώρησις,
1262 2494 1315 2549 p.
1366 2481 1489 2535 385.
1527 2489 1641 2540 Aut
1691 2490 1954 2548 oblatum

299 2558 370 2609 ab
404 2557 758 2629 imperatore
792 2577 956 2615 sacro
990 2566 1208 2634 templo
1233 2569 1727 2637 pretiosissimum
1753 2580 1953 2638 altaris

299 2644 513 2713 velum,
549 2664 683 2702 cum
723 2648 1125 2707 absolveretur
1182 2656 1253 2710 ab
1326 2664 1952 2733 excommunicatione,

298 2734 543 2805 dignum
579 2754 639 2791 se
672 2756 738 2793 ac
772 2739 872 2793 tali
899 2742 1291 2811 gratulatione
1323 2748 1566 2805 donum.
1602 2750 1672 2805 Ut
1703 2754 1815 2821 hic,
1868 2756 1951 2812 sic

297 2828 353 2876 et
385 2824 521 2878 alibi
558 2827 795 2881 verbum
828 2846 1136 2903 ouyxwpqv
1171 2834 1228 2888 in
1264 2836 1372 2890 ista
1406 2839 1639 2894 notione
1670 2845 1945 2898 sumitur.

296 2912 390 2967 Uti
424 2919 481 2968 et
513 2913 870 2987 συγχώρησις
904 2936 1006 2989 pro
1054 2921 1183 2991 ipsa
1239 2924 1603 2983 absolutione
1652 2930 1761 2986 hoc
1820 2934 1948 3004 ipso

298 3000 482 3070 capite
516 3019 527 3055 :
564 3002 845 3076 ἀντειχετο
877 3005 950 3066 ὡς
988 3006 1155 3069 λεπὰς
1213 3010 1416 3065 ἐκείνου
1456 3017 1713 3087 (Josephi
1773 3023 1949 3091 patri-

297 3090 477 3144 archae
508 3094 663 3158 novi,
696 3094 797 3164 qui
830 3112 961 3150 eum
998 3099 1067 3152 ab
1100 3105 1695 3162 excommunicatione
1754 3111 1940 3166 solve-

298 3179 411 3250 rat)
444 3174 531 3232 διά
584 3200 643 3233 τε
699 3182 800 3249 τήν
864 3183 956 3237 ἀπ’
1001 3184 1209 3241 ἐκείνου
1268 3194 1644 3266 συγχώρησιν,
1708 3206 1945 3270 propter

287 3268 739 3339 absolutionem,
775 3289 947 3344 quam
974 3292 1107 3332 eum
1134 3280 1446 3344 lrustra,al)
1479 3286 1721 3342 Arsenio
1744 3289 1940 3359 petiis-
1967 3318 2011 3380 C

287 3364 370 3380 --ι
430 3376 452 3380 _
493 3358 532 3380 n
553 3377 564 3380 -
580 3377 656 3380 _____
678 3378 691 3380 _
923 3364 932 3374 ·
986 3366 993 3375 ι
1098 3368 1112 3380 ε
1492 3378 1496 3380 Α
1556 3375 1564 3380 .
1795 3379 1804 3380 κ

284 3364 394 3424 set,
428 3376 461 3413 a
492 3358 782 3416 Germano
816 3364 1213 3435 accipiendam
1242 3388 1355 3424 non
1408 3375 1715 3442 potuisset,
1776 3379 1936 3434 deni-

283 3462 398 3517 que
429 3464 462 3501 a
498 3448 752 3520 Josepho
784 3451 952 3507 tertio
985 3455 1056 3508 ab
1091 3458 1331 3512 Arsenio
1361 3462 1694 3529 patriarcha
1754 3467 1937 3540 impe-

282 3538 558 3591 traverat.

360 3626 638 3694 Συναπτή,
675 3644 730 3698 p.
768 3630 889 3683 174.
951 3631 1218 3704 Synaptze
1269 3653 1480 3693 nomen
1543 3641 1747 3699 Latine
1798 3648 1933 3701 reti-

289 3712 417 3781 nui,
449 3714 588 3785 quia
628 3733 741 3771 non
776 3720 1001 3789 reperio
1032 3739 1215 3777 unum
1276 3725 1433 3780 aliud
1470 3728 1528 3783 in
1578 3738 1778 3788 nostra
1821 3735 1936 3791 lin-

288 3819 404 3873 gua
434 3805 675 3859 verbum
710 3823 826 3877 quo
860 3825 949 3863 res
996 3812 1118 3866 voci
1180 3816 1421 3884 συναπτή
1474 3819 1739 3889 subjecta
1788 3826 1933 3880 satis

286 3892 670 3961 exprimatur.
706 3895 889 3952 Multa
915 3898 985 3953 de
1024 3916 1090 3954 ea
1149 3902 1373 3958 utiliter
1399 3907 1562 3962 docet
1620 3910 1929 3970 Meursius.

276 3979 520 4036 Videtur
551 3982 773 4056 aliquid
806 3985 997 4042 simile
1034 3989 1113 4044 illi
1147 3994 1297 4063 parti
1330 3992 1664 4053 litaniarum
1700 4008 1930 4058 nostra-

277 4085 434 4139 rum,
459 4088 565 4139 qua
592 4077 725 4138 Deo,
760 4076 1040 4131 continua
1073 4081 1223 4135 serie
1285 4084 1467 4140 multo
1520 4093 1932 4147 commendan-

270 4163 390 4226 tur,
425 4159 670 4216 ecclesia
702 4164 960 4234 pontit'ex
983 4172 1119 4237 etc.,
1152 4171 1431 4242 adjuncta
1476 4176 1688 4249 cuique
1736 4180 1926 4237 accla-

264 4248 525 4304 matione
558 4251 758 4322 populi
796 4272 807 4309 :
848 4257 912 4311 Te
947 4274 1226 4330 rogamus,
1296 4264 1437 4319 audi
1485 4283 1601 4335 nos,
1658 4286 1761 4339 pro
1816 4290 1928 4342 quo

260 4335 479 4393 Graecis
510 4345 619 4406 est,
642 4344 751 4394 Τοῦ
784 4343 985 4419 Κυρίου
1018 4342 1299 4421 δεηθῶμεν
1323 4354 1619 4411 Dominum
1646 4375 1923 4430 rogamus.

334 4445 543 4514 Συνών,
577 4464 634 4519 p.
686 4452 792 4506 ,87.
828 4452 1189 4512 Pachomius
1253 4459 1541 4517 litterator
1576 4466 1792 4522 dicitur
1849 4472 1925 4540 τῷ

257 4534 743 4609 Στρατηγοπούλῳ
811 4541 1052 4614 Μιχαὴλ
1110 4546 1306 4602 συνών.
1362 4551 1467 4605 Hic
1532 4556 1629 4605 τοῦ
1714 4562 1925 4611 συνεῖνα

1808 468 2289 531 GLOSSARIUM.

444 577 716 654 Σύμϐολα
773 584 1096 645 δεσποτικοῦ
1167 594 1418 665 θανάτου,
1479 618 1537 672 p.
1593 604 1719 659 350.
1808 608 1996 663 Mani-

336 672 484 727 feste
515 673 575 727 in
609 674 701 761 his
735 694 902 733 sacra
940 681 1304 739 Eucharistia
1336 688 1687 761 designatur
1718 694 1834 751 illis
1864 715 1993 753 ver-

330 759 422 814 bis
457 804 469 816 .
505 756 773 832 2-3p507.1
806 771 1140 824 Δεσπῡτικοῦ
1203 772 1433 833 θανάτου
1492 780 1792 840 dominicae
1845 804 1989 842 mor"

332 852 399 903 tis
430 852 697 921 symbolo,
732 872 858 925 quas
890 861 1093 914 statim
1132 870 1262 933 post
1294 864 1424 938 ἅγια
1457 863 1604 943 δῶρα
1664 883 1986 947 nuncupat.

332 938 514 1007 Cujus
546 942 957 1011 appellationis
1013 954 1298 1005 rationem
1360 938 1547 1010 nemo.
1591 938 1883 1032 requiret;
1925 966 1987 1033 [P

331 1028 459 1097 416]
494 1029 593 1098 qui
630 1032 961 1089 meminerit
994 1036 1143 1092 illud
1195 1043 1453 1111 Apostoli
1513 1047 1583 1100 ad
1617 1049 1638 1101 ι
1670 1028 1984 1122 tam,

327 1134 403 1181 ιιι,
435 1118 505 1171 26
540 1135 551 1171 :
590 1118 1030 1193 Quotiescunque
1056 1128 1462 1187 munducabitis
1509 1152 1711 1204 panem
1740 1139 1887 1195 hunc
1936 1146 1986 1197 et

324 1207 558 1263 calicem
600 1210 816 1279 bibatis,
841 1225 1070 1270 mortem
1091 1219 1311 1274 Domini
1333 1228 1767 1295 tumuntiabitis,
1814 1231 1983 1288 donec

3623 506 3759 560 1066

2027 594 2081 660 Α
2109 614 2321 672 Joanni
2354 621 2509 678 duci.
2551 625 2711 682 Unde
2764 629 3117 705 intelligitur
3169 640 3529 699 additionem
3590 646 3752 704 illam

2102 705 2306 774 primae
2334 711 2569 781 syllabae
2600 717 2671 771 ad
2699 735 2911 776 nomen
2941 724 3099 781 istud
3126 746 3239 784 non
3275 732 3589 802 pertinere,
3651 741 3754 793 sed

2099 796 2435 864 adjunctam
2470 804 2520 857 ei
2555 814 3239 873 consuetudineillarum
3273 824 3536 892 gentium
3568 828 3753 901 origi-

2096 884 2187 937 nis
2220 889 2528 957 Francicae,
2562 894 2648 948 vel
2673 912 2739 950 ex
2772 898 2944 971 longa
2978 920 3111 959 cum
3145 906 3383 964 Francis
3434 924 3752 971 consuetu-

2095 971 2249 1042 dine,
2283 993 2492 1034 nomen
2526 981 2676 1051 Syre.
2714 990 2865 1056 quod
2902 1006 2970 1045 ex
3017 997 3214 1050 Graeco
3272 997 3464 1071 κύριος
3522 1005 3743 1062 factum

2093 1066 2351 1130 putatur,
2386 1084 2492 1123 suo
2526 1072 2772 1145 principi
2807 1085 3404 1143 acoommodantium.
3469 1091 3749 1163 Suspicor

2089 1150 2243 1206 idem
2271 1172 2501 1227 nomen,
2530 1160 2662 1216 licet
2696 1168 2932 1234 paulum
2956 1171 3180 1229 diverse
3212 1178 3520 1248 scriptum.
3546 1184 3733 1241 fuisse

2089 1243 2463 1314 Συριωάννης,
2498 1253 2650 1319 quod
2694 1254 2927 1312 cuidam
2982 1261 3161 1316 nobili
3206 1265 3461 1325 Comano
3511 1272 3570 1325 in
3631 1275 3733 1329 b8.-

2086 1329 2303 1399 ptismo
2336 1335 2586 1393 inditum
2620 1342 2793 1398 refert
2824 1346 3286 1423 Cantacuzenus,
3312 1355 3351 1410 l.
3387 1374 3425 1426 I,
3460 1376 3509 1413 c.
3540 1365 3630 1419 li.

2157 1441 2395 1511 Σφαῖρος
2456 1443 2910 1520 Ἐμπεδόκλειος,
2985 1472 3040 1526 p.
3125 1458 3249 1515 203.
3339 1463 3534 1521 Primo
3588 1470 3740 1525 mihi

2082 1522 2190 1580 loci
2224 1529 2401 1601 hujus
2432 1551 2678 1592 occursu
2712 1541 2870 1595 venit
2917 1543 2974 1597 in
3036 1552 3290 1605 mentem
3352 1552 3576 1610 laudari
3639 1557 3735 1614 hie

2081 1620 2430 1675 sententiam
2467 1624 2801 1698 philosophi
2834 1632 3047 1688 veteris
3075 1652 3106 1689 e
3137 1637 3449 1711 discipulis
3480 1650 3582 1698 aut
3637 1663 3730 1701 se-

2080 1708 2277 1763 ctariis
2322 1711 2710 1783 Empedoclis.
2768 1719 2863 1773 cui
2934 1738 3145 1779 nomen
3225 1708 3463 1798 sphaere
3551 1742 3727 1791 esset.

2077 1796 2291 1859 Quidni
2320 1800 2474 1854 enim
2500 1804 2635 1859 talis
2667 1808 3081 1878 appellationis
3141 1796 3433 1887 quispiam
3499 1824 3731 1881 dedisse

2074 1900 2311 1954 operam
2346 1889 2675 1960 Empedocli
2699 1897 2759 1964 [P
2800 1900 2924 1971 417]
2952 1903 3253 1974 potuisset,
3287 1924 3421 1962 cum
3452 1911 3733 1981 Sphaerus

2079 1974 2229 2028 alius
2262 1991 2290 2029 e
2321 1977 2614 2037 Cleanthis
2647 1985 2866 2054 schola,
2912 1994 3087 2045 notus
3141 2003 3344 2051 auctor
3403 1974 3727 2057 multorum

2076 2079 2341 2133 Operum,
2376 2068 2615 2139 Diogeni
2647 2074 2873 2130 Laertio
2897 2088 3255 2138 memoratus
3282 2086 3358 2140 sit
3387 2086 3414 2141 7
3446 2089 3730 2147 Animad-

2074 2152 2216 2205 verti
2252 2158 2449 2222 postea
2480 2159 2747 2216 obortam
2798 2167 3132 2235 opinionem
3193 2175 3459 2230 eamdem
3522 2178 3727 2235 Hiero-

2074 2257 2250 2311 nymo
2281 2243 2492 2301 Wolﬁo
2527 2247 2684 2303 hunc
2718 2250 2908 2308 locum
2945 2255 3004 2310 in
3036 2274 3143 2312 sua
3197 2262 3479 2333 Excerpta
3536 2270 3726 2323 conte-

2073 2332 2243 2383 renti.
2281 2335 2395 2388 Sed
2420 2337 2814 2394 consideranti
2850 2359 2970 2397 rem
2997 2348 3280 2404 attentius
3313 2332 3473 2407 brevi
3529 2360 3724 2425 patuit

2070 2422 2296 2492 σφαῖρος
2329 2420 2425 2477 hic
2452 2440 2555 2494 pro
2590 2431 2789 2501 σφαῖρα
2838 2432 3096 2501 positum
3158 2438 3330 2507 plane
3388 2420 3723 2513 signiﬁcare

2068 2507 2285 2575 follem,
2322 2512 2733 2587 orbicularem,
2764 2520 2969 2589 quales
2987 2523 3254 2581 videmus
3288 2507 3722 2602 pilas'majores

2066 2598 2273 2667 spiritu
2311 2602 2623 2671 confertas,
2659 2622 2806 2676 quas
2838 2609 2967 2664 Itali
2995 2614 3237 2682 palloni,
3290 2598 3450 2673 iGalli
3502 2598 3718 2678 bellom

2066 2686 2391 2742 nominant.
2444 2692 2707 2763 Excipiet
2763 2697 2979 2768 aliquis
3033 2709 3234 2758 contra
3287 2723 3399 2761 non
3476 2712 3718 2781 reperiri

2064 2791 2274 2830 nomen
2300 2778 2455 2833 istud
2479 2781 2586 2835 hac
2612 2784 2818 2853 forma,
2839 2790 2939 2843 sed
2967 2790 3258 2847 feminina:
3275 2796 3492 2867 ubique
3513 2802 3717 2855 termi-

2061 2866 2316 2921 nationis
2347 2873 2402 2922 et
2427 2872 2659 2939 generis
2689 2877 2842 2943 apud
2876 2879 3192 2950 scriptores
3242 2884 3520 2941 classicos
3568 2888 3716 2960 legi-

2058 2955 2345 3010 Concedo.
2379 2958 2525 3019 Quid
2561 2965 2685 3015 tum
2720 2972 2924 3034 postea
2958 2970 2979 3021 i’
3008 2986 3081 3024 an
3114 2975 3204 3025 est
3248 2974 3392 3029 adeo
3449 2955 3707 3033 aliendm

2057 3061 2090 3097 a
2121 3045 2492 3116 Pachymeris
2526 3064 2687 3105 more
2718 3055 2999 3122 quiddam
3059 3058 3117 3112 in
3178 3060 3394 3117 talibus
3452 3083 3707 3118 καινοτο-

2057 3136 2174 3202 μεῖν
2208 3134 2235 3187 Ῡ
2270 3135 2545 3191 Praeterea
2579 3141 2867 3211 suspicari
2900 3143 3036 3199 licet
3060 3148 3247 3203 visum
3282 3143 3392 3221 ipsi
3444 3153 3701 3225 aliquem

2053 3221 2271 3276 librum
2304 3223 2491 3279 idonei
2527 3230 2779 3284 auctoris
2812 3248 2879 3285 ex
2911 3232 2985 3288 iis
3044 3238 3249 3293 multis
3305 3241 3403 3307 qui
3462 3244 3533 3297 ad
3596 3262 3702 3300 nos

2054 3329 2168 3367 non
2205 3323 2611 3382 pervenerunt,
2647 3319 2746 3372 ubi
2770 3325 2996 3395 σφαῖρος
3031 3342 3132 3395 pro
3183 3332 3408 3403 σφαῖρος
3457 3348 3699 3401 ponerc~

2045 3408 2158 3456 tur.
2215 3402 2325 3456 Sed
2374 3406 2533 3459 verbi
2590 3412 3043 3467 controversiam
3078 3402 3608 3489 protligaverimus,
3640 3438 3701 3476 re

2042 3490 2223 3545 semel
2259 3491 2385 3561 ipsa
2417 3495 2755 3551 constituta.
2791 3498 3222 3572 Demonstrato,
3259 3506 3526 3577 inquam,
3586 3510 3697 3565 loci

2042 3595 2213 3647 quem
2250 3584 2571 3636 tractamus
2595 3587 2946 3642 sententiam
2980 3592 3206 3663 exigere
3240 3599 3304 3649 ut
3332 3594 3559 3670 σφαίρος
3590 3598 3698 3654 fol-

2039 3665 2152 3721 lem
2190 3671 2451 3723 rotundae
2484 3672 2684 3728 formae
2736 3676 3049 3747 signiﬁcet,
3110 3682 3287 3737 simul
3345 3685 3693 3742 evicerimus

2037 3755 2211 3811 istam
2236 3757 2413 3827 hujus
2438 3761 2734 3817 vobabulli
2755 3764 2863 3821 hoc
2895 3766 3020 3823 loco
3042 3771 3340 3826 notionem
3365 3791 3493 3829 esse
3517 3777 3690 3831 mini-

2038 3860 2131 3898 mc
2161 3846 2424 3901 dubiam.
2456 3853 2609 3919 Ergo
2640 3852 2710 3905 ad
2745 3853 2801 3907 id
2857 3872 2964 3911 nos
3018 3860 3419 3932 accingamus.
3471 3866 3568 3919 Ait
3599 3867 3695 3922 hic

2036 3933 2418 4005 Pachymeres
2468 3939 2861 4007 patriarcham
2956 3948 3291 4017 Arsenium,
3377 3959 3691 4024 postquam

2032 4023 2299 4079 Michaeli
2335 4023 2655 4097 Palaeologo
2688 4029 3025 4099 imperatori
3055 4038 3126 4091 ob
3166 4023 3544 4096 excaecatumi
3575 4061 3688 4115 pu-

2032 4111 2236 4180 piliurn
2271 4118 2328 4166 et
2350 4114 2631 4184 collegam
2667 4135 2841 4174 suum
2875 4121 2933 4175 in
2968 4124 3213 4195 imperio
3234 4129 3521 4186 Joannem
3548 4151 3688 4203 pue-

2032 4217 2162 4254 rum
2196 4203 2380 4256 sacris
2412 4204 2812 4274 interdixerat,
2846 4210 3259 4271 dissimulasse
3291 4224 3512 4288 tamen,
3545 4224 3686 4279 dum

2031 4290 2298 4360 quaedam
2333 4291 2457 4346 ﬁeri
2489 4293 2704 4350 videret
2735 4297 2979 4354 minime
3003 4303 3357 4363 cohaerentia
3380 4325 3514 4364 eum
3544 4329 3685 4366 ana-

2029 4379 2285 4434 themate
2320 4381 2428 4435 rite
2459 4381 2699 4438 intorto.
2737 4385 2877 4442 Nam
2911 4405 3042 4444 cum
3087 4408 3222 4447 eum
3275 4397 3377 4466 qui
3437 4398 3559 4465 tali,
3623 4405 3689 4455 ut

2035 4467 2211 4537 paulo
2247 4475 2380 4524 ante
2412 4469 2693 4542 loquitur,
2717 4475 2903 4544 gladio
2933 4478 3161 4549 spiritu:
3209 4500 3242 4537 a
3272 4489 3689 4545 communione

2032 4556 2286 4613 ﬁdelium
2318 4558 2490 4630 plane
2522 4561 2821 4619 abscissus
2852 4566 3061 4622 fuisset
3093 4574 3256 4626 nefas
3310 4581 3466 4630 esset
3515 4578 3688 4647 juxta

2318 4624 2335 4630 -
3200 4624 3251 4626 ”‘
3317 4624 3465 4630 ""‘
3515 4624 3687 4647 ὐ’““’“⁷’“

257 4624 440 4678 verbo
474 4642 591 4681 non
622 4629 898 4697 quaelibet
919 4631 1215 4689 indicatur
1259 4642 1587 4710 praesentia,
1638 4648 1738 4700 sed
1784 4648 1921 4703 inti-
1952 4673 2002 4733 ι)
2034 4662 2228 4701 sacros
2252 4664 2507 4704 canones
2539 4650 2850 4708 admittere
2874 4656 2944 4709 ad
2970 4656 3149 4713 ullam
3180 4663 3687 4733 participationem

257 4728 394 4767 mus
424 4714 724 4772 convictus
757 4719 1265 4794 domesticumque
1294 4726 1351 4780 in
1386 4745 1445 4783 re
1487 4728 1771 4790 litteraria
1802 4739 1911 4792 mi-

262 4802 602 4873 nisterium,
637 4806 806 4875 quale
839 4809 1046 4865 divites
1071 4811 1208 4867 olim
1232 4814 1543 4872 exihebant
1572 4821 1642 4875 ab
1672 4823 1743 4879 iis
1767 4842 1915 4896 quos

256 4892 413 4961 apud
453 4909 515 4947 se
547 4893 863 4964 habebant,
901 4903 961 4953 ut
984 4916 1184 4957 eorum
1217 4906 1568 4974 eruditione,
1628 4928 1761 4968 cum
1822 4933 1916 4970 es—

256 4983 350 5033 Set
382 4998 530 5051 opus
570 4992 669 5037 aut
725 4992 973 5058 vacaret,
1021 4990 1394 5058 juvarentur.
1452 4996 1521 5051 Hi
1572 4998 1728 5056 haud
1798 5006 1915 5060 fere

248 5070 422 5123 aliter
442 5087 621 5141 quam
653 5072 899 5136 συνόντες
932 5080 1312 5152 vocabantur,
1347 5088 1409 5138 ut
1438 5086 1790 5162 intelligitur
1848 5112 1917 5149 es

245 5157 427 5229 longe
459 5164 516 5214 et
548 5162 907 5236 pereleganti
940 5168 1184 5223 Luciani
1233 5171 1304 5227 de
1356 5172 1449 5229 his
1506 5157 1679 5245 libro,
1740 5184 1915 5253 cujus

244 5247 382 5315 ipse
407 5248 613 5305 titulus
644 5252 1015 5323 (inscribitur
1045 5257 1201 5312 enim
1264 5261 1393 5335 Hepi
1455 5266 1527 5316 ὧν
1588 5262 1673 5319 ἐπὶ
1738 5247 1917 5344 μισθῷ

244 5337 406 5390 603
442 5337 733 5410 συνόντων)
767 5343 917 5398 hanc
951 5362 1127 5415 quam
1162 5351 1486 5409 asserimus
1518 5354 1698 5427 hujus
1747 5378 1915 5417 voca-

252 5424 380 5479 buli
417 5430 715 5485 notionem
751 5433 1138 5492 demonstrat.

325 5525 701 5596 Συριωάννης,
736 5531 952 5600 p.328.
997 5534 1133 5605 Agit
1178 5536 1249 5591 de
1301 5538 1526 5596 Joanne
1576 5543 1724 5601 duce
1784 5566 1914 5620 pro-

252 5612 409 5667 fecto
436 5613 685 5684 Thebas,
712 5623 770 5673 et
827 5619 947 5674 illic
1004 5625 1329 5693 reperiente
1389 5644 1669 5700 magnum
1726 5612 1915 5694 domi-

243 5718 421 5771 num,
456 5720 627 5772 quem
664 5706 869 5778 lingua
900 5712 1270 5783 popularium
1297 5716 1376 5771 ibi
1409 5719 1791 5790 Syrioannem
1825 5746 1916 5784 vo.

244 5790 499 5848 citatum
556 5794 659 5862 ait,
722 5801 777 5851 et
824 5802 1018 5853 tamen
1080 5806 1490 5873 cognominem
1550 5810 1674 5881 ipse
1737 5816 1916 5876 fuisse

583 5915 844 5977 Puson.
895 5920 1004 5980 Gn.
1051 5920 1311 5987 CXLIII.

2031 4752 2357 4806 sacrorum,
2392 4742 2587 4793 tamen
2621 4758 2687 4794 ex
2718 4757 2783 4796 eo
2844 4748 3101 4815 tempore
3160 4766 3275 4803 non
3338 4752 3691 4810 destiterunt

2028 4828 3016 4896 Constantinapolitanisacerdotes
3037 4840 3093 4890 et
3117 4836 3308 4908 clerici
3342 4841 3688 4899 nominatim

2031 4930 2358 4969 memorare
2387 4916 2447 4970 in
2481 4935 2646 4973 sacro
2679 4920 2854 4976 choro
2888 4930 3062 4994 atque
3095 4926 3249 4981 inter
3278 4928 3404 4998 ipsa
3434 4929 3686 5002 liturgiae

2032 5006 2310 5075 mysteria
2342 5006 2753 5077 imperatorem
2778 5010 2911 5068 licet
2930 5019 3525 5085 excommunicatum,
3550 5038 3686 5077 con-

2025 5093 2257 5148 nivente
2290 5096 2361 5149 ad
2407 5096 2516 5152 hoc
2575 5115 2771 5153 coram
2830 5118 2891 5155 se
2951 5111 3301 5175 usurpatum
3354 5110 3685 5179 patriarcha

2026 5186 2185 5237 metu
2222 5184 2463 5253 majoris
2498 5188 2657 5243 mali.
2697 5188 3017 5246 Verebatur
3048 5195 3203 5250 604
3260 5200 3418 5254 enim
3477 5217 3569 5270 ne,
3630 5202 3682 5257 si

2026 5276 2083 5326 et
2107 5271 2215 5326 hoc
2249 5275 2551 5340 vetuisset,
2583 5292 2829 5333 excussa
2862 5296 2978 5350 qua
3008 5286 3310 5357 utcunque
3344 5290 3683 5346 contineba-

2025 5364 2124 5413 tur
2152 5361 2473 5431 imperator
2494 5367 2846 5421 verecundia
2864 5371 3116 5439 quadam
3144 5390 3319 5429 sacrae
3353 5379 3695 5448 potestatis,

2027 5450 2224 5503 omnia
2273 5450 2333 5505 in
2401 5456 2721 5509 extremam
2774 5460 3275 5527 perturbationem
3328 5466 3687 5539 impelleret,

2026 5537 2397 5608 eveniretque
2457 5540 2572 5597 tale
2605 5542 2827 5615 aliquid
2899 5548 3075 5618 quale
3125 5550 3183 5606 in
3236 5552 3456 5626 Ulyssis
3517 5537 3688 5626 nave,

2029 5627 2378 5694 dormiente,
2414 5631 2563 5701 ipso,
2596 5632 2840 5690 feliciter
2874 5638 2943 5691 ad
2978 5642 3212 5709 portum
3247 5642 3570 5714 aspirante,
3593 5649 3683 5701 te-

2029 5716 2281 5770 meraria
2338 5719 2659 5788 cupiditate
2719 5725 3005 5781 comitum
3059 5728 3188 5798 ejus
3270 5730 3505 5802 accidit,
3582 5733 3690 5806 qui

2099 5826 2290 5882 Ἀσκὸν
2329 5829 2425 5901 μὲν
2454 5828 2647 5905 λῦσαν,
2679 5831 2870 5908 ἄνεμοι
2904 5833 2949 5889 δ’
2980 5834 3039 5890 ἐκ
3068 5839 3263 5902 πάντες
3293 5836 3523 5914 ὄρουσαν

3283 5963 3364 6021 34
