4072 6452
451 441 588 497 1067

521 564 666 642 Τοὺς.
693 561 738 619 δ’
770 563 884 638 αἶψ’
910 562 1192 642 ἁρπάσασα
1221 565 1392 642 φέρεν.
1406 562 1669 620 πόντονδε
1699 563 1904 620 θύελλα

528 633 1027 712 Κλαίονταςγαίης
1059 636 1166 691 ἀπὸ
1197 633 1483 710 πἀτρίδος,

455 751 521 802 ut
551 747 676 818 ipse
708 745 947 817 Ulysses
979 744 1187 817 lugens
1217 744 1457 800 Alcinoo
1491 749 1691 801 narrat
1739 745 1845 802 Od.
1905 766 1940 799 κ
1995 748 2106 803 sub

453 835 692 892 initium
733 851 748 890 :

457 951 634 1007 Utrem
649 949 868 1022 quidem
892 951 1187 1022 solverunt:
1222 948 1376 1004 venti
1414 955 1603 1005 autem
1628 968 1818 1006 omnes
1858 968 2106 1021 erupere:

455 1025 601 1091 Ipsos
632 1021 754 1078 vero
786 1024 965 1077 subito
997 1021 1224 1092 rapiens
1275 1021 1405 1076 tulit
1466 1025 1526 1076 in
1589 1025 1822 1078 Pontum
1866 1025 2111 1095 procella

453 1096 668 1150 Flentes
696 1111 730 1149 a
751 1103 898 1150 terra
923 1095 1133 1164 patria.

449 1209 753 1280 Ejusmodi
790 1209 1130 1280 quempiam
1154 1209 1350 1276 [mlum
1379 1211 1790 1276 tempestatibus
1820 1213 2023 1276 utrem,
2047 1215 2112 1264 ut

449 1297 666 1354 alicubi
722 1296 982 1368 loquitur
1044 1297 1340 1366 Horatius,
1403 1298 1496 1353 hic
1556 1297 1787 1374 σφαίρου
1827 1298 2109 1355 vocabulo

447 1386 774 1458 designavit
796 1387 1205 1456 Pachymeres,
1231 1387 1360 1456 ejus
1375 1387 1561 1458 ﬁgura
1584 1388 1958 1460 imperatoris
1980 1387 2108 1442 irri-

445 1473 689 1530 tabilem
713 1474 977 1530 animum
1005 1475 1390 1541 adumbrans,
1415 1492 1589 1547 quem
1611 1477 1738 1548 jam
1762 1483 2108 1532 mstuantem

447 1565 535 1620 ira
577 1565 738 1637 gravi
768 1565 840 1620 ob
875 1566 1191 1622 anathema
1231 1566 1546 1631 inﬂictum,
1580 1568 1629 1623 si
1663 1586 1874 1625 rursus
1924 1574 2110 1642 patri-

447 1654 626 1709 archa
657 1655 992 1723 lacesseret,
1027 1653 1352 1726 periculum
1385 1661 1510 1711 erat
1560 1673 1629 1711 ne
1660 1657 1709 1712 is
1741 1663 1890 1714 totas
1933 1660 2108 1716 habe-

447 1759 556 1798 nas
589 1743 769 1802 furori
795 1744 1038 1799 laxaret.
1073 1745 1288 1814 Audio,
1319 1745 1472 1799 dicet
1507 1746 1654 1801 forte
1683 1747 1927 1818 quidam
1976 1767 2107 1806 eru-

447 1833 607 1888 ditus
641 1832 866 1888 lector:
917 1835 1016 1888 sed
1075 1837 1216 1888 tunc
1279 1839 1617 1904 oportuerat
1665 1836 1822 1891 hunc
1880 1844 2107 1914 σφαῖρον

1507 447 1576 508 ἐΡ.
1621 445 1893 500 POSSI‘NI
1932 445 2554 504 OBSERVATIONUM
2591 452 2722 506 LIB.
2762 456 2807 508 Ι.

3697 471 3804 528 1068

2138 576 2197 640 Α
2229 570 2662 660 pingondorum
2693 576 2750 631 in
2787 582 2949 636 utres
2981 595 3185 638 eorum
3217 583 3435 642 similes
3465 604 3599 660 quos
3646 594 3806 653 Eolus

2215 659 2406 731 Ulyssi
2441 663 2696 719 donavit.
2732 667 2870 737 Ejus
2917 669 3038 725 haec
3095 671 3272 728 verba
3323 659 3495 731 sunti
3545 678 3812 751 Ἀνεμοκοῖο

2211 769 2297 802 ται
2345 751 2501 826 γένος
2551 753 2601 806 ἐν
2658 755 2902 829 Κορίνθῳ
2932 757 3164 831 ἀνέμους
3196 762 3525 834 κοιμίζοντες
3550 809 3561 822 .
3592 767 3658 830 εἷς
3705 772 3807 849 ὅπερ

2217 834 2401 907 δεξιῶς
2450 839 2663 916 λέγεται
2725 841 3027 910 διακεῖσθαι
3077 849 3165 903 καὶ
3211 849 3603 925 Ἐμπεδοκλῆς,
3649 858 3702 911 οὗ
3740 834 3810 914 καὶ

2215 927 2290 988 εἷς
2323 929 2456 982 αὐτὸ
2497 931 2668 1005 τέχνη
2704 933 3010 1009 ἱστόρηται.
3059 942 3427 999 Anemocteta'e
3469 955 3620 1002 secta
3664 947 3810 1005 homi-

2213 1033 2349 1073 num
2377 1036 2574 1076 nomen
2605 1031 2682 1079 est
2707 1023 2971 1082 Corinthi
2997 1032 3184 1084 ventos
3221 1030 3587 1099 sapientium;
3625 1052 3720 1108 qua
3734 1055 3814 1092 va-

2215 1107 2385 1164 luisse
2416 1111 2472 1164 in
2530 1113 2731 1182 primis
2777 1117 2976 1185 peritia
3038 1117 3246 1173 dicitur
3283 1107 3639 1192 Empedocles,
3682 1130 3812 1197 cujus

2219 1199 2278 1252 in
2319 1198 2420 1254 hoc
2446 1216 2643 1270 genere
2673 1220 2763 1257 ars
2794 1205 2860 1259 ab
2892 1204 3173 1262 historicis
3195 1209 3467 1267 celebrata
3489 1216 3580 1268 est.
3604 1217 3680 1268 Ita
3720 1214 3815 1281 ille,

2218 1287 2375 1344 locos
2406 1289 2675 1346 alludens
2709 1309 2820 1348 non
2856 1294 3050 1350 solum
3083 1299 3260 1353 modo
3294 1305 3632 1357 memoratos
3651 1303 3814 1358 Timei

2216 1382 2269 1428 et
2303 1376 2574 1444 Lasertii,
2600 1379 2698 1432 sed
2735 1379 2983 1437 aliorum
3019 1384 3218 1452 etiam,
3253 1385 3672 1459 historicorum,
3710 1396 3822 1461 puta

2217 1463 2505 1535 Porphrii,
2539 1469 2711 1538 cujus
2742 1471 2801 1523 in
2835 1471 2968 1525 Vita
3007 1472 3345 1544 Pitbagorie,
3405 1477 3667 1533 editionis
3712 1480 3818 1536 Hol-

2217 1552 2517 1622 stenianae,
2553 1557 2707 1627 typis
2737 1557 3062 1630 Vaticanis,
3117 1561 3234 1618 haec
3290 1563 3562 1637 leguntur
3606 1585 3659 1639 p.
3713 1569 3766 1623 19
3807 1587 3817 1624 :

2215 1641 2308 1693 Ὧν
2374 1640 2774 1714 μεταλαϐόντας
2831 1645 3211 1719 ἘμπεδοκΛὲα
3261 1672 3321 1706 τε
3375 1653 3461 1707 καὶ
3521 1653 3821 1728 Ἐπιμενίδην

2214 1729 2303 1783 καὶ
2355 1727 2580 1806 Ἄϐαριν
2632 1734 2906 1799 πολλάκις
2959 1736 3384 1796 ἐπιτέτελεκὲναι
3435 1747 3665 1798 τοιαῦτα·
3709 1742 3822 1814 δῆλα

2217 1816 2265 1872 δ’
2321 1820 2378 1873 α·’
2430 1825 2455 1835 ”
2600 1823 2614 1840 ‘
2779 1827 2812 1878 τί
3044 1828 3057 1847 ⁸
3130 1829 3140 1845 ’
3407 1833 3430 1852 "

2361 1842 2497 1874 υτων
2556 1844 2623 1876 τοι
2679 1845 2966 1896 ποιεματα
3039 1848 3344 1904 υπαρχειν.
3431 1831 3625 1894 Αλλως
3675 1853 3725 1887 τε
3769 1854 3821 1886 κα

445 1917 776 1989 Ὀδύσσειον,
829 1938 943 1976 non
1006 1917 1436 1993 Ἐμπεδόκλειον
1507 1923 1729 1979 dictum
1790 1943 1819 1980 a
1881 1907 2073 2001 Pachy

2214 1907 2546 1982 ἀλεξάμενος
2621 1913 2715 1985 μὲν
2792 1915 2860 1982 ἦν
2935 1917 2998 1970 τὸ
3056 1915 3347 1991 ἐπώνυμον
3408 1919 3822 1993 Ἐμπεδοκλέους,

443 2026 622 2066 mere.
654 2010 801 2066 Nam
833 2011 972 2081 quid
1007 2011 1241 2066 utribus
1273 2011 1472 2066 IEoliis
1504 2028 1638 2068 cum
1701 2014 2049 2085 Empedocle
2073 2019 2099 2072 ‘l

440 2101 523 2154 Ad
559 2100 679 2155 haac
700 2115 1056 2155 occursurus
1087 2116 1225 2171 rogo
1256 2117 1491 2172 aequum
1551 2102 1842 2158 arbitrum
1903 2122 2101 2162 rerum

441 2189 762 2244 informare
792 2205 993 2244 secum
1028 2205 1098 2243 ne
1129 2195 1407 2259 gravetur
1455 2189 1647 2245 ideam
1709 2192 1930 2263 ingenii
1989 2197 2102 2252 Pa-

438 2277 732 2350 chymeris
772 2294 954 2348 supra
988 2279 1228 2333 modum
1252 2279 1596 2350 antiquarii,
1631 2296 1693 2336 se
1750 2283 2099 2354 eruditionis

441 2367 754 2438 abstrusas,
789 2367 944 2438 quod
981 2366 1183 2422 multis
1223 2383 1293 2422 ex
1326 2367 1466 2423 locis
1497 2374 1681 2440 patet,
1724 2376 2099 2431 ostentatoris

439 2473 586 2528 pene
613 2456 824 2527 putidi.
861 2457 1010 2527 Ergo
1044 2455 1094 2510 is
1143 2473 1255 2511 non
1314 2456 1459 2512 satis
1520 2458 1743 2514 habens
1804 2461 2099 2521 indicasse

437 2549 637 2601 notam
668 2544 781 2600 sibi
813 2549 1123 2600 ventorum
1155 2546 1213 2600 in
1248 2550 1410 2602 utres
1438 2553 1773 2604 coactorum
1809 2551 1878 2605 ab
1936 2553 2097 2610 IEolo

435 2640 490 2690 ct
523 2633 708 2706 Ulyssi
742 2635 1094 2689 traditorum
1129 2634 1410 2703 fabulam,
1441 2637 1610 2692 etiam
1648 2638 1893 2696 innuere
1925 2658 2096 2698 cura-

438 2723 520 2779 vit
549 2723 702 2778 haud
733 2739 794 2779 se
827 2724 1100 2794 ignorare
1131 2725 1430 2794 quodnam
1481 2732 1638 2780 esset
1693 2728 1822 2797 ejus
1883 2731 2092 2787 funda-

439 2818 704 2868 mentum
740 2811 966 2867 fabulae.
1001 2814 1063 2881 [P
1105 2813 1230 2884 418]
1263 2813 1390 2868 Non
1421 2814 1578 2868 enim
1629 2816 1700 2870 de
1753 2817 1935 2874 nihilo
1993 2819 2096 2877 illa

439 2900 725 2954 Homerus
757 2899 947 2967 ﬁnxit,
980 2900 1082 2954 sed
1117 2899 1316 2954 allusit
1338 2899 1395 2953 in
1427 2917 1494 2954 eo
1527 2902 1596 2956 ad
1632 2903 1917 2974 magicam
1973 2907 2091 2963 vim

435 2989 659 3044 utrium
695 2988 1111 3059 quorumdam,
1145 2989 1358 3059 quibus
1408 2991 1478 3043 ad
1509 2995 1716 3046 ventos
1776 2993 2092 3064 sopiendos

436 3077 891 3148 praestigiatores
919 3078 1038 3146 jam
1071 3077 1208 3132 olim
1244 3082 1568 3145 uterentur,
1603 3095 1632 3133 θ
1663 3098 1912 3151 quorum
1938 3091 2092 3155 post-

434 3183 500 3222 ea
530 3182 776 3222 numero
809 3167 916 3221 fuit
939 3166 1338 3238 Empedocles.
1398 3168 1502 3224 Hie
1546 3169 1702 3225 enim
1763 3173 1916 3228 inter
1973 3175 2090 3232 alia

434 3256 668 3327 magicae
727 3255 871 3311 artis
926 3256 1346 3327 experimenta,
1401 3257 1666 3328 qualium
1721 3261 2084 3320 edendorum

432 3345 674 3400 modum
707 3361 772 3400 ac
805 3344 956 3400 viam
987 3361 1050 3401 se
1082 3346 1443 3401 traditurum
1469 3348 1750 3417 jactabat,
1793 3352 2084 3408 sedando-

433 3452 564 3490 rum
597 3436 653 3491 et
682 3434 1124 3490 excitandorum
1157 3439 1463 3489 ventorum
1499 3436 1865 3494 arbitrariam
1922 3447 2087 3512 pote—

430 3527 642 3579 statem
677 3527 970 3591 numerat,
1014 3523 1100 3578 sic
1128 3523 1187 3577 in
1222 3524 1476 3595 quodam
1505 3531 1792 3597 poemate,
1825 3529 2088 3602 discipu-

431 3611 554 3668 lum
588 3610 888 3683 alloquens
929 3629 943 3666 :

434 3750 660 3834 Παύσεις
691 3750 738 3805 δ’
768 3752 1058 3824 ἀκαμάτων
1091 3747 1303 3834 ἀνέμων
1341 3752 1519 3834 μενος,
1554 3754 1656 3811 οἵτ’
1687 3757 1773 3812 ἐπὶ
1807 3765 1963 3834 γαῖαν

427 3822 747 3905 Ὀρνύμενοι
781 3822 998 3905 πνοαῖσι
1019 3822 1442 3905 ,καταφθίνουσιν
1473 3826 1729 3905 ἄρουραν,

425 3893 530 3954 Καὶ
561 3893 729 3950 παλιν
757 3898 824 3966 ἣν
855 3898 905 3950 κ’
951 3893 1239 3967 ἐθὲλησθά,
1289 3893 1580 3956 παλίντιτα
1610 3893 1890 3974 ’πνεύματ’
1948 3905 2076 3960 ἐπά-

1729 3976 1856 4048 [ξεις
1892 3985 1998 4033 etc.

416 4093 643 4150 Sedabis
674 4093 1076 4167 indefessorum
1095 4099 1397 4167 ventorum,
1429 4102 1702 4171 furorem,
1744 4119 1856 4173 qua
1903 4121 2070 4175 supra

410 4238 646 4294 Βαθηίθδ
665 4239 890 4308 Παῑίῦῑιε
905 4239 1188 4295 devastant
1201 4249 1329 4297 sata
1346 4259 1358 4297 :
1829 4177 1954 4247 [ten
1973 4195 2068 4233 am

404 4311 471 4364 Et
487 4326 706 4378 rursus,
735 4310 787 4365 si
809 4311 1059 4376 libuerit,
1081 4317 1335 4368 revocata
1357 4313 1582 4370 reduces
1604 4330 1794 4371 eorum
1815 4320 1996 4388 ﬂabra

406 4436 707 4500 Quomodo
731 4439 924 4490 autem
949 4436 1071 4491 hac
1095 4441 1414 4507 praestaret,
1435 4439 1615 4493 tradit
1641 4440 1896 4498 Timaeus
1913 4443 2058 4502 Hist.

402 4525 441 4579 l.
482 4525 566 4593 18,
597 4524 681 4579 sic
711 4524 991 4580 recitatos
1023 4543 1056 4579 a
1088 4525 1342 4598 Diogene
1379 4545 1391 4582 :
1435 4527 1697 4596 Ἐτησίων
1759 4530 1891 4584 ποτὲ
1927 4553 2056 4607 σφο-

399 4607 542 4686 δρῶς
576 4609 940 4681 πνευσάντων,
975 4612 1047 4674 ὡς
1097 4611 1224 4676 τοὺς
1253 4615 1493 4690 καρποὺς
1542 4615 1807 4690 λυμῆναι,
1861 4619 2054 4676 κελεύ-

396 4719 490 4760 σας
517 4697 945 4773 (Ἐμπεδοκλῆς)
978 4696 1135 4762 ὅνους
1182 4699 1475 4774 ἐκδαρῆναι
1522 4705 1609 4758 καὶ
1660 4705 1859 4771 ἀσκοὺς
1889 4717 2050 4780 ποιῆ-

395 4809 506 4857 σαι,
558 4790 695 4864 πρὸς
753 4789 880 4850 τοὺς
937 4787 1144 4864 λόφους
1202 4791 1291 4844 καὶ
1341 4793 1434 4853 τὰς
1468 4793 1768 4867 ἀκρωρείας
1827 4795 2047 4854 διέτεινε

388 4878 526 4952 πρὸς
581 4880 644 4933 τὸ
704 4874 999 4934 συλλαϐεῖν
1051 4879 1112 4933 τὸ
1171 4884 1403 4952 πνεῦμα.
1462 4885 1665 4939 Etesiis
1733 4887 2045 4960 aliquando

381 4969 739 5025 vehementer
766 4970 1058 5040 ﬂantibus,
1087 4969 1168 5026 sic
1189 4981 1249 5026 ut
1274 4973 1497 5040 fruetus
1527 4985 2041 5051 corrumperentur,

374 5060 550 5130 jussis
575 5060 893 5116 excorriari
920 5061 1117 5127 asinis,
1153 5071 1302 5116 utres
1329 5077 1398 5115 ea:
1423 5079 1623 5118 earum
1659 5067 1897 5137 pellibus
1952 5074 2042 5139 fa-

379 5156 489 5202 ctos
517 5148 786 5218 expandit
825 5148 1042 5204 hiantes
1070 5165 1268 5205 auram
1317 5167 1508 5206 versus
1560 5155 1620 5207 in
1670 5155 1827 5225 j-ngis
1883 5159 2032 5216 605

376 5236 608 5292 collium
629 5241 682 5292 et
738 5238 1034 5308 montium,
1076 5241 1238 5309 quasi
1282 5240 1356 5293 ad
1401 5241 2034 5317 spiritnmcomprehen-

375 5326 643 5381 alendum.
675 5327 876 5381 Innuit
906 5334 1101 5382 autem
1129 5329 1443 5385 historicus
1476 5332 1614 5388 hinc
1659 5343 2032 5394 consecutam

370 5413 860 5486 tranquilitetem,
909 5416 1067 5471 velut
1097 5418 1283 5472 ventis
1341 5418 1400 5474 in
1451 5436 1740 5478 carcerem
1801 5442 2036 5498 compa-

369 5505 500 5560 ctis.
534 5503 695 5570 Quod
741 5502 992 5574 populus
1026 5506 1352 5562 admiratus
1387 5509 1724 5580 Empedocli
1773 5511 2027 5568 κωλυσα-

363 5588 531 5664 νὲμου
599 5603 882 5647 ventorem
941 5593 1264 5650 inhibiloris
1326 5613 1649 5668 cognomen
1729 5603 2026 5661 indiderit.

362 5683 706 5738 Eustathius
738 5698 972 5754 quoque
1006 5678 1384 5756 Παρεκϐολαῖς
1417 5689 1485 5742 ad
1513 5685 1629 5744 Ὀδ.
1676 5711 1709 5742 κ
1754 5695 2027 5750 meminit

360 5771 734 5838 Empedoclis
767 5779 1049 5840 tanquam
1085 5779 1204 5826 arte
1235 5774 1460 5843 praediti
1519 5787 1822 5836 ventorum
1859 5801 2021 5843 com-

2208 2002 2342 2065 Quae
2376 2008 2673 2072 postrema
2704 2007 2878 2060 verba
2907 2008 3353 2066 eruditissimus
3383 2011 3707 2068 Holstenius
3759 2013 3822 2067 sic

2205 2090 2422 2158 vertit;
2459 2091 2603 2159 Quin
2661 2102 2715 2148 et
2760 2096 3079 2166 Empedocli
3133 2115 3435 2168 cognomen
3502 2110 3614 2157 erat
3646 2102 3814 2156 Alexa-

2205 2183 2357 2236 nemi
2404 2181 2522 2236 sive
2555 2187 2852 2240 averrunci
2894 2193 3197 2243 υϐηίονιιηι.
3271 2190 3435 2246 Hanc
3491 2208 3555 2246 6X
3607 2195 3826 2246 veterum

2206 2251 2451 2324 lectione
2483 2272 2554 2325 de
2587 2273 2937 2345 Empedocle
2961 2277 3175 2332 famam
3209 2279 3613 2335 observantem
3660 2280 3826 2335 animo

2203 2357 2588 2428 Pachymeres
2621 2360 2866 2428 habens,
2899 2363 3036 2418 dum
3073 2365 3401 2435 periculum
3436 2368 3822 2423 exitiosissima

2204 2447 2467 2517 procellae
2501 2451 2775 2519 prudenti
2806 2454 3180 2508 conniventia
3212 2455 3463 2511 vitatum
3493 2457 3561 2511 ab
3608 2455 3819 2511 Arsenio

2204 2537 2556 2606 patriarcha,
2595 2539 2814 2594 utrium
2846 2541 2994 2597 Eoli
3028 2542 3218 2614 Ulyssi
3268 2545 3620 2600 traditarum
3674 2550 3726 2598 et
3767 2543 3822 2597 ab

2203 2627 2331 2695 ejus
2376 2627 2692 2684 comitibus
2733 2629 2955 2700 ingenti
3005 2633 3262 2702 pernicie
3317 2634 3580 2705 ipsorum
3637 2638 3822 2688 temere

2201 2721 2692 2772 contrectatarum
2732 2720 2998 2791 exemplo
3031 2719 3379 2778 illustraret.
3416 2741 3530 2778 non
3564 2739 3624 2778 se
3667 2719 3824 2777 tenuit

2200 2805 2338 2876 quin
2374 2807 2632 2861 fabulam
2666 2825 2798 2864 cum
2835 2809 3078 2866 historia
3119 2814 3497 2868 commistam
3558 2813 3823 2884 oggereret

2198 2893 2420 2961 lectori,
2456 2895 2793 2952 Homericos
2826 2903 3131 2954 ventorum
3171 2900 3342 2956 folles
3364 2919 3498 2957 cum
3529 2899 3758 2956 asininis
3797 2914 3824 2952 a

2197 2983 2414 3039 Timaeo
2449 2989 2780 3041 memoratis
2813 2988 3176 3058 Empedoclis
3205 2991 3444 3046 utribus
3477 3007 3592 3046 una
3609 2987 3820 3044 mentio-

2195 3090 2267 3127 ne
2325 3076 2693 3146 conjungens
2750 3076 2980 3150 σφαίρου
3018 3075 3455 3148 ³Εμπεδοκλὶου.
3509 3076 3821 3150 Sicquidem

2194 3163 2585 3233 conjectabar.
2621 3165 2790 3221 Recte
2840 3183 2912 3221 an
2971 3183 3165 3238 secus,
3223 3171 3376 3240 aequi
3439 3169 3665 3225 lectoris
3720 3170 3822 3221 esto

2190 3251 2507 3321 judicium.

2274 3357 2512 3432 μεγάλης
2587 3379 2641 3432 p.
2702 3362 2826 3430 469,
2891 3361 2987 3415 Καὶ
3043 3367 3135 3416 τὸν
3196 3364 3691 3438 παρακοιμώμενον
3740 3363 3822 3421 τῆς

2199 3445 2442 3522 μεγάλὴς
2473 3444 2788 3524 σφενδόνης.
2841 3451 3109 3506 Meminit
3139 3451 3323 3523 hujus
3357 3455 3537 3510 ofﬁcii
3586 3452 3827 3509 Codimus

2195 3554 2243 3592 c.
2279 3539 2330 3607 4,
2365 3539 2462 3593 ubi
2496 3540 2674 3594 trudit
2725 3539 2791 3592 τὰ
2849 3543 2944 3592 τοῦ
2992 3544 3505 3615 παρακοιμωμὲνου
3559 3537 3821 3618 σφενδόνης

2193 3627 2499 3702 φορέματα,
2533 3629 2748 3698 quibus
2779 3629 2829 3683 is
2859 3631 3125 3685 vestibus
3173 3637 3230 3686 et
3290 3634 3634 3705 insignibus
3689 3634 3824 3703 pote-

2191 3717 2355 3772 statis
2389 3723 2671 3773 uteretur.
2706 3719 3016 3774 Gretserus
3047 3726 3247 3775 noster
3275 3721 3361 3776 ibi
3385 3723 3562 3778 vertit
3593 3739 3606 3777 :
3647 3721 3822 3789 Prw/e-

2187 3808 2264 3861 cti
2291 3808 2475 3874 sigilli
2504 3825 2600 3861 seu
2649 3810 2851 3863 annuli
2895 3810 3199 3879 signatorii
3238 3813 3582 3881 gestamina,
3639 3807 3818 3864 melius

2187 3913 2358 3966 quam
2391 3897 2626 3965 Junius,
2677 3897 2777 3969 qui
2831 3898 3334 3970 παρακοιμώμενον
3400 3896 3694 3977 σφενδόνης
3743 3912 3816 3951 οσ-

2182 3987 2484 4040 cubitorem
2533 3987 2728 4056 fundae
2776 3987 3214 4058 interpretatur,
3265 3995 3374 4045 aut
3429 3992 3604 4045 etiam
3663 3999 3813 4060 quam

2182 4077 2470 4146 interpres
2497 4077 2654 4131 luris
2714 4076 3181 4132 Graece-Romani
3241 4080 3341 4133 cui
3405 4076 3814 4152 παρακοιμώμε·

2177 4186 2268 4226 νος
2291 4171 2390 4233 τῆς
2435 4163 2678 4240 μεγάλης
2730 4163 3021 4241 σφενδόνης
3077 4168 3366 4223 accubitor
3426 4183 3645 4241 magna?
3694 4162 3813 4237 ραῖᾶῖ

2176 4255 2393 4308 dicitur
2441 4250 2714 4328 Σφενδόνη
2772 4255 3000 4326 proprie
3028 4256 3204 4324 funda
3263 4258 3431 4313 saxis
3483 4252 3812 4328 jaculandis,

2176 4342 2563 4397 usitatissima
2595 4345 2978 4398 translatione
3011 4362 3043 4398 a
3085 4345 3285 4399 formae
3352 4347 3617 4417 quadam
3674 4339 3809 4398 simi-

2173 4431 2420 4487 litudine
2452 4431 2648 4495 ducta,
2679 4431 2872 4503 palam
2903 4432 3106 4488 annuli
3141 4433 3478 4505 signiﬁcat,
3541 4446 3600 4490 ut
3657 4429 3811 4488 notis-

2169 4519 2384 4575 simum
2418 4524 2539 4588 est;
2578 4538 2679 4576 nec
2713 4519 2911 4576 minus
2943 4527 3319 4594 perspectum
3359 4524 3660 4596 obsignari
3689 4521 3809 4574 litic-

2165 4628 2261 4666 ras
2293 4611 2432 4666 olim
2479 4609 2682 4665 solitas
2715 4610 2914 4666 annuli
2950 4611 3082 4681 pala
3149 4613 3331 4667 certis
3363 4613 3670 4685 insculpta
3698 4609 3803 4664 cha-

2164 4701 2486 4755 racteribus
2517 4705 2619 4755 aut
2668 4700 2890 4764 formis,
2925 4717 3067 4755 cerae
3116 4702 3344 4758 chartis
3392 4704 3675 4774 appositae
3723 4697 3796 4751 im-

2158 4807 2378 4861 pressa.
2411 4789 2555 4843 Hinc
2589 4784 2850 4862 σφενδόνη
2879 4795 3010 4860 pata
3032 4789 3255 4854 annuli,
3279 4792 3556 4863 sigillum
3581 4791 3800 4846 dicitur:

2156 4880 2309 4949 quod
2336 4879 2396 4950 [P
2429 4880 2554 4950 419]
2589 4895 2722 4932 cum
2757 4879 2968 4948 duplex
3000 4885 3101 4934 aut
3159 4879 3483 4952 multiplex
3533 4882 3800 4951 imperan-

2153 4969 2312 5023 tibus
2344 4973 2520 5034 esset,
2573 4967 2808 5022 maximi
2871 4969 3137 5024 omnium
3197 4975 3408 5026 custos
3466 4961 3803 5045 παρακοιμώ-

2155 5077 2313 5127 μενος
2380 5054 2626 5130 μεγάλης
2688 5053 2986 5132 σφενδόνης
3053 5058 3162 5113 hoc
3249 5060 3382 5115 loco
3473 5057 3799 5130 appellatur.

2150 5147 2336 5209 Quare
2359 5152 2554 5202 autem
2602 5147 3070 5220 παρακοιμώμεον
3101 5147 3128 5202 ?
3180 5149 3342 5204 606
3406 5149 3634 5221 Opinor
3685 5140 3804 5215 quia

2147 5253 2216 5292 ex
2246 5237 2315 5290 iis
2345 5242 2469 5291 erat
2500 5237 2602 5308 qui
2634 5253 2702 5291 ex
2735 5237 2926 5293 ofﬁcio
2958 5238 3195 5294 assidue
3242 5255 3546 5310 apparere
3603 5236 3800 5291 circum

2147 5327 2559 5397 imperatorem
2593 5331 2696 5381 aut
2727 5327 2786 5381 in
2810 5328 3072 5397 proximo
3105 5327 3176 5382 ad
3226 5327 3471 5384 subitas
3531 5321 3801 5384 evocatio-

2145 5433 2248 5470 nes
2282 5433 2514 5486 semper
2553 5432 2683 5470 esse
2745 5417 3056 5482 debebant,
3115 5415 3472 5472 cubiculum
3535 5408 3803 5488 principis

2142 5505 2240 5558 diu
2275 5505 2392 5560 fere
2425 5508 2718 5575 noctuque
2750 5505 3211 5576 frequentantes.
3261 5505 3422 5561 Vide
3483 5521 3612 5577 qua:
3677 5495 3805 5555 dixi-

2143 5610 2273 5647 mus
2305 5592 2481 5647 verbo
2511 5592 3032 5665 παρακοιμώμενος.

2212 5696 2430 5772 Σχολή,
2465 5717 2518 5769 ρ.
2551 5699 2621 5753 50
2653 5705 2709 5753 et
2734 5700 2855 5753 353.
2893 5699 3275 5762 Peculiarem,
3331 5700 3398 5754 ni
3446 5699 3643 5766 fallor,
3693 5693 3797 5751 vim

2135 5789 2311 5843 habet
2339 5805 2445 5842 vox
2477 5787 2658 5859 σχολή
2697 5789 2802 5843 hoc
2835 5790 2982 5857 loco,
3013 5789 3352 5861 emphasim
3390 5791 3589 5846 ferens
3615 5789 3796 5857 cujus-
