4072 6430
292 443 434 501 1069

291 568 427 621 dam
468 563 946 638 interrogationis
998 567 1185 623 ironia
1235 569 1563 625 submista.
1600 560 1807 634 Agitur
1872 552 1944 606 de

1765 433 2250 491 GLOBSARIUM.

3578 452 3597 503 1
3610 452 3716 506 070

2057 550 2251 611 locum
2274 559 2614 616 exscribens
2649 561 2996 633 particulam
3023 579 3125 635 pro
3157 566 3420 641 negligit.
3443 571 3537 627 Sic
3553 573 3710 629 enim

289 654 488 710 Serbis
522 655 776 726 populis,
812 673 959 727 quos
993 659 1232 728 propria
1254 658 1558 729 civiumfet
1591 638 2205 728 populariumﬁhabet
2241 662 2252 700 :
2297 648 2455 703 Soleo
2488 651 2568 704 vel
2600 667 2676 705 ea
2706 651 2918 707 dicitur
2966 670 3085 725 quae
3115 656 3235 711 solo
3292 638 3447 729 pedis
3476 662 3713 733 subjici-

294 761 537 800 suorum
588 762 790 816 rapere
839 746 1064 812 solitos,
1127 747 1445 803 verisimile
1492 763 1606 801 non
1666 746 1823 798 esset
1879 740 1949 793 ab

294 835 546 889 externis
580 851 681 905 per
710 852 911 889 eorum
946 835 1091 891 ﬁnes
1126 837 1613 909 peregrinanibus
1658 840 1948 903 tempera-

294 931 481 988 turos,
519 924 627 977 hac
660 926 838 979 ferme
884 928 1175 982 sententia
1202 943 1213 980 :
1240 927 1346 991 Qui
1379 944 1518 982 suos
1546 926 1800 995 diripere
1834 937 1947 975 non

294 1014 592 1080 dubitant,
624 1013 697 1067 ab
742 1012 951 1069 alienis
994 1015 1214 1070 scilicet
1271 1014 1697 1070 abstinebunt‘l
1730 1012 1945 1066 lterum

290 1105 350 1158 in
386 1101 565 1157 simili
595 1103 830 1158 notione
862 1111 1213 1176 usurpatum
1246 1106 1355 1160 hoc
1387 1104 1736 1160 vocabulum
1774 1102 1944 1155 habe-

294 1198 410 1256 tur,
445 1192 481 1245 l.
516 1209 572 1258 v,
606 1208 655 1247 c.
694 1193 780 1261 12,
815 1193 872 1247 in
906 1194 997 1249 his
1032 1196 1223 1249 verbis
1276 1212 1287 1249 :
1347 1192 1406 1246 Ei
1460 1190 1515 1246 δὲ
1550 1189 1793 1261 διδοῖμεν
1854 1188 1945 1241 καὶ

293 1279 585 1351 ἔκκλητον,
659 1287 841 1357 σχοΛῇ
910 1305 1033 1338 τινα
1102 1286 1269 1353 τόσην
1340 1284 1607 1357 τέμνοντα
1674 1280 1944 1345 θάλασσαν

288 1373 395 1423 τῶν
434 1366 659 1423 δικαίων
701 1365 1084 1447 ἀμφισϐητεῖν.
1142 1376 1208 1429 Si
1235 1389 1361 1429 vero
1418 1383 1469 1428 et
1489 1376 1585 1444 jus
1603 1371 1945 1443 provocatio-

288 1463 377 1515 nis
408 1463 850 1530 concesserimus,
880 1479 964 1534 per
982 1464 1193 1517 iculum
1221 1466 1394 1534 fuerit
1451 1462 1661 1518 scilicet
1708 1476 1779 1514 ne
1826 1459 1943 1528 quis

288 1557 407 1604 tam
459 1556 603 1606 vasto
653 1554 800 1607 mari
825 1553 921 1622 jus
964 1569 1127 1614 suum
1178 1561 1557 1623 persecuturus
1615 1553 1842 1606 Romam
1889 1564 1944 1603 se

288 1640 579 1709 conferat?
602 1640 794 1695 Alium
821 1641 1005 1697 habeo
1038 1642 1217 1712 hujus
1267 1641 1548 1696 idiotismi
1595 1645 1805 1694 testem
1838 1638 1941 1708 Sy-

290 1746 557 1784 meonem
582 1730 719 1785 Seth
749 1730 806 1784 in
863 1731 1061 1785 Graeca
1093 1749 1162 1785 ex
1184 1731 1427 1786 Arabico
1462 1728 1942 1801 interpretatione

287 1818 422 1874 libri
464 1835 635 1889 quem
667 1820 791 1890 ipse
825 1817 1133 1893 ἰ¹χνηλάτην
1162 1826 1347 1877 vocat.
1383 1820 1548 1875 Hunc
1595 1836 1701 1874 nos
1743 1818 1942 1873 Latine

289 1909 585 1964 redditum
620 1910 691 1963 ad
723 1910 940 1964 calcem
989 1910 1200 1965 harum
1222 1911 1675 1966 Obervationum
1696 1907 1939 1961 mantis-

289 2014 367 2051 sae
399 1997 523 2052 loco
554 1999 785 2052 damus.
822 2000 958 2068 Ejus
990 2000 1047 2053 in
1095 2001 1353 2054 secunda
1384 1999 1788 2054 dissertatione
1848 1996 1931 2051 sic
1963 1992 2010 2057 B
2040 1994 2402 2065 appellantur
2444 2016 2462 2052 .·

288 2086 481 2141 Grazco
512 2087 758 2159 legitur:
793 2086 857 2142 Ei
888 2088 991 2161 γάρ
1036 2089 1109 2160 μή
1164 2088 1297 2161 ὑπὲρ
1358 2086 1519 2142 αὖτοῦ
1578 2084 1935 2159 ἀπολογήση-

282 2174 372 2228 ταί
402 2196 504 2245 τις,
535 2179 719 2249 σχοΛῇ
750 2178 797 2250 γ’
824 2173 882 2230 ἂν
917 2176 1100 2251 ἑτέρου
1154 2176 1595 2251 ὑπερασπίζοιτο.
1633 2176 1739 2245 Qui
1787 2178 1937 2231 enim

281 2283 352 2321 ne
380 2282 437 2321 se
473 2267 688 2337 quidem
737 2270 913 2338 ipsum
971 2269 1029 2322 in
1077 2269 1323 2338 periculo
1372 2267 1701 2337 defenderit,
1752 2266 1818 2320 ab
1878 2280 1937 2319 eo

280 2356 490 2411 scilicet
519 2362 859 2426 exspectetur
900 2366 962 2412 ut
989 2358 1213 2426 fortiter
1253 2374 1352 2428 pro
1380 2358 1609 2411 alterius
1636 2355 1818 2426 capite
1847 2354 1936 2409 de-

279 2449 448 2501 certet
477 2447 504 2499 ?
532 2447 591 2500 In
628 2447 1127 2518 septimaquoque
1154 2448 1238 2501 sic
1270 2448 1469 2518 regina
1492 2447 1767 2500 maritum
1790 2445 1938 2499 allo—

280 2536 504 2605 quitur,
556 2551 921 2605 conquerens
985 2552 1099 2589 non
1152 2534 1575 2589 communicari
1626 2534 1737 2588 sibi
1774 2536 1843 2587 ab
1869 2550 1934 2587 eo

282 2627 434 2681 scitu
468 2626 865 2681 necessarium
901 2644 1176 2681 arcanum
1214 2643 1225 2681 :
1264 2624 1323 2679 Et
1356 2623 1457 2697 γὰρ
1494 2622 1673 2696 ἔμοιγ’
1706 2621 1762 2676 ἃν
1799 2622 1932 2675 ἀπο-

278 2713 510 2788 κρύψῃς,
544 2713 728 2788 σχολῇ
756 2719 808 2788 γ’
840 2711 896 2767 ἂν
932 2713 1535 2788 ὲτέροιςπιστεύσῃςδὶ
1562 2715 1713 2769 enim
1744 2714 1810 2767 de
1838 2714 1935 2767 hoc

276 2822 362 2860 me
390 2806 531 2860 celas
562 2814 715 2859 tuam
762 2804 1065 2875 conjugem,
1101 2804 1240 2859 aliis
1269 2805 1334 2859 id
1380 2805 1594 2859 scilicet
1623 2802 1934 2873 fateberis?

278 2895 365 2949 lta
392 2894 569 2949 etiam
594 2893 858 2963 loquitur
888 2893 1170 2965 Georgius
1202 2892 1529 2963 Acropolita
1561 2892 1620 2947 in
1649 2891 1932 2946 Procemio

280 2984 546 3038 Historiae
579 3001 634 3055 p.
668 2985 703 3036 2
732 2984 822 3039 ed.
852 2988 979 3054 Ceg.

353 3105 590 3174 Σωλὲας,
625 3125 681 3177 p.
730 3109 851 3163 173.
886 3108 1034 3173 Quid
1069 3111 1145 3163 sit
1176 3104 1409 3171 σωλὲας,
1443 3124 1655 3173 magna
1702 3113 1757 3163 et
1801 3125 1929 3178 per-

279 3195 445 3269 plexa
485 3197 726 3268 quaestio
780 3202 887 3252 est.
942 3198 1075 3268 Legi
1122 3202 1409 3263 accurate,
1456 3196 1554 3250 diu
1610 3196 1931 3252 meditatus

275 3303 432 3354 sum,
468 3304 593 3358 quae
618 3288 688 3341 de
712 3286 819 3342 hoc
838 3293 1183 3359 argumento
1207 3286 1314 3341 viri
1338 3285 1659 3341 doctissimi
1678 3287 1929 3342 Joannes

2055 741 2213 789 tur...
2244 738 2332 791 vel
2386 740 2629 794 materia
2670 740 2941 810 robuslea,
2976 760 3143 815 super
3175 763 3339 816 quam
3383 750 3569 820 paries
3598 768 3720 807 cra-

2051 822 2212 878 litius
2233 830 2562 883 exstruitur.
2593 831 2656 883 ln
2684 833 2947 902 margine
2970 833 3296 891 editionum
3328 826 3715 911 Optimarum,

2054 916 2283 969 Venetae
2315 918 2451 971 anni
2488 919 2625 972 l560
2657 936 2724 973 ex
2758 921 3110 977 bibliotheca
3146 926 3381 981 Antonii
3432 930 3712 1001 Augusti-

2054 1001 2135 1066 ni,
2182 1009 2239 1058 et
2286 1007 2631 1063 Parisiensis
2698 1009 3107 1082 Scaligerianse
3176 1016 3314 1070 anni
3371 1018 3530 1087 1584,
3591 1018 3710 1073 ἀντὶ

2049 1089 2146 1144 τοῦ
2176 1111 2279 1163 pro
2309 1098 2646 1167 suggeritur
2688 1098 2803 1153 alia
2834 1099 3007 1156 lectio
3036 1120 3154 1173 per,
3192 1105 3277 1175 [P.
3313 1108 3440 1179 420]
3495 1125 3562 1164 ex
3596 1127 3714 1181 qua

2050 1183 2387 1251 conjectura
2420 1187 2564 1241 forte
2596 1204 2709 1243 non
2744 1206 2891 1245 vana
2917 1192 3187 1259 ducatur,
3234 1196 3519 1266 scriptum
3572 1199 3711 1254 olim

2050 1270 2109 1324 in
2161 1273 2472 1345 archetypo
2524 1276 2706 1331 fuisse
2762 1295 2852 1349 pes
2901 1296 2930 1333 e
2977 1283 3214 1337 materia
3263 1285 3539 1350 robustea,
3588 1293 3699 1343 etc.

2049 1368 2195 1422 Nam
2229 1387 2330 1441 pes
2363 1373 2581 1428 dicitur
2603 1377 2757 1445 quod
2791 1377 2950 1431 aliud
2985 1381 3259 1447 sustinet,
3290 1386 3349 1436 ut
3377 1400 3474 1453 pes
3504 1402 3715 1443 mensae

2049 1456 2258 1525 Plinio,
2301 1460 2339 1514 l.
2384 1478 2483 1528 x11,
2523 1480 2571 1517 c.
2624 1471 2650 1517 l
2698 1481 2711 1518 :
2776 1466 2987 1521 Eodem
3043 1469 3202 1523 ebore
3262 1475 3557 1528 numinum
3608 1492 3707 1531 ora

2045 1552 2422 1616 spectarentur
2462 1556 2510 1605 et
2541 1569 2859 1608 mensarum
2885 1555 3043 1625 pedes
3071 1574 3092 1619 ;
3126 1574 3239 1628 quo
3284 1576 3460 1617 sensu
3495 1567 3710 1620 stereo-

2046 1636 2222 1691 baton
2254 1655 2353 1707 pes
2409 1645 2497 1694 est
2527 1642 2824 1713 stylobati.
2861 1644 3183 1715 Vitruvius,
3217 1647 3257 1703 l.
3289 1666 3376 1715 III,
3404 1668 3451 1705 c.
3487 1653 3521 1707 3
3552 1671 3566 1709 :
3600 1654 3708 1709 Su-

2041 1742 2145 1795 pra
2173 1730 2377 1782 terram
2405 1731 2647 1798 parietes
2702 1736 3069 1788 exstruuntur
3096 1735 3196 1791 sub
3217 1737 3489 1795 columnis
3536 1741 3707 1795 dimi-

2044 1814 2135 1870 dio
2162 1820 2457 1873 crassiores
2486 1836 2652 1890 quam
2702 1822 2977 1880 columnae
3005 1830 3139 1879 sunt
3191 1827 3431 1897 futurae,
3484 1832 3576 1885 uti
3602 1832 3704 1901 ﬁr-

2046 1904 2225 1961 miora
2270 1910 2381 1964 sint
2430 1910 2701 1980 inferiora
2760 1913 3158 1984 superioribus,
3205 1933 3325 1988 quae
3373 1920 3704 1978 stereobata

2515 2016 2647 2053 nam
2675 2001 2962 2072 excipiunt
3016 2019 3204 2060 onera.
3267 2006 3442 2062 Paulo
3504 2015 3635 2080 post
3682 2026 3695 2064 :

2046 2094 2352 2151 Exstructis
2417 2107 2605 2153 autem
2687 2101 3064 2170 fundamentis
3161 2104 3231 2159 ad
3298 2106 3701 2164 libramentum

2042 2183 2351 2254 stylobatae,
2384 2190 2514 2241 sunt
2546 2189 2901 2260 collocanda,
2935 2208 3106 2262 supra
3147 2194 3454 2267 stylobatas
3484 2199 3701 2253 colum-

2044 2290 2135 2331 nas
2162 2278 2541 2347 disponendae,
2575 2284 2682 2334 etc.
2736 2280 2983 2336 Maleriaa
3052 2300 3222 2350 porro
3278 2287 3574 2344 mentione
3608 2308 3697 2345 ro-

2046 2364 2262 2419 busteae
2296 2384 2409 2421 non
2448 2369 2676 2439 proprie
2729 2369 3173 2443 intelligendum
3226 2374 3319 2429 hic
3378 2392 3696 2447 querceam

2043 2454 2293 2524 lignum,
2348 2458 2447 2511 sed
2510 2460 2896 2530 metonymice
2947 2477 3160 2532 corpus
3193 2465 3439 2534 quodvis
3467 2466 3703 2523 duritiei

2043 2550 2274 2615 quantae
2329 2562 2477 2616 opus
2510 2551 2599 2601 est
2632 2548 2769 2601 moli
2801 2550 3164 2620 gravissima
3199 2555 3519 2622 portandas.
3543 2556 3705 2611 Allu-

2042 2633 2200 2687 ditur
2247 2634 2405 2688 enim
2443 2635 2501 2688 in
2553 2635 2850 2691 similibus
2886 2639 3047 2710 origo
3108 2640 3537 2709 architecturae,
3574 2663 3701 2716 quae

2044 2722 2299 2793 primum
2334 2740 2452 2777 αξνο
2488 2725 2710 2779 rudiori
2758 2725 2939 2797 lignis
2974 2728 3321 2798 aedificabat,
3359 2749 3425 2787 ex
3484 2734 3705 2804 quibus

2040 2827 2358 2881 querceum
2393 2813 2697 2868 fundendo
2747 2819 2951 2886 aptum
2992 2817 3378 2887 judicabatur
3407 2822 3479 2877 ob
3530 2823 3697 2878 dotes

2039 2918 2185 2972 quas
2218 2907 2504 2956 memorat
2560 2902 2883 2971 Vitruvius,
2917 2904 2957 2959 1.
3013 2922 3075 2975 ιι,
3109 2923 3157 2961 c.
3217 2908 3270 2975 9,
3306 2907 3397 2964 his
3452 2910 3647 2967 verbis
3682 2929 3697 2967 :

2042 3000 2540 3071 Quercusjterrenis
2573 3001 2977 3072 principiorum
2997 3005 3353 3062 satietatibus
3381 3008 3693 3067 abundans.

2036 3105 2344 3160 parumque
2370 3089 2573 3145 habens
2604 3090 2854 3147 humoris
2878 3097 2927 3147 et
2958 3093 3105 3149 aeris
3134 3100 3188 3150 et
3235 3097 3403 3165 ignis,
3455 3114 3583 3154 cum
3639 3102 3699 3155 in

2040 3181 2273 3233 terrenis
2297 3182 2551 3249 operibus
2599 3180 2876 3245 obruitur,
2926 3182 3209 3253 inﬁnitam
3261 3186 3423 3242 habet
3468 3192 3699 3243 wterni-

2040 3273 2223 3336 tatem,
2257 3286 2325 3324 ea:
2353 3285 2415 3324 eo
2445 3271 2587 3340 quod
2623 3286 2747 3325 cum
2772 3274 3020 3341 tangitur
3061 3274 3313 3341 humore,
3339 3294 3453 3330 non
3484 3277 3694 3334 habens

277 3345 593 3441 Meursius,
648 3381 753 3429 Leo
786 3345 1338 3445 AllaiiusJacobus
1383 3380 1532 3429 Goar
1562 3375 1685 3429 0rd.
1720 3376 1926 3441 Praed.,

2044 3360 2383 3431 foraminum
2421 3361 2685 3415 cavitates
2709 3364 2932 3431 propter
2981 3362 3313 3433 spissitatem
3379 3382 3490 3422 non
3529 3375 3701 3438 potest

270 3466 528 3521 Jacobus
562 3465 875 3519 Gretserus
908 3470 965 3520 et
1000 3465 1327 3519 Ludovicus
1367 3464 1649 3520 Collotius
1681 3466 1927 3521 societa-

274 3555 350 3609 tis
384 3559 595 3609 nostras
627 3554 933 3625 scripsere.
968 3554 1029 3609 In
1083 3555 1163 3609 rei
1217 3554 1426 3609 deinde
1481 3554 1925 3626 inquisitionem

272 3644 445 3716 ipsus
504 3645 822 3700 attentione
854 3644 1028 3713 longa
1075 3647 1131 3698 et
1162 3643 1279 3697 acri
1328 3642 1588 3697 incubui.
1628 3643 1926 3713 Exponam

273 3725 390 3791 hic,
424 3724 473 3779 si
507 3728 725 3796 petere,
762 3724 1083 3778 breviteret
1122 3723 1275 3778 clare
1298 3724 1437 3794 quid
1464 3722 1752 3778 discussis
1782 3738 1926 3778 cun-

277 3814 386 3868 ctis
446 3812 941 3869 verisimillimum
976 3812 1383 3883 compererim,
1418 3812 1545 3867 luce
1603 3813 1926 3880 przesertim

274 3902 445 3957 mihil
471 3904 660 3957 affusa
683 3918 750 3956 ex
772 3902 1443 3957 eruditissimadiatriba
1464 3900 1765 3957 illustriss.
1793 3902 1929 3956 Leo-

280 3991 372 4046 nis
404 3991 601 4046 Allatii
629 3992 700 4046 ad
733 3991 972 4046 Fabium
1008 3991 1295 4057 Chisium,
1329 3989 1501 4046 hodie
1531 3990 1923 4046 Alexandrum

278 4081 396 4148 VlI,
431 4082 503 4136 de
531 4081 641 4136 hoc
672 4080 901 4152 proprie
936 4088 1282 4152 argumento
1317 4080 1631 4136 novissime
1670 4085 1726 4135 et
1754 4098 1927 4136 accu-

276 4170 573 4227 ratissime
611 4170 1079 4242 scrip:a.Incipio
1105 4186 1135 4223 a
1153 4170 1620 4225 consideratione
1644 4170 1921 4229 nominis.

279 4257 505 4319 Σωλέας
537 4260 1010 4326 sive,utSimeon
1032 4259 1575 4316 Thessalonicensis
1598 4260 1830 4331 dialogo
1857 4262 1929 4315 de

272 4350 663 4405 sacramentis
708 4348 1075 4403 emendatius
1126 4349 1351 4418 scribit,
1384 4347 1599 4417 σολέας,
1631 4349 1719 4405 vel
1752 4351 1926 4405 etiam

275 4443 341 4493 ut
371 4438 524 4508 apud
549 4437 968 4508 Euchologium
987 4438 1042 4491 in
1058 4437 1668 4495 ordinationediaconi
1693 4441 1928 4511 legitur,

274 4525 463 4596 σολὲα,
498 4544 613 4582 non
645 4532 733 4582 est
755 4526 1100 4581 vocabulum
1124 4527 1335 4583 Graecae
1356 4530 1620 4601 originis,
1646 4536 1930 4587 utomnes

274 4616 446 4672 facile
475 4616 889 4682 consentiunt;
924 4632 1029 4669 nec
1062 4616 1178 4671 fere
1208 4617 1321 4671 vidi
1358 4618 1454 4688 qui
1488 4619 1758 4675 dubitent
1788 4623 1927 4693 quin

2042 3447 2105 3502 in
2133 3464 2354 3518 ecrpore
2382 3448 2627 3519 recipere
2670 3449 2961 3519 liquorem,
2998 3452 3087 3505 sed
3118 3455 3342 3523 fugiens
3373 3456 3439 3509 ab
3471 3456 3700 3512 humore

2043 3537 2275 3592 resistit.
2304 3538 2960 3607 Retinebanturautem,
2983 3542 3157 3596 etiam
3180 3548 3313 3613 post
3330 3544 3695 3600 substitutos

2042 3624 2103 3680 in
2134 3626 2449 3681 structuris
2507 3627 2666 3699 ligno
2725 3629 2966 3699 lapides,
3030 3632 3314 3686 vocabula
3373 3634 3588 3704 priora.
3625 3635 3697 3690 Ut

2041 3714 2261 3770 Paulus
2292 3733 2360 3771 ex
2390 3716 2557 3771 Festo
2585 3718 2758 3772 verbo
2784 3719 2997 3773 Rubum
3018 3720 3196 3775 tradit
3220 3721 3447 3776 Robum
3473 3723 3695 3778 dictum

2041 3804 2099 3858 in
2142 3821 2372 3859 carcere
2419 3805 2610 3860 locum
2672 3823 2786 3877 quo
2845 3809 3236 3879 precipitalur
3293 3810 3695 3868 maleficorum

2040 3907 2226 3963 genus
2260 3892 2425 3963 (puta
2472 3892 2774 3963 fastigium
2826 3897 3255 3967 propugnaculi
3317 3898 3377 3953 in
3436 3916 3695 3971 praeceps

2040 3981 2381 4051 imminens,
2415 3982 2569 4037 unde
2602 3982 2852 4037 malefici
2877 3986 3123 4039 convicti
3148 3987 3596 4056 dejiciellantur,
3632 3994 3698 4044 ut

2040 4070 2296 4125 Manlius
2327 4087 2395 4125 ex
2434 4087 2578 4141 rupe
2618 4072 2909 4143 Tarpeia).
2963 4073 3213 4128 Causam
3274 4075 3692 4146 appellationis

2039 4160 2236 4215 statim
2298 4160 2500 4225 tradit,
2558 4160 2701 4231 quod
2739 4169 2865 4215 ante
2921 4178 3077 4217 arces
3124 4163 3388 4219 robusteis
3444 4166 3696 4223 include-

2042 4256 2266 4319 bantur,
2309 4250 2417 4306 hoc
2448 4256 2557 4319 est,
2591 4252 2867 4322 quoniam
2915 4255 3068 4324 apud
3120 4259 3341 4309 veteres
3390 4271 3522 4310 mos
3572 4262 3701 4312 erat

2041 4343 2263 4396 arcium
2290 4340 2544 4396 claustra
2577 4343 2647 4396 ad
2673 4359 2974 4398 summum
3001 4359 3188 4415 usque
3212 4346 3493 4401 moenium
3520 4345 3700 4419 lignis

2043 4433 2300 4486 roboreis
2342 4436 2666 4495 exstruere,
2716 4432 2854 4487 inde
2904 4436 3104 4502 postea
3158 4450 3392 4505 quoque
3442 4452 3621 4506 quam
3669 4452 3700 4491 e

2042 4521 2196 4576 saxis
2228 4520 2355 4575 tolli
2402 4521 2841 4592 propugnacula
2892 4539 3267 4594 consuevere,
3318 4524 3536 4579 mansit
3585 4526 3709 4595 pri-

2042 4626 2210 4664 scum
2239 4609 2591 4665 vocabulum
2627 4612 3165 4678 materias,utrobus
3181 4612 3356 4668 etiam
3396 4613 3702 4669 tumfasti-

275 4706 548 4761 Latinum
581 4706 679 4769 sit,
713 4705 770 4759 in
804 4705 1246 4775 Hellenismum,
1275 4711 1337 4761 ut
1367 4707 1481 4762 alia
1502 4709 1777 4779 plurima,
1812 4728 1920 4766 usu

2044 4698 2133 4772 gia
2162 4716 2442 4771 aggerum
2476 4700 2545 4754 ad
2572 4700 2763 4770 pinnae
2801 4717 3107 4756 murorum
3125 4702 3479 4757 dicerentur.
3512 4705 3701 4768 Quan-

272 4796 597 4850 in‘trusum.
626 4795 681 4848 Si
710 4811 845 4863 ergo
879 4794 1379 4865 disquisierimus,
1414 4796 1555 4866 quid
1590 4799 1810 4854 Latinis
1833 4818 1932 4855 va-

275 4886 394 4939 leat
422 4885 601 4950 solea,
635 4884 783 4939 forte
816 4900 931 4938 non
968 4884 1144 4937 tuerit
1174 4882 1231 4938 id
1275 4884 1479 4939 inutile
1511 4887 1581 4940 ad
1631 4888 1930 4957 judicium

274 4975 659 5030 statuendum
692 4974 762 5029 de
794 4989 853 5029 re
884 4973 1010 5044 ipsa
1038 4990 1176 5029 voce
1206 4973 1316 5029 hac
1349 4974 1626 5042 indicata,
1660 4995 1929 5048 quanam

275 5067 518 5120 tun-lem
551 5063 646 5118 sit.
680 5064 886 5119 Sextus
919 5064 1066 5119 607
1093 5063 1405 5136 Pompeius
1424 5070 1646 5136 Festus,
1672 5069 1931 5140 optimus

273 5159 587 5212 enarrator
616 5153 992 5225 antiquarum
1015 5153 1318 5209 nolionum
1346 5156 1540 5211 verbis
1562 5156 1932 5215 Latinissub-

262 5248 588 5315 jectarum,
617 5259 731 5297 non
761 5260 869 5298 sua
900 5242 1083 5298 solius
1116 5244 1207 5297 sed
1240 5244 1415 5299 Marci
1441 5250 1715 5315 praeterea
1745 5248 1932 5303 Verrii

277 5332 493 5398 Flacci,
520 5332 866 5403 antiquioris
898 5349 1003 5387 nec
1026 5333 1223 5388 minus
1249 5336 1503 5389 accurati
1538 5339 1930 5405 grammatici,

282 5422 634 5478 auctoritate
714 5421 1113 5493 signiﬁcatum
1197 5424 1467 5479 vocabuli
1547 5427 1692 5481 solea
1764 5429 1933 5484 nobis

284 5511 565 5570 edisserit
604 5511 695 5566 bis
726 5511 917 5567 verbis
967 5530 979 5567 :
1014 5513 1189 5583 Solea,
1230 5519 1289 5569 ut
1318 5516 1399 5568 ait
1443 5518 1666 5572 Verrius
1712 5533 1821 5572 non
1852 5525 1933 5573 est

281 5600 462 5658 scium
510 5617 574 5656 ea
604 5618 721 5671 quae
750 5602 864 5655 solo
901 5602 1056 5672 pedis
1095 5603 1407 5675 subjicitur,
1458 5605 1553 5659 sed
1607 5609 1776 5661 etiam
1832 5627 1934 5680 pro

279 5692 517 5747 materia
549 5691 803 5745 robuslea
835 5691 941 5761 (vel
978 5694 1044 5746 ut
1070 5692 1246 5747 habet
1276 5694 1393 5749 alia
1436 5695 1630 5765 lectio,
1664 5699 1933 5772 robusta),

283 5798 455 5853 super
488 5796 653 5851 quam
672 5782 862 5852 paries
884 5784 1143 5838 cratitius
1162 5786 1495 5843 exstruitur.
1532 5786 1749 5843 Paulus
1781 5788 1937 5846 hunc

2042 4806 2219 4859 quam
2252 4790 2447 4860 ipsum
2483 4790 2710 4844 roboris
2743 4795 2844 4844 aut
2874 4790 3139 4846 robustei
3187 4807 3402 4846 nomen
3437 4792 3699 4847 materia:

2042 4895 2301 4949 querceae
2332 4878 2632 4949 proprium
2660 4896 2775 4935 non
2810 4883 2920 4948 est,
2954 4880 3054 4934 sed
3079 4878 3291 4934 coloris
3335 4897 3348 4936 :
3404 4880 3559 4934 unde
3592 4880 3697 4935 bos

2040 4968 2202 5023 robus
2250 4968 2369 5021 sive
2446 4968 2615 5021 rubus
2672 4967 2883 5039 priscis
2951 4971 3096 5022 erat.
3157 4967 3373 5023 Paulus
3419 4984 3487 5022 ex
3545 4969 3699 5024 608

2044 5058 2212 5113 Festo
2249 5074 2261 5111 :
2296 5056 2504 5112 Robum
2534 5057 2701 5113 rubro
2730 5058 2930 5127 colore,
2961 5060 3013 5111 et
3054 5073 3177 5129 quae
3202 5058 3328 5126 rufo
3357 5057 3700 5128 signiﬁcari,

2041 5156 2100 5203 ut
2128 5149 2310 5203 bovem
2341 5164 2551 5219 quoque
2578 5150 2775 5203 rustici
2807 5147 3119 5220 appellent,
3180 5147 3540 5219 manifestum
3598 5154 3698 5206 est.

2047 5246 2193 5303 Unde
2235 5256 2288 5301 et
2362 5246 2597 5302 materia
2654 5262 2780 5317 quae
2835 5246 3108 5317 plurimas
3156 5248 3321 5303 habet
3368 5265 3538 5303 venas
3585 5250 3704 5320 ejus

2042 5338 2258 5401 coloris,
2291 5338 2441 5390 dicta
2468 5341 2545 5390 est
2576 5337 2773 5391 robur.
2814 5337 2954 5391 Hinc
2982 5341 3033 5392 et
3062 5336 3309 5393 homines
3356 5339 3597 5394 volentes
3653 5349 3707 5394 et

2047 5427 2172 5481 boni
2201 5427 2398 5481 coloris
2423 5425 2672 5480 robusti.
2707 5426 2839 5482 Haec
2869 5426 3099 5494 Festus,
3132 5444 3259 5497 quae
3291 5431 3709 5484 demonstrant

2045 5514 2190 5570 nihil
2226 5516 2438 5570 referre
2466 5515 2537 5569 ad
2571 5530 2693 5569 rem
2717 5515 2909 5586 ipsam
2942 5533 3069 5588 quas
3111 5518 3262 5573 solea
3313 5517 3374 5572 in
3431 5515 3701 5572 aediliciis

2047 5613 2309 5675 vocatur,
2371 5605 2644 5678 ligneane
2702 5607 2780 5662 sit
2827 5625 2900 5663 au
2959 5625 3153 5676 saxea,
3235 5624 3571 5663 marmorea
3620 5598 3709 5661 vel

2045 5711 2193 5751 terea
2225 5700 2442 5751 stractu
2456 5713 2536 5751 ra.
2561 5696 2856 5753 Hactenus
2877 5698 3255 5755 informatam
3282 5714 3351 5753 ex
3372 5697 3705 5769 originibus

2049 5786 2237 5841 Latini
2272 5786 2557 5843 sermonis
2589 5786 2780 5844 ideam
2815 5788 2896 5843 rei
2929 5805 3057 5859 quae
3088 5787 3244 5844 solea
3291 5787 3529 5853 dicitur,
3562 5803 3703 5843 con-
