4072 6460
387 441 520 496 1071

1453 439 1517 490 Ρ.
1557 437 1830 490 POSSINI
1866 433 2480 491 OBSERVATIONUM
2519 437 2651 490 LIB.
2692 438 2737 490 Ι.

3669 435 3811 492 10⁸72

387 567 650 623 feramus
682 566 753 621 ad
786 581 960 621 usum
984 562 1411 634 disquisitionis
1445 565 1768 633 prasentis,
1793 569 1850 614 et
1870 558 2041 612 inda-
2071 560 2122 625 Α
2156 559 2378 628 στήθεα,
2413 560 2628 632 quibus
2653 559 3042 631 designantur
3067 559 3184 617 alte
3199 562 3494 619 exstantia
3515 563 3678 636 ligna
3705 583 3768 624 το
3788 577 3815 628 δ

388 672 596 728 gemus
627 655 685 709 in
714 654 953 726 templis
977 658 1310 709 Graecorum
1344 650 1552 721 ecquid
1583 649 1758 706 fuerit
1787 647 1942 720 quod
1976 645 2038 701 in

391 745 543 800 hanc
574 745 826 800 formam
859 743 1179 808 incideret;
1217 741 1370 795 unde
1420 744 1679 794 statuere
1737 738 2038 808 possimus

390 834 609 904 ipsium
644 833 700 888 id
736 831 1068 904 αὐτόχρημα
1100 831 1301 894 fuisse,
1326 829 1476 900 quod
1512 827 1793 882 vocabulo
1825 822 2036 884 σωλὲας

389 925 684 980 indicatur
723 929 781 978 et
813 939 842 976 a
880 926 1076 976 nostro
1113 920 1206 975 hic
1257 919 1606 990 Pachymere
1653 923 1708 972 et
1740 933 1773 970 a
1823 916 2036 971 Graecis

388 1013 810 1068 recentioribus
841 1011 1061 1082 passim
1097 1009 1386 1080 plurimis.
1419 1008 1606 1078 Adyta
1635 1007 1695 1061 in
1745 1005 2034 1060 Christia-

385 1104 476 1156 nis
510 1103 662 1172 apud
686 1101 915 1156 Graecos
947 1099 1184 1168 templis
1217 1099 1354 1152 inde
1387 1112 1574 1166 usque
1606 1095 1677 1150 ab
1710 1095 2034 1162 originibus

383 1190 656 1262 religcnis
690 1197 854 1260 septa
886 1187 1181 1260 repagulis
1213 1189 1390 1255 fuere,
1421 1202 1548 1256 quae
1579 1191 1636 1238 et
1677 1200 1918 1255 gressus
1961 1185 2034 1237 ab

379 1281 450 1336 iis
494 1282 875 1353 profanorum
908 1285 964 1334 et
1021 1279 1220 1334 oculos
1261 1279 1548 1332 arcerent.
1605 1283 1688 1330 Ac
1730 1273 2033 1346 principiis

374 1371 614 1440 quidem
641 1369 849 1441 exiguo
881 1369 1376 1439 delungebantur,
1414 1364 1809 1420 necessarium
1841 1380 2028 1418 secre-

376 1466 503 1514 tum
563 1460 859 1530 majestati
890 1473 1188 1514 sacrorum
1213 1456 1469 1512 contenti
1499 1454 2030 1525 quomodocumque

376 1550 713 1604 abduxisse.
772 1555 896 1603 Ara:
963 1546 1244 1620 gradibus
1303 1546 1546 1608 inferne,
1603 1560 1784 1614 supra
1837 1543 2026 1598 solum

373 1639 897 1694 obtendebanture
928 1636 1174 1691 materia
1207 1633 1472 1690 cancelli:
1508 1633 1567 1687 hi
1624 1649 1864 1704 gressus
1924 1649 2026 1687 ex-

373 1724 692 1779 cludebant
721 1741 836 1780 non
895 1724 1259 1779 initiatorum
1293 1741 1326 1778 a
1383 1739 1546 1777 sacro
1597 1729 1784 1792 septo.
1841 1726 2025 1791 Super

371 1812 481 1868 hos
513 1813 638 1868 vela
662 1813 1056 1868 tendebantur
1086 1830 1098 1867 :
1127 1812 1248 1866 haec
1301 1816 1682 1881 conspectum
1718 1810 2022 1880 mysterio-

2155 641 2463 723 δρυφάκτου
2494 646 2528 716 ἢ
2564 644 2784 701 δικτύου
2816 649 3117 705 cancellati
3143 650 3283 722 septi
3305 654 3603 711 reticulata
3644 675 3806 730 opere

2146 737 2374 804 hiantis,
2396 739 2561 794 rimis
2582 744 2776 794 tamen
2800 739 3236 795 autintervallis
3257 740 3514 799 velorum
3534 761 3804 818 oppansu

2147 827 2340 893 tectis,
2375 833 2438 881 ut
2461 826 2738 882 diximus.
2769 831 2957 899 Atque
3005 828 3127 883 haec
3158 829 3320 900 prius
3350 831 3528 887 fuere.
3591 837 3806 896 Postea

2144 913 2366 970 invenit
2397 916 2817 986 imperatorum
2869 917 3307 988 magniﬁcentia
3341 922 3626 979 rationem
3687 927 3806 985 ista

2145 1004 2393 1058 ornandi
2424 1011 2481 1060 et
2526 1005 2684 1061 salvo
2718 1023 2827 1060 usu
2862 1005 3125 1076 religioni
3159 1025 3224 1062 ac
3259 1012 3604 1069 necessitate
3646 1017 3801 1073 ritus

2145 1091 2202 1146 in
2237 1093 2642 1164 augustiorem
2683 1094 3088 1150 conlormandi
3150 1098 3428 1169 speciem.
3492 1084 3600 1158 Pro
3660 1122 3803 1161 can-

2142 1181 2350 1237 cellato
2411 1200 2442 1238 e
2477 1183 2718 1239 materia
2769 1193 2931 1256 septo
2988 1186 3389 1256 pretiosiorem
3425 1205 3454 1244 e
3504 1208 3805 1252 marmore

2142 1287 2242 1335 aut
2267 1299 2399 1350 aere,
2434 1289 2675 1354 argento
2708 1283 2848 1354 quin
2873 1284 3050 1339 etiam
3085 1289 3142 1340 et
3176 1303 3338 1355 auro,
3400 1287 3800 1349 illuminanti-

2139 1369 2251 1425 bus
2284 1388 2429 1442 opus
2460 1372 2710 1443 gemmis
2743 1388 2980 1444 quoque
3015 1374 3246 1442 inserti,
3292 1393 3523 1434 scenam
3585 1381 3799 1440 obten-

2138 1460 2350 1514 derunt
2381 1477 2544 1515 sacro
2576 1460 2768 1528 altari,
2803 1462 2962 1516 omni
2985 1461 3442 1522 architectonica
3499 1468 3797 1542 elegantia

2136 1548 2464 1614 visendam,
2497 1549 2806 1616 columnis,
2843 1550 3050 1623 signis,
3074 1553 3248 1621 vasis,
3275 1554 3540 1625 ﬂoribus,
3579 1561 3796 1632 ﬁguris

2133 1637 2257 1692 visu
2303 1638 2734 1709 pulcherrimis.
2769 1642 3188 1696 Constantinus
3246 1645 3796 1719 Porphyrogenilus

2134 1729 2203 1782 de
2237 1727 2351 1781 vita
2383 1734 2439 1782 et
2473 1729 2643 1782 rebus
2673 1729 2856 1799 gestis
2913 1729 3111 1784 Basilii
3160 1733 3430 1803 Augusti,
3467 1743 3793 1808 postquam

2133 1816 2431 1871 retulisset
2461 1833 2594 1871 eum
2652 1819 3056 1874 muniﬁcentia
3106 1820 3278 1891 plane
3337 1824 3495 1895 regia
3553 1829 3790 1900 templi,

371 1920 501 1958 rum
530 1903 798 1958 concioni
847 1902 1202 1957 adimebant.
1235 1900 1540 1968 Eusebius,
1593 1898 1630 1952 l.
1667 1916 1724 1965 x,
1774 1915 1824 1953 c.
1859 1899 1912 1965 4,
1947 1898 2017 1951 de
2049 1939 2096 2004 B
2134 1904 2285 1972 quod
2320 1906 2626 1970 exstruxit,
2662 1908 2913 1976 parietes
2952 1907 3154 1962 dextra
3212 1909 3472 1982 laevaque
3532 1898 3788 1974 tectorio

369 1991 753 2047 Constantino
802 1990 1022 2061 templa
1051 1990 1386 2046 Christiana
1437 1987 1652 2042 Graecis
1683 1993 2015 2041 exstruente

370 2081 576 2135 scribit
611 2079 720 2136 :To
778 2078 1189 2152 θυσιαστήριον,
1245 2076 1317 2136 ὡς
1372 2073 1429 2128 ἂν
1481 2071 1564 2142 εἷή
1623 2078 1740 2135 τοῖς
1786 2071 2023 2134 πολλοῖς

369 2164 588 2240 ἄϐατον,
673 2172 790 2223 τοῖς
877 2166 983 2220 ἀπὸ
1071 2161 1239 2233 ξύλου
1317 2163 1672 2238 περιεφραττε
1755 2158 2018 2232 δικτύοις,

370 2262 580 2326 Altare,
616 2269 676 2316 ut
703 2263 842 2314 esset
871 2261 1215 2313 inaccessum
1234 2257 1454 2326 populo,
1501 2255 1702 2323 ligneis
1716 2253 1881 2324 sepsit
1905 2255 2019 2307 cla-

374 2349 536 2403 thris.
587 2349 682 2404 Sic
726 2348 825 2403 ille
876 2349 947 2402 de
1004 2345 1278 2400 cancellis
1338 2343 1698 2408 memoratis,
1731 2359 1876 2412 quos
1921 2342 2018 2396 alii

369 2433 659 2512 κιγκλίδας
718 2441 945 2504 vocant,
1007 2441 1070 2490 ut
1143 2440 1391 2506 Symeon
1453 2432 2015 2487 Thessalonicensis.

368 2527 688 2598 Gregorius
749 2542 884 2582 vero
945 2524 1343 2579 Nazianzenus
1409 2521 1694 2592 singulari
1770 2538 2016 2576 numero

365 2618 552 2671 totum
602 2614 994 2672 cancellorum
1048 2619 1280 2684 septum
1323 2605 1586 2683 κιγκλίδα
1637 2611 1862 2666 vocavit
1918 2609 2016 2664 illo

364 2719 534 2759 VOPBIJ
557 2720 572 2758 2

435 2807 660 2885 Κιγκλὶς
691 2807 980 2883 διείργουσ⁹
1011 2807 1072 2862 οὗ
1110 2809 1286 2882 βίους,
1317 2804 1445 2861 ἀλλ’
1476 2805 1699 2882 ὀφρύας.

369 2918 515 2982 Quia
547 2919 705 2971 enim
737 2918 892 2971 intra
929 2922 1162 2986 septum
1215 2917 1377 2970 locus
1425 2921 1554 2969 erat
1583 2914 2010 2980 sacerdotibus,

362 3007 660 3078 plerisque
703 3012 843 3060 tunc
874 3006 1165 3075 ejusmodi
1199 3011 1261 3058 ut
1298 3006 1453 3058 fastu
1486 3003 1675 3057 solum
1710 3019 1775 3057 ac
1806 3019 2012 3073 super-

364 3097 481 3163 bia,
543 3113 659 3150 non
727 3095 1137 3150 exercitatione
1206 3094 1490 3148 virtutum
1561 3110 1741 3162 supra
1797 3092 2011 3162 vulgus

362 3184 707 3249 eminerent,
741 3183 1039 3255 eleganter
1068 3184 1150 3236 ait
1181 3181 1490 3250 cancellos,
1523 3182 1625 3250 qui
1657 3181 2013 3235 dirimebant

2128 2009 2196 2046 ex
2228 2000 2464 2065 argento
2497 1997 2690 2049 aureis
2719 1995 3091 2052 interstincto
3140 1997 3385 2056 ﬂoribus
3415 2007 3472 2056 et
3525 2007 3791 2074 gemmis

2130 2091 2445 2146 abduxisse
2481 2091 2572 2162 (Οἱ
2634 2088 2692 2144 δὲ
2750 2091 2810 2144 ἐκ
2861 2087 3049 2161 δεξιῶν
3109 2095 3198 2148 καὶ
3260 2093 3558 2169 εὐωνύμων
3594 2107 3798 2176 τοῖχοι

2126 2175 2356 2252 ἄργυρον
2438 2176 2670 2255 ἄφθονον
2753 2179 2842 2233 καὶ
2913 2182 3067 2236 αὐτοὶ
3147 2181 3485 2257 ἐπικείμενον
3570 2175 3799 2264 ἔχουσι,

2127 2264 2506 2340 διηνθισμένον
2559 2273 2749 2344 χρυσῷ
2787 2268 2881 2324 καὶ
2907 2271 3115 2343 τιμίοις
3143 2271 3571 2348 πεποικιλμένον
3603 2276 3798 2345 λίθοις

2123 2357 2213 2410 καὶ
2246 2359 2536 2432 μαργάρων
2570 2357 2969 2434 λαμπρότητι),
3006 2365 3208 2418 statim
3266 2367 3432 2421 addit
3490 2370 3560 2424 de
3616 2389 3798 2429 sacro

2124 2453 2288 2517 septo
2347 2448 2467 2502 sive
2521 2449 2723 2504 solea:
2757 2450 2817 2504 Ἡ
2853 2446 2910 2502 δὲ
2972 2447 3286 2526 διείργουσα
3341 2455 3409 2508 τὰ
3465 2453 3632 2511 ἄδυτα
3691 2465 3798 2514 τοῖ’)

2125 2534 2268 2598 θείου
2300 2535 2455 2589 οἷ’κου
2511 2536 2708 2590 τούτου
2766 2537 3018 2612 καγκλὶς,
3071 2540 3383 2616 Ἡράκλεις,
3435 2543 3560 2598 ὅσον
3613 2543 3796 2605 ὄλϐον

2122 2622 2171 2677 ἐν
2230 2624 2394 2697 ἑαυτῇ
2454 2624 2804 2703 περιείληφεν
2840 2667 2855 2693 ,
2931 2627 2997 2695 ἧς
3056 2630 3109 2683 οἱ
3167 2629 3356 2686 στῦλοι
3421 2633 3516 2706 μὶν
3572 2640 3665 2690 καί
3724 2641 3798 2694 τὰ

2120 2714 2359 2766 κάτωθεν
2395 2711 2444 2782 ἐξ
2473 2713 2710 2788 ἀργύρου
2747 2711 2938 2768 διολου
2986 2717 3084 2784 τὴν
3137 2718 3386 2774 σύστασιν
3444 2721 3691 2798 ἔχουσιν,
3752 2731 3790 2798 ἡ

2122 2799 2178 2855 δὲ
2229 2807 2346 2862 ταῖς
2402 2802 2655 2879 κεφαλίσι
2712 2803 2920 2859 τούτων
2973 2804 3292 2880 ἐπικειμένη
3328 2807 3477 2872 δοκῖς
3506 2810 3566 2867 ἐκ
3606 2818 3787 2870 καθα-

2119 2895 2217 2964 ροῦ
2273 2890 2505 2965 χρυσίου
2558 2895 2702 2945 πᾶσα
2759 2891 3047 2964 συνέστηκε
3081 2937 3095 2962 ,
3151 2896 3242 2950 τὸν
3302 2895 3544 2954 πλοῦτον
3602 2901 3786 2959 πάντα

2117 2980 2209 3033 τὸν
2257 2980 2306 3049 ἐξ
2353 2976 2538 3035 Ἰνδῶν
2568 2983 2999 3056 περικεχυμένον
3045 2982 3304 3040 πάντοθεν
3350 2984 3575 3062 ἔχουσα,
3631 2992 3683 3045 ἐν

2115 3068 2251 3122 κατὰ
2304 3066 2490 3122 πολλὰ
2543 3070 2679 3144 μὲρη
2715 3070 2802 3124 καὶ
2835 3074 2869 3140 ἡ
2899 3070 3185 3146 θεανδρικὴ
3217 3079 3314 3128 τοῦ
3347 3078 3547 3151 Κυρίου
3582 3085 3781 3156 μορφή

2119 3159 2473 3233 μετὰχυμεύσ
2537 3179 2640 3219 εως
2718 3159 3103 3216 ἐκτετύπωται.
3219 3167 3326 3234 Qui
3400 3185 3524 3224 vero
3599 3174 3784 3243 adyta

361 3274 664 3329 sacerdote
695 3290 728 3327 α
759 3249 994 3344 pagum,
1029 3288 1146 3327 non
1180 3272 1350 3336 vitas,
1385 3249 1484 3324 sed
1527 3249 1843 3339 éupercilla
1891 3270 2004 3324 δίε,
2034 3285 2077 3352 C
2120 3249 2348 3352 hujusce
2369 3250 2556 3349 (licini
2585 3251 2794 3352 'len‘ipli
2830 3257 3377 3352 separant‘cnancelli,
3427 3263 3572 3314 Deus
3599 3260 3776 3316 bone!

358 3362 626 3418 crevisse.
652 3361 937 3416 Similiter
977 3360 1240 3430 loquitur
1268 3357 1686 3414 Constantinus
1739 3357 2001 3427 Porphy-

358 3453 658 3523 rogenitus
687 3450 842 3504 infra
873 3450 1235 3504 referendus.
1261 3451 1439 3501 Erant
1469 3447 1528 3500 hi
1552 3445 1795 3500 cancelli
1827 3445 2005 3516 pervii

359 3540 627 3610 portulis,
678 3555 781 3610 per
838 3555 986 3610 quas
1047 3537 1246 3591 aditus
1293 3535 1596 3604 exitusque
1647 3535 2003 3606 presbyteris

354 3632 592 3701 patebat
623 3646 637 3684 :
673 3631 758 3701 [P.
795 3629 920 3699 421]
955 3628 1052 3682 Ha)
1083 3622 1541 3699 καγκελοθυρίδες
1563 3626 1780 3682 Codino
1809 3629 1999 3682 dictae.

350 3720 458 3772 Sed
495 3724 611 3772 tam
645 3718 731 3772 he
772 3733 949 3787 quam
978 3716 1450 3784 intercolumnia,
1486 3719 1586 3770 aut
1617 3716 1805 3788 spatia
1862 3735 2003 3772 ocu-

349 3806 423 3860 lis
479 3807 674 3876 pervia
733 3804 1152 3872 cancellorum,
1209 3803 1350 3858 velis
1409 3804 1687 3874 oppansis
1745 3809 2004 3875 protege-

351 3897 564 3950 bantur
591 3913 625 3949 a
647 3894 846 3966 populi
871 3898 1132 3964 aspectu.
1160 3889 1452 3964 Βηλόθυρα
1473 3894 1564 3946 his
1589 3909 1856 3959 uomens,
1885 3911 2000 3964 quo

353 4001 467 4038 non
491 3988 721 4038 tantum
743 3983 1002 4039 Codinus
1023 3989 1112 4038 est
1135 3999 1298 4039 usus,
1327 3982 1427 4036 sed
1452 3981 1628 4036 etiam
1650 3985 2000 4038 Anastasius

349 4073 834 4128 Bibliothecarius
864 4072 924 4126 in
955 4071 1269 4143 Stephano,
1304 4070 1397 4124 his
1420 4072 1610 4126 verbis
1635 4087 1648 4124 :
1683 4075 1832 4126 Fecit
1857 4077 1910 4127 el
1940 4076 1999 4127 in

345 4162 538 4217 eadem
587 4161 817 4216 basilica
866 4162 1071 4231 egregii
1123 4161 1355 4216 doctoris
1420 4162 1666 4230 gentium
1713 4161 2001 4232 velat/lyra

342 4257 599 4324 quatuor,
642 4269 711 4306 ex
740 4251 937 4322 quibus
969 4266 1141 4304 unum
1185 4265 1322 4304 auro
1355 4257 1590 4303 tantum.
1629 4250 1807 4305 Paulo
1868 4257 1999 4320 post

341 4340 784 4412 velothyrorum
828 4356 1002 4394 usum
1073 4338 1308 4408 qualem
1343 4339 1597 4393 dicimus
1655 4339 1994 4395 distinctius

337 4429 629 4496 indicans,
663 4432 744 4484 ait
767 4427 1239 4498 dataapontiﬁce
1267 4427 1470 4482 eodem
1495 4427 1786 4497 velothyra
1815 4431 1993 4482 serica

332 4523 451 4575 tria
481 4523 543 4574 in
570 4519 813 4574 circuitu
843 4519 1066 4583 altaris,
1098 4517 1206 4572 hoc
1236 4523 1344 4586 est,
1405 4525 1468 4571 ut
1499 4525 1760 4588 apparet,
1803 4519 1993 4572 inten-

331 4610 526 4663 denda
557 4611 803 4680 tegendo
837 4608 908 4662 ab
941 4607 1128 4661 oculis
1158 4607 1357 4677 populi
1383 4607 1761 4677 presbyterio,
1823 4610 1975 4677 quod

328 4709 387 4754 et
418 4698 478 4752 in
509 4699 713 4753 Latino
753 4697 869 4750 ritu
899 4701 1022 4751 erat
1049 4695 1271 4750 circum
1305 4695 1508 4750 altare.
1536 4694 1798 4750 Illustrat
1855 4697 1976 4751 haec

325 4788 524 4842 omnia
557 4788 614 4842 S.
651 4787 925 4842 Germani
950 4786 1112 4840 locus
1146 4785 1202 4838 in
1229 4785 1608 4855 Mystagogia,
1642 4801 1816 4854 quem
1849 4787 1978 4842 ideo

325 4877 708 4932 describant:
747 4873 942 4930 Κιόνια
997 4870 1123 4940 ἤτοι
1187 4871 1255 4924 τὰ
1318 4873 1516 4940 στήθεα
1573 4869 1977 4947 διαχωρίζοντα

320 4965 384 5018 τὸ
440 4965 595 5038 βῆμα
653 4963 759 5019 ἀπὸ
807 4963 1006 5020 λοιποῦ
1063 4966 1216 5032 ναοῦ,
1265 4962 1356 5014 καὶ
1387 4960 1669 5035 κάγκελλά
1715 4962 1816 5017 εἰσι
1874 4972 1975 5034 τῆς

319 5060 636 5128 προσευχῆς
687 5053 859 5108 τόπον
909 5055 1060 5109 θθυ
1125 5047 1416 5119 δηλοῦντα,
1467 5050 1519 5104 ἐν
1579 5053 1662 5112 οἷς
1718 5053 1969 5125 σημαίνει

313 5142 416 5209 τὴν
453 5141 548 5212 μὲν
599 5135 792 5211 ἔξωθεν
847 5143 944 5194 τοῦ
1007 5137 1142 5192 λαοῦ
1191 5133 1432 5204 εἷ’σοδον,
1457 5138 1555 5206 τήν
1591 5135 1647 5192 δὲ
1677 5135 1869 5194 ἔσωθεν
1903 5143 1970 5196 τὰ

311 5231 478 5302 ’Ἅγια
506 5233 614 5283 τῶν
659 5231 825 5306 ἁγίων
862 5228 1212 5305 ὑπάρχουσαν
1263 5225 1353 5280 καὶ
1399 5226 1588 5299 μόνοις
1633 5234 1750 5292 τοῖς
1789 5230 1960 5304 ἱερεύ-

311 5338 392 5370 σιν
427 5315 586 5371 οὖσαν
633 5313 912 5372 ἐπιϐατόν·
968 5319 1287 5374 Columellas
1343 5320 1457 5372 sive
1507 5319 1755 5374 thoraces
1803 5336 1961 5391 sepa-

305 5415 490 5462 ranles
508 5409 686 5463 altare
705 5427 737 5462 a
763 5411 974 5478 reliquo
1005 5409 1227 5478 templo,
1251 5417 1302 5462 et
1330 5408 1565 5462 cancelli
1621 5409 1798 5464 locum
1827 5427 1957 5465 ora-

297 5498 467 5551 tionis
492 5499 860 5565 mani/‘estant
892 5502 948 5550 et
975 5497 1202 5563 signant
1258 5513 1536 5567 quousque
1592 5503 1838 5553 exterius
1871 5503 1956 5554 in-

297 5585 459 5652 gredi
483 5586 718 5655 p0pulus
777 5587 966 5656 possit,
1001 5600 1064 5638 ac
1117 5584 1260 5653 quod
1307 5587 1548 5640 interius
1606 5597 1703 5653 est,
1755 5589 1954 5644 Sancta

297 5675 616 5728 sanctorum
646 5689 778 5741 esse,
831 5674 1012 5728 locum
1071 5671 1204 5727 solis
1261 5689 1504 5728 servium
1559 5677 1949 5734 sacerdotibus.

301 5771 368 5810 -n
402 5755 491 5814 his
531 5764 724 5819 verbis
757 5763 943 5818 notari
999 5761 1174 5819 velim
1228 5775 1400 5816 voces
1460 5763 1588 5819 lllas
1645 5765 1802 5819 κιὸνα
1859 5767 1948 5821 καὶ

2119 3350 2355 3409 quantas
2389 3341 2448 3393 in
2477 3357 2534 3395 se
2563 3340 2788 3396 divitias
2834 3344 3111 3398 continent
3140 3343 3167 3397 ‘l
3209 3361 3442 3414 quorum
3494 3349 3783 3408 columna)

2110 3439 2406 3499 partesque
2430 3429 2554 3484 imze
2585 3447 2772 3484 omnes
2802 3447 2871 3484 ex
2923 3443 3148 3500 argento
3199 3435 3456 3509 con/latae
3504 3445 3658 3508 sunt,
3719 3453 3783 3504 et

2112 3519 2386 3588 capitcllis
2417 3535 2608 3573 earum
2637 3522 3126 3591 superincumbens
3157 3523 3306 3578 trabs
3357 3533 3466 3581 tota
3515 3543 3584 3581 ex
3625 3544 3780 3599 puro

2110 3622 2248 3660 auro
2294 3615 2526 3673 constat,
2579 3610 2862 3663 universas
2903 3610 3160 3664 Indorum
3209 3613 3431 3669 divitias
3487 3617 3642 3672 omni
3699 3637 3780 3675 ex

2109 3701 2265 3764 parte
2293 3700 2657 3765 circum/usas
2690 3699 2932 3766 habens;
2991 3703 3050 3754 in
3100 3719 3208 3770 qua
3266 3703 3459 3758 multis
3515 3705 3656 3760 locis
3715 3720 3777 3766 ct

2111 3787 2437 3842 theamlricu
2469 3788 2631 3843 Domi
2666 3794 2849 3859 [arma
2878 3805 3040 3860 Opere
3070 3793 3316 3861 chymico
3365 3810 3630 3865 expressa
3661 3809 3766 3856 est.

2108 3883 2238 3938 Hac
2271 3885 2726 3947 Constantinus;
2760 3887 2858 3956 qui
2886 3893 2941 3941 et
2971 3887 3111 3942 alibi
3153 3888 3372 3946 similia
3411 3891 3480 3947 de
3531 3899 3774 3967 magni-

2110 3974 2493 4029 ﬁcentissima
2526 3977 2898 4031 decoratione
2930 3976 3135 4048 templi
3166 3978 3408 4035 alterius
3468 3999 3572 4052 per
3601 4002 3774 4042 euin-

2109 4063 2238 4116 dem
2275 4063 2554 4117 Basilium
2586 4068 2916 4135 Augustum
2954 4066 3105 4120 facta
3140 4070 3415 4137 referens,
3441 4079 3767 4143 postquam

2107 4151 2253 4204 dixit
2284 4152 2484 4222 templi
2521 4154 2767 4223 parietes
2807 4159 2864 4207 et
2923 4154 3050 4224 ipsa
3106 4159 3427 4225 praesertim
3483 4161 3770 4220 interiora

2106 4242 2412 4311 adytorum
2430 4249 2692 4311 argento,
2710 4245 3128 4313 auro,gemmis
3146 4253 3200 4300 et
3225 4247 3541 4303 unionibus
3558 4252 3769 4322 splen-

2104 4330 2413 4384 didissime
2454 4331 2801 4397 incrustata,
2861 4335 3091 4403 proprie
3145 4336 3309 4388 addit
3361 4337 3429 4391 de
3482 4345 3762 4398 exteriori

2102 4419 2246 4473 facie
2277 4419 2426 4489 septi
2459 4419 2641 4474 altare
2671 4420 3084 4476 abscondentis
3119 4439 3132 4476 :
3185 4422 3282 4475 Καὶ
3345 4421 3404 4477 ἐκ
3433 4429 3541 4479 τῶν
3597 4425 3760 4494 ἐκτὸς

2101 4502 2431 4578 διείργουσαι
2509 4505 2573 4559 τὰ
2651 4508 3007 4580 Θυσιαστγςρια
3079 4507 3354 4584 κιγκλίδες
3429 4513 3519 4568 καὶ
3572 4516 3639 4570 τὰ
3703 4520 3752 4572 ἐν

2097 4592 2284 4654 αὐταῖς
2336 4593 2637 4668 περίστυλα
2674 4642 2686 4663 ,
2743 4596 2834 4649 καὶ
2898 4600 2966 4651 τὰ
3019 4596 3220 4662 ἄνωθεν
3289 4602 3412 4654 οἷον
3477 4603 3750 4681 ὑπέρθυρα

2089 4683 2526 4755 χρηματίζοντα,
2570 4682 2681 4738 θ’ίτε
2731 4683 2879 4746 ἐντὸς
2928 4687 3104 4755 Θᾶκοι,
3146 4687 3235 4741 καὶ
3287 4690 3340 4742 αἱ
3389 4691 3496 4763 πρὸ
3534 4696 3737 4750 τούτων

2093 4769 2376 4844 βαθμῖδες,
2425 4775 2515 4826 καὶ
2568 4773 2725 4827 αὐταὶ
2770 4775 2821 4828 αὶ
2871 4774 3011 4849 ἱεραὶ
3067 4776 3350 4849 τράπεζαι,
3398 4779 3448 4849 ἐξ
3498 4780 3743 4859 ἀργύρου

2086 4859 2259 4913 πάντα
2289 4859 2721 4936 περικεχυμένον
2754 4860 2941 4937 ἔχουσι
2997 4865 3089 4918 τὸν
3149 4866 3377 4940 χρυσόν.
3409 4875 3482 4926 Et
3529 4874 3629 4944 qui
3670 4878 3744 4930 ab

2083 4953 2350 5007 exteriori
2369 4954 2560 5024 templi
2599 4966 2759 5024 parte
2815 4955 3195 5011 sanctumiuni
3237 4960 3522 5016 secludunt
3583 4965 3742 5020 610

2081 5043 2334 5108 cancelli,
2366 5056 2414 5096 ct
2451 5046 2509 5097 in
2560 5043 2694 5113 ipsis
2743 5043 3032 5109 columnae,
3065 5062 3190 5117 quae
3246 5064 3411 5119 super
3464 5068 3556 5106 eas
3605 5065 3743 5110 sunt

2081 5131 2454 5202 Izyperbhyra,
2489 5137 2540 5186 et
2567 5134 2922 5202 intus‘sellae,
2980 5136 3224 5206 ipsaque
3279 5155 3452 5194 sacrae
3507 5158 3735 5213 menscr,

2077 5233 2263 5285 omnia
2294 5248 2363 5285 ea:
2391 5236 2626 5304 argento
2659 5235 3060 5301 circumfusum
3116 5235 3314 5291 habent
3361 5255 3584 5293 aurum.
3650 5243 3737 5297 Ita

2073 5320 2172 5374 ille
2206 5339 2222 5389 ;
2255 5321 2471 5390 quibus
2503 5321 2721 5375 similia
2751 5321 3006 5377 Codinus
3039 5325 3109 5379 de
3160 5325 3380 5396 templo
3410 5333 3466 5381 S.
3500 5330 3731 5400 Sophim

2073 5414 2379 5463 memorat.
2417 5409 2530 5464 Res
2562 5427 2734 5480 porro
2759 5414 2885 5481 ipsa
2916 5411 3196 5482 loquitur,
3232 5422 3289 5468 et
3320 5416 3728 5474 architecturae

2070 5499 2220 5552 ratio
2252 5499 2452 5568 exigit,
2479 5499 2574 5553 isti
2611 5499 2746 5554 moli
2779 5500 3191 5558 columnarum
3224 5519 3282 5559 et
3324 5507 3513 5560 caeteri
3544 5525 3724 5564 orna-

2069 5598 2163 5642 tus
2195 5588 2492 5642 substerni
2527 5589 2714 5643 basim
2762 5591 3036 5647 debuisse
3073 5609 3103 5647 e
3156 5593 3280 5648 solo
3337 5601 3664 5655 exstantem
3702 5619 3715 5668 ;

2068 5695 2243 5748 quam
2277 5683 2332 5732 et
2361 5678 2785 5733 Constantinus
2816 5680 3090 5736 indicavit
3113 5682 3232 5739 illis
3275 5685 3488 5757 prioris
3546 5691 3715 5743 testi-

2062 5765 2240 5822 monii
2281 5766 2478 5822 verbis
2525 5765 2577 5818 οἱ
2636 5764 2823 5820 στῦλοι
2886 5769 2980 5839 μὲν
3038 5769 3128 5824 καὶ
3185 5771 3252 5825 τὰ
3305 5771 3566 5845 κάτωθεν,
3627 5795 3715 5837 εο-
