4072 6402
355 429 494 485 1073

1817 429 2302 486 GLOSSARIUM.

3644 427 3781 482 1074

349 556 578 608 lummae
606 556 899 625 partesque
929 568 1063 610 ima:
1092 569 1276 608 omnes
1308 553 1527 624 quibus
1549 551 1824 622 exprimit
1883 566 2011 607 eam
2042 552 2096 618 Α
2129 551 2284 622 quod
2336 551 2592 622 spatium
2652 551 2826 608 statio
2885 551 3218 607 antistitum
3267 553 3324 606 et
3399 551 3775 606 sacerdotum

351 644 851 698 substructionem
890 643 985 696 isti
1047 659 1232 696 scenae
1287 642 1644 697 sustinendae
1707 659 1884 714 quam
1935 659 2005 697 ex

355 733 620 787 Vitruvio
645 732 920 804 superius
941 732 1276 788 vocavimus
1302 734 1649 798 stereobata,
1675 751 1850 804 super
1875 749 2001 804 quae

355 822 646 893 stylobata
681 825 979 894 ponuntur
1033 821 1440 877 columnarum
1491 823 1661 877 sedes
1717 822 2000 891 proxima.

352 917 473 966 Hoc
506 915 702 966 autem
735 912 915 966 veteri
948 911 1149 966 Latino
1177 912 1350 966 verbo
1403 910 1810 983 propriissime
1859 912 2005 967 solea

355 1005 466 1057 est.
499 1001 560 1069 [P
614 1001 740 1071 422]
801 1001 863 1055 Id
916 1001 1068 1072 quod
1131 1000 1242 1072 ipsi
1297 999 1480 1056 Greeci
1565 999 2000 1068 intellexerunt,

354 1089 763 1162 superpositos
803 1089 904 1145 isti
951 1090 1123 1162 quasi
1165 1089 1452 1162 crepidini
1483 1095 1726 1145 ornatus
1781 1085 2003 1148 σολίους

348 1176 740 1248 appellantes,
765 1176 1046 1232 vocabulo
1066 1195 1099 1232 a
1129 1176 1288 1232 solea
1322 1177 1411 1232 cui
1434 1178 1773 1233 innituntur
1802 1177 2000 1232 ducto.

349 1266 642 1321 Theodori
673 1266 918 1321 Studitae
957 1266 1130 1322 verba
1153 1266 1269 1322 haec
1301 1267 1511 1322 recitat
1567 1267 1850 1338 Georgius
1898 1266 2003 1322 Ha-

345 1355 634 1412 martolus
666 1356 724 1410 in
760 1361 944 1412 Leone
968 1361 1218 1412 Armeno
1253 1374 1266 1412 ι
1300 1354 1367 1412 Οἳ
1395 1376 1453 1410 τε
1484 1360 1619 1418 θεῖοι
1679 1355 1854 1419 κίονες
1911 1356 1998 1410 καὶ

343 1446 396 1498 οἱ
429 1442 608 1498 σόλιοι
639 1443 1000 1516 καλούμενοι,
1049 1443 1082 1498 ἃ
1137 1444 1200 1499 τὸ
1251 1439 1546 1518 σεϐάσμιον
1579 1448 1676 1499 τοῦ
1703 1446 1851 1519 ἱεροὖ
1884 1442 2001 1498 διας

339 1537 643 1608 τειχίζουσι
704 1536 1103 1607 θυσιαστήριον.
1179 1539 1395 1592 Necnon
1454 1552 1631 1593 sacrae
1713 1537 1998 1601 columnae,

343 1632 394 1678 et
453 1623 551 1695 qui
606 1623 737 1679 solii
795 1629 1064 1678 vocantur
1121 1641 1238 1694 quae
1291 1624 1668 1679 venerandum
1711 1640 1745 1678 a
1804 1624 2000 1692 templo

344 1715 713 1786 intersepiunt
767 1715 967 1770 altare.
1046 1719 1250 1770 Parem
1335 1712 1688 1788 κυριολογίαν
1774 1715 2002 1768 videtur

344 1803 642 1858 Cedrenus
669 1803 996 1873 affectasse,
1031 1804 1173 1858 dum
1203 1800 1330 1864 τοὺς
1389 1801 1592 1864 σωλίας
1650 1805 1822 1860 verbo
1877 1802 2000 1874 plu-

2113 644 2260 706 erat,
2295 640 2349 694 id
2409 643 2566 712 quod
2617 647 2783 696 extra
2843 657 3018 696 omne
3068 639 3318 695 dubium
3376 643 3486 707 est,
3533 655 3600 694 ex
3654 655 3780 694 sex-

2110 729 2297 783 centis
2322 731 2541 800 passim
2587 730 2772 785 obviis
2799 729 3155 800 scriptorum
3217 728 3576 800 optimorum
3629 728 3772 783 locis

2109 819 2486 873 manifestum
2522 837 2534 874 :
2567 819 2649 874 ita
2679 820 2991 876 dicendum
3027 835 3262 891 quoque
3299 817 3633 873 necessario
3687 821 3778 872 est

2112 907 2283 962 soleae
2317 908 2767 980 appellationem
2802 911 3182 980 propagatum
3220 907 3291 962 ad
3341 906 3770 977 designandum

2111 995 2386 1051 similiter
2418 998 2674 1068 spatium
2710 998 2943 1067 aliquod
2981 996 3112 1059 soli,
3140 995 3288 1068 quod
3331 997 3530 1050 statim
3584 1013 3616 1049 a
3673 1011 3772 1050 so-

2107 1084 2195 1138 lea
2218 1102 2422 1141 versus
2466 1085 2668 1157 populi
2703 1103 2768 1141 ac
2814 1085 3114 1140 concionis
3164 1083 3356 1138 locum
3397 1084 3772 1152 tondebatur,

2109 1198 2223 1254 quo
2256 1183 2312 1236 in
2347 1185 2538 1255 spatio
2557 1183 2925 1248 subdiaconi,
2949 1182 3198 1237 lectores
3217 1182 3436 1253 aliique
3461 1180 3767 1236 inferiores

2108 1271 2366 1327 ecclesiae
2400 1272 2657 1326 ministri
2709 1273 2966 1340 stabant,
3017 1271 3232 1342 quibus
3271 1269 3375 1340 jus
3433 1285 3550 1324 non
3611 1272 3768 1325 esset

2107 1361 2164 1415 in
2209 1379 2374 1416 sacro
2433 1366 2600 1433 septa
2650 1361 2707 1416 in
2769 1361 2896 1434 ipso
2955 1361 3186 1415 bemate
3245 1363 3346 1414 aut
3403 1359 3765 1430 presbyterio

2107 1455 2280 1505 stare.
2336 1451 2512 1506 Docet
2564 1451 2669 1505 hoc
2721 1468 2826 1508 nos
2897 1449 3049 1505 clare
3100 1450 3350 1520 Symeon
3396 1447 3769 1503 Thessaloni-

2109 1540 2298 1595 censis
2367 1541 2517 1594 libro
2578 1542 2647 1595 de
2705 1546 2864 1595 Sacr.
2937 1539 3026 1594 his
3079 1537 3313 1592 verbis:
3373 1533 3764 1589 Ὑποδιακὸνου

2104 1629 2192 1681 καὶ
2266 1628 2609 1703 ἀναγνώστας
2666 1629 2931 1697 καθῆσθαι
2987 1628 3100 1702 χρή
3170 1624 3362 1697 ἔξωθεν
3419 1628 3516 1678 τοῦ
3579 1625 3765 1698 βήμα-

2103 1737 2196 1777 τος
2269 1717 2392 1790 περὶ
2459 1717 2549 1770 τὸν
2603 1715 2862 1787 σωλέαν,
2923 1716 2981 1778 ὃς
3042 1713 3107 1784 δὴ
3157 1714 3246 1768 καὶ
3311 1715 3466 1789 βῆμα
3515 1711 3764 1767 καλεῖται

2105 1805 2486 1880 ἀναγνωστῶν·
2557 1808 2932 1864 Subdiacnnos
3000 1812 3052 1862 et
3100 1808 3328 1861 lectores
3347 1805 3542 1860 sedere
3594 1819 3762 1874 opor-

344 1891 448 1947 rali
481 1898 646 1948 vocat
677 1893 863 1948 multa
891 1893 994 1948 illa
1024 1898 1081 1948 et
1111 1893 1271 1948 varia
1303 1893 1656 1949 vestibulum
1714 1897 1772 1948 et
1823 1895 1992 1965 quasi
2028 1914 2072 1979 B
2105 1901 2185 1951 tet
2214 1902 2372 1952 extra
2421 1897 2595 1963 bema,
2628 1897 2776 1952 circa
2811 1899 3034 1965 soleam,
3073 1894 3173 1966 qui
3207 1903 3259 1950 et
3302 1893 3454 1950 bema
3495 1893 3761 1949 lectorum

345 1985 710 2051 proscenium
772 2000 883 2037 arte
931 1999 1108 2037 sacra
1157 1985 1567 2054 componentia
1622 1988 1988 2038 ornamenta.

341 2071 529 2127 Verba
560 2072 687 2142 ejus
729 2072 850 2126 base
883 2077 1067 2127 sunt:
1101 2071 1166 2125 Ἡ
1220 2069 1470 2146 τρούλλα
1525 2077 1626 2139 τῆς
1682 2073 1838 2145 ἁγίας
1892 2077 1990 2126 τοῦ

337 2164 472 2214 Θεοῦ
543 2159 801 2234 Μεγάλης
875 2157 1173 2230 ἐκκλησίας
1251 2161 1518 2236 φουρνική
1601 2161 1734 2214 οὖσα
1811 2158 1986 2233 ἔπεσε,

331 2250 426 2305 τόν
479 2271 539 2304 τε
591 2245 820 2323 ἄμϐωνα
866 2251 956 2305 καὶ
1003 2250 1131 2312 τούς
1178 2247 1410 2312 σωλείας
1459 2251 1510 2321 ἐξ
1542 2250 1798 2326 ὀνυχίτου
1832 2250 1988 2306 λίθου

333 2334 490 2402 ὄντας
543 2339 824 2416 συνέτριψε
877 2340 967 2394 καὶ
1026 2339 1102 2402 εἰς
1189 2345 1324 2415 χοῦν
1402 2338 1711 2395 ἀπετέλεσε’
1786 2343 1990 2399 Trulla

331 2441 520 2488 sancta
571 2433 667 2488 Dei
714 2437 938 2504 Magna?
994 2430 1235 2488 ecclesia:
1291 2436 1566 2488 camerata
1613 2433 1672 2487 in
1725 2435 1988 2498 fornicem

331 2521 596 2590 concidit,
630 2525 678 2576 et
709 2522 1002 2576 ambonem
1021 2538 1085 2576 ac
1111 2522 1304 2578 soleas.
1330 2522 1426 2592 qni
1454 2527 1612 2576 erant
1638 2538 1707 2576 ex
1736 2523 1990 2593 onychite

336 2612 546 2684 lapide,
601 2611 859 2667 contrivit
919 2613 973 2666 ei
1029 2613 1089 2666 in
1144 2613 1424 2681 pulverem
1479 2610 1768 2667 conminit.
1856 2612 1986 2666 Haec

335 2701 673 2756 Cedremus.
707 2705 847 2756 Tam
879 2705 1024 2769 erat,
1067 2701 1296 2771 opinor,
1327 2701 1386 2754 in
1418 2715 1485 2756 ea
1531 2700 1777 2756 ecclesia
1831 2717 1986 2756 unus

334 2787 542 2849 σωλέας
573 2805 754 2862 quam
797 2805 950 2844 unus
1000 2782 1215 2860 ἄμϐων.
1267 2788 1382 2843 Cur
1435 2789 1612 2860 igitur
1670 2788 1987 2844 historicus

333 2873 590 2950 ἃμϐωνος
621 2878 679 2932 in
715 2877 1001 2948 singulari
1033 2875 1280 2930 σωλειῶν
1310 2878 1368 2933 in
1402 2877 1615 2950 plurali
1658 2878 1928 2933 meminit
1958 2879 1985 2933 ‘I

333 2970 479 3033 Quid
511 2967 892 3023 verisimilius
919 2967 1188 3023 dicamus
1211 2984 1386 3038 quam
1415 2968 1628 3023 idcirco
1652 2968 1707 3022 id
1743 2970 1979 3036 factum,

333 3058 471 3130 quia
517 3054 722 3110 σωλὲαν
785 3055 1080 3116 ἂσωλεαις
1137 3062 1238 3112 aut
1283 3054 1538 3110 οωλείοι)
1620 3058 1780 3129 (nam
1838 3059 1984 3114 forte

326 3142 593 3207 σωλείους
655 3146 912 3218 scripsit)
971 3149 1196 3202 studuit
1243 3147 1628 3218 distinguere,
1690 3147 1981 3202 verisimi-

2101 1997 2472 2058 nuncupatur.
2519 1989 2697 2044 Bema
2753 1989 2850 2043 hic
2907 1987 3019 2042 dici
3078 1987 3273 2042 locum
3357 1984 3515 2039 intra
3591 2001 3760 2039 sacra

2103 2083 2270 2149 septa
2299 2079 2370 2132 ab
2402 2077 2570 2133 altari
2605 2079 2676 2132 ad
2703 2077 2986 2133 cancellos
3037 2076 3339 2148 pertinens
3397 2072 3599 2128 nullus
3639 2074 3748 2127 du-

2100 2167 2270 2231 bitat,
2321 2167 2492 2235 quale
2543 2165 2712 2238 vulgo
2781 2164 3206 2238 presbyterium
3270 2162 3462 2218 Latini
3520 2178 3747 2216 nuncu-

2102 2274 2336 2329 pamus.
2371 2257 2515 2311 Hinc
2549 2257 2627 2310 ait
2683 2253 3228 2311 Thessalonicensis
3289 2251 3558 2307 exclusos
3617 2253 3753 2306 sub-

2098 2346 2376 2401 diaconos
2434 2345 2798 2416 lectoresque
2850 2343 3176 2415 legitimam
3253 2341 3556 2397 stationem
3643 2339 3753 2395 ha-

2098 2436 2300 2490 buisse
2327 2433 2450 2506 περὶ
2482 2431 2692 2486 σωλὲαν
2723 2433 2875 2489 circa
2907 2433 3120 2488 soleam
3158 2449 3171 2498 ;
3216 2446 3390 2503 quem
3449 2432 3756 2501 propterea

2099 2524 2318 2580 soleam
2355 2528 2763 2595 nuncupatum
2795 2523 2876 2577 ait
2911 2521 3064 2594 βῆμα
3095 2518 3441 2585 ἀνάνωστῶν,
3468 2518 3635 2590 quasi
3665 2519 3755 2572 di-

2099 2631 2194 2668 cas
2226 2614 2405 2667 altare
2431 2613 2712 2677 lectorum,
2745 2611 2961 2666 idcirco
2995 2611 3172 2683 quod,
3209 2612 3291 2677 ut,
3351 2607 3508 2681 βῆμα
3538 2606 3751 2680 ἱερέων,

2097 2727 2307 2780 nempe
2340 2727 2571 2764 sacrum
2609 2710 2812 2774 altare,
2844 2710 3006 2764 locus
3039 2710 3163 2762 erat
3192 2706 3438 2760 intimus
3465 2705 3537 2760 ad
3572 2720 3747 2774 quem

2096 2799 2365 2870 progredi
2401 2798 2732 2853 sacerdotes
2762 2801 3005 2869 possent
3034 2795 3218 2852 sacris
3250 2795 3309 2848 in
3349 2810 3415 2848 eo
3466 2808 3747 2864 peragen-

2095 2889 2209 2956 dis,
2244 2890 2324 2945 ita
2351 2888 2541 2945 soleas
2569 2894 2722 2945 meta
2781 2893 2906 2944 erat
2966 2887 3176 2942 ultima
3232 2885 3555 2940 ministeria
3603 2884 3744 2938 sub-

2094 2978 2474 3034 diaconorum
2508 2983 2564 3033 et
2595 2977 2895 3045 lectorum,
2927 2993 3075 3048 quos
3103 2979 3410 3048 penetrare
3456 2973 3515 3028 in
3579 2988 3744 3028 sacra

2094 3073 2260 3139 septa
2291 3069 2451 3124 nefas
2484 3071 2626 3123 erat.
2690 3069 2916 3123 Rursus
2960 3070 3026 3122 ut
3074 3064 3332 3137 spatium
3365 3064 3518 3119 circa
3557 3079 3741 3131 aram,

2091 3157 2249 3212 intra
2280 3159 2436 3229 quod
2472 3173 2657 3228 usque
2689 3157 2759 3211 ad
2792 3154 3085 3212 cancellos
3115 3165 3219 3210 aut
3267 3152 3488 3209 soleam
3549 3167 3740 3207 sacer-

322 3235 574 3345 litudipe
601 3236 1160 3334 etiam-narrationis
1191 3236 1524 3345 consulens.
1576 3237 1720 3292 Nam
1752 3237 1978 3345 cqntri-
2016 3278 2058 3345 Ο
2093 3245 2262 3299 datas
2299 3245 2738 3313 consistebant,
2822 3242 3070 3316 βήματος
3129 3241 3518 3314 appellatione
3582 3255 3740 3295 com.

324 3330 452 3380 tum
477 3323 580 3379 illa
597 3325 770 3380 ruina
794 3325 849 3378 in
877 3324 1175 3380 minutum
1202 3342 1390 3397 usque
1412 3325 1711 3396 pulverem
1742 3324 1982 3380 soleam,

322 3416 432 3471 hoc
463 3421 554 3471 est
584 3415 918 3470 stereobata
947 3415 1134 3470 solide
1165 3420 1387 3471 structa
1413 3433 1479 3470 ex
1537 3417 1782 3470 materia
1840 3433 1978 3487 prae-

324 3507 474 3560 dura
503 3521 862 3559 marmorum
887 3508 988 3559 aut
1009 3503 1185 3559 etiam
1212 3504 1454 3569 metalli,
1477 3504 1757 3560 credibile
1782 3505 1976 3560 minus

323 3599 487 3650 erat:
540 3594 610 3648 de
660 3593 972 3660 columnis,
1006 3593 1240 3664 sigillis,
1295 3593 1458 3663 liliis,
1495 3593 1685 3665 pomis
1734 3598 1791 3648 et
1844 3593 1975 3648 aliis

322 3683 531 3754 ﬁguris
562 3700 630 3738 ex
660 3683 931 3754 onychite
963 3698 1197 3755 gemma
1236 3699 1415 3752 supra
1472 3681 1687 3738 soleam
1743 3683 1972 3752 erectis,

321 3790 451 3844 quae
483 3779 697 3827 cuncta
726 3769 971 3825 σωλείων
1002 3771 1280 3826 vocabulo
1308 3771 1602 3842 intelligit,
1637 3787 1728 3826 res
1786 3777 1908 3826 erat
1940 3789 1973 3826 a

314 3863 434 3917 fide
465 3879 579 3916 non
612 3861 956 3929 abhorrens,
991 3861 1145 3932 quod
1171 3861 1283 3916 ista
1309 3867 1364 3916 et
1394 3859 1722 3915 subtilioris
1774 3859 1971 3914 formas

313 3959 369 4006 et
403 3950 688 4006 mollioris
725 3951 1000 4015 materiae,
1028 3951 1270 4022 insuper
1298 3950 1469 4005 etiam
1494 3951 1682 4020 primo
1715 3949 1970 4021 impetus

317 4041 617 4095 ruentium
677 4056 746 4094 ex
796 4040 1016 4094 fornice
1064 4039 1328 4112 lapidum
1386 4040 1771 4111 excepissent.
1841 4045 1968 4096 Non

316 4130 540 4186 inﬁtias
570 4129 771 4185 iverim
800 4132 998 4184 tamen
1031 4129 1173 4184 alios
1202 4128 1420 4200 passim
1453 4135 1741 4198 auctores,
1776 4129 1858 4183 uti
1916 4138 1970 4184 et

318 4223 590 4274 nostrum
623 4217 713 4272 hic
747 4218 1184 4287 Pacbymerem,
1212 4219 1352 4273 dum
1385 4222 1594 4274 soleam
1623 4219 1969 4290 simpliciter

318 4307 648 4374 nominant,
674 4322 837 4377 aeque
867 4307 1193 4372 stereobata
1215 4324 1345 4362 cum
1371 4309 1759 4380 superpositis
1791 4308 1965 4382 stylo-

313 4398 493 4466 batis,
526 4395 770 4450 basibus
801 4394 1114 4463 columnis,
1176 4397 1483 4468 capitellis,
1532 4400 1718 4466 trabe,
1777 4415 1965 4470 cyma-

312 4485 420 4550 tio,
453 4483 764 4557 epistyliis,
819 4483 1052 4555 sigillis,
1107 4485 1261 4540 vasis
1319 4503 1384 4541 ac
1444 4486 1668 4557 reliquo
1727 4504 1796 4542 ex
1844 4494 1967 4544 arte

311 4578 756 4637 coronamento,
789 4589 905 4628 una
935 4573 1097 4628 verbi
1157 4574 1396 4630 notione
1447 4576 1960 4634 comdrehendere.

2088 3333 2582 3404 prehendebatur,
2616 3333 2701 3388 sic
2760 3334 2936 3388 etiam
2994 3332 3253 3404 spatium
3312 3334 3447 3385 ante
3495 3328 3737 3392 soleam,

2085 3421 2145 3476 in
2180 3439 2292 3492 quo
2351 3427 2476 3478 erat
2529 3421 3023 3478 subdiaconorum
3082 3425 3137 3476 et
3193 3419 3476 3476 lectorum
3537 3417 3738 3486 statio,

2088 3519 2171 3591 [Ρ-
2207 3521 2332 3593 423]
2364 3520 2534 3576 soleas
2567 3537 2802 3592 quoque
2829 3520 3113 3575 vocabulo
3164 3517 3602 3591 designabatur,
3659 3517 3740 3570 ita

2085 3609 2240 3664 utin
2274 3610 2432 3666 hisce
2487 3611 2718 3666 duobus
2777 3610 2966 3666 soleas
3026 3610 3367 3681 fungeretur
3410 3607 3557 3678 ipsis
3615 3606 3738 3661 vice

2087 3696 2336 3770 βήματος
2371 3704 2428 3754 et
2460 3699 2588 3754 ideo
2634 3700 2787 3772 βῆμα
2839 3699 3200 3773 ἀναγνωστῶν
3261 3699 3418 3752 bema
3477 3697 3737 3751 lectorum

2081 3793 2406 3842 vocaretur.
2441 3792 2572 3843 Haec
2603 3788 2900 3843 sententia
2928 3792 3018 3842 est
3047 3789 3355 3843 verborum
3409 3783 3732 3857 Symconis,

2081 3876 2388 3928 manifeste
2414 3875 2748 3930 docentium
2779 3875 2940 3931 illam
2967 3877 3175 3932 intime
3211 3877 3508 3931 admotam
3565 3872 3732 3928 soleae

2080 3961 2280 4028 templi
2361 3967 2582 4032 partem
2643 3963 2930 4032 impertiri
3013 3963 3247 4019 solitam
3301 3961 3735 4031 nuncupatione

2080 4050 2269 4115 solea,
2304 4067 2407 4121 per
2437 4051 2833 4107 extensionem
2867 4051 3087 4108 scilicet
3120 4051 3460 4124 popularem
3512 4056 3570 4106 et
3618 4051 3732 4105 mi-

2078 4155 2191 4195 nus
2222 4139 2412 4211 rigida
2469 4141 2845 4212 proprietate.
2911 4142 3092 4211 Atque
3146 4141 3256 4196 hoc
3301 4141 3454 4196 valet
3524 4141 3595 4195 ad
3636 4139 3734 4195 in-

2077 4229 2461 4300 telligendum
2498 4230 2554 4284 in
2591 4230 2744 4301 quod
2782 4229 2918 4285 alibi
2954 4230 3160 4286 scribit
3207 4230 3362 4285 idem
3419 4229 3732 4285 Thessalo-

2077 4317 2357 4382 nicensis,
2406 4318 2554 4374 libro
2617 4319 2894 4373 nimirum
2955 4325 3151 4375 contra
3208 4324 3465 4374 Hzereses
3523 4316 3730 4372 Γίνεται

2077 4404 2134 4460 δὲ
2181 4404 2392 4470 εἷ’σοδος
2443 4407 2518 4467 εἷς
2561 4408 2654 4462 τὸν
2701 4406 2908 4462 σωλέαν
2961 4408 3021 4463 ἐκ
3066 4413 3162 4463 τοῦ
3197 4409 3445 4483 βήματος
3479 4405 3730 4462 διακόνου

2074 4495 2163 4550 καὶ
2197 4496 2386 4571 ἰερὲως
2419 4494 2551 4572 δίχα
2591 4497 2809 4573 φώτων
2858 4501 2949 4556 Fit
3004 4499 3267 4555 introitus
3322 4498 3384 4553 in
3439 4499 3644 4553 soleam
3700 4514 3730 4552 e

2077 4587 2280 4643 bemate
2310 4587 2532 4644 diaconi
2586 4593 2639 4643 et
2696 4589 2993 4644 sacerdotis
3057 4591 3178 4645 sine
3233 4587 3556 4644 luminibus.
3615 4586 3727 4642 De-

305 4663 457 4726 Quin
491 4662 666 4718 θιίᾶῐτ]
692 4680 794 4734 PFO
819 4666 997 4728 σεῖ’ῑον
1024 4662 1230 4732 habeo:
1258 4665 1434 4734 idque
1459 4682 1812 4738 magnopere
1836 4667 1959 4721 ani-
1998 4653 2039 4717 D
2072 4676 2280 4731 scribit
2320 4694 2542 4733 sacram
2599 4680 2918 4749 quamdam
2983 4679 3364 4748 functionem,
3427 4693 3540 4748 qua
3594 4693 3724 4732 mos

311 4753 795 4808 madvertendam
835 4756 992 4825 puto,
1028 4769 1144 4807 non
1176 4753 1359 4808 solam
1395 4754 1545 4810 hanc
1577 4756 1963 4812 substructio-

307 4857 446 4897 nem
476 4859 611 4897 cum
644 4842 770 4897 suis
801 4842 1168 4897 ornamentis
1205 4841 1268 4894 τὸ
1305 4841 1458 4915 βῆμα
1507 4841 1613 4896 ἀπὸ
1661 4847 1757 4897 τοῦ
1804 4849 1961 4916 ναοῦ,

308 4930 496 4987 altare
519 4947 585 4985 ac
617 4931 1043 5003 presbyterium
1077 4949 1110 4986 a
1133 4933 1352 5003 templo
1402 4931 1627 5004 reliquo
1679 4935 1961 4990 dirimen-

306 5025 455 5084 tem,
515 5022 664 5075 611
713 5025 1110 5092 nuncupatam
1161 5021 1342 5078 fuisse
1397 5023 1645 5089 soleam,
1719 5026 1816 5080 sed
1906 5026 1958 5079 id

309 5124 526 5163 nomen
560 5113 831 5180 praeterea
862 5114 1166 5165 extensum
1210 5112 1278 5165 ad
1342 5111 1797 5183 signiﬁcandum
1857 5116 1961 5170 ali-

313 5203 604 5270 quantum
653 5200 822 5269 spatii
875 5199 983 5254 soli
1019 5215 1086 5255 ac
1131 5200 1443 5270 pavimenti
1503 5203 1758 5259 ecclesize
1815 5205 1964 5262 inter

309 5285 531 5344 soleam
563 5292 619 5342 et
649 5287 843 5344 locum
888 5289 985 5343 ubi
1027 5291 1222 5344 stabat
1279 5291 1530 5362 populus
1587 5294 1960 5365 interjacens.

311 5378 825 5441 Quemadmodum
859 5378 1034 5433 etiam
1073 5377 1244 5452 βῆμα,
1271 5382 1425 5452 quod
1453 5384 1687 5454 proprie
1714 5387 1961 5455 gradum

306 5470 482 5522 sonat
512 5472 568 5521 et
600 5466 782 5522 altare
813 5467 1092 5538 gradibus
1135 5469 1407 5526 videlicet
1473 5473 1770 5530 sublatum
1826 5493 1960 5548 syn-

305 5555 621 5612 ecdocbice
669 5557 910 5624 indicat,
955 5558 1328 5629 signiﬁcabat
1385 5572 1660 5632 praeterea
1701 5567 1956 5636 spatium

304 5644 420 5701 soli
479 5645 870 5713 satiatatum,
919 5648 1074 5716 quod
1122 5647 1195 5702 ab
1254 5649 1456 5706 inﬁmo
1516 5651 1718 5709 altaris
1773 5658 1956 5727 gradu

304 5752 492 5809 usque
542 5735 609 5790 ad
663 5735 953 5792 cancellos
1011 5741 1113 5792 aut
1178 5737 1395 5794 soleam
1485 5743 1740 5812 patebat,
1805 5745 1959 5803 intra

2075 4770 2200 4819 erat
2228 4767 2460 4836 prodire
2487 4783 2554 4822 ex
2594 4767 2955 4838 presbyterio
3011 4766 3069 4822 in
3123 4766 3323 4838 templi
3384 4769 3612 4838 partem
3670 4765 3723 4819 ei

2075 4859 2416 4924 praetentam
2457 4857 2816 4912 sacerdotem
2852 4873 2984 4912 cum
3011 4857 3278 4912 diacono.
3323 4855 3491 4910 Illam
3549 4871 3723 4925 porro

2073 4951 2274 5023 templi
2309 4957 2534 5023 partem
2563 4972 2680 5010 una
2709 4955 2875 5019 solea,
2912 4955 3031 5010 sive
3071 4953 3347 5011 cancellis
3403 4969 3436 5008 a
3486 4951 3725 5024 presby-

2070 5042 2218 5096 terio
2276 5042 2654 5112 diremptam,
2702 5045 2905 5099 soleam
2963 5043 3234 5115 appellat.
3282 5043 3412 5097 Pari
3488 5043 3728 5097 notione

2072 5128 2411 5199 accipienda
2445 5133 2771 5187 necessario
2801 5149 2911 5187 vox
2939 5131 3093 5187 solea
3123 5135 3214 5187 est
3243 5131 3394 5203 apud
3441 5131 3729 5187 Joannem

2073 5218 2574 5285 Cantacuzenum,
2608 5222 2762 5277 612
2797 5220 2932 5276 Hist.
2970 5220 3069 5275 lib.
3105 5238 3146 5286 ι,
3178 5237 3306 5292 cap.
3342 5221 3430 5291 41,
3475 5220 3575 5274 ubi
3631 5220 3734 5275 de-

2073 5308 2275 5363 scribit.
2308 5310 2714 5365 casremoniam
2751 5311 3145 5367 coronationis
3177 5310 3492 5367 Andronici
3522 5310 3728 5366 Junio-

2072 5396 2153 5450 ris
2189 5398 2428 5467 Augusti
2463 5398 2520 5452 in
2549 5415 2759 5470 magno
2792 5399 3011 5471 templo
3061 5405 3280 5456 Sanctae
3318 5399 3544 5471 Sophiae
3604 5415 3729 5469 per-

2072 5489 2285 5540 actam.
2330 5491 2426 5541 Ait
2471 5487 2628 5542 enim
2687 5493 2894 5544 caetera
2979 5487 3168 5544 multa
3234 5487 3723 5561 supplicationem

2072 5573 2223 5628 circa
2257 5574 2539 5646 templum
2576 5576 2813 5632 ductam
2848 5594 2880 5632 a
2913 5577 3268 5649 patriarcha,
3301 5577 3473 5638 clero.
3538 5576 3721 5645 impe-

2069 5663 2363 5720 ratoribus
2394 5668 2450 5718 et
2481 5665 2637 5720 omni
2674 5665 2907 5739 populo.
2940 5668 3087 5723 Tum
3143 5667 3202 5722 in
3263 5667 3456 5723 reditu
3513 5681 3722 5721 versus

2069 5750 2273 5825 altare,
2307 5754 2402 5810 ubi
2434 5758 2670 5812 ventum
2705 5756 2774 5811 ad
2809 5756 3024 5814 soleam
3061 5760 3231 5825 esset,
3273 5755 3420 5812 alios
3479 5755 3718 5828 quidem
