4072 6390
388 398 527 452 1075

1453 402 1511 452 Ρ.
1556 398 1831 452 POSSINI
1870 397 2484 454 OBSERVATIONUM
2521 402 2653 454 LIB.
2696 404 2741 455 Ι.

3649 397 3768 451 1076

382 538 586 580 omnes
656 523 798 579 foris
855 524 1168 589 mansisse,
1202 522 1393 578 solum
1461 523 1897 592 imperatorem,
1934 521 2037 592 qui
2070 522 2118 588 Α
2154 522 2296 579 scite
2313 525 2944 595 nectemeredisputat.
2962 523 3035 578 ab
3052 522 3164 579 alio
3181 520 3767 593 magiseruditoqusm

388 613 801 681 coronabatur,
858 613 1193 685 ingressum
1282 611 1568 683 reperisse
1643 611 2035 681 patriarcbam

391 708 643 758 stantem
678 720 857 773 supra
888 704 1072 759 sacris
1122 701 1419 771 cancellis,
1482 700 1591 756 hoc
1648 707 1737 755 est
1794 702 1852 754 in
1915 703 2043 771 ipso

392 792 599 847 limine
631 799 809 862 porta-3
842 794 1033 858 soleae,
1056 810 1167 862 qua
1190 810 1255 846 ex
1282 790 1639 862 presbyterio
1662 790 1721 845 in
1754 789 2044 861 reliquum

391 883 677 953 templum
714 882 1076 953 prodibatur.
1110 881 1300 935 Verba
1326 879 1714 935 Cantacuzeni
1748 879 1869 933 haec
1887 882 2042 933 sunt:

392 969 499 1023 Τὸν
562 966 619 1022 δὲ
675 970 798 1023 ναὸν
858 967 1236 1041 περιελθόντες
1301 967 1438 1021 κατὰ
1512 968 1573 1021 τὸ
1635 963 1755 1028 ἔθος
1830 962 2044 1019 ἐπειδὰν

391 1058 635 1132 γένοιντο
688 1057 740 1112 ἐν
798 1063 876 1129 τῷ
933 1055 1134 1129 σωλέᾳ,
1193 1058 1244 1111 οἱ
1296 1058 1391 1129 μὲν
1445 1053 1611 1110 ἄλλοι
1666 1055 1860 1117 πάντες
1895 1054 2052 1109 ἑστᾶ-

391 1167 471 1199 σιν
524 1144 696 1218 ἒκτὸς,
748 1146 908 1208 αὐτὸς
961 1144 1018 1200 δὲ
1073 1143 1378 1221 (βασιλεὺς)
1443 1144 1609 1217 μόνος
1662 1145 2050 1219 εἰσερχόμενος

387 1234 481 1289 τὸν
511 1232 721 1288 σωλέαν
766 1236 857 1289 τὸν
902 1234 1251 1310 πατριάρχην
1306 1234 1393 1288 ἐπὶ
1440 1239 1559 1295 ταῖς
1607 1234 1781 1305 Ιεραῖς
1840 1231 2055 1306 κιγκλί-

390 1344 471 1377 σιν
507 1325 771 1394 ἑστηκότα
802 1322 1057 1399 εὑρίσκει.
1116 1328 1241 1380 Haec
1298 1326 1442 1391 ille;
1505 1342 1632 1396 qua
1689 1323 1841 1379 clare
1902 1322 2055 1378 indi-

389 1419 525 1469 cant
553 1414 814 1486 spatium
847 1413 1083 1487 aliquod
1118 1413 1326 1485 templi
1368 1430 1568 1469 sacros
1601 1412 1892 1469 cancellos
1938 1429 2056 1466 una

392 1518 462 1559 ex
484 1508 646 1575 parte
676 1502 1024 1575 contingens
1056 1502 1276 1559 soleam
1304 1507 1603 1573 vocatum,
1631 1502 1688 1556 in
1716 1502 1868 1573 quod
1903 1518 2056 1555 unus

394 1592 717 1665 imperator
765 1592 1077 1663 introierit,
1140 1591 1363 1648 caeteris
1437 1591 1876 1647 abstinentibus
1963 1588 2056 1644 in-

396 1698 624 1755 gressu.
676 1682 894 1737 Locum
945 1686 1138 1737 autem
1211 1681 1393 1736 fuisse
1438 1682 1783 1736 distinctum
1845 1696 1879 1733 a
1936 1695 2062 1749 pre-

397 1771 622 1843 byterio
691 1772 999 1827 manifeste
1048 1775 1205 1841 patet
1263 1788 1331 1825 ex
1396 1788 1462 1826 eo
1542 1771 1696 1841 quod
1787 1785 2059 1841 progres-

2154 611 2413 668 hnmano
2447 613 2797 669 incomitiati
2830 629 3038 683 parum
3082 611 3356 666 civiliter.
3398 610 3771 679 Conjecturam

2154 702 2224 755 de
2256 702 2414 756 solea
2445 720 2612 757 suam
2658 702 2981 757 verecunde
3037 706 3214 770 atque
3269 698 3514 753 abnoxie
3562 699 3621 764 (P
3674 699 3775 765 434)

2155 791 2428 860 proponit
2454 790 2774 845 Ludovicus
2806 790 3085 845 Cellotius
3120 792 3336 852 noster,
3370 787 3407 841 l.
3452 802 3504 841 v1
3566 792 3636 842 De
3678 786 3777 841 hie-

2155 880 2389 949 rarcha,
2424 896 2473 935 c.
2520 880 2574 945 ὃ,
2636 896 2692 949 p.
2758 880 2844 945 45,
2892 878 2951 933 in
3006 878 3154 932 hunc
3215 878 3453 931 modum
3499 875 3777 930 scribens:

2161 967 2300 1034 Quid
2330 971 2382 1023 si
2410 969 2621 1023 divinet
2642 967 2845 1039 aliquis
2876 966 2935 1021 in
2976 984 3043 1021 ea
3067 967 3302 1038 planitie
3340 964 3496 1019 chori
3547 965 3715 1035 ampla
3741 974 3780 1019 et

2158 1058 2423 1129 mquabili
2452 1058 2707 1113 eductum
2737 1061 2833 1113 aut
2865 1058 2925 1112 in
2953 1057 3139 1112 medio
3170 1062 3271 1111 aut
3298 1056 3372 1109 rd
3400 1053 3633 1109 alterum
3659 1062 3785 1109 tatas

2158 1146 2409 1205 nobilius
2433 1148 2660 1220 aliquad
2687 1147 2866 1203 solum
2903 1147 3057 1202 omni
3105 1143 3399 1214 elegantin
3453 1143 3782 1206 adornatum,

2164 1242 2287 1294 εἰσ..
2319 1238 2501 1309 sicque
2530 1238 2731 1292 soleam
2760 1253 2794 1289 a
2822 1236 2936 1291 sxlo
2968 1237 3182 1290 dictum
3240 1238 3291 1289 el
3336 1234 3669 1304 pavimento,
3719 1232 3785 1285 vel

2163 1329 2214 1383 si
2231 1330 2405 1382 mavis
2432 1328 2501 1382 ab
2524 1342 2767 1398 expensa
2807 1325 3167 1397 aequabiliter
3224 1332 3275 1379 et
3327 1325 3453 1392 fuse
3498 1327 3785 1394 exporrecta

2164 1420 2367 1489 forma,
2409 1418 2591 1489 qualis
2617 1419 2749 1473 solw
2772 1420 2870 1471 est.
2906 1415 3037 1470 Hac
3058 1413 3341 1470 Cellotius
3372 1430 3387 1481 ;
3413 1430 3538 1483 quae
3589 1413 3787 1466 conﬁdo

2169 1524 2374 1579 aequps
2404 1524 2609 1562 omnes
2643 1522 2994 1562 assensuros
3023 1504 3180 1560 haud
3216 1504 3359 1559 adeo
3390 1518 3517 1558 esse
3546 1501 3786 1569 absarda,

2168 1608 2231 1653 ut
2265 1616 2298 1653 a
2328 1598 2611 1669 scriptore
2642 1596 2915 1668 religioso
2942 1600 3063 1652 tam
3096 1595 3375 1650 atrociter
3421 1598 3481 1649 et
3532 1591 3789 1647 invidiose

2166 1689 2636 1743 traducerentur.
2673 1688 2925 1752 Gravius,
2957 1686 3174 1757 inquit,
3206 1684 3593 1739 hullucinatur
3647 1680 3790 1737 Cello-

2169 1780 2301 1843 tius,
2340 1780 2436 1848 qui
2464 1779 2535 1831 ab
2560 1792 2803 1849 expansa
2832 1780 2882 1831 el
2904 1783 3238 1846 exporrecta
3267 1775 3388 1845 ejus
3409 1774 3610 1842 forma,
3639 1770 3791 1841 qualis

398 1878 501 1959 [3‘19
554 1877 659 1959 P91:
714 1860 862 1959 ίίξυξί
926 1862 1184 1959 spati“?
1256 1860 1594 1959 imperato}:
1662 1858 2056 1959 Ρθίτίαΐοῗξξὶω
2089 1894 2136 1959 Β
2171 1876 2247 1923 est
2276 1866 2469 1933 soleae,
2499 1869 2581 1921 sic
2599 1866 2807 1920 dictum
2840 1868 3018 1936 putat,
3052 1865 3212 1935 quasi
3238 1862 3497 1935 pro/anis
3558 1858 3708 1917 soleis
3747 1866 3787 1913 et

394 1948 683 2005 invenerit
764 1946 850 2002 ἐπὶ
936 1954 1055 2010 ταῖς
1144 1949 1315 2023 ἷέραῖς
1410 1946 1685 2023 κιγκλίσιν
1785 1944 2054 2016 στηκόέτα

396 2044 651 2097 stantem
676 2058 853 2111 super
882 2040 1065 2096 sacris
1117 2039 1418 2109 cancellis,
1481 2040 1541 2094 in
1601 2039 1729 2111 ipso
1789 2037 2059 2093 videlicet

398 2129 545 2184 sacri
578 2129 727 2201 septi
758 2131 878 2185 sive
912 2128 1259 2201 presbyterii
1293 2130 1479 2184 aditu.
1518 2128 1693 2184 Vides
1721 2128 1816 2183 hic
1850 2126 2059 2182 eximie

400 2236 746 2275 concessum
784 2218 1145 2289 imperatorii
1180 2218 1288 2273 soli
1348 2218 1539 2273 locum
1593 2219 1749 2271 intra
1816 2217 2057 2283 soleam,

400 2308 511 2365 hoc
536 2313 624 2364 est
675 2309 735 2363 in
767 2308 957 2380 spatio
988 2308 1177 2363 vicino
1209 2308 1395 2363 sacris
1422 2306 1628 2378 septis,
1683 2306 2060 2362 subdiaconis

402 2403 460 2454 et
491 2397 810 2453 lectoribus
844 2402 1159 2465 reservato,
1185 2397 1340 2451 unde
1396 2396 1651 2468 p0pulus
1709 2394 2059 2451 excludeba-

402 2493 522 2543 tur.
579 2487 653 2543 Eo
706 2487 937 2542 videtur
986 2485 1243 2542 alludere
1293 2487 1447 2557 quod
1479 2486 1708 2542 Nicetes
1766 2484 2061 2555 Paphlago

406 2575 610 2632 scribit
639 2576 696 2630 in
727 2576 861 2631 Vita
888 2575 1077 2631 sancti
1131 2574 1360 2647 lgnatii,
1413 2576 1669 2630 referens
1730 2589 2060 2645 prazsagum

404 2667 701 2723 somnium
754 2667 955 2722 Bardae
1004 2666 1400 2737 imperatoris,
1470 2683 1586 2737 quo
1677 2666 2062 2737 praemonitus

406 2758 598 2812 fuerat
627 2758 698 2811 de
720 2756 774 2810 vi
807 2772 935 2827 qua:
976 2755 1089 2826 ipsi
1148 2755 1359 2809 deinde
1414 2771 1514 2825 per
1558 2754 1842 2809 Basilium
1902 2753 2065 2809 illata

405 2852 495 2902 est
530 2846 728 2901 :visus
759 2845 917 2901 enim
951 2845 1138 2899 fuerat
1164 2844 1272 2899 sibi
1309 2844 1503 2899 videre
1562 2845 1634 2899 ad
1691 2861 1753 2899 se
1810 2848 2063 2899 stantem

405 2934 465 2989 in
491 2933 709 3006 templo
765 2933 1063 2988 venientes
1108 2932 1333 2988 albatos
1381 2933 1684 3003 quosdam,
1747 2929 1818 2983 ὧν
1882 2931 1908 2985 ὁ
1970 2930 2064 3001 μὲν

406 3020 629 3094 δέσμιον
688 3021 779 3075 τὸν
847 3019 1073 3094 βασιλέα
1143 3015 1432 3075 ἀναλαϐὼν
1506 3020 1594 3074 καὶ
1654 3018 1739 3074 ἐπὶ
1799 3019 1865 3073 τὰ
1923 3017 2068 3091 δεξιὰ

401 3109 720 3186 κατασύρων
785 3109 1036 3180 ἐξωθεῖτο
1096 3112 1195 3177 τῆς
1282 3109 1511 3177 σωλὲας,
1607 3126 1839 3182 quorum
1924 3126 2068 3165 unus

2169 1974 2279 2012 non
2309 1958 2501 2011 solutis
2530 1957 2913 2010 calceamentis
2935 1960 3085 2010 terra
3128 1958 3324 2009 sancta
3371 1951 3629 2008 calcanda
3656 1950 3792 2022 [oret

2174 2046 2271 2101 llic
2304 2063 2435 2100 vero
2469 2061 2665 2099 merus
2699 2048 2786 2098 est
2816 2060 3028 2098 succus
3090 2041 3370 2113 loliginis.
3396 2041 3561 2108 Quid,
3587 2037 3796 2094 amabo-

2172 2136 2340 2191 soleaa
2375 2138 2556 2189 forma
2588 2134 2657 2187 ad
2691 2132 2840 2188 sacri
2877 2132 2985 2187 loci
3028 2131 3586 2188 contaminationem
3642 2125 3796 2199 perti-

2170 2224 2315 2281 net?
2346 2230 2432 2277 An
2468 2239 2672 2278 omnes
2705 2223 2873 2277 soleae
2909 2222 3165 2293 profanas
3198 2220 3225 2275 Τ
3256 2221 3436 2275 etiam
3472 2218 3581 2274 illa:
3611 2216 3797 2288 quibus

2174 2315 2476 2384 pontiﬁces
2491 2312 2672 2367 sacris
2696 2318 3004 2381 operantes
3022 2311 3129 2365 rite
3155 2315 3407 2364 utuntur
3440 2304 3797 2363 ecclesiastica

2174 2401 2575 2457 benedictione
2606 2400 2851 2455 sacratis
2883 2398 2909 2451 ‘?
2932 2399 3141 2453 Videat
3170 2404 3368 2453 autem
3402 2397 3499 2468 qui
3535 2392 3794 2467 piaculum

2173 2499 2339 2564 putat
2365 2492 2434 2545 ad
2462 2490 2864 2561 explicandam
2892 2490 3139 2560 ﬁguram
3176 2487 3287 2542 loci
3320 2486 3469 2543 sacri
3501 2486 3581 2540 uti
3614 2481 3796 2539 simili-

2174 2581 2375 2638 tudine
2406 2580 2596 2646 solezs,
2632 2579 2769 2650 quid
2802 2594 2933 2633 enm
2970 2582 3226 2633 statuere
3259 2577 3337 2631 sit
3368 2588 3712 2644 consequens
3735 2572 3789 2623 de

2172 2670 2509 2726 Innocentio
2543 2669 2641 2737 IlI,
2675 2673 2833 2737 pont.
2892 2684 3071 2734 max.,
3134 2667 3233 2737 qui
3284 2666 3326 2722 l.
3378 2683 3399 2721 I
3445 2664 3791 2736 Mysteriorum

2172 2763 2377 2827 missav,
2410 2777 2460 2813 c.
2493 2760 2581 2823 35,
2618 2774 2721 2828 per
2746 2756 3210 2811 calceamentum
3246 2757 3464 2826 pedum
3508 2747 3795 2823 signiﬁcari

2175 2851 2344 2905 docet
2358 2852 2797 2904 sacrosanctum
2828 2844 3251 2900 incarnationis
3274 2841 3794 2915 Verbimysterium,

2177 2957 2280 3012 per
2311 2938 2463 3009 quod
2500 2937 2580 2991 ait
2616 2941 2788 2991 Deum
2813 2936 2871 2989 in
2900 2934 3094 2991 Iudaea
3124 2938 3340 3003 notum,
3363 2943 3413 2988 et
3454 2934 3603 3001 cuius
3643 2931 3697 2984 in
3737 2927 3796 2980 ls-

2176 3034 2303 3085 raet
2333 3044 2594 3096 magnum
2623 3042 2840 3091 nomen,
2876 3027 2933 3079 in
2964 3024 3265 3079 ldumzeam
3290 3022 3594 3079 extendisse
3627 3019 3801 3074 calcea-

2177 3121 2421 3174 menlum
2453 3132 2633 3171 suum.
2671 3120 2743 3169 At
2772 3115 2948 3169 etiam
2977 3130 3046 3169 ex
3096 3115 3386 3169 modestia
3435 3110 3643 3167 Cellotii
3696 3122 3799 3161 cen-

402 3204 649 3256 vinclum
678 3206 1067 3271 imperatorem
1091 3199 1369 3271 arripiens
1400 3204 1447 3255 et
1479 3200 1551 3255 ad
1599 3200 1857 3255 dextrum
1922 3200 2069 3254 latus
2100 3214 2143 3279 ρ
2183 3227 2279 3265 εοε-
2316 3209 2494 3270 idem,
2521 3222 2692 3275 quem
2728 3205 2969 3259 honoris
3001 3219 3179 3258 causa
3210 3204 3389 3259 modo
3430 3218 3539 3257 non
3578 3198 3800 3262 nomino,

406 3291 629 3346 trahens
654 3290 983 3346 exlrudebal
1033 3290 1204 3355 solea,
1266 3289 1500 3361 proprio
1559 3289 1826 3345 videlicet
1884 3289 2068 3359 impe-

406 3379 619 3436 ratoris
652 3380 808 3435 intra
843 3378 1125 3450 templum
1155 3379 1301 3447 loco,
1349 3378 1506 3433 unde
1564 3376 1702 3449 pelli
1762 3392 1934 3432 omen
1996 3377 2077 3430 fe-

408 3471 574 3527 rebat
607 3466 975 3540 expulsionis
1007 3468 1079 3522 ab
1113 3467 1380 3539 imperio.
1427 3469 1487 3521 In
1546 3465 1859 3521 ritualibus
1919 3466 2072 3521 Grae-

412 3575 613 3615 corum
649 3556 817 3613 libris
854 3557 1135 3611 distincta
1165 3572 1399 3627 quoque
1422 3555 1713 3627 reperitur
1760 3555 2073 3625 cujusdam

420 3648 597 3720 spatii
622 3651 757 3702 ante
780 3662 981 3700 sacros
1015 3644 1302 3699 cancellos
1363 3644 1525 3699 solea
1583 3645 1771 3700 vocati
1829 3644 2073 3699 mentio.

420 3738 483 3793 in
541 3735 908 3791 ordinatione
963 3734 1195 3788 diaconi
1255 3734 1374 3787 haec
1443 3732 1655 3804 leges:
1744 3730 2081 3801 Ἐξελθόντες

421 3821 517 3877 δύο
574 3820 816 3876 διάκονοι
849 3819 907 3875 ὲκ
955 3825 1051 3874 τοῦ
1105 3820 1259 3893 ἁγίου
1313 3823 1561 3895 βήματος
1593 3816 1937 3893 λαμϐάνουσι
1986 3820 2076 3874 τὸν

425 3907 705 3981 μέλλοντα
780 3908 1213 3983 χειροτονεῖσθαι
1288 3905 1564 3980 διάκονον,
1640 3909 1847 3961 ἑστῶτα
1902 3906 1953 3961 ἐν
2011 3911 2080 3981 τῇ

425 3996 627 4069 σωλέᾳ.
672 4001 949 4053 Exeunles
971 3998 1075 4054 duo
1107 3998 1324 4053 diaconi
1354 4016 1423 4054 ea:
1470 4015 1625 4055 saera
1673 4000 1883 4055 bemate
1938 4000 2082 4053 acci-

429 4096 595 4170 piunt
650 4112 774 4151 eum
823 4095 921 4167 qui
958 4096 1298 4151 ordinandus
1378 4099 1453 4151 est
1512 4098 1800 4157 diaconus,
1852 4100 2085 4151 stantem

428 4189 486 4240 in
533 4187 702 4242 solea.
765 4186 828 4240 In
887 4185 1256 4240 ordinatione
1314 4202 1447 4239 vero
1508 4185 1874 4240 sacerdotis:
1940 4182 2089 4241 Μετὰ

424 4273 483 4328 δὲ
538 4275 600 4329 τὸ
659 4273 1025 4348 πληρωθῆναι
1057 4273 1148 4327 τὸν
1181 4268 1506 4347 χερουϐικὸν
1559 4273 1727 4345 ὕμνον
1772 4270 1987 4327 ’ίσταται
2031 4272 2083 4325 ‘sv

424 4361 662 4435 σωλέᾳὸ
716 4361 941 4435 μέλλων
1004 4367 1442 4436 χειροτονεῖσθαι
1503 4358 2087 4438 πρεσϐύτερος.Ροδτ-

424 4470 589 4526 quam
617 4454 921 4524 eomplelus
949 4451 1122 4523 fuerit
1173 4452 1508 4508 Cherubicus
1551 4453 1814 4525 hymnus,
1870 4456 1981 4507 slal
2024 4452 2088 4507 in

422 4546 576 4601 solea
597 4546 695 4618 qui
724 4542 1076 4601 ordinandus
1104 4551 1184 4600 est
1214 4542 1488 4600 sacerdos.

495 4766 741 4817 Summa
771 4758 1062 4815 dictorum
1096 4762 1153 4815 et
1174 4758 1479 4815 sententiae
1502 4759 1573 4814 de
1596 4758 1755 4815 solea
1786 4751 1928 4813 meis
1959 4757 2082 4812 haec

428 4857 539 4919 est,
575 4851 757 4906 fuisse
785 4848 1006 4905 soleam
1068 4848 1273 4904 Latino
1331 4849 1572 4920 antiquo
1629 4848 1803 4904 verbo
1854 4848 2087 4920 proprie

430 4942 645 4996 dictam
661 4938 1163 4995 substructionem
1192 4937 1523 5009 stylobatis,
1540 4937 1851 5006 columnis,
1872 4939 2087 5010 episty-

427 5031 526 5087 liis
569 5036 898 5101 caeteroque
951 5028 1425 5085 architectorices
1489 5028 1772 5100 elegantis
1823 5028 2087 5099 specioso

432 5125 719 5192 apparatu
743 5123 1107 5185 coronatam,
1124 5136 1252 5189 quae
1279 5118 1336 5172 in
1358 5118 1595 5189 templis
1614 5118 1940 5173 Grmcorum
1964 5134 2086 5172 ma-

432 5208 807 5281 gniﬁcentius
838 5208 1224 5272 ornatis,vice
1256 5208 1583 5279 ligneorum
1607 5206 1999 5263 cancellorum
2026 5223 2089 5262 ac

430 5296 713 5363 velorum,
756 5298 909 5351 613
940 5314 1102 5352 aram
1138 5298 1457 5353 maximam
1489 5302 1546 5352 et
1565 5297 1995 5369 presbyterium
2018 5298 2089 5351 ab

432 5389 701 5459 ingressu
736 5385 1122 5456 inspectuque
1187 5386 1386 5459 populi
1448 5388 1729 5458 tegebat,
1787 5392 2085 5442 extensam

434 5493 671 5550 quoque
697 5475 1150 5547 appellationem
1174 5478 1343 5532 solete
1368 5479 1436 5533 ad
1474 5479 1731 5549 spatium
1791 5478 2089 5549 quoddam

432 5568 532 5623 isti
564 5563 991 5620 substructioni
1009 5564 1354 5634 contiguum
1381 5568 1833 5637 designandum.
1861 5567 2088 5621 Addam

434 5657 529 5712 hic
544 5653 931 5709 humanitatis
945 5652 1135 5707 ofﬁcio
1154 5653 1472 5710 instinctus
1487 5673 1599 5711 non
1618 5656 2088 5727 intempestivam

433 5745 886 5799 vindicationem
908 5744 1043 5799 boni
1067 5742 1390 5812 scriptoris,
1422 5747 1563 5800 dum
1588 5747 1657 5801 de
1678 5745 1837 5801 solea
1860 5763 1972 5802 non
1997 5747 2088 5803 in-

2186 3315 2255 3354 ex
2286 3296 2594 3361 modestia,
2629 3294 2891 3363 inquam,
2920 3292 3159 3348 laudabi
3191 3292 3422 3348 Cellotii
3452 3288 3799 3349 occasionem,

2184 3386 2394 3458 arripit
2424 3385 2471 3440 ei
2505 3384 2884 3439 acerbissime
2915 3381 3265 3448 insultandi,
3301 3383 3442 3437 dum
3476 3380 3555 3437 sic
3584 3375 3759 3435 scribit
3788 3377 3798 3415 ε

2187 3475 2329 3545 Quid
2386 3474 2564 3545 igitur
2618 3472 2820 3527 solea?
2879 3474 3187 3541 inlerrogal
3241 3474 3480 3542 seipsum
3553 3465 3797 3524 Cellotius.

2188 3567 2374 3621 Haeret
2434 3563 2575 3619 mihi
2634 3578 2807 3632 aqua,
2859 3561 3194 3632 respondet.‘
3253 3562 3478 3616 turbida
3521 3564 3598 3615 est
3663 3557 3796 3615 certe,

2186 3671 2333 3711 came
2364 3662 2415 3708 el
2444 3652 2555 3708 solo
2586 3659 2637 3707 et
2664 3650 2905 3706 sordidis
2962 3649 3080 3722 ejus
3131 3650 3297 3704 soleis
3353 3650 3653 3721 profanata.
3697 3644 3797 3696 Haec

2189 3743 2515 3799 catholicus
2550 3746 2607 3795 at
2638 3740 2945 3811 religiosus
2989 3740 3265 3794 sacerdos
3330 3740 3401 3795 de
3454 3733 3716 3793 catholico
3756 3732 3799 3781 et

2193 3834 2466 3906 religioso
2497 3832 2798 3887 sacerdote
2831 3830 3035 3885 scribit
3067 3847 3081 3898 ;
3114 3845 3246 3899 quae
3277 3830 3329 3884 si
3387 3830 3652 3885 adversus
3706 3822 3797 3875 haz-

2192 3923 2439 3978 reticum
2473 3924 2572 3977 aut
2590 3919 3069 3975 Mahumetanum
3092 3917 3509 3983 scriberentur,
3537 3915 3624 3969 vix
3641 3913 3798 3984 {excu-

2195 4011 2311 4070 sari
2369 4012 2439 4066 ab
2500 4008 2929 4065 inhumanitate
2988 4016 3248 4078 possent.
3302 4008 3578 4063 Caaterum
3630 4002 3801 4073 praeter

2194 4107 2391 4159 vetum
2423 4104 2544 4155 tam
2576 4097 2952 4154 stomachoso
2997 4097 3226 4152 censori
3292 4095 3536 4167 contigit
3591 4096 3648 4147 ut
3700 4097 3801 4157 quae

2195 4192 2433 4248 Jesuitze
2459 4189 2710 4243 libenter
2741 4186 3043 4257 inﬂigebat
3072 4186 3229 4240 haud
3284 4202 3529 4259 parcens
3580 4179 3799 4237 verbera,

2197 4282 2258 4337 in
2272 4296 2406 4335 eum
2422 4294 2595 4349 quem
2614 4276 2856 4331 minime
2880 4275 3053 4331 vellet
3073 4275 3386 4345 resilirent,
3421 4268 3796 4331 amicissimum

2199 4370 2333 4440 sibi,
2368 4368 2535 4423 nobis
2565 4372 2622 4422 et
2652 4364 2883 4421 cunctis
2916 4364 3123 4419 merito
3183 4381 3291 4420 suo
3322 4368 3517 4437 caput,
3564 4352 3799 4440 illustris-

2200 4437 2417 4515 simum
2449 4453 2753 4524 Allatium,
2788 4452 2887 4524 qui
2919 4452 3266 4509 doctissima
3313 4448 3702 4508 dissertatione
3746 4437 3796 4491 de

2114 4572 2163 4637 D
2202 4548 2380 4617 solea,
2414 4562 2482 4601 ex
2508 4562 2624 4600 una
2654 4541 2978 4616 plurimum
3013 4542 3332 4614 profecisse
3363 4558 3455 4597 me
3500 4536 3656 4594 initio
3694 4540 3791 4587 sum

2194 4638 2493 4714 professus
2540 4636 2669 4707 ejus
2726 4633 3011 4706 originem
3073 4633 3327 4690 nominis
3385 4643 3661 4704 quaerens.
3709 4620 3790 4676 N01!

2192 4730 2359 4797 male,
2391 4725 2604 4798 inquit,
2666 4724 2833 4779 etiam
2891 4739 2924 4777 a
2980 4723 3127 4778 solea
3182 4740 3294 4778 non
3341 4716 3688 4790 ulcrepidam

2194 4794 2352 4885 παι,⁷
2388 4794 2702 4886 quanquam
2753 4814 2821 4866 ab
2874 4827 2937 4866 ea
2987 4828 3197 4883 quoque
3227 4828 3338 4868 non
3381 4809 3690 4867 inconcinne

2195 4881 2479 4979 quispiam
2510 4881 2842 4958 autumaret.
2876 4881 3169 4955 Haecine:
3222 4901 3439 4971 quibus
3494 4892 3676 4953 omnia
3724 4881 3799 4979 illa

2198 4976 2327 5068 qum
2372 4995 2433 5050 in
2481 4990 2793 5048 Cellotium
2854 4989 3073 5060 pariter
3121 4988 3283 5060 loqui
3342 5002 3547 5044 ausum
3624 4976 3801 5068 into-rte

2202 5085 2464 5139 vidimus
2495 5080 2765 5145 fulmina,
2801 5079 2858 5134 in
2893 5095 3067 5133 suum
3103 5083 3281 5151 caput
3312 5076 3608 5135 attraxisse
3653 5064 3799 5122 videri

2200 5177 2450 5247 poterat,
2512 5170 2626 5226 nisi
2688 5170 2845 5223 614
2897 5150 3191 5223 laureum,
3227 5167 3502 5225 baculum
3569 5150 3799 5232 gestaret.

2201 5279 2304 5336 per
2335 5278 2505 5334 quem
2539 5264 2628 5316 est
2660 5276 2693 5313 a
2723 5256 2995 5330 procellis
3024 5257 3361 5314 istiusmodi
3391 5251 3716 5311 tutissimus.

2272 5386 2563 5456 Ταναΐτης,
2626 5401 2759 5458 pag.
2822 5384 2947 5439 422.
3008 5383 3179 5439 Venti
3240 5379 3501 5441 Ταναΐτου
3544 5371 3667 5432 dicti
3713 5378 3802 5458 me-

2202 5479 2379 5533 minit
2410 5451 2747 5547 Procopius,
2786 5473 2889 5529 lib.
2925 5490 2979 5527 1v
3011 5475 3280 5530 secundis
3308 5470 3543 5529 tetradis
3594 5477 3704 5532 cap.
3754 5451 3800 5553 '5»,

2200 5585 2258 5640 Ρ.
2291 5567 2397 5621 573
2428 5567 2519 5622 ed.
2547 5566 2666 5637 Reg
2695 5564 2786 5619 his
2818 5563 3011 5619 verbis
3037 5580 3050 5618 :
3112 5561 3312 5619 Τάναϊν
3372 5558 3427 5615 δὶ
3477 5555 3736 5640 γαλοῦιτινΒ
3759 5556 3799 5591 οι

2200 5655 2495 5729 ἐπιχώριοι
2530 5653 2616 5708 καὶ
2646 5653 2745 5720 τήν
2793 5646 3029 5719 ἐκϐολὴν
3079 5651 3280 5723 ταύτην
3330 5649 3387 5705 ἐκ
3436 5647 3621 5718 λίμνης
3656 5632 3794 5707 ἀρξα-

2205 5726 2503 5819 μένῆνντῆς
2529 5737 2843 5803 Μαιώτιδος
2872 5736 3003 5814 ἄχρι
3056 5740 3109 5804 ἐς
3152 5742 3242 5797 τὸν
3278 5739 3516 5813 Εὔξεινον
3568 5726 3793 5785 πόντον..-
