4072 6404
350 370 488 425 1077

1810 369 2299 429 GLOSSARIUM.

3636 380 3777 435 1078

346 490 493 547 ἀλλά
548 491 639 546 καὶ
698 491 789 547 τὸν
852 489 1049 564 ἄνεμον
1084 535 1099 563 ,
1175 488 1233 553 ὅς
1291 488 1503 555 ἐνθένδε
1559 496 1683 547 πνεῖ
1737 489 2001 561 Ταναῒτην

2120 504 2470 562 ministeriis
2531 512 2802 564 navasset
2860 523 3123 580 operam,
3167 507 3239 563 ab
3281 523 3347 562 eo
3397 506 3524 577 jam
3573 506 3773 562 adulto

346 582 877 655 προσαγορεύουσιν.
942 584 1023 637 Ex
1080 583 1297 654 quibus
1361 582 1756 654 intelligimus
1831 584 2008 653 hujus

346 674 503 728 venti
538 689 753 729 nomen
785 691 959 728 nona
1017 690 1151 727 vero
1212 690 1384 727 amne
1444 674 1626 728 Tanai
1682 674 2007 745 sumpium,

352 764 455 818 sed
491 764 561 817 ab
621 763 781 818 alveo
842 764 1095 834 quodam
1161 767 1261 817 aut
1318 780 1497 833 prono
1558 764 1717 818 ﬁuxu
1778 763 2009 835 paludis

347 852 630 907 Maeotidis
662 853 719 907 in
756 857 1006 907 Pontum
1051 854 1366 918 Euxinum,
1429 853 1528 923 qui
1587 852 1784 908 alveus
1832 852 2004 907 etiam

348 941 564 997 Tanais
597 942 890 998 nominari
914 944 1325 1009 consueverit;
1379 942 1450 997 ab
1511 958 1575 997 eo
1636 946 1829 996 autem
1888 941 2010 1012 spi-

348 1034 579 1086 rantem
608 1036 869 1099 ventum,
932 1031 1055 1103 qui,
1115 1031 1197 1086 ait
1245 1036 1467 1098 noster,
1528 1031 1678 1086 inter
1735 1030 2007 1086 Boreales

348 1118 497 1175 solet
528 1136 657 1176 esse
678 1120 1259 1189 vehementissimus,
1292 1121 1596 1176 Tanaitem
1617 1120 1755 1175 dici.

423 1210 666 1289 Ταρίτις,
711 1226 839 1283 prg.
873 1211 997 1264 419.
1051 1210 1196 1265 Hinc
1246 1210 1535 1265 habemus
1591 1226 1767 1265 naves
1826 1226 2005 1280 quas-

346 1308 484 1363 dam
516 1306 827 1361 contractae
858 1299 1269 1371 longitudinis,
1303 1299 1413 1355 hoc
1445 1303 1535 1355 est
1563 1298 1762 1354 minus
1797 1298 2006 1371 longas

348 1412 525 1469 quam
558 1392 852 1461 triremes,
887 1390 1121 1445 Taritas
1170 1407 1203 1445 a
1261 1389 1674 1445 Genuensibus
1731 1388 1804 1443 iis
1864 1387 2001 1443 olim

347 1484 649 1542 utentibus
683 1482 865 1537 fuisse
920 1485 1176 1536 vocatas.
1235 1480 1565 1535 Verisimile
1622 1484 1712 1534 est
1766 1480 2003 1535 easdem

346 1576 456 1632 has
486 1591 616 1631 esse
638 1589 774 1629 cum
805 1570 879 1626 iis
932 1587 1080 1641 quas
1137 1565 1361 1642 ταρίδας
1409 1569 1639 1624 Nicetas
1699 1567 2000 1640 appellat;

348 1682 467 1736 qua
523 1679 662 1718 voce
723 1656 1012 1732 δρόμωνας
1071 1659 1155 1731 [Ρ.
1216 1659 1343 1729 425]
1414 1676 1548 1714 cum
1636 1658 2003 1730 signiﬁcasse

346 1752 637 1808 Meursius
671 1752 890 1805 censet.
927 1748 1091 1803 Unde
1125 1748 1272 1802 forte
1306 1746 1391 1801 vel
1425 1747 1521 1802 hic
1553 1747 1999 1802 rescribendum

2120 596 2557 651 manumissum
2618 598 2851 667 patroni
2912 613 3124 652 nomen
3186 612 3347 651 more
3424 594 3769 651 libertorum

2116 684 2431 753 accepisse,
2460 692 2519 742 et
2546 688 2812 758 ejusdem
2845 687 3036 759 gratia
3086 691 3425 758 promotum
3478 686 3533 740 in
3595 685 3771 741 istam

2117 771 2500 831 honoriﬁcam
2534 778 2962 848 praefecturam.

2190 872 2371 941 Τεοὲν,
2417 878 2628 945 p.222.
2662 876 2774 945 Ait,
2808 893 2941 931 cum
2983 875 3141 946 regio
3200 873 3300 929 illa
3352 873 3772 944 Maryandeno-

2116 977 2247 1015 rum
2304 968 2358 1015 et
2387 964 2817 1037 {Paphlagoniae
2880 966 3056 1020 rebus
3115 964 3183 1018 ad
3232 962 3453 1019 victum
3522 960 3768 1017 utilibus

2115 1050 2460 1121 abundaret,
2494 1053 2734 1125 signatas
2759 1058 3003 1109 monetae
3038 1070 3243 1125 parum
3296 1052 3562 1121 haberet,
3614 1051 3769 1121 quod

2112 1140 2422 1211 vectigalia
2451 1142 2509 1196 in
2544 1142 2811 1197 nummis
2861 1142 3251 1213 exigerentur,
3288 1144 3519 1197 coactos
3566 1155 3767 1194 earum

2113 1231 2401 1285 terrarum
2437 1230 2657 1287 incolas
2690 1230 2891 1301 fuisse,
2952 1231 3023 1286 ad
3083 1234 3283 1286 exacte
3341 1227 3766 1285 conﬁciendam

2111 1318 2317 1373 tributi
2360 1337 2681 1390 summam,
2739 1322 2986 1376 vendere
3046 1319 3270 1375 scilicet
3328 1318 3429 1373 vili
3486 1317 3766 1373 universa

2112 1424 2239 1477 quas
2269 1408 2627 1481 collegerant
2661 1426 2851 1465 messe
2883 1426 2948 1464 ac
2978 1408 3295 1475 vindemia,
3327 1412 3383 1462 et
3413 1406 3496 1462 sic
3556 1406 3767 1462 deinde

2111 1502 2231 1553 toto
2263 1516 2415 1554 anno
2458 1499 2807 1555 necessariis
2841 1498 2910 1554 ad
2961 1499 3181 1553 victum
3224 1496 3476 1569 eguisse.
3526 1496 3770 1550 Videtur

2112 1604 2247 1659 ergo
2290 1589 2384 1644 hic
2414 1588 2475 1641 τὸ
2504 1586 2650 1651 τεθὲν
2686 1588 2963 1661 peculiari
2996 1588 3234 1643 notione
3265 1591 3640 1658 usurpatum,
3694 1584 3765 1639 ad

2111 1677 2567 1749 signiﬁcandum
2602 1678 2891 1749 quidquid
2927 1678 3319 1748 reponebatur
3347 1677 3404 1729 in
3466 1690 3763 1730 annonam

2110 1773 2167 1821 et;
2196 1768 2415 1822 victum
2450 1768 2684 1823 famitiae
2716 1785 2814 1837 per
2844 1784 3086 1823 annum.
3123 1766 3472 1836 Quanquam
3501 1780 3616 1818 non
3649 1763 3765 1817 dif-

344 1838 561 1916 ταρίδες
613 1840 808 1905 fuerit,
842 1837 929 1893 vel
991 1837 1145 1908 apud
1205 1836 1466 1891 Nicetam
1524 1834 1741 1908 ταρίτες
1799 1852 1997 1891 emen-

2116 1856 2276 1911 ﬁteor
2315 1874 2488 1929 posse
2532 1857 2733 1912 referri
2787 1858 2856 1911 ad
2909 1872 3205 1912 summam
3266 1853 3605 1925 impositam
3664 1868 3766 1922 per

349 1933 635 1987 dandum.
667 1928 1000 1983 Videndum
1034 1927 1206 1981 etiam
1240 1943 1313 1981 an
1346 1943 1460 1981 non
1495 1926 1632 1981 hinc
1692 1942 1998 1980 emanave-

350 2022 856 2083 rit'Iartanarum,
892 2033 1022 2088 quae
1082 2015 1253 2071 hodie
1314 2015 1709 2086 appellantur,
1766 2031 2002 2069 nomen.

348 2112 635 2166 Caeterum
668 2107 717 2162 si
777 2102 1055 2180 δρόμωνες
1112 2105 1232 2160 sint
1278 2102 1516 2177 ταρίτες,
1574 2104 1648 2159 iis
1705 2104 2006 2159 conveniet

346 2198 663 2270 descriptio
687 2198 1040 2251 dromonum
1077 2211 1202 2265 quas
1229 2195 1384 2265 apud
1421 2193 1790 2264 Procopium,
1851 2193 1948 2247 lib.
1988 2211 2005 2247 ι

345 2290 421 2344 De
453 2288 590 2342 bello
627 2284 937 2354 Vandalico,
999 2300 1125 2353 cap.
1188 2282 1278 2350 Η,
1338 2282 1554 2354 legitur
1610 2283 1703 2337 his
1760 2282 2000 2337 verbis:

346 2375 529 2431 Πλοῖα
592 2372 773 2447 μακρὰ
816 2371 890 2432 ὡς
947 2370 1024 2431 εἷς
1092 2370 1403 2443 ναυμαχίαν
1481 2370 1953 2444 παρεσκευασμένα
1986 2415 2002 2442 ,

350 2466 567 2539 μονήρη
629 2463 811 2535 μέντοι
869 2459 958 2515 καὶ
1019 2459 1221 2536 ὀροφὰς
1273 2459 1494 2534 ὕπερθεν
1554 2457 1796 2533 ἔχοντα,
1857 2460 2005 2519 ὅπως

348 2555 399 2608 οἱ
442 2557 610 2607 ταῦτα
660 2550 966 2625 ἐρέσσοντες
1016 2549 1151 2620 πρὸς
1200 2554 1308 2601 τῶν
1358 2547 1644 2619 πολεμίων
1697 2549 1771 2611 ὡς
1807 2547 2005 2615 ἥκιστα

352 2640 673 2718 βάλλοιντο,
757 2639 1054 2714 Δρόμωνας
1116 2636 1346 2692 καλοῦσι
1402 2638 1468 2691 τὰ
1534 2637 1707 2693 πλοῖα
1757 2642 1925 2690 ταῦτα
1948 2638 1999 2690 οἱ

354 2737 445 2786 νῦν
490 2732 787 2807 ἄνθρωποι·
840 2726 997 2783 πλεῖν
1057 2728 1161 2803 γὰρ
1209 2728 1346 2781 κατᾶ
1390 2728 1564 2801 τάχος
1611 2724 1857 2780 δύνανται
1903 2724 2004 2798 μά-

371 2820 551 2875 λιστα·
634 2822 827 2889 Longw
888 2836 1050 2874 naves
1110 2819 1178 2872 ad
1224 2819 1569 2873 maritimum
1610 2817 1871 2888 praelium
1917 2817 2004 2869 in-

365 2916 615 2977 struclae,
672 2910 768 2966 sed
812 2910 974 2964 unico
1031 2918 1164 2963 actae
1245 2923 1519 2963 remorum
1577 2906 1795 2969 ordine,
1857 2903 2007 2959 testis

358 3005 592 3072 desuper
624 3001 877 3069 munitae,
901 3014 1005 3068 quo
1036 3014 1223 3053 eorum
1272 2999 1507 3067 remiges
1562 3013 1727 3068 quam
1773 2995 2006 3049 minime

357 3090 486 3147 telis
514 3089 807 3145 hostilibus
853 3094 1125 3160 paterent.
1187 3090 1292 3141 Hoc
1347 3089 1575 3141 navium
1622 3102 1792 3156 genus
1851 3082 2007 3137 hodie

350 3180 641 3236 dromonas
668 3187 879 3246 vocant,
941 3194 1070 3233 voce
1125 3194 1159 3230 α
1197 3193 1363 3231 cursu
1391 3175 1553 3230 ducta
1608 3192 1712 3247 quo
1771 3174 1883 3228 illa:
1941 3174 2001 3225 in

346 3268 549 3340 primis
578 3267 752 3323 veloci
785 3268 992 3322 valent.
1018 3266 1145 3320 Haec
1178 3265 1515 3335 Proc0pius.

418 3360 610 3423 Τατᾶς,
666 3374 798 3428 pag.
853 3356 976 3409 512.
1039 3355 1231 3424 Hujus
1278 3353 1579 3424 dignitatis
1638 3350 1729 3407 cui
1791 3367 2004 3406 nomen

348 3453 440 3503 est
470 3451 610 3502 tatas
643 3447 788 3500 aulae
814 3462 963 3517 saepe
993 3444 1261 3499 meminit
1309 3444 1587 3509 Codinus,
1639 3441 1697 3495 in
1757 3440 1857 3496 lib.
1932 3442 2005 3494 De

350 3538 477 3607 efﬁc
506 3536 622 3592 aul.
658 3553 785 3606 cap.
815 3536 869 3600 2,
893 3535 991 3588 ubi
1023 3534 1131 3588 hoc
1173 3533 1431 3587 ofﬁcium
1493 3535 1721 3586 sextum
1780 3536 1838 3585 et
1896 3531 2002 3585 tri-

356 3625 643 3681 cesimum
679 3624 987 3695 dignitatis
1018 3622 1221 3676 ordine
1251 3638 1379 3676 esse
1410 3621 1492 3675 ait
1522 3622 1673 3674 inter
1710 3620 1999 3690 Palatina;

346 3731 476 3786 cap.
529 3714 585 3780 4,
646 3715 772 3783 ejus
846 3712 1113 3767 habitum
1195 3710 1489 3781 explicat,
1556 3726 1681 3779 cap.
1726 3709 1865 3763 item
1944 3711 1998 3778 5,

340 3805 736 3859 ubiobservat
769 3803 905 3857 huic
970 3802 1162 3858 ofﬁcio
1215 3799 1442 3855 nullum
1499 3800 1838 3855 incumbere
1891 3799 1999 3853 mi-

342 3894 656 3949 nisterium
690 3888 815 3944 οὐδὲ
853 3885 907 3943 ἓν
971 3889 1299 3961 ὑπηρέτημα
1356 3888 1636 3956 κέκτηται.
1693 3888 1994 3959 Nusquam

341 3988 545 4038 autem
578 3981 760 4036 tradit
791 3981 1077 4035 rationem
1104 3978 1381 4045 nominis,
1409 3982 1510 4033 aut
1532 3994 1703 4048 quem
1722 3978 1792 4031 ad
1830 3977 2000 4030 ﬁnem

338 4071 618 4128 instituta
648 4070 771 4126 haec
804 4070 1147 4141 praefectura
1178 4067 1272 4124 sit.
1309 4068 1435 4122 Tata
1463 4066 1823 4136 Latinisjam
1857 4066 1995 4120 olim

340 4160 574 4234 puerile
606 4178 822 4216 nomen
853 4165 961 4227 est,
986 4176 1101 4230 quo
1136 4159 1395 4231 primum
1428 4175 1495 4213 ex
1528 4158 1779 4213 infantia
1802 4158 1857 4210 in
1883 4156 1999 4210 bal-

339 4251 567 4306 butiem
626 4251 984 4322 prodeuntes
1044 4248 1295 4320 parvuli,
1354 4265 1504 4319 quos
1565 4246 1764 4302 vident
1820 4246 1996 4315 viros,

341 4345 507 4408 latas,
541 4357 689 4412 quas
725 4339 1023 4408 mulieres,
1065 4354 1335 4393 mammas
1396 4336 1712 4409 appellant,
1776 4341 1839 4392 ut
1893 4338 1995 4391 do-

341 4435 475 4486 cent
505 4426 867 4500 interpretesj
903 4427 1187 4483 Martialis
1243 4428 1313 4483 ad
1366 4427 1529 4482 illum
1585 4444 1819 4483 versum
1878 4426 1997 4497 epi-

343 4520 694 4593 grammatis
726 4520 856 4590 ejus
886 4517 1011 4574 lOl.
1045 4517 1147 4572 lib.
1183 4534 1201 4571 1
1237 4533 1249 4570 :

338 4636 603 4691 Mammas
629 4640 792 4706 atque
820 4638 962 4690 tatas
985 4634 1147 4689 habet
1180 4634 1315 4703 Afra
1344 4643 1365 4688 .‘
1408 4634 1504 4689 sed
1562 4635 1687 4704 ipsa
1752 4637 2001 4689 tatarum
2036 4606 2079 4669 Π

481 4708 606 4763 Dici
635 4716 687 4763 et
713 4722 1085 4762 mammarum
1113 4722 1365 4761 maxima
1393 4723 1637 4761 mamma.
1664 4710 1855 4777 potest.

340 4826 643 4898 Suspicari
691 4842 761 4881 ex
793 4825 900 4881 hoc
959 4825 1105 4879 forte
1191 4840 1511 4896 possumus
1587 4827 1759 4879 tatam
1852 4826 2003 4882 aulae

345 4933 523 4989 quem
556 4915 652 4970 hic
682 4914 1024 4970 eunuchum
1054 4913 1345 4982 videmus,
1378 4914 1560 4970 fuisse
1620 4914 2001 4986 praepositum

348 5004 682 5063 educationi
717 5022 783 5061 ac
834 5021 985 5060 curaa
1040 5003 1360 5059 liberorum
1419 5005 1570 5060 615
1633 5004 2003 5077 imperatoris

349 5094 544 5152 adhuc
576 5094 953 5167 parvulorum
988 5113 1002 5163 ;
1035 5098 1093 5149 et
1123 5098 1435 5166 propterea
1463 5094 1645 5165 hujus
1678 5092 2006 5168 ὑπηρέτημα

348 5183 584 5241 nullum
611 5182 906 5239 exstitisse
937 5199 1075 5255 erga
1130 5182 1565 5254 imperatorem,
1625 5200 1691 5239 ac
1748 5201 1818 5240 ne
1867 5184 2006 5239 fun-

348 5274 606 5330 otionem
658 5273 896 5344 quidem
957 5273 1357 5329 immediatam
1413 5274 1594 5330 ullam
1653 5291 1791 5347 erga
1844 5274 2007 5347 ipsos

347 5362 649 5435 parvulos,
687 5364 842 5435 quod
878 5379 1096 5418 munus
1153 5364 1281 5433 ejus
1341 5368 1496 5419 esset
1552 5364 1842 5437 imperare
1899 5383 2006 5420 nu-

350 5452 601 5508 tricibus
635 5458 693 5507 et
723 5451 969 5523 gerulis,
1004 5452 1100 5524 qui
1135 5453 1218 5508 eis
1249 5452 1470 5508 addicti
1498 5453 1778 5509 curandis
1818 5460 2004 5509 erant.

352 5540 469 5596 Nec
490 5557 640 5596 vana
672 5540 939 5597 forsitam
968 5543 1304 5613 conjectura
1343 5541 1520 5597 fuerit
1569 5543 1725 5598 hunc
1776 5544 2009 5599 Andro-

357 5630 552 5684 nicum
588 5630 953 5697 eunuchum,
989 5632 1143 5703 quod
1188 5631 1524 5687 Andronico
1557 5649 1715 5687 nunc
1747 5638 2012 5705 Augusto

357 5725 491 5774 ante
523 5718 706 5790 patris
738 5718 1055 5791 imperium
1116 5724 1273 5785 nato,
1334 5721 1639 5777 educando
1699 5721 2009 5778 scrvilibsu

2110 1963 2375 2012 censum,
2408 1946 2500 2003 cui
2539 1947 2718 2003 semel
2782 1947 3143 2002 exsolvendm
3198 1945 3475 2000 universa
3528 1958 3763 1997 annona

2108 2035 2295 2090 alieno
2330 2041 2590 2106 tempore
2620 2036 2717 2090 vili
2750 2035 3027 2091 distracta
3059 2034 3424 2107 proﬂiganda
3478 2035 3601 2089 erat
3655 2047 3761 2086 cu-

2111 2123 2262 2179 lonis
2296 2126 2546 2195 miseris,
2584 2126 2640 2180 in
2675 2125 2969 2196 reliquum
3005 2141 3226 2179 annum
3261 2123 3415 2178 victu
3462 2120 3758 2187 carituris,

2111 2214 2205 2268 cui
2241 2214 2462 2268 notioni
2498 2212 2684 2285 magis
2717 2213 2942 2269 accedit
2973 2214 3128 2284 quod
3153 2211 3390 2283 legitur,
3436 2210 3475 2267 l.
3508 2227 3549 2280 ι,
3603 2226 3652 2265 c.
3705 2208 3761 2273 5,

2110 2302 2184 2358 Τὸ
2212 2300 2406 2356 λοιπὸν
2436 2306 2531 2355 τοῦ
2560 2299 2803 2364 τεθέντος
2834 2300 3045 2361 τέλους.

2205 2409 2290 2482 [Ρ.
2343 2411 2467 2483 426]
2525 2404 2751 2482 Τελχίν,
2803 2427 2859 2481 ρ.
2910 2410 3019 2464 255
3075 2407 3420 2463 Eustathius
3484 2405 3542 2461 in
3597 2405 3762 2462 Iliad.

2108 2516 2217 2569 vp.
2267 2500 2366 2552 941
2414 2500 2505 2553 ed.
2568 2499 2735 2553 Rom.
2797 2495 3098 2571 Τελχῖνας,
3163 2497 3263 2567 ait,
3321 2492 3651 2549 πλάττουσιν
3712 2494 3766 2547 οἱ

2113 2588 2275 2658 μῦθοι
2337 2585 2598 2658 δαίμονάς
2652 2606 2800 2648 τινας
2847 2583 3202 2646 κακοποιούς.
3292 2584 3576 2642 Telchinas
3655 2585 3760 2655 ﬁn-

2106 2682 2244 2747 gunt
2273 2677 2475 2747 fabulae
2516 2677 2796 2733 daemonas
2844 2676 3112 2749 quosdam
3176 2676 3473 2746 maleﬁcos.
3534 2673 3764 2729 Similia

2108 2772 2166 2822 et
2221 2767 2375 2821 idem
2437 2766 2598 2821 alibi.
2682 2768 3074 2838 Hesychius:
3153 2761 3417 2837 Τελχῖνες
3508 2762 3766 2837 βάσκανοι

2107 2854 2325 2929 γόητες,
2404 2853 2676 2929 φθονεροί.
2767 2854 3261 2927 Etymologicus:
3350 2850 3605 2925 Λὲγονται
3710 2847 3768 2904 δὲ

2107 2946 2374 3017 Τελχῖνες
2458 2943 2509 2996 οἱ
2582 2944 2841 3019 φθονεροὶ
2901 2942 2991 2997 καὶ
3063 2940 3298 3015 πονηροὶ
3358 2940 3448 2995 καὶ
3508 2942 3769 3016 βασκανθι

2111 3030 2388 3105 δαίμονες.
2434 3036 2714 3089 Dicuntur
2746 3038 2937 3089 autem
2976 3032 3261 3089 Telchines
3295 3033 3502 3097 invidi,
3543 3032 3684 3086 mali
3715 3040 3766 3086 et

2110 3125 2381 3179 immanes
2410 3124 2706 3180 dmmones.
2742 3123 2842 3179 His
2866 3123 3316 3179 auctoritatibus
3343 3123 3525 3177 fretus
3557 3121 3763 3176 malum

2111 3217 2163 3267 et
2194 3212 2443 3268 invidum
2486 3213 2757 3268 daemones
2807 3212 3229 3283 interpretatus
3280 3226 3415 3266 sum
3465 3209 3575 3266 hoc
3633 3209 3761 3264 loco

2110 3298 2372 3375 Τελχῖνα.

2183 3401 2364 3471 Τόμος
2396 3399 2484 3453 καὶ
2546 3402 2944 3474 τομογραφεῖν,
3006 3416 3063 3471 p,
3119 3400 3245 3454 280.
3304 3398 3439 3471 Agit
3497 3399 3565 3453 de
3621 3400 3765 3452 Ger-

2114 3509 2311 3559 mano,
2346 3506 2517 3561 quem
2555 3490 2665 3544 sub
2698 3490 2872 3544 ﬁnem
2908 3489 3289 3560 priscedentis
3328 3487 3539 3559 capitis
3597 3486 3761 3541 dixe-

2112 3586 2201 3637 rat
2248 3580 2497 3636 electum
2569 3578 2755 3635 fuisse
2812 3579 2869 3632 in
2928 3577 3316 3649 patriarcham
3374 3576 3765 3632 concordibus

2110 3669 2525 3742 plerorumque
2557 3668 2890 3723 antistitum
2923 3666 3241 3738 suﬁ‘ragiis,
3286 3666 3501 3738 quibus
3546 3671 3600 3721 et
3657 3665 3764 3719 im-

2110 3758 2395 3831 peratoris
2425 3758 2689 3814 calculus
2721 3758 2969 3815 accessit
2990 3756 3429 3828 comprobantis
3468 3752 3759 3825 judicium

2108 3848 2347 3920 synodi:
2384 3846 2540 3919 Παρὰ
2580 3849 2687 3898 τῶν
2750 3842 2965 3899 λοιπῶν
3023 3845 3244 3917 ἠξιοῦτο
3299 3844 3399 3911 τὴν
3448 3848 3547 3912 τῆς
3602 3846 3764 3896 Κων-

2107 3931 2609 3994 σταντινουπόλεως
2662 3933 2990 4006 προστασίαν
3060 3930 3457 4001 ἀναδέξασθαι,
3526 3930 3618 3984 σὺν
3680 3928 3763 3989 οἶς

2104 4026 2191 4080 καὶ
2229 4026 2256 4079 ὁ
2323 4020 2580 4098 βασιλεὺς
2636 4023 2736 4090 τήν
2783 4025 2966 4097 ψῆφον
3024 4019 3397 4093 ἀποδεξάμενς
3456 4024 3622 4077 Tunc
3678 4022 3761 4075 vi-

2107 4116 2278 4171 detur
2307 4113 2609 4169 electionis
2641 4112 2917 4167 Germani
2952 4113 3255 4167 decretum
3288 4112 3396 4166 rite
3445 4109 3761 4181 perlatum,

2109 4206 2261 4277 quod
2320 4202 2490 4273 τόμος
2550 4202 2648 4258 hic
2705 4201 2919 4257 dicitur
2974 4200 3364 4256 usitatissima
3421 4199 3549 4270 ejus
3604 4198 3764 4253 vocis

2111 4293 2433 4351 notionein
2478 4291 2714 4362 scriptis
2772 4296 3106 4346 Graecorum
3170 4290 3381 4345 citimze
3432 4288 3767 4344 vetustatis.

2109 4384 2436 4456 praesertim
2463 4383 2534 4437 de
2556 4382 2729 4437 rebus
2763 4379 3182 4437 ecclesiasticis
3211 4378 3535 4451 agentium.
3589 4378 3763 4433 Caste-

2110 4490 2239 4529 rum
2275 4470 2575 4527 difﬁcilem
2609 4472 2680 4526 ad
2722 4470 3167 4526 assentiendum
3226 4466 3498 4524 electioni
3557 4467 3650 4523 sui
3704 4483 3766 4522 se

2114 4564 2405 4636 praebente
2433 4566 2722 4616 Germano
2757 4577 2848 4615 res
2892 4559 3204 4631 pendebat,
3253 4557 3446 4630 quoad
3496 4560 3767 4613 exoratus

2110 4653 2161 4708 is
2193 4651 2431 4708 tandem
2466 4651 2538 4706 ab
2562 4649 2912 4721 imperatore
2943 4653 3000 4704 et
3028 4647 3273 4719 reliquis
3303 4644 3509 4702 amicis
3532 4644 3763 4701 annuit.

2110 4742 2178 4796 Et
2208 4746 2347 4796 tunc
2371 4740 2444 4794 ad
2477 4737 2972 4811 promulgandum
3006 4737 3304 4793 decretum
3338 4734 3501 4807 prius
3532 4733 3754 4789 factum

2112 4835 2485 4903 congretatus
2539 4833 2629 4887 est
2677 4834 2862 4885 coetus
2899 4827 3002 4900 qui
3057 4844 3193 4884 voce
3241 4824 3424 4880 κοινὸν
3477 4825 3585 4882 hoc
3639 4824 3767 4880 loco

2113 4920 2506 4993 signiﬁcatur,
2569 4924 2633 4974 ut
2706 4918 2979 4989 superius
3055 4917 3447 4972 ostendimus.
3524 4912 3768 4969 Distuli-

2116 5026 2363 5081 musque
2394 5009 2509 5064 huc
2563 5008 2943 5064 statuendum
2995 5006 3135 5079 quid
3185 5006 3281 5061 hic
3335 5004 3565 5060 dicatur
3621 4996 3769 5055 οινῦν

2119 5099 2222 5155 ὑπὸ
2264 5096 2422 5170 τόμῳ
2480 5096 2727 5172 γεγονὸς,
2785 5097 2940 5151 616
2999 5104 3162 5151 ccetus
3220 5095 3317 5149 sub
3369 5097 3513 5150 tomo
3563 5094 3772 5164 factus.

2113 5189 2358 5244 Videtur
2384 5186 2701 5259 signiﬁcari
2723 5190 2938 5242 costum
2973 5185 3132 5241 hunc
3157 5184 3213 5241 vi
3247 5184 3412 5256 prius
3464 5185 3587 5256 jam
3641 5200 3774 5255 per-

2118 5278 2219 5335 lati
2248 5279 2319 5333 de
2350 5276 2631 5333 electione
2664 5274 2939 5331 Germani
2979 5274 3197 5330 decreti
3231 5280 3522 5332 coactum.
3553 5290 3669 5329 non
3711 5277 3779 5327 ut

2120 5367 2190 5423 de
2221 5384 2288 5423 ea
2309 5366 2677 5431 deliberaret,
2706 5366 2806 5420 sed
2840 5369 2908 5420 ut
2946 5381 3066 5420 rem
3122 5367 3402 5420 statutam
3434 5378 3776 5434 exsequere-

2118 5462 2215 5512 tur
2248 5460 2304 5511 et
2336 5472 2549 5511 novum
2583 5454 2983 5526 patriarcham
3016 5454 3185 5525 quasi
3236 5453 3294 5508 in
3342 5452 3779 5526 possessionem

2121 5545 2279 5603 sedis
2310 5545 2588 5600 mitteret.
2614 5543 2973 5615 Suspicabar
3003 5544 3182 5599 etiam
3212 5560 3282 5599 ex
3306 5545 3456 5598 facto
3487 5542 3780 5613 quadam-

2120 5640 2296 5691 tenus
2319 5633 2521 5701 simili,
2556 5633 2706 5705 quod
2769 5649 2905 5689 mox
2964 5633 3236 5704 referam,
3298 5635 3499 5688 Patres
3560 5629 3659 5702 qui
3719 5628 3777 5684 in

2121 5724 2279 5779 tunc
2337 5728 2553 5779 coetum
2617 5726 3018 5779 convenerunt
3075 5718 3409 5793 exemplum
3494 5718 3780 5791 scriptum
