4072 6434
349 350 366 401 1
379 348 486 402 079

1414 350 1475 401 Ρ.
1519 347 1789 402 POSSINI
1826 344 2437 399 OBSERVATIONUM
2479 347 2611 399 LlB.
2654 349 2700 399 Ι.

3645 349 3775 405 1080

347 470 563 527 decreti
595 487 628 526 a
657 486 718 526 se
748 469 914 541 prius
944 470 1088 524 editi
1130 486 1305 524 manu
1365 485 1660 540 quemque
1711 466 1993 522 tenuisse.
2031 466 2076 532 Α
2111 465 2171 519 in
2199 482 2371 521 suum
2405 466 2597 523 locum
2630 468 2927 524 introsum
2964 488 2977 537 ;
3038 470 3210 539 cujus
3265 486 3496 526 nomen
3559 472 3781 529 videtur

348 561 444 616 Sic
476 560 628 616 enim
664 564 859 614 actum
892 560 1124 613 videtur
1154 559 1211 612 in
1276 557 1389 612 alio
1444 556 1804 611 ecclesistico
1861 571 1997 608 con-

350 654 546 715 ventu,
583 651 752 719 cujus
798 652 887 702 est
940 649 1154 702 mentio
1207 648 1265 701 in
1327 646 1458 700 Vita
1506 647 1713 701 Leonis
1759 661 1919 716 papae
1955 642 2001 711 Ι,

354 738 598 794 recitata
631 744 774 793 tom.
826 738 926 790 Vll
981 737 1183 791 Concz'l.
1248 737 1316 790 ed
1369 736 1502 805 Reg.
1565 754 1621 807 p.

365 827 487 881 hzrc
510 830 648 881 sunt
678 843 691 879 :
751 824 1079 892 Congregafz'
1114 826 1241 878 sunt
1264 824 1369 875 256
1432 823 1763 877 sacerdotess
1800 828 1850 875 et
1901 818 2007 872 alii

357 918 462 970 406
514 916 773 985 episcopi,
827 930 1060 985 quorum
1117 913 1518 983 chiragraphus
1575 912 1838 965 cucurrit.
1902 907 2007 976 Qui

358 1003 672 1074 congregati
690 1006 819 1057 sunt
848 1020 963 1057 una
1013 1018 1145 1057 cum
1181 1007 1360 1068 tomo,
1395 1003 1492 1056 hoc
1520 1009 1596 1056 est
1626 1000 1731 1070 ﬁde
1789 1004 2009 1069 aposto—

360 1095 481 1148 licae
522 1091 796 1147 Ecclesia.
823 1092 998 1146 Vides
1028 1091 1121 1145 hic
1171 1092 1471 1146 decretum
1527 1095 1699 1144 antea
1758 1090 1829 1142 de
1896 1086 2009 1141 fide

361 1181 694 1253 apostolicae
726 1180 1013 1247 Ecclesiae,
1058 1180 1167 1234 hoc
1224 1184 1313 1234 est
1372 1181 1648 1250 dogmate
1698 1174 2007 1241 catholico,

363 1270 650 1343 perlatum
685 1277 910 1324 tomum
943 1270 1159 1335 vocari,
1184 1276 1241 1324 et
1275 1270 1427 1324 hunc
1459 1275 1685 1323 tomum
1718 1282 2011 1335 quemqne

362 1363 842 1430 congregatorum
890 1375 1088 1414 secum
1159 1358 1488 1426 habuisse;
1550 1357 1708 1411 unde
1765 1362 1819 1408 et
1903 1354 2012 1408 hoc

360 1447 543 1502 κοινὸν
578 1446 680 1499 ὑπὸ
736 1446 896 1519 τόμῳ
955 1445 1179 1519 γεγονός
1234 1447 1344 1501 dici
1403 1446 1676 1517 potuerit.
1722 1446 1799 1499 Ac
1858 1442 2011 1513 quod

362 1538 515 1592 hanc
537 1536 713 1607 τὸμου
747 1537 1044 1591 notionem
1078 1537 1305 1601 attinet,
1339 1536 1491 1590 actio
1528 1536 1658 1607 ipsa
1714 1535 2013 1587 decretum

366 1627 654 1683 condendi
705 1626 843 1681 alibi
877 1644 909 1681 a
941 1632 1142 1682 nostro
1182 1631 1362 1682 verba
1418 1628 1782 1699 τομςιγραφεῖν
1824 1622 2016 1693 expri-

366 1718 570 1772 mitur.
603 1715 989 1788 Nempel.1v,
1015 1732 1063 1770 c.
1094 1717 1185 1782 29,
1238 1717 1330 1770 ubi
1392 1716 1588 1787 agitur
1643 1716 1713 1769 de
1771 1728 2016 1767 corona-

2112 554 2393 621 alludere,
2426 558 2565 611 dum
2611 558 2956 633 φατριάρχης
2990 560 3158 629 quasi
3221 560 3626 634 φρατριάρχην
3685 580 3777 617 νο-

2113 651 2223 699 cat.
2254 645 2465 699 Notum
2496 647 2649 701 enim
2677 647 3182 718 Constantinopoli
3222 655 3355 703 erat
3390 651 3540 719 quid
3584 652 3779 706 Latina

1678 736 1765 789 50.
1820 733 2005 787 Verba
2112 750 2221 787 vox
2252 736 2432 803 frater
2460 753 2735 801 germano
2768 754 3094 807 synonyma
3116 742 3381 806 sonaret,
3414 754 3555 793 cum
3599 746 3785 795 essent

2116 822 2171 874 in
2207 840 2272 875 ea
2306 824 2448 877 urbe
2473 825 2661 878 Latini
2698 830 2817 879 tam
2845 825 3035 889 multi,
3061 827 3396 897 praesertim
3421 843 3561 882 cum
3588 828 3780 894 simul,

2118 915 2180 965 ut
2212 929 2342 967 mox
2376 914 2651 967 admonet
2682 913 3021 981 historicus,
3056 932 3410 987 germanam
3462 917 3779 988 imperato.

2116 1001 2199 1056 ris
2229 1001 2529 1071 Eulogiam
2567 1002 2803 1073 oblique
2863 1005 3309 1075 prestringeret.
3374 1005 3553 1060 Forte
3611 1007 3779 1061 etiam

2118 1088 2465 1165 φατριάρχης
2510 1091 2739 1147 infense
2792 1094 3013 1147 dictum
3081 1109 3182 1163 pro
3266 1094 3659 1168 πατριάρχης,
3731 1100 3787 1149 ut

2121 1181 2192 1233 ad
2224 1180 2479 1252 Philipp.
2516 1182 2637 1249 11,3
2687 1183 2969 1253 κατατομή
3027 1200 3130 1254 pro
3189 1183 3506 1256 περιιομή,
3571 1205 3605 1256 φ
3661 1190 3715 1238 et
3759 1205 3789 1236 κ

2123 1268 2318 1322 nescio
2374 1270 2512 1338 quid
2575 1265 2859 1345 δύσφημον
2920 1271 3294 1327 trahentibus
3384 1289 3459 1327 ex
3540 1273 3782 1343 quadarn

2124 1358 2289 1428 quasi
2316 1358 2660 1428 contagione
2692 1356 2906 1430 φαύλου
2946 1364 3003 1414 et
3033 1362 3225 1412 κακοῦ.

2198 1464 2395 1534 Φήμη,
2455 1483 2510 1537 p.
2557 1466 2678 1533 145,
2748 1464 3124 1540 Ἀφικνεῖται.
3174 1510 3185 1521 .
3233 1512 3244 1523 .
3321 1467 3494 1543 φήμη
3547 1486 3612 1540 γε
3670 1464 3788 1519 οὖσα

2124 1553 2214 1607 καὶ
2241 1553 2358 1613 θεὸς
2390 1555 2423 1621 ἡ
2472 1554 2654 1629 φήμη.
2720 1555 2804 1609 Ita
2854 1563 3051 1610 noster
3109 1557 3414 1612 recondita
3478 1574 3588 1611 suo
3641 1573 3789 1611 more

2126 1643 2185 1697 in
2222 1644 2385 1698 codd.
2422 1647 2462 1696 Β
2493 1648 2548 1697 et
2606 1648 2670 1710 A,
2731 1662 2857 1715 quas
2890 1646 2931 1701 ν
2979 1663 3086 1700 suo
3140 1647 3276 1701 item
3347 1662 3520 1701 more
3581 1646 3786 1701 omisit.

2131 1733 2275 1787 Puto
2312 1732 2717 1805 Pachymerem
2753 1733 2848 1788 hic
2881 1735 2937 1787 in
2972 1740 3168 1789 mente
3213 1734 3511 1790 habuisse
3570 1735 3785 1789 abstru-

367 1804 528 1859 tione
571 1804 910 1874 Andronici,
970 1802 1377 1877 ἐτομογράφουν
1438 1798 1517 1871 δὲ,
1574 1801 1793 1873 inquit,
1848 1798 2019 1853 καὶοὶ

2132 1823 2342 1879 siorem
2378 1798 2689 1893 quamdam
2746 1825 3044 1878 notionem
3106 1824 3377 1880 vocabuli
3446 1824 3635 1900 φήμη.
3697 1823 3784 1894 (l),

370 1890 648 1967 ἀρχιερεῖς
708 1892 795 1946 ὑπ’
844 1892 1149 1969 ἀφορισμὸν
1202 1895 1507 1952 ποιοῦντες.
1583 1897 1692 1947 etc.
1780 1891 2020 1945 Decreto

370 1982 642 2038 videlicet
674 1982 938 2054 synodali
970 1982 1078 2037 rite
1109 1982 1365 2048 condito,
1402 1981 1697 2036 antistites
1730 1980 1839 2034 sub
1874 1995 2014 2032 ana-

362 2071 643 2127 thematis
673 2071 1154 2127 interminatione
1188 2075 1511 2126 sanxerunt
1562 2078 1748 2125 ratam
1810 2086 1843 2123 a
1873 2085 2016 2122 cun-

361 2163 471 2219 ctis
501 2164 934 2235 agnoscendam
968 2163 1419 2233 habendamque
1478 2162 1835 2216 evectionem
1898 2164 2018 2214 An—

364 2252 588 2307 dronici
622 2253 680 2307 in
713 2251 1047 2322 imperium,
1090 2256 1441 2322 procurante
1501 2251 1559 2304 id
1620 2249 1841 2305 scilicet
1900 2253 2019 2301 Au-

364 2345 538 2412 gusto
570 2342 699 2412 ejus
730 2345 949 2413 patres,
982 2340 1201 2411 quippe
1246 2339 1631 2395 studiossime
1686 2346 1893 2409 agente
1955 2340 2021 2391 ut

365 2448 543 2503 quam
576 2431 831 2487 maxime
864 2432 1035 2486 ﬁrma
1064 2435 1121 2486 et
1151 2429 1548 2486 irrevocabilis
1578 2429 1691 2485 ista
1744 2429 1872 2499 ejus
1915 2426 2017 2481 ﬁlii

363 2525 521 2576 esset
548 2521 859 2593 promotio.

456 2622 874 2691 Τρικοκκιῶται,
943 2637 1000 2692 p.
1057 2620 1165 2673 202
1233 2621 1409 2671 Ταῦτα
1464 2615 1589 2690 περὶ
1673 2614 1802 2676 τοὺς
1888 2619 2018 2689 Τρι-

360 2708 812 2769 κοκκιώτας.8ἱο
869 2710 1232 2765 concorditer
1285 2713 1405 2763 tres
1466 2707 1715 2762 codices.
1774 2705 2021 2761 Videtur

361 2797 561 2871 populi
595 2815 806 2854 nomen
854 2816 887 2854 a
928 2797 1054 2853 loco
1101 2798 1367 2865 ductum,
1422 2797 1523 2868 qui
1580 2794 1870 2870 τρίκοκκον
1931 2793 2020 2849 vel

360 2885 672 2963 τρικόκκιον
723 2888 1031 2944 diceretur.
1124 2886 1331 2959 Reperi
1419 2887 1575 2958 apud
1651 2884 2021 2958 geographos

357 2979 728 3039 Strabonem.
761 2978 1161 3044 Ptolemaeum,
1197 2976 1362 3043 alios,
1389 2974 1673 3048 τρικῦριον
1717 2980 1773 3030 et
1802 2974 2020 3048 τρικόρ-

362 3086 480 3119 νιον
518 3085 530 3122 :
567 3069 666 3123 sed
692 3084 987 3138 nusquam
1021 3066 1157 3121 alibi
1186 3063 1475 3140 τρίκοκκον
1524 3070 1624 3119 aut
1681 3063 2019 3137 τρικόκκιον.

364 3157 573 3214 Verum
623 3174 695 3212 ne
752 3156 1077 3228 quidquam
1103 3156 1447 3225 immuetur,
1503 3171 1828 3211 consensus
1859 3154 2018 3209 codi-

365 3262 499 3301 cum
523 3245 810 3318 prohibet.

434 3341 797 3418 Ὑποψήφιος,
846 3360 901 3415 p.
953 3344 1077 3398 438.
1138 3346 1256 3398 Hoc
1315 3342 1441 3398 loco
1491 3339 1806 3416 ὑποψήφιος
1861 3357 2023 3395 voca-

362 3437 481 3501 tur,
516 3432 809 3505 quijusta
857 3433 928 3488 ad
990 3433 1334 3503 dignitatem
1394 3430 1654 3502 aliquam
1715 3428 2021 3485 electivam

363 3522 643 3594 suffragia
668 3520 987 3578 electorum
1024 3519 1179 3588 tulit,
1201 3519 1464 3575 nondum
1498 3518 2020 3573 tamen'decretum

362 3611 665 3667 electionis
688 3610 800 3665 rite
831 3610 1123 3681 perlatum
1156 3613 1264 3664 est.
1296 3608 1462 3663 Unde
1493 3607 1604 3661 iste
1634 3606 2022 3672 Theodosius,

363 3702 453 3770 (P.
486 3700 612 3771 427)
647 3699 703 3753 in
758 3714 932 3769 quem
1000 3697 1453 3769 praeponendum
1514 3695 1725 3751 throno
1776 3696 2023 3767 patriar-

370 3789 525 3845 chali
548 3784 907 3858 Theopoleos
939 3786 1058 3842 sive
1098 3785 1417 3841 Antiochi-ce
1451 3783 1739 3856 pleraque
1784 3786 2021 3840 Patrum

370 3876 675 3933 sententiae
709 3875 1202 3946 conspiraverant,
1263 3878 1386 3930 erat
1416 3873 1631 3929 electus
1682 3876 1911 3929 tantum
1971 3878 2028 3929 et

372 3964 542 4037 quasi
575 3964 920 4035 designatus
974 3963 1327 4036 patriarcha,
1389 3964 1651 4018 nondum
1712 3967 1906 4018 tamen
1964 3963 2024 4018 in

371 4056 806 4126 possessionem
848 4053 1067 4109 missus
1124 4057 1179 4109 et
1235 4051 1638 4127 ἀνακηρυχθεὶς
1702 4052 1805 4105 ὑπὸ
1856 4054 2027 4123 κοινῷ

366 4143 548 4215 τόμῳ,
582 4143 703 4199 uti.
740 4161 817 4210 1v,
850 4160 900 4199 c.
937 4143 1025 4211 l3,
1062 4144 1131 4197 de
1162 4143 1453 4198 Germano
1495 4143 1551 4195 in
1610 4142 2026 4197 Constantino-

370 4234 696 4306 politanum
719 4233 1117 4304 patriarcham
1152 4233 1317 4303 prius
1348 4233 1531 4286 electo
1562 4233 1866 4297 scribitur,
1910 4231 2025 4285 hoc

368 4330 460 4380 est
485 4323 677 4395 palam
707 4323 1040 4380 declaratus
1077 4322 1431 4392 patriarcha,
1462 4321 1684 4392 perlato
1727 4325 1783 4375 et
1837 4320 2030 4392 legiti-

374 4413 487 4469 mis
519 4411 788 4469 formulis
818 4412 930 4467 rite
963 4411 1189 4467 sancito
1222 4410 1518 4465 communi
1562 4410 1744 4465 totius
1797 4409 2028 4465 concilii

373 4502 443 4557 de
482 4501 598 4557 ista
652 4500 935 4557 electione
990 4501 1241 4568 decreto,
1302 4500 1455 4570 quod
1514 4496 1689 4571 τόμου
1744 4498 2026 4555 vocabulo

370 4591 761 4665 signiﬁcatur.

457 4686 757 4759 Φάκελλοι,
791 4705 848 4760 p.
882 4688 990 4743 512
1028 4687 1175 4753 Quid
1236 4686 1547 4762 φακέλλους
1591 4688 1687 4743 hic
1746 4692 2023 4759 putemus

369 4783 529 4839 aliud
562 4796 739 4852 quam
775 4778 1038 4834 Latiman
1069 4793 1268 4833 vocem
1302 4778 1714 4833 diminutivam
1748 4794 1817 4832 ex
1861 4777 2027 4846 fascis

367 4873 537 4943 quasi
566 4869 826 4941 fascellos
884 4868 1066 4935 dicas,
1118 4868 1273 4936 quod
1331 4868 1695 4934 frequentius
1752 4867 2029 4921 scribitur

365 4960 686 5032 fuscisculos
717 4957 745 5011 ?
774 4956 1075 5026 Synesius,
1109 4955 1294 5026 Epist.
1343 4956 1443 5009 133
1478 4973 1490 5011 :
1524 4956 1729 5009 Ἅπασι
1784 4954 2028 5031 γέγραφα

370 5046 643 5125 φάκελλον
678 5043 1004 5118 ἷέπιστολῶν
1040 5043 1277 5116 Διογένει
1313 5039 1439 5104 δούς
1510 5048 1627 5099 Hoc
1678 5046 1825 5100 617
1888 5050 1977 5100 est
2011 5063 2022 5101 :

374 5138 637 5195 Omnibus
694 5136 910 5207 scripsi,
966 5135 1312 5212 fasciculum
1398 5137 1711 5190 litterarum
1800 5135 2029 5206 Diogeni

377 5228 782 5283 commendans.

442 5323 821 5399 Φατριάρχης,
856 5324 1071 5392 p.287.
1130 5322 1321 5379 Verba
1380 5328 1519 5378 sunt
1576 5323 1803 5379 Arsenii
1855 5324 2025 5393 ejecti

375 5415 748 5490 patiarchatu
772 5416 827 5467 et
855 5411 917 5465 in
949 5411 1205 5467 insulam
1260 5413 1568 5484 deportati.
1606 5414 1668 5467 In
1716 5413 1809 5468 his
1858 5430 2027 5469 voca-

371 5506 511 5563 bulo
540 5500 891 5575 πατριάρχης
927 5501 1304 5557 scommatice
1346 5503 1618 5574 designat
1670 5504 2027 5558 Germanum

2130 1928 2255 1982 quae
2279 1928 2410 1966 cum
2440 1910 2608 1981 vulgo
2641 1911 2932 1983 significet
2960 1912 3243 1967 indicium
3298 1912 3386 1968 rei
3448 1918 3632 1985 gesta?
3686 1911 3784 1965 hu-

2130 2017 2303 2055 mano
2335 2001 2672 2055 testimonio
2704 2002 2763 2056 in
2797 2001 3064 2056 notitiam
3090 2003 3432 2057 absentium
3498 2015 3786 2073 sparsum,

2129 2089 2444 2160 aliquando
2476 2090 2708 2160 proprie
2739 2090 3011 2160 designat
3037 2091 3313 2145 nuntium
3351 2108 3471 2146 non
3523 2087 3783 2144 humani-

2129 2183 2224 2233 tus
2257 2178 2496 2232 allatum
2532 2179 2611 2232 rei
2648 2195 2870 2249 magnas
2905 2179 3243 2251 longinquis
3276 2180 3339 2233 in
3373 2179 3526 2234 locis
3561 2182 3717 2241 actae,
3740 2178 3789 2230 et

2131 2268 2329 2322 statim
2363 2266 2442 2321 ibi
2479 2267 2723 2338 cognitae
2776 2284 2889 2338 quo
2946 2268 3108 2323 nulla
3154 2267 3434 2324 celeritas
3493 2280 3785 2323 cursorum

2130 2361 2250 2411 tam
2306 2356 2511 2427 exiguo
2562 2358 2753 2427 spatio
2811 2357 3109 2428 pervenire
3155 2358 3442 2429 potuerit.
3519 2353 3785 2425 Exempla

2129 2450 2355 2500 veteres
2390 2445 2647 2500 historici
2688 2446 2873 2501 multa
2906 2448 3183 2502 referunt.
3225 2447 3373 2502 Vide
3405 2446 3634 2501 Livium
3693 2442 3793 2497 ini-

2128 2535 2209 2590 tio
2240 2534 2278 2590 l.
2314 2552 2444 2604 XLV,
2489 2539 2546 2590 et
2603 2536 2987 2590 Plutarchum
3047 2536 3105 2590 in
3155 2535 3395 2591 [Emilio
3458 2533 3657 2601 Paulo,
3704 2529 3789 2585 ubi

2132 2629 2338 2695 prmter
2367 2629 2637 2679 eventum
2670 2624 3002 2679 mirabilem
3052 2624 3275 2697 vulgati
3333 2630 3538 2680 Romae
3600 2619 3785 2691 praelii»

2130 2730 2245 2784 quo
2277 2713 2336 2767 in
2382 2713 2719 2768 Macedonia
2751 2715 3059 2784 quatriduo
3092 2718 3229 2769 ante
3276 2713 3641 2769 debellatum
3674 2710 3782 2764 fue-

2132 2808 2222 2857 rat
2253 2819 2385 2857 cum
2422 2802 2629 2858 Perseo
2661 2819 2814 2873 rege,
2852 2807 3105 2874 quatuor
3128 2803 3246 2858 alia
3307 2802 3583 2874 exempla
3637 2814 3778 2854 com-

2133 2890 2735 2962 memoralzsimilium
2771 2909 3039 2959 casuum,
3067 2897 3123 2948 et
3158 2892 3217 2947 in
3246 2892 3344 2948 his
3382 2907 3592 2959 unum,
3627 2888 3777 2957 Cujus

2130 2980 2257 3051 ipse
2290 2980 2638 3035 Plutarchus
2670 2980 2839 3036 testis
2872 2981 2997 3047 fuit,
3040 2985 3207 3037 aetate
3235 2999 3368 3047 sua,
3405 2985 3470 3036 ut
3517 2980 3615 3045 ait,
3664 2994 3777 3032 om-

2132 3070 2309 3124 nibus
2366 3069 2680 3141 perspecti,
2740 3070 2810 3124 de
2859 3070 3080 3141 perlata
3138 3071 3391 3126 Romam
3445 3069 3641 3126 eadem
3696 3064 3777 3118 die

2136 3177 2247 3230 qua
2276 3160 2333 3214 in
2364 3161 2678 3215 Germania
2709 3161 2975 3233 contigit,
3013 3162 3169 3216 caade
3230 3161 3501 3226 Antonii,
3560 3162 3614 3213 et
3667 3157 3777 3223 ejus

2136 3248 2423 3303 exercitus
2455 3249 2621 3303 clade
2654 3248 2752 3318 qui
2788 3254 2993 3303 contra
3024 3247 3428 3303 Domitianum
3464 3244 3774 3301 rebellarat.

2131 3336 2342 3392 SimiIli
2363 3340 2559 3391 autem
2584 3338 2808 3392 ratione
2839 3337 3073 3391 videtur
3106 3337 3371 3393 indicare
3434 3338 3627 3391 noster
3670 3344 3779 3401 per:

2132 3426 2362 3481 venisse
2393 3426 2465 3481 ad
2500 3426 2739 3481 Latinos
2778 3426 3186 3496 Daphnusiam
3244 3427 3658 3498 oppugnantes
3712 3416 3777 3470 fa-

2135 3533 2292 3571 mam
2326 3523 2506 3587 captae
2536 3534 2570 3570 a
2601 3516 2813 3571 Graecis
2844 3516 3417 3588 Constantinopolis,
3451 3527 3626 3585 quam
3660 3521 3775 3580 pro-

2132 3610 2331 3677 pterea
2385 3610 2605 3675 lamam
2654 3605 2905 3660 divinum
2938 3610 3123 3676 vocat,
3155 3602 3246 3657 καί
3301 3605 3429 3665 θεὸς
3459 3605 3673 3675 ήφημη.
3703 3595 3773 3650 Si-

2135 3697 2377 3768 gnificat
2400 3695 2574 3750 etiam
2609 3712 2737 3749 eam
2772 3711 2900 3750 esse
2930 3712 3125 3749 veram
3162 3699 3219 3749 et
3253 3694 3551 3766 propriam
3601 3684 3771 3743 norni-

2135 3786 2228 3842 nis
2276 3786 2436 3857 φγςμη
2496 3785 2818 3851 notionem,
2879 3784 3222 3851 Homerum,
3283 3784 3519 3856 Opinor,
3560 3778 3768 3835 secutus

2137 3876 2290 3946 apud
2337 3891 2533 3945 quem,
2593 3878 2657 3927 ut
2714 3872 3057 3928 Fustathius
3120 3874 3427 3940 admonet,
3487 3869 3637 3945 φήμη
3694 3861 3770 3915 εει

2140 3962 2373 4035 μαντική
2459 3957 2708 4031 κληδὼν,
2786 3959 3061 4015 τουτέστιν
3152 3961 3178 4014 ὁ
3270 3956 3574 4032 μέλλοντός
3644 3965 3767 4004 τινος

2139 4050 2450 4123 δηλωτικὸς
2508 4048 2699 4126 λόγος,
2754 4048 2804 4120 ἐξ
2862 4049 3171 4123 αὖτοματου
3251 4049 3598 4123 λεγόμενος;
3650 4043 3766 4096 Pro-

2136 4143 2417 4215 pheticum
2441 4159 2622 4209 amen,
2657 4143 2755 4197 hoc
2783 4143 2968 4197 estrei
3004 4145 3217 4211 futura
3254 4141 3567 4211 eujuspz'am
3615 4130 3767 4188 ἰηίίϐντ

2136 4232 2370 4287 verbum
2400 4239 2589 4302 sponte
2616 4232 2920 4301 prolatum.
2953 4232 3099 4296 Quia
3127 4246 3263 4285 vero
3314 4232 3387 4286 ad
3424 4220 3760 4301 prophetiam

2138 4322 2313 4378 etiam
2349 4321 2602 4391 pertinet
2631 4320 2845 4375 notitia
2867 4337 3065 4375 rerum
3091 4320 3431 4375 absentium
3460 4304 3766 4385 longinquis

2139 4427 2206 4467 ex
2261 4411 2406 4466 locis
2464 4427 2580 4466 non
2638 4410 2901 4466 humana
2958 4426 3135 4481 opera
3214 4409 3429 4475 delata,
3482 4406 3613 4477 jure
3675 4408 3760 4449 8110

2138 4504 2338 4556 noster
2367 4500 2544 4555 etiam
2603 4500 2673 4554 ad
2726 4500 2835 4555 hoc
2895 4498 3264 4555 Homericam
3322 4492 3589 4555 vocabuli
3634 4490 3760 4559 fama

2058 4574 2105 4637 D
2138 4590 2434 4645 notionem
2466 4588 2768 4644 transfert.

2239 4696 2465 4772 Φορητὴ
2524 4693 2694 4762 οἷκία,
2760 4712 2815 4767 p.
2869 4695 2994 4750 330.
3055 4694 3178 4751 Non
3234 4700 3661 4766 usquequaque,
3712 4672 3756 4772 ni

2137 4761 2335 4851 fallor,
2383 4761 2554 4841 obvia
2608 4761 2701 4839 hic
2760 4761 3087 4857 usurpatur
3144 4761 3515 4840 notio‘vocis
3570 4761 3753 4857 φορητή

2138 4893 2241 4948 pro
2272 4894 2337 4931 eo
2369 4876 2545 4947 quod,
2611 4874 2759 4929 718
2821 4851 3091 4945 analogia
3141 4892 3170 4929 e
3219 4872 3463 4941 solutili,
3526 4866 3600 4936 (P.
3655 4851 3755 4948 420)

2137 4945 2401 5021 classicis
2462 4964 2681 5020 usitata
2738 4979 2899 5029 voce,
2974 4964 3173 5029 ducta,
3257 4964 3501 5018 fortasse
3579 4945 3752 5005 Latine

2136 5056 2326 5110 dicere
2360 5071 2676 5125 possumus
2704 5054 3009 5125 portatilis.
3046 5052 3163 5108 Hac
3194 5068 3371 5124 porro
3405 5038 3752 5105 circumlocu-

2137 5144 2295 5200 tione
2327 5144 2413 5199 vel
2445 5144 2645 5211 σκηνάς
2679 5142 3042 5198 tabernacula
3090 5144 3405 5197 castrensia
3458 5129 3747 5205 exprimere

2138 5233 2525 5306 Pachymeres
2558 5231 2762 5299 voluit,
2793 5232 2903 5299 vel,
2939 5232 3094 5303 quod
3127 5232 3327 5287 verius
3352 5233 3507 5302 puto,
3530 5216 3759 5309 indicare

2139 5326 2345 5379 domos
2385 5342 2415 5379 e
2474 5324 2722 5379 materia
2776 5322 3045 5378 solutiles
3109 5323 3448 5394 proceribus
3491 5313 3751 5370 Romanis,

2138 5415 2431 5469 urbanum
2467 5414 2672 5469 luxum
2704 5412 2763 5466 in
2798 5410 3013 5467 militia
3032 5413 3224 5484 quoad
3253 5410 3485 5483 possent
3504 5399 3751 5464 usuI'Pare

2138 5503 2540 5571 studentibus,
2574 5506 2808 5574 paratas
2840 5516 2907 5556 eo
2939 5500 3188 5557 artiﬁcio
3221 5506 3285 5556 ut
3338 5501 3520 5572 partes
3573 5487 3744 5542 earum

448 5686 525 5762 (1)
548 5681 768 5741 Habuit
796 5679 1140 5738 Hesioceum
1177 5679 1324 5736 illud
1361 5680 1492 5744 Θεός
1518 5681 1581 5735 νύ
1612 5681 1695 5744 τίς
1727 5681 1837 5737 ἐστι
1863 5688 1958 5738 καῖ
1987 5683 2146 5756 αὐτή.
