4072 6400
467 398 606 453 1083
1526 406 1589 455 Ρ.
1627 402 1906 456 POSSINI
1941 402 2115 453 OBSE

2230 399 2557 453 ATIONUM
2593 400 2726 451 LIB.
2770 399 2814 449 Ι.
3709 398 3816 454 1084

467 523 690 596 scripta
728 523 799 579 de
852 521 1034 579 Vecco
1088 538 1193 594 pro
1244 521 1360 578 reis
1420 521 1671 578 sollicite
1728 526 1957 595 agente,
2018 521 2119 593 qui
2150 521 2355 593 Aoffis
2377 522 2561 575 aureis
2609 520 2671 574 in
2718 533 2778 574 os
2829 518 3061 589 maestis
3104 515 3277 590 pasci.
3330 518 3438 573 Sed
3494 534 3606 573 rem
3660 520 3731 574 uti
3772 536 3818 577 se

466 612 662 669 locum
721 613 961 669 Homeri
1019 615 1394 668 obversatum
1464 613 1659 668 animo
1738 611 2112 683 Pachymeris
2224 610 2453 679 habuit,
2511 609 2769 665 declarat
2828 609 3147 664 Vaticanus
3215 606 3621 678 Paraphrastes
3691 609 3816 665 hunc

465 704 777 759 scribentis
804 703 990 758 oculis
1021 707 1078 757 et
1108 704 1232 773 ipse
1282 701 1463 756 lector
1504 718 1617 756 non
1647 701 1963 771 subjecerit
2012 704 2115 755 aut

2228 700 2415 756 locum
2465 700 2545 753 sic
2592 698 2919 754 exhibens:
3000 697 3059 753 Ὁ
3148 696 3241 768 μὲν
3325 695 3579 772 Χαλυφᾶς
3652 703 3820 771 χρυσοῦ

466 794 749 849 memoria
780 791 1152 848 revocaverit.
1189 790 1389 846 Iliadis
1412 791 1641 846 decima
1674 790 1911 846 Phoenix
1962 790 2115 844 inter

2228 788 2405 851 ἑοντος
2461 787 2598 841 κατὰ
2672 783 2946 862 λάρυγγος
3032 784 3239 839 ἐκείνου
3294 785 3546 859 χυθὲντος
3612 784 3821 840 ἐτελεύτα

463 884 581 939 alia
613 882 800 937 multa
837 898 964 953 quae
996 880 1210 953 allegat
1240 880 1456 935 Achilli
1504 882 1808 948 ﬂectendo,
1845 879 2115 952 preponit
2224 879 2506 951 Chalypha
2536 877 2753 949 quidem
2783 892 2919 932 auro
2956 880 3199 948 fervente
3253 878 3312 930 in
3368 881 3558 945 guttur
3606 877 3707 947 ejus
3743 877 3814 930 in-

463 976 706 1029 deorum
740 970 1095 1043 exemplum,
1129 970 1513 1027 exorabilium
1544 970 1606 1026 in
1627 970 1861 1027 veniam
1910 968 2113 1040 culpa-
2217 970 2346 1040 fuso
2378 973 2625 1023 mortuus
2653 976 2750 1023 est.
2781 968 2943 1033 Quod
2978 966 3059 1022 ita
3101 970 3332 1038 gestum
3366 964 3698 1036 astipulatur
3722 971 3814 1021 Ma-

464 1079 615 1130 rum,
650 1063 791 1117 dum
825 1061 1098 1133 precibus
1128 1060 1579 1116 conveniuntur.
2223 1059 2389 1113 rinus
2420 1059 2701 1125 Sanutus,
2732 1055 2771 1110 l.
2800 1072 2882 1122 ιιι,
2918 1056 3103 1127 partis
3139 1056 3223 1126 13,
3249 1071 3299 1110 c.
3328 1056 3361 1108 7
3419 1054 3501 1109 sic
3555 1055 3783 1110 scribens
3810 1072 3820 1110 :

2225 1149 2386 1220 Capti
2456 1147 2713 1219 Calyphaa
2771 1148 2987 1214 gutturi
3050 1145 3325 1216 liquatum
3433 1161 3625 1200 aurum
3691 1145 3827 1213 jussit

2220 1237 2559 1310 (Haolonus)
2620 1235 2870 1306 infundi,
2922 1236 3225 1291 avaritiam
3300 1234 3649 1305 exprobrans,
3724 1233 3826 1305 quia

2222 1343 2349 1382 cum
2380 1327 2662 1382 immensis
2680 1326 2941 1397 afﬂueret
2971 1325 3268 1391 thesauris,
3328 1325 3619 1395 supz‘ditate
3663 1323 3821 1378 deten-

2225 1420 2311 1471 tus
2333 1433 2429 1488 pro
2451 1412 2632 1471 salute
2659 1432 2761 1471 sua
2784 1431 2871 1471 eos
2902 1413 3210 1487 expendere
3257 1412 3446 1469 renuit
3499 1412 3624 1467 Haec
3669 1413 3824 1467 Sanu-

2222 1509 2340 1561 tus.

1648 1172 1793 1248 Οὗδὲ
1820 1175 1878 1229 τέ
1911 1194 1968 1248 ae
1999 1174 2109 1248 χρὴ

460 1248 676 1321 Νηλεὲς
730 1251 868 1324 ἦτορ
942 1245 1114 1323 ἔχειν.
1175 1246 1443 1322 Στρεπτοὶ
1502 1244 1559 1302 δὲ
1604 1247 1799 1339 τενκακὶ
1857 1246 1969 1301 θεοὶ
2003 1244 2115 1300 ’ἆῦ-

1701 1340 1811 1376 τοι,
1849 1361 1861 1375 .
1910 1361 1922 1375 .
1970 1362 1983 1374 .
2028 1361 2040 1375 .

466 1393 696 1465 Καὶᾼμὶν
724 1390 853 1453 τοὺς
885 1392 1094 1446 θυέεσσι
1123 1392 1213 1445 καὶ
1247 1389 1520 1465 εὐχωλῇς
1540 1322 1767 1465 ἀγανὲἱσι

461 1449 634 1523 Λοιϐ²¹
670 1485 727 1520 τε
756 1466 944 1538 κνίσσῃ
966 1484 1026 1518 τε
1054 1449 1460 1539 παρατρωῖἶῶσδ
1488 1449 1765 1538 ἅνθρωποι

461 1488 811 1593 Λισσῖμενοι.
844 1535 933 1592 ὅτε
960 1536 1048 1591 κὲν
1080 1557 1163 1593 τις
1197 1531 1445 1593 ὑπερϐήῃ
1477 1535 1567 1591 καὶ
1600 1535 1765 1593 dudm

460 1531 811 1611 Λισσὸμενοι,
844 1531 933 1592 ὅτέ
960 1536 1048 1591 κὲν
1080 1531 1163 1599 τις
1197 1531 1445 1611 ὑπερϐήῃ
1477 1535 1567 1591 καὶ
1591 1531 1839 1613 ἇμάρτῃ.

459 1657 612 1711 Tum
643 1660 699 1711 et
729 1660 800 1712 de
830 1654 971 1711 Litis
995 1654 1233 1710 ﬁliabus
1263 1654 1625 1726 Jovisﬁaddit
1659 1671 1671 1709 :

465 1770 565 1845 Καὶ
597 1772 697 1845 γᾴρ
729 1792 789 1845 re
818 1770 975 1845 Λιτοιί
1006 1771 1107 1824 εἰσι
1142 1771 1268 1845 Διὸᾼς
1299 1774 1490 1845 κοῦραι
1514 1768 1816 1845 μεγάλοιο,

457 1837 647 1899 Χωλοὶί
670 1837 736 1897 ’τε
766 1842 953 1919 ῥυσσαί
982 1865 1041 1898 τε
1066 1837 1440 1918 παραϐλῶπές
1477 1837 1840 1919 {etpeditde

2296 1620 2507 1689 Ὠάτον,
2541 1639 2598 1693 p.
2634 1623 2757 1676 405.
2806 1626 2929 1677 Non
2992 1620 3132 1676 alibi
3183 1636 3512 1692 repereram
3545 1617 3707 1672 ὠάτον
3750 1634 3827 1689 pro

2226 1711 2496 1785 ὑπερῶον,
2550 1710 2846 1766 caenaculo
2897 1714 2999 1765 aut
3043 1709 3181 1765 aula
3241 1709 3530 1781 superiori
3584 1712 3833 1764 camerata

2224 1802 2375 1858 ovali
2409 1803 2613 1857 forma.
2649 1801 2799 1864 Quid
2841 1801 2997 1856 enim
3058 1799 3155 1854 hic
3212 1798 3373 1854 aliud
3428 1796 3833 1870 intelligamus?

2148 1901 2194 1965 Β
2326 1916 2744 1993 Ὠργυιωμὲνοι,
2792 1935 2848 1989 p.
2908 1917 3034 1971 424.
3098 1916 3187 1971 Ait
3234 1915 3564 1971 immissam
3627 1931 3658 1968 a
3705 1917 3832 1983 tergo

2230 2009 2362 2063 navi
2420 2008 2710 2063 Genuensi
2762 2005 2952 2078 plenis
3000 2004 3143 2060 velis
3226 2003 3483 2060 elabenti
3552 2001 3831 2058 onerariam

2231 2096 2597 2166 Catalanam,
2631 2113 2759 2167 quae
2792 2100 3029 2149 ventum
3062 2094 3115 2149 ei
3148 2093 3390 2166 apuppi
3432 2109 3665 2149 suorum
3715 2090 3833 2145 velo-

2233 2204 2365 2242 rum
2427 2203 2694 2258 olipansu
2747 2184 3118 2256 interciperet
3172 2200 3240 2239 ac
3291 2184 3378 2239 sic
3456 2181 3838 2238 suiﬂaminaret

2238 2276 2527 2348 impetum
2562 2275 2807 2330 ruentis.
2839 2270 3279 2348 Ὠργυιωμὲνους
3310 2274 3548 2328 Teztzes
3587 2272 3653 2326 ad
3698 2269 3837 2340 Lyco-

2238 2366 2523 2438 phronem
2574 2365 2997 2436 interpretatur
3053 2360 3471 2434 ἐκτεταμένους,
3518 2356 3838 2430 ήπλωμὲνους

2238 2463 2471 2511 extensa
2493 2464 2543 2509 et
2573 2454 2853 2525 explicata
2883 2456 3026 2508 vela.
3060 2453 3391 2523 Subditque
3436 2450 3698 2508 continuo
3748 2444 3839 2499 ἐτῦ-

2234 2543 2502 2618 μογολίας
2539 2545 2595 2598 in
2644 2544 2800 2598 hunc
2848 2543 3131 2597 modum:
3186 2540 3256 2596 ’Ἡ
3318 2538 3427 2595 ἀπὸ
3477 2545 3575 2606 τῆς
3626 2536 3830 2610 ὀργυιᾶς,

2228 2631 2353 2703 ἤτοι
2420 2639 2520 2700 τῆς
2580 2631 2847 2691 ἐκτάσεως
2896 2634 3005 2684 τῶν
3066 2633 3289 2704 χειρῶν.
3352 2632 3421 2684 ’Ἢ
3480 2628 3571 2682 καὶ
3622 2625 3717 2680 ἀπὸ
3762 2624 3837 2676 τοῦ

2233 2722 2379 2798 ὀργῶ
2445 2721 2506 2774 τὸ
2578 2722 2757 2794 ὁρμῶ,
2836 2720 3029 2794 Ὁργᾷν
3099 2715 3158 2772 δὲ
3226 2717 3289 2772 τὸ
3352 2716 3413 2772 ἐκ
3440 2723 3539 2785 τῆς
3595 2712 3834 2798 συντόμως

2232 2797 2447 2887 ὀρούειν
2481 2832 2531 2863 τι
2562 2814 2671 2863 τῶν
2706 2813 2857 2887 (punio
2889 2809 2925 2878 ἢ
2982 2811 3089 2861 τῶν
3153 2807 3423 2882 βοτανῶν.
3481 2810 3562 2863 Ita
3614 2804 3720 2870 ille,
3761 2797 3839 2872 qui

2231 2903 2432 2959 statim
2468 2900 2629 2956 addit
2659 2900 2834 2955 scribi
2867 2900 3075 2954 debere
3126 2895 3552 2973 ὠργυιωμὲνους
3608 2894 3839 2963 adjuncto

2233 2995 2347 3048 tad
2384 3012 2413 3043 υ
2440 2990 2710 3046 secundae
2751 2987 3026 3060 syllabae;
3082 2988 3238 3042 unde
3294 3004 3407 3042 nos
3465 2985 3709 3041 codicem
3760 2994 3840 3032 no-

2230 3086 2444 3147 strum,
2493 3080 2593 3149 qui
2645 3076 3039 3151 ὠργνωμὲνους
3094 3077 3413 3145 scribebat,
3502 3072 3838 3131 correximus.

2230 3168 2691 3245 Ὠργυιωμὲνους,
2725 3168 2805 3222 ait
2859 3167 3117 3221 Tzetzes.
3181 3164 3316 3237 μετὰ
3374 3162 3714 3238 προσγραφῆς
3763 3157 3836 3209 τοῦ

2154 3257 2312 3345 ρδεῖ
2359 3258 2602 3335 γράφειν.
2659 3257 2837 3312 Vides
2893 3255 3032 3311 hinc
3072 3255 3262 3311 obiter
3329 3254 3677 3345 familiarem
3750 3248 3838 3301 Pa-

2232 3349 2493 3422 chymeri
2519 3348 2701 3403 fuisse
2734 3346 3189 3418 Lycophronem,
3225 3344 3402 3417 genio
3428 3341 3684 3399 videlicet
3734 3351 3839 3391 eon-

2228 3439 2464 3497 ciliante
2497 3433 2769 3490 σκοτεινὸν
2804 3436 3087 3505 σκοτεινῷ.
3149 3434 3217 3489 Et
3267 3433 3444 3489 illum
3496 3431 3718 3503 quidem
3770 3439 3842 3478 n0.

2229 3536 2440 3599 strum,
2474 3529 2573 3598 qui
2602 3525 2869 3582 omnium
2899 3524 3250 3595 scriptorum
3275 3525 3552 3578 tenebras
3592 3521 3645 3575 in
3701 3528 3837 3572 suum

2230 3635 2379 3690 opus
2429 3633 2675 3688 congere
2725 3615 3006 3680 studeret,
3069 3629 3184 3668 non
3244 3617 3704 3684 temperaturum
3767 3619 3839 3657 ar-

2231 3709 2440 3773 bitror,
2475 3706 2525 3761 si
2558 3722 2675 3777 qua
2694 3703 2922 3759 occasio
2955 3703 3217 3757 daretur.
3261 3701 3439 3757 etiam
3497 3693 3841 3772 πεαρεγοχρῶ·

2227 3818 2322 3858 τας
2406 3796 2497 3848 καὶ
2577 3789 2914 3868 φαλακραίος
2993 3789 3160 3865 κόρας
3234 3786 3540 3864 ἀπαρκτίας
3610 3785 3841 3858 περηστῆ·

2234 3907 2327 3961 ρος
2358 3884 2585 3945 α’ίθωνος
2614 3883 2799 3947 πνοὰς,
2854 3899 2980 3953 quae
3046 3880 3385 3954 Lycophron
3446 3881 3621 3935 habet
3665 3873 3837 3929 ibidem

2236 3976 2392 4031 unde
2432 3970 2857 4046 ὠργυιωμένους
2887 3970 3245 4042 exscriptum
3292 3975 3406 4039 est,
3467 3969 3524 4024 in
3577 3962 3841 4035 scriptione

2234 4066 2345 4120 hac
2378 4081 2486 4120 sua
2516 4078 2753 4133 ponere,
2787 4077 2963 4132 quam
3006 4065 3135 4115 tum
3175 4062 3418 4115 demum
3467 4058 3766 4129 elegantem
3800 4048 3841 4133 ei

2235 4154 2527 4211 eruditam
2572 4151 2765 4206 visum
2825 4151 2897 4204 iri
2956 4149 3226 4215 credidit,
3285 4149 3337 4204 si
3400 4146 3661 4204 omnium
3714 4132 3841 4205 inligi

462 1960 632 2016 Tales
665 1961 782 2017 deae
816 1960 1119 2033 ingeniose
1172 1961 1479 2034 tinguntur
1506 1962 1577 2017 ad
1609 1960 1727 2015 vim
1789 1959 2113 2015 beneﬁcam

467 2050 884 2106 misericordiae
947 2049 1415 2121 exprimendam.
1487 2050 1569 2121 (P.
1658 2050 1782 2119 430)
1868 2048 2120 2104 eximere

466 2157 646 2211 poenas
682 2139 1002 2210 satagentis
1064 2140 1363 2194 convictos
1411 2137 1748 2207 criminum,
1794 2142 1851 2193 et
1906 2137 2116 2192 horum

467 2245 716 2301 angores
747 2228 804 2282 in
840 2245 902 2283 se
933 2228 1313 2299 suscipientis
1343 2246 1355 2282 :
1392 2228 1463 2283 de
1493 2228 1710 2299 quibus
1756 2226 1943 2282 multa
1983 2244 2118 2282 eru-

464 2318 587 2373 dite
618 2316 965 2372 Eustathius
995 2316 1255 2387 disputat
1282 2317 1351 2371 ad
1385 2333 1519 2371 eum
1552 2316 1768 2371 locum.
1802 2316 2119 2371 Homerum

465 2411 665 2462 noster
695 2423 802 2461 suo
829 2406 998 2476 genio
1059 2405 1373 2477 indulgens
1432 2406 1527 2461 hic
1585 2405 1913 2477 exscripsit,
1973 2405 2119 2459 nihil

464 2496 734 2552 solicitus
772 2495 843 2550 de
886 2495 1097 2551 lectore
1148 2512 1356 2567 parum
1410 2496 1557 2550 forte
1601 2501 1827 2551 versato
1884 2495 1943 2549 in
2004 2494 2116 2549 Ho-

469 2586 615 2642 meri
648 2584 915 2651 lectione,
942 2587 1025 2640 sic
1058 2602 1267 2656 nempe
1317 2584 1526 2641 solitus
1581 2586 1801 2657 passim
1863 2584 2120 2639 intexere

468 2674 714 2730 orationi
765 2690 883 2728 suae
930 2674 1146 2729 crudos
1206 2675 1554 2746 ignotasque
1614 2672 2116 2729 innominatorum

477 2769 784 2820 auctorum
811 2762 1065 2836 χρήσεις,
1098 2765 1269 2834 quasi
1322 2764 1781 2835 praescripsisset
1826 2763 1884 2817 in
1944 2764 2120 2818 vesti-

472 2854 609 2910 bulo
644 2853 735 2909 sui
764 2853 957 2925 Operis
987 2852 1176 2908 simile
1206 2853 1429 2925 aliquid
1478 2854 1608 2924 ejus
1663 2854 1819 2925 quod
1878 2854 1937 2908 in
1988 2852 2121 2908 fori-

466 2946 576 2999 bus
644 2941 857 2998 scholae
921 2942 1192 3008 ;P1atonis
1268 2942 1574 3015 legebatur
1634 2938 1823 3003 Οὐδεὶς
1906 2943 2116 2995 πάντων

462 3031 789 3103 ποιημάτων
865 3051 925 3084 τε
996 3031 1087 3084 καὶ
1162 3033 1602 3106 συγγραμμάτων
1676 3030 1920 3106 ἀρχαίων
1977 3029 2117 3102 ἀμύ-

470 3141 603 3191 ητος
632 3119 840 3175 εἰσίτω.
871 3125 1047 3176 Porro
1089 3122 1244 3177 sicut
1302 3122 1486 3191 Λιτάς,
1546 3122 1711 3194 quasi
1770 3123 1930 3178 dicas
1987 3138 2118 3192 sup-

464 3210 808 3281 plicationes,
894 3209 1184 3266 Homerus
1258 3214 1682 3283 προσωποποιεῖ
1763 3208 1838 3271 sic
1923 3215 2120 3283 σχῆμα

469 3295 872 3371 ταλαιπωρίας,
903 3299 988 3355 sic
1019 3304 1078 3354 et
1124 3300 1185 3354 in
1241 3300 1497 3370 speciem
1559 3300 1827 3370 obsequii
1885 3300 2118 3355 obnoxii

465 3388 810 3458 abjecteque
872 3403 975 3458 per
1032 3388 1431 3443 adulationem
1491 3386 1758 3442 demissii
1835 3387 2118 3443 subornat

464 3476 783 3533 blanditias
817 3476 1123 3545 Martialis,
1153 3478 1294 3532 dum
1323 3476 1525 3532 scribit
1549 3478 1718 3548 epist.
1748 3478 1841 3548 72,
1873 3476 1974 3532 lib.
2036 3494 2069 3532 x
2100 3495 2114 3534 :

678 3593 935 3659 Frustra,
956 3593 1270 3660 blanditiae,
1298 3596 1497 3649 venitis
1510 3594 1586 3649 ad
1605 3611 1692 3649 me

681 3663 901 3718 Attritis
931 3665 1281 3720 miserabiles
1318 3665 1557 3721 labellis.
1590 3708 1602 3720 .
1642 3709 1653 3721 .
1703 3709 1713 3719 .

676 3739 807 3790 Jam
835 3752 947 3791 non
967 3742 1047 3791 est
1067 3738 1214 3791 locus
1244 3738 1350 3792 hac
1380 3740 1436 3792 in
1459 3740 1594 3792 urbs
1624 3736 1792 3793 vobis.

687 3807 767 3861 Ad
799 3809 1035 3863 Parthos
1062 3809 1260 3879 procul
1281 3813 1356 3865 ite
1385 3810 1635 3880 pileatos,

689 3881 755 3959 Lit
772 3880 966 3959 ﬂentes
994 3882 1337 3959 humilesque
1354 3881 1748 3953 supplicesque.

686 3950 965 4007 Pictorum
993 3954 1110 4009 sola
1141 3950 1351 4010 basiate
1377 3950 1591 4023 regum,
1624 3950 1733 4008 etc.

559 4063 915 4136 Ψωμίζεσθαι
970 4073 1220 4143 χρυσοῖς,
1280 4087 1337 4141 p.
1401 4071 1521 4124 129.
1581 4068 1875 4124 Nimirum
1961 4068 2121 4124 inva-

472 4152 677 4209 dentes
726 4155 1029 4212 Persidem
1082 4158 1331 4214 Tochari
1380 4158 1699 4230 Calypham
1752 4157 1872 4212 illic
1929 4156 2124 4211 domi-

467 4247 730 4310 nantem,
763 4261 1003 4301 avarum
1026 4251 1085 4303 et
1114 4247 1378 4314 divitem,
1404 4264 1545 4302 auro
1578 4246 1890 4318 liquefacto
1941 4246 1997 4300 in
2059 4263 2124 4301 os

467 4332 596 4400 ejus
656 4333 851 4390 infuso
904 4340 1306 4407 necaverunt;
1369 4337 1521 4408 quod
1603 4340 1802 4391 nocter
1877 4336 2124 4391 obscure

468 4421 616 4477 62I
691 4422 835 4479 dicit
921 4424 1274 4497 ψωμίζεοθαι
1363 4427 1589 4499 ρυσοῖς,
1666 4423 1833 4496 quasi
1910 4424 2129 4480 diceret

2239 4241 2626 4299 metuentium
2659 4239 3014 4311 scriptorum
3047 4237 3291 4309 griphos
3352 4242 3413 4292 et
3473 4239 3667 4291 noctes
3716 4224 3841 4283 avide

2237 4330 2602 4403 conquisitas
2634 4332 2977 4397 ostentaret,
3015 4344 3223 4399 parum
3260 4326 3433 4398 pensi
3467 4324 3683 4381 habens
3732 4326 3839 4387 quas

2235 4438 2443 4480 cruces
2473 4418 2797 4475 lectoribus
2831 4421 2932 4474 aut
2964 4415 3392 4489 interpretibus
3424 4415 3552 4471 suis
3582 4410 3775 4483 ﬁgeret.

3970 942 3974 1199 l
