4072 6388
272 411 416 466 1085

1865 420 2090 474 ΝΟΤΕ.

3556 424 3695 478 1086

1343 722 1848 845 PETRI
1957 728 2629 853 POSSINI

799 995 1847 1098 OBSERVATIONUM
1913 1005 3160 1106 PACHYMEBIANARUM

1708 1250 2072 1354 LIBER
2183 1256 2252 1354 ll

1522 1468 2095 1535 COMPLECTENS
2138 1475 2420 1536 NOTAS.

842 1827 903 1880 In
933 1825 1100 1881 titulo
1130 1827 1333 1898 operis.

334 2003 487 2057 θπιι
542 2003 630 2072 [Ρ.
680 2000 827 2071 4331,
888 2002 1275 2058 PACHYMERIS.
1336 2007 1478 2058 Cum
1540 2005 1685 2059 varii
1756 2007 1915 2062 varie

265 2090 530 2146 Graecum
607 2108 817 2147 nomen
895 2091 1233 2165 Παχυμερής
1294 2093 1499 2148 Latine
1556 2096 1801 2150 efferant
1864 2100 1921 2151 et

263 2181 589 2250 inﬂectunt,
647 2180 744 2235 alii
806 2180 1247 2251 Pachymeram,
1298 2183 1395 2237 alii
1450 2183 1917 2255 Pachymerium,

263 2268 362 2325 alii
395 2269 563 2324 aliter
594 2274 885 2338 vocantes,
921 2270 1065 2323 mihi
1101 2271 1468 2326 commodius
1503 2278 1560 2327 et
1589 2273 1919 2344 expeditius

261 2359 456 2414 visum
490 2363 576 2413 est
603 2358 916 2413 inﬂexione
949 2359 1032 2413 uti
1076 2359 1283 2415 Latina
1341 2362 1650 2415 nominum
1711 2363 1920 2418 classis

263 2449 476 2502 tertias.
512 2447 659 2513 Quin
693 2448 752 2502 id
786 2450 864 2503 sit
894 2447 1222 2518 simplicius
1270 2455 1326 2504 et
1355 2451 1426 2503 ad
1462 2467 1635 2505 usum
1670 2452 1918 2520 facilius,

266 2553 440 2592 nemo
472 2537 786 2608 negaverit.
819 2538 959 2592 Jure
989 2542 1186 2592 autem
1220 2538 1365 2605 fieri,
1390 2539 1671 2610 exemplis
1701 2543 1920 2596 astrui-

268 2631 389 2682 tur.
424 2628 569 2683 Nam
630 2627 885 2700 Ulysses,
915 2628 1193 2704 Socrates,
1233 2629 1652 2686 Demosthenes
1704 2630 1922 2686 similia

269 2717 530 2790 plurima
557 2733 714 2773 mere
745 2717 945 2772 Latine
975 2717 1045 2773 ab
1078 2718 1352 2773 omnibus
1395 2720 1724 2789 ﬂectantur,
1761 2720 1921 2776 nullo

265 2811 535 2878 respectu
566 2808 639 2862 ad
670 2806 1016 2862 inﬂexiones
1035 2807 1265 2863 Graecas
1300 2809 1546 2863 istorum
1583 2811 1916 2865 nominum.

264 2896 409 2960 Quis
467 2897 624 2953 enim
685 2913 949 2968 unquam
1010 2897 1362 2952 adumbrare
1432 2898 1659 2953 curavit
1714 2900 1920 2954 Latino

270 3002 414 3041 sono
485 2984 810 3057 genitivum
887 2983 1265 3056 Δημοσθένους
1339 2990 1441 3041 aut
1518 2988 1919 3042 accusativum

277 3072 620 3145 Δημοσθένη,
680 3074 1064 3130 balbutiendo
1118 3076 1512 3131 Demosthenus
1573 3082 1676 3132 aut
1736 3078 1922 3131 Demo-

273 3164 489 3231 sthene,
557 3168 823 3219 Romana
880 3164 1141 3220 Minerva
1198 3165 1608 3221 invitissima?
1637 3171 1756 3222 Hoc
1811 3166 1922 3223 etsi

269 3270 514 3326 parvum
547 3254 732 3319 dictu,
766 3270 1006 3309 necesse
1036 3254 1227 3310 visum
1261 3254 1355 3310 hic
1389 3256 1668 3326 proﬁteri.

341 3343 675 3398 Mlcmsus.
710 3345 931 3408 Quotus
990 3343 1086 3398 hic
1120 3344 1271 3399 inter
1326 3344 1713 3416 imperatores
1766 3346 1921 3401 Con-

264 3432 830 3504 stantinopolitanos
864 3432 1110 3487 Michael
1172 3434 1369 3501 fuerit,
1401 3452 1516 3489 non
1577 3436 1687 3490 erit
1717 3434 1926 3490 inutile

265 3521 455 3578 semel
487 3525 763 3576 statuere.
801 3522 1035 3576 Primus
1066 3521 1138 3575 ad
1186 3522 1501 3593 imperium
1552 3523 1661 3580 hoc
1712 3540 1923 3579 nomen

266 3610 512 3684 pertulit
540 3610 791 3667 Michael
817 3609 1190 3682 Curopalata,
1225 3617 1609 3682 cognomento
1652 3612 1925 3684 Rhanga-

270 3702 484 3768 benus,
518 3698 968 3756 laudatissimus
1001 3700 1298 3771 princeps,
1331 3717 1483 3756 anno
1534 3700 1747 3757 Christi
1797 3702 1922 3757 8U.

270 3791 578 3847 Secundus
614 3790 791 3846 homo
825 3789 1282 3846 scelestissimus
1332 3789 1579 3845 Michael
1628 3790 1863 3861 Balbus,
1895 3807 1927 3846 e

267 3897 501 3937 carcere
543 3880 643 3935 ubi
678 3880 750 3935 ad
792 3879 1282 3935 vivicomburium
1342 3879 1704 3944 servabatur,
1738 3880 1792 3932 vi
1852 3879 1922 3933 ad

266 3970 484 4026 solium
518 3970 714 4039 erupit
751 3986 905 4024 anno
963 3968 1179 4023 Christi
1229 3969 1355 4023 820.
1383 3968 1614 4024 Tertius
1674 3967 1924 4024 Michael

267 4059 804 4130 Porphyrogenitus
833 4057 1139 4130 Theophili
1171 4057 1545 4129 imperatoris
1603 4057 1761 4113 ﬁlius
1789 4074 1921 4112 cum

266 4161 453 4206 matre
484 4150 793 4205 Theodore.
822 4149 1138 4220 imperium
1174 4148 1387 4215 tenuit,
1422 4164 1637 4221 magno
1694 4148 1921 4220 rei,‘pu-

270 4240 435 4297 blicaa
467 4246 524 4296 et
568 4238 836 4295 Ecclesiae
895 4238 1090 4293 malo:
1129 4238 1239 4294 fuit
1288 4237 1468 4304 enim,
1504 4239 1603 4293 ubi
1649 4237 1921 4305 adolevit,

264 4330 658 4403 impissimus.
718 4328 904 4399 C(epit
959 4327 1252 4383 dominari
1312 4344 1463 4383 anno
1521 4327 1739 4383 Christi
1795 4328 1922 4382 842.

268 4418 425 4477 male
456 4417 632 4491 periit
686 4418 809 4472 867.
845 4421 1012 4472 Anno
1069 4416 1205 4472 inde
1262 4416 1477 4473 Christi
1510 4417 1648 4472 1034
1680 4414 1925 4474 Michael

265 4508 608 4581 Phaphlago
639 4524 673 4562 a
706 4506 897 4578 patria
925 4506 1139 4576 dictus,
1192 4506 1422 4561 adulter
1450 4507 1589 4561 Zoes
1619 4510 1921 4579 Augustae,

1953 1838 2001 1901 A
2036 1839 2306 1891 nostrum
2340 1854 2474 1891 cum
2535 1854 2707 1892 nemo
2765 1836 2849 1892 sic
2907 1836 3238 1908 appellatus
3294 1833 3687 1906 imperaverit,

2037 1924 2421 1997 Palaeologus,
2453 1928 2626 1997 cujus
2685 1926 2780 1980 hic
2842 1925 3149 1981 historiam
3211 1924 3448 1994 damus,
3481 1940 3687 1978 nume—

2030 2015 2256 2069 randus
2285 2015 2396 2069 erit
2425 2014 2672 2070 Michael
2704 2016 2853 2071 VIII.

2103 2102 2265 2174 [Pag.
2300 2103 2450 2174 4314.]
2480 2104 2833 2160 ΡΑιΑςοιοσι.
2892 2108 3075 2159 Natus
3117 2103 3210 2158 hic
3261 2120 3414 2159 anno
3472 2101 3689 2158 Christi

2034 2190 2171 2244 1224
2203 2209 2270 2247 ex
2304 2193 2663 2249 Andronicos
2714 2193 3030 2265 Palaaologo
3081 2210 3291 2265 magno
3350 2192 3691 2259 domestico,

2034 2284 2218 2335 matre
2251 2281 2591 2355 Palaaoluga,
2619 2285 2816 2339 Irenes
2843 2287 2899 2337 et
2928 2283 3116 2338 Alexii
3148 2280 3455 2352 Palaeologi
3486 2282 3691 2350 despo-

2031 2372 2102 2424 tae
2150 2371 2290 2426 filia.
2322 2371 2452 2427 Haec
2505 2373 2689 2438 Irene,
2725 2372 3026 2427 Michaelis
3080 2373 3207 2427 avia
3253 2377 3539 2439 materna,
3575 2368 3693 2423 {ilia

2032 2458 2368 2530 fuitAngeli
2402 2460 2727 2527 Commeni,
2761 2478 2875 2532 quo
2906 2461 3236 2532 imperante
3284 2457 3692 2514 Constantino-

2033 2548 2185 2619 polis
2220 2554 2391 2620 capta
2420 2554 2509 2604 est
2540 2568 2571 2605 a
2606 2550 2849 2605 Latinis.
2881 2551 3056 2606 Dedit
3101 2549 3153 2605 is
3197 2567 3324 2605 eam
3377 2549 3685 2618 conjugem

2037 2637 2233 2692 Alexio
2267 2638 2586 2708 Palaeologo
2618 2639 2705 2711 (ut
2735 2639 3053 2695 Phrantzes
3104 2639 3281 2694 habet
3310 2656 3323 2694 :
3353 2636 3687 2708 Acropolita

2032 2727 2434 2783 Andronicum
2469 2728 2767 2801 appellat),
2803 2746 2973 2800 quem
3014 2733 3072 2784 et
3120 2730 3425 2799 despotam
3473 2724 3687 2781 creavit

2031 2821 2087 2871 et
2117 2816 2349 2887 imperii
2380 2833 2779 2873 successorem
2815 2817 3163 2886 designavit.
3206 2817 3317 2872 Sed
3345 2816 3393 2871 is
3416 2814 3570 2869 brevi
3599 2818 3689 2869 est

2032 2911 2322 2975 mortuus,
2358 2907 2532 2962 unica
2563 2924 2630 2962 ex
2662 2909 2911 2979 conjuge
2934 2908 3055 2962 ﬁlia
3087 2909 3365 2977 suscepta
3420 2921 3547 2975 qua:
3578 2906 3691 2957 An-

2033 2997 2256 3051 dronici
2290 2996 2595 3068 Palaeologi
2621 2998 2821 3070 magni
2846 2997 3155 3053 domestici
3184 3012 3352 3061 uxor,
3385 2993 3687 3050 Michaelis

2032 3085 2334 3154 Palaeologi
2368 3091 2551 3141 mater
2582 3087 2711 3141 fuit.
2745 3087 2935 3150 Quare
2959 3087 3008 3141 is
3041 3095 3072 3141 a
3095 3091 3259 3157 patre
3282 3086 3451 3155 juxta
3484 3088 3689 3138 matre-

2033 3192 2145 3247 que
2170 3174 2507 3247 Palaeologie
2524 3176 2979 3248 appellationem
3014 3175 3169 3241 tulit,
3200 3168 3688 3227 Διπλοπαλαιολό-

2030 3284 2125 3338 γος
2172 3271 2479 3337 propterea
2525 3270 2787 3334 vocatus,
2818 3269 2883 3320 ut
2934 3264 3250 3320 Phrantzes
3300 3263 3497 3330 habet,
3534 3278 3581 3316 c.
3615 3263 3683 3328 1;

2034 3353 2187 3408 idem
2224 3354 2396 3409 tradit
2430 3353 2991 3426 Graegoras,l.1u,p.
3024 3353 3116 3420 32,
3143 3353 3242 3407 sed
3277 3354 3685 3406 etComnenus

2036 3461 2069 3499 a
2086 3445 2292 3499 matris
2317 3461 2419 3499 avo
2440 3444 2645 3516 angelo
2669 3444 3355 3515 Comnemoimperatore
3388 3441 3602 3509 dictus,
3626 3445 3688 3493 ut

2036 3532 2355 3588 Phrantzes
2408 3532 2623 3588 ibidem
2662 3534 2858 3600 docet;
2893 3548 2958 3587 ac
2987 3531 3205 3602 passim
3236 3531 3316 3585 ita
3344 3534 3583 3584 vocatur
3614 3528 3686 3582 ab

2032 3622 2366 3693 Acropolita
2410 3623 2696 3694 scriptore
2722 3621 2836 3694 ipsi
2870 3620 3297 3676 faventissimo.
3324 3618 3486 3674 Unde
3504 3616 3689 3672 credi-

2036 3710 2222 3765 derim
2263 3711 2569 3767 affectasse
2622 3710 2965 3767 Michaelem
3022 3714 3154 3765 ante
3211 3707 3525 3780 imperium
3576 3704 3685 3759 dici

2034 3801 2417 3870 Comnenum,
2440 3801 2593 3871 quod
2612 3816 2738 3854 eam
2756 3817 2877 3855 rem
2901 3798 3180 3854 veliﬁcari
3237 3795 3545 3853 ambitioni
3571 3812 3687 3850 sua

2037 3888 2317 3942 crederet.
2350 3889 2456 3942 Sed
2491 3893 2548 3943 et
2577 3888 2761 3958 hujus
2792 3893 3060 3960 posteros
3092 3888 3163 3943 ob
3196 3886 3561 3942 nobilitatem
3594 3883 3653 3937 in
3674 3919 3692 3926 -

2034 3975 2197 4048 clytae
2232 3980 2317 4031 tot
2346 3978 2631 4047 Augustis
2664 3977 2899 4031 familias
2939 3981 3396 4033 Comnemorum
3428 3973 3688 4045 appella-

2034 4066 2194 4121 tione
2221 4064 2499 4135 gloriatos
2550 4066 2873 4119 ostendunt
2920 4064 3340 4135 inscriptiones
3389 4061 3690 4119 Michaelis

2034 4158 2090 4208 et
2112 4152 2433 4207 Andronici
2462 4153 2777 4209 Juniorum
2811 4171 2844 4208 a
2876 4154 3138 4208 Pontano
3183 4152 3490 4223 descriptas
3525 4150 3687 4207 Notis

2033 4243 2104 4298 ad
2122 4242 2473 4297 Phrantzen.
2489 4243 2656 4298 Hunc
2674 4259 2845 4315 porro
2869 4246 3134 4298 nostrum
3152 4240 3519 4310 Michaelem,
3538 4242 3690 4311 post-

2036 4349 2212 4404 quam
2239 4333 2307 4387 ad
2344 4333 2659 4405 imperium
2694 4332 2976 4405 pervenit,
3009 4332 3161 4386 haud
3206 4345 3559 4402 magnopere
3592 4346 3692 4383 cu-

2035 4438 2196 4478 rasse
2222 4423 2588 4477 Comnenum
2651 4422 2764 4476 dici
2823 4421 2960 4477 licet
3002 4420 3329 4492 intelligere
3360 4435 3429 4474 ex
3460 4416 3690 4488 Pachy-

2036 4527 2214 4575 mere,
2236 4528 2335 4583 qui
2368 4510 2421 4567 ei
2454 4511 2789 4579 familiaris,
2822 4514 2880 4565 et
2911 4512 3022 4567 sub
3052 4510 3180 4580 ejus
3208 4509 3329 4564 ﬁlio
3359 4506 3691 4562 Andronico

268 4597 534 4653 Romano
565 4595 695 4665 ejus
723 4594 846 4649 viro
878 4592 1245 4666 strangulata
1302 4595 1616 4665 imperium
1652 4595 1920 4666 arripuit,
1955 4598 1998 4665 (Γ,
2038 4600 2296 4670 Seniore,
2330 4617 2444 4655 non
2479 4600 2607 4655 sine
2638 4616 2781 4655 cura
2812 4598 3178 4655 demerendaa
3213 4595 3560 4669 regnatricis
3587 4595 3688 4648 do-

266 4691 329 4743 et
386 4683 549 4741 tenui
604 4684 786 4740 annis
846 4683 965 4739 fere
1026 4687 1173 4738 octo.
1208 4683 1464 4739 Moriens
1520 4700 1922 4740 successorem

269 4775 478 4831 habuit
524 4772 872 4830 Michaelem
924 4776 1308 4845 cognomento
1366 4772 1767 4845 Calephatem,
1795 4774 1925 4844 ejus

269 4863 531 4921 nominis
590 4863 884 4934 quintum,
918 4862 1021 4933 qui
1075 4864 1209 4933 post
1265 4878 1486 4918 annum
1546 4879 1579 4917 a
1633 4863 1761 4932 Zoe,
1795 4880 1922 4934 quas

266 4954 441 5010 illum
476 4956 870 5024 promoverat,
903 4949 1150 5022 imperio
1204 4956 1261 5006 et
1299 4950 1487 5007 oculis
1518 4950 1779 5023 privatus
1834 4952 1922 5007 lo-

264 5060 405 5099 cum
464 5042 644 5097 cessit
712 5039 1097 5096 Constantino
1164 5040 1446 5096 Monacho
1496 5058 1649 5096 anno
1705 5040 1922 5097 Christi

266 5133 429 5189 1032.
470 5129 924 5196 Quatuordecim
983 5133 1114 5200 post
1168 5130 1340 5184 annis
1398 5128 1646 5185 Michael
1706 5146 1920 5202 cogno-

267 5227 469 5279 mento
496 5219 881 5290 Stratonicus,
914 5223 1113 5276 sextus
1136 5220 1267 5290 ejus
1298 5221 1579 5289 nominis,
1608 5225 1924 5277 coronatur

263 5314 610 5385 Augustus:
645 5311 799 5367 (ηδ
829 5311 931 5366 sed
964 5327 1099 5367 mox
1129 5327 1281 5365 anno
1312 5312 1448 5365 1057
1489 5311 1714 5366 Isaacio
1746 5313 1920 5368 Com-

271 5419 427 5458 neno
506 5400 662 5457 ultro
739 5401 1063 5456 concedens
1140 5400 1433 5456 abdicavit
1501 5400 1919 5472 principatum.

264 5497 438 5547 Anno
487 5489 684 5546 Christ
741 5489 877 5544 4071
937 5488 1183 5545 Michael
1243 5492 1631 5561 cognomento
1686 5489 1921 5560 Parapi-

266 5596 509 5648 nacens,
535 5578 691 5634 filius
719 5578 1082 5634 Constantini
1108 5579 1279 5634 Ducas
1298 5578 1754 5651 impereratoris,
1771 5596 1922 5635 mor-

267 5675 378 5727 tuo
433 5671 696 5726 Romano
754 5667 995 5739 Diogeni
1054 5668 1361 5735 successit,
1418 5668 1711 5740 septimus
1769 5668 1922 5725 inter

265 5761 563 5832 Augustos
593 5758 943 5831 Byzantinos
990 5757 1276 5829 Michael;
1304 5774 1476 5831 quem
1507 5757 1662 5814 inter
1684 5762 1740 5814 et
1762 5756 1921 5816 hunc

2035 4706 2170 4746 mus
2201 4689 2422 4762 gratiae,
2455 4689 2743 4760 scribens,
2774 4704 3082 4760 nunquam
3143 4703 3278 4743 eum
3335 4685 3449 4743 alio
3487 4682 3691 4756 gentili

2034 4796 2211 4851 quam
2246 4777 2553 4851 Palaeologi
2582 4778 2819 4834 nomine
2851 4779 3137 4849 designat.

2108 4871 2380 4925 HISTORIA
2409 4870 2643 4925 RERUM.
2676 4870 2834 4924 Duus
2866 4868 3147 4923 historias
3205 4863 3494 4939 separatis
3523 4862 3688 4919 volu-

2033 4958 2296 5014 minibus
2329 4962 2386 5014 et
2415 4958 2604 5013 titulis
2635 4957 3021 5030 Pacbymeres
3053 4956 3317 5027 reliquit,
3339 4959 3407 5010 ut
3434 4953 3495 5007 in
3527 4951 3686 5007 codi-

2030 5048 2199 5102 cibus
2227 5047 2800 5118 optimisBarberino
2821 5051 2878 5102 et
2898 5046 3191 5102 Allatiano
3221 5042 3686 5100 distinctissimae

2030 5137 2330 5211 leguntur.
2366 5139 2526 5194 Licet
2558 5138 2870 5195 Vaticanus
2897 5136 3340 5210 paraphrastes,
3372 5135 3473 5207 qui
3504 5133 3692 5191 multa

2030 5229 2339 5300 contraxit,
2422 5229 2688 5300 quaedam
2758 5227 3003 5296 abdidit,
3074 5228 3351 5299 pleraque
3418 5223 3690 5291 mutavit,

2032 5320 2236 5375 ambas
2258 5319 2317 5374 in
2364 5336 2512 5391 opus
2545 5335 2731 5374 unum
2787 5318 3157 5388 conﬂaverit;
3187 5319 3282 5374 cui
3336 5318 3484 5374 forte
3515 5314 3689 5371 simi-

2030 5407 2105 5463 lis
2138 5408 2313 5464 fuerit
2342 5410 2723 5481 Augustanus
2754 5406 2851 5462 ille
2881 5408 3081 5477 codex,
3117 5409 3267 5464 unde
3327 5424 3435 5464 sua
3491 5418 3688 5460 excer.

2030 5503 2130 5569 pta
2159 5497 2414 5553 Wolfius
2445 5496 2706 5568 sumpsit
2752 5513 2887 5552 nam
2913 5502 2971 5552 et
3010 5497 3059 5554 is
3091 5514 3272 5553 unam
3332 5513 3401 5552 ex
3455 5493 3687 5550 duabus

2029 5588 2405 5659 Pacbymeris
2428 5586 2734 5642 historiam
2768 5586 3003 5642 videtur
3041 5586 3511 5660 agnoscere.Nos
3528 5582 3687 5656 prio-

2030 5694 2153 5732 rem
2188 5675 2491 5733 Michealis
2522 5675 2651 5731 VIII
2709 5675 3023 5749 Palaeplogi
3084 5682 3214 5734 acta
3270 5676 3682 5745 exsequentem

2031 5766 2202 5823 modo
2227 5765 2459 5839 damus,
2485 5763 2652 5835 alias,
2672 5765 2788 5822 Deo
2821 5764 3070 5834 volente,
3094 5765 3497 5822 Andronicum
3530 5761 3659 5833 ejus
