4072 6386
458 396 593 452 1087
1508 399 1569 448 Ρ.
1612 394 1889 447 POSSINI
1927 391 2106 446 OBSE

2219 390 2544 447 ATIONUM
2582 394 2716 447 LIB.
2759 398 2831 448 ll.
3723 396 3829 451 i088

454 524 586 578 dem
622 520 951 593 scriptoris,
985 520 1104 575 sive
1127 520 1198 575 de
1236 519 1419 591 gestis
1477 517 1793 574 Andronici
1852 514 2106 572 Senioris

2231 512 2388 585 μένον
2450 512 2805 583 παιδεύσεως,
2864 519 3241 589 perfunctum
3295 520 3421 591 jam
3478 523 3601 575 tum
3657 522 3832 579 studiis

455 612 639 666 libros
661 610 783 678 VII,
819 611 876 664 in
911 610 1101 666 lucem
1135 609 1434 664 amissuri.
2226 604 2837 661 fuissebumaniorum
2861 606 3833 680 litterarum,magis,nifallor,con-

543 707 679 771 Pag.
732 702 815 753 11.
878 698 1528 768 Οοηδίαητίηοροίίίαηιιδ
1557 712 1752 767 genere
1785 737 1797 759 ,
1850 699 2011 749 ortus
2067 707 2106 747 el

2224 693 2383 763 gruit
2413 711 2544 748 cum
2579 700 2744 749 aetate
2776 713 3065 751 annorum
3098 697 3416 753 sexdecim.
3452 702 3654 752 Parnm
3705 700 3832 754 enim

456 790 714 844 educatus
745 789 963 846 Nicaeae.
1004 788 1383 860 Pachymcres
1417 787 1599 856 hujus
1630 789 1830 841 Πέδιον,
1894 802 1947 855 p.
2014 782 2113 836 148
2224 788 2313 837 est
2345 784 2658 839 verisimile
2694 786 3093 841 undecennem
3126 803 3371 857 puerum
3408 789 3832 858 grammaticam,

462 884 710 934 testatur
738 884 961 949 patrem
1023 895 1197 932 suum
1260 875 1978 946 ConstantinOpolitanum
2033 872 2116 925 ci—
2226 874 2598 942 rhetoricam,
2634 876 2821 947 ipsam
2850 877 3307 949 philosophiam,
3335 895 3467 931 cum
3497 878 3708 933 artibus
3728 894 3836 949 qua‘

457 984 586 1022 vcm
625 967 823 1034 fuisse,
882 966 1116 1021 exulare
1170 983 1203 1021 a
1254 965 1445 1037 patria
1497 968 1763 1019 coactum
1826 963 1897 1018 ob
1960 961 2113 1016 Lati-
2224 969 2359 1019 tuor
2389 965 2852 1035 huicsubjectis,
2885 967 3037 1023 025
3063 967 3836 1039 arithmetica,musica,geo-

463 1074 571 1110 nos
608 1056 687 1110 ibi
740 1056 1079 1111 dominante
1128 1056 1279 1110 Sane
1332 1071 1464 1109 cum
1524 1054 1681 1108 idem
1732 1052 2117 1122 Pacbymares
2229 1053 2435 1108 metria
2469 1058 2525 1109 et
2555 1057 2934 1123 astromania,
2971 1057 3119 1111 satis
3172 1061 3476 1127 perceptas
3516 1056 3715 1111 habere
3758 1075 3839 1128 po-

458 1144 553 1199 hic
586 1144 786 1198 doceat
802 1160 865 1199 se
892 1161 1111 1199 annum
1145 1143 1335 1198 mtatis
1371 1141 1875 1197 undevicesimum
1910 1143 2106 1210 agente

2227 1143 2430 1198 tuisse.
2465 1140 2748 1204 Ιιαίδευσις
2777 1144 3066 1215 siquidem
3111 1142 3405 1217 ἐγκύκλιος
3449 1149 3533 1200 tot
3570 1144 3666 1200 illa
3706 1162 3839 1200 com-

458 1233 663 1305 pulsos
707 1233 1211 1304 Constantinopoli
1242 1234 1397 1288 924
1432 1231 1691 1295 Latinos,
1716 1235 1772 1285 et
1800 1230 1982 1283 libros
2016 1229 2118 1306 bas
2230 1233 2614 1304 plectobatur,
2638 1240 2699 1288 ut
2730 1250 2797 1289 ex
2827 1234 3051 1289 Joanne
3074 1233 3659 1306 Tzetzeintelligitur,
3687 1235 3760 1289 sic
3786 1236 3839 1289 de

452 1340 582 1379 rum
618 1322 834 1377 Observ.
871 1340 931 1377 III
975 1320 1441 1377 demonstraturi
1490 1320 1678 1375 simus
1738 1325 2029 1391 receptam
2061 1305 2120 1373 et
2230 1323 2322 1380 his
2354 1324 2646 1381 scribente
2680 1324 2943 1380 Chilliad,
2976 1342 3054 1396 χι,
3090 1330 3231 1381 sect,
3261 1326 3369 1380 367
3403 1343 3415 1380 :

453 1411 673 1466 Latinis
724 1413 931 1467 urbem
992 1428 1372 1483 recuperasse
1430 1412 1657 1464 Graecos
1715 1411 1772 1463 et
1824 1407 2122 1477 quinqua-

454 1499 618 1570 ginta
649 1500 822 1555 annis
850 1506 1161 1571 postquam
1190 1500 1531 1566 amiserant,
1565 1498 1727 1553 facile
1754 1486 2119 1568 potuitnasci

457 1588 652 1642 Nicaeae
681 1589 861 1659 Pachy
876 1606 1064 1643 meres
1086 1590 1235 1659 patri
1263 1589 1787 1659 quinquagenario,
1808 1587 1908 1657 qui
1928 1602 2119 1657 usque

453 1678 523 1741 ad
566 1694 785 1731 annum
811 1679 999 1732 aetatis
1024 1678 1399 1733 undecimum
1424 1679 1480 1731 in
1512 1683 1753 1748 paterna
1772 1677 1944 1730 domo
1967 1678 2117 1727 Con-

456 1766 837 1837 stantinopoli
874 1768 1159 1822 educatus
1186 1767 1257 1821 ob
1282 1783 1513 1821 oxosam
1536 1766 1881 1820 Latinorum
1909 1762 1989 1817 ibi
2013 1763 2115 1841 dos

451 1854 835 1911 minationem
872 1856 1122 1913 Nicaeam
1155 1856 1509 1929 migraverit.
1534 1854 1909 1910 Traditenim
1935 1854 2117 1906 Acro-

450 1944 630 2015 polita
661 1944 916 2001 Historiae
950 1964 1068 2001 suae
1101 1963 1148 2001 c.
1178 1948 1232 2000 6.
1268 1947 1507 2001 Latinos
1534 1945 1676 2000 urbe
1736 1948 1912 2015 capta
1972 1940 2118 2015 libe:

450 2012 575 2088 ram
608 2033 826 2090 Graecis
862 2036 1099 2091 dedisse
1130 2035 1467 2091 facultatem
1502 2034 1587 2089 vel
1620 2034 1699 2088 ibi
1734 2012 2009 2088 manendi
2031 2012 2121 2083 ve1

448 2123 561 2177 alio
595 2123 888 2194 migrandi
924 2143 936 2179 :
978 2126 1095 2191 Τῆς
1128 2122 1346 2184 πόλεως
1381 2121 1758 2196 κυριεύσαντες
1811 2121 1861 2173 οἱ
1917 2117 2121 2175 Ἰταλοὶ

448 2207 627 2264 ἄδειαν
678 2208 946 2265 δεδώκασι
978 2218 1097 2274 τοῖς
1128 2212 1329 2281 ταύτης
1383 2211 1696 2286 οἰκήτορσι,
1750 2209 1879 2273 τοὺς
1926 2207 2119 2271 θέλον-

450 2319 546 2360 τας
607 2301 782 2371 μένειν
836 2322 895 2355 τε
944 2301 1033 2355 καί
1082 2302 1184 2356 ὑπὸ
1239 2306 1429 2376 χεῖρας
1478 2301 1610 2355 εἶναι
1655 2300 1828 2355 αὐτῶν
1884 2298 2013 2360 τοὺς
2071 2296 2120 2353 δι

454 2388 758 2451 ἀκωλύτως
789 2389 1119 2466 ἀπέρχεσθαι
1153 2386 1258 2460 ὅπη
1319 2390 1376 2444 ἂν
1446 2389 1758 2465 βούλοιντο.
1823 2391 1953 2445 Mox
2013 2391 2112 2444 ad-

456 2482 540 2535 dit
572 2480 885 2554 plerosque
915 2483 1305 2539 illustriorum
1342 2483 1490 2539 clam
1513 2488 1614 2538 aut
1646 2483 1837 2554 palam
1873 2482 2110 2549 abiisse,

466 2587 717 2642 quorum
752 2588 781 2627 e
813 2589 1056 2629 numero
1090 2572 1270 2629 fuisse
1295 2574 1667 2645 Pachymeris
1701 2577 1928 2644 patrem
1955 2571 2109 2626 veri-

470 2660 664 2716 simile
693 2666 800 2717 est.

2442 1449 2683 1526 ξΕγκύκλ
2696 1472 2746 1505 ια
2779 1454 3077 1524 μαθήματα
3102 1451 3397 1526 καλοῦνται

2229 1523 2284 1576 Ὁ
2341 1522 2542 1585 κύκλος
2598 1526 2660 1578 τὸ
2724 1522 3091 1598 σύμ-κέρασμα
3164 1524 3381 1578 πάντων
3448 1526 3551 1577 τῶν
3622 1524 3840 1598 μαθημά-

3670 1616 3763 1647 των

3670 1616 3763 1647 των

2228 1671 2644 1743 ξῖραμματικῆς,
2681 1666 3000 1743 ῥητορικῆς,
3034 1666 3201 1735 αὐτῆς
3225 1665 3568 1743 φιλοσοφίας,
3597 1736 3608 1743 _
3773 1640 3783 1665 ,

2228 1736 2352 1792 Καῖ
2382 1736 2488 1793 τῶν
2542 1736 2832 1814 τεσσάρων’
2867 1736 2924 1793 δὲ
2975 1744 3185 1815 τεχνῶν
3239 1736 3354 1795 τῶν
3413 1736 3499 1792 ὕπ’
3555 1736 3709 1815 αύτῂν
3750 1757 3836 1789 κει-

3590 1810 3782 1881 [μὲνων,

2149 1886 2195 1950 Β
2226 1886 2340 1971 Iis
2370 1880 2733 1971 εἶιριθμρύσηςο
2756 1882 3134 1971 μουσικῆςκαὶ
3168 1888 3268 1969 τῆς
3299 1880 3632 1971 γεωμετρίας

2231 1948 2337 2007 Καὶ
2367 1948 2467 2023 τῆς
2498 1948 2938 2028 ούρανοϐἇμενος
2973 1948 3143 2023 αὐτῆς
3174 1948 3559 2026 ἀστρονομίας.

2230 2078 2436 2133 Fateor
2488 2079 2782 2135 interdum
2851 2079 3039 2135 solam
3099 2079 3544 2151 grammaticam
3590 2073 3837 2151 ἐγκυκλίου

2229 2163 2563 2229 παιδεύσεως
2622 2169 2917 2224 mentione
2988 2170 3287 2239 designari
3355 2166 3491 2222 κατᾶ
3540 2165 3835 2238 κατάχρησιν

2229 2254 2291 2309 ού
2325 2254 2475 2329 λόγῳ
2507 2253 2564 2309 δὲ
2592 2255 2786 2330 κυρίῳ,
2820 2262 2885 2312 ut
2915 2258 3070 2313 idem
3095 2260 3331 2314 Teztzes
3362 2254 3833 2326 ibidemloquitur;

2227 2362 2332 2400 nec
2354 2361 2420 2401 eo
2444 2347 2671 2401 inficias
2692 2346 2872 2401 videri
2900 2363 3071 2417 posse
3095 2346 3357 2403 locutum
3391 2364 3456 2403 eo
3480 2362 3649 2401 sensu
3693 2346 3834 2397 Acro-

2226 2434 2491 2505 politam,
2516 2436 2655 2489 dum
2681 2436 2753 2490 de
2786 2435 2885 2491 illa
2916 2453 3092 2506 quam
3119 2438 3451 2508 percepisse
3475 2437 3591 2506 jam
3630 2440 3741 2487 tum
3787 2445 3832 2483 se

2225 2529 2305 2579 ait
2324 2524 2616 2596 encyclica
2637 2524 2923 2590 doctrina,
2945 2527 3145 2579 statim
3169 2526 3371 2580 subdit
3394 2525 3454 2586 ἢν
3488 2517 3830 2597 γραμματικὴν

2220 2611 2684 2683 κατονομάζουσιν
2719 2612 2770 2665 οἱ
2802 2610 3030 2680 πολλοὶ,
3065 2632 3233 2685 quam
3291 2613 3543 2685 plerique
3593 2625 3829 2681 gramma-

2222 2705 2388 2758 ticam
2417 2703 2734 2768 nominant,
2764 2703 3085 2774 prasertim
3112 2719 3242 2759 cum
3283 2703 3456 2775 paulo
3488 2706 3630 2768 post,
3662 2716 3706 2753 c.
3758 2696 3829 2750 ni-

2223 2793 2436 2847 mirum
2469 2792 2558 2861 32,
2583 2792 2737 2847 idem
2772 2793 3057 2863 adjungat
3097 2810 3159 2848 se
3219 2793 3454 2848 hortatu
3509 2784 3831 2861 imperatoris

2219 2883 2580 2950 Joannis,ad
2614 2899 2789 2953 quem
2839 2885 3076 2938 missus
3120 2884 3333 2949 fuerat,
3399 2877 3699 2954 ὑψηλοτέρα
3746 2876 3828 2927 τῶν

2221 2966 2403 3043 λόγων
2430 2968 2706 3024 παιδεύσει
2768 2968 2858 3024 καὶ
2918 2969 3165 3045 λογικοῖς
3224 2968 3585 3043 παιδεύμασιν
3635 2978 3832 3037 operam

2219 3062 2472 3128 dedisse,
2528 3061 2811 3131 magistro
2872 3061 3175 3117 Theodoro
3234 3055 3829 3133 Exapterygo.lVerum

2218 3151 2340 3206 haec
2372 3167 2485 3205 non
2517 3151 2755 3204 obstant
2777 3150 2904 3220 jam
2940 3149 3167 3221 positis,
3193 3168 3332 3207 cum
3372 3152 3449 3205 sit
3475 3165 3600 3203 vero
3618 3141 3832 3200 similius

2139 3253 2180 3320 α
2220 3243 2611 3313 γραμματικῆς
2654 3238 3005 3294 vocabulum
3063 3256 3176 3294 non
3236 3237 3697 3313 καταχρηστικῶς,
3747 3227 3826 3283 39d

2216 3329 2421 3403 κυρίως
2453 3329 2532 3383 ibi
2567 3328 2959 3399 AcrOpolitam
2995 3347 3349 3402 usurpasse,
3376 3347 3439 3386 ac
3469 3345 3578 3384 non
3627 3319 3825 3381 alterius

2219 3418 2448 3489 generis
2476 3416 2848 3486 disciplinas,
2879 3419 2977 3474 sed
3016 3422 3304 3490 majorem
3326 3421 3382 3475 in
3402 3420 3521 3490 jam
3546 3407 3822 3486 degustatis

2218 3524 2594 3580 progressum
2628 3507 2686 3561 in
2720 3507 2919 3562 schola
2951 3508 3611 3581 Exapterygiquaesisse,
3641 3500 3820 3572 ᾳυὶρρθ

2219 3615 2252 3651 a
2284 3614 2421 3668 quo,
2455 3602 2519 3651 ut
2550 3598 2675 3668 ipse
2706 3613 2840 3652 mox
2871 3597 3051 3664 addit,
3084 3604 3315 3670 septem
3349 3598 3516 3653 annis
3547 3591 3677 3648 nihil
3727 3583 3816 3642 nisi

2215 3690 2323 3740 τῶν
2370 3683 2697 3756 ποιημάτων
2730 3685 3020 3760 σαφήνειαν
3074 3685 3163 3739 καὶ
3193 3689 3298 3751 τῆς
3329 3690 3433 3741 τῶν
3462 3684 3628 3757 λόγων
3656 3677 3819 3748 τέχνης

2219 3772 2569 3830 διδασκαλίαν
2604 3775 2947 3846 perceperit,
2981 3793 3231 3847 quorum
3273 3782 3545 3834 neutrum
3563 3764 3816 3840 encyclicc'ﬁ

2217 3864 2437 3920 limites
2458 3865 2701 3919 excedit.
2738 3864 2998 3935 Denique
3031 3866 3327 3922 sexdecim
3362 3873 3553 3921 natum
3582 3871 3744 3917 annos
3771 3864 3817 3904 se

2217 3954 2277 4008 in
2300 3954 2543 4009 Joannis
2558 3952 2751 4007 aulam
2779 3954 3106 4009 admissum
3133 3957 3275 4011 satis
3300 3955 3597 4011 manifeste
3626 3949 3817 4001 demon-

2218 4045 2366 4097 strat
2398 4042 2742 4112 Acropolita,
2775 4043 2917 4097 dum
2945 4060 2996 4097 c.
3043 4045 3113 4098 32
3144 4045 3394 4116 primam
3428 4058 3542 4098 rem
3594 4031 3812 4093 omnium

2218 4147 2345 4201 quae
2377 4131 2487 4200 ipsi
2513 4131 2570 4184 in
2605 4131 2886 4187 comitatu
2917 4131 3164 4188 Joannis
3193 4132 3440 4207 Augusti
3475 4118 3811 4209 contigerunt:

2218 4222 2509 4273 memorat
2539 4218 2626 4273 sui
2663 4218 3035 4275 traditionem
3071 4220 3131 4275 in
3163 4221 3534 4293 disciplinam
3575 4206 3811 4269 Theodori

2219 4307 2589 4378 Exapterygi,
2618 4323 2789 4378 quem
2824 4324 2885 4363 se
2929 4310 3132 4365 audire
3180 4312 3423 4383 caepisse
3480 4308 3558 4363 ait
3604 4301 3811 4356 ἑπτακαι-

2218 4392 2438 4448 δέκατον
2498 4392 2622 4457 ἔτος
2677 4395 2897 4468 ἄγοντα,
2938 4400 3212 4455 decimum
3258 4400 3547 4471 septimum
3614 4391 3809 4461 αθθπίίηι

531 2750 677 2804 Ibid.
716 2750 868 2806 Clero
899 2754 1200 2822 ascriptus.
1238 2752 1300 2807 In
1332 2752 1527 2807 Graeco
1560 2751 1777 2823 legitur
1807 2750 1961 2822 apud
2009 2766 2109 2820 op-

458 2838 633 2894 timos
664 2840 832 2894 codd.
865 2840 907 2894 B
937 2845 993 2895 et
1020 2842 1067 2895 A
1097 2838 1226 2911 θείῳ
1265 2840 1456 2900 σωθεὶς
1502 2839 1723 2914 κλήρῳ,
1781 2843 1955 2911 prout
2011 2855 2109 2893 ex-

460 2927 744 2998 pressius.
774 2928 1044 3001 Nemque
1076 2929 1338 2996 σώζεσθαι
1360 2929 1677 3000 aliquando
1699 2926 2100 2999 est’appellere

459 3020 563 3070 aut
594 3017 915 3087 perdenire.
951 3017 1228 3087 Codinus,
1263 3035 1311 3072 c.
1345 3020 1435 3079 22,
1458 3020 1527 3072 de
1553 3018 2108 3089 sponsaimperato-

461 3106 581 3160 ris:
644 3105 787 3159 Κατὰ
842 3106 941 3172 τὴν
998 3105 1207 3179 ἡμὲραν
1240 3108 1360 3161 καθ’
1389 3107 1451 3174 ἣν
1509 3105 1702 3178 μέλλει
1760 3105 2107 3173 ἀποσωθῆναι

460 3190 538 3255 εἲς
565 3192 663 3260 τὴν
723 3193 908 3250 πόλιν.
966 3198 1079 3264 Quo
1137 3198 1227 3252 die
1280 3207 1617 3268 per-ventura
1668 3199 1728 3252 in
1770 3197 1959 3251 urbem
2008 3205 2105 3251 est.

458 3282 914 3355 Vaticanusjam
949 3286 1086 3340 hinc
1117 3286 1406 3357 incipiens
1464 3286 1804 3341 obscuriora
1844 3284 2101 3341 clariori~

460 3372 573 3428 bus
605 3378 833 3429 mutare
865 3371 994 3444 θείῳ
1025 3371 1222 3446 κλήρῳ
1254 3370 1431 3437 δοθεὶς
1450 3374 1666 3445 posuit.

530 3467 667 3533 Pag.
704 3463 790 3517 12.
830 3462 1106 3519 Utdoclus
1137 3463 1362 3534 quidam
1422 3463 1674 3519 asseruit.
1739 3465 1997 3534 Apparet
2042 3477 2110 3516 ex

458 3549 576 3605 illis
605 3568 776 3623 verya
806 3548 895 3605 διὰ
922 3551 985 3605 τὸ
1025 3552 1255 3628 φανὲντα
1311 3550 1637 3623 κρύπτεσθαι
1687 3556 1799 3607 etc.
1866 3551 1923 3620 (P
1983 3552 2108 3623 435)

459 3640 694 3695 doctum
730 3641 888 3697 hunc
911 3641 1257 3711 Sophoclem
1280 3658 1429 3707 esse,
1451 3643 1621 3711 cujus
1641 3641 1701 3696 in
1726 3643 1895 3713 Ajace
1923 3660 2109 3711 μαστι-

456 3727 678 3805 γοφόρῳ
711 3730 811 3785 illa
842 3735 1025 3785 exstat
1057 3731 1304 3786 celebris
1332 3731 1402 3785 de
1457 3736 1715 3802 tempore
1768 3731 2059 3786 sententia
2093 3749 2105 3787 :

563 3846 792 3922 "Ag-tavit
817 3846 869 3922 -ςξιΔ
889 3847 1103 3922 μακρὸς.
1123 3845 1529 3922 κάναρίθμητος
1561 3848 1760 3922 χρόνος

569 3916 701 3971 Φύει
730 3918 776 3971 τ’
810 3914 1108 3986 ἄδήλακαὶ
1137 3914 1367 3996 φανέντα
1387 3914 1701 3993 κρύπτεται.

532 4034 669 4105 Pag.
693 4034 777 4088 14.
812 4036 963 4090 Istud
992 4045 1397 4109 argumentum
1420 4039 1946 4109 prmoccupatumab
1976 4041 2108 4095 aliis

458 4122 654 4177 Videri
680 4127 873 4194 potest
900 4124 1144 4180 innuere
1175 4126 1437 4181 Nicetam
1487 4127 1850 4195 Cboniatem,
1893 4129 1993 4199 qui
2052 4132 2110 4184 et

462 4211 625 4266 urbis
656 4214 1145 4284 expugnationem
1181 4231 1213 4269 a
1239 4215 1460 4269 Latinis
1490 4220 1547 4270 et
1579 4232 1670 4271 res
1703 4216 1929 4286 aliquot
1976 4222 2111 4289 post

457 4316 607 4367 eam,
634 4316 944 4364 annorum,
980 4307 1152 4371 prout
1184 4303 1305 4374 geri
1337 4303 1589 4371 videbat,
1650 4305 1887 4375 scripsit
1931 4306 2107 4361 Geor-

457 4389 617 4461 gium
651 4391 887 4460 quidem
911 4392 1306 4460 Acropolitam
1342 4392 1699 4463 logothetam
1731 4398 1787 4447 et
1824 4394 2107 4465 Nicephe-

454 4495 584 4533 rum
619 4478 933 4551 Gregoram
968 4497 1038 4534 ne
1067 4481 1232 4534 innui
1265 4479 1373 4536 hoc
1397 4481 1521 4536 loco
1554 4499 1587 4536 a
1616 4481 1967 4553 Pachymere
1996 4499 2103 4553 pu-

2214 4501 2429 4541 annum
2460 4500 2473 4539 :
2508 4486 2718 4553 quodsi
2743 4486 2870 4556 jam
2903 4489 3213 4546 undecimo
3244 4489 3430 4546 aetatis
3459 4486 3527 4543 ad
3572 4482 3805 4537 Joannem

452 4570 570 4621 tom
604 4568 929 4638 facit,quod
947 4567 1231 4639 Gregoras
1246 4574 1378 4640 post
1398 4568 1809 4639 Pachymercm
1845 4570 2099 4642 scripsit:
2132 4616 2178 4679 D
2211 4574 2488 4640 venisset,
2512 4575 2872 4645 oportuisset
2903 4594 3037 4632 eum
3068 4578 3148 4633 ibi
3177 4596 3278 4635 sex
3327 4577 3464 4634 totis
3514 4570 3671 4629 annis
3713 4559 3799 4679 sine

461 4655 774 4679 A-_-_-12L-
811 4672 942 4679 _--_-
993 4656 1119 4679 l!_-1
1154 4656 1464 4679 -12-“-..1-
1508 4658 1699 4679 _-_2-_-
1730 4659 2066 4679 n_-1_,,._-_,_
2246 4663 2281 4679 ιι
2588 4664 2621 4679 ι¹
2780 4666 2795 4679 ε
2917 4666 2955 4679 ει
3141 4673 3175 4679 _
3408 4671 3417 4679 .
3520 4660 3683 4679 ',!1_-_
3759 4662 3799 4679 ο-

450 4655 782 4728 Acropolita
811 4672 967 4723 vero,
990 4656 1122 4712 licet
1153 4656 1471 4729 aliquando
1505 4658 1702 4713 senior
1730 4659 2095 4731 Pachymere,

444 4745 650 4815 junior
677 4750 873 4801 tamen
910 4745 1016 4800 fuit
1048 4762 1223 4817 quam
1252 4751 1315 4802 ut
1347 4764 1438 4803 res
1484 4747 1775 4803 Theodori
1833 4750 2098 4805 Lascaris

452 4835 666 4905 prioris
696 4842 960 4907 spectare
996 4854 1249 4907 praesens
1284 4839 1555 4907 potuerit,
1617 4855 1763 4909 quas
1821 4856 1888 4894 ex
1947 4843 2099 4895 fama

450 4929 507 4978 et
534 4928 934 4982 monumentis
965 4928 1022 4980 in
1060 4927 1367 4982 historiam
1409 4928 1674 4997 digessit.
1709 4928 1826 4983 Hoc
1872 4947 1941 4984 ex
1970 4930 2098 4999 ejus

452 5012 699 5070 historia
729 5016 882 5072 clare
913 5017 1215 5073 discimus.
1255 5015 1469 5072 Scribit
1499 5016 1655 5071 enim
1687 5017 1783 5072 ille
1814 5018 1893 5074 ibi
1926 5037 1972 5075 c.
2004 5024 2096 5087 29,

453 5118 508 5172 q.
539 5104 629 5165 25.
663 5105 751 5159 ed.
789 5106 928 5178 Reg.
967 5104 1136 5162 εΤὸτε
1192 5104 1281 5158 καὶ
1344 5103 1505 5165 αὐτὸς
1560 5106 1697 5179 πρὸς
1749 5110 1856 5160 τῶν
1891 5110 2095 5181 γονέων

449 5187 508 5243 ἐκ
561 5193 660 5258 τῆς
714 5194 1120 5248 Κωνσταντίνου
1178 5190 1487 5261 ἀπεστάλην
1535 5198 1611 5265 τῷ
1659 5195 1874 5268 βασιλεῖ
1919 5196 2095 5252 ἑκκαι-

453 5275 680 5349 δεκάτης
712 5283 968 5354 (videtur
996 5285 1309 5357 legendum
1352 5279 1763 5353 ἑκκαιδεκαέτης
1820 5281 1913 5357 ὢν)
1956 5288 2097 5344 Tum

453 5376 502 5423 et
522 5369 640 5440 ipse
671 5388 703 5425 a
744 5372 1067 5441 parentibus
1118 5390 1187 5428 ex
1244 5373 1379 5428 urbe
1435 5374 1915 5445 Constantinopoli
1959 5378 2094 5433 mis-

444 5474 535 5513 sus
559 5475 683 5515 sum
710 5460 781 5515 ad
809 5460 1201 5530 imperatorem
1229 5463 1507 5517 sexdecim
1534 5478 1711 5518 aunos
1740 5474 1927 5519 natus.
1978 5468 2097 5535 Ap-

448 5551 613 5616 paret
643 5549 1053 5604 doctissimum
1114 5550 1493 5620 interpretcm
1551 5551 1764 5622 legisse
1812 5548 2093 5624 ἐνδεκαέτη

451 5650 556 5703 pro
584 5633 997 5705 ἑκκαιδεκαέτης
1029 5638 1202 5692 vertit
1233 5638 1387 5692 enim
1420 5639 1673 5696 undecim
1702 5658 1875 5697 annos
1905 5649 2095 5700 natus.

449 5719 564 5775 Sed
593 5726 745 5793 quod
778 5725 941 5780 addit
971 5725 1167 5781 statim
1208 5728 1407 5781 auctor
1457 5724 1744 5798 ἐγκυκλίου
1802 5727 2097 5807 ἀπηλλαγο

2209 4663 2324 4719 alla
2356 4664 2741 4734 occupatione
2764 4666 3079 4722 desedisse.
3140 4673 3249 4724 Pro
3304 4671 3460 4724 certo
3516 4660 3683 4732 igitur
3728 4648 3799 4703 ha'

2208 4753 2467 4808 bendum
2502 4757 2661 4808 sexto
2695 4754 2921 4811 decimo
2955 4757 3144 4812 aetatis
3163 4774 3315 4814 anno
3346 4753 3580 4825 coepisse
3602 4749 3803 4833 AcroP9:

2207 4841 2371 4896 litam
2404 4842 2615 4897 Joanni
2667 4848 2935 4914 Augusto
2991 4845 3306 4903 adhaerere.
3368 4818 3486 4909 Quo
3542 4839 3715 4894 autem
3762 4818 3803 4875 id

2208 4931 2475 5001 ejusdem
2506 4931 2749 4987 Joannis
2780 4932 3017 5004 imperii
3050 4940 3228 5006 atque
3264 4937 3405 4992 adeo
3445 4923 3643 4987 Christi
3685 4922 3803 4971 anno

2209 5019 2540 5090 contigerit,
2574 5020 2998 5092 explorandum
3034 5041 3191 5080 nunc
3221 5030 3331 5092 est,
3358 5024 3440 5093 (P.
3476 5015 3591 5084 436)
3618 5008 3805 5101 Αᾷχθῐις

2207 5113 2335 5165 tum
2369 5110 2428 5163 in
2463 5108 2657 5164 aulam
2688 5110 2935 5168 Joannis
2957 5130 3130 5169 suum
3164 5113 3223 5168 in
3251 5114 3307 5169 id
3333 5094 3804 5180 tempusincidisse

2208 5202 2408 5253 narrat
2429 5198 2779 5270 AcrOpolita,
2814 5218 2928 5271 quo
2959 5206 3217 5274 tempore
3234 5203 3478 5259 Boberto
3510 5189 3801 5250 Latinoruﬂ1

2206 5288 2559 5358 imperatore
2593 5294 2823 5345 mortuo
2844 5291 3097 5347 Joannes
3129 5291 3265 5348 olim
3327 5275 3798 5367 Hierosolymo???

2207 5352 2313 5432 rex
2357 5378 2927 5450 Constantinopolim
2990 5385 3080 5436 est
3138 5389 3407 5438 evocatus
3456 5375 3521 5429 ad
3573 5382 3654 5423 res
3706 5352 3800 5450 imo

2207 5466 2620 5533 moderandas,
2682 5448 2871 5537 quoad
2929 5470 3256 5527 Balduinus
3306 5483 3445 5542 puer
3509 5463 3562 5514 in
3610 5448 3798 5542 atatem

2206 5553 2750 5624 imperiosidoneam
2778 5556 3146 5629 adolevisset,
3174 5539 3454 5616 Robertus
3477 5552 3650 5603 autem
3674 5539 3797 5629 εἰ)ηρ

2208 5642 2422 5699 Christi
2482 5646 2619 5699 1228
2677 5659 2779 5701 aut
2837 5614 3253 5716 sequenti’est
3309 5649 3602 5731 mortuus}

2205 5733 2448 5789 Joannis
2482 5734 2839 5791 Brennensis
2870 5711 2939 5791 ex
2985 5736 3171 5810 Italia,
3228 5737 3324 5793 ubi
3377 5719 3626 5798 Gregorio
3661 5711 3793 5766 Νουο
