4072 6426
249 426 389 484 1089

1840 427 2069 481 ΝΟΤΕ.

3520 419 3659 474 1090

250 551 561 617 militabat,
594 548 1164 621 Constantinopolim
1194 547 1477 620 appulsus
1509 550 1580 604 ad
1612 549 1739 604 Chr.
1764 550 1899 603 1229
1930 554 1982 618 Α
2013 553 2137 605 tum
2163 549 2416 606 historiis
2450 567 2568 605 suos
2598 554 2725 604 tum
2765 548 3038 605 Chronici
3087 544 3507 619 compendiarii
3564 561 3661 601 se-

249 642 523 700 aut1230
554 640 823 711 pertinet,
867 640 1101 709 quando
1158 637 1414 693 Joannes
1472 639 1734 705 Ratatza,
1796 637 1897 708 qui

251 747 405 787 anno
437 728 655 785 Christi
701 728 840 780 122.2
890 726 1195 780 Theodoro
1248 732 1475 781 Lascarl
1534 744 1639 781 suo
1701 742 1900 781 socero

250 817 805 878 successerat.629
840 816 953 871 Nec
985 831 1075 870 res
1108 815 1286 886 igitur
1305 815 1591 870 Theodori
1614 815 1900 882 Lascaris,

250 927 355 967 nco
388 908 565 980 primi
597 906 864 961 decennii
915 905 1159 959 Joannis
1220 904 1467 959 Batatzze
1519 910 1669 975 acta,
1726 904 1904 959 scribi

249 1018 317 1056 ex
349 998 580 1054 oculata
638 994 845 1050 notitia
895 995 964 1048 ab
1009 993 1342 1063 Acropolita
1398 997 1658 1064 potuere.
1720 998 1907 1057 Quare

249 1090 398 1146 alios
431 1085 601 1142 nobis
650 1085 981 1154 incognitos
1016 1082 1218 1138 taliam
1258 1088 1574 1138 eventuum
1633 1080 1905 1143 αὐτόπτας

248 1176 562 1235 historicos
596 1175 690 1229 hic
722 1175 969 1228 innuero
1001 1172 1414 1243 Pachymerem
1465 1175 1906 1244 agnoscendum

250 1272 363 1325 est.

322 1382 455 1452 Pag.
490 1380 579 1435 14.
607 1378 925 1435 Commissis
970 1377 1206 1433 invicem
1254 1379 1537 1434 Mercurio
1590 1383 1639 1433 et
1695 1381 1912 1435 Latona

249 1470 477 1526 Alludit
508 1470 579 1524 ad
614 1484 877 1540 pugnam
903 1469 1144 1522 deorum
1178 1468 1248 1522 ab
1288 1469 1529 1523 Homero
1557 1468 1908 1523 celebratam

248 1560 410 1618 Iliad.
449 1580 503 1627 υ,
535 1558 636 1613 ubi
669 1574 803 1612 eum
837 1556 937 1612 alii
962 1556 1094 1611 aliis
1122 1556 1199 1610 dii
1237 1558 1348 1611 diis
1390 1558 1614 1611 adversi
1672 1574 1912 1629 compa-

252 1653 621 1715 rentur,tum
644 1663 748 1717 par
784 1646 1133 1699 infestorum
1155 1645 1403 1699 invicem
1437 1646 1743 1700 numinum
1770 1648 1915 1701 Mer-

250 1738 453 1796 curios
471 1741 528 1791 et
562 1737 807 1804 Latona,
831 1734 927 1789 ille
950 1733 1317 1803 Graecis,th
1347 1734 1617 1804 Trojanis
1650 1735 1915 1791 militans

254 1825 624 1899 producitur.

329 1946 502 2011 Λητοῖ
535 1937 579 1993 δ’
613 1940 835 2008 ἀντέστη
871 1942 1045 2000 σῶκος
1076 1936 1345 2012 ἐριούνιος
1378 1938 1604 2011 Ἑρμῆς.

274 2060 395 2114 Etsi
425 2064 640 2127 autem,
674 2057 967 2128 quomodo
1000 2055 1279 2109 scribitur
1308 2059 1522 2124 Graece,
1551 2058 1764 2123 Λητοῦς
1795 2056 1916 2111 sive

269 2152 501 2203 Latonae
533 2162 743 2200 nomen
777 2144 921 2199 nihil
956 2160 1265 2198 commune
1288 2160 1422 2198 cum
1455 2144 1608 2215 Λήθῃ
1631 2145 1917 2199 oblivione

269 2236 486 2291 habere
518 2235 802 2303 videatur,
829 2238 1049 2288 certum
1082 2238 1279 2287 tamen
1313 2238 1487 2303 atque
1511 2235 1652 2289 adeo
1685 2235 1919 2305 vulgare

274 2325 483 2381 Graecae
541 2323 913 2378 litteraturae
945 2339 1056 2376 non
1114 2322 1363 2376 rudibus
1409 2327 1499 2377 est
1542 2323 1817 2378 Latonam
1849 2324 1917 2377 ad

269 2415 460 2470 noctis
493 2417 549 2467 et
578 2412 885 2467 oblivionis
918 2412 1379 2482 signﬁcationem
1406 2411 1714 2481 allegorice
1743 2413 1917 2468 trahi.

265 2501 360 2562 Ὠς
414 2502 449 2568 ἡ
507 2499 673 2568 Λητὼ
732 2500 835 2569 (ait
885 2498 1228 2553 Eustathius
1284 2500 1352 2553 ad
1408 2500 1571 2564 Iliad,
1632 2500 1654 2569 ξ
1714 2517 1771 2570 p.
1817 2501 1922 2555 989

272 2591 583 2660 ed.Rom.)
626 2586 685 2641 οὐ
724 2587 889 2659 μόνον
946 2586 1023 2649 εἷς
1078 2585 1256 2656 λήθην
1308 2584 1723 2660 ἀλληγορεῖται,
1780 2586 1924 2641 ἀλλά

269 2678 361 2733 καὶ
414 2677 489 2739 εἷς
538 2676 703 2731 νύκτα
753 2678 851 2745 τὴν
901 2680 981 2747 τῷ
1028 2674 1143 2748 ἀέρι
1194 2675 1276 2729 Διὶ
1308 2677 1688 2749 προσήκουσαν
1723 2674 1811 2729 ὅτε
1845 2677 1920 2747 μή

275 2768 409 2844 φωτὶ
469 2765 907 2837 καταλάμπεται,
967 2762 1065 2818 οὐκ
1118 2761 1175 2817 ἂν
1239 2762 1321 2833 ε’ίη
1379 2785 1460 2825 τις
1517 2769 1625 2817 τῶν
1654 2764 1778 2840 περὶ
1828 2765 1926 2821 λό-

276 2878 409 2931 γους
469 2855 701 2931 ἀγνοῶν·
767 2857 1042 2911 Latonam
1091 2855 1388 2926 symbolice
1445 2855 1740 2924 designare
1810 2874 1927 2912 non

275 2949 449 3004 solum
470 2945 826 3012 oblivionem,
860 2944 953 3000 sed
983 2952 1033 2999 et
1072 2954 1280 2999 noctem
1310 2944 1432 2999 aeri
1450 2946 1577 3001 Jovi
1601 2949 1924 3001 convenien-

292 3045 395 3091 tem
419 3034 636 3106 quando
668 3036 785 3088 luce
841 3049 948 3088 non
980 3033 1328 3102 illustratur,
1376 3050 1531 3089 nemo
1587 3035 1929 3090 eruditorum

280 3126 633 3193 ignoraverit.
668 3124 809 3177 lnde
840 3124 910 3177 ad
963 3139 1197 3177 versum
1248 3124 1517 3192 superius
1567 3125 1927 3195 descriptum

279 3220 336 3269 et
369 3214 526 3269 Iliad.
560 3233 589 3265 υ
624 3213 777 3266 idem
810 3216 1110 3265 enarrator
1126 3211 1631 3267 doctissimushoc
1660 3214 1931 3268 observat

272 3304 364 3374 (ed
391 3308 555 3356 Rom.
588 3320 642 3372 p.
681 3301 840 3371 1197)
874 3316 886 3352 :
924 3304 1100 3367 Λητοῖ
1149 3296 1226 3367 δὲ,
1260 3299 1446 3374 φησὶν,
1489 3299 1712 3369 ἀντέστη
1747 3304 1922 3361 σῶκος
1957 3292 1999 3358 C

275 3388 545 3464 ἐριούτιος
578 3390 808 3463 Ἑρμῆςο
844 3388 1001 3463 οἳπερ
1033 3386 1185 3449 αὖθις
1213 3389 1421 3457 ἠθικῶς
1472 3384 1929 3461 ἐκλαμϐάνονται,

275 3482 310 3548 ἡ
349 3479 443 3550 μὶν
479 3477 556 3538 εἷς
605 3476 806 3547 λήθην,
852 3478 878 3530 ὁ
911 3474 957 3529 δ’
1009 3477 1083 3539 εἷς
1138 3476 1302 3551 Λόγον
1356 3477 1740 3552 μεταγόμενοι.
1802 3481 1935 3535 Haec

278 3570 398 3638 ille,
437 3586 565 3640 qua
602 3568 866 3623 indicant
914 3569 1214 3639 ingeniose
1245 3570 1656 3623 adumbratam
1718 3570 1788 3623 ab
1824 3570 1933 3624 Ho-

290 3675 474 3724 mero,
521 3658 630 3712 isto
689 3658 902 3712 infesto
962 3657 1209 3710 invicem
1270 3655 1510 3711 incursu
1564 3657 1829 3711 Mercurii
1882 3662 1938 3712 et

281 3749 536 3812 Latonae,
562 3752 854 3801 certamen
890 3747 1184 3816 quoddam
1212 3745 1491 3800 orationis
1524 3750 1581 3799 et
1606 3745 1932 3799 litterarum

282 3854 383 3909 per
397 3836 747 3891 Mercurium
773 3835 1523 3905 designatarum,adversus
1543 3835 1933 3905 ignorantiam

280 3929 717 3981 transactarum
765 3940 958 3978 rerum
1007 3922 1298 3977 oblivione
1347 3923 1691 3978 mortalibus
1736 3925 1936 3979 induci

281 4015 541 4083 solitam,
587 4015 726 4068 dum
761 4015 1017 4078 historia,
1067 4020 1132 4067 ut
1180 4012 1477 4083 eleganter
1525 4014 1726 4067 scribit
1773 4016 1939 4068 Anna

280 4104 581 4158 Comnena
640 4102 696 4155 in
750 4102 1092 4155 Praefatione
1148 4103 1218 4155 ad
1280 4101 1668 4170 Alexandium,
1710 4103 1789 4156 Ad
1834 4103 1938 4155 Le-

282 4193 471 4247 theum
531 4191 824 4262 quemdam
853 4198 1158 4245 torrentem
1202 4191 1469 4262 objicetur
1511 4192 1658 4245 velut
1714 4192 1941 4247 invictae

278 4280 585 4337 soliditatis
615 4280 804 4344 moles,
830 4281 1172 4350 pra‘cipilem
1204 4280 1599 4350 quodammodo
1632 4281 1940 4335 inhibitum

282 4371 501 4439 lapsum
560 4368 843 4439 temporis,
877 4373 1019 4423 certe
1046 4368 1399 4439 prohibitura
1456 4385 1524 4424 ne
1582 4385 1708 4441 quae
1765 4373 1825 4424 in
1882 4386 1940 4426 eo

278 4463 443 4531 gesta
469 4463 597 4512 sunt
632 4458 818 4511 omnia
848 4457 1301 4527 irreparabiliter
1356 4459 1735 4525 obtilereatur,
1786 4465 1895 4514 etc.
1922 4481 1941 4526 ;

284 4544 444 4601 Ἀλλ’
504 4545 531 4599 ὃ
587 4565 646 4618 γε
697 4544 865 4617 λόγος
893 4551 995 4612 τῆς
1024 4545 1262 4617 ἱστορίας
1305 4543 1480 4618 ἔρυμα
1528 4548 1939 4622 καρτερώτατον

279 4636 487 4711 γίνεται
544 4638 622 4705 τῷ
676 4638 774 4687 τοῦ
834 4630 1037 4707 χρόνου
1090 4632 1338 4708 ῥεύματι,
1388 4634 1477 4688 καὶ
1504 4632 1629 4705 ’ἔστη

280 4812 545 4888 γινόμενα
603 4811 777 4865 πάντα
837 4812 1009 4865 ὁπόσα
1077 4812 1511 4886 συμπεριείληφε
1568 4817 1783 4889 συνέχει
1849 4815 1939 4868 καὶ

280 4900 633 4976 περισφίγγει
656 4900 746 4954 καὶ
771 4900 871 4954 οὐκ
895 4899 954 4970 ἐᾷ
985 4897 1366 4964 διολισθαίνειν
1400 4903 1475 4963 εἷς
1510 4902 1684 4973 λήθης
1722 4904 1937 4976 βυθούς.

283 4992 416 5047 Haec
454 4993 527 5046 ibi
562 4995 728 5046 Anna
762 5008 928 5061 :quaa
957 4992 1356 5047 emendatiora
1387 5010 1562 5062 quam
1628 4995 1687 5048 in
1746 4993 1938 5064 editis,

287 5098 397 5151 ope
429 5081 634 5151 Optimi
671 5082 943 5136 codicisa
973 5097 1065 5135 me
1088 5086 1221 5152 post
1251 5082 1564 5137 editionem
1600 5083 1729 5148 visi,
1752 5083 1937 5137 liben-

286 5176 381 5225 ter
402 5169 497 5225 bic
527 5168 841 5240 descripsi.

361 5304 496 5374 Cap.
529 5305 583 5359 3.
614 5304 749 5367 Quae
782 5302 876 5357 hic
907 5302 1291 5375 Pacbymeres
1340 5306 1517 5360 tradit
1549 5306 1620 5360 de
1652 5308 1943 5377 angustiis

282 5394 346 5448 in
372 5393 590 5463 quibus
623 5394 861 5447 fuerunt
906 5392 1006 5462 qui
1059 5399 1345 5463 praeerant
1390 5393 1657 5464 reliquiis
1715 5396 1941 5451 Graeciae

282 5486 421 5554 post
451 5487 682 5553 captam
714 5499 747 5535 a
777 5482 991 5536 Latinis
1013 5483 1614 5549 urbem,’l‘hcodorum
1641 5484 1943 5555 potissima

281 5571 581 5627 Lascarim
625 5571 874 5625 Joannis
934 5569 1179 5626 Betatzze
1237 5573 1609 5627 dccessorum
1662 5579 1717 5628 et
1767 5574 1943 5645 hujus

282 5660 478 5731 ipsius
505 5660 750 5715 Joannis
780 5659 969 5731 prima
1000 5660 1366 5731 principatus
1416 5661 1739 5733 respiciunt
1798 5668 1941 5717 tem-

288 5765 453 5820 pora.
485 5749 629 5803 Vide
661 5749 729 5803 de
765 5748 855 5803 his
921 5748 1317 5820 Acropolitam
1371 5751 1562 5823 capite
1621 5752 1945 5823 praesertim

2003 642 2206 710 ptimo.

2076 729 2211 801 Cap.
2244 732 2299 784 5.
2334 731 2496 793 Quod
2543 729 2737 783 innuit
2793 729 2903 783 hoc
2964 745 3092 799 cap.
3148 728 3533 798 Pachymeres
3593 727 3662 779 de

2008 819 2279 874 Chadeno
2311 821 2380 875 ab
2452 821 2779 891 imperante
2834 820 2953 888 jam
3008 817 3292 873 Michaele
3341 816 3663 885 Pzilzeologo

2009 912 2191 965 misso
2221 911 2289 964 ad
2310 927 2551 965 censum
2585 910 2878 981 agendum
2906 909 3405 979 prmsidiariorum
3434 910 3662 960 montes

2011 999 2199 1054 Persis
2230 1001 2495 1068 objectus
2527 1000 2842 1066 tuentium,
2877 1016 2990 1052 non
3042 998 3265 1068 reperio
3325 995 3664 1050 distinctius

2013 1090 2160 1144 6'27
2198 1089 2334 1143 alibi
2368 1088 2719 1160 explicatum
2752 1106 2784 1141 a
2815 1095 3034 1141 nostro.
3069 1088 3326 1140 Tantum
3358 1086 3429 1139 de
3468 1085 3666 1139 causis

2015 1179 2210 1250 gratia:
2253 1178 2510 1232 Chadeni
2557 1178 2712 1248 apud
2772 1176 3140 1241 Michaelem,
3200 1192 3345 1245 quas
3403 1189 3466 1228 se
3524 1172 3666 1227 alibi

2016 1269 2312 1322 dicturum
2344 1267 2434 1320 hic
2475 1267 2788 1338 signiﬁcat,
2823 1265 3051 1319 invenio
3084 1282 3130 1319 ο.
3188 1267 3248 1318 11
3306 1263 3483 1332 hujus
3530 1261 3666 1315 libri

2017 1357 2354 1413 Chadenum
2390 1357 2545 1411 hunc
2578 1359 2903 1426 dumjussu
2936 1354 3223 1409 Theodori
3271 1352 3519 1424 Augusti
3566 1369 3664 1406 su-

2018 1454 2281 1519 spectum
2334 1445 2418 1499 illi
2466 1445 2852 1515 Palzeologum
2926 1446 3012 1515 [P.
3068 1445 3194 1513 437]
3252 1440 3665 1496 Thessalonica

2020 1538 2276 1590 vinctum
2310 1535 2645 1603 adduceret,
2680 1535 2935 1588 humane
2976 1549 3039 1587 ac
3081 1532 3417 1598 clementer,
3471 1530 3664 1600 quoad

2020 1625 2229 1695 potuit,
2258 1625 2453 1677 dirum
2486 1623 2799 1694 imperium
2840 1622 3188 1676 exercuisse.
3218 1619 3378 1674 Unde
3411 1634 3664 1689 pronum

2020 1715 2244 1769 creditu
2298 1718 2405 1778 est,
2463 1718 2763 1783 utcunque
2796 1712 2853 1765 id
2888 1716 3088 1765 noster
3119 1710 3335 1763 diserte
3370 1723 3665 1778 nusquam

2022 1803 2160 1857 alibi
2201 1801 2507 1873 expressit,
2542 1800 2907 1868 Michaelem,
2944 1798 3041 1853 ubi
3100 1803 3190 1853 est
3248 1798 3319 1852 ad
3353 1795 3665 1867 imperium

2021 1897 2346 1957 evcctus,eo
2381 1892 2612 1945 nomine
2646 1907 2705 1944 se
2736 1894 2963 1957 gratum
3017 1887 3289 1941 Chadeno
3324 1883 3665 1956 praebuisse,

2020 1982 2356 2036 adhibendo
2386 1997 2519 2034 cum
2555 1980 2942 2045 familiariter,
2972 1986 3026 2033 et
3069 1980 3197 2046 ejus
3227 1993 3404 2046 opera
3463 1975 3669 2045 primis

2021 2070 2549 2126 administrationis
2577 2070 2655 2123 rei
2697 2069 2941 2139 publieae
2993 2067 3390 2120 functionibus
3429 2065 3669 2117 utendo.

2022 2162 2165 2215 Cum
2196 2164 2390 2213 autem
2424 2158 2633 2213 referat
2656 2164 2937 2226 noster,p.
2970 2154 3456 2225 98,Palaeologum
3478 2153 3671 2207 statim

2024 2255 2200 2319 atque
2231 2248 2562 2302 declaratus
2596 2247 2911 2317 imperator
2957 2252 3064 2308 est,
3091 2248 3405 2313 antequam
3431 2258 3674 2296 corona-

2024 2345 2204 2405 retur,
2231 2336 2697 2407 Philadelphiam
2728 2352 2863 2389 cnm
2896 2333 3080 2405 copiis
3114 2349 3508 2404 progressum,
3542 2331 3680 2383 inde

2024 2427 2399 2482 accersivisse
2432 2424 2821 2495 praeridiarios
2852 2423 3174 2477 conﬁnium
3236 2421 3458 2475 Persidi
3517 2434 3680 2473 mon-

2026 2517 2174 2570 tium
2207 2518 2257 2568 ei
2319 2532 2408 2569 res
2442 2514 2601 2569 illius
2636 2513 2841 2567 limitis
2868 2513 3195 2577 ordinasse,
3257 2508 3538 2564 credibile
3587 2514 3678 2562 est

2026 2605 2186 2659 exiis
2209 2620 2338 2674 quae
2371 2603 2463 2657 hic
2491 2602 2857 2669 scribuntur,
2891 2616 3063 2654 usum
3117 2615 3249 2653 cum
3293 2598 3351 2651 in
3403 2603 3521 2651 toto
3579 2595 3680 2649 illo

2028 2693 2258 2763 negotio
2290 2696 2346 2746 et
2375 2692 2618 2746 consilio
2651 2697 2707 2745 et
2758 2688 3086 2743 ministerio
3143 2687 3425 2743 Chadeni.
3482 2688 3675 2749 Quan-

2028 2800 2201 2853 quam
2236 2781 2372 2835 huic
2406 2783 2750 2850 conjectura:
2792 2778 3020 2833 videtur
3073 2777 3456 2843 intercedere,
3518 2774 3670 2845 quod

2031 2878 2230 2926 noster
2264 2872 2366 2924 hoc
2391 2869 2514 2923 loco
2556 2868 2777 2921 indicat
2834 2869 3007 2921 istam
3069 2866 3423 2920 vexationem
3481 2868 3681 2919 custo-

2032 2960 2319 3014 dientium
2363 2963 2591 3011 montes
2645 2956 2863 3011 Persidi
2930 2957 3253 3027 oppositos,
3314 2971 3347 3007 a
3404 2952 3679 3007 Chadeno

2033 3064 2371 3120 persuasum
2407 3046 2637 3101 Micheli
2674 3044 2994 3099 Palmoloho
3038 3047 3162 3112 jam
3223 3042 3562 3112 imperanti,
3611 3042 3682 3095 ad

2032 3139 2356 3210 posteriora
2388 3141 2739 3206 recuperatae
2799 3131 3339 3202 Constantinopolis
3397 3132 3687 3201 pertinere

2035 3234 2319 3297 tempora.
2353 3229 2540 3288 Quare
2569 3224 2678 3278 nisi
2711 3223 2998 3293 prolepsis
3048 3222 3143 3276 hic
3188 3222 3455 3291 quaedam
3502 3236 3685 3289 agno-

2039 3317 2243 3383 scitur,
2299 3314 2681 3385 quaerendum
2741 3313 2881 3366 alibi
2945 3318 3035 3365 est
3088 3312 3325 3381 quando
3373 3309 3687 3379 contigerit

2038 3407 2194 3477 quod
2229 3421 2387 3459 nunc
2418 3404 2687 3457 refertur.
2732 3402 2972 3455 Frustra
3006 3405 3203 3454 autem
3265 3403 3385 3453 tota
3426 3398 3534 3452 hac
3581 3396 3683 3451 Mi-

2038 3493 2258 3549 chaelis
2320 3492 2563 3547 historia
2639 3494 2949 3561 quaeretur,
3000 3488 3354 3559 Pachymere
3416 3484 3685 3541 fortassis

2039 3584 2218 3639 oblito
2268 3581 2625 3653 promissum
2687 3579 3002 3643 exsolvere,
3063 3582 3163 3632 aut
3220 3594 3283 3631 se
3342 3577 3685 3630 deiunctum

2041 3673 2184 3729 satis
2218 3676 2341 3725 rato
2362 3670 2755 3739 qualicunque
2800 3668 3160 3722 indicatione
3202 3666 3284 3720 rei
3330 3667 3458 3736 ejus
3504 3664 3691 3719 alieno

2038 3762 2166 3816 loco
2200 3761 2527 3831 prtemissa.

2112 3868 2249 3938 Cap.
2278 3868 2329 3919 6.
2365 3867 2505 3919 Rem
2538 3866 2693 3919 dictu
2730 3880 2990 3935 parvam,
3042 3865 3159 3918 sed
3196 3863 3500 3918 admonitu
3557 3862 3698 3915 ini-te

2043 3974 2157 4013 non
2193 3972 2403 4027 prosus
2441 3954 2707 4008 inutilem
2744 3954 3086 4007 brevissime
3136 3954 3482 4021 transigam.
3558 3953 3696 4004 l‘io-

2045 4063 2187 4100 num
2220 4049 2309 4099 est
2340 4046 2509 4097 docto
2542 4043 2736 4097 Graece
2769 4041 2994 4098 lectori.
3044 4042 3185 4093 dum
3227 4041 3285 4093 in
3342 4040 3450 4093 hoc
3510 4039 3697 4107 capiti;

2050 4128 2411 4207 μαχουμένων
2474 4131 2568 4185 his
2604 4132 2774 4201 leget,
2835 4129 3085 4185 suboriri
3120 4128 3520 4197 auspicioneni
3557 4128 3698 4180 Cditl

2046 4224 2321 4279 mendose
2376 4221 2509 4285 loci,
2554 4237 2687 4274 cum
2739 4226 2961 4283 auctor,
3021 4223 3195 4288 prout
3252 4215 3445 4269 cznteri
3504 4215 3697 4269 solent

2047 4315 2315 4369 fortasse.
2380 4308 2714 4382 μαχομένων
2777 4307 3097 4378 scripserit.
3175 4305 3351 4375 Atqui
3420 4311 3699 4360 constan-

2048 4401 2277 4457 tissime
2308 4416 2372 4452 ac
2405 4397 2731 4453 clarissime
2762 4396 2821 4449 in
2881 4393 3181 4450 codicibus
3241 4392 3701 4461 antiquissimis,

2050 4489 2371 4563 praesertim
2403 4486 2715 4541 Barbarino
2748 4486 2841 4540 cui
2889 4483 3263 4555 potissimum
3316 4482 3696 4536 adhaesimus.

2057 4577 2421 4652 μαχουμένων
2459 4576 2843 4631 scribebatur.
2889 4574 3107 4644 Nempe
3157 4571 3554 4626 Pachimerem
3608 4570 3705 4624 hic

378 4656 487 4689 εται
544 4638 622 4705 τῷ
676 4638 774 4687 τοῦ
834 4636 1037 4707 χρόνου
1090 4636 1338 4708 ῥεύματι,
1388 4636 1477 4688 καὶ
1504 4636 1690 4705 ἵστησι
1739 4636 1926 4710 τρόποι

378 4724 390 4739 \
503 4724 514 4741 ἱ
629 4723 641 4743 7
704 4722 748 4743 Ἀ
1044 4722 1057 4741 Ι
1234 4721 1245 4739 (
1300 4724 1313 4739 ‘
1512 4722 1525 4743 κ
1625 4726 1637 4741 κ
1695 4724 1708 4743 Ί
1840 4724 1851 4743 7
1900 4730 1926 4740 ~

2050 4636 2284 4740 quoque
2314 4666 2474 4738 loqui
2498 4683 2631 4720 cum
2667 4663 2836 4734 vulgo
2870 4636 3078 4734 piguit,
3096 4662 3497 4717 recordantem
3547 4661 3700 4727 apud

277 4724 401 4779 τινὰ
456 4724 555 4792 τήν
618 4723 906 4776 ἀκάθεκτον
964 4723 1160 4776 τούτου
1221 4723 1376 4795 ῥοὴν,
1437 4723 1527 4777 καὶ
1584 4726 1646 4777 τὸ
1692 4724 1743 4778 ἐν
1794 4724 1939 4797 αύτῷ
1974 4723 2008 4729 ”
2052 4723 2491 4811 ᾐοηξθωνηὈά
2550 4775 2583 4827 γ
2636 4771 2666 4805 ν

389 4812 401 4827 ο
661 4811 671 4827 ι
844 4812 855 4827 ν
926 4813 936 4827 ν
1352 4812 1386 4827 "
1673 4817 1682 4827 '
1923 4815 1936 4827 ‘
2319 4795 2324 4809 ⁸
2505 4798 2517 4809 .
2591 4797 2603 4817 ’

2319 4795 2369 4811 ιιι
2414 4795 2517 4811 VU.
2564 4795 2603 4817 ι’
2646 4795 2687 4807 Io

2723 4755 2846 4817 402,
2909 4769 2971 4806 se
3022 4751 3235 4821 legisse
3291 4747 3695 4821 μαχεούμενον,

2050 4848 2154 4902 0d.
2190 4866 2254 4916 ω,
2288 4863 2340 4900 v.
2377 4846 2499 4908 114,
2537 4840 2931 4916 μαχεούμενοι,
2967 4840 3130 4894 Iliad.
3160 4859 3207 4907 οι⁸
3233 4840 3356 4905 355,
3384 4837 3702 4909 μαχέοιντο,

2051 4942 2107 4991 et
2136 4934 2275 4989 alibi
2298 4934 2536 4989 similia.

2123 5047 2259 5113 Pag.
2291 5041 2381 5095 2i.
2422 5040 2527 5107 Qui
2554 5041 2733 5109 ﬁliam
2780 5040 2993 5108 nepotis
3023 5038 3146 5105 ejus
3178 5035 3309 5107 (hoc
3341 5033 3699 5089 estJoannis

2053 5133 2235 5202 patris
2257 5129 2564 5195 Theodori)
2594 5145 2666 5182 ex
2702 5130 2877 5198 fratre
2908 5124 3269 5180 matrimonio
3295 5124 3405 5178 sibi
3434 5125 3707 5195 junxerat

2051 5218 2287 5273 Michael
2343 5217 2701 5285 Palaeologus.
2762 5214 2893 5269 Haec
2969 5214 3308 5267 distinctius
3370 5215 3701 5266 narrantem

2054 5308 2259 5362 audire
2290 5322 2475 5377 operte
2510 5306 2775 5375 prsetium
2809 5308 2899 5357 est
2941 5303 3253 5373 Georgium
3304 5300 3701 5371 Acropolitam

2054 5396 2347 5452 oculatum
2374 5398 2668 5465 gestorum
2697 5397 2927 5446 testem.
2961 5393 3109 5461 Ergo
3155 5391 3213 5444 in
3279 5392 3531 5445 Historiae
3589 5406 3707 5443 suae

2054 5504 2103 5539 c.
2135 5487 2223 5555 31,
2264 5501 2395 5556 pag.
2430 5484 2500 5536 55
2530 5484 2621 5537 ed.
2656 5482 2795 5551 Reg.
2830 5481 2916 5535 sic
2948 5480 3151 5534 scribit
3185 5497 3197 5534 :
3232 5478 3334 5533 Καὶ
3377 5477 3403 5530 ὁ
3456 5473 3710 5551 βασιλεὺς

2054 5574 2285 5647 (nempe
2314 5574 2573 5628 Joannes
2603 5573 2899 5642 Augustus
2933 5569 3219 5625 Theodori
3262 5569 3445 5639 pater)
3478 5566 3568 5618 τὸν
3603 5571 3708 5618 Κο-

2059 5663 2260 5735 μνηνὸν
2318 5658 2589 5732 ἐνεδὲξατο
2649 5657 2908 5732 Μιχαὴλ,
2966 5658 3055 5712 καὶ
3109 5658 3377 5731 ζεύγνυσιν
3428 5653 3574 5727 αὐτῷ
3632 5653 3707 5707 εἰς

2054 5756 2286 5828 γυναῖκα
2356 5754 2454 5805 τοῦ
2529 5746 2768 5826 ἀδελφοῦ
2841 5746 3006 5802 αὐτοῦ
3063 5751 3159 5801 τοῦ
3214 5741 3708 5820 σεϐαστοκράτορος
