4072 6388
461 376 598 433 1091

1511 376 1573 428 Ρ.
1614 372 1893 426 POSSINI
1930 369 2540 425 OBSERVATIONUM
2582 374 2714 426 LIB.
2757 378 2827 430 II.

3709 385 3818 445 1092

464 497 733 556 ’Ῑσαακίου
806 500 902 549 τοῦ
974 494 1149 549 Aoum
1231 492 1459 568 ἐγγόνην
1536 493 1634 559 τήν
1692 487 2104 575 Θεοδώραν,⁸ἣκ

2231 496 2340 561 rat,
2373 495 2527 563 quod
2560 495 2721 566 prole
2743 512 2948 553 carens
2972 499 3232 556 mascula
3253 500 3438 558 virum
3460 504 3582 575 ejus
3605 523 3663 562 ac
3682 510 3817 567 sobo-

466 588 636 660 μόνην
694 588 721 640 ὁ
781 586 959 658 πατὴρ
1021 585 1188 652 αὐτῆς
1246 579 1663 642 καταλελοιπὼς
1725 581 1750 633 ὁ
1808 582 1903 632 τοῦ
1956 571 2116 631 σεϐα-

462 678 829 751 στοκράτορος
889 676 1003 736 υἱὸς
1063 672 1320 742 Ἰωάννης
1382 668 1458 725 ἔτι
1518 669 1567 723 ἐν
1639 669 1877 744 μείραξιν
1931 664 2002 720 ὢν
2054 666 2116 720 τὸ

463 767 640 841 χρεὼν
672 765 1011 837 ἐξεμέτρησε.
1058 765 1142 818 Ita
1173 763 1289 817 ille.
1337 763 1415 815 Ex
1455 761 1550 816 his
1603 761 1892 814 habemus
1941 759 2114 812 Joan-

463 879 594 917 nem
624 862 842 916 Ducam
876 861 995 913 sive
1028 862 1310 912 Batatzem
1336 860 1667 927 Augustum
1695 858 1942 925 purgato
1971 852 2116 906 satis

461 969 493 1006 a
525 950 871 1005 criminibus
906 948 1177 1018 impactis
1210 951 1266 1001 et
1314 950 1542 1016 recepto
1602 946 1659 998 in
1708 945 1956 1015 gratiam
2010 942 2113 995 Mi-

459 1039 644 1095 chaeli
670 1037 1189 1106 Palasologo,quem
1214 1035 1368 1090 628
1398 1033 1716 1104 acropolita
1747 1032 2114 1086 Comnenum

458 1134 643 1193 vocat,
678 1127 909 1181 dedisse
950 1142 1187 1181 uxorem
1234 1124 1433 1179 fratris
1482 1124 1574 1177 sui
1628 1120 2115 1177 scbastocratoris

456 1218 659 1274 Isaacii
734 1221 900 1271 Ducas
975 1216 1196 1286 neptim
1274 1214 1664 1279 Theodoram,
1721 1211 1892 1281 cujus
1950 1214 2115 1281 pater

455 1308 713 1363 Joannes
771 1304 976 1359 lsaacii
1036 1303 1191 1359 ﬁlius
1253 1303 1309 1356 in
1352 1301 1744 1357 adolescentia
1794 1303 2113 1370 prmreptus

457 1397 667 1452 acerba
694 1398 882 1449 morte
916 1393 1147 1448 unicam
1183 1409 1308 1447 eam
1344 1391 1563 1462 prolem
1600 1391 1916 1460 reliquerat
1948 1387 2112 1441 uxori

460 1503 577 1540 suae
609 1484 877 1539 Eudociae
902 1482 1147 1537 Joannis
1176 1480 1378 1552 Angeli
1413 1480 1566 1543 ﬁliae,
1588 1497 1715 1550 quae
1740 1477 1994 1531 Eudocia
2013 1477 2112 1531 ﬂo-

457 1580 623 1629 rente
654 1572 788 1628 licet
817 1575 991 1627 aetate
1020 1572 1142 1625 viro
1181 1572 1421 1635 amisso,
1470 1567 1752 1623 laudabili
1812 1565 2112 1636 religionis

454 1662 719 1733 exemplo
745 1662 803 1715 in
838 1661 1118 1715 viduitate
1148 1660 1264 1714 Deo
1298 1658 1556 1713 serviens
1591 1654 2112 1727 permansit;unde

460 1751 617 1806 haud
680 1767 825 1806 vane
880 1749 1156 1819 opinatur
1208 1746 1546 1818 Acropolita
1602 1751 1826 1816 partem
1888 1741 2113 1815 praemii

459 1840 741 1894 divinitus
774 1839 981 1893 tributi
1024 1837 1225 1892 virtuti
1267 1838 1393 1905 ejus
1443 1835 1623 1889 videri
1677 1833 1937 1905 potuisse
1989 1837 2110 1886 tam
2145 1876 2190 1940 Β

454 1930 593 1984 felix
624 1928 962 2000 conjugium
998 1928 1125 1981 ﬁlize
1150 1943 1251 1998 per
1283 1926 1340 1980 id
1376 1925 1445 1980 ad
1471 1923 1783 1995 imperium
1820 1939 1951 1976 mox
1980 1938 2109 1976 eve-

459 2018 683 2074 hendze.

526 2127 675 2183 Ibid.
731 2125 922 2197 Magni
975 2125 1291 2179 conostauli
1346 2123 1640 2194 dignitate.
1690 2122 1930 2175 Videtur
1990 2120 2109 2175 hzec

456 2217 715 2285 dignitas
748 2213 1016 2268 Michaeli
1050 2213 1369 2283 Palzeologo
1403 2212 1614 2266 collata
1645 2210 1948 2266 occasione
1998 2228 2108 2263 nn-

456 2306 715 2379 ptiarum
749 2304 921 2358 modo
955 2312 1432 2367 memoratarum,
1468 2302 1540 2356 ab
1572 2301 1699 2371 ipso
1733 2316 1934 2355 earum
1969 2316 2109 2353 con-

455 2395 757 2452 cialiatore
787 2392 1013 2447 Joanne
1046 2394 1325 2461 Augusto.
1381 2390 1525 2445 Nam
1556 2390 1896 2443 Theodorus
1931 2389 2109 2458 hujus

455 2498 764 2539 succussor
790 2480 1083 2551 iniquiore
1116 2479 1299 2534 fuisse
1319 2479 1476 2533 visus
1501 2478 1559 2532 in
1590 2478 1931 2533 Michaelem
1956 2495 2105 2531 sem-

455 2590 557 2644 per
587 2577 675 2626 est
703 2571 901 2626 animo
933 2586 1109 2640 quam
1137 2574 1200 2622 ut
1222 2570 1280 2622 in
1314 2586 1443 2623 eum
1479 2570 1808 2622 ornandum
1840 2574 1953 2621 tam
1984 2585 2109 2638 pro-

452 2661 622 2716 fusus
653 2664 826 2727 esset,
861 2657 1080 2729 alioqui
1113 2657 1344 2721 solitus,
1376 2662 1437 2710 ut
1469 2674 1516 2710 ο.
1552 2674 1675 2726 seq.
1725 2656 2108 2726 Pachymeres

453 2751 742 2816 observat,
775 2748 1090 2819 dignitates
1121 2747 1413 2816 ejusmodi
1443 2746 1699 2801 tribuere
1724 2746 1886 2800 novis
1913 2746 2107 2817 potius

452 2839 797 2894 hominibus
829 2854 1005 2908 quam
1040 2836 1405 2906 principibus
1450 2835 1592 2906 regii
1626 2835 2105 2907 sanguinis,quo-

455 2946 585 2983 rum
621 2932 744 2983 erat
776 2927 1155 2997 deprimendo
1190 2925 1503 2997 supercilio
1537 2926 1821 2980 intentus.

519 3036 604 3106 [P.
638 3034 766 3104 438]
828 3035 953 3089 Vota
1012 3034 1126 3105 ejus
1176 3036 1397 3103 generis
1455 3036 1635 3087 mente
1693 3034 1843 3086 clam
1904 3033 2108 3085 intima

450 3120 822 3189 subsidentia,
856 3124 963 3175 etc.
998 3121 1102 3175 Bis
1133 3122 1457 3191 exprimere
1489 3124 1733 3174 conatus
1786 3137 1917 3174 sum
1962 3119 2101 3173 illud

451 3209 887 3265 subobscurum
920 3206 970 3277 ἐξ
1002 3209 1074 3261 ὧν
1113 3207 1544 3279 nmmo-quivqu
1600 3207 1736 3279 εἶχε,
1786 3208 2102 3272 sententia,
2135 3247 2177 3311 C

460 3305 737 3369 utspero,
771 3299 842 3353 ab
876 3300 1132 3354 auctoris
1163 3314 1339 3353 sensu
1396 3315 1512 3352 non
1569 3298 1938 3352 abhorrente.
1992 3298 2101 3351 Sed

452 3387 729 3458 deinceps
788 3389 941 3442 circa
997 3386 1209 3441 similis
1260 3386 1658 3457 perplexitatis
1707 3385 1851 3453 loca,
1915 3386 2110 3456 qualia

454 3477 673 3549 passim
704 3480 1023 3531 occurrunt
1045 3474 1103 3528 in
1140 3476 1245 3529 hoc
1268 3473 1729 3545 scriptore,nihil
1758 3475 2107 3529 moraborlc-

456 3570 675 3621 ctorem
710 3564 768 3619 in
802 3564 895 3619 his
930 3564 1122 3630 notis;
1158 3563 1374 3633 quibus
1404 3569 1633 3617 tantum
1660 3563 2104 3631 necessaria,id-

454 3670 566 3724 que
602 3652 965 3717 brevissime,
990 3652 1248 3706 indicare
1280 3650 1636 3722 propositam
1670 3653 1958 3718 est.Quod
1985 3670 2102 3707 rem

448 3743 641 3814 ipsam
676 3740 908 3806 attinet,
942 3757 1059 3807 qua
1090 3741 1161 3794 de
1193 3740 1287 3795 hic
1318 3745 1533 3811 agitur,
1579 3746 1801 3797 certum
1854 3747 1943 3796 est
1994 3742 2103 3796 Mi-

451 3830 713 3885 chaelem
749 3829 1135 3900 Palaeolegum
1165 3831 1290 3901 jam
1323 3847 1355 3884 a
1388 3847 1564 3899 puero
1615 3831 1916 3886 titillatum
1954 3832 2104 3886 ima-

447 3918 1126 3990 ginationibusimperii,
1181 3919 1539 3975 conscientia
1585 3920 1867 3976 natalium
1907 3923 2102 3992 Augu-

450 4013 678 4062 storum
712 4012 769 4063 et
802 4024 1067 4078 praesaga
1123 4007 1480 4063 indicatione
1519 4010 1901 4080 auguriorum
1953 4008 2103 4063 exci-

444 4096 603 4151 tatis.
637 4096 764 4151 Non
787 4096 968 4151 semel
1000 4095 1085 4150 illi
1117 4103 1453 4152 narraverat
1514 4116 1679 4152 soror
1702 4097 1941 4168 Eulogia
1981 4096 2102 4152 lac-

452 4192 702 4241 ctentem
736 4186 927 4240 adhuc
960 4186 1153 4256 ipsum
1190 4203 1305 4240 non
1336 4188 1407 4240 ad
1436 4186 1607 4240 aliam
1641 4187 1866 4241 facilius
1894 4188 2101 4242 obdor-

446 4275 692 4331 miscere
725 4276 972 4330 nazniam
1005 4274 1271 4340 solitum,
1305 4292 1480 4344 quam
1508 4277 1577 4330 ad
1621 4293 1747 4330 eam
1798 4293 1927 4347 quae
1984 4280 2101 4332 Au-

442 4370 685 4436 gustum
726 4364 1020 4433 quondam
1051 4362 1219 4417 illum
1257 4363 1549 4418 invectum
1585 4364 1654 4418 iri
1691 4366 2100 4420 Constantino-

449 4452 561 4524 poli
578 4470 627 4505 [ι]
647 4470 743 4524 per
762 4458 989 4523 portam
1013 4455 1260 4505 Auream
1288 4453 1778 4508 carneret.Ret'ert
1800 4454 1853 4507 id
1880 4459 2101 4521 noster,

444 4560 495 4613 p.
534 4542 655 4595 128.
687 4542 898 4596 Vocem
933 4540 1178 4594 Maapov
1210 4541 1279 4595 de
1312 4543 1453 4596 coelo
1489 4542 1732 4596 missam
1770 4548 2099 4597 contextam

2224 581 2335 634 lein
2371 600 2605 639 cernere
2629 586 2995 657 principatus
3015 587 3411 645 haereditatem
3430 595 3652 649 omnino
3667 598 3816 653 vellet.

2223 669 2336 724 Nec
2361 677 2485 726 erat
2518 677 2617 743 qui
2660 691 2773 729 non
2807 677 3028 731 videret
3062 677 3193 732 talis
3255 679 3487 737 indolis.
3544 688 3699 739 tanta:
3742 704 3820 742 no-

2222 759 2468 816 bilitatis
2501 763 2927 820 adolescentem
2952 766 3053 821 tali
3078 783 3274 823 rerum
3298 773 3451 824 statu
3474 770 3621 826 haud
3647 775 3819 830 absur-

2222 849 2292 903 de
2318 850 2371 903 in
2399 868 2643 922 magnas
2677 871 2986 926 assurgere
3016 872 3147 927 spes
3171 862 3547 928 posse.Quare
3574 862 3818 920 Joannem

2222 938 2517 1006 Butatzen,
2579 943 2874 1012 praeclaris
2926 944 3147 1016 alioqui
3208 948 3509 1004 Michaelis
3565 950 3812 1010 faventem

2223 1027 2459 1083 dotibus
2492 1031 2644 1087 629
2675 1033 3036 1089 abstinuisse
3070 1037 3140 1091 ab
3172 1054 3238 1091 eo
3270 1038 3580 1110 evehendo,
3610 1049 3747 1096 metu
3767 1061 3820 1099 ne

2221 1116 2270 1170 is
2297 1121 2667 1203 successibus
2702 1122 3083 1179 insolesceret
3116 1142 3302 1197 usque
3335 1128 3403 1181 ad
3437 1130 3705 1185 ambitum
3738 1149 3821 1186 su-

2221 1224 2429 1277 premae
2464 1211 2787 1279 potestatis,
2841 1218 3040 1267 narrat
3097 1216 3430 1285 AcrOpolita
3485 1235 3533 1271 c.
3590 1218 3715 1274 Hist.
3749 1221 3818 1273 50.

2222 1297 2561 1367 signiﬁcans
2610 1300 2831 1355 Irenem
2908 1303 3199 1358 Theodori
3259 1305 3522 1361 Junioris
3596 1308 3819 1365 Lascaris

2221 1387 2673 1458 primogenitam
2709 1391 2973 1445 Michaeli
3010 1393 3191 1448 fuisse
3239 1395 3587 1451 destinatam
3633 1399 3695 1452 ab
3740 1416 3820 1453 avo

2219 1476 2551 1547 conjugem,
2577 1480 2675 1533 sed
2710 1480 2760 1533 ei
2792 1481 3043 1547 timenti,
3082 1483 3239 1552 quod
3272 1483 3411 1549 dixi,
3446 1487 3620 1541 tutius
3649 1487 3821 1542 deinde

2219 1565 2408 1620 visum
2443 1583 2557 1621 non
2609 1569 2919 1624 admovere
2979 1571 3087 1625 sibi
3148 1577 3270 1627 tam
3328 1575 3534 1630 intime
3578 1583 3818 1647 suspectas

2220 1654 2557 1711 ambitionis
2585 1657 2794 1713 virum.
2828 1658 3091 1731 Denique
3121 1661 3236 1717 ista
3269 1664 3525 1735 suspicio
3556 1664 3675 1720 fons
3717 1682 3817 1720 om-

2222 1742 2381 1797 nium
2417 1760 2566 1813 quas
2599 1752 2689 1800 est
2716 1748 3038 1818 imperante
3069 1750 3372 1807 Theodoro
3406 1752 3677 1824 plurimas
3720 1772 3819 1825 pas-

2224 1848 2350 1900 sus,
2385 1834 2754 1889 miseriarum
2786 1837 3113 1909 Paloeologo
3145 1840 3411 1896 Michaeli
3445 1842 3569 1909 fuit,
3595 1843 3691 1898 hoc
3717 1843 3818 1897 ideo

2218 1918 2364 1988 loco,
2393 1925 2547 1978 unde
2576 1924 2704 1993 ejus
2738 1926 2946 1997 incipit
2977 1927 3246 1996 historia,
3303 1932 3503 1986 merito
3551 1950 3582 1986 a
3637 1932 3817 2002 Pachy-

2220 2028 2375 2066 mere
2406 2011 2723 2081 indicatus,
2757 2031 2889 2069 cum
2923 2032 2992 2071 ex
3022 2034 3089 2072 eo
3140 2018 3549 2091 plerarumque
3591 2036 3709 2076 mox
3750 2037 3817 2074 re-

2218 2101 2590 2156 ferendarum
2624 2120 2818 2159 rerum
2847 2113 3260 2176 argumentum
3298 2109 3655 2177 processerit.

2288 2212 2425 2279 Pag.
2458 2210 2547 2262 2'3.
2581 2212 2897 2281 Singularis
2925 2215 3253 2270 certaminis
3299 2218 3674 2285 experimento.
3704 2215 3818 2271 Hinc

2218 2297 2508 2354 habemus
2540 2301 2692 2370 apud
2726 2300 2955 2356 Grrecos
3005 2320 3241 2375 quoque
3304 2306 3671 2377 imperatores
3714 2306 3819 2359 inva

2216 2386 2399 2443 luisse
2432 2406 2604 2443 usum
2640 2391 2927 2461 purgandi
2958 2393 3166 2447 dubias
3211 2394 3529 2450 delationes
3574 2395 3818 2466 permisso

2219 2484 2317 2531 aut
2342 2478 2517 2532 etiam
2553 2480 2893 2550 praescripto
2926 2482 3076 2536 inter
3096 2488 3496 2539 accusatorem
3527 2491 3581 2539 et
3607 2485 3817 2538 delatum

2216 2569 2535 2621 certamine
2563 2570 2786 2635 acorem
2848 2570 3107 2625 arbitris.
3179 2574 3497 2630 Verisimile
3540 2579 3623 2631 est
3674 2573 3816 2626 istum

2218 2673 2439 2711 morem
2467 2658 2525 2711 in
2553 2657 2846 2713 Orientem
2875 2658 3168 2715 invectum
3195 2680 3228 2717 a
3260 2664 3514 2731 Francis,
3564 2663 3654 2733 qui
3685 2677 3817 2716 occa-

2216 2746 2379 2800 sione
2424 2763 2725 2801 sacrarum
2777 2749 3222 2819 Expeditionum
3280 2769 3345 2807 eo
3404 2753 3633 2822 profecti
3679 2751 3818 2820 longo

2216 2833 2336 2887 illic
2369 2839 2625 2905 tempore
2649 2836 3051 2906 perstiterunt.
3087 2840 3148 2892 ln
3193 2840 3513 2911 antiquiori
3554 2840 3694 2895 enim
3726 2853 3817 2891 nie-

2218 2922 2406 2977 moria
2430 2926 2761 2977 Grmcorum
2788 2930 2887 2979 aut
2908 2930 3306 2984 Romanorum
3328 2929 3479 2985 haud
3506 2929 3657 2984 facile
3683 2925 3817 2999 quid-

2217 3028 2392 3081 quam
2427 3011 2541 3067 tale
2575 3014 2881 3084 repereris.
2916 3018 3075 3070 Inter
3104 3021 3360 3074 Francos
3394 3025 3580 3074 autem
3620 3014 3814 3073 usitatis

2215 3101 2430 3155 simum
2464 3102 2522 3155 id
2557 3101 2695 3155 olim
2729 3103 2855 3171 fuit,
2882 3109 2945 3157 ut
2975 3104 3170 3174 passin
3201 3111 3441 3178 apparet
3470 3124 3533 3163 ex
3566 3104 3813 3161 veteribus

2216 3189 2481 3245 historiis
2514 3207 2605 3245 res
2629 3208 2831 3246 eorum
2864 3194 3277 3250 tractantibus.
3320 3196 3421 3252 Hic
3446 3198 3602 3265 ritus,
3632 3197 3693 3250 de
3722 3208 3811 3263 quo

2218 3281 2345 3335 fuse
2430 3279 2663 3334 disserit
2752 3286 2950 3336 noster
3030 3283 3250 3355 Detrio,
3323 3285 3595 3358 Disquisit.
3655 3283 3809 3353 Magic.

2213 3373 2354 3422 tom.
2382 3370 2452 3435 Il,
2488 3369 2693 3424 merito
2728 3370 2937 3426 deinde
2969 3372 3289 3442 abrogatas
3320 3380 3406 3430 est
3442 3380 3501 3429 ut
3523 3375 3751 3443 injustus
3769 3373 3812 3421 et

2215 3458 2513 3522 immanis,
2544 3458 2809 3513 conﬁxus
2828 3461 2955 3514 ideo
2979 3462 3350 3531 gravissimis
3373 3464 3613 3519 decretis
3638 3459 3755 3517 Julii
3777 3456 3812 3511 ll

2214 3547 2431 3602 summi
2464 3549 2779 3618 pontiﬁcis,
2812 3549 2981 3619 cujus
3017 3550 3183 3605 Bulla
3224 3558 3384 3609 extat
3413 3572 3478 3609 ea
3507 3555 3573 3608 de
3611 3569 3663 3607 re
3691 3548 3812 3603 edita

2214 3652 2416 3692 mense
2446 3637 2624 3708 Aprili
2659 3655 2795 3691 ann.
2832 3639 2987 3705 1508,
3049 3641 3283 3696 consilii
3334 3641 3645 3698 Tridentini
3692 3653 3808 3693 sess.

2208 3726 2280 3779 25
2310 3728 2381 3781 De
2425 3729 2673 3795 reform.,
2722 3744 2768 3781 c.
2824 3729 2912 3794 19,
2963 3730 3228 3801 Gregorii
3276 3732 3404 3788 XIII
3447 3729 3809 3787 constitutione

2212 3832 2339 3885 qua:
2364 3814 2574 3886 incipit
2607 3833 2620 3873 :
2656 3816 2736 3869 Ad
2770 3817 3088 3883 tollendum,
3125 3824 3261 3888 ctc.,
3315 3822 3469 3876 edita
3521 3822 3553 3874 9
3580 3820 3696 3874 Dec.
3733 3830 3806 3868 an.

2212 3904 2368 3958 1582.
2405 3905 2631 3968 Quibus
2681 3905 2904 3960 dudum
2954 3912 3126 3962 antea
3158 3909 3461 3979 praeiverat
3505 3903 3804 3965 Nicolausl.

2211 3993 2381 4062 cujus
2412 3995 2483 4047 de
2516 3992 2625 4047 hoc
2647 3999 2845 4047 statua
2871 3994 3092 4050 inserta
3115 3999 3344 4069 corpori
3386 4000 3535 4070 juris
3579 3997 3806 4067 leguntur

2208 4081 2261 4148 2,
2297 4098 2355 4152 q.
2389 4082 2421 4134 4
2450 4087 2507 4136 et
2538 4082 2625 4147 lii,
2661 4099 2716 4152 q.
2751 4085 2805 4150 6,
2830 4100 2878 4137 c.
2912 4085 2965 4139 2.

2282 4179 2426 4234 Ibid.
2467 4179 2709 4250 Cumque
2736 4181 2837 4235 diu
2855 4182 3046 4237 nullus
3075 4194 3211 4240 esset
3241 4189 3341 4259 qui
3364 4204 3465 4257 pro
3513 4195 3618 4241 tam
3655 4190 3801 4249 suspe-

2207 4270 2311 4335 cto,
2347 4273 2457 4321 etc.
2491 4273 2622 4322 Haec
2655 4269 2892 4325 brevius
2924 4273 3270 4345 perstringit
3310 4282 3523 4342 noster,
3577 4270 3709 4343 quod
3748 4262 3800 4319 ad

2211 4356 2810 4426 imperium'Joannis
2838 4360 3217 4429 pertinerent,
3264 4381 3393 4418 cum
3445 4365 3564 4435 ipse
3618 4360 3667 4414 in
3716 4354 3801 4407 ﬁne

2209 4443 2591 4513 praecedentis
2623 4444 2831 4516 capitis
2863 4450 2920 4500 et
2950 4447 3126 4518 hujus
3158 4449 3324 4505 initio
3355 4444 3735 4523 significaverit
3757 4453 3800 4493 se

2210 4533 2281 4586 ab
2315 4532 2556 4602 imperio
2588 4534 2878 4589 Theodori
2909 4552 3034 4592 suos
3066 4537 3325 4594 historiae
3359 4538 3691 4611 principium
3718 4532 3797 4584 du-

441 4647 468 4684 e
503 4648 603 4686 sex
638 4629 851 4685 litteris
884 4645 1010 4701 quae
1044 4629 1397 4684 Michaelum
1426 4634 1747 4702 Augustum
1796 4632 2084 4686 Romano-
2122 4616 2162 4678 D
2195 4638 2343 4676 081‘6-
2379 4622 2574 4693 Longe
2605 4627 2798 4677 autem
2832 4625 3021 4679 fusius
3058 4625 3517 4698 distinctiusque
3547 4627 3707 4680 istam
3735 4624 3791 4670 ιο·

442 4737 570 4775 rum
606 4720 770 4774 ocius
802 4719 1129 4774 vocandum
1164 4719 1589 4791 signiﬁcarent,
1645 4738 1677 4774 a
1722 4720 2094 4775 Thessaloni-

437 4809 595 4865 censi
628 4809 895 4863 antistite
927 4807 1097 4862 laetus
1128 4809 1415 4877 audierat,
1456 4818 1515 4863 ut
1566 4814 1839 4864 narratur
1887 4810 1993 4864 hoc
2034 4827 2091 4879 p.

435 4900 524 4953 28.
570 4897 833 4968 Denique
884 4896 1123 4963 tacitus,
1184 4898 1285 4951 sed
1347 4897 1654 4967 gratulans
1712 4898 2094 4969 gaudensque

434 4988 643 5042 intime
673 5002 843 5040 omen
879 4989 1220 5057 captaverat
1250 5002 1319 5041 ex
1340 4991 1514 5041 cantu
1540 4987 1780 5042 fortuito
1837 4988 2092 5043 Chadeni

442 5077 773 5147 proximum
807 5075 858 5129 ei
916 5074 1323 5130 vaticiniorum
1375 5091 1622 5146 regnum
1677 5077 2091 5148 spondentium

436 5169 707 5219 eventum
765 5169 1110 5234 augurente,
1175 5168 1349 5235 prout
1422 5165 1664 5234 ibidem,
1734 5183 1791 5237 p.
1860 5167 1952 5231 30,
2015 5168 2091 5221 le-

433 5253 613 5324 gitur.
646 5252 857 5307 Juveni
891 5253 1143 5324 denique
1166 5253 1393 5323 solerti,
1429 5255 1581 5321 forti,
1630 5270 1911 5325 generoso
1945 5255 2094 5311 altos

434 5341 672 5397 alilabat
704 5341 947 5411 spiritus
989 5346 1182 5397 [renes
1213 5341 1352 5397 aviae
1378 5348 1657 5397 maternae
1690 5342 2093 5415 primogenitae

438 5430 617 5485 Alexii
653 5429 1029 5500 imperatoris
1063 5431 1158 5499 jus
1203 5433 1274 5485 ad
1328 5432 1641 5501 imperium
1704 5437 1946 5502 paterna
1994 5433 2093 5487 de-

432 5521 765 5591 signatione
795 5518 853 5571 in
882 5517 1074 5572 virum
1104 5521 1152 5587 ej
1169 5521 1593 5591 usprolemque
1625 5523 2090 5593 propagandum.

432 5610 575 5663 Nam
611 5608 769 5676 huic,
799 5611 862 5659 ut
894 5607 1069 5660 refert
1101 5608 1408 5679 Gregoras,
1442 5609 1478 5663 l.
1515 5626 1600 5676 IlI,
1638 5627 1691 5680 p.
1743 5612 1831 5673 32,
1894 5612 2089 5682 Augu-

434 5703 560 5757 stus
591 5695 821 5769 genitor
853 5694 1158 5749 rubrarum
1195 5698 1563 5769 crepidarum
1614 5715 1785 5752 usum
1820 5700 2089 5755 decreve-

2206 4715 2327 4764 tam
2370 4710 2668 4767 Michaelis
2701 4712 3133 4769 accusationem
3168 4733 3232 4770 ac
3265 4716 3585 4788 periculum
3614 4705 3798 4781 exponit

2207 4816 2275 4854 ex
2296 4800 2529 4855 oculata
2557 4801 2765 4856 notitia
2796 4803 3081 4879 Georgius
3126 4805 3456 4877 Acropolita
3502 4806 3629 4860 Hist.
3675 4816 3714 4853 c.
3746 4792 3796 4846 50

2205 4893 2262 4943 et
2291 4889 2380 4943 51.
2407 4891 2587 4952 Quem
2620 4891 2883 4945 consule.

2278 4986 2361 5059 [P.
2390 4987 2514 5056 439]
2553 4986 2683 5058 Pag.
2718 4988 2807 5041 24.
2844 4990 3374 5047 Prothieracarium.
3437 4991 3627 5047 Fuisse
3674 4984 3797 5038 hunc

2207 5076 2399 5131 locum
2436 5076 2739 5147 praecipuae
2757 5078 3475 5153 dignitatis,pra3terquam
3498 5080 3622 5134 hinc
3651 5070 3793 5145 patet,

2208 5183 2342 5221 cum
2375 5168 2696 5237 imperator
2734 5166 3035 5225 hominem
3072 5169 3339 5242 impense
3376 5170 3484 5226 sibi
3515 5169 3726 5223 charum
3751 5156 3794 5209 in

2206 5272 2337 5310 eum
2364 5256 2739 5326 promoverit,
2784 5256 2962 5312 etiam
2996 5259 3247 5331 intelligi
3278 5264 3466 5332 potest
3493 5274 3555 5313 ex
3598 5259 3796 5308 numero

2206 5344 2432 5416 ingenti
2456 5344 2863 5401 ministrorum
2884 5346 2933 5401 ei
2954 5348 3546 5419 subjectorum,cujus
3563 5336 3800 5398 indicium

2205 5436 2490 5490 habemus
2524 5451 2591 5489 ex
2622 5452 2687 5489 co
2721 5436 2873 5507 quod
2902 5437 3077 5492 refert
3108 5438 3451 5510 Acropolita,
3482 5437 3609 5491 Hist.
3651 5445 3693 5483 ο.
3731 5421 3800 5487 61,

2207 5522 2297 5578 his
2365 5540 2464 5577 ver
2521 5541 2532 5577 :
2593 5522 2797 5576 Αὐτίκα
2860 5525 2961 5600 γὰρ
3027 5523 3158 5587 τοὺς
3219 5525 3656 5598 ἐξυπηρετοῦντας
3707 5511 3801 5600 τοῖς

2206 5610 2518 5687 βασιλεῦσιν
2575 5610 2627 5666 ἐν
2682 5595 2884 5689 θήραις*
2925 5595 3045 5676 ἑαῖς
3096 5620 3203 5671 τῶν
3252 5595 3431 5687 θηρῶν
3480 5609 3653 5686 ἄγραις
3696 5595 3798 5655 ἐλά·

2205 5723 2321 5776 φων
2368 5723 2426 5757 τε
2473 5702 2564 5756 καὶ
2612 5703 2842 5778 χοίρων,
2886 5705 2974 5757 καὶ
3018 5703 3145 5768 τοὺς
3185 5703 3230 5760 δ’
3264 5706 3486 5779 ἱεράκων
3517 5693 3797 5773 θηρεύοντας
