4072 6390
305 392 448 449 1093

1898 400 2128 457 ΝΟΤΕ.

3586 423 3726 480 1094

300 516 506 578 πάντας
602 516 935 587 ἁπαξαπλῶς
1026 527 1334 595 στρατικοῖς
1430 522 1724 597 συντὲταχε
1819 521 1958 597 τάγ-
1986 528 2041 594 Α
2071 526 2262 599 vocat)
2293 529 2370 598 τῷ
2399 528 2633 600 πρώτως
2677 529 2967 607 ἐρχομένῳ
3019 535 3339 610 ξυναντήσας
3398 541 3591 616 βάλλει
3644 547 3726 621 τῷ

308 628 459 681 μασι,
493 606 582 661 καὶ
612 607 679 676 ἦν
708 608 769 661 τὸ
818 610 1156 683 συνηγμένον
1210 610 1421 681 πλῆοος
1472 610 1641 668 πολύ.
1686 616 1810 667 Ηωο
1841 613 1969 685 ille,

306 714 374 753 ex
404 696 619 768 quibus
653 698 911 768 prudens
944 699 1130 769 quivis
1157 706 1343 772 potest
1375 717 1725 773 cognoscere
1760 702 1964 773 ingen-

305 790 422 841 tem
460 786 643 841 fuisse
674 787 1109 843 multitudinem
1137 790 1513 846 servientium
1540 792 1879 863 imperatori
1904 793 1963 846 in

304 875 722 930 venationibus
791 892 1096 933 cervorum
1157 897 1577 952 aprorumque,
1638 880 1960 952 praesertim

306 968 506 1019 autem
539 964 596 1017 in
631 964 883 1036 aucupio
914 983 1016 1037 per
1056 968 1389 1039 accipitres,
1424 971 1660 1039 quando
1693 986 1761 1023 ex
1789 968 1862 1023 iis
1891 969 1963 1023 ad

308 1053 585 1108 militiam
638 1053 940 1111 translatis
990 1073 1243 1127 magnus
1316 1058 1605 1113 exercitus
1667 1062 1964 1114 momento

305 1144 595 1199 conﬂatus
627 1144 870 1199 exstitit.

376 1244 532 1298 630
562 1244 698 1315 Cap.
736 1244 789 1299 9.
854 1243 935 1299 De
985 1244 1123 1316 fuga
1175 1245 1474 1302 Michaelis
1536 1246 1841 1318 Palazologi
1902 1246 1961 1301 in

302 1333 603 1389 Persidem
639 1334 746 1389 hoc
777 1334 966 1404 capite
1000 1339 1232 1391 narrata
1264 1335 1434 1406 plura
1470 1337 1645 1391 refert
1676 1336 1960 1407 Georgius

304 1422 643 1494 Acropolita
712 1427 855 1477 tunc
914 1425 1069 1495 apud
1120 1424 1535 1497 imperatorem
1593 1424 1957 1480 Theodorum

304 1528 508 1583 agens,
543 1512 777 1583 quando
818 1513 867 1567 is
918 1519 1006 1568 est
1063 1515 1131 1568 ad
1184 1514 1377 1585 ipsum
1426 1515 1671 1570 nuntius
1722 1515 1956 1572 allatus.

303 1601 505 1671 Operae
539 1603 791 1672 pretium
832 1600 1035 1657 lectori
1082 1604 1257 1658 luerit
1315 1604 1509 1658 videre
1558 1608 1614 1657 et
1670 1620 1804 1658 cum
1864 1604 1957 1659 his

301 1689 487 1744 nostri
520 1690 782 1745 conferre
806 1707 933 1762 quae
969 1690 1067 1747 ille
1100 1696 1299 1747 narrat
1331 1709 1380 1746 c.
1416 1694 1552 1747 Hist.
1589 1710 1706 1747 suae
1728 1694 1819 1759 64,
1856 1693 1956 1747 ubi

300 1780 483 1835 etiam
516 1779 705 1834 obiter
736 1781 1043 1835 observare
1094 1783 1325 1853 poterit,
1361 1800 1488 1854 quae
1548 1782 1603 1836 in
1662 1782 1954 1839 Clossario

298 1870 475 1923 verbo
498 1866 791 1922 Μεσοθινία
824 1870 1158 1926 notavimus
1191 1871 1259 1926 de
1293 1870 1520 1942 legione
1570 1876 1672 1926 aut
1719 1871 1955 1927 cohorte

2076 610 2262 687 δόρατι
2289 614 2378 669 καὶ
2412 615 2587 691 ῥίπτει
2618 626 2718 688 τῆς
2756 618 3088 699 ἐφεστρίδος.
3147 630 3255 684 Sed
3310 610 3431 689 lev'e
3490 635 3547 691 id
3603 610 3726 694 dis.-

2073 703 2293 759 crimcn
2317 708 2581 762 vocabuli
2613 710 2792 765 videri
2827 718 3035 783 potest,
3096 723 3284 787 praeut
3340 721 3397 775 in
3484 740 3544 779 re
3595 725 3724 796 ipsa

2073 792 2347 849 dissentit
2379 797 2450 851 ab
2486 800 2817 869 Acropolita
2853 804 3254 879 Pachymeree,
3289 810 3586 882 siquidem
3617 792 3719 871 hic

2070 899 2186 937 non
2220 884 2591 943 Theodorum
2625 906 2658 943 a
2696 890 3014 963 Palaeologo
3046 896 3372 968 impulsum
3436 902 3604 959 basta
3661 910 3721 961 et

2070 970 2194 1027 loco
2229 978 2476 1045 motum,
2507 979 2605 1032 sed
2642 980 2765 1035 vice
2796 998 2962 1037 versa
2994 984 3383 1058 Palaeologum
3445 1008 3479 1046 a
3532 993 3722 1049 Theo-

2070 1061 2233 1129 doro,
2263 1068 2327 1117 ut
2361 1070 2517 1135 patet
2568 1084 2635 1122 ex
2662 1068 2756 1124 his
2786 1072 2977 1127 verbis
3022 1090 3035 1128 :
3086 1075 3215 1130 Ὅτε
3271 1076 3421 1131 καὶὸ
3479 1084 3576 1134 τοῦ
3637 1079 3724 1137 δε-

2070 1149 2272 1202 σπότου
2334 1152 2568 1227 Μιχαὴλ
2612 1153 2671 1209 ἐκ
2724 1158 2934 1221 νοθείας
2995 1162 3211 1224 σκότιος
3268 1170 3394 1227 παῖς
3453 1170 3724 1241 Μονουὴλ

2070 1239 2216 1294 631
2254 1240 2441 1314 τυχὼν
2492 1241 2663 1298 ἐκεῖσε
2695 1244 2784 1298 σὺν
2834 1248 3001 1321 ἱκανῷ
3050 1253 3435 1326 στρατεύματι,
3480 1260 3561 1330 [Ρ.
3597 1239 3721 1332 440]

2068 1325 2157 1378 καὶ
2197 1326 2540 1399 συμπλακεὶς
2592 1336 2669 1403 τῷ
2718 1333 2973 1408 πολέμῳ,
3032 1339 3100 1392 τὰ
3147 1346 3338 1415 πρῶτα
3400 1345 3493 1417 μὲν
3555 1348 3725 1420 ὁμόσε

2069 1417 2335 1488 χωρήσας
2403 1424 2484 1491 τῷ
2556 1420 2785 1495 ἡγεμόνι
2848 1430 2928 1496 τῷ
2983 1433 3163 1500 κοντῷ
3221 1439 3449 1495 συνωθεῖ
3497 1417 3600 1489 καὶγ
3640 1435 3726 1512 ῥί-

2067 1524 2213 1573 πτει,
2246 1512 2355 1562 etc.
2390 1509 2561 1565 Addit
2592 1529 2624 1565 a
2655 1516 2923 1570 restituto
2958 1517 3015 1570 in
3063 1518 3288 1590 sellam,
3320 1525 3474 1579 unde
3532 1509 3725 1584 fuerat

2067 1594 2358 1686 dejectus,
2414 1599 2733 1673 Paleaologo
2793 1605 3040 1661 nothum
3104 1608 3412 1667 Michaelis
3469 1614 3722 1686 despota:

2065 1683 2255 1739 ﬁlium
2292 1686 2493 1743 lethali
2543 1707 2889 1761 percussum
2951 1695 3070 1750 ictu
3131 1700 3464 1769 nequivisse
3522 1683 3722 1775 parem

2065 1781 2343 1859 reponere
2369 1789 2382 1838 ;
2418 1787 2543 1841 quae
2576 1773 2917 1845 significant
2940 1794 3120 1833 manu
3152 1785 3210 1835 et
3241 1781 3392 1838 ferro
3416 1773 3726 1859 Palaeologi

2067 1853 2349 1909 cecidisse
2379 1857 2745 1915 Theodorum
2805 1863 2923 1919 sive
2982 1866 3310 1923 Manuelem
3371 1869 3555 1928 istum
3616 1853 3720 1929 no-

312 1916 791 1923 .-----------.---
825 1916 1158 1926 ..ν-...-...μν
1192 1916 1259 1926 ,ν
1293 1916 1520 1942 ,Ἴτην
1570 1916 1672 1926 ...η
1721 1916 1955 1927 ww..-
2818 1916 2823 1917 ν
2874 1916 2917 1919 ν-
2982 1916 3310 1923 -------------
3372 1916 3555 1928 --ν-η..
3619 1916 3688 1929 μυ

296 1958 416 2013 isto
444 1958 676 2012 nomine
700 1959 1142 2029 appellata,non
1168 1959 1358 2015 solum
1385 1961 1721 2031 Acropolitee
1745 1961 1957 2032 ipsius,
1996 1916 2035 1980 Β
2070 1942 2259 2032 Ψυω-
2297 1945 2359 1999 Id
2393 1963 2527 2002 νθῐὍ
2573 1953 2916 2021 Ρθτηθῖζεδίί
2947 1954 3049 2024 qni
3084 1972 3312 2011 mecum
3347 1960 3724 2019 BXiStimaVe-

302 2048 403 2101 sed
433 2052 489 2102 et
510 2048 835 2103 doctissimi
871 2050 999 2119 ejus
1025 2048 1367 2121 interpretis
1417 2052 1765 2105 auctoritate
1818 2067 1957 2105 eon-

297 2136 551 2192 ﬁrmala.
584 2137 731 2191 Nam
764 2136 867 2192 illa
900 2138 1177 2193 Historici
1210 2138 1411 2193 Grzeca
1451 2139 1650 2203 verba,
1684 2137 1823 2211 πρὸς
1853 2141 1961 2190 τῶν

295 2224 786 2299 στραταρχούντων
818 2223 869 2277 ἐν
905 2225 1131 2296 Βιθυνίᾳ
1160 2224 1249 2279 καὶ
1307 2224 1638 2296 ΜεσοΟυνίᾳ,
1672 2227 1755 2282 sic
1817 2228 1957 2281 red-

303 2316 390 2371 dit
422 2315 868 2371 illustrissimus
899 2316 1183 2373 Allatius:
1210 2318 1248 2373 A
1290 2317 1596 2373 cohortium
1626 2320 1958 2390 Bithynica—

298 2423 423 2459 rum
457 2410 509 2460 ct
540 2406 891 2477 Mesothyniae
910 2407 1211 2478 praefectis.

366 2504 502 2575 Pug.
536 2505 625 2557 25.
662 2504 798 2558 Cum
832 2505 1080 2561 hostibus
1111 2505 1348 2560 sultanis
1382 2522 1705 2579 congressus
1762 2508 1951 2575 fortis-

292 2594 431 2648 sime
474 2610 531 2648 se
573 2593 739 2661 gerit.
802 2594 992 2664 Longe
1067 2594 1188 2648 haec
1249 2595 1439 2649 fusius
1488 2612 1552 2649 ac
1613 2595 1952 2667 diligentius

292 2682 629 2752 AcrOpolita
677 2687 969 2754 pertracat
1026 2688 1144 2739 toto
1188 2699 1237 2738 ο.
1296 2684 1387 2752 65,
1447 2701 1565 2755 qua
1622 2684 1948 2753 occasione,

295 2788 445 2842 quos
478 2772 718 2838 ducens,
752 2777 974 2842 quanta
997 2772 1308 2843 prudentia
1339 2790 1404 2827 ac
1438 2772 1798 2828 fortitudine.
1832 2789 1948 2844 quo

299 2861 554 2933 denique
614 2878 893 2916 successu
944 2862 1226 2917 adversus
1284 2861 1602 2917 Tacharios
1636 2861 1743 2933 (sic
1789 2862 1942 2917 enim

300 2950 555 3022 appellat
610 2950 944 3021 Acropolita
1015 2967 1161 3021 quos
1218 2956 1414 3005 noster
1469 2952 1784 3023 Tocharos)
1842 2969 1945 3023 pro

297 3040 527 3096 sultane
558 3056 680 3094 rem
722 3040 971 3112 gesserit
1023 3041 1268 3096 Michael
1325 3040 1709 3113 Palaaologus,
1768 3057 1942 3113 expo-

291 3144 456 3184 nens.

362 3228 495 3300 Pag.
529 3229 619 3283 26.
654 3231 943 3285 Reuersum
972 3229 1201 3300 benigne
1240 3229 1463 3299 excipit.
1513 3230 1788 3285 Reditum
1837 3230 1939 3285 Mi-

287 3318 508 3373 chaelis
538 3318 817 3374 Comneni
869 3320 938 3373 ad
975 3318 1387 3390 imperatorem
1414 3319 1781 3374 Theodorum
1807 3320 1940 3374 bre-

281 3408 429 3462 viter
460 3408 736 3462 memorit
800 3407 1132 3479 Acropolita
1181 3425 1231 3464 ο.
1265 3409 1356 3474 69,
1408 3408 1493 3463 uti
1543 3412 1600 3464 et
1657 3413 1940 3480 Gregoras

281 3497 321 3552 l.
357 3515 444 3561 ιιι,
479 3502 687 3552 neuter
716 3496 1187 3568 interposilorum
1221 3498 1279 3551 in
1303 3514 1432 3552 eam
1459 3515 1577 3552 rem
1613 3497 1939 3553 Idoniensis

280 3586 542 3659 episcopi
594 3587 920 3641 ofﬁciorum
983 3586 1343 3641 mentionem
1387 3587 1627 3654 faciens,
1690 3587 1935 3643 fortasse

278 3678 435 3748 quod
468 3676 593 3741 illa,
618 3681 683 3731 ut
714 3676 825 3732 alia
877 3676 1066 3732 multa
1126 3693 1320 3731 rerum
1378 3675 1697 3743 Michaelis,
1732 3681 1933 3733 nostro

282 3767 497 3821 melius
531 3772 990 3838 perspectarum,
1020 3765 1437 3836 ignoraverint.

304 3858 325 3864 ’
354 3866 503 3920 Ibid.
582 3864 859 3921 Michaelis
935 3864 1177 3935 despotae
1258 3863 1457 3919 nothus
1543 3868 1596 3920 et
1673 3864 1932 3921 obscurus

279 3958 452 4026 ﬁlius.
505 3957 635 4011 Haec
693 3956 990 4028 copiosius
1067 3955 1525 4027 distinctiusque
1600 3956 1935 4011 referuntur

278 4064 314 4102 a
370 4048 616 4118 Georgio
667 4045 1001 4118 Acropolita
1049 4061 1116 4100 ex
1171 4044 1403 4101 oculata
1469 4061 1614 4116 pene
1674 4045 1928 4115 notitia;

272 4153 412 4193 nam
463 4136 512 4192 is
564 4136 742 4205 hujus
810 4134 869 4190 in
939 4134 1313 4190 Occidentem
1375 4134 1764 4205 expeditionis
1822 4134 1929 4191 Mi-

272 4224 460 4283 chaeli
496 4223 818 4296 Palazologo
846 4240 1041 4279 comes
1102 4224 1233 4290 fuit,
1270 4223 1379 4279 etsi
1420 4240 1533 4278 nou
1568 4224 1771 4279 eodem
1805 4222 1930 4279 loco

272 4316 575 4390 pugnavit,
609 4316 667 4370 in
716 4314 830 4369 alia
881 4314 1199 4369 divisarum
1252 4315 1551 4386 copiarum
1594 4320 1757 4386 parte
1804 4331 1926 4370 rem

240 4423 503 4479 -gerens.
538 4404 684 4467 Quia
712 4420 846 4459 vero
878 4403 972 4459 ille
1006 4404 1269 4474 quaedam
1319 4404 1486 4460 aliter
1516 4420 1582 4459 ac
1615 4404 1927 4477 Pacbyme-

272 4514 368 4553 res
401 4500 619 4562 narrat,
652 4494 925 4565 equidem
960 4492 1305 4564 AcrOpolitaa
1337 4494 1530 4565 potius
1563 4493 1657 4548 hic
1689 4495 1926 4565 quidem

273 4585 638 4641 credendum
672 4588 835 4655 puto,
860 4582 1078 4653 quippe
1106 4582 1205 4651 qui
1241 4583 1391 4652 ejus,
1421 4583 1506 4637 uti
1532 4582 1673 4653 dixi,
1708 4584 1925 4654 negotii

2076 2030 2151 2085 rit
2180 2034 2522 2104 Acropolitae
2569 2038 2757 2107 potius
2802 2042 3182 2113 credendum,
3219 2050 3450 2104 tantum
3485 2066 3600 2106 non
3634 2052 3725 2106 bis

2073 2123 2367 2189 priesenti,
2401 2126 2617 2197 quippe
2648 2127 2828 2198 hujus
2860 2132 3017 2187 socio
3054 2132 3297 2191 militiae.
3331 2136 3381 2192 ls
3438 2140 3594 2194 enim
3629 2141 3720 2195 di-

2072 2213 2226 2265 serte
2258 2211 2515 2267 afﬁrmat
2544 2232 2857 2272 excussum
2895 2219 3036 2275 sella
3066 2222 3435 2281 Theodorum
3471 2244 3723 2302 moxque

2070 2313 2100 2350 e
2131 2297 2297 2370 lapsu
2333 2302 2702 2359 sublevatum
2748 2309 3071 2364 accurrisse
3117 2313 3187 2367 ad
3247 2297 3641 2372 Comnenum~
3669 2324 3724 2375 et

2072 2387 2417 2459 suppliciter
2440 2393 2809 2465 deprecawm
2846 2415 3067 2453 necem.
3122 2405 3488 2459 Comnenum
3522 2412 3717 2464 autem

2068 2476 2435 2547 ignorantem
2467 2484 2600 2553 quis
2636 2485 2725 2540 hic
2758 2494 2933 2557 esset,
2966 2491 3495 2564 tradidisseipsum
3527 2496 3714 2553 Turco

2068 2568 2344 2637 cuipiam,
2378 2572 2477 2640 qui
2511 2590 2643 2627 eum
2689 2577 2976 2631 interfecit
3028 2582 3177 2633 ;Τοῐ’›
3234 2581 3531 2654 πτώματος
3588 2590 3719 2659 γοῦν

2066 2654 2293 2717 ἀναστὰς
2339 2658 2495 2720 οὗτος
2528 2664 2889 2729 (Theodorus
2949 2668 3188 2741 nothus)
3236 2654 3610 2746 προσέδραμε·
3639 2679 3719 2747 τῷ

2068 2746 2336 2818 Κομνηνῷ
2394 2750 2623 2823 Μιχαὴλ
2663 2793 2675 2817 ,
2741 2752 2827 2805 καὶ
2902 2752 3167 2810 ἐδυσώπει
3228 2760 3302 2830 μή
3365 2746 3714 2837 φονευθῆναι.

2062 2833 2269 2906 Ἥγνόεῑ
2335 2834 2391 2889 δὲ
2438 2842 2629 2892 τοῦτον
2692 2840 2718 2893 ὁ
2780 2845 3085 2915 Κομνηνὸς,
3136 2847 3226 2899 καὶ
3280 2833 3431 2909 ἀστίις
3490 2850 3555 2918 ἦν
3618 2852 3717 2908 οὐκ

2061 2922 2347 2991 ἠπίστατο.
2403 2925 2750 2998 Παραδίδωσε
2803 2936 2932 3005 γοῦν
2985 2934 3144 2988 αὐτὸν
3185 2934 3419 3009 Τούρκῳ
3448 2940 3578 3005 τινὶ,
3624 2943 3718 2996 καὶ

2061 3011 2121 3072 ’ὀς
2154 3014 2446 3089 πεφόνευκε
2496 3021 2711 3075 τοῦτον.
2778 3021 2950 3078 Porro
3012 3026 3164 3092 quod
3222 3025 3435 3081 σκότιον
3498 3032 3713 3088 obscu-

2060 3118 2186 3157 rum
2224 3104 2375 3160 hunc
2408 3107 2705 3164 Michaelis
2738 3111 2989 3183 despotae
3022 3113 3208 3171 ﬁlium
3238 3121 3438 3174 noster
3456 3120 3614 3188 dicit,
3638 3123 3710 3177 ad

2058 3190 2496 3265 illegitimorum
2534 3198 2816 3255 natalium
2837 3203 3218 3272 ignominiam
3238 3207 3505 3277 pertinet,
3533 3227 3709 3281 quam

1972 3280 2015 3347 C
2057 3282 2209 3337 idem
2245 3288 2300 3339 et
2332 3286 2489 3357 alibi,
2524 3292 2589 3342 ut
2631 3289 2802 3355 infra,
2838 3308 2891 3361 p.
2942 3293 3033 3359 85,
3068 3294 3215 3349 solet
3277 3295 3388 3352 ista
3436 3280 3709 3356 tenebra-

2054 3387 2184 3425 rum
2209 3374 2507 3429 mentione
2538 3376 2863 3445 designare,
2886 3379 3174 3447 alludens,
3209 3383 3439 3454 opinor,
3468 3385 3702 3443 Homeri

2046 3458 2240 3515 locum
2274 3460 2439 3517 Hiad.
2458 3466 2484 3530 ζ
2506 3464 2577 3518 de
2598 3465 2906 3522 Bucolione
2928 3468 3338 3527 Laomedontis
3358 3473 3477 3529 ﬁlio
3494 3476 3702 3534 notho:

2041 3628 2358 3712 ἓουκολίων
2388 3629 2436 3686 δ’
2465 3634 2533 3702 ἧν
2564 3634 2680 3712 υἷος
2706 3636 2902 3712 ἀγανοῦ
2935 3637 3316 3712 Λαομέδοντος

2044 3697 2418 3773 Πρεσϐύτατος
2490 3697 2669 3781 ίγενεῇ·
2751 3697 2976 3765 ’σκότιον
3058 3697 3117 3767 δὲ
3192 3697 3455 3789 ἐγείνατο
3479 3717 3593 3789 μή-

3476 3788 3624 3862 [τηρο

2041 3945 2111 3999 ad
2145 3962 2321 4016 quem
2354 3945 2547 4003 locum
2575 3956 2742 4006 vetus
2775 3954 3157 4012 scholiastes:
3194 3958 3421 4011 Σκότιον
3480 3956 3541 4010 ἐκ
3595 3955 3692 4011 λα-

2041 4033 2233 4107 θραίας
2290 4034 2488 4106 μίξεως
2544 4038 2637 4091 τὸν
2705 4038 2876 4114 λάθρα
2932 4043 3291 4116 γεγενημένον
3334 4045 3422 4100 καὶ
3481 4044 3579 4101 οὐκ
3633 4045 3694 4103 ἐκ

2036 4130 2136 4191 τῆς
2194 4125 2330 4178 κατά
2384 4125 2554 4199 νόμον
2600 4129 2945 4202 γαμηθείσης
2979 4178 2993 4203 ,
3051 4133 3143 4187 τὸν
3196 4133 3246 4204 ἐξ
3291 4132 3687 4209 ἀὸᾳδουχητων

2037 4211 2252 4286 γάμων.
2286 4215 2393 4271 Ubi
2426 4216 2719 4287 eleganter
2747 4237 2985 4276 causam
3019 4222 3274 4279 innuens
3306 4242 3409 4279 cur
3454 4225 3693 4282 obscuri

2039 4304 2311 4360 dicantur
2340 4305 2653 4378 illegitimi,
2684 4309 2740 4363 id
2775 4310 2997 4365 indicat
3026 4328 3097 4367 ex
3136 4329 3203 4367 eo
3254 4314 3473 4369 factum
3528 4316 3685 4385 quod

2040 4411 2156 4449 non
2190 4412 2258 4450 ex
2283 4397 2557 4468 conjugio
2582 4400 2829 4455 solemni
2859 4402 3052 4456 facum
3110 4402 3431 4473 genialium
3477 4407 3683 4475 praela-

2036 4484 2192 4539 tione
2224 4484 2538 4553 illustrato,
2576 4488 2675 4544 sed
2710 4489 2920 4546 furtivo
2953 4493 3205 4563 captatis
3237 4493 3492 4547 tenebris
3546 4509 3688 4548 con-

2037 4574 2235 4629 cubitu
2272 4576 2390 4631 nati
2453 4578 2587 4632 sint.
2647 4578 2821 4635 Istius
2878 4581 3288 4651 originationis
3347 4582 3501 4637 verbi
3558 4580 3689 4635 σκό-

268 4690 411 4747 pars
448 4672 649 4738 fuerit,
683 4688 861 4743 quam
896 4674 1095 4725 nostro
1140 4670 1241 4740 qui
1288 4686 1381 4726 res
1440 4675 1581 4725 tunc
1642 4676 1803 4727 actas
1855 4689 1922 4727 ex

2054 4665 2499 4735 :iocillegitimis
2545 4670 2751 4737 aptati,
2817 4671 2968 4740 quod
3028 4666 3078 4740 ἐξ
3133 4666 3525 4744 ἀδᾳδουχήτων
3589 4669 3687 4743 γά-

268 4765 448 4829 fama,
477 4778 581 4818 nec
612 4778 679 4817 ea
738 4760 883 4815 satis
943 4758 1250 4830 explicata,
1308 4759 1540 4815 videtur
1599 4760 1918 4831 accepisse.

265 4854 464 4910 Prima
491 4849 971 4922 discrepantiaiu
1008 4848 1245 4904 nomine
1275 4849 1443 4904 ducis
1485 4849 1747 4905 hostium
1811 4858 1921 4919 est,

266 4960 446 5016 quem
497 4945 697 4996 noster
747 4938 1076 4995 Manualem
1134 4946 1320 4996 vocat.
1371 4941 1583 4993 Contra
1634 4937 1920 5010 Georgius

261 5030 612 5104 Acropolita,
664 5028 795 5083 Hist
851 5044 901 5083 c.
948 5028 1012 5080 71
1077 5026 1443 5083 Theodorum
1499 5026 1773 5099 appellat.
1826 5027 1919 5083 Sic

259 5125 417 5179 enim
449 5121 528 5177 ibi
587 5120 820 5175 scribit:
873 5117 970 5170 Ἦν
1033 5112 1090 5169 δὲ
1148 5116 1175 5169 ὁ
1236 5116 1420 5192 ῥηθεὶς
1465 5120 1563 5171 τοῦ
1610 5116 1918 5171 ἆποσττιὶτου

257 5207 496 5285 Μιχαὴλ
528 5209 687 5272 νόθος
717 5206 833 5267 υἱὸς
877 5202 1180 5279 Θεόδωρος.
1231 5208 1364 5260 Erat
1411 5215 1588 5263 autem
1650 5207 1698 5262 is
1756 5225 1915 5279 quem

252 5302 382 5359 dixi
417 5301 704 5372 defectoris
744 5298 1036 5354 Michaelis
1085 5298 1281 5351 nothus
1358 5296 1512 5365 ﬁlius
1581 5297 1907 5352 Theodorus.

253 5393 494 5449 Dixerat
522 5405 656 5443 vero
687 5392 858 5441 antea
890 5387 1096 5439 ducem
1131 5386 1431 5455 00piarum
1465 5385 1765 5441 Michaelis
1814 5388 1910 5443 de-

255 5486 462 5554 spotae,
508 5476 741 5533 rebellis
793 5480 1191 5529 occurrentem
1264 5473 1533 5530 Michaeli
1585 5474 1909 5547 Palaeologo

255 5573 425 5627 hasta
456 5582 803 5641 percussum
830 5565 902 5619 ab
917 5579 981 5617 eo
998 5568 1051 5617 et
1067 5564 1200 5635 equi
1224 5563 1367 5618 sella
1382 5563 1785 5619 excussumz'U
1810 5564 1903 5635 μὶν

247 5657 347 5715 οὖν
382 5655 675 5731 Κομνηνὸς
704 5648 943 5726 Μιχαὴλ
976 5653 1135 5725 (nam
1170 5660 1235 5708 ut
1267 5670 1447 5725 supra
1498 5654 1721 5724 monui,
1783 5654 1900 5709 Mi-

248 5748 515 5808 chaelem
536 5744 920 5815 Palzeologum
939 5743 981 5796 A
996 5741 1277 5813 cropolita
1293 5759 1412 5797 sem
1426 5759 1526 5814 per
1540 5742 1898 5800 Cornu-“num

2037 4774 2151 4823 μων
2187 4756 2295 4809 orti
2348 4755 2487 4823 sint,
2543 4761 2839 4811 auctorem
2907 4758 3252 4813 Eustathius
3310 4776 3365 4830 p.
3426 4761 3531 4814 622
3588 4760 3679 4814 ed.

2034 4844 2199 4899 Rom.
2254 4843 2467 4916 allegat
2531 4847 2813 4916 Apionem
2869 4852 3121 4903 veterem
3179 4849 3378 4918 magni
3430 4848 3681 4904 nominis

2030 4935 2507 5005 grammaticum.

2101 5022 2239 5094 Cap.
2277 5024 2363 5078 11.
2408 5025 2545 5088 Quae
2600 5024 2707 5080 hoc
2764 5025 2951 5097 capite
3010 5031 3326 5081 narrantur
3384 5027 3454 5081 de
3506 5030 3678 5098 capto

2027 5113 2339 5184 vinctoque
2371 5131 2472 5185 per
2501 5113 2839 5169 Chadonum
2866 5114 3206 5187 Palaeologo,
3239 5116 3427 5188 deque
3470 5133 3680 5187 praesa-

2026 5202 2138 5273 giis
2170 5203 2379 5274 imperi
2412 5220 2477 5257 ea
2509 5203 2813 5259 occasione
2871 5204 2953 5259 illi
3014 5205 3248 5273 oblatis,
3307 5222 3509 5261 eorum
3570 5223 3677 5261 nec

2024 5291 2152 5347 vola
2183 5309 2286 5346 nec
2335 5292 2652 5362 vestigium
2706 5293 2966 5348 cernitur
3021 5296 3175 5366 apud
3236 5294 3674 5366 Acropolitam;

2022 5383 2232 5453 opinor
2263 5382 2390 5436 ideo
2424 5382 2576 5452 quod
2620 5381 2716 5437 ille
2751 5400 2851 5453 per
2882 5385 2937 5437 id
2971 5390 3208 5455 tempus
3256 5386 3313 5440 in
3375 5402 3676 5456 expugna-

2022 5472 2177 5527 tione
2209 5471 2424 5543 Prilapi
2457 5473 2633 5527 castri
2660 5480 2869 5544 captus
2893 5479 2948 5528 et
2980 5472 3149 5543 longo
3182 5479 3443 5547 tempore
3476 5479 3675 5529 custo-

2020 5564 2115 5617 dia
2147 5563 2420 5617 detentus
2460 5563 2530 5616 ab
2564 5561 2858 5631 hostibus,
2896 5568 2957 5617 ut
2990 5563 3114 5635 ipse
3169 5565 3359 5633 docet,
3422 5565 3556 5618 Hist.
3618 5579 3670 5618 c.

2013 5653 2104 5717 62,
2140 5652 2245 5706 ista
2281 5668 2395 5705 non
2430 5650 2659 5705 viderit.
2695 5650 2983 5723 Gregoras
3014 5669 3249 5723 quoque
3280 5653 3350 5706 de
3386 5652 3666 5720 histaeet,

2013 5741 2200 5797 multo
2231 5740 2461 5809 leviori,
2492 5744 2558 5796 ut
2586 5756 2654 5797 ex
2686 5741 2912 5798 caeteris
2944 5749 3205 5815 apparet,
3235 5742 3457 5799 tinctus
3515 5741 3671 5798 noti-
