4072 6388
471 421 612 477 1095

1525 417 1588 469 Ρ.
1629 416 1904 470 POSSINI
1941 414 2549 474 OBSERVATIONUM
2587 422 2720 476 LIB.
2761 427 2833 478 II.

3726 432 3831 489 1096

476 549 559 603 tia
589 562 784 603 rerum
827 542 1132 600 Michaelis
1171 541 1495 610 Palaeologi,
1547 556 1693 610 quas
1734 540 1833 610 qui
1893 538 2109 610 plenius

2237 539 2314 620 Ii?
2347 543 2487 620 μήτε
2519 540 2720 620 δρᾷσαι-
2743 549 2883 618 μήτε
2911 552 2990 620 τῷ
3021 549 3307 619 ξυνειδέναι

472 638 582 693 hoc
614 640 814 691 nostro
849 633 1170 700 tradiderit,
1198 631 1417 687 frustra
1448 639 1762 700 queretur.

545 781 682 851 Cap.
720 780 804 832 12.
860 783 934 832 De
986 777 1186 832 morbo
1247 779 1302 829 et
1351 778 1539 828 morte
1589 771 1873 829 Tbeodori
1935 787 2124 844 pauca

476 888 623 942 pene
672 867 1063 940 perfunctorie
1125 865 1330 920 scribit
1381 864 1597 918 absens
1655 867 1794 916 tunc
1843 861 1914 916 ab
1989 861 2122 916 aula

471 959 753 1030 Georgius
786 956 1138 1025 Acropolita,
1171 955 1231 1008 in
1268 954 1362 1008 his
1414 952 1705 1007 immorari
1740 950 2118 1021 potissimum

473 1050 824 1119 solitusque:
859 1045 1144 1117 spectavit
1174 1059 1450 1115 presens.
1486 1041 1836 1096 Brevissime
1890 1041 2027 1094 item
2061 1041 2116 1094 id

471 1137 749 1208 transigit
781 1135 1086 1206 Gregoras.

539 1281 675 1348 Pag.
710 1278 799 1333 33.
832 1279 892 1332 In
920 1274 1156 1330 innoxia
1183 1276 1617 1345 pertractatione
1645 1273 1788 1342 ferri
1801 1271 2116 1326 candentis.

465 1370 527 1424 Id
557 1370 775 1423 ferrum
819 1368 878 1420 in
918 1366 1114 1422 Graeco
1165 1367 1329 1418 vocat
1374 1363 1760 1434 Pachymeres
1805 1356 2007 1432 μύδρον
2063 1358 2122 1411 ἐκ

463 1457 634 1528 πυρὸς
661 1453 770 1524 ἤδη
808 1449 1014 1522 ζέοντα.
1063 1454 1216 1508 632
1270 1453 1460 1507 Potuit
1518 1451 1786 1506 sufficere
1847 1466 1952 1503 vox
2015 1445 2119 1519 μύ-

466 1545 612 1619 δρος,
648 1562 826 1617 quam
859 1549 1022 1598 vetus
1053 1541 1399 1597 scholiastes
1431 1540 1734 1611 Sophoclis
1767 1539 2115 1609 interpreta-

468 1643 565 1693 tur
595 1631 1089 1707 πεπυρακτωμένοις
1119 1627 1363 1700 σίδηρος,
1416 1635 1475 1683 et
1535 1629 1852 1700 Hesychius
1894 1623 2118 1699 σίδηρος

468 1722 861 1797 πεπυρωμένος
899 1739 911 1776 :
945 1721 1028 1776 sic
1086 1720 1240 1775 enim
1296 1719 1739 1774 rescribendum
1793 1734 1894 1789 pro
1950 1737 2115 1769 nem-

469 1814 750 1888 ρωμὲνως.
787 1812 918 1867 Fuit
949 1812 1069 1865 haec
1124 1826 1299 1877 prava
1353 1809 1480 1863 sine
1539 1809 1715 1862 dubio
1768 1807 2113 1862 innocentiae

2239 611 2316 667 Τὸ
2347 611 2570 688 πρᾶγμα
2604 611 2972 692 βουλεύσαντι
2992 611 3122 694 μίήεϋ
3154 623 3510 700 εἰργασμένῳ.

2236 729 2414 785 Offert
2443 749 2504 786 se
2537 738 2593 788 et
2622 737 2814 792 socios
2845 738 2918 792 ad
2950 743 3433 798 contrectandum
3481 744 3679 800 ferrum
3722 765 3830 804 can-

2236 819 2381 876 dens
2443 824 2500 878 in
2538 828 2946 896 probationem
3024 832 3367 887 innocentiae
3416 852 3428 890 :
3487 836 3600 892 scio
3652 854 3710 892 ex
3756 857 3828 894 ve-

2233 911 2582 970 tustissimis
2639 917 2769 985 ejus
2832 919 2942 972 loci
3004 920 3340 977 scholiastis
3400 941 3576 979 unum
3633 927 3728 983 hoc
3773 931 3825 982 ad

2233 1003 2550 1069 quamdam
2578 1004 2974 1075 jurisjurandi
3025 1012 3428 1066 caeremoniam
3489 1015 3706 1070 referre.
3757 1019 3828 1072 Sic

2233 1089 2386 1143 enim
2447 1091 2528 1145 ibi
2588 1094 2890 1151 adnotat:
2953 1095 3193 1152 Eiubilatat
3277 1099 3381 1174 γὰρ
3455 1101 3503 1154 οἱ
3585 1102 3828 1175 ὀμνύοντες

2229 1179 2396 1230 ταῦτα
2465 1185 2667 1238 ποιεῖν,
2747 1181 3003 1256 Μύδρους
3073 1187 3176 1261 γὰρ
3255 1187 3496 1264 α’ίροντες
3571 1190 3828 1266 ἐπαρῶνται

2235 1265 2408 1337 μένειν
2466 1267 2532 1322 τὰ
2590 1269 2747 1344 ὅρκια
2802 1269 2906 1336 ἕως
2962 1273 3116 1329 αὐτοὶ
3169 1282 3398 1354 φανῶσι,
3458 1280 3547 1333 καὶ
3602 1280 3831 1356 ῥίπτουσιν

2231 1353 2424 1417 αὐτοὺς
2456 1357 2531 1418 εἷς
2565 1359 2859 1421 θάλασσαν’
2893 1364 3079 1420 Solent
3132 1370 3283 1422 enim
3343 1370 3577 1442 (inquit)
3603 1353 3832 1443 ijuran‘tes

2229 1447 2443 1502 sublata
2476 1450 2627 1505 633
2671 1453 2813 1520 ferri
2841 1471 3026 1510 massa
3059 1463 3110 1510 et
3139 1459 3200 1510 in
3229 1475 3386 1513 mare
3443 1462 3639 1523 iactata
3686 1468 3830 1532 prole-

2227 1539 2367 1590 stari
2421 1554 2743 1595 mansuram
2804 1545 2947 1611 ipsis
3002 1547 3328 1602 Juratorum
3371 1549 3554 1620 ﬁdem,
3611 1553 3741 1621 quod
3786 1555 3828 1605 id

2225 1625 2436 1694 pondus
2467 1643 2495 1682 e
2525 1631 2674 1684 mari
2721 1635 3031 1701 emerserit,
3092 1637 3241 1705 quod
3304 1653 3612 1707 nunquam-
3650 1640 3832 1695 scilicet

2228 1713 2490 1769 futurum
2518 1716 2876 1787 sit.ltaille;
2914 1724 3067 1793 quod
3124 1724 3256 1778 ferri
3319 1734 3515 1797 posset
3567 1727 3613 1782 si
3669 1725 3832 1799 μύδρος

2229 1818 2341 1856 non
2404 1804 2786 1876 significaret,
2849 1817 2909 1863 ut
2955 1812 3081 1881 ipse
3143 1815 3333 1882 docet,
3387 1816 3831 1890 πεπυρακτωμένον

468 1887 779 1976 probandae
814 1901 982 1966 ratio,
1016 1898 1220 1953 merito
1252 1897 1309 1951 in
1337 1898 1471 1966 jure
1524 1897 1802 1950 canonico
1865 1896 2111 1966 prescri-
2146 1913 2192 1978 Β
2228 1887 2469 1963 σίδηρον.
2505 1894 2649 1949 Nam
2685 1897 2826 1966 quid
2863 1901 3036 1954 ardor
3064 1901 3159 1956 hic
3211 1904 3440 1973 taceret,
3495 1907 3588 1961 ubi
3637 1909 3828 1977 pondus

465 1998 564 2065 pta
587 2009 713 2062 cap.
751 1987 1114 2057 Consuluisti,
1134 2003 1261 2057 cap.
1293 1986 1546 2040 Mennam
1574 1986 1629 2051 2,
1663 2001 1715 2054 q.
1769 1985 1840 2052 5;
1869 1989 1927 2038 et
1985 2001 2113 2055 cap.

467 2081 687 2148 Delicti,
723 2085 938 2135 extrav.
967 2079 1038 2131 De
1064 2075 1409 2147 purgatione
1450 2074 1693 2142 vulgari,
1730 2090 1833 2143 Cap
1890 2083 2112 2127 senten-

464 2174 604 2225 tiam
634 2176 875 2234 extrav.,
901 2184 1003 2221 nec
1031 2182 1156 2220 eam
1193 2169 1393 2219 noster
1426 2162 1708 2232 probavit,
1738 2164 1835 2216 sed
1882 2167 2115 2216 tantum

467 2260 670 2314 retulit
702 2258 837 2326 quid
873 2257 1061 2316 fieret,
1093 2254 1264 2308 etiam
1301 2252 1461 2320 alibi,
1497 2266 1707 2320 nempe
1769 2250 1808 2304 1.
1869 2267 1932 2315 ιι,
1978 2267 2024 2305 c.
2064 2253 2114 2319 1,

465 2347 772 2419 gratulans
803 2353 1085 2414 tanquam
1137 2343 1447 2398 emendato
1507 2340 1588 2394 rei
1651 2340 1896 2410 publicae
1955 2345 2111 2394 statu

467 2437 622 2508 quod
654 2435 768 2489 ista
799 2434 1113 2488 desiissent
1145 2430 1288 2485 fieri.
1333 2427 1576 2484 Michael
1626 2432 1844 2499 quippe
1901 2429 2114 2483 Pulmo-

464 2527 634 2596 logus
659 2530 792 2578 ante
822 2521 1135 2593 imperium
1161 2520 1352 2573 adhuc
1385 2520 1650 2587 despota,
1685 2520 1858 2588 ccepit
1887 2519 2116 2573 abolere

471 2631 642 2670 usum
667 2611 935 2682 adigendi
975 2609 1243 2664 homines
1277 2609 1346 2662 ad
1374 2608 1530 2660 istud
1561 2607 1956 2677 periculosum
2016 2624 2114 2662 ex-

466 2696 875 2766 perimentum,
909 2691 1062 2762 quod
1089 2691 1216 2759 jam
1269 2688 1530 2758 privatus
1591 2687 2111 2757 praedamnaverat.

469 2786 666 2838 Refert
699 2781 855 2834 enim
888 2778 1241 2848 Acropolita,
1267 2777 1408 2830 Hist.
1434 2792 1483 2829 c.
1516 2777 1604 2828 50.
1639 2794 1694 2845 p.
1727 2777 1797 2829 53
1823 2777 1913 2829 ed:
1951 2775 2115 2846 Beg.,

473 2889 604 2927 cum
649 2871 870 2924 Phocas
927 2865 1466 2937 Philadelphiensis
1514 2864 1888 2934 metropolita
1935 2865 2111 2935 jussu

470 2957 842 3025 imperatoris
869 2955 1115 3010 Joannis
1145 2955 1386 3008 Batatzze
1419 2953 1484 3025 [P
1523 2953 1646 3023 441]
1682 2952 1946 3006 Michaeli
2007 2953 2114 3008 Pa-

467 3023 703 3120 laanlogo
763 3045 1177 3118 perduellionis
1260 3023 1532 3114 suspecto
1565 3043 1971 3114 purgationem
2016 3059 2117 3114 per

466 3139 684 3193 ferrum
719 3135 976 3190 candens
1001 3131 1478 3204 praescripsisset,
1505 3131 1590 3185 sic
1623 3148 1753 3185 cum
1784 3130 2111 3201 alloquens:

466 3230 555 3279 Δεῖ
584 3245 641 3278 σε
671 3227 748 3294 τῷ
785 3218 978 3296 μύδρῳ
1009 3221 1111 3287 τὴν
1171 3216 1430 3287 ἀλήθειαν
1488 3219 1952 3290 παραστήσασθαι,
2016 3238 2109 3274 1‘6-

463 3317 773 3388 spondisse
793 3313 1136 3369 Michaelem
1178 3329 1190 3365 :

461 3403 741 3478 ἄνθρωπος
773 3402 863 3456 καὶ
915 3404 1294 3475 τερατουργεῖν
1352 3402 1574 3452 τοιαῦτα
1634 3399 1698 3452 οὑ
1732 3395 1986 3470 δύναμαι.
2050 3399 2110 3454 Εἰ

461 3491 518 3548 δέ.
567 3513 660 3565 μοι
718 3485 1068 3563 συμϐουλεύῃ
1129 3487 1550 3562 μητροπολίτης
1601 3484 1674 3540 ὣν
1725 3488 1811 3541 καὶ
1855 3492 1988 3542 Θεοῦ
2019 3485 2108 3542 ἄν·

1245 3310 1390 3384 Ἐγὼ
1447 3311 1543 3382 μὲν
1601 3305 1931 3382 ἁμαρτωλὸς
1994 3311 2108 3382 εἶμι

2225 1981 2419 2036 solum
2455 1983 2513 2037 in
2549 2001 2747 2040 massa
2779 1989 2921 2041 ferri
2955 1991 3367 2060 requirebatur
3395 1995 3422 2048 ?
3449 1997 3628 2058 Quare
3679 1997 3830 2050 verior

2224 2076 2314 2124 est
2342 2072 2540 2143 altera,
2575 2090 2752 2144 quam
2788 2092 2919 2130 mox
2954 2080 3216 2148 subjicit,
3268 2084 3568 2138 sententia.
3628 2083 3828 2147 Εἲώθασι

2226 2155 2282 2212 δὲ
2331 2159 2624 2230 ὀμνύοντες
2673 2164 2764 2216 καὶ
2816 2164 3026 2227 πίστεις
3082 2163 3322 2231 διδόντες
3384 2169 3614 2245 μύδρους
3669 2173 3829 2247 βαστά-

2228 2252 2331 2316 ζειν
2388 2247 2612 2322 καὶπῦρ
2650 2247 3009 2323 ὑπερϐαίνειν
3053 2254 3184 2318 τοὺς
3230 2259 3333 2332 γὰρ
3389 2261 3463 2331 μὴ
3516 2260 3726 2336 ἐνόχους
3773 2265 3832 2330 τῷ

2225 2335 2582 2410 ἁμαρτήματι
2612 2335 2787 2411 ᾤοντο
2818 2342 2905 2395 καὶ
2945 2341 2996 2395 ἐν
3029 2343 3247 2406 τούτοις
3313 2348 3388 2419 μή
3449 2335 3649 2423 ἀλγεῖν·
3703 2351 3833 2406 Soliti

2224 2437 2348 2481 sant
2369 2427 2640 2497 jurantes
2700 2435 2751 2486 et
2809 2432 2973 2502 ﬁdem
3031 2434 3313 2492 dictorum
3369 2442 3549 2508 facere
3599 2440 3831 2494 studentes

2222 2519 2365 2586 ferri
2392 2536 2601 2574 massas
2632 2520 2840 2588 ignitus
2862 2529 3088 2593 portare
3116 2531 3169 2580 et
3196 2544 3364 2598 super
3411 2547 3618 2601 prunas
3669 2531 3828 2585 ambu-

2225 2607 2363 2674 lare,
2394 2611 2777 2665 existimantes
2807 2614 2952 2667 citra
2983 2630 3204 2670 sensum
3261 2617 3471 2675 doloris
3521 2620 3577 2676 id
3629 2625 3830 2691 [acturos

2222 2714 2308 2753 eos
2337 2698 2434 2769 qui
2465 2701 2682 2755 nullius
2714 2703 2824 2757 sibi
2851 2707 3054 2759 conscii
3081 2709 3307 2776 fraudis
3333 2710 3465 2766 sint.

2295 2793 2429 2859 Pag.
2465 2789 2555 2844 33.
2591 2791 2741 2858 Quod
2769 2799 3026 2847 sanctum
3056 2797 3344 2854 vacabant.
3380 2800 3564 2855 Etiam
3616 2803 3828 2872 AcrOpo-

2224 2874 2328 2930 lita
2357 2876 2482 2932 loco
2513 2877 2772 2944 laudato,
2807 2898 2864 2952 p.
2891 2881 2984 2941 53.
3049 2884 3267 2940 ferrum
3333 2891 3585 2946 candens
3623 2908 3724 2961 quo
3770 2891 3823 2944 ad

2224 2965 2513 3032 ejusmodi
2542 2969 2918 3037 purgationes
2952 2973 3272 3029 utebantur
3305 2977 3461 3050 ἅγιον
3497 2990 3724 3036 sanctum
3750 2995 3829 3032 vo-

2226 3054 2342 3108 cari
2375 3055 2613 3110 solitum
2639 3057 2883 3114 indicat.
2910 3063 2971 3115 In
3006 3061 3194 3119 Gallia
3226 3072 3426 3123 tamen
3447 3071 3705 3139 judicium
3748 3086 3828 3138 ap-

2227 3142 2572 3213 pellabatur,
2609 3150 2671 3199 ut
2692 3147 3074 3218 intelligimus
3099 3170 3165 3206 ex
3192 3155 3444 3212 formula
3469 3161 3700 3225 quadam
3720 3174 3828 3230 pur-

2166 3281 2181 3296 ,
2227 3232 2479 3301 gationis
2536 3234 2870 3291 istiusmodi
2934 3238 3053 3294 illic
3112 3243 3362 3314 usitatae,
3425 3265 3591 3318 quam
3649 3248 3829 3320 profert

2224 3325 2431 3376 Petrus
2465 3322 2739 3394 Loyerius
2770 3342 2836 3379 ex
2868 3327 2926 3380 S.
2959 3331 3211 3386 Mauritii
3244 3337 3671 3408 Andegavensis
3694 3337 3827 3391 tabu-

2223 3410 2387 3475 lario,
2421 3417 2478 3466 et
2507 3428 2573 3466 ex
2605 3428 2671 3466 eo
2704 3416 2909 3469 recitat
2951 3416 3146 3475 Defrio
3205 3428 3370 3479 tomo
3427 3427 3475 3480 ll
3529 3427 3668 3498 Disq.
3710 3427 3821 3491 Mag.

2221 3499 2358 3554 l.1v.
2396 3517 2444 3554 ο.
2479 3502 2531 3566 li,
2565 3518 2621 3572 q.
2655 3502 2708 3570 4,
2742 3511 2886 3558 sect.
2929 3506 2983 3571 3,
3049 3510 3150 3564 ubi
3217 3511 3470 3584 legitur:
3530 3516 3709 3587 Sponte
3744 3530 3825 3569 sua

459 3585 679 3646 θόωπος
728 3581 880 3634 τουτὶ
931 3575 1345 3650 διαπράξασθαι,
1394 3573 1606 3629 ἔνδυσαι
1657 3576 1750 3648 μὶν
1798 3577 1959 3639 αὐτὸς
2007 3579 2105 3646 τὴν

2225 3589 2501 3653 iudicium
2524 3596 2876 3661 portaturum
2907 3612 3078 3651 manu
3124 3616 3222 3654 sua
3283 3603 3504 3670 obtulit,
3562 3611 3616 3661 et
3668 3607 3820 3659 infra:

455 3671 604 3742 ἱεράν
655 3690 751 3723 σου
798 3673 972 3721 πᾶσαν
1023 3665 1249 3734 στολὴν,
1295 3665 1474 3728 καθὼς
1518 3663 1712 3728 εἷ’ωθας
1763 3664 1816 3719 ἐν
1864 3671 1941 3736 τῷ
1983 3666 2108 3739 θείῳ

455 3756 797 3832 εἰσέρχθσθαι
861 3755 1068 3827 βήματι
1124 3751 1212 3805 καὶ
1271 3749 1619 3825 ἐντυγχάνειν
1676 3757 1812 3824 Θεῷ,
1873 3754 1984 3807 εἶτα
2037 3751 2102 3822 δὴ

453 3851 570 3906 ταῖς
638 3849 758 3905 σαῖς
817 3843 1005 3917 χερσὶν
1065 3840 1376 3914 ἐκπύρωσόν
1441 3862 1532 3914 μοι
1588 3843 1677 3896 τὸν
1741 3840 1984 3914 σίδηρον,
2019 3848 2106 3905 αἶς

451 3939 550 3989 τοῦ
608 3931 755 3988 θείου
807 3932 1016 4009 ἐφάπτῃ
1070 3930 1405 4003 θύματος....
1458 3931 1550 3985 καὶ
1599 3933 1818 3992 ταύταις
1870 3929 1936 3999 δὴ
1986 3939 2103 3994 ταῖς

455 4025 630 4096 ἱεραῖς
709 4044 804 4076 σου
852 4021 1041 4097 χερσὶν
1097 4020 1276 4084 ἐπίθες
1330 4021 1399 4094 τῇ
1457 4021 1606 4095 χειρὶ
1668 4043 1773 4092 μου
1824 4022 1915 4075 τὸν
1949 4020 2104 4092 σίδη-

455 4134 573 4187 ρον,
607 4119 713 4169 etc.
750 4114 992 4168 Petebat
1044 4113 1323 4166 nimirum
1379 4118 1443 4167 ut
1474 4113 1723 4167 antistes
1757 4113 1919 4182 prius
1981 4113 2107 4184 ipse

455 4203 707 4275 ignitum
743 4205 960 4256 ferrum
997 4205 1155 4255 nuda
1187 4218 1362 4254 manu
1421 4201 1604 4255 otiose
1665 4207 1979 4256 tractatum
2043 4202 2103 4258 in

454 4310 622 4348 suam
653 4293 992 4361 deponeret.
1038 4292 1197 4354 Quod
1234 4289 1603 4360 metrupolila
1636 4307 1916 4345 recusans
1950 4291 2106 4347 hunc

459 4397 681 4435 morem
712 4397 842 4436 esse
875 4385 1049 4450 negat
1080 4377 1326 4433 Romani
1362 4385 1464 4432 aut
1512 4379 1891 4434 ecclesiastici
1941 4395 2104 4448 usus,

454 4471 554 4524 sed
593 4469 989 4533 barbaricum,
1022 4484 1312 4523 excusans
1343 4467 1707 4522 ineluctabili
1742 4485 1803 4522 se
1849 4469 2103 4539 impera-

452 4560 592 4612 toris
625 4559 970 4612 auctoritate
1002 4557 1264 4611 adistam
1296 4556 1378 4610 illi
1404 4559 1810 4628 purgationem
1841 4559 2102 4613 indicen-

450 4649 582 4701 dam
620 4646 983 4718 adigi;quam
1017 4653 1215 4700 tamen
1243 4645 1496 4700 Michael
1529 4646 2111 4702 recusavitconstan-
2137 4638 2185 4703 Ι)

455 4735 699 4791 tissime.
736 4733 932 4788 Videri
967 4739 1160 4803 potest
1185 4751 1253 4788 ex
1285 4735 1548 4803 reliquiis
1582 4734 1690 4788 hoc
1744 4736 2108 4804 superfuisse

448 4825 718 4888 ethnicae,
752 4821 1070 4893 etquidem
1091 4827 1472 4894 perantiquus,
1499 4824 2104 4892 superstitionis.Nam

448 4914 765 4985 Sephocles
794 4914 1044 4969 heroicis
1078 4914 1204 4983 jam
1249 4914 1616 4984 temporibus
1673 4915 2102 4986 OEdipodarum

450 5005 666 5062 Thebis
698 5006 1072 5076 regnantium
1105 5005 1356 5060 exerceri
1391 5004 1632 5060 solitum
1685 5007 1924 5074 indicat,
1960 5011 2101 5065 dum

447 5096 506 5149 in
542 5095 834 5166 Antigona
863 5095 1001 5150 facit
1033 5111 1216 5148 unum
1261 5095 1574 5148 custodum
1611 5112 1760 5167 quos
1791 5115 1889 5152 rex
1919 5100 2100 5155 Creon

446 5191 794 5254 :ipposuerat
823 5184 1088 5240 cadaveri
1122 5184 1419 5257 Polynicis
1447 5190 1511 5240 ut
1544 5187 1780 5257 sepeliri
1824 5190 2098 5258 prohibe-

451 5279 597 5337 rent,
635 5280 943 5343 postquam
1005 5275 1075 5328 id'
1111 5276 1183 5328 ab
1243 5275 1535 5345 Antigona
1593 5281 1859 5346 Opertum
1917 5277 2100 5335 humo

451 5364 655 5429 fuerat,
687 5363 904 5417 factum
941 5363 1063 5432 regi
1097 5363 1466 5430 referentem,
1497 5369 1555 5418 et
1606 5381 1958 5438 magnopere
1997 5385 2099 5424 ex-

446 5458 749 5506 cusantem
783 5453 837 5505 id
871 5450 1017 5505 citra
1047 5467 1217 5507 suam
1250 5458 1306 5508 et
1340 5453 1637 5509 sociorum
1672 5458 2094 5515 conscientiam

447 5548 660 5612 actum,
694 5541 816 5596 huic
845 5541 1054 5596 dicere.

442 5661 953 5744 :ilt‘teic_8"'ér0t90t
985 5660 1079 5744 κᾶν
1119 5661 1354 5744 μύᾷρους
1388 5665 1555 5739 α’ίρειν
1591 5676 1800 5744 χεροῖν,

443 5731 548 5784 Καὶ
578 5738 684 5812 πῦρ
718 5731 957 5812 διέρπειν
987 5734 1076 5788 καὶ
1111 5731 1263 5802 θεοὺς
1301 5731 1660 5814 ὁρκωμοτεῖν,

2217 3683 2344 3734 Post
2381 3678 2658 3748 judicium
2708 3689 2985 3752 portatum
3037 3689 3323 3746 Telbaldus
3353 3695 3470 3758 ille,
3514 3700 3614 3750 Deo
3666 3693 3816 3765 prapi-

2217 3771 2415 3837 tiante,
2447 3768 2662 3824 itlzesus
2689 3775 2739 3824 et
2768 3789 2939 3827 sanus
2968 3779 3200 3834 omnino
3240 3786 3524 3852 apparuit.
3587 3784 3816 3838 Viderunt

2214 3862 2398 3911 autem
2418 3856 2699 3926 judicium
2735 3864 2956 3930 portari
3008 3867 3093 3920 vel
3149 3885 3390 3925 manum
3448 3875 3604 3928 tertia
3653 3872 3730 3927 die
3769 3869 3819 3922 de

2216 3961 2367 4001 more
2394 3947 2731 4016 reguardari
2757 3953 2874 4021 fere
2905 3953 3159 4010 universi
3179 3955 3453 4029 homines,
3478 3967 3582 4018 etc.

2288 4051 2433 4106 Ibid.
2497 4053 2696 4108 Triduo
2746 4056 2906 4126 prius
2963 4062 3265 4120 custoditus
3325 4077 3376 4123 et
3456 4086 3616 4124 manu
3693 4068 3818 4122 inva-

2215 4143 2355 4207 luta,
2388 4147 2496 4195 etc.
2534 4143 2649 4198 Hoc
2681 4143 2875 4215 ipsum
2905 4153 2994 4203 est
3022 4154 3173 4221 quod
3210 4158 3385 4213 modo
3420 4159 3687 4213 innuebat
3725 4156 3818 4207 An-

2215 4229 2582 4299 degavensis,
2617 4233 2736 4287 illis
2767 4237 2959 4292 verbis
2989 4256 3219 4297 manum
3251 4249 3415 4302 tertia
3461 4249 3546 4304 die
3592 4247 3652 4301 de
3696 4254 3818 4298 more

2215 4334 2308 4387 reg
2315 4335 2386 4372 ua
2392 4319 2491 4372 rda
2499 4322 2570 4374 ri.

2289 4408 2430 4461 Ibid.
2467 4411 2710 4475 Ignitum
2733 4413 2977 4482 globum.
3007 4419 3103 4475 Sic
3139 4419 3347 4497 μύδρον
3384 4427 3478 4484 hic
3506 4431 3664 4497 verti,
3695 4427 3813 4502 quod

2215 4513 2332 4550 non
2368 4497 2558 4553 solum
2595 4503 2898 4559 materiam
2941 4507 3212 4579 ignitam,
3241 4518 3340 4570 sed
3367 4517 3609 4589 ﬁguram
3635 4521 3813 4575 orbicu-

2217 4584 2397 4640 larem
2431 4592 2533 4642 aut
2557 4589 2906 4661 sphaericam
2932 4612 2999 4651 ea
3036 4615 3172 4655 voce
3215 4584 3462 4661 indicari
3515 4610 3732 4680 quidam
3751 4621 3807 4657 νϐ·

2221 4681 2407 4730 terum
2443 4678 2796 4750 significent,
2835 4690 2897 4737 ut
2928 4687 3304 4760 Anaxagoras
3351 4699 3498 4766 apud
3531 4678 3810 4757 vLacrtium.

2217 4763 2256 4819 l.
2309 4780 2371 4833 ιι,
2423 4768 2566 4822 dum
2612 4770 2796 4826 solem
2839 4776 3082 4831 vocabat
3129 4777 3333 4852 μύδρον
3389 4763 3661 4860 διάπυρον.
3692 4783 3816 4840 Uude

2217 4855 2559 4911 crediderim
2626 4875 2855 4916 massas
2916 4865 3061 4921 istas
3115 4869 3212 4923 ubi
3251 4869 3450 4948 μύδροι
3491 4855 3816 4938 vocabantur,

2215 4961 2425 5017 nempe
2448 4946 2506 5001 in
2538 4951 2780 5016 Graecia,
2815 4953 3070 5022 globosaa
3103 4958 3300 5016 forma:
3333 4946 3534 5032 fuisse,
3585 4983 3687 5021 non
3736 4977 3817 5016 ne-

2215 5034 2376 5090 scius
2408 5035 2570 5102 alibi,
2608 5046 2671 5093 ut
2697 5041 2754 5095 in
2787 5041 3120 5115 Germania,
3155 5065 3386 5110 massas
3416 5057 3713 5112 candentes
3750 5049 3816 5105 al-

2214 5125 2400 5180 terius
2431 5125 2636 5198 ﬁgurae
2665 5131 2735 5184 ad
2769 5133 3060 5202 ejusmodi
3094 5141 3497 5209 probationem
3542 5143 3813 5205 adhibitae.

2215 5214 2496 5269 nimirum
2529 5234 2794 5276 vomeres
2823 5239 2834 5283 ;
2864 5224 3126 5291 qualium
3179 5246 3279 5286 sex
3335 5234 3693 5290 candentium
3744 5227 3812 5300 {P-

2210 5305 2334 5375 442]
2367 5313 2602 5378 arreptu
2644 5316 2999 5384 portatuque
3030 5317 3267 5376 innoxio
3289 5325 3346 5378 S.
3377 5323 3813 5396 Chunegundem.

2209 5409 2447 5450 uxorem
2482 5397 2538 5452 S.
2577 5398 2809 5456 Henrici
2841 5405 3236 5476 imperatoris,
3286 5413 3662 5487 virginitatem
3705 5425 3812 5483 ρτο·

2210 5484 2383 5539 basse
2417 5496 2747 5544 memorant
2775 5492 3016 5550 Annales
3044 5499 3330 5568 Boiorum,
3365 5484 3402 5560 1:
3434 5521 3506 5558 1x.

2281 5583 2417 5638 Ibid.
2451 5586 2618 5642 Nuda
2649 5605 2840 5646 manu.
2871 5593 3097 5665 Supina
3126 5599 3366 5656 scilicet.
3411 5603 3562 5669 Quod
3617 5594 3812 5671 signiﬁ'

2212 5689 2354 5728 cans
2412 5675 2800 5749 Pachymeres
2881 5686 3156 5756 superius
3213 5693 3411 5763 posuit
3469 5690 3605 5767 χιιρί
3651 5686 3815 5759 κύψαν-

2210 5779 2317 5820 τες.
