4072 6430
279 427 446 506 ’ίοιδῖ

1900 450 2130 506 ΝΟΤΒ.

3583 449 3607 504 1
3616 449 3722 504 098

371 576 523 631 Ibid.
557 574 618 631 in
645 579 873 633 atatem
907 575 1033 647 jam
1080 581 1195 632 tum
1243 576 1507 648 puberem
1556 576 1800 631 adultus.
1848 576 1958 630 Pa-
1990 577 2044 642 Α
2072 577 2190 630 tur.
2223 576 2357 640 Quas
2392 574 2540 630 ratio
2590 575 2839 630 fortasse
2886 574 3053 629 illum
3112 572 3351 647 impulit
3391 575 3462 630 ad
3505 576 3720 632 metam

300 666 608 737 chymeres
642 665 739 720 ubi
773 664 1344 735 ConstantinOpolim
1368 666 1547 735 venit,
1574 665 1771 720 statim
1800 664 1871 719 ab
1890 680 1959 719 ea

303 773 334 811 e
366 755 592 810 Latinis
624 759 991 825 recuperata,
1038 755 1399 824 undeviginti
1451 772 1634 810 annos
1675 757 1800 809 erat
1849 771 1956 808 na-

302 848 423 911 tus,
461 853 521 899 ut
555 845 679 914 ipse
711 843 854 899 ait].
890 861 953 910 ιι,
988 861 1036 898 c.
1072 846 1120 911 1;
1154 845 1399 915 contigit
1429 845 1483 899 id
1511 861 1663 899 anno
1700 844 1858 909 l261,
1895 847 1958 896 ut

301 933 341 988 l.
377 951 441 989 ιιι
476 933 763 988 dicemus.
798 933 1060 996 Quatuor
1111 939 1211 987 aut
1243 934 1506 1005 quinque
1536 938 1671 988 ante
1702 934 1811 986 hoc
1843 948 1955 985 an-

300 1023 395 1079 nis
415 1023 741 1093 imperante
764 1023 1066 1076 Theodoro
1093 1022 1180 1076 hae
1214 1023 1589 1092 probationes
1618 1039 1719 1093 per
1737 1024 1955 1075 ferrum

254 1130 261 1145 ί
302 1113 565 1169 candens
608 1112 808 1166 Nicaea
858 1112 1402 1182 frequentabantur,
1455 1113 1555 1167 ubi
1604 1128 1702 1166 eas
1752 1110 1848 1164 ille
1892 1110 1957 1163 14

304 1207 405 1260 aut
438 1203 653 1273 15jam
689 1218 975 1255 annorum
1010 1200 1348 1257 adolescens
1380 1207 1645 1273 spectare
1677 1201 1883 1273 potuit.

373 1302 531 1356 634
567 1300 708 1354 Ibid.
740 1300 1019 1367 Quosdam
1049 1300 1191 1353 citra
1221 1300 1397 1354 ullam
1422 1300 1705 1371 defunctos
1748 1315 1959 1354 noxam

301 1389 598 1449 madentis
628 1388 841 1443 metalli
872 1392 1164 1443 tactuﬂoc
1188 1388 1459 1460 ﬁebat,§si
1492 1394 1687 1443 tamen
1723 1388 1957 1458 magica

305 1486 462 1538 artes
494 1479 892 1544 aberant,Deo
908 1477 1227 1533 miserante
1256 1478 1546 1533 infelicem
1573 1478 1955 1533 innocentum

304 1570 739 1632 necessitatem,
772 1584 887 1622 non
946 1572 1141 1621 autem
1198 1569 1559 1638 approbante
1616 1583 1955 1639 perversum

303 1675 481 1714 usum
514 1655 656 1711 talia
679 1655 1040 1726 jubentium.
1073 1655 1240 1723 Vide,
1265 1658 1312 1711 si
1346 1657 1505 1723 libet,
1550 1656 1957 1726 apudeanta-

302 1763 613 1811 cuzenum,
642 1745 683 1801 1.
716 1763 802 1811 ιιι,
839 1746 992 1811 c.27,
1015 1745 1298 1817 p.4393d.
1331 1750 1493 1817 Reg.,
1529 1745 1745 1800 mirum
1767 1761 1957 1800 exem-

306 1836 470 1908 plum
499 1834 765 1890 mulieris
801 1834 1074 1889 adulterii
1123 1851 1232 1888 reae
1276 1836 1375 1909 sed
1418 1834 1774 1906 paenitentis,
1826 1851 1955 1904 quae

304 1926 391 1981 sic
416 1942 479 1980 se
510 1925 886 1981 innocentem
918 1924 1040 1979 viro
1074 1924 1358 1994 probavit.
1396 1926 1462 1979 Et
1501 1923 1615 1978 alia
1666 1924 1956 1994 quadam-

312 2024 479 2072 tenus
511 2016 729 2071 similia
762 2017 913 2087 apud
956 2014 1294 2071 Caesarium.
1342 2014 1381 2070 l.
1417 2033 1482 2070 ιιι
1538 2015 1950 2083 Miraculorum,

304 2122 431 2177 quae
466 2105 599 2159 inde
628 2104 835 2159 recitat
870 2103 1056 2159 Delrio
1090 2104 1384 2175 locoijam
1425 2104 1703 2173 indicato,
1738 2120 1795 2175 p.
1848 2104 1949 2157 321

303 2186 396 2251 ed.
432 2194 615 2265 Lugd.

374 2292 513 2364 Cap.
548 2293 635 2347 13.
668 2292 776 2348 Ubi
809 2291 1025 2362 legitur
1058 2291 1115 2346 in
1151 2292 1367 2347 nostris
1397 2292 1571 2347 editis
1610 2292 1693 2352 οἷς
1728 2290 1755 2343 ὁ
1788 2288 1957 2363 λόγος

305 2376 654 2453 σπούδασμα,
688 2382 817 2436 cod.
852 2381 1022 2436 Barb.
1054 2380 1230 2436 aliam
1264 2381 1619 2452 suggerebat
1646 2380 1956 2436 lectionem

304 2487 424 2527 non
466 2468 915 2541 improbabilem
946 2467 1007 2521 τὸ
1044 2464 1509 2539 σπουδαζόμενον.

374 2570 511 2639 Cap.
550 2568 638 2624 14.
672 2569 834 2633 Quod
864 2568 979 2622 duo
1010 2568 1179 2622 codd.
1200 2567 1405 2638 optimi
1443 2567 1673 2622 Barber.
1703 2571 1762 2621 et
1784 2566 1956 2621 Allat.

304 2657 545 2725 habent,
600 2654 691 2708 καὶ
751 2652 1061 2725 ἀλαστήσας
1121 2655 1258 2727 πρὸς
1316 2654 1517 2708 ἐκεῖνον
1574 2656 1713 2722 οἷον,
1770 2654 1957 2709 Vatic.

308 2746 503 2802 reddit
530 2743 620 2797 καὶ
654 2744 767 2798 οἷον
802 2744 1169 2817 θυμούμενος.
1206 2745 1425 2815 Nempe
1464 2741 1711 2797 ἀλαστὲω
1762 2745 1961 2800 minus

312 2836 535 2891 usitata
582 2852 688 2890 vox
754 2834 880 2889 visa
938 2835 1321 2905 paraphraste
1380 2840 1483 2888 aut
1547 2833 1962 2905 interpolatore

310 2925 509 2997 potius
539 2940 715 2995 quam
764 2923 1087 2995 excriptore
1149 2923 1205 2977 in
1264 2923 1548 2978 tritiorem
1610 2940 1717 2978 usu
1775 2924 1966 2978 notio—

316 3028 557 3083 remque
589 3015 816 3065 mutata
837 3017 945 3079 est,
981 3016 1155 3082 prout
1214 3012 1432 3081 passim
1476 3012 1752 3082 deinceps
1809 3010 1964 3065 idem

316 3100 474 3156 solet.
511 3102 645 3165 Qum
670 3100 976 3171 sigillatim
1010 3104 1211 3154 notare
1244 3100 1422 3155 nimis
1454 3100 1693 3171 longum
1730 3102 1893 3153 foret.

387 3200 524 3270 Cap.
561 3199 647 3253 16.
681 3199 871 3268 Hujus
894 3197 1191 3253 concionis
1209 3216 1241 3252 a
1260 3198 1558 3253 Muzalone
1582 3198 1965 3269 protovestia-

313 3288 400 3343 rio
454 3287 665 3343 habitae
725 3288 1078 3342 sententiam
1141 3287 1394 3342 breviter
1449 3287 1967 3358 comprehendisse

309 3377 473 3432 visus
505 3382 594 3431 est
621 3375 987 3446 Nicephorus
1035 3377 1342 3446 Gregoras,
1389 3375 1427 3429 l.
1464 3393 1547 3442 ιιι,
1603 3393 1659 3446 ρ.
1703 3377 1792 3444 30,
1827 3377 1968 3430 dum

309 3465 397 3520 sic
458 3464 697 3519 scribit:
758 3464 943 3519 Ταῦτα
1016 3459 1073 3516 δὲ
1134 3461 1231 3517 οὐκ
1287 3461 1539 3533 ἐλελήθει
1605 3462 1965 3531 Μουζάλωνω

316 3550 493 3614 δεινὸς
556 3553 648 3625 μὲν
709 3552 810 3628 γὰρ
843 3552 870 3606 ὁ
898 3551 1035 3626 ἀνὴρ
1068 3553 1155 3605 καὶ
1190 3551 1456 3626 πρότερον
1488 3551 1553 3621 ἦν
1587 3551 1640 3614 ἐς
1689 3553 1750 3606 τὸ
1798 3548 1972 3607 συνιέ-

314 3662 399 3697 ναι
455 3645 702 3695 τοιαῦτα·
761 3641 887 3695 τότε
942 3638 999 3695 δὲ
1055 3640 1146 3695 καὶ
1204 3646 1311 3694 τῶν
1371 3642 1708 3716 πραγμάτων
1743 3641 1967 3710 ζεόντων

312 3733 406 3787 καὶ
456 3731 695 3807 ἀγωνίαν
751 3730 1009 3807 μεγίστην
1057 3734 1126 3804 τῇ
1185 3729 1391 3784 τούτων
1442 3734 1596 3805 ψυχῇ
1646 3729 1971 3805 προξενούν-

312 3843 447 3889 των,
510 3821 874 3893 συνετώτερος
926 3818 1084 3881 αὐτὸς
1126 3817 1301 3874 ἐδόκει
1346 3818 1548 3891 πολλῷ
1596 3817 1810 3875 ἐαυτοῦ.
1864 3819 1970 3874 Καὶ

312 3907 381 3979 δὴ
414 3910 515 3978 τήν
560 3907 831 3983 ταχίστην
880 3908 933 3971 ἐς
991 3906 1386 3983 βουλευτήριον
1430 3909 1667 3969 ἅπαντας
1722 3914 1972 3983 μεγιστᾶ-

307 4019 404 4062 νας
436 3997 807 4071 συνηθροικὼς
837 3995 1007 4067 δεξιάν
1039 4018 1098 4052 τε
1144 3995 1325 4052 ἐδίδου
1355 4003 1474 4059 τοῖς
1525 3996 1700 4065 ὅλοις,
1747 3996 1836 4051 καὶ
1868 3998 1972 4052 ἀπὸ

307 4086 407 4143 τοῦ
438 4088 665 4157 ἥττονος
715 4084 985 4163 προῦφερι
1016 4089 1117 4156 τὴν
1146 4086 1390 4160 ὁμιλίαν,
1444 4086 1532 4141 καὶ
1567 4085 1737 4155 δῆλος
1768 4088 1834 4156 ἦν
1866 4108 1971 4141 πα-

314 4179 664 4253 ραχωρήσων
713 4176 964 4249 ἀσμένως
1016 4180 1094 4248 τῷ
1149 4175 1474 4250 βουλομένῳ
1516 4178 1616 4245 τήν
1669 4176 1970 4247 ἐπιτροπὴν

310 4270 422 4321 τῶν
452 4287 512 4320 τε
553 4269 753 4320 κοινῶν
802 4264 1142 4339 πραγμάτων
1185 4267 1273 4320 καὶ
1326 4262 1489 4320 αὐτοῦ
1540 4263 1735 4335 δήτοῦ
1781 4263 1976 4328 παιδὸς

315 4360 416 4411 τοῦ
448 4352 739 4430 βασιλέως.
769 4355 900 4411 Haec
932 4356 1035 4410 ibi.
1069 4361 1146 4409 Ex
1194 4357 1410 4426 quibus
1456 4361 1616 4427 patet
1659 4356 1972 4427 Georgium

324 4446 694 4502 Muzalonem
758 4443 1271 4516 protovestiorium
1338 4445 1487 4500 bene
1547 4445 1973 4516 intelligentem

318 4538 544 4606 quanta
572 4532 633 4588 in
666 4548 800 4589 eum
834 4535 1109 4606 ﬂagraret
1152 4532 1392 4600 invidia,
1446 4535 1516 4589 ad
1569 4535 1865 4605 principes
1912 4534 1973 4587 in

316 4628 591 4680 senatum
628 4628 973 4678 convocatos
1005 4637 1139 4677 cum
1183 4622 1478 4678 submisse
1524 4627 1701 4693 atque
1731 4623 1976 4678 obnoxie

2067 662 2327 719 historiae
2360 680 2480 718 suae
2516 664 2887 735 ﬁgendamin
2920 663 3362 736 recuperatione
3386 664 3719 736 urbis,quas

2068 751 2313 807 Joannis
2344 753 2786 808 excascationem
2823 753 2978 808 haud
3012 754 3183 825 longo
3207 754 3396 824 spatio
3421 756 3722 825 praecessit

2071 845 2135 895 ut
2165 840 2612 896 libromharum
2638 842 3126 898 Observationum
3152 844 3717 900 demonstrabimus.

2068 934 2183 985 Nec
2215 932 2378 986 abest
2408 932 3046 1002 agverisimilisensisse
3070 933 3486 1005 Acropolitam,
3510 934 3573 1005 [P
3591 936 3719 1007 443]

2069 1020 2286 1090 quippe
2319 1021 2615 1076 hominem
2641 1022 2943 1092 politicum
2975 1023 3036 1077 in
3069 1022 3294 1094 paucis,
3341 1040 3519 1093 quam
3568 1030 3724 1079 esset

2068 1109 2217 1165 635
2248 1111 2453 1164 merito
2486 1116 2793 1181 suspectus
2827 1111 3067 1167 Michael
3118 1112 3479 1183 Palmologus
3511 1130 3723 1183 procu—

2069 1204 2204 1253 ratas
2237 1198 2386 1253 clam
2419 1200 2739 1255 eversionis
2770 1217 2836 1255 oc
2880 1202 3054 1255 caedis
3104 1201 3501 1270 Muzalonum,
3552 1204 3721 1273 cujus

2068 1287 2197 1342 ideo
2228 1289 2629 1359 catastrophes
2663 1293 2983 1360 apparatus
3032 1306 3095 1345 ac
3127 1306 3336 1345 causas
3394 1291 3722 1362 disquirere

2067 1377 2357 1433 curiosius
2388 1378 2652 1433 omiserit
2682 1379 2741 1433 in
2774 1396 2945 1451 opere
2978 1380 3047 1433 ad
3081 1381 3352 1451 gratiam,
3383 1385 3445 1435 ut
3478 1385 3722 1453 apparet

2069 1466 2402 1538 Palaeologaa
2432 1466 2667 1521 familiae
2703 1472 2840 1523 tunc
2872 1469 3171 1540 regnantis
3194 1468 3371 1524 edito.
3420 1470 3719 1541 Suspicio-

2068 1557 2161 1610 nis
2192 1556 2320 1626 ejus
2352 1562 2581 1626 (praeter
2626 1557 2966 1613 Cassianam
3028 1558 3423 1626 conjecturam
3460 1575 3523 1613 ex
3584 1576 3720 1614 suc-

2068 1661 2233 1700 cessu
2268 1646 2529 1716 petitam,
2551 1662 2678 1716 qua
2712 1646 2760 1700 si
2783 1647 3402 1717 eumonerabatcujus
3431 1647 3621 1703 fructu
3654 1666 3718 1703 ac

2067 1735 2219 1790 bono
2254 1736 2506 1790 maximo
2538 1738 2718 1791 amoti
2759 1753 2789 1790 e
2836 1736 3026 1792 medio
3084 1737 3418 1793 Muzalones
3478 1739 3718 1805 fuerint,

2066 1825 2362 1879 neminem
2401 1825 2588 1897 magis
2616 1825 2942 1881 infamabat
2981 1843 3157 1897 quam
3211 1826 3577 1895 Michaelem,
3624 1830 3717 1883 cui

2069 1914 2263 1968 aditus
2293 1914 2365 1968 ad
2398 1914 2713 1985 imperium
2747 1914 2855 1969 hoc
2890 1916 3039 1971 facto
3073 1917 3351 1987 patuerit)
3371 1916 3547 1972 etiam
3583 1918 3718 1972 fun-

2065 2003 2411 2056 damentum
2475 2001 2635 2057 aliud
2686 2003 3070 2075 Pacbymeres
3112 2005 3397 2076 suggerit,
3432 2022 3488 2076 p.
3537 2006 3608 2059 55
3657 2007 3716 2062 in

2064 2090 2220 2144 hunc
2252 2091 2492 2145 modum
2519 2091 2811 2147 scribens:
2843 2089 3031 2146 Λΐτίαν
3067 2089 3124 2145 δὲ
3144 2086 3300 2166 ἔσχεν
3331 2092 3406 2154 εἷς
3434 2097 3623 2163 τοῦτο,
3644 2096 3720 2159 ὡς

2066 2176 2094 2229 ὁ
2149 2180 2257 2230 τῶν
2314 2177 2543 2233 πολλῶν
2605 2178 2770 2253 λόγος
2825 2174 2964 2254 ἔχει,
2999 2182 3026 2235 ὁ
3056 2181 3262 2235 τούτων
3302 2189 3402 2251 τῆς
3434 2185 3718 2260 φάλαγγος

2066 2264 2539 2340 ἐξηγούμενος,ὃς
2596 2268 2684 2322 καὶ
2734 2268 2903 2324 πάλαι
2957 2270 3051 2342 μὶν
3082 2271 3450 2344 ὡρμημένους
3500 2271 3716 2345 αὐτοὺς,

2064 2354 2188 2409 τότε
2220 2352 2265 2408 δ’
2297 2355 2614 2434 ἐξαφθὲντας
2643 2356 2837 2430 ξπλὲον
2899 2359 3173 2421 ἀνεθέντας
3227 2365 3324 2415 τοῦ
3382 2356 3577 2438 φόϐου,
3630 2348 3721 2416 παὶ

2069 2441 2421 2520 δρασείοντας
2478 2449 2544 2501 τὰ
2593 2447 2891 2517 ἀνήκεστα,
2954 2448 3006 2520 ἐξ
3063 2450 3285 2523 ἑτοίμου
3357 2452 3576 2522 ἠρέθισε
3629 2453 3721 2507 τὸν

2069 2535 2232 2611 φόνον
2290 2534 2661 2610 ἐπιτολμῆσαι
2713 2538 2900 2613 καιρὸν
2960 2535 3208 2614 ἔχοντας.
3273 2540 3436 2596 Καὶὸ
3468 2539 3631 2614 λόγος
3665 2541 3725 2596 ἐκ

2067 2628 2173 2677 τῶν
2233 2623 2451 2699 ὕστερον
2513 2622 2663 2703 φέρει
2720 2627 2783 2681 τὸ
2839 2628 3087 2691 πιθανόν·
3151 2625 3406 2703 οὐδὲγὰρ
3448 2627 3722 2702 ἐτόλμων,

2068 2713 2121 2768 τί
2174 2715 2247 2785 μή
2278 2735 2425 2775 τινας
2454 2710 2809 2789 προϐιϐάσας
2868 2716 3045 2792 εἶχον,
3076 2715 3397 2782 ἀλλοεθνεῖς
3439 2714 3589 2780 ὄντες
3635 2719 3725 2773 καὶ

2068 2803 2131 2856 τὸ
2162 2803 2329 2857 πλέον
2360 2802 2653 2874 ἐπήλυδες,
2698 2813 2807 2863 etc.
2868 2809 3000 2873 Quaa
3052 2807 3390 2879 signiﬁcant
3436 2810 3726 2879 jactatum

2067 2895 2191 2963 jam
2225 2898 2349 2948 tum
2394 2896 2623 2951 arcanis
2683 2897 2948 2952 susurris
3008 2897 3448 2969 plerorumque,
3510 2901 3727 2955 caedem

2074 2982 2451 3038 Muzalonum
2484 2985 2555 3039 ab
2606 2985 2811 3041 Italica
2865 2987 3118 3041 maxime
3168 2987 3382 3043 militia
3434 2994 3724 3060 patratum

2077 3071 2233 3125 haud
2268 3072 2394 3127 sine
2424 3074 2783 3131 conscientia
2814 3080 2871 3130 et
2899 3076 3076 3130 tacito
3106 3076 3369 3147 impulsu
3404 3079 3575 3133 ducis
3615 3079 3730 3133 hu-

2071 3160 2173 3230 jus
2203 3161 2434 3232 generis
2470 3162 2725 3218 militum
2756 3163 2937 3218 videri
2970 3170 3343 3222 attentatam.
3373 3167 3496 3223 Non
3521 3167 3604 3223 ait
3636 3168 3727 3222 hic

2079 3251 2318 3319 quidem
2353 3251 2698 3307 nominatim
2733 3253 2869 3323 quis
2900 3253 3009 3308 iste
3040 3255 3156 3309 dux
3188 3255 3364 3311 fuerit
3387 3257 3518 3323 ;sed
3555 3274 3728 3328 supe-

2001 3327 2044 3394 C
2084 3338 2207 3392 rius
2240 3356 2292 3409 p.
2326 3339 2385 3393 21
2413 3340 2539 3409 jam
2573 3340 2796 3396 dixerat
2846 3341 3078 3397 Italicas
3127 3359 3332 3398 omnes
3378 3346 3577 3415 copias
3624 3327 3728 3398 Mi-

2081 3426 2265 3482 chaeli
2327 3428 2669 3502 Palazologo,
2730 3435 2795 3485 ut
2853 3447 3065 3502 magno
3122 3434 3483 3503 conostaulo,
3548 3435 3731 3489 fuisse

2082 3518 2403 3588 subjectae.
2438 3518 2603 3575 Unde
2633 3525 2862 3575 constat
2888 3520 2996 3575 hoc
3034 3520 3158 3577 loco
3190 3522 3565 3595 designatum
3624 3525 3735 3580 Mi-

2082 3606 2364 3676 chaelem,
2398 3608 2570 3664 tacito
2601 3614 2797 3664 tamen
2829 3610 2958 3680 ejus
3003 3611 3259 3681 nomine,
3309 3613 3379 3667 ad
3432 3612 3736 3668 vitandam

2083 3695 2307 3750 scilicet
2338 3697 2720 3753 offensionem
2753 3699 3102 3770 imperantis
3136 3702 3368 3756 domus.

2154 3804 2293 3871 Pag.
2327 3802 2414 3855 49.
2450 3803 2617 3874 Cujus
2666 3808 2863 3860 uxoris
2903 3807 3243 3862 avunculum
3289 3825 3347 3863 se
3397 3808 3738 3864 meminerat.

2083 3889 2888 3962 Conjugem'protovestiarii
2955 3896 3279 3951 Muzalonis
3339 3898 3644 3969 Gregoras,
3699 3898 3737 3953 l.

2084 3995 2169 4043 ιιι,
2204 3996 2335 4050 pag.
2369 3980 2460 4049 29,
2495 3981 2689 4036 solum
2720 3982 2801 4036 ait
2828 3983 3286 4054 eximperatorio
3304 4003 3514 4057 genere
3535 3988 3737 4043 fuisse:

2083 4072 2316 4140 gentem
2350 4086 2462 4123 non
2496 4069 2789 4141 exprimit.
2828 4071 3175 4143 Diligentius
3224 4079 3421 4129 noster
3461 4078 3586 4147 jam
3637 4094 3739 4131 su-

2085 4158 2305 4230 perius,
2338 4159 2510 4229 p.24,
2551 4160 2871 4230 scripserat
2918 4161 3101 4215 fuisse
3159 4161 3319 4217 illam
3382 4163 3735 4221 Cantacuze-

2084 4263 2219 4301 nam
2253 4263 2321 4300 ex
2346 4252 2505 4317 patre
2539 4247 2839 4303 Michaelis
2862 4248 3171 4321 Palaaologi
3205 4268 3402 4306 sorore
3451 4254 3736 4325 genitam,

2084 4336 2319 4391 nomine
2346 4336 2730 4393 Theodoram.
2764 4338 2913 4393 Vere
2944 4353 3080 4410 ergo
3112 4339 3318 4395 scribit
3339 4346 3539 4397 noster
3566 4348 3623 4396 et
3644 4344 3738 4398 hic

2083 4432 2141 4481 et
2171 4427 2280 4480 sub
2312 4426 2489 4480 ﬁnem
2524 4443 2578 4498 p.
2610 4428 2700 4493 6‘3,
2738 4427 3083 4483 Michaelem
3134 4428 3525 4501 Palaaologum
3568 4426 3739 4499 θέῖον,

2085 4515 2195 4570 hoc
2226 4519 2315 4569 est
2345 4514 2703 4570 avunculum
2739 4516 2921 4572 fuisse
2952 4518 3146 4573 uxoris
3179 4517 3520 4573 Muzalonis.
3547 4519 3742 4582 Quan-

2086 4620 2258 4675 quam
2294 4604 2441 4659 mibi
2467 4604 2840 4671 posteriorem
2877 4606 3065 4662 locum
3102 4607 3512 4679 interpretanti
3553 4610 3744 4679 patrui

315 4712 608 4778 locutum,
641 4717 767 4766 tum
818 4710 968 4765 serio
1013 4711 1392 4781 deprecatum
1455 4710 1669 4766 nimios
1728 4711 1979 4767 honores
2011 4693 2442 4761 DVOCBbUIum
2499 4712 2603 4765 PFO
2673 4696 2960 4752 θονυΰουῙο
3019 4697 3269 4766 exemit;
3330 4699 3485 4768 quOd
3536 4715 3743 4771 ΡΓθεοΓ

316 4800 538 4875 quibus
568 4805 725 4856 esset
756 4800 932 4855 homo
982 4816 1171 4854 novus
1229 4799 1616 4855 nobilissimis
1677 4799 1973 4872 praelatus,

314 4890 475 4945 ultro
509 4889 945 4945 abdicationem
988 4888 1521 4944 administrationis
1552 4888 1881 4959 reipublicae
1917 4897 1975 4946 et

313 4978 516 5033 tutelas
549 4978 715 5047 pueri
763 4977 1015 5049 Augusti
1062 4976 1371 5033 obtulisse.
1405 4978 1563 5033 Unde
1595 4982 1833 5049 apparet
1885 4979 1974 5034 vel

312 5066 471 5123 hanc
503 5082 632 5122 esse
662 5066 853 5138 ipsam
894 5063 1226 5139 αὐτόχρημα
1267 5065 1590 5122 Muzalonis
1623 5066 1971 5134 orationem,

314 5158 493 5226 cujus
511 5155 843 5228 exemplum
871 5156 1249 5228 Pachymeres
1280 5161 1487 5211 nactus
1510 5154 1647 5210 huic
1674 5155 1799 5211 loco
1818 5155 1972 5212 inse-

318 5244 525 5310 ruerit,
575 5246 661 5300 vel
716 5245 763 5300 si
824 5245 896 5300 ab
954 5245 1083 5317 ipso
1112 5244 1443 5314 conscripta
1475 5248 1565 5299 est
1597 5244 1970 5317 Pachymere,

317 5339 454 5405 apte
487 5333 559 5389 ab
594 5350 660 5388 eo
711 5334 782 5388 ad
834 5350 1032 5388 vervm
1093 5334 1481 5399 efformatam,
1540 5334 1873 5404 Acropolita
1903 5335 1974 5391 de

317 5424 418 5479 his
448 5422 603 5487 silet,
634 5440 699 5478 ac
731 5422 963 5478 solitam
998 5422 1364 5495 diligentiam
1401 5422 1697 5477 remittere
1746 5424 1976 5478 videtur

318 5514 381 5568 in
418 5511 551 5568 istis
584 5511 768 5566 initiis
793 5511 1023 5583 imperii
1074 5512 1397 5579 Michaelis,
1455 5511 1669 5580 vitans,
1726 5518 1791 5567 ut
1847 5514 1973 5585 opi-

321 5618 453 5667 nor,
506 5605 784 5671 tanquam
837 5600 1143 5671 scopulum
1199 5600 1482 5655 nefariam
1528 5601 1973 5671 oppressionem

319 5689 536 5764 pupilli
562 5690 833 5757 Joannis,
868 5706 937 5745 ne
969 5689 1385 5760 imperatorem
1416 5688 1777 5756 Michaelem,
1803 5692 1973 5763 cujus

323 5794 633 5850 nunquam
667 5778 795 5834 sine
824 5777 1011 5849 elogio
1044 5777 1333 5849 meminit,
1365 5778 1698 5850 vituperare
1732 5782 1971 5853 cogere-

644 5898 729 5958 ΡΑ
741 5914 910 5958 ιιιοι..
960 5898 1071 5958 Gs.
1118 5896 1373 5959 CXLIII.

2087 4782 2365 4839 lectorem
2398 4799 2470 4838 ne
2503 4784 2795 4856 corrigere
2824 4791 3118 4857 gravetur.

2156 4890 2293 4960 Pag.
2343 4891 2433 4946 50.
2492 4892 2571 4946 lbi
2616 4891 2812 4962 fatalis
2860 4892 3160 4949 necessitas
3206 4910 3437 4948 causam
3465 4896 3732 4953 absolvit.

2082 4979 2298 5033 Mentio
2326 4979 2420 5034 hic
2453 4980 2645 5035 fatalis
2680 4983 3048 5038 necessitatis
3093 4983 3164 5037 ad
3225 4983 3434 5038 mortis
3489 4984 3737 5041 inevita-

2084 5067 2259 5123 bilem
2295 5069 2703 5125 certitudinem
2742 5070 3142 5141 pertinet,non
3166 5073 3638 5145 autem,opinor,
3662 5076 3733 5130 ad

2083 5161 2468 5215 astruendum
2510 5161 2759 5233 impium
2817 5164 3033 5234 dogma
3088 5163 3420 5219 libertatem
3484 5167 3732 5224 arbitrii.

2083 5266 2259 5321 quam
2328 5250 2595 5306 doctrina
2647 5251 2936 5307 catholica
3003 5254 3154 5308 tueri
3205 5254 3398 5324 jubet,
3464 5257 3741 5313 extermi-

2083 5356 2231 5393 nans
2256 5356 2559 5409 perperam
2593 5346 2814 5395 asserta
2842 5358 3158 5398 causarum
3192 5348 3544 5401 aeternarum
3570 5347 3741 5402 obvia

2088 5445 2335 5499 quasque
2365 5428 2819 5485 ineluctabiliter
2851 5430 3205 5500 rapientium
3239 5432 3456 5489 invicta
3484 5437 3740 5505 quadam

2081 5517 2157 5574 vi.
2190 5518 2247 5573 Si
2279 5522 2473 5573 tamen
2510 5518 2603 5573 hic
2662 5522 2764 5574 aut
2821 5519 2958 5575 alibi
3020 5527 3224 5578 noster
3284 5524 3598 5579 historicus
3643 5528 3746 5579 aut

2082 5606 2208 5676 ipse
2231 5606 2489 5661 afﬁrmat
2521 5606 2825 5679 quidpiam
2860 5614 2963 5664 aut
2990 5609 3138 5666 alios
3179 5611 3401 5667 aientes
3451 5612 3650 5677 refert,
3683 5614 3742 5667 in

2083 5711 2200 5767 quo
2230 5696 2361 5766 ejus
2391 5696 2704 5767 proscripti
2736 5698 2810 5753 ab
2841 5698 3101 5755 Ecclesia
3151 5700 3366 5757 erroris
3422 5700 3742 5773 vestigium

2085 5784 2323 5855 aliquod
2354 5785 2852 5859 deprehendatur,
2884 5789 3222 5845 meminerit
3265 5788 3450 5846 lector
3493 5790 3741 5847 catholi-

3339 5909 3415 5967 35
