4072 6386
422 372 563 429 1099

1468 367 1540 421 P.
1580 361 1856 420 POSSINI
1893 354 2511 416 OBSERVATIONUM
2548 357 2686 412 LIB.
2723 361 2798 414 II.

3686 362 3804 423 1100

421 514 528 553 cus
561 495 709 551 nihil
744 493 1135 567 prtejudicare
1152 494 1351 547 contra
1371 487 1752 545 orthodoxam
1775 484 2079 539 veritatem
2111 482 2166 549 Α
2195 485 2591 538 consentanea
2617 480 2797 537 variis
2832 480 3093 539 historian
3142 486 3200 541 et
3258 483 3516 542 chronici
3562 485 3648 544 sui
3682 487 3802 546 locis

423 583 727 656 quaslibet
786 580 1306 638 schismaticorum
1361 576 1685 645 opiniones.
1734 573 1881 628 Nam
1930 571 2084 626 utin

422 672 771 745 praefatione
802 670 1293 743 pramonuimus,
1344 665 1437 720 hic
1485 663 1740 735 scriptor
1794 659 2084 717 sehisma~

428 763 587 819 ticus
618 766 727 818 est.

423 890 429 894 -
500 862 655 918 680
686 861 826 932 Cap.
862 859 950 914 19.
1004 860 1140 924 Quae
1191 855 1332 911 urbs
1378 870 1615 910 scenam
1672 849 1897 907 dederit
1946 846 2088 903 huic

426 950 752 1022 tragoediae,
785 964 891 1003 nec
929 951 1130 1002 noster
1161 961 1266 1001 nec
1297 942 1634 1015 Acropolita
1673 957 1778 997 nec
1799 940 2086 1009 Gregoras

430 1041 606 1108 clare,
637 1039 780 1093 dum
813 1052 943 1092 eam
979 1039 1244 1102 narrant,
1280 1032 1632 1103 exprimunt.
1656 1029 1859 1085 Fuisse
1890 1030 2085 1081 autem

430 1128 793 1201 Magnesiam
860 1141 927 1179 ex
1000 1123 1234 1178 duobus
1301 1119 1665 1192 argumentis
1731 1116 2085 1187 colligimus.

428 1217 596 1271 Prius
627 1214 896 1286 estquod
938 1230 986 1268 ο.
1042 1213 1110 1266 15
1161 1212 1339 1266 refert
1394 1208 1798 1281 Pachymcres,
1857 1207 2088 1260 mortuo

425 1306 730 1361 Theodoro
765 1306 1027 1375 Augusto
1055 1302 1185 1372 ejus
1219 1299 1405 1355 tilium
1439 1299 1510 1353 ab
1541 1299 1670 1369 ejus
1712 1299 1903 1350 tutore
1960 1297 2085 1347 Mu-

423 1394 628 1450 zalone
660 1393 981 1449 deductum
1014 1391 1075 1445 in
1109 1387 1576 1444 munitissimam
1616 1401 1810 1442 arcem
1842 1384 1914 1438 ad
1948 1381 2088 1437 Her-

425 1500 591 1539 mum
628 1480 960 1553 Magnesiaa.
1015 1481 1206 1545 Quare
1254 1494 1388 1534 cum
1453 1476 1830 1531 manifestum
1889 1471 1965 1527 sit
2020 1486 2089 1525 ex

422 1573 558 1645 ipsa
587 1570 870 1627 relatione
902 1569 984 1624 rei
1017 1584 1172 1625 nono
1199 1567 1291 1622 die
1323 1584 1355 1622 a
1384 1565 1671 1622 Theodori
1702 1562 1863 1619 obitu
1887 1564 2085 1633 gestae,

429 1676 544 1718 non
566 1660 741 1732 longe
763 1658 1025 1714 abfuisse
1042 1659 1324 1714 Joannem
1349 1653 1632 1727 pupillum
1660 1652 1830 1708 aloco
1852 1650 2087 1707 ubiMu-

429 1750 664 1806 zalones
694 1747 983 1804 interfecti
1018 1753 1180 1817 sunt,
1198 1745 1494 1817 oportetid
1514 1744 1664 1799 factu
1677 1757 1859 1797 mnon
1885 1738 2083 1812 procul

431 1842 503 1896 ab
528 1839 672 1894 urbe
699 1837 1014 1910 Magnesia.
1048 1835 1219 1892 Aliud
1245 1838 1655 1906 argumentum
1691 1831 1985 1886 sumimus
2016 1844 2085 1884 ex
2116 1854 2163 1919 Β

429 1928 647 2001 templo
668 1925 1228 1996 Sosandrorum,ubi
1254 1923 1556 1995 piaculum
1588 1921 1735 1977 illud
1786 1924 2081 1992 patratum

430 2023 539 2075 est.
578 2020 653 2073 De
683 2034 799 2088 quo
831 2016 916 2072 sic
947 2015 1153 2071 scribit
1183 2014 1491 2084 Gregoras,
1525 2011 1565 2066 l.
1601 2028 1663 2077 ΙΙ,
1708 2025 1839 2081 pag.
1870 2010 1963 2077 21,
2015 2009 2085 2063 de

426 2108 655 2164 Joanne
687 2111 845 2161 Duca
877 2104 996 2160 sive
1027 2104 1258 2158 Batatze
1281 2106 1338 2156 et
1370 2103 1501 2171 ejus
1532 2100 1777 2168 conjuge
1820 2099 2087 2169 Augusta

428 2212 605 2252 rene:
666 2190 989 2264 Ἐδείμαντο
1045 2188 1104 2244 δὲ
1150 2190 1240 2243 καὶ
1273 2189 1435 2251 ναοὺς
1465 2186 1764 2264 ἀμφότεροι
1816 2183 1938 2240 λίαν
1985 2205 2085 2238 πε-

428 2281 732 2359 ρικαλλεῖς,
783 2278 1063 2341 πλείστοις
1107 2276 1461 2351 ἀναλώμασιν
1517 2274 1771 2350 μεγίστας
1821 2272 1912 2328 καὶ
1960 2294 2085 2329 ποι-

424 2370 585 2434 κίλας
635 2370 734 2432 τὰς
790 2369 996 2425 τούτων
1056 2365 1356 2441 οἷκοδομάς
1405 2368 1490 2438 [Ρ.
1526 2366 1651 2438 414]
1694 2365 2085 2419 κατεσκευακό-

426 2482 537 2532 τες,
596 2461 624 2516 ὁ
684 2460 776 2533 μὲν
841 2456 1095 2534 βασιλεὺς
1144 2457 1234 2513 τόν
1281 2478 1340 2511 τε
1365 2455 1490 2530 περὶ
1520 2455 1617 2523 τήν
1651 2452 1963 2530 Μαγνησίαν
2012 2451 2089 2516 εἷς

431 2546 609 2623 ὄνομα
657 2557 758 2619 τῆς
816 2550 1167 2623 Θεομῆτορος
1224 2542 1521 2620 Σώσανδρα
1574 2542 1941 2615 καλούμενον,
1997 2543 2086 2596 καὶ

429 2639 521 2695 τὸν
582 2638 730 2700 ἐντὸς
775 2644 878 2707 τῆς
922 2636 1149 2697 Νικαίας
1176 2635 1251 2697 εἰς
1284 2631 1459 2707 ὄνομα
1514 2633 1808 2690 Ἀντωνίου
1863 2634 1959 2686 τοῦ
1994 2651 2087 2704 με·

432 2726 715 2805 γάλου.Ε[ι
732 2727 1019 2800 templum
1041 2727 1471 2783 Sosandrorum
1489 2723 1712 2778 dictum
1735 2721 2084 2778 aedificatum

435 2816 1024 2890 magnificentissime
1056 2833 1088 2870 a
1117 2815 1343 2870 Joanne
1376 2816 1605 2868 Batatze
1656 2815 1917 2882 Augusto
1963 2809 2089 2885 περὶ

434 2903 756 2979 Μαγνησίαν
816 2904 970 2958 circa
1026 2903 1411 2975 Magnesiam,
1458 2901 1566 2956 hoc
1597 2905 1708 2969 est,
1741 2904 1805 2954 ut
1861 2898 2087 2971 opinor,

435 2996 496 3051 in
523 2995 866 3051 suburbano
896 2994 1025 3063 ejus
1057 2991 1313 3047 civitatis
1347 2999 1508 3046 extra
1536 2990 1664 3060 ejus
1694 3004 1915 3044 muros.
1942 2988 2090 3045 Nam

437 3085 544 3139 hoe
572 3082 752 3154 exigit
782 3080 1095 3137 antithesis
1125 3096 1259 3135 cum
1293 3078 1408 3133 alio
1444 3078 1502 3132 in
1536 3078 1816 3133 honorem
1849 3080 1905 3130 S.
1965 3082 2089 3131 An-

432 3172 577 3228 tonii
603 3170 825 3243 Magni,
875 3167 1025 3229 ἐντὸς
1080 3174 1182 3237 τῆς
1241 3165 1470 3227 Νικαίας
1527 3166 1687 3221 intra
1742 3174 1944 3221 urbem
1993 3164 2092 3220 Ni-

437 3278 615 3317 caeam
645 3261 718 3316 ab
743 3259 957 3315 eodum
990 3261 1235 3313 structo.

507 3364 645 3432 Pag,
698 3359 794 3426 6,2
843 3360 1070 3428 Impune
1120 3358 1327 3410 velute
1378 3355 1542 3425 Mysis
1593 3351 1846 3424 praedam
1898 3367 2085 3420 conge-

433 3452 649 3518 rebant,
682 3453 814 3515 etc.,
848 3448 934 3501 sic
966 3444 1365 3517 expressimus
1404 3442 1608 3498 Graeca
1652 3440 1754 3496 illa
1795 3439 1886 3493 καὶ
1944 3438 2090 3495 λείαν

438 3536 636 3593 Μυσῶν
667 3534 928 3591 τάκείνων
991 3531 1233 3587 ἐποίουν.
1295 3532 1511 3588 Notum
1571 3531 1904 3586 Graecorum
1952 3532 2091 3587 ada-

443 3630 607 3700 gium
639 3632 730 3682 est
760 3625 962 3680 Μυσῶν
1016 3618 1185 3689 λείας
1242 3622 1301 3676 in
1352 3621 1523 3691 cujus
1574 3620 1943 3675 enarratione
2000 3638 2090 3676 as-

443 3718 667 3773 sentior
715 3714 911 3785 potius
941 3710 1191 3767 Zenobio
1252 3714 1309 3765 et
1363 3710 1555 3763 Suidze
1614 3709 1845 3780 passive
1903 3709 1960 3764 id
2021 3710 2091 3765 de

432 3805 611 3875 Mysis
642 3784 852 3875 praedae
882 3803 1010 3856 sine
1051 3799 1279 3855 vindice
1320 3798 1604 3870 expositis
1661 3784 2091 3869 interpretanti-

434 3896 569 3962 bus,
604 3909 784 3964 quam
817 3891 1178 3963 Diogeniano
1211 3889 1403 3961 Mysos
1452 3889 1804 3960 praedatores
1855 3888 2088 3944 vicino-

431 4000 567 4039 rum
598 3984 726 4039 sine
758 3987 999 4037 auctore
1030 3979 1240 4036 idoneo
1274 3979 1595 4033 inducenti.

499 4085 640 4152 Pag.
669 4079 760 4136 59.
793 4082 1049 4137 Caleeum
1080 4076 1141 4131 in
1184 4085 1409 4132 mortuo
1464 4074 1710 4145 nigrum.
1772 4074 2087 4130 Existima~

425 4175 560 4226 rant
592 4170 748 4225 hunc
778 4165 1289 4240 TheOphylaetum
1314 4163 1768 4236 grammaticum
1792 4179 1921 4218 esse
1953 4179 2086 4235 pro-

420 4257 826 4315 tovestiarium
860 4253 1512 4324 Muzalonem.ideeque
1534 4251 1703 4307 illum
1727 4253 2082 4309 occiderant.

423 4348 534 4403 Sed
567 4364 705 4402 eum
741 4344 959 4401 mortui
993 4344 1223 4399 calceos
1249 4343 1452 4414 nigros
1504 4341 2081 4412 animadvertissent,

420 4452 649 4492 errasse
681 4451 743 4489 se
765 4437 1147 4506 agnoverunt.
1210 4430 1525 4498 Nimirum,
1576 4434 1642 4484 ut
1691 4429 1857 4484 docet
1912 4429 2077 4485 Codi-

422 4542 556 4594 nus,
594 4530 670 4581 De
692 4524 863 4594 ofﬂa,
896 4538 946 4576 c.
978 4521 1031 4588 4,
1060 4537 1114 4591 ρ.
1140 4520 1209 4575 46
1234 4519 1373 4574 ed.t
1403 4517 1613 4582 Paris.,
1639 4516 1722 4572 Τὰ
1747 4512 2080 4589 ὗποδήματα

418 4612 584 4669 αὐτοῦ
661 4604 1233 4685 (πρωτοϐεστιαρίου)
1306 4605 1577 4681 πράσινα.
1646 4605 1794 4661 Hinc
1869 4606 2083 4661 intelli-

416 4704 580 4777 gitur
609 4702 668 4757 in
701 4700 927 4757 ceteris
973 4696 1340 4753 indumentis
1398 4694 1546 4750 nihil
1605 4699 1731 4749 tum
1794 4694 2075 4750 eximium

417 4789 859 4866 protovestiario
884 4788 1086 4858 fuisse,
1119 4803 1233 4857 quo
1275 4803 1308 4841 a
1340 4786 1565 4856 privato
1622 4783 2073 4840 discerneretur.

416 4886 481 4939 In
496 4897 614 4954 quo
639 4883 1148 4953 posteamutatum
1178 4874 1505 4946 quidpiam.
1525 4877 1600 4927 Ut
1617 4872 1774 4927 enim
1807 4873 2079 4929 observat

415 4973 573 5028 idem
593 4969 851 5026 Codinus
885 4984 933 5022 e.
967 4968 1023 5036 2,
1045 4983 1099 5037 p,
1115 4962 1427 5031 8,Miehael
1448 4962 1674 5034 primus
1691 4977 1722 5016 e
1740 4960 2075 5034 Palaeolegis

418 5063 735 5133 imperator
762 5056 1401 5131 prasinaindumcnta,
1455 5070 1585 5125 quas
1627 5053 1855 5124 insigne
1911 5055 2077 5126 prius

417 5152 651 5206 fuerant
684 5146 1095 5220 protosebasti,
1121 5146 1190 5201 ad
1222 5143 2073 5216 protovestiariumtranstulit:

418 5236 738 5309 Σημείωσαι
770 5234 854 5289 ὅτι
911 5230 1175 5309 βασιλεὺς
1210 5229 1447 5306 Μιχαὴλ
1501 5234 1610 5285 τῶν
1677 5227 2072 5306 Παλαιολόγων

411 5329 655 5401 πρῶτος,
687 5323 792 5378 ἀπὸ
820 5326 918 5377 τοῦ
960 5317 1425 5395 πρωτοσεϐαστοῦ
1457 5320 1523 5375 τὰ
1560 5320 1794 5394 πράσινα
1834 5320 2073 5399 ἀφελὼν,

411 5413 634 5491 ἐφόρεσε
682 5418 851 5469 ταῦτα
909 5412 985 5473 εἷς
1043 5413 1135 5466 τὸν
1196 5412 1426 5485 ἀνεψιὸν
1487 5409 1653 5464 αὐτοῦ
1694 5410 1930 5485 Μιχαὴλ
1982 5413 2075 5468 τὸν

411 5490 855 5575 Ταρχανειώτην,
912 5490 1153 5571 τιμήσας
1227 5495 1759 5575 πρωτοϐεστιάριον.
1822 5501 1909 5556 Ita
1956 5503 2072 5559 ille.

490 5601 618 5672 Pag.
657 5603 747 5657 8|.
808 5598 1086 5654 Theodori.
1136 5597 1217 5652 De
1241 5600 1357 5653 hoc
1417 5597 1733 5654 Theodoro
1787 5598 2077 5659 videndus

415 5689 769 5759 Acmpolita,
802 5685 990 5743 multa
1037 5686 1108 5742 de
1138 5684 1239 5741 illo
1272 5685 1367 5742 his
1404 5703 1532 5758 qua
1589 5686 1684 5742 hic
1740 5686 2078 5747 indicantur

2122 3216 2165 3283 ο
2202 3216 2577 3329 353501;...)

2196 570 2472 624 referens.
2506 569 2640 641 Agit
2671 575 2729 625 et
2760 570 2833 625 de
2859 571 2960 628 illo
2994 575 3305 644 Gregoras,
3338 574 3379 630 l.
3428 591 3492 647 ιι,
3545 592 3599 647 p.
3653 576 3709 633 11
3759 584 3806 636 et

2196 659 2283 729 12,
2318 658 2439 726 ubi,
2474 658 2647 714 etiam
2673 660 2953 717 aseivisse
2983 660 3184 734 ipsum
3218 663 3332 719 sibi
3389 680 3598 720 nomen
3652 666 3807 739 impe-

2194 747 2408 803 ratoris
2436 748 2614 803 tradit
2644 748 2735 805 his
2765 750 2984 818 verbis,
3015 749 3107 804 καὶ
3144 748 3422 826 βασιλείας
3467 751 3632 825 ἑαυτῷ
3678 774 3810 831 περι-

2191 834 2405 905 τίθησιν
2438 830 2614 907 ὅνομα
2644 855 2658 903 ;
2691 839 2843 894 687
2882 856 3137 911 quorum
3170 842 3521 898 sententiam
3552 860 3661 899 non
3689 846 3809 902 satis

2194 928 2484 999 expressit
2510 927 2821 1000 interpres,
2855 931 2996 986 dum
3022 934 3194 988 vertit
3238 934 3349 989 sibi
3379 932 3591 1002 regium
3640 951 3809 992 nomen

2196 1019 2452 1073 asciseit:
2512 1018 2657 1073 satis
2715 1018 2873 1074 enim
2932 1037 3002 1075 ex
3049 1022 3545 1093 consequentibus
3600 1030 3810 1097 apparet

2196 1105 2443 1161 seillum
2481 1123 2585 1178 pro
2612 1106 2966 1179 imperatore
3024 1111 3304 1183 gessisse,
3364 1115 3423 1167 et
3475 1111 3643 1168 talem
3696 1130 3812 1169 eon-

2198 1197 2380 1250 suetis
2436 1195 2648 1251 ritibus
2707 1195 3049 1269 inaugurari
3103 1215 3165 1255 se
3197 1215 3434 1256 curasse
3475 1218 3510 1257 a
3563 1201 3812 1274 Bulgaria

2198 1283 2491 1355 episeopo,
2528 1291 2593 1339 ut
2616 1301 2750 1341 mox
2775 1287 2947 1343 docet
2975 1287 3133 1343 idem
3167 1286 3488 1362 Gregoras:
3520 1289 3609 1345 cui
3643 1294 3812 1346 noster

2198 1374 2573 1429 consentiens
2606 1375 2781 1445 paulo
2811 1375 3078 1447 inferius,
3134 1377 3245 1434 hoc
3273 1379 3485 1450 capite,
3517 1379 3576 1434 id
3625 1379 3811 1435 factum

2198 1463 2272 1517 ab
2305 1462 2647 1520 Achridensi
2678 1464 2974 1536 episcopo,
3009 1466 3103 1521 cui
3132 1466 3395 1523 Jaeohus
3453 1484 3659 1524 nomen
3713 1473 3816 1525 erat

2195 1552 2397 1609 tradit.
2426 1552 2647 1625 Nempe
2694 1554 2905 1610 Achris
2965 1555 3252 1628 Bulgariae
3305 1558 3641 1630 metropolis
3690 1562 3811 1627 erat,

2267 1650 2405 1723 Cap.
2438 1650 2527 1706 3t.
2559 1650 2816 1708 Victoria
2845 1651 2955 1708 hoc
2986 1652 3178 1725 capite
3205 1658 3466 1722 narrata,
3516 1672 3629 1727 qua
3680 1655 3812 1728 prin-

2197 1756 2333 1811 ceps
2358 1738 2586 1794 Achaiae
2620 1757 2651 1795 a
2680 1741 2961 1798 Romanis
2990 1742 3244 1798 ducibus
3273 1750 3484 1816 captus
3540 1748 3644 1813 est,
3699 1761 3809 1817 pro-

2196 1828 2415 1884 ditione
2443 1828 2687 1884 Joannis
2712 1829 2898 1900 nothi,
2930 1832 3173 1887 confuse
3203 1832 3276 1887 ab
3299 1832 3630 1904 Aeropolita
3659 1849 3704 1889 e.
3731 1833 3806 1901 82,

2196 1924 2253 1972 et
2282 1933 2315 1972 a
2344 1916 2599 1989 Gregora
2629 1917 2667 1973 l.
2703 1935 2788 1987 In,
2820 1936 2879 1991 p.
2937 1921 3005 1974 35
3063 1927 3447 1977 memoratur.
3503 1922 3807 1979 Clarissima

2194 2006 2458 2063 omnium
2490 2024 2617 2063 eam
2648 2014 2846 2063 noster
2875 2010 3131 2081 exponit,
3161 2010 3441 2067 indicatis
3471 2012 3595 2082 ejus
3624 2011 3809 2080 causis,

2196 2114 2449 2169 quarum
2482 2098 2771 2169 praecipua
2803 2098 2910 2153 fuit
2941 2099 3296 2156 contumelia
3326 2101 3537 2157 Joanni
3568 2101 3730 2156 notho
3756 2100 3808 2155 il-

2196 2187 2334 2253 lata,
2368 2203 2542 2257 quam
2577 2187 2672 2242 ille
2691 2187 3020 2258 proditione
3046 2188 3207 2244 ultus
3230 2190 3358 2245 suis
3392 2190 3675 2246 fmderatis
3702 2205 3810 2244 ma-

2197 2293 2372 2349 gnam
2398 2276 2714 2348 improviso
2746 2276 2971 2332 cladem
3004 2277 3291 2337 intulerit.
3346 2279 3491 2336 Illud
3534 2284 3744 2335 tantum
3782 2295 3810 2334 a

2199 2370 2399 2422 nostro
2431 2367 2892 2437 praetermissum
2939 2367 3047 2423 hoc
3077 2367 3225 2434 loco,
3261 2369 3368 2425 sed
3401 2369 3646 2442 positum
3677 2372 3808 2441 post-

2198 2472 2285 2522 ea,
2339 2473 2389 2509 e.
2439 2456 2525 2522 13,
2585 2455 2625 2511 l.
2674 2473 2737 2524 ιι,
2801 2465 3127 2528 opportune
3183 2457 3450 2531 suggerit
3494 2456 3806 2530 Acropolite,

2196 2549 2314 2599 tres
2348 2543 2742 2599 Romanorum
2777 2546 2978 2609 duces,
3013 2546 3230 2617 quibus
3262 2545 3361 2601 hic
3386 2561 3807 2602 successusconc

2195 2634 2348 2704 tigit.
2379 2632 2668 2687 Joannem
2692 2631 2994 2689 Michaelis
3012 2635 3257 2706 Augusti
3287 2634 3806 2702 fratrem,Constan-

2197 2723 2389 2779 tinum
2432 2713 2767 2778 Tornieium
2820 2729 2879 2779 et
2932 2723 3204 2780 Alexium
3263 2724 3722 2798 Strategopulum
3758 2722 3807 2777 in

2198 2816 2502 2885 praemium
2555 2813 2810 2869 victoriae
2869 2813 3052 2869 fuisse
3118 2814 3188 2869 ab
3245 2814 3590 2887 imperatore
3637 2815 3807 2869 auctos

2199 2901 2559 2957 honoribus:
2589 2905 2871 2957 Joannem
2909 2902 3064 2958 enim
3097 2903 3263 2974 prius
3325 2905 3806 2960 sebastocratorem

2200 2994 2505 3063 despotam
2547 2997 2831 3057 creatum,
2890 2991 3159 3047 Tornicio
3212 3007 3354 3049 vero
3412 2997 3578 3049 antea
3632 3005 3810 3061 magno

2201 3078 2534 3151 primicerio
2566 3078 3050 3135 sebastoeratoris
3082 3079 3332 3136 titulum
3390 3080 3675 3137 collatum.
3723 3078 3812 3133 De-

2205 3168 2383 3240 nique
2452 3166 2543 3220 τὸν
2612 3164 3074 3243 Σρατηγὸπουλον
3141 3167 3393 3238 Ἀλὲξιον
3451 3170 3655 3243 (verba
3698 3168 3815 3223 sunt

2691 3254 2858 3330 μέγαν
2960 3253 3287 3329 ὃομὲστικον
3380 3260 3408 3314 ὁ
3507 3255 3812 3331 αὖνοκράτωρ

2199 3344 2538 3417 τετιμηκὼς,
2597 3345 2667 3399 δι’
2717 3343 3033 3414 ἀποστολῆς
3079 3346 3353 3419 τετίμηκε
3408 3347 3636 3422 Καίσαρα
3684 3345 3813 3401 Stra-

2202 3434 2527 3506 tegopulum
2556 3435 2812 3490 Alexium
2857 3438 3020 3503 prius
3046 3452 3083 3492 a
3139 3453 3197 3492 se
3231 3437 3313 3508 [P.
3352 3438 3479 3509 445]
3531 3438 3813 3492 honoratum

2201 3526 2398 3595 magni
2430 3524 2718 3580 domestici
2771 3526 2975 3596 ofﬁcio,
3037 3526 3309 3582 Caesarem
3346 3528 3618 3583 absentem
3667 3523 3804 3587 dixit,

2201 3623 2252 3670 et
2282 3614 2445 3669 istius
2492 3613 2603 3685 ipsi
2655 3614 2947 3685 dignitatis
2997 3617 3146 3671 misit
3176 3618 3452 3687 insignia.
3503 3616 3604 3672 Hie
3652 3614 3808 3670 Caesar

2203 3703 2376 3776 paulo
2409 3708 2542 3775 post
2572 3708 2780 3775 captus
2811 3704 2884 3759 ab
2933 3703 3224 3773 hostibus,
3271 3712 3339 3762 ut
3395 3723 3519 3778 cap.
3578 3696 3806 3775 sequenti

2201 3799 2397 3848 noster
2420 3791 2617 3857 tradit,
2652 3791 2749 3846 sed
2800 3809 2941 3863 pace
2991 3793 3145 3848 facta
3191 3793 3341 3850 liber
3391 3793 3680 3858 dimissus,
3723 3804 3803 3843 ur—

2199 3880 2332 3935 bem
2390 3880 2956 3952 Constantinopolim
3015 3887 3219 3952 postea
3266 3883 3486 3956 recepit
3533 3898 3563 3938 e
3617 3874 3804 3936 Latinis

2199 3968 2338 4025 Post
2367 3971 2518 4039 quod
2570 3969 2781 4025 iterum
2842 3974 3069 4042 captus,
3129 3976 3186 4027 et
3229 3971 3292 4028 in
3354 3972 3520 4029 Italia
3571 3970 3801 4026 detentus

2198 4058 2485 4125 custodia,
2519 4058 2655 4115 inde
2686 4062 3116 4131 permutatione
3147 4078 3283 4117 cum
3317 4062 3554 4119 domina
3583 4062 3803 4115 Annare-

2196 4148 2443 4202 stitutus
2474 4151 2563 4202 est
2592 4147 2811 4218 patriai.

2267 4243 2402 4315 Pag.
2435 4244 2501 4298 91
2536 4243 2874 4300 Modulatam
2895 4248 3111 4314 tussim,
3173 4246 3369 4302 Graece
3416 4241 3645 4319 ἐμμελὲς
3691 4236 3796 4313 βήτ-

2191 4353 2323 4388 τειν.
2356 4336 2656 4389 Consuetze
2687 4333 3057 4390 adulatorum
3087 4352 3281 4392 voces.
3338 4338 3544 4393 Juven.
3590 4334 3694 4389 Sat.
3718 4338 3795 4381 1n:

2194 4423 2455 4478 Laudare
2478 4431 2712 4494 paratus
2742 4426 2792 4479 si
2823 4424 2958 4480 bene
2987 4425 3251 4497 ructavit,
3285 4431 3396 4483 ete.

2264 4522 2400 4593 Pag.
2433 4523 2525 4576 91.
2558 4521 2725 4578 Nemo
2754 4526 3006 4580 contactu
3034 4526 3176 4594 ferri
3203 4523 3505 4592 candentis,
3536 4524 3636 4577 etc.
3689 4516 3793 4570 Sus-

2196 4612 2336 4668 tulit
2370 4611 2561 4667 adhue
2593 4613 2856 4684 despota,
2890 4615 2989 4670 sed
3014 4614 3250 4671 inhians
3309 4613 3552 4686 imperio
3590 4595 3786 4665 Michael

2184 4701 2455 4773 iniquum
2482 4718 2657 4757 usum
2694 4702 2967 4772 adigendi
3016 4709 3322 4760 accusatos
3354 4702 3656 4759 dubiorum
3707 4687 3787 4747 cri'

2186 4790 2415 4845 minum
2477 4791 2546 4844 ad
2608 4791 3004 4847 innocentiam
3065 4793 3426 4864 probandam
3484 4781 3791 4858 ancipitibus

2185 4880 2603 4952 experimentis
2644 4881 3070 4936 monomachia:
3129 4887 3231 4937 aut
3273 4884 3574 4936 contactus
3627 4879 3790 4929 massa?

2186 4967 2489 5023 candentis
2519 4985 2534 5037 ;
2569 4968 2639 5021 de
2679 4966 2895 5038 quibus
2928 4985 3035 5024 nos
3066 4984 3248 5040 supra
3275 4967 3345 5023 ad
3380 4982 3510 5040 pag.
3541 4963 3623 5018 33.

2259 5067 2396 5139 Pag.
2431 5068 2522 5133 94,
2564 5069 2716 5124 Vicit
2743 5075 2927 5124 tamen
2973 5068 3172 5124 divina
3225 5060 3651 5141 przdestinatio,
3699 5054 3789 5107 etc.

2184 5157 2245 5211 In
2298 5156 2699 5212 evectionibus
2759 5157 3067 5212 hominum
3128 5158 3200 5213 ad
3258 5173 3435 5230 regna
3484 5147 3790 5226 peculiarem

2186 5261 2419 5317 semper
2448 5246 2803 5301 intervenire
2835 5247 2934 5301 Dei
2966 5246 3415 5318 providentiam,
3443 5258 3561 5315 quae
3600 5230 3791 5291 nullum

2184 5351 2250 5391 eo
2284 5334 2527 5407 perduci
2559 5334 2817 5406 patiatur
2848 5352 2962 5391 non
2996 5340 3131 5393 ante
3162 5336 3274 5392 sibi
3308 5333 3681 5404 designatum,
3709 5326 3791 5407 pro

2184 5405 2341 5481 certe
2375 5428 2433 5479 et
2461 5423 2636 5496 vulgo
2666 5429 2802 5479 noto
2861 5425 3133 5498 proponit
3182 5425 3308 5497 ipse
3359 5415 3594 5478 Michael
3645 5405 3791 5498 igffa:

2186 5514 2412 5586 p.154,
2473 5488 2597 5568 his"
2626 5514 2826 5571 verbis
2853 5488 2878 5568 ε’
2925 5488 3030 5570 Καὶ
3088 5488 3241 5583 aea},
3301 5511 3450 5584 εἴπερ
3512 5501 3609 5560 τινὶ
3660 5488 3791 5557 ἄλλῳ

2190 5620 2449 5675 μεγιστῳ,
2525 5602 2613 5656 καὶ
2690 5601 3014 5657 καταστάσει
3088 5599 3372 5677 βασελείας
3457 5589 3669 5653 συνιέναι
3715 5596 3791 5633 πι·

2185 5688 2340 5745 στεύο
2349 5709 2467 5763 μιν,
2499 5695 2610 5748 etc.
