4072 6470
373 546 511 606 1101

1962 537 2193 594 NOTAE.

3662 539 3805 597 1102

447 672 587 742 Pag.
617 669 710 724 95.
763 667 927 734 Quod
972 665 1069 720 hic
1100 664 1337 733 dicitur,
1388 662 1648 719 solutum
1697 679 1729 717 a
1784 661 2029 735 synodio
2062 665 2111 728 Α
2142 669 2300 719 tuum
2348 666 2412 721 de
2459 667 2571 723 loco
2631 683 2749 737 suo,
2799 666 2915 722 nisi
2955 666 3339 736 paenitentiam
3381 664 3555 736 egeris
3612 665 3799 738 (Apoc.

378 759 610 832 antiqui
648 756 929 829 religione
970 752 1367 826 jurisjurandi
1420 751 1785 818 Michaelem,
1817 751 2033 822 quibus

375 848 728 922 exprimitur
755 845 967 911 verbis,
1002 860 1115 898 non
1149 842 1380 896 videtur
1426 840 1585 895 aliud
1616 856 1824 895 sonare
1858 855 2033 909 quam

377 938 708 996 declarasse
764 935 925 1006 ipsos
972 932 1112 1005 quid
1149 931 1205 985 in
1242 948 1299 985 re
1349 934 1527 998 esset,
1588 934 1644 983 et
1691 929 1843 983 688
1901 945 2036 983 con-

383 1028 573 1085 sultos
605 1031 662 1082 et
710 1026 975 1080 doctores
1006 1021 1381 1092 respondisse
1432 1036 1549 1073 non
1606 1019 1789 1072 videri
1832 1019 2037 1072 vincu-

378 1119 503 1173 lum
538 1113 748 1189 prioris
802 1112 965 1166 illius
1007 1108 1356 1165 sacramenti
1409 1109 1481 1162 ad
1536 1107 1644 1162 hoc
1702 1112 1936 1177 tempus
1973 1121 2038 1159 ac

380 1223 578 1264 rerum
610 1202 923 1258 articulum
957 1199 1203 1255 extendi.
1239 1200 1588 1268 Quanquam
1638 1196 1687 1251 si
1720 1195 1904 1251 Graaci
1939 1192 2039 1248 isti

380 1302 436 1353 et
466 1301 603 1351 tunc
635 1294 705 1348 ab
740 1291 1011 1346 Ecclesiae
1048 1290 1317 1343 Romanas
1358 1286 1775 1342 communione
1807 1282 2039 1339 discissi

382 1385 673 1443 antistites
697 1382 955 1452 aliquam
982 1379 1092 1434 sibi
1111 1377 1592 1449 jurisdictionem
1614 1381 1670 1430 et
1690 1377 2038 1447 potestatem

384 1475 538 1531 ultra
587 1474 675 1528 fas
725 1477 781 1525 et
813 1484 1103 1525 canonum
1152 1466 1562 1539 praescriptum
1624 1464 2041 1528 attribuerent,

383 1564 630 1621 minime
662 1562 716 1615 id
748 1560 964 1614 mirum
999 1562 1170 1623 esset,
1200 1573 1333 1611 cum
1369 1555 1511 1610 talia
1541 1554 1892 1624 jamdudum
1928 1552 2038 1605 im-

383 1669 539 1726 pune
591 1664 832 1723 peccare
884 1647 1043 1703 soliti
1092 1650 1310 1701 essent.
1367 1645 1512 1715 Ergo
1546 1649 1602 1699 et
1651 1644 1781 1712 hac,
1817 1647 1881 1696 ut
1929 1640 2044 1695 alia

385 1759 512 1814 quae
543 1756 659 1796 non
696 1754 878 1810 pauca
906 1737 966 1790 in
992 1736 1112 1791 haec
1143 1734 1394 1789 historia
1416 1735 1726 1788 occurrent
1749 1730 2043 1785 schisma-

386 1832 486 1886 tici
521 1827 775 1884 auctoris
818 1825 1027 1880 vitium
1062 1822 1408 1890 redolentia,
1462 1821 1607 1876 citra
1639 1818 2044 1891 przejudicium

390 1924 447 1975 et
476 1935 611 1974 cum
646 1915 916 1970 cautione
950 1913 1146 1967 debita
1178 1912 1472 1983 legantur.

462 2007 599 2078 Cap.
629 2006 684 2058 8.
739 2005 887 2059 Loca
939 2019 1065 2074 quae
1097 2000 1192 2055 hic
1234 2001 1380 2055 citat
1424 1998 1807 2070 Pachymeres
1839 2013 1907 2051 ex
1938 1996 2044 2050 Ho-

393 2113 550 2151 mero
606 2094 884 2165 leguntur
936 2093 994 2145 in
1047 2090 1209 2145 Iliad.
1265 2091 1307 2159 Ι,
1360 2106 1413 2145 ν.
1468 2087 1851 2155 44ΟΖΝήπιον,
1895 2082 2047 2138 οὔπω

390 2182 553 2247 εἰδόθ’
596 2180 793 2254 ὁμοίου
846 2178 1142 2251 πολέμοιο,
1199 2184 1255 2233 et
1302 2174 1546 2248 Iliad,8,
1590 2195 1645 2233 ν.
1679 2177 1820 2230 32οε
1876 2171 2050 2229 Ἀλλά

390 2295 447 2327 σε
476 2278 649 2347 γῆρας
688 2269 852 2344 τείρει
908 2267 1146 2341 ὁμοίιον.
1200 2268 1284 2323 Ad
1338 2283 1513 2339 quem
1568 2270 1933 2338 postremum
1966 2265 2056 2318 lo-

396 2381 529 2421 cum
588 2366 754 2418 vetus
806 2359 1173 2422 scholiastes,
1228 2374 1405 2428 quem
1436 2356 1759 2427 Didymum
1811 2352 2054 2424 quidam

401 2456 635 2526 putant,
683 2452 764 2506 sic
815 2450 1093 2504 adnotat:
1147 2445 1340 2498 ’[στὲυν
1371 2441 1418 2497 δ’
1459 2443 1540 2497 δτι
1586 2443 1614 2495 ὁ
1645 2443 1884 2511 ποιητὴς
1930 2460 2058 2494 παν-

396 2546 578 2623 ταχοῦ
604 2542 666 2595 τὸ
714 2538 932 2614 ὁμῦίιον
978 2536 1064 2591 ἐπὶ
1114 2540 1211 2589 τοῦ
1263 2533 1472 2612 φαύλου
1508 2527 1801 2605 λαμϐάνει.
1863 2532 2054 2587 Scien-

399 2636 532 2690 dum
567 2636 768 2705 paetum
814 2630 1016 2701 ubique
1062 2627 1248 2682 simile
1276 2641 1377 2696 pro
1406 2622 1559 2679 malo
1603 2640 1840 2678 sumere.
1892 2622 2054 2677 Idem

404 2723 589 2781 tradit
616 2727 674 2776 et
695 2719 1044 2776 Eustathius
1067 2718 1137 2771 ad
1163 2733 1294 2771 eum
1314 2716 1506 2769 locum
1533 2730 1585 2784 p.
1612 2713 1716 2765 476
1746 2712 1837 2774 ed,
1862 2715 2054 2778 Rom.,

401 2813 624 2870 addens
660 2815 717 2866 et
761 2810 881 2864 haec
916 2826 928 2864 :
964 2806 1173 2860 Ἀπίων
1219 2807 1350 2877 γοῦν
1410 2800 1499 2856 καὶ
1532 2797 1865 2875 Ἠρωδιανός
1897 2818 2054 2876 φασιν

404 2903 487 2957 ὅτι
548 2901 601 2955 οἱ
652 2897 1076 2973 γλωσσογράφοι
1147 2892 1363 2966 ὁμοίιον
1418 2890 1553 2945 κατᾶ
1611 2887 1871 2963 διαίρεσιν
1929 2896 2067 2965 φασι

395 2992 458 3045 τὸ
492 2989 659 3045 κακόν
692 2994 803 3045 etc.
839 2988 920 3043 ibi
955 2986 1228 3040 videnda.

473 3085 611 3151 Pag.
648 3079 769 3135 104.
826 3076 979 3144 Quod
1028 3076 1251 3129 omnino
1297 3075 1550 3141 futurum
1601 3069 1871 3124 estnulla
1899 3085 2054 3139 posse

398 3168 699 3244 prudentia
728 3164 1011 3239 praeverti.
1046 3162 1235 3218 Semel
1272 3160 1544 3232 superius
1596 3159 1819 3226 monui,
1853 3158 1901 3211 si
1935 3157 2054 3211 haec

407 3261 479 3315 ad
514 3258 894 3315 astruendam
930 3270 1169 3325 pravam
1204 3253 1275 3306 de
1308 3251 1422 3305 l'ato
1463 3250 1782 3303 humanam
1819 3246 2055 3302 liberta-

398 3355 520 3405 tem
572 3348 901 3420 perimente
946 3342 1275 3399 doctrinam
1326 3339 1583 3410 cuipiam
1635 3338 1924 3409 pertinere
1974 3336 2060 3390 vi-

2144 772 2221 821 xi,
2246 756 2324 823 5).
2358 756 2439 810 Ne
2469 772 2602 812 vero
2627 757 2758 827 quis
2793 756 2864 811 ad
2899 755 3244 810 hodiernam
3278 755 3633 811 nostratium
3657 773 3802 810 con-

2145 844 2521 900 suetudinem
2548 846 2668 900 haec
2700 846 2937 916 exigens
2971 846 3116 898 forte
3165 845 3487 899 arbitretur
3522 846 3803 901 candela-

2145 935 2317 989 brum
2355 936 2447 989 hic
2477 935 2726 1007 intelligi
2760 934 2927 1006 quale
2970 934 3231 1005 praeferri
3282 951 3315 989 a
3349 934 3620 989 ministro
3652 936 3800 990 cele-

2147 1024 2457 1079 brantibus
2534 1024 2824 1096 episcopis
2893 1024 3061 1093 solet,
3142 1028 3415 1095 argenteo
3488 1025 3799 1079 manubrio

2149 1128 2381 1167 cereum
2437 1115 2738 1168 ardentem
2791 1117 3053 1184 portans,
3104 1113 3259 1183 quod
3312 1112 3481 1184 vulgo
3526 1115 3585 1168 in
3635 1114 3803 1169 Italia

2152 1202 2379 1271 bugiam
2407 1208 2617 1258 vocant
2650 1209 2708 1259 et
2740 1203 2892 1258 inter
2932 1202 3324 1273 episcopalem
3371 1202 3799 1274 supellectilem

2151 1297 2456 1348 censetur:
2494 1310 2584 1361 ne,
2648 1294 2915 1362 inquam,
2974 1291 3031 1345 id
3108 1290 3323 1345 habere
3392 1291 3584 1347 locum
3646 1293 3798 1346 639

2150 1382 2356 1453 possit,
2395 1383 2606 1445 obstat,
2641 1382 2796 1453 quod
2828 1379 3247 1436 candelabrum
3280 1381 3450 1451 cujus
3504 1380 3598 1435 hic
3625 1386 3682 1437 et
3742 1383 3802 1436 in

2152 1470 2298 1525 locis
2350 1470 2777 1542 Apocalypseos
2826 1468 3085 1524 laudatis
3134 1474 3223 1524 est
3283 1470 3523 1537 mentio,
3558 1487 3672 1525 non
3708 1489 3803 1527 ce-

2151 1576 2315 1614 reum
2349 1560 2546 1615 funale
2579 1559 2849 1631 praetulit,
2880 1558 2980 1613 sed
3016 1574 3119 1613 vas
3153 1557 3284 1623 olei,
3317 1558 3437 1613 sive
3466 1557 3803 1631 lampadem

2150 1651 2306 1705 intra
2352 1668 2530 1723 quam
2582 1649 2707 1705 oleo
2759 1650 3044 1704 innatans
3089 1648 3447 1719 ellychnium
3503 1650 3802 1706 ﬂammam

2152 1746 2491 1812 conceptam
2550 1741 2790 1812 pinguis
2862 1739 3109 1810 liquoris
3176 1756 3350 1794 succo
3409 1739 3608 1796 aleret.
3668 1740 3805 1796 Tale

2154 1832 2369 1902 quippe
2403 1830 2512 1884 fuit
2541 1828 2962 1885 candelabrum
2995 1828 3357 1883 tabernaculi
3390 1831 3805 1899 veteris,Exod.

2152 1937 2280 1987 xxv,
2313 1921 2402 1987 31,
2435 1923 2490 1973 et
2540 1936 2665 1989 quae
2717 1919 2787 1972 ad
2840 1916 3021 1987 hujus
3069 1917 3401 1989 exemplum
3459 1917 3812 1974 candelabra

2155 2012 2355 2065 decem
2388 2025 2566 2064 aurea
2596 2008 2731 2062 fecit
2761 2006 3036 2061 Salomon
3070 2010 3127 2061 et
3158 2007 3353 2076 posuit
3385 2007 3442 2061 in
3475 2008 3713 2079 templo,
3759 2008 3810 2063 II

2168 2098 2349 2155 Paral.
2401 2115 2478 2161 1v,
2526 2098 2581 2153 7,
2640 2096 2843 2167 Itaque
2873 2100 2929 2151 et
2958 2096 3018 2150 in
3066 2096 3411 2166 Apocalypsi
3461 2098 3815 2153 candelabra

2165 2189 2289 2243 haec
2320 2184 2543 2259 λυχνίαι
2566 2190 2871 2249 vocantur,
2901 2186 3055 2255 quod
3080 2184 3353 2256 cerigeris
3376 2186 3813 2254 instrumentis,

2166 2278 2395 2348 opinor,
2430 2292 2547 2331 non
2579 2274 2869 2343 convenit,
2905 2274 2991 2328 uti
3026 2290 3129 2329 nec
3161 2290 3288 2344 quae
3322 2274 3417 2329 hic
3446 2279 3640 2330 Graece
3673 2276 3817 2347 legi-

2163 2371 2261 2421 tur
2290 2382 2401 2420 vox
2420 2359 2845 2437 λαμπαδοῦχον.
2871 2366 3233 2434 Argenteum
3283 2379 3415 2418 vero
3452 2363 3593 2418 illud
3640 2364 3820 2419 cerei-

2161 2454 2551 2527 gestatorium
2586 2471 2618 2508 a
2650 2453 2863 2507 Graecis
2888 2452 3314 2507 recentioribus
3339 2453 3573 2507 videtur
3606 2473 3822 2524 μανου-

2164 2542 2322 2597 άλιυν
2357 2543 2547 2614 potius
2579 2544 2826 2597 dictum.
2861 2542 3095 2597 Nicetas
3144 2542 3203 2595 in
3271 2543 3493 2597 Isaacio
3528 2548 3586 2597 et
3633 2544 3827 2598 Alexio

2164 2631 2243 2688 Τά
2271 2652 2330 2685 τε
2389 2630 2697 2703 μανουάΛια
2760 2630 2848 2683 καὶ
2903 2626 3204 2698 κανδήλας.
3268 2640 3438 2686 Anna
3504 2634 3825 2688 Commena

2165 2722 2203 2778 1.
2239 2739 2310 2777 xv
2343 2718 2681 2792 μανουηλήμ
2752 2719 3002 2792 appellat
3048 2719 3467 2776 candelabrum
3523 2726 3653 2776 ante
3713 2722 3822 2778 im-

2167 2816 2495 2883 peratorem
2530 2810 2787 2881 praeferri
2820 2808 3088 2877 solitum,
3120 2825 3256 2864 cum
3288 2794 3471 2863 funali
3500 2811 3725 2867 scilicet
3769 2817 3827 2867 et

2167 2916 2327 2954 cerea
2360 2898 2621 2953 candelo.
2659 2897 2821 2961 Quod
2856 2897 2906 2951 si
2938 2895 3361 2951 candelabrum
3408 2914 3640 2969 quoque
3681 2917 3824 2969 pon-

2164 2989 2425 3042 tificibus
2458 2987 2790 3059 prmlatum,
2824 3001 2933 3041 usu
2975 2985 3258 3040 similium
3310 3002 3505 3041 rerum
3545 2988 3830 3043 vocabula

2167 3076 2464 3147 vulgante,
2498 3075 2825 3147 reperiatur
2859 3071 3191 3144 μανουοὶλιον
3221 3078 3276 3129 et
3300 3074 3497 3146 ipsum
3542 3076 3762 3131 dictum
3796 3096 3830 3133 a

2169 3166 2471 3221 Philotheo
2504 3166 2561 3219 in
2593 3164 2928 3231 Diaconico,
2963 3169 3161 3218 tamen
3196 3180 3311 3218 non
3344 3164 3423 3218 illi
3460 3181 3682 3234 cereus,
3718 3168 3818 3221 sed

2169 3256 2395 3326 lampas
2447 3254 2881 3325 imponebatur,
2930 3256 2996 3307 ut
3035 3253 3190 3307 idem
3224 3252 3302 3307 ibi
3337 3252 3627 3321 observat,
3662 3254 3759 3306 Καὶ
3793 3256 3820 3308 ὁ

2171 3341 2423 3403 διάκονος
2460 3344 2785 3414 (inquiens)
2820 3339 3030 3394 ἵσταται
3082 3337 3312 3410 δεξιὸοεν
3374 3341 3541 3394 αὐτοῦ
3571 3341 3821 3416 κατέχων

400 3418 677 3506 deant—ur,
732 3438 793 3507 (P
841 3434 968 3501 446)
1016 3433 1313 3487 erroribus
1367 3428 1623 3483 auctoris
1673 3427 2057 3493 accensenda,

2177 3431 2507 3507 μανουάλιον
2583 3432 2716 3505 μετὰ
2791 3427 3080 3504 λαμπάδος
3152 3428 3436 3503 ἡμμένης.
3510 3434 3823 3505 Proprium

402 3533 471 3584 ut
500 3526 645 3582 nihil
679 3528 883 3581 contra
912 3521 1031 3577 veri
1067 3520 1329 3590 certique
1360 3517 1657 3588 dogmatis
1692 3515 2065 3586 praescribere

412 3616 819 3675 auctoritatem
854 3615 1092 3684 queant.

484 3707 624 3777 Pag.
661 3705 784 3759 113.
836 3703 1050 3757 Nicetas
1099 3698 1384 3768 episcopus
1427 3695 1703 3750 Heracleaz
1735 3695 2064 3748 mitteretur.

412 3797 679 3851 Grtha:
758 3791 1039 3863 Πὲμπουσι
1125 3784 1252 3845 τοὺς
1348 3782 1471 3855 περὶ
1567 3781 1660 3835 τὸν
1743 3779 2065 3853 Ἡρακλείας

411 3883 677 3951 Νικήταν.
713 3883 843 3936 llaec
875 3882 1015 3934 sunt
1043 3893 1111 3932 ex
1136 3876 1261 3930 cod.
1320 3873 1613 3928 Allatiano
1655 3876 1711 3927 et
1742 3872 1792 3926 ei
1824 3889 2068 3926 consen-

407 3972 599 4029 tiente
631 3968 1086 4025 Vaticano.Nam
1108 3964 1462 4020 Barberinus
1485 3962 1756 4025 habebat,
1789 3960 2069 4031 Ιιὲμπουσι

405 4060 537 4123 τοὺς
589 4058 716 4135 περὶ
768 4059 861 4112 τὸν
912 4051 1295 4127 Νικομηδείας
1322 4052 1601 4121 Ἰωάννην.
1652 4052 1871 4106 Tamen
1913 4052 2068 4105 idem

417 4154 601 4208 codex
644 4150 955 4207 lectionem
1011 4145 1282 4201 Allatiani
1330 4143 1650 4197 annotabat
1678 4141 1735 4194 in
1787 4140 2069 4211 margine,

414 4242 502 4298 uti
540 4249 593 4297 et
625 4239 959 4295 Allatianus
988 4234 1250 4291 vicissim
1284 4233 1593 4288 lectionem
1627 4230 1858 4285 Barber.
1884 4232 2073 4295 Quare

414 4349 550 4388 cum
586 4329 671 4385 illi
725 4330 841 4384 duo
892 4326 1156 4397 ambigui
1203 4331 1418 4392 essent,
1472 4321 1747 4391 suffragio
1803 4319 2070 4374 Vaticani

415 4421 505 4477 eis
537 4420 830 4489 dirempta
861 4420 983 4482 est;
1016 4420 1072 4469 et
1102 4413 1365 4469 omnium
1392 4412 1517 4481 jam
1549 4425 1837 4464 consensu
1863 4409 2070 4480 proba-

411 4517 538 4567 tam
599 4507 826 4564 cunctis
886 4503 1117 4560 restitui
1170 4502 1504 4563 lectionem,
1567 4515 1633 4553 ex
1680 4498 1868 4569 ipsius
1926 4499 2071 4553 forte

415 4598 677 4656 auctoris
725 4596 1084 4653 correctione
1130 4596 1342 4657 ortam,
1390 4589 1491 4661 qui
1541 4589 1693 4659 quod
1751 4588 1917 4658 prius
1968 4605 2070 4659 po-

417 4693 636 4757 suerat,
692 4686 1016 4742 emendans
1066 4680 1399 4736 mutaverit.
1445 4679 1612 4732 Certo
1658 4677 2071 4748 pronuntiare-

2176 3542 2310 3596 ergo
2340 3524 2572 3578 videtur
2601 3522 2981 3578 ecclesiastici
3005 3526 3062 3576 et
3099 3521 3449 3593 episcopalis
3490 3524 3829 3579 candelabri

2175 3614 2513 3685 lampadem
2576 3629 2711 3667 cum
2760 3611 2884 3667 oleo
2960 3615 3210 3683 gestare.
3269 3613 3431 3666 Unde
3481 3613 3627 3667 forte
3669 3615 3823 3685 apud

2176 3690 2516 3758 Zachariam
2548 3702 2914 3772 prophetam,
2947 3718 2996 3756 c.
3030 3702 3082 3770 4,
3116 3700 3402 3756 olivarum
3444 3718 3578 3756 cum
3612 3704 3827 3759 cande-

2176 3792 2341 3846 labro
2383 3791 2602 3845 mentio
2647 3791 2944 3861 jungitur.
2996 3794 3119 3843 Huc
3160 3790 3505 3845 crediderim
3557 3792 3829 3847 allusisse

2175 3878 2511 3951 Synesium,
2546 3879 2684 3932 dum
2732 3879 3136 3949 episcopatum
3171 3877 3360 3931 ἐλαίου
3394 3884 3451 3935 et
3482 3877 3687 3948 ἐλαίας,
3720 3882 3831 3937 olei

2179 3976 2235 4024 et
2268 3969 2431 4023 oliva:
2479 3967 2766 4037 symbolis
2815 3968 3203 4021 adumbravit.
3255 3968 3529 4024 Scribens
3577 3970 3731 4025 enim
3757 3972 3829 4025 ad

2179 4057 2436 4113 amicum
2471 4056 2572 4125 qui
2603 4055 2695 4109 sui
2727 4056 3013 4110 rationem
3045 4056 3305 4111 absentis
3328 4056 3532 4112 haberi
3575 4059 3830 4115 comitiis

2182 4144 2613 4217 episcopalibus
2662 4144 2984 4215 cupiverat,
3034 4160 3139 4198 nec
3189 4161 3430 4215 compos
3470 4147 3654 4216 optati
3703 4153 3831 4204 erat

2182 4238 2389 4303 factus,
2424 4250 2741 4305 serumque
2772 4250 2877 4289 nec
2930 4232 3055 4305 spei
3115 4233 3291 4287 affine
3342 4235 3467 4303 jam
3520 4235 3579 4289 id
3630 4242 3829 4294 votum

2181 4329 2324 4388 erat,
2360 4324 2516 4394 quod
2545 4323 2823 4377 omnibus
2857 4322 3053 4377 vacuis
3092 4322 3333 4377 sedibus
3382 4322 3644 4393 impositi
3677 4342 3825 4396 prae-

2181 4415 2338 4470 sides
2369 4412 2627 4484 episcopi
2686 4411 2957 4478 fuissent,
2994 4412 3051 4467 id
3106 4410 3305 4482 ipsum
3358 4411 3579 4467 indicat
3637 4415 3827 4486 aenig-

2184 4504 2393 4558 matice
2424 4501 2515 4556 his
2544 4502 2736 4556 verbis
2768 4501 2870 4556 :“O
2925 4500 3025 4574 γὰρ
3074 4495 3260 4554 ἔλαιον
3298 4496 3359 4551 σύ
3390 4519 3447 4551 τε
3496 4499 3693 4571 ἀξιοῖς,
3725 4510 3835 4559 etc.

2183 4598 2239 4648 et
2266 4591 2441 4665 paulo
2484 4596 2654 4662 post:
2705 4586 2838 4645 Οὐδ’
2872 4589 3027 4643 ἐλαία
3073 4609 3157 4650 τις
3190 4588 3329 4642 ἐστιν
3385 4586 3836 4664 ἐνοφθαλμισμά-

2181 4702 2289 4734 των
2324 4679 2681 4753 ἐστερημένη.
2730 4723 2741 4734 .
2787 4720 2799 4733 .
2856 4721 2867 4736 .
2908 4677 2989 4754 ἐφ’
3042 4677 3180 4751 ᾗπερ
3216 4677 3272 4731 ἃν
3332 4678 3357 4730 ὁ
3393 4675 3529 4747 ἡδὺς
3562 4676 3722 4755 φίλος
3752 4679 3838 4755 ἐγ-

418 4796 555 4836 mus
587 4779 658 4833 de
689 4792 771 4843 re,
807 4775 855 4830 si
888 4775 1181 4829 constaret
1237 4773 1370 4823 utra
1402 4767 1460 4821 in
1493 4766 1750 4829 civitate,
1801 4766 2075 4820 Heraclea
2105 4787 2151 4850 Β
2181 4767 2546 4843 κεντρισθείη.
2603 4774 2672 4825 At
2720 4768 2932 4824 melius
2976 4768 3153 4823 fuerit
3199 4773 3381 4824 totam
3434 4768 3605 4824 istam
3652 4774 3836 4841 Syne-

419 4887 495 4926 an
544 4865 907 4930 Nicomedia,
953 4864 1110 4917 esset
1157 4857 1600 4915 monasterium.
1641 4860 1698 4908 S.
1749 4855 2069 4923 Diomedis,

423 4960 598 5030 cujus
626 4956 721 5011 hic
753 4953 999 5010 mentio.

495 5052 635 5118 Pag.
672 5045 795 5101 115.
831 5043 994 5108 Quod
1033 5037 1450 5096 candelabrum
1490 5035 1779 5107 repetitur
1809 5034 1879 5089 ab
1912 5039 2075 5090 Arse-

424 5137 524 5194 nio
557 5137 615 5190 in
650 5134 885 5203 signum
918 5129 1169 5185 abdicati
1205 5126 1442 5182 honoris
1474 5124 1904 5197 patriarchalis,
1939 5124 2074 5180 inde

422 5227 656 5285 videtur
689 5218 1088 5289 factum,quod
1122 5217 1275 5287 apud
1309 5219 1535 5268 Graecos
1562 5213 1795 5285 insigne
1818 5217 2075 5285 potesta-

425 5317 508 5372 tis
539 5310 894 5385 episcopalis
927 5305 1347 5363 candelabrum
1382 5304 1713 5358 haberetur.
1750 5303 1895 5358 Nam
1928 5308 1985 5356 et
2015 5303 2075 5358 in

422 5400 777 5475 Apocalypsi
809 5403 1032 5469 septem
1064 5394 1325 5466 episcopi
1354 5393 1500 5448 Asiae
1534 5398 1757 5462 septem
1801 5393 2076 5447 candela-

427 5495 672 5549 brorum
723 5485 984 5559 symbolo
1035 5483 1462 5554 designantur;
1517 5486 1572 5536 et
1604 5481 1703 5536 ubi
1755 5498 1821 5536 ex
1852 5482 1942 5536 his
1977 5483 2078 5537 uni

428 5580 727 5653 Ephesino
751 5572 1130 5631 comminatio
1162 5571 1484 5627 intentatur
1514 5570 2079 5642 eripiendihonoris,

429 5688 498 5729 ea
554 5665 906 5739 exprimitur
957 5661 1049 5717 his
1096 5662 1291 5716 verbis
1342 5676 1355 5716 :
1416 5659 1626 5716 Movebo
1678 5660 2082 5717 candelabrum

2183 4861 2331 4916 siani
2365 4876 2491 4914 vere
2517 4858 2880 4914 characteris
2924 4858 3261 4929 epistolam,
3308 4874 3438 4927 quas
3470 4859 3622 4913 inter
3652 4859 3840 4916 editas

2183 4967 2294 5004 non
2330 4952 2631 5019 comparet
2653 4949 2754 5017 (a),
2790 4963 2857 5002 ex
2908 4948 3131 5018 optimo
3177 4946 3460 5001 Vaticano
3510 4947 3708 5002 codice
3742 4948 3837 5003 hic

2185 5038 2536 5105 describere,
2573 5038 2850 5107 adjuncta
2882 5040 3085 5091 nostra
3109 5035 3588 5106 interpretatione
3610 5038 3839 5094 Latina.

2187 5128 2281 5183 Sic
2312 5122 3002 5198 igiturlhabetzzuvseiou
3066 5125 3310 5195 [R417]
3367 5122 3633 5194 ἐπιστολὴ
3698 5128 3837 5201 ρκγ’,

2189 5213 2327 5289 πρός
2376 5235 2496 5268 τινα
2551 5215 2657 5268 τῶν
2720 5212 2945 5287 ἑταίρων
3000 5210 3303 5282 ἐπισκοπὴν
3337 5211 3396 5268 ἐκ
3448 5216 3714 5290 μακρόθεν
3765 5219 3848 5271 αἱ·

2189 5308 2428 5377 τήσοιντα
2460 5306 2592 5377 μετὰ
2615 5306 2713 5373 τὴν
2764 5309 2872 5358 τῶν
2928 5303 3239 5359 ἐπισκόπων
3273 5304 3728 5363 ἀποκατάστασιν.
3763 5310 3846 5363 Τὰ

2192 5397 2503 5473 σοφώτατον
2532 5395 2751 5469 γράμμ,
2785 5401 2897 5451 etc.

2266 5486 2604 5540 640-641
2633 5486 2770 5555 Cap.
2806 5486 2892 5539 19.
2927 5485 3009 5556 (Ρ.
3036 5485 3162 5557 448)
3190 5485 3373 5542 Valde
3398 5487 3629 5542 videtur
3669 5492 3848 5543 notan

2193 5577 2328 5631 dum
2360 5575 2658 5631 somnium
2690 5573 2800 5629 hoc
2844 5574 3257 5646 propheticum
3310 5575 3573 5632 oblatum
3604 5575 3849 5631 Joanni-

2194 5669 2379 5721 Vecco
2406 5668 2463 5721 et
2492 5663 2897 5721 testimonium
2923 5665 3078 5736 quod
3100 5664 3261 5721 illius
3281 5666 3415 5720 fidei
3448 5683 3512 5720 ac
3545 5666 3845 5722 voracitati

513 5884 594 5957 (a)
620 5882 824 5939 Exstat
851 5877 911 5935 in
943 5879 1148 5935 nostra
1176 5872 1436 5931 editione
1464 5872 1727 5946 Operum
1757 5876 2003 5948 Synesii.
2036 5878 2182 5937 Vide
2208 5884 2353 5940 tom.
2386 5879 2580 5952 LXVI,
2613 5880 2721 5938 col.
2754 5880 2913 5937 1559.
