4072 6392
419 372 556 428 1103

1459 368 1521 418 Ρ.
1564 361 1843 417 POSSINI
1879 353 2499 413 OBSERVATIONUM
2534 351 2668 403 LIB.
2708 350 2780 402 II.

3664 343 3781 402 1104

365 548 373 557 .
419 491 914 568 Pachymeres,illi
941 490 1213 560 alias,ubi
1233 490 1303 543 de
1333 483 1755 542 conciliationis
1776 479 2061 536 Ecclesia-
2092 480 2149 544 Α
2178 474 2558 546 repudientur
2586 475 2645 527 et
2667 467 3035 539 corrigantur
3055 482 3088 521 a
3108 465 3391 537 prudente
3418 463 3621 523 lectore
3640 466 3784 538 juxta

422 605 553 643 rum
588 583 819 655 negotio
850 583 1278 653 agitur,parum
1310 571 1895 646 sequus,reddit,dum
1928 585 2061 623 eum

418 672 704 753 φιλαληθῆ
753 671 827 732 εἷς
885 668 1065 723 πίστιν
1117 670 1223 720 τῶν
1286 662 1599 738 λεγομένων
1663 660 1842 714 fuisse
1900 656 2061 723 dicit,

415 747 523 822 hoc
552 769 642 821 est
666 763 930 819 veritatis
963 764 1281 823 amentem,
1336 761 1393 810 et
1421 754 1515 809 cui
1566 757 1694 807 tuto
1722 751 1871 820 quod
1906 747 2064 801 affir-

410 858 614 913 mabat
628 849 1155 910 crederetur.Unde
1180 846 1569 915 intelligimus
1592 858 1717 913 qua:
1742 839 1837 894 ille
1856 836 2065 894 deinde

412 946 599 1001 multa
635 956 965 1014 magnaque
1000 956 1105 1011 pro
1143 936 1358 992 Latinis
1409 938 1612 988 contra
1652 930 1882 985 Graecos
1915 926 2063 981 scri-

412 1036 531 1105 psit
561 1039 618 1088 et
646 1033 812 1097 dixit,
849 1046 1023 1101 quam
1058 1029 1129 1082 ob
1158 1025 1321 1081 omni
1369 1021 1710 1093 exceptione
1757 1015 1980 1072 fraudis
2007 1017 2065 1069 et

413 1125 527 1178 fuci
563 1122 752 1177 aliena
782 1120 1036 1175 debeant
1066 1116 1290 1170 haberi.

484 1221 620 1290 Pag.
658 1218 779 1273 124.
816 1218 879 1272 1η
905 1214 1194 1270 suburbia.
1253 1212 1421 1266 Forte
1452 1208 1651 1279 aptius
1690 1203 2062 1274 scripsissem

408 1316 465 1367 in
490 1311 824 1367 suburbano.
861 1313 997 1361 Nam
1036 1303 1389 1360 suburbium
1440 1301 1672 1354 videtur
1716 1297 1881 1351 locus
1931 1291 2061 1346 urbi

406 1403 693 1457 admotior
714 1414 892 1471 quam
926 1397 1020 1451 hic
1041 1394 1358 1461 indicatus,
1394 1389 1614 1461 quippe
1641 1388 1707 1441 ad
1742 1384 2059 1456 septimum

406 1491 556 1546 situs
588 1488 870 1561 lapidem.
900 1485 1172 1540 Nondum
1196 1488 1394 1537 tamen
1427 1494 1516 1532 me
1550 1479 1678 1546 ipse
1709 1473 2059 1539 condemno,

407 1580 507 1651 qui
538 1580 718 1635 sciam
748 1578 809 1630 in
854 1574 1130 1630 maximis
1170 1575 1227 1627 et
1270 1569 1448 1640 regiis
1495 1566 1743 1621 urbibus
1777 1560 2061 1618 suburbia

2176 566 2387 638 placita
2426 561 2730 619 orthodoxi
2766 558 3086 629 dogmatis.

2246 674 2366 744 Pag
2397 672 2519 727 141.
2571 668 2967 725 Monasterium
3016 665 3089 719 ad
3128 665 3348 719 Fontem
3405 665 3588 720 situm.
3636 665 3774 722 Hunc

2175 763 2394 817 fontem
2428 766 2483 816 et
2513 760 2707 815 locum
2736 754 3014 812 describit
3043 754 3360 824 Procopius
3412 754 3450 808 ι.
3483 771 3501 808 1
3537 753 3655 826 Περὶ
3684 775 3784 809 κτι-

2176 852 2417 923 σμάτων,
2471 867 2520 904 c.
2557 849 2609 916 3,
2661 847 2799 901 dum
2849 842 3054 915 templi
3085 842 3145 896 in
3190 842 3412 897 honore
3466 842 3689 913 Deipare
3715 844 3780 899 ibi

2174 961 2206 998 a
2236 941 2568 998 Justiniano
2619 936 2838 995 conditi
2900 933 3173 989 meminit
3202 933 3297 988 his
3328 934 3520 989 verbis
3552 950 3564 988 :
3593 933 3782 1005 Ἕτερον

2173 1028 2229 1083 δὲ
2260 1030 2403 1104 ἱερὸν
2433 1028 2569 1100 αὐτῇ
2602 1028 2686 1099 (τῇ
2719 1017 2983 1094 θεάτὸκῳ)
3016 1019 3066 1075 ἐν
3100 1022 3276 1095 χώρῳ
3308 1017 3621 1094 κολουμένῳ
3653 1026 3784 1097 Πηγῇ

2171 1119 2448 1189 ἀνέθηκεν.
2505 1115 2766 1172 Ἑνταῦθά
2814 1111 2924 1166 ἐστι
2984 1108 3145 1174 δάσος
3195 1109 3559 1184 κυπαρίσσων,
3606 1110 3784 1184 λειμὼν

2172 1207 2222 1263 ἐν
2284 1206 2521 1269 ἁπαλαῖς
2562 1210 2680 1265 ταῖς
2726 1201 2985 1276 ἀρούραις
3033 1197 3282 1267 τεθηλὼς
3320 1200 3514 1269 ἄνθεσι,
3567 1199 3788 1275 παράδει-

2173 1320 2263 1359 σος
2321 1297 2566 1372 εὐφορῶν
2620 1294 2687 1349 τὰ
2745 1293 2921 1365 ὡραῖα
2954 1336 2967 1363 ,
3026 1291 3180 1364 πηγὴ
3236 1288 3478 1365 ἀψοφητὶ
3548 1286 3789 1365 βλύζουσα

2169 1385 2409 1464 γαληνὸν
2458 1386 2520 1440 τὸ
2577 1381 2724 1459 ὕδωρ
2777 1382 2869 1436 καὶ
2923 1379 3183 1453 πότιμον.
3231 1380 3362 1436 Haec
3389 1379 3487 1435 ille
3530 1397 3689 1451 :qum
3718 1381 3787 1435 sic

2172 1479 2394 1533 Latinis
2426 1480 2639 1532 sonant
2668 1492 2739 1530 ex
2766 1472 3018 1542 eleganti
3075 1469 3553 1541 interpretatione
3588 1468 3789 1526 Claudii

2171 1567 2424 1624 Maltreti
2484 1565 2716 1620 nostri:
2772 1564 2960 1618 Eidem
3000 1559 3307 1633 (Deiparae)
3368 1560 3621 1630 templum
3658 1558 3788 1614 aliud

2169 1657 2412 1714 condidit
2435 1652 2846 1728 (Justinianus)
2878 1650 3024 1722 apud
3045 1650 3264 1706 Fontem
3290 1649 3401 1703 :sic
3427 1648 3601 1703 locum
3629 1648 3789 1719 appel-

2173 1749 2332 1809 lant;
2365 1747 2424 1799 in
2457 1762 2559 1818 quo
2589 1741 2977 1815 opacissimum
3021 1743 3101 1793 est
3149 1741 3558 1808 cupressetum;
3589 1737 3788 1807 ﬂoribus

408 1845 772 1919 procurrisse
806 1845 877 1898 ab
912 1843 1056 1897 urbe
1089 1838 1377 1894 suburbia
1419 1836 1539 1905 jam
1576 1838 1714 1888 tunc
1755 1846 1871 1885 aevo
1902 1829 2055 1883 Cice-

2175 1838 2337 1891 molli
2360 1836 2473 1891 solo
2524 1833 2873 1901 surgentibus
2922 1836 3145 1901 pratum
3180 1829 3373 1881 cernat
3411 1845 3424 1894 ;
3457 1825 3623 1879 domis
3678 1840 3789 1879 exu-

405 1915 588 2001 ίὈΠίΒ,
624 1933 842 1989 ίηάίοῖο
866 1936 956 1986 est
988 1930 1143 2001 (ἰυοά
1176 1921 1708 1997 ῙθὲίωυεΡίιίῙίΡΡ·
1739 1919 1843 1973 XII
1872 1919 2066 1972 εΗίδσϐ
2119 1915 2127 1916 ί
2177 1928 2330 1981 berat
2370 1924 2738 1987 viridarium;
2791 1922 2916 1990 fons
2967 1920 3144 1972 tacita
3180 1915 3520 1985 scaturigine
3558 1915 3722 1969 lenem
3746 1916 3791 1968 et

402 2042 496 2095 ego
530 2039 615 2079 me
640 2025 750 2079 viis
794 2019 1167 2082 committam,
1205 2014 1302 2086 qui
1348 2009 1743 2069 terminalibus
1779 2023 1958 2077 nuper
2004 2007 2065 2059 in
2174 2014 2392 2070 dulcem
2426 2029 2629 2084 aquam
2657 2009 2909 2081 effundit.
2932 2007 3265 2077 Templum,
3298 2010 3359 2059 ut
3390 2004 3497 2058 alia
3529 2002 3789 2075 pleraque,

402 2113 748 2177 suburbium,
782 2115 841 2165 ut
891 2109 1078 2163 eodem
1135 2107 1226 2159 die
1256 2112 1578 2167 recerterer,
1611 2100 1698 2152 ire
1743 2112 1854 2151 non
1899 2111 2067 2149 ausus
2178 2103 2628 2159 custodiendum
2660 2105 2749 2155 est
2776 2098 3055 2153 traditum
3103 2093 3435 2163 monachis,
3469 2093 3672 2164 quibus
3701 2092 3789 2147 d0.

402 2206 555 2259 Sim?
584 2202 724 2257 Ῐ-Ῑῐυίε
772 2201 843 2253 de
883 2198 993 2252 hoc
1043 2194 1141 2261 ait:
1181 2192 1326 2247 “10d
1376 2190 1616 2261 Ψλίάθη]
1677 2189 1901 2240 certum
1955 2192 2064 2251 θεῖ,
2180 2192 2465 2246 micilium
2501 2194 2828 2245 astructum
2864 2186 2956 2239 hic
2984 2184 3411 2238 monasterium
3456 2182 3644 2236 Fontis
3671 2179 3791 2234 dici-

408 2292 772 2347 Ηθδάοωυη·
800 2288 871 2341 de
900 2301 1017 2356 quo
1050 2287 1250 2338 Ποεῐθν
1288 2281 1395 2334 hoc
1438 2278 1586 2342 Ῑοοον
1620 2289 1833 2329 nomen
1882 2272 2065 2327 Ῑυίεεθ
2176 2285 2289 2337 tur.
2326 2281 2458 2334 Erat
2487 2284 2681 2333 autem
2715 2276 2769 2331 id
2804 2275 3006 2340 situm,
3032 2277 3092 2328 ut
3123 2274 3277 2327 idem
3311 2270 3616 2343 Procopius
3645 2268 3790 2341 paulo

411 2377 739 2437 suburbani
771 2371 1267 2443 Constantinopoli
1301 2368 1585 2439 disjuncti
1618 2363 1947 2419 miliaribus
1976 2378 2063 2417 se-
2176 2376 2307 2442 post
2337 2371 2710 2439 docetmmm
2741 2370 2968 2437 portam
3003 2370 3283 2432 Auream,
3318 2358 3548 2436 ἄγχιστά
3604 2379 3672 2427 πη
3701 2361 3789 2409 τῶν

410 2475 592 2543 ptem,
628 2471 800 2539 prout
832 2465 1060 2520 erudite
1091 2463 1458 2515 demonstrat
1492 2456 1765 2512 Nicotaus
1790 2452 2055 2507 Alaman-

2175 2458 2395 2531 Χρυσῶν
2457 2453 2813 2525 καλουμένων
2865 2448 3080 2506 πυλῶν.
3134 2451 3267 2505 Haec
3316 2455 3405 2504 est
3433 2452 3585 2519 porta
3611 2446 3789 2519 Fontis,

411 2576 524 2614 ηαδ
554 2558 718 2612 Notis
749 2556 842 2610 ad-
877 2570 927 2608 ο·
972 2554 1041 2607 15
1086 2550 1352 2606 Ηὶδῐονίω
1413 2562 1635 2602 arcana?
1678 2542 1966 2612 Ρτοοορὶί,
1999 2555 2067 2596 0X
2175 2548 2347 2617 cujus
2381 2544 2552 2618 paulo
2594 2542 2843 2599 inferius
2893 2540 3280 2611 Pacbymeres
3319 2537 3598 2593 meminit.
3655 2536 3788 2590 Idem

408 2650 663 2708 Socrate.
695 2649 1014 2699 Sozomeno
1046 2650 1098 2695 et
1131 2639 1334 2695 Idatio.

2176 2637 2339 2696 alibi.
2374 2651 2580 2705 nempe
2613 2651 2669 2704 p.
2706 2633 2828 2701 168,
2877 2630 3116 2703 Χροσὲαν
3166 2625 3351 2696 πύλην
3400 2634 3643 2681 Auream
3675 2641 3786 2695 por-

482 2745 597 2816 Cap
628 2744 717 2797 24.
752 2742 1074 2809 Postquam
1110 2753 1203 2791 res
1236 2735 1494 2799 Persica,
1548 2731 1703 2803 quod
1739 2729 1832 2784 hic
1864 2744 2062 2782 narra-
2174 2732 2295 2781 tam
2329 2725 2609 2796 appellat.
2645 2726 2862 2777 Auctor
2914 2718 3214 2774 Pandectsc
3267 2716 3412 2772 Hist.
3452 2717 3599 2771 Ture.
3631 2730 3673 2768 c.
3701 2712 3789 2767 200

410 2839 509 2890 tur
556 2802 855 2887 succuluit
895 2802 1195 2892 ’i‘ocharis,
1261 2824 1494 2879 videtur
1554 2802 1876 2890 contigisse
1909 2816 2062 2886 quod
2174 2814 2448 2884 Selybriae
2473 2816 2699 2883 portam
2734 2810 2949 2864 dictam
2986 2824 3220 2878 quoque
3262 2808 3342 2861 ait
3374 2822 3386 2860 ε
3423 2804 3553 2860 Inde
3578 2802 3785 2874 (inquit)

412 2927 612 2979 noster
657 2938 711 2991 p.
766 2920 831 2972 18
876 2916 1096 2980 retulit,
1147 2887 1213 2969 ut
1257 2926 1554 2983 pugnaces
1606 2887 1846 2979 quidam
1882 2905 2064 2960 Persae
2168 2900 2867 2973 pervenitur'addecimam
2897 2900 3134 2961 sextam,
3166 2894 3418 2950 videlicet
3448 2889 3695 2963 Silybriee
3718 2887 3787 2944 vel

416 3026 618 3081 parere
659 2976 948 3063 iTocharis
998 2976 1537 3073 dedignatifarces
1587 2976 1830 3053 Romani
1864 2992 2068 3047 limitis
2176 2991 2444 3062 Selybriae
2498 2993 2739 3060 portam,
2788 3003 2913 3057 quia
2944 3003 2977 3039 a
3026 2983 3238 3056 priscis
3296 2983 3479 3056 Χρυσῆ
3521 2979 3682 3054 nam
3718 2976 3787 3031 vel

412 3115 615 3156 vexare
647 3096 909 3168 ceperint
940 3110 1085 3164 quas
1198 3068 1434 3145 tandam
1471 3088 1903 3157 expugnarunt.
2175 3083 2355 3135 Aurea
2378 3084 2537 3151 porta
2583 3077 2993 3132 nominabatur.
3041 3075 3179 3129 Nam
3210 3084 3373 3129 extra
3418 3077 3624 3143 portam
3669 3068 3787 3122 hanc

2176 3175 2253 3225 est
2283 3170 2550 3239 hodieque
2580 3169 2737 3236 Fons,
2764 3167 2864 3236 qui
2892 3162 3230 3237 χρυσοπηγή
3292 3163 3376 3217 vel
3406 3175 3604 3217 aureus
3628 3160 3735 3225 fons
3762 3170 3789 3207 a

2179 3259 2380 3315 Graecis
2436 3258 2666 3327 antiquo
2734 3253 2964 3309 nomine
3018 3253 3254 3322 dicitur,
3322 3250 3544 3306 celebris
3612 3248 3666 3302 in
3715 3259 3785 3299 eo-

2172 3364 2296 3403 rum
2335 3348 2605 3414 historiis,
2647 3358 2775 3415 quae
2811 3356 3190 3413 saepenumero
3233 3340 3434 3411 palatii
3478 3337 3648 3409 πηγῆς
3692 3335 3787 3388 sive

2169 3432 2338 3500 fontis
2371 3430 2697 3483 mentionem
2723 3428 2960 3497 faciunt,
2983 3429 3035 3477 et
3061 3423 3258 3495 templi
3307 3424 3553 3495 Deiparae
3580 3420 3783 3490 virginis

2172 3520 2247 3573 ad
2274 3538 2455 3589 πηγην
2513 3522 2630 3572 sive
2655 3519 2879 3585 fontem.
2913 3517 2996 3569 Ita
3027 3512 3146 3567 ille.

2246 3627 2378 3697 Pag.
2446 3626 2567 3679 150.
2628 3624 2691 3678 In
2749 3622 2842 3677 bis
2915 3621 3133 3676 Graecis
3195 3621 3390 3676 verbis
3463 3614 3785 3672 καταστάντος

2171 3719 2304 3768 κατὰ
2335 3714 2522 3788 χώραν
2577 3710 2914 3776 ὑπνούντων,
2942 3710 3051 3765 etsi
3081 3727 3149 3764 ex
3198 3711 3368 3765 codd.
3413 3706 3642 3780 optimis
3670 3704 3783 3757 Bar-

2173 3806 2292 3859 ber.
2325 3811 2380 3858 ct
2412 3803 2584 3867 Allat,
2619 3817 2752 3855 cum
2805 3800 2918 3854 fide
2949 3814 3226 3869 expressa
3269 3798 3422 3853 643
3468 3800 3618 3860 sunt,
3648 3804 3782 3845 men-

2172 3894 2310 3947 dum
2350 3893 2501 3947 inest
2534 3908 2646 3945 non
2675 3889 2947 3944 dubium.
2998 3887 3145 3951 Quid
3201 3888 3356 3942 enim
3390 3885 3525 3940 illuc
3552 3880 3783 3936 facitvox

2174 3980 2485 4035 ὑπνούντων
2521 3981 2711 4036 locum
2744 3994 3039 4048 occupans
3068 3975 3364 4045 vocabuli,
3397 3973 3548 4046 quod
3580 3982 3782 4039 respon-

2168 4073 2303 4127 deat
2330 4070 2634 4143 participio
2655 4064 3018 4125 καταστάντος
3044 4065 3066 4120 ?
3100 4066 3276 4120 Recte
3309 4064 3487 4136 igitur
3516 4066 3568 4117 et
3595 4076 3656 4115 ex
3683 4068 3781 4109 me-

2168 4163 2323 4228 liori,
2356 4163 2584 4233 opinor,
2634 4157 2953 4228 exemplari
3004 4173 3108 4228 pro
3157 4152 3468 4208 ὑπνούντων
3505 4149 3776 4206 Vaticanus

408 1669 706 1724 interdum
738 1667 809 1721 ad
843 1666 1041 1720 decem
1073 1667 1129 1716 et
1174 1660 1329 1715 ultra
1379 1656 1630 1711 miliaria
1661 1652 1889 1707 extendi
1920 1666 2059 1704 con-

412 1760 579 1813 tinua
610 1758 728 1811 fere
760 1756 911 1811 serie
957 1753 1253 1807 villarum.
1296 1752 1489 1802 Romae
1523 1760 1663 1800 sane
1695 1738 2061 1812 longiuscule

480 3202 619 3267 Pag.
656 3194 777 3248 134.
811 3192 926 3247 Non
969 3190 1100 3244 inde
1143 3188 1211 3243 ad
1241 3185 1529 3258 prepiium
1577 3186 1785 3267 victum
1825 3194 2060 3234 sumere.

411 3266 628 3341 Graecis
677 3282 795 3337 illis
844 3278 1302 3350 respondentia:
1336 3272 1609 3347 Φέροντας
1637 3268 1681 3323 δ’
1712 3266 1908 3338 ἔξωθεν
1944 3266 2059 3319 ἐπι-

406 3371 613 3427 τάττων
675 3368 989 3436 σιτίζεσθαι.
1048 3372 1181 3420 Haec
1238 3364 1512 3418 videntur
1565 3379 1599 3415 a
1677 3361 2063 3430 paraphraste

409 3463 695 3517 Vaticano
728 3477 843 3514 non
878 3456 1198 3511 intellecta:
1232 3457 1297 3507 ut
1329 3468 1446 3506 non
1482 3467 1612 3504 raro
1635 3448 1778 3502 alias
1810 3448 2060 3501 aberrat.

411 3558 517 3608 Pro
550 3551 641 3605 his
673 3549 825 3604 enim
861 3546 943 3601 sic
1002 3543 1209 3616 ponit:
1247 3541 1517 3613 Φὲροντας
1551 3534 1597 3589 δ’
1620 3533 1814 3605 ἔξωθεν
1869 3535 1929 3587 τὸ
1967 3534 2060 3605 μὶν

413 3640 608 3713 ἀρκοῦν
667 3639 764 3690 τοῦ
824 3632 972 3686 σίτου
1034 3636 1296 3704 χρῆσθαι,
1356 3628 1419 3680 τὸ
1452 3624 1509 3679 δὲ
1538 3623 1705 3679 πλέον
1735 3620 1900 3677 πάλιν
1932 3622 2065 3676 ἀπο-

408 3729 670 3790 τίθεσθαι.
727 3726 905 3795 Atqui
961 3720 1023 3775 τὸ
1081 3718 1270 3789 ἔξωθεν
1315 3736 1383 3773 ex
1433 3726 1630 3772 mente
1685 3715 1937 3770 auctoris
1991 3714 2060 3767 ad

407 3816 698 3884 σιτίζεσθαι
747 3814 1037 3868 refertur:
1087 3816 1151 3863 ut
1179 3807 1428 3863 voluerit
1475 3806 1627 3861 642
1672 3805 1929 3859 Joannes
1958 3803 2060 3856 im-

407 3912 646 3979 perator
663 3901 896 3972 bajulos
930 3898 1209 3954 frumenti
1239 3896 1557 3967 reponendi
1580 3894 1635 3947 in
1661 3893 1898 3947 arcibus
1915 3890 2061 3945 nihil

405 3998 543 4051 inde
575 3994 762 4049 obiter
813 3993 1077 4045 minuere
1132 3988 1201 4041 ad
1237 3984 1533 4057 proprium
1583 3983 1817 4047 victum,
1860 3982 1959 4035 sed
1987 3980 2059 4035 iis

406 4084 645 4140 aliunde
672 4081 957 4151 assignari
993 4077 1148 4131 unde
1179 4075 1236 4129 in
1261 4074 1364 4129 tali
1396 4073 1485 4127 via
1503 4088 1568 4126 ac
1599 4070 1927 4125 ministerio
1959 4084 2056 4123 ve-

405 4178 729 4231 scerentur.

476 4265 613 4335 Pag.
652 4263 774 4317 140.
807 4260 950 4316 Idem
983 4259 1084 4314 ille
1137 4254 1492 4312 Cutritzaces.
1527 4251 1740 4307 Mentio
1773 4250 2059 4304 Cutritza-

401 4355 484 4409 cis
518 4354 578 4409 in
612 4351 828 4407 Graecis
878 4349 1049 4405 editis
1080 4363 1197 4401 non
1246 4347 1585 4415 comparet:
1634 4340 1734 4394 illa
1764 4339 1918 4394 enim
1967 4354 2058 4392 ex-

401 4459 601 4514 pressa
651 4446 791 4496 sunt
848 4455 916 4493 ex
974 4437 1101 4490 cod.
1156 4434 1394 4499 Barber,
1456 4437 1513 4485 et
1576 4430 1748 4484 Allat.
1813 4427 2053 4499 (R1149)

399 4548 648 4602 quorum
680 4530 739 4583 in
792 4532 999 4582 neutro
1050 4524 1283 4595 legitur.
1329 4521 1630 4592 Supplevit
1670 4524 1863 4573 autem
1900 4522 2052 4571 recte

2168 4251 2334 4323 ponit
2377 4247 2711 4319 πνεύματος,
2762 4263 2940 4301 sensu
2974 4247 3097 4317 jam
3149 4244 3346 4315 plano,
3399 4257 3569 4314 quem
3598 4242 3651 4293 et
3692 4244 3775 4287 nos

2170 4343 2227 4395 in
2261 4338 2743 4410 interpretatione
2762 4336 3082 4390 tenuimus.
3119 4334 3255 4397 Quae
3272 4335 3596 4403 sequuntur
3624 4323 3774 4380 iniis—

2170 4432 2299 4485 dem
2336 4429 2500 4483 codd.
2538 4428 2577 4481 B
2611 4432 2666 4481 et
2692 4429 2758 4489 A,
2808 4426 3179 4495 desperatam
3234 4421 3658 4493 perplexitatem
3692 4410 3774 4465 ha-

2168 4521 2307 4574 bent
2339 4524 2597 4582 auctore,
2652 4523 2716 4571 ut
2770 4515 2938 4584 solet,
2975 4522 3094 4568 tam
3146 4512 3206 4567 in
3256 4511 3479 4567 delectu
3526 4520 3686 4580 quam
3728 4499 3771 4552 in

394 4618 757 4673 Vaticanus:
792 4620 882 4670 est
915 4614 1072 4667 enim
1122 4612 1190 4664 ad
1241 4610 1594 4664 sententiam
1646 4606 2054 4675 explicandam
2089 4585 2132 4648 Ῑ)
2167 4609 2549 4664 collocatione
2576 4607 2882 4661 verborum
2940 4603 3169 4657 obviam
3224 4600 3559 4655 facilitatem
3606 4585 3769 4649 sedulo

399 4707 751 4763 necessaria.
815 4703 919 4759 Ille
977 4702 1062 4755 sic
1122 4700 1334 4754 habet:
1395 4697 1587 4766 Ὅμως
1644 4692 1803 4753 αὐτὸς
1838 4692 2051 4752 οὗτοςὸ

396 4794 802 4868 Κουτριτζάκης
861 4791 952 4844 τὸν
1032 4787 1198 4841 τόπον
1281 4782 1465 4846 καλῶς
1515 4782 1894 4850 ἐπιστάμενος,
1976 4784 2051 4838 Ex

396 4903 543 4955 quos
557 4902 664 4940 nos
683 4888 873 4939 totum
897 4882 1087 4935 locum
1115 4879 1197 4933 sic
1215 4874 1637 4931 restimendum
1671 4872 2047 4943 putabamus:

393 4974 527 5036 Τοῖς
558 4966 1037 5040 ὑποϐαλλομὲνοις
1083 4958 1395 5038 προσέῧῐων,
1449 4962 1588 5033 ὁμοῦ
1620 4960 1724 5033 γὰρ
1764 4958 1924 5019 αὐτὸς
1958 4958 2047 5012 οὗ·

390 5081 483 5121 τος
547 5062 573 5114 ὁ
635 5057 1040 5134 Κουτριτζάκης
1096 5052 1151 5106 εὖ
1213 5048 1371 5111 εἰδὼς
1428 5053 1535 5103 τῶν
1588 5048 1769 5101 τόπων
1832 5046 2043 5120 συνῄει.

392 5151 529 5213 Quae
585 5151 846 5204 inserere
894 5143 1191 5202 contextui
1280 5140 1433 5205 ausi,
1496 5150 1685 5193 tamen
1761 5138 2046 5208 interpre-

394 5240 571 5293 tando
603 5236 1004 5308 expressimus
1033 5249 1045 5286 :
1100 5230 1411 5286 manifeste
1472 5226 1691 5298 quippe
1720 5241 1927 5279 manca
1956 5229 2047 5279 est

390 5326 656 5381 codicum
690 5324 940 5379 aliorum
975 5319 1167 5385 lectio,
1202 5333 1306 5372 nec
1349 5331 1593 5370 sensum
1658 5330 1759 5384 per
1790 5329 1852 5367 se
1883 5329 2043 5367 com-

389 5416 632 5470 modum
666 5412 865 5468 efﬁcit.

459 5512 595 5582 Pag.
621 5511 779 5566 139.J
787 5524 879 5562 am
899 5506 1051 5576 quod
1070 5504 1163 5558 hic
1180 5508 1376 5560 noster
1408 5500 1751 5558 inevitabilis
1774 5500 2042 5571 efficacia,

386 5616 520 5657 esse
550 5599 631 5654 ait
658 5601 880 5655 decreta
921 5592 1304 5665 providentiae,
1358 5593 1406 5647 si
1467 5592 1560 5647 cui
1600 5592 1910 5646 videantur
1966 5592 2038 5645 ad

385 5689 729 5743 damnatam
763 5682 958 5741 fatalis
991 5679 1357 5736 necessitatis
1388 5678 1714 5735 doctrinam
1749 5682 2038 5749 spectare,

2167 4700 2442 4767 fugiente.
2466 4698 2789 4751 Vaticanus
2817 4710 2886 4748 ea
2906 4691 3255 4762 compendio
3288 4696 3346 4745 et
3374 4687 3584 4743 clarius
3609 4683 3673 4733 de
3691 4687 3769 4731 suo

2161 4788 2497 4859 exprimens
2530 4786 2613 4840 sic
2664 4784 2876 4839 habet:
2914 4780 3024 4837 Εἶτ’
3082 4777 3167 4832 ἐάν
3229 4800 3281 4833 τι
3331 4776 3453 4851 περὶ
3490 4773 3552 4827 τὰ
3580 4760 3771 4833 αἰσθητά

2162 4870 2441 4947 συμϐαίη,
2507 4874 2581 4944 μή
2642 4872 3005 4930 καταστάντος
3061 4868 3197 4922 κατὰ
3254 4866 3439 4942 χώραν
3498 4864 3589 4916 τοῦ
3641 4847 3770 4910 πνεύ-

2164 4984 2330 5036 ματος
2390 4962 2433 5016 εἰ
2499 4962 2591 5032 μὶν
2645 4957 2856 5032 ὁμαλόν
2917 4957 3025 5011 ἐστι
3078 4957 3167 5011 καὶ
3215 4960 3322 5011 τῶν
3360 4954 3595 5022 συνήθων
3625 4944 3678 4999 τὸ
3704 4939 3771 4993 ἀν-

2156 5047 2634 5124 τιλαμϐανόμενον
2687 5046 2885 5124 αἴφνης
2945 5047 3239 5114 ἀκουσθὶν,
3301 5044 3362 5099 οὐ
3416 5042 3658 5097 τοσοῦτον
3701 5025 3769 5101 γί-

2157 5112 2301 5195 νεταί
2330 5140 2392 5194 τὸ
2441 5112 2647 5214 βλάϐος
2678 5112 2801 5213 περὶ
2831 5112 2893 5190 τὸ
2945 5112 3284 5210 λογιστικον.
3320 5132 3381 5189 Ei
3414 5129 3468 5185 δὲ
3490 5130 3710 5195 λυπηρρν

2155 5231 2346 5306 χάριεν
2393 5230 2454 5283 τὸ
2507 5221 3052 5298 ἀντιλαμϐανόμενον
3106 5223 3301 5286 εὐθέως
3353 5216 3596 5281 ἄκουσθὲν
3643 5202 3765 5277 παρὰ

2154 5324 2327 5373 πᾶσαν
2395 5315 2774 5392 προσδοκίαν,
2826 5309 3275 5390 τεθορυϐημένων
3333 5314 3437 5365 τῶν
3497 5301 3758 5369 αἶσθήσεων

2154 5407 2415 5479 ἔκπληξιν
2463 5406 2839 5481 ἀπεργάζεται.
2875 5410 2959 5461 Ita
3003 5405 3099 5461 ille
3158 5408 3395 5459 mutans
3452 5403 3506 5454 et
3559 5392 3757 5449 contra-

2154 5499 2299 5555 hens
2325 5517 2426 5570 pro
2459 5498 2716 5552 arbitrio.
2736 5496 2851 5551 Nos
2876 5499 3173 5551 auctorem
3199 5493 3391 5564 ipsum
3426 5485 3756 5543 exhibemus,

2151 5594 2208 5643 et
2237 5605 2408 5659 quam
2473 5586 2815 5643 ﬁdelissime
2846 5601 2911 5639 ac
2968 5583 3295 5639 clarissime
3333 5588 3602 5636 conamur
3652 5560 3757 5620 red-

2151 5678 2309 5733 dere.
