4072 6406
304 480 448 539 1105

1900 482 2131 537 ΝΟΤΕ.

3582 489 3724 546 1106

378 606 463 677 [Ρ.
500 602 624 674 450]
659 602 793 674 Pag.
858 603 978 658 160.
1042 605 1346 675 Postquam
1404 603 1502 658 diu
1556 601 1778 659 clausat
1827 619 1949 672 per-
1980 604 2034 673 Α
2074 612 2125 660 et
2160 606 2380 662 Venetos
2408 610 2579 664 multo
2627 610 2921 682 inferiores
2964 630 3198 671 numero
3248 614 3405 669 intra
3455 612 3720 669 manium

300 696 583 749 manserat
620 701 814 762 aperta
863 696 945 747 est
974 701 1129 763 porta
1178 694 1383 747 Aurea.
1433 692 1526 747 Sic
1583 693 1951 747 reddidimus

303 784 457 856 quod
493 783 550 837 in
602 782 800 837 Graeco
858 782 1095 853 legitur,
1154 782 1407 834 Ἥνοικτο
1441 783 1475 849 ἡ
1530 779 1741 854 Χρδσὲα
1798 779 1947 851 πύλη

301 870 519 946 χρονία.
558 873 644 927 Ita
674 871 829 927 clare
858 871 1199 942 exprimunt
1236 872 1444 943 optimi
1493 873 1663 927 codd.
1701 873 1760 927 Β.
1795 876 1853 927 et
1883 875 1944 927 A.

306 962 616 1017 Vaticanus
678 965 873 1015 autem
927 977 1030 1031 pro
1078 958 1275 1034 χρονία
1326 960 1492 1031 ponit
1547 957 1733 1031 μόλις.
1784 960 1948 1015 Unde

298 1049 700 1105 intelleximus
722 1049 867 1103 velle
881 1054 1178 1104 auctorem
1195 1050 1531 1121 significare
1554 1054 1684 1122 post
1708 1050 1942 1120 longam

298 1139 553 1209 denique
574 1138 1067 1209 exspectationem
1098 1140 1358 1210 patuisse
1391 1139 1523 1195 illas
1570 1141 1667 1194 diu
1715 1141 1947 1195 obsera-

282 1231 387 1284 tas
420 1230 593 1283 fores.
630 1228 789 1282 More
810 1228 1079 1284 videlicet
1112 1245 1459 1300 pomparum
1495 1229 1943 1299 solemniorum,

298 1317 537 1389 quibus,
573 1321 638 1372 ut
666 1316 1067 1373 Tertullianus
1098 1318 1168 1372 de
1200 1317 1495 1389 mysteriis
1527 1318 1731 1373 scribit
1778 1318 1945 1374 initio

295 1406 430 1461 libri
490 1406 770 1462 adversus
816 1406 1277 1473 Valentinianos,
1327 1409 1653 1463 cruciantur
1708 1408 1940 1476 aditus;

291 1496 447 1567 quod
478 1496 682 1551 referri
714 1500 905 1567 potest
936 1496 1006 1551 ad
1036 1513 1230 1551 moras
1283 1495 1342 1551 in
1382 1497 1670 1552 vestibulo
1718 1497 1942 1552 haeren-

291 1585 464 1641 tium.
498 1584 677 1640 Paulo
710 1589 840 1656 post
864 1584 1017 1639 idem
1051 1590 1339 1640 memorat
1366 1587 1613 1655 suspiria
1628 1590 1940 1657 portarum,

282 1676 455 1746 juxta
485 1676 786 1732 lectionem
808 1677 1111 1745 cujusdam
1160 1678 1379 1733 codicis
1436 1694 1549 1732 non
1601 1694 1941 1749 usquequa~

292 1782 407 1836 que
441 1766 710 1822 fortassis
741 1766 1210 1837 improbabilem,
1267 1768 1374 1823 etsi
1429 1768 1635 1823 merito
1685 1767 1791 1821 viri
1837 1768 1939 1821 do-

292 1856 369 1910 cti
425 1855 787 1923 praetulerint
850 1856 1097 1927 suspiria
1154 1862 1475 1927 epoptarum
1542 1874 1677 1911 nam
1755 1857 1938 1910 videri

291 1944 481 2015 potuit
509 1944 655 2000 velle
686 1950 895 2001 auctor
919 1945 1242 2017 exprimere
1268 1963 1618 2018 suspensam
1641 1947 1937 2017 inquietu-
1966 1974 2013 2038 B

291 2035 486 2089 dinem
513 2036 979 2107 exspectantium
1012 2037 1084 2090 ad
1118 2041 1315 2107 portas
1342 2041 1397 2091 et
1426 2038 1495 2091 ad
1529 2040 1788 2107 optatam
1836 2052 1935 2090 ea-

289 2140 422 2179 rum
456 2124 901 2194 patefactionem
934 2125 1688 2197 suspirantium.Admonet
1712 2128 1933 2191 autem,

287 2217 643 2284 opportunet
672 2214 741 2268 ad
778 2214 933 2285 quod
968 2214 1243 2282 dicimus,
1276 2218 1472 2269 noster
1515 2215 1933 2285 imperatorem

284 2302 570 2374 peculiari
597 2303 794 2360 studio
825 2321 1065 2359 curasse
1096 2312 1155 2359 ut
1187 2321 1365 2377 quam
1396 2305 1645 2360 maxime
1678 2308 1932 2375 augusta

288 2396 614 2464 sanctaque
643 2393 765 2448 haec
798 2393 1144 2449 casremonia
1174 2395 1261 2449 sui
1297 2394 1577 2450 solemnis
1620 2393 1679 2447 in
1726 2394 1935 2448 urbem

286 2482 510 2553 regiam
542 2483 846 2555 ingressus
878 2484 1167 2538 evaderet.
1230 2484 1425 2551 Quam
1482 2483 1543 2537 in
1598 2497 1721 2537 rem
1772 2482 1930 2537 inter

290 2574 499 2627 cetera
544 2572 889 2627 diuturnam
936 2572 1110 2627 istam
1156 2572 1427 2627 adhibuit
1471 2587 1698 2626 moram
1749 2575 1928 2641 portas

289 2662 489 2715 Aurem
521 2661 1008 2732 aperiendae,ante
1039 2678 1218 2733 quam
1243 2661 1504 2716 clausam
1521 2661 1931 2732 persistentem

289 2747 516 2820 aliquot
547 2749 670 2805 dies
702 2766 833 2805 cum
867 2750 1146 2806 comitatu
1179 2750 1464 2819 substitit;
1498 2749 1702 2820 etipso
1722 2749 1934 2803 trium-

287 2837 483 2911 phalis
515 2838 795 2894 introitus
826 2856 944 2894 non
976 2843 1113 2894 ante
1160 2839 1466 2895 meridiem
1496 2839 1671 2910 pandi
1723 2838 1932 2905 voluit,

288 2932 355 2981 ut
375 2930 551 2999 paulo
584 2932 716 2998 post
746 2927 977 2984 dicitur.
1020 2928 1135 2984 Nec
1166 2934 1256 2984 est
1313 2927 1651 2983 incredibile
1707 2931 1934 2982 tantam

293 3032 328 3070 a
352 3015 628 3073 Michaele
657 3016 1090 3073 solemnitatem
1123 3018 1182 3072 in
1216 3034 1324 3073 suo
1375 3017 1487 3072 isto
1547 3033 1649 3088 per
1706 3021 1933 3088 portam

290 3114 540 3161 Auream
572 3106 842 3178 ingressu
875 3107 1226 3173 affectatam,
1261 3106 1416 3179 quod
1450 3123 1577 3162 eam
1606 3105 1718 3161 sibi
1741 3105 1934 3161 adhuc

288 3195 524 3251 lactenti
576 3197 915 3268 praedictam
967 3199 1251 3268 audisset,
1279 3202 1553 3252 narrante
1600 3196 1715 3269 ipsi
1758 3196 1932 3251 Eulo—

287 3283 383 3355 gia
413 3302 632 3343 sorore.
664 3286 811 3342 Vide
842 3304 966 3343 rem
1004 3287 1362 3360 descriptam
1397 3303 1597 3359 supra,
1630 3302 1687 3358 p.
1726 3287 1848 3341 128.

358 3468 520 3535 Pag.
580 3463 703 3519 463.
767 3463 908 3532 Quos
966 3464 1228 3519 allatrari
1281 3482 1405 3520 cum
1436 3473 1789 3536 apparerent.
1844 3464 1938 3520 Sic

289 3553 692 3625 expressimus
723 3554 877 3624 quod
911 3554 1107 3609 Graece
1137 3550 1372 3614 ἐκείνους
1406 3549 1453 3606 δ’
1498 3551 1940 3624 ὑλαγτουμὲνους

286 3645 367 3713 τῷ
395 3639 622 3711 πλήθει,
655 3642 1000 3713 Quanquam
1034 3659 1148 3697 non
1182 3642 1513 3710 dissimulo,
1557 3660 1626 3699 ex
1672 3660 1789 3714 quo
1810 3644 1935 3714 jam

291 3730 417 3787 haec
448 3732 533 3787 sic
562 3734 729 3786 erant
760 3732 935 3797 edita,
968 3730 1312 3787 observasse
1355 3747 1442 3786 me
1489 3731 1549 3787 in
1594 3731 1793 3787 conice
1835 3749 1939 3787 an-

287 3821 455 3891 tiquo
513 3817 921 3891 ἡλαττομὲνους
992 3837 1094 3891 pro
1162 3818 1600 3891 ὑλακτομένους.
1650 3821 1754 3875 Est
1813 3821 1939 3890 qui-

292 3911 425 3965 dem
459 3909 587 3965 sine
616 3909 797 3965 dubio
827 3910 1180 3965 mendosum
1206 3909 1351 3965 illud
1375 3910 1827 3979 vocabulum,ut
1856 3909 1936 3963 ibi

290 3998 580 4069 scriptum
614 3998 732 4053 vidi
766 4014 897 4053 cum
931 4014 963 4052 ο
995 4015 1173 4069 parvo
1201 3997 1261 4053 in
1294 3998 1464 4054 tertia
1505 3998 1749 4067 syllaba,
1801 4014 1934 4052 cum

289 4088 363 4143 ab
421 4084 664 4141 ἐλαττόω
717 4083 1144 4158 ἠλαττωμένους
1192 4088 1338 4144 ﬂecti
1386 4088 1543 4143 644
1595 4088 1934 4160 oportuerit.

290 4176 575 4232 Caeterum
601 4176 649 4232 si
680 4176 771 4231 cui
798 4176 987 4247 magis
1007 4176 1128 4231 haec
1155 4175 1344 4249 placet
1367 4176 1932 4246 lectio,referendum

289 4281 617 4337 pronomen
648 4261 891 4324 ἐκείνους
923 4265 993 4319 ad
1027 4264 1278 4320 Venetos
1292 4266 1606 4321 etPisanos
1631 4265 1935 4337 erit,quos,

290 4354 433 4425 quia
462 4352 675 4408 minori
709 4368 955 4408 numero
987 4358 1185 4409 essent
1214 4371 1393 4425 quam
1425 4359 1489 4409 ut
1517 4355 1587 4410 ab
1629 4355 1701 4410 iis
1742 4354 1937 4410 timeri

290 4443 504 4500 seditio
535 4447 755 4514 posset,
788 4442 944 4497 haud
988 4447 1225 4514 gravate
1275 4448 1573 4514 pateretur
1621 4444 1941 4515 imperator

291 4534 452 4589 intra
483 4532 650 4588 urbis
710 4530 928 4588 moenia
984 4532 1216 4602 degere,
1278 4549 1477 4588 cuma
1532 4533 1940 4588 Genuensibus

292 4620 673 4678 multitudine
698 4621 1026 4677 metuendis
1056 4620 1264 4676 turbas
1296 4620 1525 4693 aliquas
1556 4622 1775 4677 timens
1825 4622 1937 4677 mi-

2073 695 2345 751 ambitum
2372 697 2558 753 domos
2590 698 2791 756 habere
2817 702 2974 758 haud
2998 719 3147 774 aegre
3174 704 3409 759 sinebat.

2142 784 2274 853 Pag.
2314 787 2433 840 173.
2470 787 2964 860 Χειροτονηθεῖσιν.
2998 792 3157 847 Hanc
3177 809 3375 848 vocem
3407 792 3492 847 sic
3514 809 3719 847 emen-

2070 873 2355 939 davimus,
2393 880 2725 933 necessaria
2757 884 2821 933 ut
2869 881 3228 952 putabamus
3274 882 3523 951 ratione,
3580 898 3715 937 cum

2068 961 2125 1015 in
2160 962 2491 1035 archetypis
2515 965 2668 1021 clare
2691 967 2983 1039 legeretur
3012 971 3501 1043 χειροθετηθεῖσιν.

2137 1052 2270 1122 Cap.
2308 1056 2358 1108 8.
2384 1053 2537 1117 Quos
2569 1056 2677 1111 hoc
2725 1059 2911 1127 capite
2971 1065 3159 1114 noster
3183 1059 3483 1130 lEthiopas
3514 1058 3716 1130 appel-

2064 1141 2164 1206 lat,
2191 1143 2249 1197 hi
2284 1151 2449 1199 erant
2479 1146 2747 1201 Saraceni
2780 1148 3024 1221 zEgypto
3066 1167 3169 1221 per
3217 1150 3273 1204 id
3311 1156 3545 1220 tempus
3602 1149 3715 1204 im-

2067 1232 2405 1303 peritantes,
2434 1251 2565 1288 cum
2602 1236 2821 1307 quibus
2854 1242 2911 1292 et
2960 1243 3164 1293 sancto
3213 1237 3501 1293 Ludovico
3546 1241 3715 1293 Fran-

2064 1337 2261 1377 corum
2297 1323 2380 1395 (P.
2415 1324 2541 1394 451)
2574 1324 2690 1395 regi
2728 1332 2784 1381 et
2806 1326 2939 1381 aliis
2961 1326 3325 1398 principibus
3360 1326 3711 1382 Christianis

2062 1410 2505 1484 Herosolymam
2536 1422 2593 1469 et
2617 1414 2731 1469 alia
2756 1415 3072 1471 Palmstinaa
3104 1416 3231 1471 loca
3277 1414 3713 1488 occupantibus

2062 1520 2268 1575 graves
2324 1504 2736 1561 dimicationes
2788 1508 3050 1564 fuerunt.
3100 1506 3301 1578 Aperit
3360 1510 3559 1562 autem
3612 1505 3710 1561 hic

2062 1593 2216 1648 clare
2246 1593 2634 1664 Pachymeres
2668 1595 2951 1666 originem
3002 1596 3239 1651 famosae
3272 1595 3497 1650 militiae
3528 1595 3716 1650 Mam—

2061 1682 2496 1751 maluchorum,
2519 1684 2780 1739 conﬂata;
2799 1701 2867 1740 ex
2884 1686 3196 1757 mancipiis
3221 1685 3431 1755 majori
3462 1701 3528 1739 ex
3551 1688 3716 1755 parte

2058 1772 2369 1843 Scythicis,
2394 1790 2521 1843 quae
2557 1774 2762 1845 puerili
2795 1779 2961 1830 aetate
3016 1791 3085 1829 ex
3143 1774 3365 1829 Euxino
3421 1773 3479 1828 in
3536 1773 3713 1844 [Egy-

2059 1865 2224 1931 ptum
2259 1863 2565 1931 deportata
2595 1863 2673 1918 ibi
2706 1865 3098 1919 educarentur
3128 1868 3185 1919 et
3208 1863 3611 1919 adolescerent
3643 1861 3703 1916 in

2058 1950 2276 2006 milites
2311 1952 2684 2017 fortissimos,
2720 1970 2928 2023 magno
2960 1953 3429 2009 Christianorum
3461 1952 3703 2023 damno,

2055 2040 2404 2111 necjminori
2448 2042 2621 2111 culpa
2670 2041 3141 2096 Christianorum
3187 2038 3699 2109 Constantinopoli

2056 2126 2511 2194 dominantium,
2544 2128 2761 2197 quibus
2790 2133 2915 2183 erat
2946 2127 3269 2182 facilimum
3303 2127 3461 2182 istud
3495 2125 3698 2181 exitio-

2055 2231 2188 2269 sum
2222 2214 2749 2287 Hierosolymitano
2782 2233 2959 2287 regno
2991 2217 3407 2272 commercium
3458 2213 3697 2269 interci-

2054 2320 2211 2375 pere,
2252 2303 2365 2359 nisi
2398 2305 2662 2373 avaritia,
2693 2305 2958 2373 ambitio,
2993 2308 3147 2360 avita
3199 2304 3492 2359 aemulatio
3540 2302 3699 2357 Lati-

2054 2410 2267 2449 norum
2291 2393 2426 2466 plus
2486 2395 2643 2467 apud
2703 2412 2802 2450 eos
2856 2412 3034 2466 quam
3089 2394 3389 2466 religionis
3448 2394 3702 2454 rationes

2053 2482 2398 2552 valuissent;
2432 2499 2611 2553 quare
2652 2484 2859 2539 merito
2898 2482 3296 2555 ‘Pachymeres
3346 2476 3637 2555 capitibus
3666 2480 3699 2535 ἇ

2053 2576 2110 2627 et
2136 2572 2171 2625 5
2204 2572 2590 2642 sequentibus
2622 2572 2729 2628 hoc
2764 2573 2982 2628 factum
3018 2573 3335 2643 improbat.

2127 2660 2260 2732 Pag.
2300 2664 2423 2716 180.
2464 2662 2585 2717 Tres
2617 2662 2847 2737 regina.
2900 2662 3016 2717 Hoc
3073 2666 3164 2717 est
3209 2665 3330 2716 tres
3379 2660 3548 2732 regiae
3584 2659 3700 2714 vir-

2054 2749 2240 2822 gines:
2277 2766 2413 2804 nam
2446 2765 2511 2804 ex
2570 2751 2807 2822 regibus
2858 2754 3026 2806 natas
3080 2751 3314 2822 reginas
3370 2748 3701 2819 nuncupari

2054 2854 2198 2892 usus
2223 2837 2502 2907 jamolim
2544 2836 2809 2903 invaluit,
2848 2838 3019 2907 cujus
3068 2836 3335 2908 exempla
3358 2834 3700 2908 passimoc-

2054 2930 2321 2982 currunt.

2124 3014 2261 3071 Ibid.
2318 3015 2456 3071 Maio
2486 3015 2556 3071 de
2602 3016 2906 3072 Beticurto.
2967 3015 3196 3071 Iudicat
3262 3016 3450 3071 forma
3505 3012 3698 3069 nomi-

2052 3108 2167 3162 nis.
2200 3107 2489 3161 Francum
2522 3104 2680 3160 hunc
2702 3106 2905 3173 fuisse,
2940 3108 3263 3177 suadetque
3313 3104 3491 3170 idem,
3541 3102 3697 3174 quod

2056 3196 2451 3268 Peloponneso
2484 3195 2605 3250 sive
2635 3195 2863 3263 Moreae,
2907 3195 3063 3249 unde
3113 3194 3208 3250 hic
3250 3197 3414 3250 ortus
3460 3192 3697 3258 dicitur,

2057 3285 2265 3342 Franci
2296 3289 2424 3339 tum
2452 3284 2891 3356 imperitabant,

2129 3376 2424 3447 Pag.181.
2464 3373 2800 3430 Vintz'milz'a.
2851 3374 3000 3429 Nota
3056 3373 3177 3429 haec
3235 3376 3330 3429 eat
3384 3370 3699 3443 appellatio

2061 3466 2316 3535 antiquis
2349 3480 2414 3518 ac
2428 3463 2765 3535 praenobilis
2781 3463 3013 3518 familias
3027 3460 3700 3531 Genuensis,hodieque,

2062 3564 2123 3611 ut
2153 3555 2381 3627 opinor,
2416 3552 2778 3625 superstitis.

2132 3650 2269 3715 Pag.
2296 3644 2486 3698 183.111
2515 3642 2971 3714 purpura.Vides
3004 3641 3139 3697 hinc
3171 3658 3286 3697 non
3320 3640 3464 3696 satis
3497 3640 3702 3704 fuisse,

2058 3738 2124 3790 ut
2154 3735 2287 3805 quis
2319 3733 2854 3805 Porphyrogenitus
2897 3733 3211 3801 diceretur,
3258 3736 3462 3787 natum
3522 3730 3704 3785 fuisse

2056 3841 2125 3879 ex
2156 3827 2317 3894 patre
2342 3822 2469 3894 jam
2504 3822 2736 3893 imperii
2781 3824 2930 3879 645
2986 3827 3274 3893 compote,
3327 3826 3391 3876 ut
3441 3819 3703 3891 plerique

2058 3913 2342 3967 hactenus
2387 3914 2526 3966 sunt
2578 3910 2825 3981 opinati,
2874 3928 3147 3981 purpuras
3200 3910 3438 3966 nomine
3482 3908 3699 3963 intelli-

2056 4005 2261 4072 gentes
2276 4015 2534 4065 pannum
2560 4015 2920 4069 purpureum
2936 4016 3052 4069 quo
3073 3998 3480 4070 exciperentur
3500 4002 3701 4069 partus

2056 4094 2483 4164 Augustarum.
2519 4089 2862 4160 Requiritur
2892 4089 3044 4144 enim
3077 4094 3352 4160 praeterea
3404 4087 3567 4144 nasci
3612 4089 3700 4141 in-

2055 4188 2147 4238 tra
2179 4183 2422 4237 domum
2456 4197 2580 4252 qua:
2602 4177 2856 4254 πορφύρα
2894 4196 3144 4250 purpura
3183 4180 3522 4235 vocabatur.
3570 4178 3703 4233 Haec

2057 4290 2193 4345 pars
2248 4274 2375 4327 erat
2431 4269 2827 4341 imperialium
2879 4268 3092 4323 aedium
3154 4267 3701 4339 Constantinopoli;

2058 4363 2214 4417 unde
2243 4358 2805 4430 Constantinopolim
2842 4358 3130 4430 migrasse
3161 4358 3327 4429 prius
3369 4362 3708 4429 oportuerat

2060 4455 2332 4523 parentes
2356 4447 2742 4515 Constantini,
2779 4452 2842 4502 ut
2873 4447 2921 4502 is
2956 4446 3492 4518 Porphyrogenitus
3542 4444 3705 4501 nasci

2060 4543 2278 4611 posset.
2315 4538 2513 4608 Itaque
2570 4536 2963 4600 Andronicus,
3016 4535 3122 4591 etsi
3176 4540 3349 4591 natus
3408 4539 3579 4599 esset,
3643 4538 3708 4588 ut

2061 4629 2443 4700 Pachymeres
2481 4626 2714 4681 videtur
2744 4627 3022 4693 voluisse,
3054 4625 3288 4697 imperii
3322 4625 3505 4696 patris
3552 4640 3704 4679 anno

291 4713 451 4768 nime
483 4716 679 4767 tutum
714 4710 1078 4767 existimaret
1107 4709 1181 4765 iis
1212 4710 1509 4766 domicilia
1552 4710 1610 4765 in
1646 4711 1792 4766 urbe
1834 4712 1942 4765 tri-
1972 4702 2016 4767 D
2059 4717 2271 4789 primo,
2307 4716 2462 4787 quod
2498 4715 2887 4770 discutiemus
2920 4715 2956 4770 l.
2992 4716 3088 4783 III,
3132 4731 3183 4770 ο.
3217 4716 3269 4785 8,
3329 4731 3444 4769 non
3504 4716 3703 4769 tamen

289 4804 490 4858 buere.
526 4803 737 4868 Quare,
767 4804 832 4855 ut
856 4800 1066 4855 deinde
1095 4817 1143 4855 c.
1178 4800 1248 4855 35
1278 4799 1576 4865 scribitur,
1621 4800 1779 4872 ipsos
1824 4800 1937 4872 pri-

292 4909 458 4948 mum
493 4891 826 4948 Heracleam
860 4890 1125 4947 Thraciae
1155 4890 1552 4954 submoverat,
1586 4891 1687 4945 sed
1735 4894 1938 4961 postea

291 4985 527 5037 mutata
557 4980 851 5036 sententia
874 4996 973 5036 eos
996 4979 1054 5034 in
1087 4979 1437 5035 suburbium
1463 4978 1730 5035 Galatam
1755 4984 1938 5035 trans-

297 5070 455 5127 tulit.
486 5071 613 5126 Non
647 5071 890 5142 poenitet
920 5068 1152 5139 quidem
1186 5085 1280 5124 me
1338 5069 1548 5139 prioris
1584 5070 1709 5140 jam
1769 5070 1936 5124 edita:

293 5158 587 5229 lectionis,
619 5177 748 5231 quas
777 5159 1129 5215 sententiam
1162 5157 1321 5213 haud
1365 5157 1805 5215 inverisimilem
1838 5174 1938 5214 ex-

294 5252 520 5323 primit:
552 5256 748 5306 tamen
780 5250 830 5306 si
864 5250 999 5321 quis
1029 5249 1139 5304 erit
1169 5250 1260 5305 cui
1297 5249 1427 5320 plus
1460 5249 1715 5305 arrideat
1737 5250 1938 5316 altera,

292 5344 345 5398 is
378 5341 449 5397 ad
472 5358 601 5397 eam
634 5338 1561 5409 conformareinterpretationem
1590 5339 1855 5394 Latinam
1878 5338 1936 5395 in

294 5434 456 5488 hunc
488 5432 730 5486 modum
763 5430 1010 5501 poterit:
1056 5429 1326 5485 Caeterum
1379 5428 1751 5485 Genuensibus
1796 5432 1941 5485 satis

295 5521 467 5592 ﬁdere
495 5536 604 5576 non
635 5528 857 5590 poterat
887 5520 1043 5573 intra
1065 5519 1253 5573 urbem
1270 5517 1761 5588 degentibus,quod
1780 5519 1944 5572 multi

297 5613 479 5667 essent
506 5624 608 5665 nec
627 5623 759 5665 cum
787 5608 921 5664 aliis
948 5608 1322 5663 communiter
1348 5607 1589 5662 viverent
1613 5606 1691 5680 (a)
1716 5606 1943 5663 Pisanos

2056 4821 2185 4861 esse
2216 4822 2346 4861 vere
2378 4804 2912 4877 Porphyrogenitus
2937 4804 3146 4875 potuit,
3181 4805 3334 4876 quod
3366 4807 3525 4859 extra
3556 4806 3703 4858 Con-

2057 4894 2499 4965 stantinopolim
2534 4894 2613 4950 sit
2642 4894 2935 4960 natus,uti
2966 4910 3069 4949 nec
3099 4893 3469 4950 Theodorum
3498 4894 3702 4963 junio-

2057 5000 2180 5038 rem
2206 4983 2527 5039 Lascarim.
2570 4982 2678 5037 etsi
2740 4982 3029 5053 principio
3081 4981 3309 5052 imperii
3370 4982 3557 5052 patris
3602 4982 3703 5041 Jo-

2058 5073 2231 5129 annis
2262 5074 2507 5127 Batatzaa
2542 5076 2767 5135 natum,
2818 5071 3390 5143 Porphyrogenitum
3451 5087 3705 5142 usquam

2058 5162 2281 5216 dictum
2304 5161 2578 5233 legimus,
2614 5160 2904 5215 Nimirum
2936 5160 3057 5214 haec
3081 5159 3479 5215 nomenclatio
3528 5160 3707 5215 duce-

2057 5250 2234 5304 batur
2262 5267 2330 5305 ex
2360 5249 2485 5304 loco
2517 5254 2744 5320 partus,
2780 5250 2953 5304 domo
2989 5248 3080 5302 cui
3115 5266 3382 5320 purpura
3428 5254 3553 5305 erat
3601 5266 3709 5304 no-

2058 5355 2214 5408 men,
2248 5338 2362 5394 sita
2391 5337 2919 5408 Constantinopoli,
2955 5337 3013 5392 in
3048 5354 3224 5409 quam
3278 5339 3467 5407 partui
3509 5338 3711 5392 vicinae

2061 5434 2336 5497 Augusta;
2366 5427 2709 5499 immigrare
2740 5431 2907 5481 erant
2934 5426 3142 5482 solitae.
3176 5433 3345 5483 Anna
3391 5428 3710 5493 Comnena,

2062 5519 2104 5573 Ι.
2165 5517 2252 5587 V1,
2310 5535 2365 5588 p.
2422 5517 2551 5582 166,
2607 5521 2778 5571 vocat
2835 5514 3048 5587 οἴκημα
3107 5515 3489 5593 ἀφωρισμένον
3540 5514 3709 5569 πάλαι

2058 5610 2177 5667 ταῖς
2207 5605 2520 5667 τικτούσαις
2545 5607 2653 5658 τῶν
2716 5601 3015 5679 βασιλίδων
3066 5611 3125 5662 et
3183 5607 3366 5674 addit,
3427 5603 3708 5683 πορφύραν

373 5824 452 5897 (a)
481 5824 587 5881 Nec
614 5855 685 5865 —
720 5824 985 5880 viverent.
1017 5824 1128 5879 Ima
1160 5826 1208 5879 et
1238 5822 1356 5878 illis
1388 5822 1637 5895 utrisque
1665 5822 1832 5879 etiam
1852 5821 2154 5893 conjunctis
2180 5838 2411 5878 numero
2429 5824 2755 5896 superiorss.
