4072 6428
330 355 471 412 1107
1402 356 1463 409 Ρ.
1507 354 1785 409 POSSINI
1822 350 2025 406 OBBEI

2141 350 2441 406 LTIONUM
2479 352 2614 406 LIB.
2654 355 2727 407 II.
3613 349 3739 405 i108

334 477 392 535 δὲ
420 484 583 536 τοῦτο
616 480 669 534 οἱ
698 480 946 543 ἀνέκαθεν
976 478 1361 552 ὀνομάζουσιν,
1418 478 1469 548 ἐξ
1529 475 1590 531 οὗ
1647 477 1735 531 καὶ
1769 475 1831 529 τὸ
1872 478 1980 528 τῶν
2019 474 2072 543 Α
2176 474 2307 547 Pag.
2349 474 2476 530 214.
2537 467 2905 547 Προσπίπτειν
2965 472 3044 541 τῷ
3098 476 3201 540 τῆς
3255 470 3480 545 Ῥώμης
3535 469 3775 545 «tum;

337 571 859 647 πορφυρογεννήτων
930 563 1107 641 ὄνομα
1186 568 1261 629 εἷς
1326 567 1425 635 τὴν
1490 566 1819 638 οἰκουμένην
1879 556 1991 617 διὲ-

2141 561 2296 619 'erba
2326 568 2465 619 sunt
2513 560 2912 633 imperatoris,
2965 561 3183 632 quibus
3233 562 3502 618 oli'ensus
3548 562 3745 621 duritie

347 658 573 733 δραμεν.
602 661 893 715 Describit
934 676 1062 715 eam
1096 660 1339 713 domum
1363 656 1502 712 alibi
1532 658 1722 722 Anna,
1752 654 1792 708 l.
1826 653 1989 707 vide-
2103 653 2328 708 Arsenii
2362 651 2734 725 patriarchae,
2764 651 2872 706 sibi
2908 652 3204 706 conﬁtenti
3252 650 3475 707 crimen
3521 656 3579 707 et
3622 652 3746 709 olle-

344 750 481 806 licet
512 767 609 816 v11,
644 768 701 821 p.
738 751 857 817 190,
895 754 950 803 et
980 749 1030 803 ei
1064 764 1277 803 nomen
1313 749 1532 802 factum
1590 746 1671 800 ait
1719 762 1751 799 a
1802 742 1993 798 colore

347 840 659 895 marmoris
685 855 753 895 ex
786 856 897 910 quo
929 846 1048 894 erat
1101 842 1346 903 structa,
1406 838 1561 908 quod
1624 835 1766 889 dicit
1812 833 1996 887 fuisse

345 930 531 985 Roma
566 933 858 1000 portatum
894 929 967 983 ab
1000 927 1476 998 imperatoribus,
1511 924 1745 995 quando
1794 923 1995 976 sedem

345 1019 577 1091 imperii
609 1019 945 1089 Byzantium
976 1016 1433 1071 transtulerunt.
1468 1015 1598 1069 Haec
1642 1013 1813 1068 verba
1845 1012 1991 1066 Con-

349 1108 677 1164 stantinum
707 1109 979 1177 Magnum
1012 1106 1393 1177 indignitant.
1424 1105 1492 1157 Et
1520 1102 1760 1157 memini
1808 1101 1999 1172 legere

349 1198 570 1269 aliquid
622 1197 774 1267 apud
821 1195 1033 1250 Elium
1088 1194 1489 1265 Lampridium
1551 1193 1609 1246 in
1660 1189 1999 1261 Alagabalo,

351 1287 506 1359 quod
536 1285 687 1340 trahi
721 1286 789 1340 ad
845 1286 1019 1339 istam
1074 1283 1519 1337 translationem
1577 1280 1999 1336 adstruendam

351 1375 557 1447 possit.
589 1374 781 1429 Verba
804 1371 1121 1444 Lampridii
1153 1372 1277 1427 haec
1310 1375 1471 1426 sunt:
1508 1368 1721 1425 Stravit
1769 1370 1819 1423 et
1855 1368 2006 1423 saxis

357 1463 791 1520 Lacedaemoniis
822 1479 885 1517 ac
942 1461 1360 1533 Porphyreticis
1406 1461 1625 1531 plateas
1680 1461 1735 1512 in
1794 1456 2006 1526 palatio

357 1570 495 1625 quas
523 1553 929 1608 Antoninianas
960 1553 1196 1620 vocavit,
1222 1567 1344 1621 quae
1400 1566 1539 1604 saxa
1589 1563 1759 1619 usque
1790 1546 1859 1601 ad
1908 1561 2011 1601 no-

355 1651 527 1698 stram
556 1642 883 1697 memoriam
914 1646 1241 1696 menserunt
1272 1638 1501 1709 (scribit
1528 1639 1649 1693 haec
1672 1640 1874 1691 auctor
1897 1634 2008 1690 sub

2106 742 2259 796 renti
2291 760 2353 797 se
2384 740 2760 813 paratumzad
2797 741 3225 797 satifactionem
3278 746 3335 797 et
3385 758 3615 812 poenam
3662 758 3750 798 ca-

2108 832 2405 899 nonicam,
2470 831 2875 903 paenitentiam
2930 836 2987 886 et
3044 847 3206 902 spem
3267 831 3751 887 reconciliationis

2108 928 2314 978 contra
2339 939 2591 977 canones
2641 922 2937 992 negantis,
2979 922 3060 977 ait
3103 926 3337 994 tempus
3387 939 3519 978 esse
3569 939 3751 978 recur-

2110 1012 2277 1067 rendi
2310 1013 2382 1066 ad
2415 1012 2750 1067 Romanum
2784 1012 3147 1083 pontiﬁcem,
3180 1013 3250 1067 ad
3285 1028 3465 1083 quem
3494 1011 3752 1068 videlicet

2115 1102 2469 1173 agnoscebat
2499 1101 2808 1172 antiquum
2835 1102 2935 1172 jus
2969 1117 3098 1157 esse
3131 1101 3492 1173 provocandi
3541 1101 3610 1155 ab
3651 1100 3750 1155 ini-

2115 1191 2247 1261 quis
2273 1191 2515 1261 judiciis
2548 1206 2917 1247 summorum
2950 1190 3126 1246 etiam
3162 1189 3663 1261 patriarcharum.
3692 1189 3755 1243 Et

2118 1277 2639 1350 moduszloquendi
2692 1277 2986 1350 signiﬁcat
3032 1278 3289 1350 viguisse
3341 1278 3539 1332 adhuc
3586 1276 3758 1347 illam,

2117 1367 2293 1421 etiam
2344 1366 2404 1421 in
2466 1366 2688 1423 Graecia
2746 1367 3071 1423 schismate
3125 1384 3159 1423 a
3229 1366 3459 1422 Latinis
3518 1365 3757 1433 divulsa,

2120 1456 2459 1528 opinionem
2474 1461 2649 1528 atque
2662 1456 3019 1513 sententiam
3035 1456 3275 1528 ,quippe
3288 1454 3760 1511 fundatissimam

2119 1546 2179 1600 in
2213 1562 2379 1601 sacro
2413 1546 2683 1617 dogmate
2711 1550 2771 1603 et
2805 1548 2863 1601 in
2896 1545 3058 1601 omni
3095 1544 3388 1601 memoria
3418 1543 3764 1600 ecclesiasti-

2124 1653 2205 1693 cae
2234 1637 2624 1709 antiquitatis.

360 1731 865 1802 Constantino,cui
889 1730 1254 1801 huncipsum
1278 1728 1495 1783 librum
1514 1727 2012 1799 dicat),scdnuper

1107 1761 1254 1784 lauru
1280 1761 1384 1782 ltul.
1403 1761 1495 1783 um
1514 1761 1817 1799 uthah/chu
1838 1761 1996 1795 ιιιιμυι

1107 1819 1162 1835 ιιι
1234 1822 1269 1835 Λ
1323 1818 1375 1835 οιι
1430 1818 1440 1828 ·
1571 1834 1579 1835 ,
1630 1814 1974 1835 ,,,__-L_._'-_

2198 1771 2330 1835 Pag.
2364 1766 2491 1823 216.
2518 1762 2728 1834 Ἐκείνη
2765 1762 2812 1818 δ’
2863 1761 2923 1818 ὲκ
2964 1762 3197 1828 νοθείας.
3252 1765 3369 1821 Res
3431 1764 3529 1819 hic
3581 1779 3768 1818 narra-

359 1829 521 1877 erum
549 1826 813 1924 δίωξίξέ
840 1822 1084 1924 suntfita
1105 1819 2010 1924 11,18'Qu.ld,m.vemn,?
2043 1849 2089 1911 Β
2122 1860 2220 1911 tur
2251 1860 2369 1910 tam
2393 1853 2751 1909 incredibilis
2800 1858 2865 1909 ut
2916 1853 3197 1909 mendum
3247 1852 3474 1908 codicis
3524 1852 3766 1924 primum

359 1909 1112 2016 mutauerant)?“
1134 1905 2015 2016 ἒξεξῗέέεξίιέτξέέξζίὲῗξὲξὲλξλξὶξιξ
2127 1944 2328 2016 legens
2858 1943 3140 1998 inducere
3172 1958 3408 2014 possem
3437 1942 3493 1995 ίη
3520 1941 3765 1996 animum

360 2015 425 2054 eo
441 1998 837 2070 migratis,aut
853 1998 1045 2069 potius
1060 1999 1372 2052 credamus
1386 1998 1470 2050 An
1482 2013 1562 2049 nte
1576 1995 1631 2048 id
1653 1994 1748 2049 atﬁ
1760 1992 1972 2047 rmanti
1993 1989 2015 2044 Ρ
2127 1989 2685 2104 ξξξῐξᾶῃξᾱὲέῦἆέ
2702 1989 3037 2099 ’Ξὲὶὲᾎῖεῗ
3047 1989 3769 2102 'fjr'at‘;

2129 2126 2459 2177 matronam
2489 2122 2617 2191 ejus
2646 2120 2782 2189 loci,
2817 2138 2932 2177 non
2964 2118 3159 2176 solum
3182 2136 3253 2175 ex
3283 2117 3574 2175 adulterio
3606 2132 3768 2190 pepe-

2130 2211 2409 2277 risse,sed
2446 2210 2640 2281 palam
2674 2210 2796 2265 viro
2819 2210 3107 2265 tolerante
3132 2210 3423 2264 educasse
3440 2207 3621 2263 ﬁliam
3646 2222 3770 2276 spu-

2130 2300 2300 2365 riam,
2335 2316 2462 2371 quae
2495 2302 2717 2370 postea,
2748 2299 2993 2355 Joannis
3026 2298 3250 2354 scilicet
3301 2297 3435 2370 ipso
3467 2297 3699 2368 despota
3725 2297 3775 2349 et

2133 2390 2310 2444 fratre
2343 2389 2531 2460 ipsius
2563 2392 2829 2461 Augusto
2863 2387 3346 2453 conciliantibus,
3381 2386 3581 2443 Iberia;
3630 2383 3775 2456 prin-

2137 2478 2252 2551 cipi
2284 2478 2570 2533 collocata
2602 2479 2698 2534 sit.
2723 2478 3054 2534 Tantumne
3089 2485 3203 2533 tam
3234 2477 3487 2549 impune
3533 2472 3774 2530 mulieri-

2134 2571 2250 2625 bus
2280 2567 2361 2623 ibi
2392 2568 2588 2623 licuit?
2613 2568 2829 2623 Verum
2864 2567 3173 2623 conferens
3207 2566 3356 2622 alios
3388 2564 3616 2621 codices
3658 2576 3768 2617 rem

2135 2658 2357 2729 ubique
2399 2660 2735 2713 constanter
2776 2658 2831 2711 in
2864 2656 3134 2712 eumdem
3171 2656 3414 2711 modum
3457 2664 3769 2725 expressam

431 2111 569 2177 Pag.
648 2106 767 2159 188.
829 2106 942 2173 Quo
999 2106 1061 2159 in
1117 2120 1318 2172 genere
1377 2100 1681 2157 Laconibus
1748 2096 2018 2170 plurimis

366 2196 564 2251 Graeca
594 2194 688 2249 hic
719 2194 779 2248 in
813 2195 1011 2248 codice
1052 2193 1271 2263 Optimo
1304 2196 1572 2263 B,quem,
1595 2194 1659 2244 ut
1689 2206 1838 2260 saepe
1878 2188 2016 2253 dixi,

366 2285 614 2339 fundum
648 2282 921 2337 editionis
950 2282 1291 2351 habuimus,
1347 2279 1560 2334 mutila
1612 2285 1796 2334 erant.
1852 2279 2013 2333 llunc

367 2372 523 2429 enim
558 2371 616 2426 in
648 2372 888 2426 modum
919 2370 999 2425 ibi
1047 2370 1265 2441 legitur
1297 2387 1309 2425 :
1338 2368 1516 2424 Ὅπου
1546 2387 1606 2441 γε
1666 2365 1755 2420 καὶ
1798 2362 2017 2419 Λάκωσι

368 2460 647 2521 πλείστοις
678 2458 896 2532 ὕστερον
928 2457 986 2512 ἐκ
1015 2463 1244 2517 τοῦ.....
1284 2456 1625 2535 ἀφιγμένοις.
1680 2458 1779 2512 ubi
1840 2458 2019 2513 codex

370 2555 415 2607 A
474 2552 648 2605 habet
704 2547 924 2621 ὕστερον
983 2548 1041 2601 ἐκ
1092 2554 1194 2616 τῆς
1252 2546 1473 2608 πόλεως
1531 2546 1855 2623 ἀφιγμένοις
1892 2590 1905 2614 ,
1957 2548 2020 2615 [Ρ

371 2641 497 2711 452]
532 2640 631 2694 ubi
664 2639 873 2694 merito
902 2655 1131 2710 quaeras
1154 2655 1220 2693 ex
1253 2654 1371 2709 qua
1411 2639 1555 2692 urbe
1607 2636 1912 2691 advenisse
1961 2636 2021 2690 hi

374 2731 629 2784 Lacones
662 2728 952 2783 dicantur.
986 2728 1138 2782 Sane
1170 2728 1334 2782 urbis
1376 2726 1635 2795 nomine,
1700 2742 1837 2780 cum
1896 2726 2024 2780 sine

373 2819 570 2874 addito
604 2817 842 2889 ponitur
868 2818 1019 2887 apud
1059 2817 1162 2871 hos
1204 2816 1543 2886 scriptores,
1600 2814 2024 2870 Constantino-

374 2905 827 2980 polimintelligi
860 2923 951 2961 res
984 2905 1114 2977 ipsa
1141 2905 1423 2976 loquitur.
1491 2905 1568 2959 Ex
1627 2906 1773 2959 urbe
1828 2908 2023 2959 autem

373 2994 882 3066 Constantinopoli
915 2994 1048 3065 quis
1098 2994 1454 3065 persuadere
1511 2993 1623 3048 sibi
1673 2994 1861 3064 possit
1911 2991 2026 3047 dici

372 3086 605 3142 venisse
632 3084 799 3151 istos,
832 3084 930 3154 qui
963 3084 1159 3155 potius
1190 3084 1285 3138 hic
1310 3084 1369 3137 in
1404 3099 1532 3137 eam
1566 3083 2026 3153 transmigrasse

378 3172 737 3229 memorent?
793 3173 997 3244 Itaque
1054 3176 1206 3227 recte
1257 3172 1576 3227 Vaticanus
1614 3170 2025 3243 paraphrastes

379 3264 464 3319 sic
497 3262 650 3317 hunc
682 3259 874 3316 locum
907 3260 1370 3321 θίΥϐΓίςἘντεῦθεν
1390 3257 1716 3313 καὶΛάκωσι
1750 3257 2028 3319 πλείστοις

382 3349 600 3424 ὕστερον
632 3347 707 3411 εἷς
733 3346 895 3402 πόλιν
927 3346 1439 3423 ἀφιγμένοιςᾞῐὶάθ
1474 3350 1717 3404 fortasse
1740 3350 2036 3420 corrigen-

384 3441 492 3495 dus
523 3440 597 3495 sit
625 3438 1267 3510 Allat.codex,reposito
1298 3437 1486 3505 εἰςτήν
1520 3433 1819 3493 πόλιννίοο
1851 3436 1909 3490 ἐκ
1937 3439 2034 3505 τῆς

383 3527 732 3590 πόλεωςὸεά
748 3529 865 3583 διες
882 3545 993 3583 non
1011 3544 1077 3582 su
1091 3527 1241 3581 fﬁciu
1254 3533 1315 3581 nt
1329 3528 1592 3582 sanando
1606 3526 1829 3581 vulneri
1845 3544 2036 3583 exem-

383 3618 563 3689 plaris
598 3616 919 3687 archetypi.
954 3616 1098 3671 Nam
1133 3618 1189 3669 in
1211 3615 1496 3671 articulus
1530 3616 1897 3671 masculinus
1936 3620 2039 3672 aut

386 3713 592 3763 neuter
619 3709 717 3760 τοῦ
749 3707 990 3774 indicat,
1020 3707 1075 3761 id
1111 3709 1265 3777 quod
1300 3707 1501 3761 statim
1545 3708 1709 3762 deest
1760 3708 1913 3762 646
1955 3708 2036 3763 fe-

390 3797 597 3852 minini
635 3797 866 3867 generis
900 3812 1015 3850 non
1048 3813 1197 3851 esse.
1232 3798 1361 3867 Ipse
1404 3796 1583 3867 igitur
1612 3814 1674 3852 se
1706 3797 1976 3869 suppleat
2002 3799 2040 3853 Β

387 3887 564 3943 codex
597 3886 695 3958 qui
720 3903 853 3941 cum
888 3903 943 3957 p.
982 3886 1105 3953 180,
1140 3887 1544 3942 consentiente
1577 3886 1688 3941 sibi
1721 3886 2035 3957 Allatiano,

388 3974 608 4031 scribat
636 3972 743 4027 ἀπὸ
774 3973 869 4026 τοῦ
901 3971 1136 4048 Μορέου,
1180 3975 1444 4046 suggerit
1491 3975 1662 4030 nobis
1711 3974 1850 4046 quid
1906 3981 2040 4047 post

385 4067 508 4122 haec
539 4083 647 4121 sua
676 4066 847 4121 verba
878 4064 936 4119 ἐκ
965 4069 1177 4123 τοῦ.....
1224 4067 1552 4138 exscriptor
1601 4067 1865 4122 omiserit
1903 4084 2039 4140 Spa-

382 4157 465 4212 tio
496 4157 719 4213 relicto.
753 4156 1070 4212 Vaticanus
1104 4157 1226 4212 loco
1269 4156 1369 4211 illo
1402 4158 1739 4229 tertiquse
1770 4158 2038 4229 adstipu-

386 4247 631 4303 latorem
667 4248 850 4315 addit,
886 4247 998 4303 nisi
1033 4248 1188 4319 quod
1224 4246 1477 4319 Μοραίου
1526 4248 1734 4304 scribit
1783 4265 1888 4319 pro
1921 4254 2039 4301 Μο-

387 4337 533 4411 ρέου.
562 4337 823 4393 Profecto
858 4354 927 4392 ex
957 4341 1147 4392 Moreo
1180 4335 1549 4405 siveMorea,
1602 4337 1712 4392 hoc
1743 4342 1832 4393 est
1881 4337 2039 4394 Pelo-

385 4444 669 4499 ponneso,
704 4429 932 4483 venisse
968 4428 1229 4483 Laconas
1287 4429 1568 4499 oportuit,
1635 4445 1768 4483 cum
1831 4428 1913 4483 ibi
1966 4429 2042 4484 sit

388 4516 695 4572 Laconica.
726 4516 1021 4572 Translati
1076 4520 1271 4571 autem
1334 4517 1469 4572 inde
1528 4521 1669 4572 tunc
1725 4518 2036 4584 videntur,

387 4608 643 4678 quando,
684 4610 748 4661 ut
780 4607 932 4661 infra
965 4606 1142 4676 p.205
1174 4610 1372 4660 noster
1400 4606 1625 4661 scribit.
1659 4606 1837 4676 ’Ἄκρα
1868 4603 2040 4659 Πελοο
2073 4584 2121 4649 Ῑ)

384 4695 661 4764 ποννήσου
743 4694 882 4771 ἀμφὶ

2136 2746 2648 2819 reperi.Disertius
2662 2747 2838 2802 etiam
2852 2746 2913 2802 in
2938 2745 3223 2801 Vaticano
3239 2745 3342 2816 qui
3356 2744 3456 2800 ubi
3471 2738 3771 2799 deJoannis

2136 2839 2393 2907 despotae
2423 2835 2776 2891 castimonia
2806 2835 3074 2890 dixisset:
3103 2834 3364 2903 Ἐπήνθει
3393 2830 3451 2886 δὲ
3476 2830 3561 2886 καὶ
3592 2829 3649 2882 τὸ
3679 2830 3769 2880 σῶ-

2137 2945 2269 3002 φρον
2328 2922 2541 2996 ἐκείνῳ,
2574 2924 2648 2985 ὡς
2708 2921 2972 2979 οὐδέποτε
3028 2922 3364 2992 ἀκουσθῆναι
3424 2919 3580 2975 αὐτὸν
3637 2916 3772 2989 ἑτέρᾳ

2136 3012 2353 3090 γυναικὶ
2411 3015 2723 3087 χρήσασθαι
2777 3015 2812 3083 ἢ
2869 3015 2938 3085 τῇ
2995 3008 3109 3082 ἰδίᾳ
3147 3011 3238 3066 καὶ
3276 3005 3767 3085 μίνῃ,ει]ὶ)]αοεὶῑτ

2139 3101 2300 3157 ’Λλλ’
2362 3100 2538 3171 ἐκείνη
2573 3103 2675 3156 οὐκ
2731 3103 2796 3171 ἧν
2859 3102 2935 3163 ὡς
2962 3100 3173 3162 ἐκεῖνος
3206 3101 3393 3173 (vides
3425 3100 3578 3157 unde
3615 3097 3769 3152 ducta

2143 3193 2264 3248 sint
2296 3192 2931 3264 illaainterpretationis
2970 3191 3168 3257 verba,
3214 3191 3459 3247 multum
3496 3189 3590 3244 illi
3634 3183 3775 3241 dissi-

2142 3282 2341 3351 milis),
2401 3277 2667 3334 ἀλλὰκαὶ
2717 3280 3006 3354 θυγάτριον
3069 3279 3405 3353 ἀπεγέννησε
3453 3276 3601 3340 νόθον
3655 3266 3774 3325 ὲκεί-

2144 3390 2240 3423 νου
2292 3369 2594 3443 στρατείαις
2645 3371 3037 3444 προσέχοντος.
3091 3369 3176 3439 [Ρ.
3240 3370 3370 3441 453]
3420 3369 3485 3424 Αι
3539 3366 3633 3421 illa
3678 3375 3771 3416 non

2146 3463 2265 3515 erat
2296 3458 2437 3514 sicut
2484 3460 2601 3529 ille,
2659 3460 2752 3516 sed
2782 3465 2834 3515 et
2882 3460 3118 3531 ﬁliolam
3171 3461 3368 3529 genuit
3424 3455 3641 3513 nothum
3689 3448 3771 3503 illo

2153 3549 2311 3604 bellis
2343 3549 2601 3617 gerendis
2653 3548 2983 3604 attendente.
3044 3551 3332 3603 Caeterum
3389 3545 3540 3616 quod
3589 3538 3771 3597 attinet

2151 3639 2221 3694 ad
2256 3638 2435 3710 hujus
2467 3653 2535 3693 ex
2566 3638 2851 3694 adulterio
2890 3642 3043 3694 natae
3098 3636 3307 3709 puellae
3364 3633 3597 3706 nuptias
3641 3624 3768 3683 641

2149 3728 2221 3782 ab
2251 3727 2606 3799 imperatore
2637 3727 2978 3783 conciliatas
3026 3742 3160 3782 cum
3184 3727 3352 3797 Mepe
3401 3722 3593 3780 Iberia:
3634 3715 3774 3789 princ

2149 3816 2298 3888 cipe,
2331 3832 2617 3887 agnocere
2648 3817 2707 3871 in
2740 3816 2850 3872 hoc
2878 3815 3013 3871 licet
3050 3823 3234 3871 artem
3284 3813 3582 3886 politicam
3634 3800 3772 3862 adhi-

2148 3906 2272 3961 beri
2305 3904 2539 3961 solitam
2563 3922 2596 3960 a
2617 3903 3288 3976 Constantinopolitanis
3320 3894 3767 3974 imperatoribus,

2150 3995 2462 4051 deliniendl
2498 3995 2803 4063 barbaros,
2836 3995 3057 4066 quibus
3086 3992 3500 4067 expugnandis
3528 4004 3588 4045 se
3616 3986 3773 4053 ίωρα·

2152 4102 2244 4141 res
2275 4086 2631 4155 sentiebant,
2663 4084 3037 4158 nuptialibus
3065 4085 3276 4157 pactis.
3297 4084 3618 4140 Audiamus
3637 4090 3696 4130 ea
3714 4070 3771 4124 de

2152 4195 2213 4233 re
2242 4179 2738 4244 Cantacuzenum,
2775 4178 2884 4246 1.ι,
2917 4194 2967 4232 c.
3011 4178 3103 4248 39,
3156 4176 3257 4232 ubi
3315 4175 3440 4248 agit
3485 4173 3553 4228 de
3607 4159 3771 4223 Moesis

2152 4267 2438 4323 afﬁnitate
2502 4267 2828 4323 conciliatis
2886 4268 3220 4323 Andronico
3246 4264 3510 4337 juniori:
3556 4253 3771 4313 Μάλιστα

2155 4353 2212 4410 δὲ
2268 4354 2464 4417 αὐτοὺς
2523 4354 2791 4432 ἐξημὲρου
2845 4356 2937 4410 καὶ
2998 4354 3201 4432 φιλίως
3258 4351 3474 4418 διετίθει
3506 4348 3634 4432 πρὸς
3661 4343 3770 4397 Ῥω·

2155 4443 2349 4517 μαίους
2376 4444 2437 4497 τὸ
2469 4442 2529 4498 ἐκ
2574 4448 2681 4499 τῶν
2740 4443 3044 4520 βασιλικῶν
3080 4443 3243 4498 οἴκων
3300 4445 3559 4518 γυναῖκας
3588 4430 3769 4520 ἄγεσθξξ

2152 4534 2383 4595 ἑαυτοῖς.
2446 4516 2839 4610 Περιμάχηντον
2907 4535 3009 4610 γὰρ
3073 4534 3260 4595 αὐτοῖς
3315 4516 3379 4587 τὸ
3428 4530 3665 4610 τοιοῦτο.
3693 4516 3770 4610 *Εἴ

2153 4625 2326 4698 paulo
2360 4607 2610 4698 post:'“0
2793 4624 2884 4680 καὶ
2915 4607 3295 4697 οἳ-Ῥωμαίων
3331 4618 3569 4698 βασιλεῖς
3603 4607 3767 4698 εἰδότες

2151 4712 2445 4787 παρθένους
2496 4715 2597 4783 τὴν
2656 4709 2780 4787 ὄψιν
2844 4711 3201 4789 διαπρεπεῖς,
3264 4712 3363 4767 οὒκ
3422 4706 3476 4764 εὗ
3524 4693 3769 4780 γεγονυίας

2158 4803 2347 4876 μόνον,
2407 4802 2553 4858 ἀλλᾶ
2607 4803 2697 4857 καὶ
2757 4802 2806 4876 ἐξ
2866 4805 3094 4875 ἀσήμων
3146 4805 3341 4876 γενῶν,
3395 4798 3445 4853 ἐν
3497 4798 3604 4852 τοῖς
3651 4788 3769 4876 βαξτυ

992 4688 1372 4766 Μονεμϐασίαν
1460 4693 1550 4747 σὺν
1641 4695 1866 4769 Σπάρτῃ
1948 4696 2039 4749 καὶ

390 4780 762 4857 Λακεδαίμονι
798 4784 899 4837 ὑπὸ
926 4782 1222 4856 Ῥωμαίοις
1255 4782 1517 4859 ἐγένοντο.

459 4898 595 4963 Pag.
633 4892 735 4945 192
770 4892 1057 4963 Dacibyzsa:
1079 4892 1311 4946 dictam.
1360 4892 1606 4946 Videtur
1655 4890 2043 4963 Pachymeres

388 4985 446 5037 et
476 4982 573 5037 hic
604 4985 660 5036 et
691 4982 961 5048 inferius,
997 4999 1053 5052 p.
1091 4982 1215 5048 498,
1251 4986 1649 5052 praetereaque
1702 4999 1756 5053 p.
1789 4982 1912 5049 307,
1946 4984 2044 5038 Ni-

388 5070 735 5125 cetiatarum
767 5076 1028 5126 castrum
1062 5086 1195 5125 cum
1222 5071 1509 5141 Dacibyza
1530 5070 2045 5143 confundere,qua3

392 5164 594 5215 tamen
659 5160 995 5232 Acropotita
1053 5159 1384 5231 distinguit,
1438 5160 1520 5215 sic
1575 5160 1838 5215 scribens
1868 5177 1918 5215 c.
1979 5163 2049 5217 37

395 5250 571 5315 Hist.,
601 5265 657 5319 ρ.
701 5249 769 5302 32
803 5267 815 5304 :
861 5246 962 5303 Καὶ
994 5246 1341 5322 παραμείψας
1373 5247 1488 5320 τὸνξ
1515 5246 1727 5322 χάρακα
1780 5247 2050 5322 ἐπόρθησε

393 5337 495 5405 τὴν
558 5331 858 5405 Δακιϐυζαν
920 5338 1024 5411 πρὸ
1097 5342 1289 5413 καιροῦ
1355 5337 1443 5392 καὶ
1521 5338 1752 5412 κατέσχε
1805 5338 2046 5414 ταύτην⁹

397 5424 717 5497 προσέτικαὶ
749 5430 845 5479 τοῦ
876 5427 1209 5494 Νικητιάτου
1240 5427 1521 5502 φρούριον.
1587 5431 1756 5485 Forte
1812 5431 2048 5504 utrique

408 5514 529 5571 arci
558 5532 873 5569 commune
904 5514 1234 5583 Νικητιάτου
1267 5534 1480 5573 nomen
1516 5519 1713 5587 tuerit,
1746 5518 1913 5575 alteri
1944 5537 2047 5576 au-

394 5609 519 5660 tem
557 5621 758 5659 earum
806 5604 1111 5676 proprium
1164 5599 1493 5676 Δακιϐύζης,
1549 5609 1708 5664 unde
1771 5608 2048 5678 Νικητιά-

398 5709 534 5757 των,
568 5691 780 5763 plurali
820 5708 1083 5763 numero,
1118 5698 1318 5751 noster
1337 5696 1619 5767 posuerit.

2155 4872 2341 4954 λείοις
2403 4872 2803 4971 ἐκτρκέςρονιτες,⁷
2853 4872 3295 4967 ὡςηθυγατίὲρας
3362 4872 3769 4974 ἑαυτῶν’,,ὁπέτῗ

2159 4979 2292 5053 δὲοι,
2351 4987 2468 5043 τοῖς
2527 4969 2751 5046 Σκυθῶν
2814 4984 3112 5055 σατράπαις
3168 4977 3511 5057 κατηγγύων.
3568 4969 3768 5057 Maxima.

2158 5043 2290 5129 voro
2332 5076 2478 5145 ipsos
2512 5043 2826 5130 deliniebat
2854 5043 3599 5129 et'eonciliabat'liomanis,
3653 5043 3767 5145 qlia"

2160 5181 2229 5219 ex
2256 5165 2636 5236 imperatoria
2668 5164 2893 5235 familia
2922 5180 3126 5220 uxores
3178 5140 3769 5242 nanciscerentur.

2161 5255 2310 5309 enim
2338 5253 2475 5325 ipsis
2506 5258 2563 5310 in
2585 5254 2793 5326 primis
2824 5253 3125 5325 expetibile
3144 5254 3365 5308 videtur
3393 5252 3442 5304 et
3470 5236 3772 5300 contentione

2164 5344 2462 5415 quantavis
2482 5348 2593 5400 emi
2621 5345 2879 5413 dignum.
2917 5343 3054 5398 Post
3084 5342 3315 5412 aliqua:
3348 5339 3406 5395 Id
3436 5328 3567 5406 quod
3600 5326 3767 5415 litim“:

2162 5412 2363 5489 norum
2394 5412 2756 5505 imperatores
2786 5450 2912 5488 cum
2947 5432 3347 5500 intelligerent,
3368 5423 3604 5495 virgines
3619 5412 3770 5505 [arma

2160 5500 2503 5595 praestantes,
2536 5539 2647 5578 non
2677 5525 2835 5578 modo
2867 5521 3114 5590 legitime
3173 5536 3243 5574 ea:
3298 5511 3560 5573 nobilibus
3606 5500 3757 5595 πίξίαῇξ

2161 5582 2253 5669 sed
2274 5617 2326 5665 et
2342 5627 2412 5666 ex
2436 5582 2762 5683 parentibus
2798 5582 3007 5683 plebeii
3030 5608 3252 5679 generis
3279 5582 3770 5683 genitam?!

2164 5702 2410 5771 alebant,
2436 5676 2602 5771 gues,
2633 5703 2733 5758 ubi
2761 5676 2848 5757 res
2875 5676 3140 5773 posceret,
3170 5676 3423 5770 ﬁliarum
3452 5676 3770 5761 appellatio"
