4072 6390
306 438 447 494 1109

1899 439 2125 494 ΝΟΤΕ.

3588 453 3725 507 1110

299 564 611 621 honestatos
658 566 985 636 Scythorum
1042 566 1283 639 satrapis
1340 566 1755 638 desponderent.
1818 564 1945 618 Hinc
1977 564 2033 631 Α
2059 568 2209 623 circa
2241 570 2459 639 Hyadas
2488 589 2782 645 apparens.
2819 578 2960 631 Erat
2992 584 3177 631 autem
3207 579 3480 647 fumosus,
3512 577 3724 634 divisus

297 655 399 709 ibi.
434 656 613 725 Cujus
639 657 818 711 moris
852 656 1116 726 exempla
1176 659 1232 711 in
1286 658 1395 711 hac
1448 662 1645 711 nostra
1704 655 1952 709 historia

297 746 471 815 plura
502 750 751 801 exstant.
805 747 897 802 Sic
923 746 1079 802 enim
1130 764 1306 817 supra
1353 765 1408 818 p.
1465 747 1566 800 174
1620 748 1690 800 ad
1732 744 1950 799 Cbalau

298 837 627 908 principem
666 838 1090 903 Tocharorum",
1127 840 1370 895 Michael
1428 838 1789 909 Palaeologus
1836 837 1949 890 im-

296 933 528 996 perator
560 925 741 981 ﬁliam
781 944 951 982 suam
997 929 1235 983 notham
1270 928 1509 983 Mariam
1574 926 1753 981 mittit
1810 942 1950 979 con-

292 1014 524 1085 jugem,
551 1032 681 1086 quae
713 1016 927 1070 Chalau
963 1023 1190 1073 mortuo
1248 1019 1397 1089 ejus:
1434 1018 1550 1072 ﬁlio
1611 1020 1667 1071 et
1717 1033 1948 1071 succes-

299 1104 413 1157 sori
440 1107 651 1175 Apagaa
677 1105 896 1176 nupsit.
926 1107 993 1159 Et
1025 1124 1155 1162 mox
1190 1124 1243 1176 p.
1282 1109 1403 1173 180,
1437 1108 1608 1177 Nogm
1664 1105 1953 1160 Tocharo-

294 1209 428 1248 rum
455 1193 849 1250 Occiduorum
884 1196 1087 1267 regulo
1120 1197 1236 1251 alia
1269 1197 1534 1264 ejusdem
1572 1194 1949 1266 imperatoris

297 1282 423 1337 ﬁlia
457 1283 638 1338 notha
667 1284 1051 1357 Euphrosyne
1083 1286 1658 1357 vocatagcollocatur.
1704 1285 1797 1339 Sic
1849 1285 1948 1339 de-

294 1370 477 1441 nique
501 1371 594 1427 hic
627 1374 886 1444 dynastis
920 1376 1219 1429 Iberorum
1253 1374 1448 1445 puella
1482 1373 1772 1429 adulterio
1803 1390 1949 1428 uxo-

292 1460 373 1515 ris
406 1461 665 1532 despotae
695 1462 940 1518 Joannis
962 1467 1099 1519 nata
1122 1464 1519 1535 conjungitur.
1556 1462 1629 1518 Ut
1660 1463 1773 1519 alia
1808 1480 1947 1534 pra:-

291 1552 511 1605 teream
545 1549 732 1605 multa
763 1550 1002 1606 similia.

364 1679 502 1747 Pag.
531 1676 658 1730 223.
691 1680 949 1745 Cometa,
986 1679 1158 1749 cujus
1193 1678 1288 1733 hic
1322 1678 1593 1733 meminit
1633 1678 1947 1750 Pachyme-

291 1781 404 1830 res,
438 1768 559 1820 toto
586 1770 875 1821 terrarum
903 1768 1041 1822 orbe
1072 1768 1547 1838 spectatissimus
1589 1773 1645 1822 et
1690 1769 1942 1839 scripto-

292 1871 422 1908 rum
457 1854 615 1909 illius
646 1856 748 1909 aevi
796 1858 1200 1912 monumentis
1254 1857 1757 1912 celebratissimus
1810 1859 1938 1913 fuit.

2065 657 2352 727 bi/artam.
2387 666 2449 716 In
2482 664 2579 717 illo
2611 665 2831 735 quidem
2855 666 3002 720 haud
3032 667 3298 721 aberrare
3330 684 3362 720 a
3397 682 3520 721 vero
3560 666 3715 723 dixe-

2062 763 2191 814 rim,
2252 754 2396 820 quod
2452 754 2508 806 in
2570 755 2779 809 boreali
2835 760 3000 825 parte
3059 757 3267 811 indicat
3342 759 3666 827 apparuisse
3696 776 3715 813 .-

2064 846 2270 902 Taurus
2301 852 2467 916 enim,
2505 854 2561 906 in
2594 870 2696 921 quo
2739 862 2865 909 sunt
2919 854 3154 924 Hyades,
3216 856 3431 912 boreale
3486 863 3718 931 signum

2060 942 2152 990 est.
2180 942 2476 995 Hactenus
2526 959 2773 997 censura
2818 944 3201 1014 marginalis;
3238 964 3367 1018 quae
3419 951 3572 1020 quod
3627 950 3710 1004 ait

2062 1025 2352 1081 indicasse
2384 1029 2796 1101 Pachymerem
2857 1032 2910 1086 in
2964 1034 3181 1089 boreali
3230 1043 3391 1107 parte
3448 1044 3713 1095 comet-on

2062 1117 2456 1183 apparuissse,
2493 1136 2521 1172 e
2552 1120 2718 1174 titulo
2752 1121 2961 1191 capitis
3010 1131 3310 1194 sumptum
3348 1132 3454 1193 est,
3503 1128 3602 1182 ubi
3650 1128 3712 1183 in

2062 1204 2255 1258 Graeco
2331 1206 2541 1279 legitur
2613 1208 2734 1279 περὶ
2813 1213 2909 1262 τοῦ
2992 1212 3248 1286 φανέντος
3352 1217 3601 1288 κομήῖου
3686 1214 3710 1269 ἆ

2064 1292 2234 1367 βοῤῥα
2266 1296 2481 1365 quibus
2515 1314 2769 1369 congrue
2801 1316 2847 1354 ο.
2893 1301 2964 1355 25
3010 1301 3179 1356 initio
3226 1305 3433 1359 scribit
3489 1311 3708 1375 noster,

2060 1392 2480 1450 Macedonibus
2512 1400 2569 1451 et
2597 1396 2920 1453 Thracibus
2953 1399 3023 1453 ad
3053 1400 3522 1471 Septentrionem
3554 1403 3708 1459 Con-

2058 1483 2439 1555 stantinopoli
2461 1486 2720 1541 obversis
2751 1488 2939 1542 visum
2973 1504 3102 1543 esse
3135 1494 3399 1545 cometen
3448 1492 3707 1549 infausta

2059 1571 2290 1627 minari.
2324 1590 2471 1645 quas
2518 1576 2705 1629 minas
2748 1581 2948 1646 postea
3006 1576 3201 1633 sultan
3260 1580 3556 1648 Azatinus,
3601 1582 3704 1653 qui

2056 1663 2485 1731 provinciarum
2519 1664 2753 1719 illarum
2783 1667 3090 1721 vestationi
3130 1685 3366 1724 causam
3401 1671 3581 1739 dedit,
3641 1671 3701 1725 in

2060 1768 2174 1807 rem
2212 1754 2518 1809 denuxerit
2550 1776 2562 1822 ;
2591 1772 2717 1825 quae
2752 1756 3087 1827 signiﬁcant
3136 1758 3193 1811 in
3255 1760 3700 1830 septentrionali

2054 1841 2175 1895 coeli
2213 1848 2374 1912 parte
2406 1850 2687 1898 cometem
2723 1846 2933 1901 visum.
2970 1852 3147 1901 Porro
3210 1847 3317 1902 hac
3378 1854 3516 1903 nota
3571 1851 3697 1904 obi-

292 1943 372 1997 De
406 1942 499 1998 illo
530 1944 685 1998 enim
715 1951 896 2015 agunt
927 1947 1211 2001 Theodor.
1246 1946 1303 2000 in
1362 1946 1495 2000 Vita
1548 1946 1763 2001 Urbani
1828 1948 1931 2014 IV;
1969 1933 2012 1996 Β
2043 1934 2135 1986 ῘθΧ
2168 1932 2374 2003 COHESU
2424 1933 2681 1987 Clldicem
2730 1933 2885 1988 hunc
2935 1951 3110 2004 quem
3171 1937 3575 1991 Barberimum
3639 1956 3696 1992 θα·

291 2031 773 2103 Supplementum
810 2035 1138 2090 Parisiense
1173 2036 1406 2105 Rigordi
1463 2052 1511 2090 c.
1546 2036 1651 2090 475
1685 2053 1698 2102 ;
1759 2035 1938 2091 Villa-

290 2120 446 2187 nius,
480 2122 517 2176 Ι.
570 2138 650 2187 vx,
705 2127 865 2190 0.7;
927 2129 983 2179 S.
1044 2125 1325 2179 Antoniu.
1386 2128 1475 2179 tit.
1534 2124 1600 2177 19
1658 2124 1715 2178 in
1780 2125 1932 2192 ﬁn.;

280 2210 584 2265 Bernadus
617 2210 804 2266 Guido
837 2212 895 2267 in
953 2213 1206 2268 Chronic.
1238 2230 1259 2274 ,·
1309 2219 1569 2283 Magnum
1633 2213 1939 2269 Chronicon

276 2299 582 2369 Belgicam,
644 2301 701 2354 iu
737 2301 969 2357 Urbano
1004 2303 1113 2368 1V;
1162 2301 1490 2357 Palmerius
1543 2301 1603 2356 in
1651 2303 1937 2370 Chronic,

274 2392 385 2454 etc,
406 2388 745 2444 Relatorum
771 2393 841 2446 ab
867 2391 959 2446 bis
977 2408 1277 2446 summam
1294 2392 1377 2447 sic
1397 2390 1623 2463 colligit
1648 2392 1935 2449 Henricus

269 2476 633 2547 Spondanus
664 2478 722 2533 in
759 2480 976 2535 Contin.
1010 2480 1335 2549 Annalium,
1367 2498 1520 2535 anno
1570 2482 1711 2535 1264
1775 2483 1933 2552 (nam

268 2582 336 2620 eo
368 2582 553 2621 annos
586 2566 680 2621 hic
712 2573 939 2623 cometa
964 2575 1053 2624 est
1082 2569 1289 2637 visus),
1324 2587 1381 2625 n.
1408 2574 1441 2623 8
1475 2586 1487 2624 :
1514 2574 1764 2627 Cometes
1782 2572 1936 2626 visus

268 2662 365 2722 est,
397 2656 495 2725 qui
523 2656 590 2710 ab
612 2659 841 2714 Oriente
865 2675 1102 2727 surgens
1131 2676 1303 2730 usque
1337 2661 1409 2714 ad
1458 2660 1702 2715 medium
1757 2662 1934 2716 hemi-

269 2745 480 2815 sphari
536 2762 725 2801 versus
777 2748 1119 2804 Occidentem
1185 2766 1404 2804 comam
1452 2749 1832 2820 protrahebat,
1882 2759 1942 2807 et

270 2834 702 2906 Juli0,Augusto
733 2853 804 2892 ac
868 2838 1184 2909 Septembri
1229 2855 1411 2894 mense
1465 2842 1579 2909 fere
1608 2856 1640 2893 a
1694 2842 1934 2895 solstitio

275 2923 516 2979 testiculi
544 2941 718 2996 usque
758 2926 829 2981 ad
889 2928 1276 2999 aequinoctium
1328 2929 1665 3000 autumale)
1716 2929 1934 2999 insigni

277 3012 677 3080 magnitudine
705 3013 962 3085 fulgens,
1024 3033 1091 3073 ac
1128 3017 1363 3087 speciem
1414 3021 1688 3089 ingentem
1744 3020 1927 3087 edens,

282 3117 468 3157 omnes
496 3106 756 3159 mortales
788 3107 850 3159 in
904 3108 995 3161 sui
1050 3108 1490 3163 admirationem
1546 3108 1808 3174 adduxit,
1868 3111 1932 3164 in

272 3191 491 3247 Graecia
512 3196 561 3247 et
592 3193 755 3264 Syria
777 3198 1121 3266 prwsertim,
1154 3196 1251 3251 ubi
1297 3200 1466 3252 etiam
1517 3214 1643 3252 cum
1700 3198 1931 3256 horrore

272 3283 606 3337 mortalium
634 3283 785 3338 visus
816 3283 1051 3340 dicitur.
1117 3286 1409 3341 Hactenus
1447 3288 1798 3357 Spondanus
1857 3305 1923 3343 ex
1958 3302 2001 3369 ρ

268 3370 482 3440 priscis
515 3371 880 3436 auctoribus,
906 3374 1125 3444 quibus
1159 3375 1519 3430 contrarium
1557 3380 1755 3431 noster
1820 3378 1925 3432 Pa-

265 3460 574 3530 chymeres
605 3462 882 3531 afﬁrmat,
917 3464 1059 3517 dum
1094 3463 1188 3519 hic
1219 3464 1424 3519 seribit
1452 3481 1522 3519 ex
1549 3464 1825 3521 occidente
1867 3466 1931 3521 in

261 3556 450 3604 ortum
479 3550 755 3619 eﬂulsisse
782 3567 816 3604 a
848 3567 971 3605 vere
994 3568 1161 3622 usque
1202 3552 1272 3607 ad
1316 3558 1668 3607 autumnum.
1731 3555 1931 3610 Graeca

264 3638 353 3693 sic
386 3638 602 3693 habent
638 3656 651 3695 :
686 3639 891 3713 Ἀστὴρ
923 3642 1179 3711 κομήτης
1214 3639 1273 3694 ἐκ
1327 3638 1531 3701 δύσεως
1586 3642 1739 3696 648
1792 3643 1930 3696 κατὰ

258 3725 327 3779 τὸ
359 3724 582 3780 ἑωθινὸν
614 3725 916 3799 ἐξέλαμπεν
977 3727 1027 3797 ἐξ
1088 3731 1223 3802 ἦρος
1274 3729 1349 3790 εἰς
1407 3728 1798 3803 φθινόπωρον..
1864 3734 1926 3786 In

264 3816 547 3871 duobusa
567 3818 971 3888 relinquorum
987 3836 1134 3889 quos
1149 3819 1582 3875 nominavimus
1598 3820 1813 3874 indicio
1836 3837 1927 3875 re-

262 3905 443 3960 cedit.
478 3905 651 3961 Prius
664 3911 775 3975 est,
798 3908 952 3977 quod
972 3908 1043 3961 ab
1065 3909 1376 3963 Occidente
1399 3926 1602 3964 versus
1629 3908 1921 3963 Orientem

261 3998 497 4049 motum
557 4000 841 4051 cometem
904 3996 1083 4063 dicat,
1143 3997 1393 4053 alterum
1445 4014 1478 4053 a
1534 4014 1666 4053 vere
1737 4014 1926 4068 usque

257 4083 340 4137 ad
372 4088 906 4153 autumnum,cum
936 4084 1020 4139 illi
1044 4092 1247 4142 contra
1272 4090 1564 4142 testentur
1594 4087 1666 4141 ab
1689 4086 1926 4142 Oriente

253 4172 324 4227 in
348 4172 634 4229 Occasum
670 4174 1051 4246 processisse,
1088 4180 1141 4231 et
1173 4176 1330 4231 circa
1378 4176 1696 4232 solstitium
1757 4177 1922 4231 aasti-

249 4277 402 4316 vum
436 4261 687 4334 ccapisse
737 4281 1040 4335 apparere.
1088 4265 1150 4320 In
1228 4266 1336 4321 hac
1401 4266 1799 4321 controversia
1859 4270 1923 4320 ut

250 4350 432 4407 facile
492 4351 883 4422 astipulemur
946 4352 1218 4424 pluribus
1270 4359 1475 4410 contra
1523 4371 1731 4421 unum,
1786 4355 1924 4410 facit

251 4440 418 4511 quod
452 4440 628 4495 etiam
664 4441 903 4497 aliunde
930 4443 1327 4513 comperimus
1373 4443 1787 4516 Pachymerem
1819 4463 1921 4496 πα·-

248 4526 666 4604 χυμερὲστερον
703 4530 761 4585 in
793 4530 975 4601 hujus
1035 4535 1271 4587 cometae
1331 4532 1737 4588 observatione
1791 4550 1920 4588 ver-

252 4622 480 4675 satum.
518 4619 578 4673 Id
603 4621 760 4675 enim
821 4620 1169 4675 testiﬁcatur
1217 4620 1459 4690 quidam
1509 4623 1799 4683 eruditus.
1858 4627 1923 4677 ut

250 4713 591 4778 appareret,
620 4710 748 4779 ejus
771 4708 971 4775 lector,
1016 4710 1116 4780 qui
1176 4710 1435 4765 codicem
1488 4710 1648 4766 hunc
1700 4711 1919 4783 ipsum,

252 4814 439 4870 quem
457 4799 703 4853 fundum
724 4799 1001 4855 editionis
1017 4798 1357 4867 habuimus,
1377 4798 1563 4855 oculis
1588 4801 1918 4870 subjectum

251 4889 487 4945 habens
522 4894 721 4946 tenere
753 4908 815 4946 se
847 4907 960 4945 non
995 4890 1156 4961 potui
1196 4892 1338 4962 quin
1372 4908 1402 4946 e
1447 4892 1681 4963 regione
1738 4892 1919 4962 hujus

252 4978 374 5032 loci
408 4979 479 5034 ad
518 4980 845 5049 marginem
899 4980 1258 5035 adscriberet
1315 4980 1549 5036 rubrica
1587 4981 1729 5050 haec,
1790 4982 1919 5051 ipsa

245 5069 475 5123 verba:
520 5068 581 5124 Ὁ
641 5065 698 5122 δὲ
752 5071 914 5123 τοῦτο
1002 5073 1338 5143 παριστορεῖ.
1396 5070 1452 5122 Ὀ
1509 5071 1612 5144 γὰρ
1664 5071 1917 5141 κομήτης

246 5155 333 5216 ὡς
386 5156 550 5227 ἡμεῖς
612 5156 1092 5229 αὐτωπτεύσαμεν,
1139 5156 1191 5227 ἐξ
1242 5157 1512 5227 ἀνατολῆς
1558 5160 1659 5228 τὴν
1708 5158 1917 5229 κίνησιν

246 5246 520 5314 ἐποιεῖτο,
577 5244 703 5321 περί
756 5268 862 5301 που
922 5248 1018 5309 τὰς
1065 5245 1255 5310 Ὑάδας
1306 5249 1656 5323 φαινόμενος.
1706 5250 1808 5305 Ἢν
1857 5245 1914 5302 δὲ

243 5332 569 5405 καπνώδης,
630 5333 764 5411 δίχα
824 5334 1228 5410 διαιρούμενος
1266 5336 1390 5391 οὐδὲ
1433 5342 1594 5392 τοῦτο
1649 5358 1909 5412 παριστο-

247 5427 357 5499 psi.
416 5425 575 5486 Ἴσως
638 5422 694 5479 δὲ
755 5425 1119 5500 βορειότερον’
1184 5426 1211 5480 ὁ
1242 5426 1344 5501 γὰρ
1377 5427 1506 5503 βοῦς
1536 5431 1642 5481 τῶν
1678 5427 1905 5501 βορείων

247 5513 490 5587 ἄστρων,
523 5514 661 5569 ὅπου
696 5514 785 5569 καὶ
845 5515 901 5569 αἱ
956 5512 1139 5577 Ὑάδες
1192 5516 1323 5572 Haec
1378 5517 1506 5573 sine
1558 5517 1755 5573 Latine
1813 5535 1905 5573 so-

250 5608 430 5659 nant:
465 5604 648 5661 Aliter
676 5606 774 5661 hoc
802 5622 870 5661 ac
892 5621 1084 5661 revera
1112 5622 1171 5661 se
1200 5607 1392 5661 habuit
1446 5607 1620 5680 refert
1678 5607 1908 5663 histori-

249 5708 368 5750 cus.
402 5692 541 5749 Nam
570 5703 779 5751 cometa
826 5711 928 5765 quo
979 5696 1044 5750 de
1086 5697 1287 5767 agitur,
1335 5706 1491 5765 prout
1522 5714 1621 5753 nos
1658 5698 1907 5768 propriis

250 5780 432 5839 oculis
455 5783 539 5852 [P.
571 5784 698 5855 455]
730 5783 1159 5855 observavimus,
1191 5785 1257 5841 ab
1305 5784 1525 5842 Oriente
1586 5786 1905 5843 movebatur

1960 4670 1998 4731 ll

2053 2021 2350 2085 postetiori
2388 2038 2723 2092 possessore
2756 2022 3029 2091 dicimus,
3086 2041 3115 2078 e
3155 2028 3375 2080 Graecia
3430 2026 3692 2081 delatum

2050 2106 2106 2161 in
2142 2109 2555 2163 bibliothecam
2592 2110 2807 2163 Urbani
2850 2111 2975 2165 VIII
3007 2114 3104 2163 τοῦ
3152 2112 3477 2187 μακαρίτου,
3523 2115 3705 2169 videri

2050 2215 2116 2253 ex
2142 2199 2344 2265 primis
2378 2199 2559 2253 fuisse
2592 2200 2691 2269 qui
2726 2217 2827 2270 per
2869 2201 3073 2255 urbem
3130 2202 3700 2273 ConstantinOpolim

2048 2287 2264 2357 vulgati
2299 2289 2523 2343 sunt'ab
2544 2288 2670 2358 ipso
2696 2294 2931 2343 auctore
2957 2307 3124 2343 suam
3151 2290 3452 2346 historiam
3474 2293 3709 2359 edente,

2049 2375 2379 2431 viventibus
2412 2376 2604 2432 adhuc
2652 2378 2854 2432 multis
2907 2378 3005 2449 qui
3056 2396 3249 2434 rerum
3293 2381 3403 2435 hac
3461 2380 3711 2436 historia

2049 2470 2421 2520 narratarum
2448 2464 2709 2518 αὐτόπται
2763 2468 3041 2535 fuerant;
3096 2486 3347 2540 quorum
3413 2487 3563 2525 unus
3622 2470 3707 2525 la-

2047 2571 2219 2625 psum
2257 2554 2517 2609 historici
2552 2556 2609 2609 in
2654 2555 2932 2611 relatione
2982 2558 3163 2627 hujus
3230 2559 3597 2629 pliaanomeni
3648 2576 3717 2615 ex

2046 2660 2152 2698 suo
2188 2644 2415 2699 aculato
2456 2645 2796 2700 testimonio
2853 2646 3202 2717 redarguere
3254 2648 3528 2719 potuerit.
3597 2650 3705 2713 Qui

2046 2735 2198 2788 idem
2226 2735 2379 2805 quod
2401 2734 2645 2789 verbum
2674 2734 2731 2789 in
2756 2735 2930 2790 titulo
2952 2736 3159 2805 capitis
3185 2736 3435 2808 positum
3463 2739 3700 2793 nomine

2045 2824 2300 2878 auctoris
2333 2823 2517 2894 ipsius
2550 2825 2713 2892 citat,
2747 2830 2810 2879 ut
2838 2824 3112 2894 vidimus,
3139 2832 3555 2893 argumentum
3594 2846 3695 2882 no-

2044 2913 2133 2967 bis
2163 2914 2424 2983 suggerit
2457 2913 2737 2984 epinandi
2770 2913 2972 2969 titulos
3003 2914 3260 2985 capitum
3294 2917 3364 2970 ab
3398 2916 3525 2987 ipso
3584 2917 3694 2972 Pa-

2043 3002 2313 3073 chymere
2339 3002 2554 3057 inditos
2587 3006 2643 3057 et
2685 3003 3069 3074 conscriptos,
3106 3008 3170 3058 ut
3196 3005 3251 3059 in
3286 3004 3454 3059 Barb.
3498 3006 3692 3061 codice

2041 3096 2096 3144 et
2127 3090 2263 3145 inde
2294 3090 2354 3146 in
2388 3090 2496 3147 hac
2527 3091 2783 3147 editione
2812 3097 3013 3147 nostra
3071 3093 3265 3149 Graece
3322 3102 3690 3166 comparent,

2042 3189 2244 3258 fuisse,
2280 3194 2481 3245 contra
2516 3208 2690 3261 quam
2727 3191 3014 3262 suspicari
3052 3191 3202 3248 forte
3250 3192 3463 3264 aliquis
3496 3200 3694 3265 posset

2041 3293 2108 3331 ex
2162 3294 2227 3332 eo
2278 3279 2431 3348 quod
2467 3278 2523 3332 in
2551 3277 2840 3333 Allatiano
2864 3280 3064 3335 codice
3115 3279 3331 3352 alioqui
3365 3283 3587 3353 optimo
3638 3288 3694 3338 et

2042 3370 2391 3439 perantiquo
2417 3385 2529 3423 non
2567 3368 2855 3440 legantur.
2889 3371 3105 3425 Suadet
3144 3370 3263 3426 haec
3320 3373 3537 3428 mentio
3597 3391 3693 3428 no-

2041 3456 2175 3511 bilis
2202 3462 2461 3525 cometae,
2495 3462 2550 3511 et
2582 3462 2813 3528 tempus
2847 3476 2961 3530 quo
2993 3459 3113 3513 haec
3134 3460 3461 3515 scribebam
3493 3479 3695 3517 mense

2041 3546 2220 3615 Aprili
2256 3545 2394 3599 anni
2428 3546 2592 3615 4665,
2639 3546 2936 3601 similibus
2982 3546 3381 3617 phrenomenis
3440 3567 3693 3621 suspen-

2040 3651 2197 3699 sum,
2232 3641 2295 3689 ut
2329 3634 2420 3689 hic
2457 3634 2675 3706 aliquid
2714 3636 2784 3690 de
2814 3636 3055 3691 cometis
3086 3638 3277 3691 dicam
3304 3639 3374 3693 ab
3407 3638 3500 3693 bis
3524 3641 3697 3710 quin-

2039 3740 2151 3795 que
2183 3725 2336 3778 649
2371 3729 2521 3779 retro
2548 3725 2852 3780 mensibus
2892 3726 3343 3798 magnapassim
3382 3727 3691 3784 hominum

2038 3812 2420 3866 admiratione
2494 3817 2550 3865 et
2627 3814 3055 3869 exsoectatione
3133 3816 3435 3885 spectatis.
3528 3820 3692 3873 Prior

2039 3917 2241 3955 mense
2272 3900 2617 3955 Novembris
2650 3903 2972 3972 superioris
2999 3904 3133 3957 anni
3157 3906 3295 3958 1664
3319 3906 3565 3976 ccepisse
3589 3924 3689 3979 ap-

2036 4006 2241 4059 parere
2271 3988 2487 4043 dicitur
2518 4006 2531 4055 ;
2569 3991 2667 4044 sed
2698 4008 2730 4045 a
2754 3992 2956 4060 paucis
2988 3995 3128 4045 tunc
3162 3998 3424 4063 notatus,
3488 4013 3689 4052 mense

2033 4078 2339 4133 Decembri
2370 4077 2769 4133 celebritatem
2804 4083 2893 4133 est
2916 4080 3186 4149 adeptus,
3228 4086 3351 4135 tota
3383 4086 3521 4137 tunc
3580 4089 3690 4137 Eu-

2035 4183 2197 4238 ropa,
2232 4171 2404 4238 prout
2434 4182 2463 4221 e
2492 4166 2726 4237 scriptis
2760 4168 3152 4237 undecunque
3182 4168 3435 4240 vulgatis
3466 4171 3690 4227 intelli-

2034 4257 2217 4327 gitur,
2249 4256 2779 4311 observatissimus.
2802 4255 3077 4311 Vidimus
3100 4260 3153 4310 et
3178 4274 3284 4312 nos
3304 4257 3471 4313 illum
3497 4259 3691 4317 Roma:

2035 4361 2191 4415 saepe
2223 4344 2521 4415 otioseque
2549 4359 2680 4398 cum
2713 4343 2917 4398 hister
2968 4344 3242 4398 ulnarum
3300 4361 3486 4415 coma,
3549 4350 3690 4405 orbe

2036 4433 2243 4489 stellas
2270 4436 2471 4505 prima;
2518 4432 2950 4503 magnitudinis
2990 4433 3060 4487 ad
3095 4433 3555 4505 oculijudicium
3616 4456 3695 4495 aa-

2032 4527 2268 4593 quante,
2304 4522 2527 4593 fulgore
2560 4522 2896 4593 subpallido
2922 4522 3256 4591 micantem,
3286 4541 3463 4580 cursu
3488 4544 3688 4583 erran-

2032 4616 2149 4667 tem
2182 4611 2521 4677 desultorio,
2554 4612 2794 4666 mutatis
2826 4612 2883 4665 in
2909 4611 3033 4667 dies
3066 4611 3230 4668 locis.
3290 4614 3585 4686 Scripsere
3617 4620 3687 4674 de

2033 4701 2133 4757 illo
2159 4702 2399 4773 plurimi
2432 4702 2609 4771 hujus
2644 4701 2746 4755 οξνί
2779 4706 3127 4772 praestantes
3181 4706 3525 4773 astronomi,
3584 4708 3682 4777 qui

2032 4809 2161 4847 mea
2195 4792 2662 4847 nomenclatiane
2694 4808 2807 4846 non
2837 4790 3124 4862 indigent,
3150 4791 3306 4847 fama
3362 4811 3470 4850 sua
3512 4796 3673 4853 clari.

2030 4891 2188 4946 Duos
2216 4896 2410 4947 tamen
2447 4891 2783 4946 memorabo
2817 4890 3099 4945 instinctu
3126 4891 3274 4961 grati
3299 4891 3501 4964 animi,
3522 4898 3677 4966 quod

2029 4980 2068 5033 ii
2100 4996 2239 5035 suos
2272 4980 2413 5034 mihi
2447 4980 2576 5051 ejus
2619 4979 2945 5043 argumenti
2994 4983 3445 5037 commentarios
3504 4985 3681 5040 dona-

2028 5073 2185 5137 runt,
2222 5074 2285 5122 D.
2315 5069 2602 5124 Joannem
2636 5067 3006 5123 Dominicum
3041 5068 3347 5123 Cassinum
3381 5077 3438 5125 et
3486 5072 3552 5128 R.
3616 5075 3676 5131 Ρ.

2022 5157 2309 5211 Jacobum
2344 5158 2678 5226 Grandamy
2710 5174 2828 5213 soc.
2862 5162 3094 5221 nostris,
3128 5173 3382 5228 quorum
3418 5160 3516 5218 illo
3571 5164 3675 5219 Ro-

2025 5262 2155 5309 mae,
2189 5246 2283 5300 hic
2318 5246 2550 5317 parisiis
2582 5263 2721 5301 suas
2750 5247 2818 5300 de
2842 5246 2953 5300 isto
2979 5252 3204 5302 cometa
3232 5247 3678 5309 lucubrationes

2021 5334 2347 5389 ediderunt.
2382 5335 2607 5389 Addam
2672 5336 3002 5389 universam
3063 5336 3192 5406 ejus
3251 5338 3677 5398 observationis

2019 5422 2327 5478 historiam
2355 5424 2522 5495 pauci
2559 5422 3043 5494 comprehensam
3108 5442 3141 5480 a
3175 5427 3391 5481 nostris
3449 5431 3673 5485 mathe-

2020 5512 2249 5568 maticis
2282 5512 2872 5585 Ingolstadiensibus,
2908 5512 3008 5584 qui
3059 5514 3129 5568 ad
3193 5531 3286 5570 me
3332 5516 3621 5573 miserunt
3655 5536 3671 5576 :

2016 5605 2171 5659 Anno
2218 5604 2354 5657 1654
2430 5607 2640 5658 cometa
2698 5610 2930 5658 eafeunte
2986 5604 3301 5669 Novembri,
3335 5608 3396 5659 ut
3441 5607 3673 5664 aliunde

2012 5694 2332 5761 nuntiatur,
2376 5693 2488 5762 iam
2548 5699 2792 5747 exortus.
2854 5692 3179 5761 Ingolstadii
3237 5694 3301 5747 18
3361 5695 3665 5754 Decembris

2011 5783 2047 5838 6
2078 5790 2211 5838 mat.
2242 5784 2429 5853 primo
2461 5782 2615 5838 nobis
2644 5783 2797 5837 visus
2826 5789 2925 5850 cst,
2959 5784 3111 5853 in/ra
3142 5784 3409 5850 tropicum
3467 5786 3662 5859 Capri-
