4072 6434
331 427 467 483 1111
1385 425 1447 475 Ρ.
1488 420 1761 475 POSSINI
1798 416 2009 471 ΟΒΒΕΕ

2139 410 2406 468 I‘IONUM
2443 411 2579 465 LIB.
2618 410 2692 464 II.
3604 403 3732 463 1112
3752 432 3755 439 ν

331 552 500 607 carni
528 551 625 605 sub
644 553 822 605 rostro
855 548 1034 617 Corvi,
1068 547 1237 602 barba
1284 545 1495 601 directe
1551 562 1581 598 a
1632 543 1744 598 sole
1797 555 1987 597 versus
2014 539 2069 606 Α
2099 533 2580 606 intempestivum
2627 530 2884 603 Liusum,
2953 528 3048 583 his
3125 527 3417 600 exemplto
3445 527 3734 585 versiculis

336 656 586 695 occasum
639 638 933 694 hiemalem
962 644 1221 709 protenso
1246 640 1299 690 et
1349 635 1453 689 late
1499 649 1606 704 qua
1637 631 1978 688 terminaba-
2096 621 2460 696 pangendis:

332 734 426 783 tur
486 730 710 800 diﬂusa.
755 730 821 783 19
876 727 1068 782 nubes.
1117 727 1188 780 20
1224 730 1343 781 Dec.
1404 726 1553 779 intra
1592 723 1875 778 Craterem
1931 724 1980 776 et

335 818 590 873 Corvum.
658 819 749 887 21,
798 818 889 886 22,
949 816 1039 883 23,
1091 816 1161 869 24
1220 815 1411 869 nubes.
1469 815 1540 867 25
1598 814 1703 867 Dee
1755 813 1787 865 4
1845 819 1979 865 mat.

334 909 488 973 infra
518 916 755 963 ventrem
789 907 992 978 Hydri,
1027 922 1135 976 qua
1168 904 1221 959 ei
1254 904 1443 958 Crater
1473 901 1704 971 insistit,
1734 901 1832 956 sub
1863 898 1982 955 eod.

336 999 477 1068 trop.
512 998 841 1067 comparuit.
878 995 1053 1065 Caput
1085 994 1187 1047 hae
1214 994 1301 1047 die
1366 990 1658 1063 apparenti
1714 990 1986 1044 diametro

334 1089 451 1157 fere
481 1103 587 1157 par
625 1086 849 1152 Veneri,
884 1085 1117 1139 barbam
1149 1082 1418 1138 albicanti
1453 1088 1581 1136 ‘tuce
1638 1078 1990 1150 splendidam

339 1178 409 1229 ad
456 1178 525 1230 30
572 1175 775 1246 gradus
832 1175 1053 1229 evibare
1108 1176 1310 1241 visum,
1368 1174 1459 1235 26,
1527 1171 1721 1236 27,29
1792 1170 1987 1223 nubes.

339 1266 409 1319 30
438 1267 563 1320 Dec.
596 1266 630 1318 9
658 1281 802 1335 vesp.
838 1266 899 1318 in
932 1268 1135 1331 Lepore
1174 1261 1327 1317 velut
1382 1263 1617 1315 criintus
1673 1259 1934 1329 apparuit
1977 1274 1990 1314 :

340 1381 475 1418 nam
501 1364 564 1419 ob
598 1364 746 1420 lunas
766 1362 1030 1418 viciniam
1049 1362 1229 1416 cauda
1263 1358 1440 1415 videri
1460 1375 1570 1414 non
1597 1360 1795 1429 potuit.
1820 1358 1995 1412 Porro

342 1452 595 1508 eumdem
626 1452 771 1508 hunc
815 1469 940 1507 cum
966 1455 1152 1522 priore
1206 1458 1417 1506 cometa
1472 1464 1605 1516 esse,
1664 1448 1998 1517 conﬁrmant

344 1543 761 1599 observationes
794 1541 1035 1596 Trident.
1070 1555 1196 1612 quae
1224 1540 1294 1593 38
1332 1540 1449 1593 Dec.
1481 1554 1608 1593 eum
1636 1552 1838 1609 propre
1891 1539 1996 1592 Ca-

346 1649 472 1687 nem
502 1633 796 1703 majorem,
826 1632 1087 1687 ceteriori
1114 1647 1280 1702 quam
1317 1631 1480 1683 initio
1538 1631 1690 1682 motu
1744 1642 1999 1697 progres-

352 1741 476 1779 sum
505 1740 574 1779 ex
602 1725 871 1779 matutino
903 1724 1289 1793 vespertinum,
1319 1738 1387 1776 ea:
1418 1720 1645 1775 barbato
1697 1720 2003 1773 caudatum

355 1814 597 1869 evasisse
628 1816 921 1867 testantur.
982 1812 1045 1865 31
1114 1811 1360 1866 Decemb.
1428 1809 1579 1865 inter
1638 1810 1897 1879 Lepprem
1954 1811 2006 1863 et

359 1902 687 1969 Eridanum,
732 1906 867 1974 jam
921 1902 1158 1956 multum
1213 1917 1386 1971 supra
1438 1901 1724 1969 Trapicum
1795 1905 2007 1953 evectus
2040 1911 2087 1976 Β

362 1991 827 2063 conspiciebatur.
868 1991 1022 2047 Anno
1066 1991 1203 2046 1665
1236 1992 1257 2044 1
1292 1989 1577 2058 Januarii,
1605 1990 1672 2043 12
1702 1989 1899 2057 noctis,
1933 1985 2011 2041 ad

359 2080 686 2146 australem,
713 2086 763 2137 et
793 2080 983 2136 eadem
1025 2080 1119 2136 die
1173 2080 1206 2133 9
1262 2081 1567 2146 vespertina
1622 2077 1693 2132 ad
1742 2076 2011 2133 borealem

365 2170 599 2226 Eridani
635 2171 821 2242 ripam
850 2172 1090 2225 constiti.
1123 2173 1157 2224 2
1212 2168 1476 2225 Januarii
1531 2183 1707 2239 prope
1761 2183 1816 2222 os
1872 2166 2008 2221 Ceti.

362 2268 395 2322 3
423 2271 555 2323 Jan.
590 2268 708 2322 Ceti
736 2266 1134 2323 mandibutam
1166 2265 1375 2334 attigit,
1408 2282 1595 2337 syrma
1649 2264 1869 2323 Orienti
1914 2263 2010 2319 ob-

361 2371 580 2411 versum
605 2357 846 2412 trahens.
881 2357 914 2409 4
942 2358 1047 2411 Jan
1082 2361 1416 2426 xquatorem
1462 2352 1764 2423 superavit.
1795 2354 1830 2406 5
1884 2354 2010 2408 Jan.

358 2446 393 2499 6
419 2461 565 2516 vesp.
600 2447 659 2501 in
679 2446 869 2500 cauda:
896 2445 1074 2501 medio
1100 2460 1268 2516 prope
1323 2444 1589 2498 nucleum
1646 2447 1862 2498 cometae
1922 2442 2012 2495 lu-

355 2534 489 2590 eida
540 2534 674 2604 Ceti,
734 2534 955 2590 Mentiar
1009 2534 1177 2603 dicta,
1239 2534 1389 2589 clare
1444 2532 1802 2604 resplenduit.
1865 2530 2015 2598 Qoud

356 2623 525 2680 etiam
558 2624 773 2689 Leodii,
819 2625 1113 2694 Olumucii,
1180 2621 1417 2689 Viennae,
1479 2624 1738 2690 Mantuae,
1788 2624 2013 2691 Pragte,

364 2715 653 2781 Lacernae,
691 2714 940 2769 Tridenti
968 2718 1067 2769 sub
1096 2714 1243 2769 idem
1275 2723 1482 2782 tempus
1513 2714 1860 2769 observatum
1916 2714 2012 2778 est,

368 2802 517 2859 Unde
544 2803 732 2874 gallici
756 2812 932 2875 potest
964 2812 1233 2858 cometam
1294 2803 1439 2857 hunc
1496 2818 1681 2858 carere
1728 2800 2018 2872 parallaxi

2172 768 2316 823 Cum
2334 781 2618 836 superum,
2656 762 2962 832 Francisce,
2998 763 3101 817 tibi
3151 763 3477 817 tribuuntur
3505 761 3737 834 honores,

2243 838 2534 894 Abscondit
2565 836 2817 891 tetricum
2835 844 3025 905 sponte
3056 841 3281 889 cometa
3302 836 3497 905 jubar.

2172 913 2386 977 Erigor
2414 909 2655 979 augurio
2690 923 2827 975 ;nec
2847 908 2973 978 jam
3001 911 3260 979 portenta
3280 906 3571 977 minasque

2248 984 2335 1036 Tot
2366 978 2705 1035 crinitarum
2736 980 2871 1034 duco
2895 978 3145 1033 timenda
3172 982 3385 1047 lacum.

2176 1054 2523 1107 Averruncus
2548 1053 2699 1106 adest
2728 1067 3027 1116 noxarum,
3060 1054 3111 1105 et
3140 1058 3329 1105 sancta
3387 1048 3635 1105 sacerdos

2243 1126 2351 1191 Qui
2372 1139 2544 1179 novus
2567 1123 2894 1196 ingreditur
2942 1125 3189 1177 monstra
3220 1122 3434 1196 luenda
3455 1122 3589 1192 piat.

2175 1196 2334 1250 Svme
2354 1198 2597 1263 animos,
2631 1194 2760 1250 coeti
2778 1197 3014 1264 spactris
3039 1196 3309 1249 exterrita
3336 1194 3505 1247 tellus
3528 1208 3546 1245 :

2246 1269 2376 1323 Stat
2402 1268 2516 1321 tibi
2543 1271 2699 1322 certa
2728 1263 2913 1333 salus,
2939 1267 3079 1323 dum
3108 1273 3252 1321 tenet
3283 1268 3443 1320 astra
3472 1263 3653 1319 Sales.

2176 1409 2237 1465 P.
2269 1407 2374 1463 229
2398 1413 2594 1465 Fatum
2633 1407 2814 1463 iriste.
2873 1407 3069 1463 Graece
3114 1405 3282 1480 μοῖρά
3330 1425 3415 1467 τις
3469 1401 3748 1478 δυστυχής.

2107 1498 2228 1554 Fati
2261 1498 2503 1567 mentio,
2537 1497 2586 1553 si
2620 1497 2714 1553 cui
2746 1497 2852 1551 hoc
2886 1496 3010 1552 loco
3054 1500 3113 1552 et
3159 1496 3292 1551 aliis
3341 1495 3527 1568 hujus
3576 1494 3751 1566 operis

2107 1587 2403 1644 similibus
2429 1587 2701 1642 videatur
2757 1585 2941 1641 ullam
2983 1585 3333 1641 afﬁnitatem
3366 1585 3584 1639 habere
3628 1598 3746 1638 cum

2111 1692 2286 1751 pravo
2317 1681 2374 1731 et
2403 1676 2672 1731 haeretico
2723 1676 2999 1747 dogmate
3050 1673 3383 1730 libertatem
3444 1673 3749 1729 humanam

2113 1768 2208 1825 sui
2228 1769 2556 1837 compotem
2582 1768 2855 1836 negante,
2892 1763 3279 1835 rejiciendum
3310 1766 3469 1820 esset
3498 1777 3626 1817 cum
3656 1776 3748 1815 css-

2116 1854 2256 1911 teris
2287 1854 2582 1909 erroribus
2604 1852 2786 1924 hujus
2817 1852 3140 1925 scriptoris.
3176 1853 3317 1909 Vide
3349 1868 3478 1924 quin
3537 1847 3750 1906 monui-

2120 1960 2253 2000 mus
2281 1944 2351 1998 ad
2387 1960 2442 2014 p.
2481 1943 2579 1997 104
2601 1945 2656 1997 et
2685 1958 2740 2013 p.
2776 1941 2899 1996 139.

2194 2032 2253 2088 P.
2284 2033 2409 2087 251.
2446 2031 2641 2087 Oratio
2672 2030 3048 2103 imperatoris
3078 2031 3189 2087 hoc
3220 2029 3412 2103 capite
3439 2029 3616 2085 relata
3660 2028 3752 2083 ob-

2121 2122 2467 2178 scurissima
2499 2121 2557 2175 in
2591 2121 2809 2175 Graeco.
2844 2124 2953 2175 est.
2994 2120 3332 2175 Vaticamus
3364 2118 3754 2193 paraphrastes

2124 2228 2228 2283 pro
2286 2227 2353 2266 ea
2400 2211 2555 2281 quod
2613 2209 2792 2265 voluit
2852 2210 3191 2281 supposuit.
3249 2210 3371 2281 Ego
3440 2209 3756 2278 conjectura

2122 2304 2379 2358 mentem
2404 2299 2682 2368 auctoris,
2717 2302 2782 2354 ut
2813 2315 3008 2370 spero,
3051 2303 3366 2354 assecutus
3398 2295 3607 2370 partim
3646 2310 3755 2349 ver-

2125 2390 2307 2456 sione,
2357 2386 2595 2460 partim,
2628 2386 2729 2442 ubi
2778 2386 2949 2442 aliter
3006 2403 3123 2442 non
3182 2386 3369 2458 potui,
3433 2381 3758 2459 paraphrasi

2125 2495 2255 2535 eam
2279 2477 2519 2549 exposui
2551 2493 2729 2548 quam
2755 2476 2917 2548 potui
2948 2476 3299 2532 clarissime.

2196 2572 2259 2622 P.
2280 2567 2407 2622 257.
2432 2568 2604 2622 Noctu
2643 2573 2758 2636 post
2788 2566 2954 2636 ﬁnem
2996 2565 3332 2637 hymnodiae.
3384 2564 3552 2631 Nam,
3607 2565 3667 2616 ut
3711 2561 3758 2614 in

2127 2656 2423 2713 Glossario
2451 2656 2625 2711 verbo
2654 2654 2943 2717 ἀκάθιστος
2972 2655 3305 2725 innuimus,
3351 2657 3470 2710 tota
3528 2668 3635 2708 nox
3678 2666 3760 2721 pa-

2126 2745 2417 2811 triarchas,
2478 2743 2653 2814 clero,
2714 2744 3054 2815 imperatori
3104 2751 3156 2799 el
3209 2742 3432 2816 populo
3486 2739 3759 2797 stantibus

2128 2835 2227 2891 illo
2299 2836 2445 2890 festo
2497 2833 2972 2905 pervigilabatur,
3029 2833 3313 2889 continua
3384 2829 3757 2888 decantatione

2129 2924 2489 2997 psalmorum
2519 2927 2576 2978 et
2610 2923 2990 2994 hymnorum,
3022 2939 3152 2994 quas
3183 2926 3249 2978 ut
3277 2921 3519 2977 tandem
3551 2917 3652 2974 sub
3679 2914 3757 2969 di-

2131 3014 2398 3069 luculum
2458 3010 2653 3079 desiit,
2712 3011 2867 3066 hunc
2910 3010 3036 3067 loco
3095 3016 3151 3067 et
3209 3018 3478 3083 tempore
3552 3008 3759 3078 captato

371 2891 626 2947 sensibili
653 2893 896 2963 adeogue
928 2893 1064 2947 luna
1090 2894 1414 2960 inferiorem
1445 2908 1554 2946 non
1585 2906 1717 2946 esse.
1749 2890 1830 2961 [P.
1892 2889 2016 2959 455)

369 2980 648 3048 Quantum
678 2997 808 3035 vero
830 2998 995 3052 supra
1028 2982 1221 3036 lunam
1266 2981 1511 3036 elevatus
1567 2980 1660 3044 sit,
1717 2979 1781 3035 ob
1836 2980 2019 3049 paral-

375 3069 597 3159 ἔαφίανη
629 3069 1083 3159 ίηεπήωᾷωωπ
1104 3071 1388 3126 audenter
1407 3069 1783 3159 demon‘W"
1803 3069 2016 3139 nequi"
2132 3105 2443 3159 accusator
2473 3069 2704 3158 Arsenii
2736 3100 3004 3157 libellum
3033 3069 3357 3157 delationis
3410 3069 3635 3155 obtulit.
3657 3094 3758 3148 Au-

368 3158 425 3223 6,
454 3158 597 3263 728.,
626 3158 682 3224 9,
719 3160 785 3213 10
815 3159 1077 3259 Januarii
1105 3176 1204 3231 per
1229 3163 1403 3263 paput
1435 3158 1730 3263 Ceti‘tarde
1769 3173 2020 3257 progres-
2137 3196 2329 3263 gusto.

366 3263 481 3313 sus,
516 3248 578 3302 11
612 3264 784 3319 pr0pe
841 3248 1149 3305 anteriores
1206 3250 1417 3304 Arieezs
1466 3247 1626 3321 pedes
1690 3247 2009 3317 comparuit=

2139 3247 2171 3263 υ
2211 3281 2361 3337 651
2396 3279 2459 3334 P.
2490 3279 2618 3334 259.
2650 3278 2775 3332 Vox
2798 3274 3134 3332 ἐκκλείοιντο
3158 3279 3474 3334 emendata
3504 3292 3538 3330 a
3565 3287 3651 3328 me
3685 3268 3759 3324 est

364 3336 545 3392 cauda
567 3338 813 3395 breviore
833 3355 1020 3395 versus
1045 3341 1262 3395 oculum
1322 3340 1487 3394 Tauri
1551 3344 1891 3407 exporrecta.
1954 3336 2021 3389 12
2056 3336 2097 3353 “'
2132 3388 2200 3427 ex
2232 3369 2593 3439 conjectum,
2618 3382 2753 3422 cum
2792 3367 2920 3422 cod.
2956 3368 2997 3423 Β
3054 3367 3293 3423 haberet
3358 3361 3671 3440 ἐγκλείοντο,
3722 3360 3754 3409 Α

365 3428 471 3482 Jan
510 3429 571 3482 in
601 3445 747 3496 genu
768 3428 988 3485 Arietis.
1026 3430 1092 3483 13
1116 3434 1166 3483 et
1197 3428 1449 3498 deinceps
1478 3442 1651 3497 usque
1702 3425 1773 3480 ad
1831 3427 1865 3478 4
1919 3426 2009 3478 Fe-

2139 3425 2267 3515 itero
2295 3425 2657 3524 έιέκλίνοινὶεο,
2690 3455 3036 3512 Vaticamus
3077 3473 3245 3528 porro
3303 3425 3571 3512 libertate
3614 3425 3760 3504 solita

374 3516 837 3622 i’l‘.“’?““‘
871 3521 930 3573 in
962 3518 1076 3573 dies
1115 3520 1263 3573 inter
1288 3522 1473 3588 pectus
1504 3516 1706 3622 Affatis
1824 3516 2024 3622 ιέηαξη
2136 3566 2242 3622 pro
2276 3562 2342 3603 eo
2373 3548 2547 3603 verbo
2581 3516 2824 3619 poneret
2852 3516 3280 3614 ἀποπήᾶονται.
3318 3540 3615 3603 Sententia
3647 3548 3760 3592 vero

373 3605 531 3660 650
564 3608 810 3662 Piscium
835 3623 1179 3678 progressus,
1204 3623 1431 3677 corpore
1458 3606 1694 3659 multum
1726 3603 2024 3659 imminuto

375 3711 440 3749 ac
474 3701 716 3766 syrmate
771 3696 1010 3751 breviori
1065 3696 1295 3768 effulsit.
1330 3696 1362 3749 4
1415 3696 1709 3750 Februarii
1754 3702 2027 3765 postremo
2084 3728 2087 3731 -

374 3783 671 3839 caudatum
701 3784 861 3839 licuit
892 3787 1281 3840 instrumentis
1310 3785 1619 3840 observare.
1660 3785 1809 3841 Visus
1843 3789 2028 3838 tamen

375 3888 545 3941 porro
575 3873 736 3928 nobis
768 3883 843 3929 est
874 3875 1031 3928 intar
1051 3874 1220 3930 stellae
1249 3874 1531 3930 nebulosae
1558 3874 1611 3939 5,
1652 3875 1707 3941 7,
1755 3873 1823 3927 10
1852 3877 1902 3927 et
1963 3873 2023 3926 11

386 3962 682 4016 Februarii
721 3963 867 4017 inter
896 3979 1102 4018 cornua
1146 3965 1343 4019 Arietis
1399 3968 1451 4019 et
1506 3965 1707 4018 Linum
1765 3960 2027 4017 Piscuim.

377 4058 644 4130 Deinceps
674 4076 800 4116 vero
831 4064 998 4116 etiam
1027 4062 1095 4116 ab
1125 4063 1440 4117 acutissime
1471 4061 1781 4117 videntibae
1827 4061 2029 4128 depre-

380 4149 553 4204 hendi
583 4149 837 4221 amplius
876 4167 987 4206 non
1043 4153 1239 4223 potuit.
1298 4154 1446 4206 Hinc
1502 4159 1709 4205 constat
1766 4153 2032 4205 cometam

382 4238 530 4294 hunc
560 4241 867 4295 maximam
896 4257 1049 4295 nonae
1110 4240 1332 4297 torrida?
1384 4245 1603 4311 partem
1650 4239 2034 4311 perlustrasse,

2133 3638 2245 3694 loci
2276 3637 2586 3693 manifeste
2610 3635 2873 3708 postulat
2904 3632 3263 3689 ἐκκλείοιντο.

2212 3728 2269 3782 Ρ.
2300 3726 2424 3781 261.
2456 3727 2782 3797 Imperatori
2809 3724 2990 3780 tribui
3011 3726 3335 3796 principem
3365 3725 3540 3780 locum
3592 3717 3649 3771 in
3696 3724 3764 3765 co-

2135 3818 2385 3890 gnitione
2415 3830 2605 3870 rerum
2634 3815 3308 3871 ecclesiasticarum.Jam
3335 3807 3600 3869 monuiin
3618 3801 3758 3890 Glos:

2139 3885 2295 3963 sario
2309 3905 2483 3961 verbo
2497 3902 2689 3973 ἐπιστη
2702 3908 2992 3978 μονάρχης
3006 3904 3406 3976 cognitionem
3439 3902 3602 3957 istam
3639 3885 3761 3947 meri
3852 3956 3860 3967 ι

2137 3997 2260 4052 fere
2289 3994 2639 4059 testimonii,
2676 4010 2790 4049 non
2810 3993 3250 4064 jurisdictionis
3268 3998 3375 4048 aut
3396 3985 3650 4046 decisive
3678 3991 3760 4048 p0—

2140 4083 2374 4141 testalis
2403 4098 2554 4138 esse.
2589 4083 2684 4139 Sic
2715 4082 2871 4137 enim
2904 4081 3334 4138 Constantinus
3354 4084 3590 4150 Magnus
3609 4069 3757 4127 Nice-

2143 4190 2257 4241 naa,
2273 4171 2606 4227 Marcianus
2627 4170 3109 4227 Chalcedomensi
3122 4211 3135 4236 ,
3151 4170 3250 4226 alii
3267 4170 3404 4225 aliis
3416 4161 3759 4237 imperatores

2143 4260 2384 4333 synodis
2414 4259 2884 4325 intervenerunt,
2912 4259 3111 4315 missis
3134 4259 3341 4326 etiam,
3365 4272 3497 4314 cum
3519 4251 3761 4333 interesse

384 4329 627 4400 adeoque
656 4329 866 4399 majori
892 4331 1107 4398 Africae
1136 4338 1186 4385 et
1218 4345 1437 4401 magna;
1482 4330 1627 4385 Asiae
1658 4345 1725 4384 ac
1762 4326 2037 4383 Armeniae

384 4418 554 4489 parti,
577 4436 885 4491 nunquam,
927 4425 1109 4475 tamen
1131 4423 1377 4491 Europae
1400 4420 1721 4474 verticalem
1735 4416 2035 4472 incessisse.

380 4516 681 4574 Hactenus
712 4518 1237 4574 astronominostri
1262 4517 1757 4590 Ingolstadienses
1788 4516 1859 4570 de
1890 4514 2041 4587 prio-
2151 4528 2395 4592 scimus,
2431 4531 2494 4583 ut
2523 4527 2585 4582 in
2616 4543 2683 4582 eo
2714 4525 2927 4597 legatis
2956 4525 3356 4597 imperatoris,
3378 4532 3575 4593 regum
3600 4527 3658 4568 ac
3675 4520 3756 4562 ce-

380 4605 431 4659 ri
459 4610 704 4663 cometa.
737 4607 1029 4662 Posterior
1060 4607 1213 4662 circa
1244 4606 1363 4662 Kal.
1413 4606 1632 4678 Aprilis
1702 4603 2037 4660 ostentandi
2076 4685 2106 4688 _
2150 4624 2409 4674 ter-0mm
2441 4616 2775 4688 principum
2809 4615 3205 4685 saecularium,
3239 4615 3406 4671 ιοουε
3446 4599 3757 4665 tribueretur

386 4695 481 4751 sui
523 4696 660 4751 fecit
689 4696 925 4751 initium
958 4697 1250 4752 contrario
1282 4695 1463 4767 priori
1496 4699 1700 4751 exortu
1743 4698 1800 4748 et
1856 4696 2042 4763 motu,
2076 4685 2122 4750 D
2154 4724 2270 4764 non
2301 4685 2592 4777 cum'jure
2637 4685 2871 4761 ferendi
2933 4706 3004 4760 ad
3063 4704 3411 4761 ἀίοίείοιιθω
3463 4691 3757 4764 dogmata!!!

387 4785 576 4840 calida
604 4784 855 4857 longiori
889 4785 1286 4856 άθηδίοτίίίυθν
1317 4786 1388 4840 de
1429 4801 1545 4855 quo
1596 4783 1847 4838 Videnda
1904 4797 2030 4853 (luae
2142 4796 2433 4869 suffragii,
2466 4796 2568 4851 sed
2599 4799 2663 4849 ut
2682 4799 2863 4849 testes
2884 4798 3085 4850 essent
3106 4797 3369 4849 actorum
3389 4783 3755 4869 primiqlleAw

386 4890 521 4930 cum
557 4875 653 4929 alii
686 4874 822 4931 alibi
847 4875 953 4931 viri
986 4876 1480 4942 doctissimi,tum
1505 4874 1682 4929 iidem
1711 4873 1874 4943 prius
1908 4887 2034 4926 me-
2147 4866 2501 4956 εηοεοέιιρηι
2519 4883 2816 4953 vnganda
2838 4884 3220 4955 postmodum
3246 4883 3305 4937 in
3333 4874 3589 4954 populos,
3612 4866 3758 4921 inte--

384 4965 599 5019 morati
631 4965 906 5021 Cassinus
945 4966 1160 5033 Romae,
1199 4965 1535 5033 Grandamy
1570 4967 1768 5018 noster
1796 4961 2036 5017 Parisiis
2148 4952 2379 5044 {imque
2410 4952 2755 5027 auctoritate
2788 4952 2854 5027 δέ
2885 4975 3176 5043 potestate
3206 4952 3515 5042 prin'cipali
3555 4952 3753 5044 liberti“

382 5053 445 5109 in
480 5054 664 5110 lucem
697 5054 1025 5109 ediderunt.
1062 5054 1243 5109 Desiit
1285 5069 1562 5125 apparere
1588 5070 1620 5107 a
1668 5050 1788 5107 sole
1839 5050 2038 5105 absor-
2150 5035 2299 5129 tem;
2326 5062 2722 5128 securitatem,
2748 5035 2935 5116 οιίυξῃ
2959 5035 3672 5117 ἀθεθρηθὶιιίδυέραιήὺυε
3691 5035 3756 5088 ἴεν

378 5146 518 5213 ptus
554 5142 786 5198 circiter
818 5144 973 5198 diem
1010 5143 1075 5197 19
1108 5142 1353 5214 Aprilis,
1387 5158 1503 5211 quo
1549 5142 1639 5195 die
1670 5157 1801 5195 eum
1861 5139 1913 5193 S.
1974 5143 2040 5192 D.
2154 5156 2369 5207 ορτετη,
2402 5150 2497 5205 Sic
2528 5151 2587 5204 in
2619 5149 2929 5206 collatione
2954 5146 3423 5221 Carthaginensi’
3464 5136 3558 5196 ubi
3611 5132 3755 5221 causa

380 5232 449 5287 N.
486 5230 813 5289 Alexander
845 5234 946 5289 νη
984 5235 1078 5289 hic
1114 5237 1307 5289 Romae
1368 5234 1427 5287 in
1482 5231 1729 5288 Basilica
1777 5231 1835 5285 S.
1891 5228 2045 5284 Petri
2154 5240 2590 5296 Donatistarum
2624 5239 3014 5305 tractabatur,
3046 5218 3199 5294 cum'
3230 5230 3493 5310 episcopis
3519 5218 3759 5310 ingressui

380 5323 827 5380 Iolemnissima
855 5326 1204 5380 caaremonia
1238 5326 1294 5380 Β.
1329 5324 1706 5379 Franciscum
1757 5323 1827 5377 de
1881 5320 2044 5376 Sales
2155 5338 2233 5387 εει
2260 5330 2461 5398 (verba
2491 5332 2631 5383 sunt
2660 5328 2940 5399 epitoma;
2971 5308 3309 5383 summa},
3334 5308 3753 5399 spondaniualin'

388 5434 419 5473 e
440 5417 747 5487 piscopum
780 5415 1179 5470 Genevensezn
1211 5415 1319 5470 rite
1341 5419 1677 5471 sanctorum
1703 5411 1833 5467 albo
1866 5411 2043 5466 ascri-
2156 5390 2343 5473 411p,
2376 5419 2430 5489 4)
2462 5419 2631 5473 etiam
2682 5390 3036 5473 ὴανσειιίηιιε
3092 5417 3155 5471 in
3213 5390 3391 5472 locum—
3439 5406 3507 5463 ad
3545 5390 3757 5489 collalt'ﬂ'

393 5507 633 5582 psisset,
665 5504 790 5560 visa
823 5503 969 5557 mihi
1004 5508 1093 5558 est
1123 5504 1243 5560 haec
1295 5502 1555 5579 συγκυρία
1611 5502 1745 5558 novi
1801 5501 2045 5573 indigeti
2157 5524 2283 5564 nem
2302 5472 2585 5579 paratum,
2620 5505 2717 5577 qui
2745 5506 2971 5576 quidem
2992 5521 3103 5562 nou
3121 5505 3304 5561 solum
3347 5499 3588 5559 tribunus
3623 5472 3755 5582 'milf‘

394 5612 672 5670 superum
713 5592 910 5649 choris
944 5592 1148 5649 inserti
1180 5598 1236 5648 et
1266 5594 1666 5651 evanescentis
1689 5596 1925 5648 cometas
1954 5609 2009 5645 at

2159 5598 2297 5653 taris
2325 5602 2468 5664 erat,
2489 5595 2582 5651 sed
2610 5598 2661 5651 et
2691 5598 2973 5661 notarius,
3009 5594 3109 5651 hoc
3154 5599 3233 5650 est
3286 5610 3321 5649 a
3369 5577 3575 5645 secretis
3611 5570 3754 5670 imp:

396 5640 671 5670 “re.-.”
714 5640 909 5649 we-"
946 5640 1148 5649 ψη---
1182 5640 1236 5648 ν-
1268 5640 1666 5651 omnum“---
1692 5640 1923 5648 --...--_
1957 5640 2011 5645 _-
2159 5640 2294 5653 ...ην
2325 5640 2581 5664 .,...-,--..
2610 5640 2659 5651 ν,
2694 5640 2837 5650 ηπ...
2861 5640 2973 5661 -..-,
3009 5640 3105 5651 ..νυ
3154 5640 3230 5650 ν--
3287 5640 3319 5649 ..
3370 5640 3441 5645 ---

396 5690 746 5758 gumentum
776 5700 890 5739 non
924 5680 1233 5753 illepidum
1264 5684 1729 5754 epigrammatis,
1750 5686 1805 5737 et
1835 5681 2046 5737 remis-
2158 5684 2386 5751 ratoris,
2419 5689 2479 5739 ut
2506 5687 2729 5741 constat
2748 5700 2824 5739 ea:
2844 5685 3006 5740 titulo
3028 5682 3277 5755 epistolae
3301 5640 3756 5758 cotholicot'flm

400 5736 494 5830 cme
524 5773 774 5828 libenter
802 5790 847 5841 e_
874 5736 1115 5827 tristitia
1138 5736 1395 5826 morosa:
1408 5770 1811 5845 occupationis
1832 5770 1892 5825 in
1931 5787 2047 5827 non
2157 5776 2344 5846 ipsum
2365 5736 2492 5832 ante
2518 5775 2879 5833 collationem
2904 5736 3153 5848 scripise.
3184 5778 3294 5833 Nec
3345 5775 3525 5826 tamen
3571 5749 3627 5808 ίπ
3672 5736 3755 5803 ul“

2146 4329 2257 4422 ipsi
2293 4366 2410 4404 non
2443 4352 2731 4420 poterant,
2755 4347 3041 4420 delegatis
3072 4364 3104 4403 a
3126 4364 3190 4403 se
3217 4372 3230 4415 ;
3258 4347 3415 4420 quod
3442 4345 3498 4399 in
3526 4329 3760 4396 recentio-

2148 4440 2313 4494 ribus
2331 4435 2865 4508 quoqueconciliis,
2908 4440 3050 4508 puta
3079 4436 3444 4500 Tridentino,
3503 4425 3756 4485 servatum
