4072 6398
265 420 409 485 1113

1864 432 2095 488 NOTB.

3545 430 3718 488 1114“

266 553 569 609 collatione
604 552 816 625 judicis
873 552 1202 626 simpliciter
1246 555 1341 610 sed
1386 556 1685 625 cognitoris
1725 570 1926 611 nomen
1955 557 2010 623 Α
2040 557 2100 613 in
2133 558 2281 613 serie
2311 557 2780 630 patriarcharum
2814 557 3171 614 Graecorum.
3197 557 3336 613 Eam
3360 560 3688 613 Germanus

262 660 386 716 prae
410 660 470 701 se
497 645 648 701 tulit.
690 647 771 701 Ita
802 645 954 702 enim
985 648 1282 702 nominare
1310 648 1587 702 consuevit
1616 647 1928 717 antiquitas

261 734 487 804 judice:
526 735 847 799 saeculares,
884 751 1115 806 quorum
1157 736 1394 791 arbitrio
1443 744 1641 791 cuncta
1670 735 1926 805 dispone-

266 828 486 891 rentur,
517 822 612 879 sed
633 825 715 878 ita
746 828 806 878 ut
832 826 1109 894 integrum
1140 826 1411 879 indicium
1442 827 1707 896 episcopis
1755 825 1924 879 relin-

265 916 518 983 querent,
549 928 651 968 nec
679 913 896 983 aliquid
924 913 1030 984 ipsi
1062 916 1175 969 sibi
1205 919 1539 985 usurparent
1559 915 1673 968 nisi
1692 914 1835 985 quod
1857 913 1927 968 ad

261 1016 456 1073 pacem
487 1017 553 1056 ac
601 1003 851 1072 quietum
901 1018 1254 1073 congressum
1284 1005 1605 1072 pertineret,
1656 1007 1818 1073 utque
1866 1004 1927 1056 in

264 1091 518 1146 omnibus
562 1102 729 1161 pacta
777 1096 1042 1147 conventa
1095 1100 1573 1157 conservarentur,
1624 1092 1680 1145 in
1723 1090 1923 1162 quibus

263 1180 375 1235 rite
406 1181 735 1236 ordinandis
781 1182 959 1237 eidem
1004 1181 1417 1254 interloquendi
1459 1184 1696 1253 facultas
1742 1184 1923 1243 esset;

262 1274 427 1341 atque
479 1270 695 1326 demum
726 1272 883 1342 cujus
926 1272 1258 1328 alterutrius
1300 1274 1479 1343 partis
1526 1271 1750 1340 potiora
1793 1273 1923 1341 jura

261 1367 461 1427 essent,
494 1376 564 1415 ex
592 1376 748 1431 aequo
772 1362 1138 1431 pronuntiare
1167 1362 1451 1417 deberent.
1490 1363 1555 1418 Ut
1586 1363 1659 1416 de
1689 1360 1775 1415 his
1805 1376 1921 1415 om-

263 1447 437 1504 nibus
466 1458 680 1505 constat
710 1465 832 1504 cum
861 1466 934 1505 ea:
957 1450 1094 1521 ipsis
1126 1450 1262 1505 actis
1276 1449 1563 1522 prwsentis
1583 1448 1924 1518 collationis,

260 1540 383 1592 tum
414 1552 487 1593 ea:
530 1540 670 1593 aliis
718 1539 1063 1594 diversarum
1111 1539 1465 1609 synodorum,
1515 1556 1578 1594 ac
1613 1540 1926 1611 praesertim

259 1626 739 1684 Ecumenicarum
807 1630 997 1699 gestis.
1071 1630 1155 1683 Ita
1202 1629 1487 1683 Baronius
1531 1629 1685 1700 apud
1750 1643 1923 1683 suum

263 1717 732 1787 epitomatorem.
768 1718 847 1772 Ex
877 1718 1095 1789 quibus
1126 1718 1312 1773 cuivis
1346 1734 1474 1773 esse
1498 1718 1737 1789 planum
1771 1723 1926 1789 pote-

260 1807 343 1860 rit
374 1807 665 1879 qualenus
696 1824 758 1863 se
788 1810 1064 1864 extendat
1096 1807 1216 1863 haec
1243 1805 1433 1877 ἐπιστη
1446 1806 1739 1882 μοναρχία,
1766 1808 1925 1879 prin-

262 1911 403 1967 ceps
426 1896 682 1968 cognitio
721 1913 912 1952 rerum
949 1897 1481 1953 ecclesiasticarum
1514 1898 1680 1953 laicis
1711 1897 1925 1969 princi-
1955 1929 2003 1993 B

2033 646 2591 717 Adrianopolitanus
2633 647 2917 703 successit
2954 647 3218 711 Arsenio,
3258 645 3536 702 Arsenius
3565 649 3688 701 Ma-

2034 735 2217 803 nueli,
2249 736 2480 791 Mauuel
2524 736 2841 799 Methodio,
2866 735 3199 790 Methodius
3218 734 3508 790 Germano
3533 734 3688 790 Nau-

2036 824 2173 894 plio.
2207 825 2374 880 Hunc
2408 826 2603 894 potius
2636 830 2701 879 ut
2731 824 2824 879 hic
2856 824 3022 879 innui
3057 828 3257 895 putem
3291 839 3465 894 quam
3502 822 3687 877 alium

2036 913 2204 983 longe
2219 914 2633 984 antiquiorem,
2655 922 2923 968 sanctum
2940 913 3300 968 Germanum
3315 912 3553 982 scriptis
3568 911 3686 966 edi-

2036 1002 2111 1056 tis
2132 1006 2379 1068 motum,
2408 1002 2505 1073 qui
2531 1020 2685 1058 anno
2705 1002 3039 1059 Cbristi7l4
3061 1001 3182 1057 Kal.
3212 1002 3459 1073 Augusti
3479 999 3685 1055 Joanui

2034 1092 2681 1164 Constantinopolitano
2732 1091 3075 1164 patriarcha:
3125 1090 3427 1155 successit,
3480 1090 3690 1145 suadet

2033 1181 2379 1251 adjunctum
2428 1179 2752 1255 μακαρίτης,
2794 1182 2948 1252 quod
2982 1182 3053 1236 de
3092 1180 3341 1236 mortuis
3370 1196 3482 1235 non
3519 1184 3685 1235 vetu-

2035 1269 2310 1325 stissimae
2346 1272 2641 1325 memorias
2673 1289 2706 1325 a
2737 1271 2955 1327 Graecis
2980 1272 3325 1341 usurpatur.

2106 1360 2166 1414 P.
2191 1359 2317 1414 296.
2350 1359 2442 1427 Μὴ
2477 1356 2610 1433 ἅψῃ,
2639 1360 2714 1431 μὴ
2750 1356 2921 1433 θίγῃς.
2947 1359 3140 1415 Verba
3161 1362 3300 1415 sunt
3321 1375 3387 1414 ex
3420 1358 3477 1415 S.
3501 1358 3685 1414 Paulo

2034 1449 2106 1504 ad
2139 1447 2358 1505 Coloss.
2412 1467 2460 1504 c.
2497 1467 2557 1519 Π,
2589 1468 2642 1505 ν.
2691 1453 2781 1515 21,
2816 1466 2943 1521 quas
2989 1448 3170 1505 Grazci
3204 1448 3574 1520 usurpabant
3622 1447 3683 1502 in

2035 1536 2445 1594 occasionibus
2476 1540 2810 1595 aversanda:
2832 1537 3269 1594 communionis
3300 1554 3503 1593 eorum
3535 1553 3682 1608 quos

2034 1626 2419 1683 heterodoxos
2487 1632 2590 1683 aut
2627 1628 3037 1684 schismaticos
3101 1628 3405 1699 putabant.
3455 1627 3681 1696 Saepius

2036 1721 2402 1788 usurpentur
2444 1718 2503 1773 in
2538 1717 2644 1773 hac
2694 1718 2972 1785 historia;
3006 1717 3078 1772 de
3119 1734 3236 1787 quo
3265 1715 3444 1771 semel
3475 1716 3681 1772 admo-

2035 1807 2239 1861 nuisse
2265 1806 2411 1862 satis
2444 1808 2631 1862 visum
2666 1812 2775 1863 est.

2107 1900 2169 1950 P.
2202 1895 2327 1951 304.
2360 1895 2468 1951 Illa
2498 1896 2695 1952 Graeca
2724 1896 2898 1950 verba
2927 1894 3025 1948 ὅσα
3053 1891 3143 1949 καὶ
3173 1891 3433 1967 ἀσφαλῶς
3466 1890 3683 1962 ἀποφή-

264 1985 445 2056 pibus
475 2002 753 2041 concessa
783 2003 885 2059 per
905 2002 1161 2043 canones
1194 1991 1249 2041 et
1280 1987 1599 2059 antiquum
1629 2003 1822 2057 usum,
1851 1987 1922 2041 de
1956 1982 2000 1993 “’
2029 1984 2240 2055 vacem,
2284 2000 2409 2056 quae
2437 2001 2628 2041 secure
2657 1985 3092 2052 ostenderentur,
3142 1989 3443 2054 utcunque
3476 1982 3682 2038 Latina

265 2088 387 2145 qua
419 2073 512 2130 hic
542 2075 781 2131 mentio.

340 2183 397 2237 P.
446 2183 571 2237 272.
609 2183 712 2239 Cui
737 2200 795 2239 se
826 2186 1009 2252 ipsum
1055 2202 1227 2240 manu
1276 2187 1506 2259 propria
1554 2184 1923 2241 Athanasium

257 2272 647 2343 inscripserat.
681 2274 1042 2330 Athanasius
1070 2290 1283 2330 nomen
1312 2279 1436 2330 erat
1458 2276 1613 2347 quod
1637 2274 1921 2330 Androni-

256 2376 368 2415 cus
394 2360 505 2415 iste
536 2361 849 2418 Sardensis
871 2364 1185 2435 episcopus
1212 2368 1638 2437 assumpserat,
1677 2381 1808 2420 cum
1828 2365 1922 2419 ab-

258 2450 455 2506 dicato
500 2450 842 2524 episcopatu
878 2454 1270 2508 monasticum
1308 2454 1575 2509 habitum
1628 2454 1921 2523 induerat,

259 2544 440 2610 prout
471 2540 745 2612 superius
797 2547 1099 2597 narratum
1144 2546 1232 2596 cst
1279 2561 1328 2597 c.
1379 2543 1510 2597 181.
1561 2561 1599 2598 ιι
1655 2543 1827 2598 Porro
1871 2542 1922 2597 is

260 2634 601 2701 speraverat
628 2629 753 2684 ﬁeri
788 2647 957 2702 posse
981 2634 1067 2697 ut,
1100 2649 1218 2687 suae
1238 2631 1409 2686 istius
1435 2633 1771 2688 monasticae
1791 2648 1921 2704 pro-

262 2717 542 2774 fessionis
597 2718 820 2774 abolita
870 2720 1171 2786 memoria,
1221 2721 1280 2775 in
1323 2726 1557 2788 coetum,
1612 2726 1676 2776 ut
1716 2721 1922 2793 prius,

260 2808 608 2880 episcopum
661 2808 1075 2865 admitteretur
1131 2826 1143 2864 :
1200 2826 1303 2865 nec
1368 2811 1524 2864 enim
1578 2814 1702 2865 erat
1758 2809 1924 2865 facile

261 2912 386 2952 rem
420 2898 530 2952 sub
564 2896 765 2968 paucis
784 2902 971 2952 actam
997 2900 1245 2952 testibus
1270 2898 1535 2970 probare.
1561 2898 1772 2953 Verum
1798 2915 1926 2970 pro-

268 2983 390 3040 lata
414 2985 662 3058 epistola
692 3003 871 3057 quam
905 2987 1094 3058 ipsius
1135 3003 1263 3043 esse
1299 2992 1438 3043 nota
1470 3004 1683 3042 manus
1716 2988 1924 3059 prode-

272 3079 381 3139 ret,
436 3077 603 3147 cujus
655 3076 809 3132 052
874 3076 935 3131 in
985 3076 1157 3131 titulo
1217 3093 1378 3131 more
1434 3077 1680 3148 antiquo
1746 3094 1922 3133 suum

268 3164 657 3239 praescribens
680 3181 895 3220 nomen
927 3165 1317 3221 Athanasium
1341 3183 1402 3221 se
1428 3165 1554 3238 ipse
1577 3183 1680 3237 pro
1704 3168 1924 3222 Andro-

260 3254 398 3308 niCo
428 3258 757 3322 vocaverat,
779 3258 1196 3327 argumentum
1222 3255 1279 3310 id
1304 3255 1703 3327 irret‘ragabile
1733 3255 1922 3311 visum

260 3343 656 3399 monachatus
688 3343 1028 3410 Andronici,
1061 3343 1150 3399 cui
1189 3361 1291 3400 nec
1323 3343 1449 3415 ipse
1482 3344 1583 3417 qui
1614 3345 1663 3400 ei
1698 3346 1927 3401 favebat

254 3432 597 3505 patriarcha
616 3432 888 3488 resistere
911 3450 1115 3500 ausus,
1140 3438 1415 3489 conatum
1440 3433 1926 3505 remisitjuvandi

255 3523 413 3592 ejus,
448 3522 547 3593 qui
578 3539 686 3577 sua
711 3538 773 3577 se
804 3520 934 3593 ipsa
965 3523 1259 3594 scriptura
1287 3523 1671 3578 convinceret.

338 3632 401 3683 P.
449 3629 575 3684 281.
627 3628 871 3684 Sinistra
915 3628 981 3685 de
1031 3628 1300 3685 Germano
1349 3630 1576 3686 iudicia.
1628 3634 1749 3685 Hoc
1797 3630 1923 3687 loco

256 3719 653 3791 Pacbymeres
698 3718 849 3775 inter
880 3720 1318 3775 enumerandas
1364 3721 1479 3775 odii
1514 3719 1818 3792 popularis
1861 3720 1924 3777 in

258 3804 624 3864 Germanum
654 3825 866 3864 causas
882 3824 1061 3863 unam
1085 3825 1151 3864 ex
1176 3808 1485 3880 prmoipuis
1508 3808 1745 3877 omittit,
1764 3809 1921 3881 quod

258 3898 394 3971 paci
420 3895 814 3953 Ecclesiarum
838 3897 1122 3965 studeret,
1147 3898 1302 3953 unde
1326 3898 1697 3969 postmodum
1721 3898 1791 3952 ab
1814 3898 1924 3953 im-

258 3990 534 4058 peratore
579 3986 827 4041 Romam
870 3986 1101 4058 legatus
1149 3986 1447 4058 negotium
1491 3984 1922 4057 concordiaejbi

260 4074 538 4144 confecit,
585 4079 760 4146 prout
814 4075 1024 4131 Noster
1064 4080 1263 4131 narrat
1330 4093 1385 4147 p.
1432 4075 1557 4131 384.
1612 4078 1801 4141 Quare
1848 4075 1918 4130 ad

256 4165 375 4220 hoc
398 4169 582 4220 totum
603 4164 1034 4220 conciliationis
1049 4165 1322 4222 Ecclesiae
1342 4170 1548 4221 Gracia
1567 4182 1702 4221 cum
1719 4166 1924 4222 Latina

256 4254 567 4324 negotium
601 4253 687 4309 vel
720 4253 1045 4325 plurimum
1068 4254 1195 4326 ipse
1222 4255 1487 4310 contulit.
1520 4254 1602 4327 [P.
1627 4256 1751 4327 457]
1775 4255 1921 4311 Nam

256 4347 325 4398 et
354 4342 415 4398 in
440 4342 687 4398 concilio
732 4344 1106 4415 Lugdunensi
1131 4345 1486 4417 comparuit,
1510 4348 1575 4401 ut
1596 4345 1657 4399 in
1681 4345 1807 4415 ejus
1828 4361 1924 4400 sa-

257 4449 376 4489 cras
419 4431 794 4487 mcumenicae
827 4433 1034 4505 synodi
1091 4434 1245 4490 Actis
1299 4439 1541 4490 notatur
1587 4451 1713 4491 sess
1744 4439 1923 4491 Porro

258 4526 581 4594 antequam
633 4522 703 4576 ad
748 4521 868 4576 haec
921 4522 1322 4590 adhiberetur,
1368 4524 1706 4579 observerat
1754 4524 1922 4581 vide-

254 4610 399 4667 licet
422 4611 745 4683 imperator
770 4609 1225 4682 propensionem
1257 4613 1385 4683 ejus
1415 4614 1485 4667 ad
1523 4612 1781 4681 Latinos,
1813 4615 1921 4669 ob-

259 4705 643 4757 servaverant
694 4704 751 4755 et
784 4699 905 4768 alii,
958 4699 1058 4771 qui
1110 4701 1330 4756 addicti
1381 4702 1687 4758 schismati
1739 4704 1811 4758 ob
1862 4703 1920 4757 id

258 4791 461 4862 ipsum
495 4807 627 4845 cum
659 4788 917 4860 pessime
940 4789 1185 4844 oderant
1208 4794 1263 4845 et
1293 4790 1481 4846 eidem
1508 4795 1712 4863 postea
1740 4792 1927 4862 impu-

258 4884 470 4936 tarunt
490 4878 778 4950 quidquid
812 4878 870 4933 in
896 4877 1004 4934 hoc
1028 4895 1235 4949 genere
1255 4885 1457 4935 contra
1497 4897 1699 4937 eorum
1722 4885 1920 4936 votum

258 4970 531 5041 contigit.
561 4971 905 5037 Anonymus
936 4968 1216 5040 ineditus,
1255 4971 1423 5040 cujus
1456 4971 1788 5041 exemplum
1823 4987 1921 5027 ex-

256 5062 384 5115 stat
415 5058 566 5130 apud
595 5057 680 5111 ill.
739 5056 1026 5112 Allatium
1060 5058 1118 5111 in
1153 5074 1327 5129 opere
1358 5060 1433 5114 De
1459 5060 1922 5116 translationibus

253 5149 667 5219 episcoporum,
723 5145 938 5217 spiritu
999 5146 1374 5203 schismatico
1435 5152 1738 5217 aestuans,
1802 5149 1921 5205 haec

253 5237 500 5295 scribit:
540 5235 601 5291 Ὁ
626 5232 1137 5309 Ἀδριανουπὸλεως
1185 5236 1481 5311 Γερμανός,
1523 5238 1549 5290 ὁ
1600 5238 1919 5308 ἐπικληθεὶς

254 5325 669 5400 Μαλχουτζᾶς,
728 5325 788 5386 ὃς
846 5324 934 5377 καὶ
997 5323 1341 5402 λατινὸφρων
1396 5326 1583 5403 γέγονε
1637 5326 1725 5381 καὶ
1782 5327 1923 5381 κατὰ

251 5420 369 5474 τῶν
418 5409 652 5470 εὐσεϐῶν
693 5410 935 5485 διωγμὸν
990 5412 1207 5485 ἐκίνησε
1259 5416 1447 5490 μέγαν.
1494 5417 1920 5490 Adrian0poleos

258 5508 586 5573 Germanus,
627 5509 994 5576 cognomento
1045 5504 1402 5577 Malchulzas,
1433 5509 1529 5579 qui
1557 5511 1608 5562 et
1636 5524 1761 5563 cum
1808 5508 1917 5563 La-

255 5596 404 5657 tinis
446 5593 619 5652 sensit
649 5595 698 5649 el
723 5599 924 5649 contra
948 5596 1071 5665 pios
1110 5598 1316 5667 (immo
1349 5596 1563 5668 impios
1585 5596 1921 5653 schismati-

256 5690 390 5754 cos)
418 5686 858 5758 persecutionem
887 5687 1056 5739 movit
1086 5701 1362 5756 magnam.

339 5776 401 5834 Ρ.
429 5776 538 5833 282
585 5772 851 5834 Germani
896 5772 1151 5831 alterius.
1187 5774 1315 5832 Fuit
1358 5775 1454 5833 hic
1483 5780 1639 5833 retro
1672 5775 1919 5847 quintus

2032 2075 2283 2130 reddens
2327 2076 2624 2147 expressi:
2657 2080 2821 2130 erant
2868 2074 3022 2130 enim
3053 2074 3111 2128 in
3161 2081 3409 2144 utroque
3456 2073 3678 2142 optimo

2032 2165 2252 2236 codice,
2298 2165 2435 2222 licet
2465 2183 2532 2221 ea
2562 2166 2903 2233 Vaticanus,
2938 2170 3003 2220 ut
3045 2164 3319 2236 pleraque
3351 2180 3467 2218 non
3502 2161 3678 2218 intel—

2032 2252 2185 2309 lecta
2214 2255 2349 2322 sibi,
2393 2254 2654 2310 transiit.
2686 2255 2968 2310 Caeterum
3001 2254 3182 2310 fateor
3214 2270 3305 2308 me
3331 2252 3489 2309 haud
3530 2251 3680 2307 satis

2034 2344 2330 2417 percipere
2360 2344 2500 2416 quid
2521 2343 2724 2400 velint.
2756 2343 2878 2399 Nisi
2909 2342 3051 2399 forte
3083 2342 3417 2414 significent
3442 2341 3680 2398 Germa-

2034 2450 2175 2488 num
2230 2432 2550 2488 liberaliter
2587 2432 2790 2505 largiri
2853 2432 3093 2488 solitum
3135 2431 3445 2503 egentibus
3494 2447 3561 2487 ex
3608 2430 3681 2485 iis

2036 2538 2165 2593 quas
2212 2523 2270 2577 in
2304 2539 2511 2578 manus
2550 2525 2606 2578 et
2638 2527 2987 2593 potestatem
3034 2523 3161 2591 ejus
3191 2521 3523 2587 veniebant,
3566 2518 3682 2574 nisi

2032 2611 2173 2667 talia
2205 2616 2403 2667 essent
2435 2628 2561 2683 quae
2596 2610 2968 2683 pecularibus
2994 2627 3062 2665 ex
3093 2610 3290 2665 causis
3319 2610 3571 2665 donasse
3595 2609 3682 2663 in-

2031 2701 2325 2757 vidiosum
2360 2705 2536 2757 esset.
2569 2702 2717 2756 Puta
2738 2701 2787 2754 si
2820 2717 2951 2755 cum
2974 2699 3096 2771 ipse
3117 2699 3430 2771 episcopus
3462 2702 3563 2753 aut
3586 2714 3683 2769 pa-

2031 2792 2291 2847 triarcha
2321 2792 2449 2857 fuit,
2481 2808 2550 2847 ex
2582 2791 2982 2847 oblationibus
3004 2790 3075 2845 ad
3106 2806 3168 2844 se
3198 2788 3408 2845 delatis
3426 2805 3495 2843 ea
3516 2789 3684 2843 daret

2034 2882 2435 2938 consumenda
2467 2882 2621 2938 653
2672 2881 3057 2953 pauperibus,
3098 2896 3223 2949 quae
3275 2878 3374 2950 qui
3404 2877 3683 2933 olIerrent

2035 2971 2290 3041 appendi
2320 2970 2497 3026 tholis
2531 2970 2716 3026 sacris
2749 2975 2850 3025 aut
2879 2970 2937 3024 in
2970 2969 3251 3025 thesauro
3283 2966 3685 3023 ecclesiastico

2037 3061 2259 3116 servari
2287 3060 2636 3128 voluissent,
2670 3059 2917 3117 moleste
2946 3058 3121 3115 laturi
3154 3059 3203 3115 si
3235 3076 3302 3115 ea
3334 3057 3442 3114 teri
3482 3057 3673 3113 mani-

2034 3150 2147 3206 bus
2178 3155 2234 3205 et
2262 3150 2528 3207 consumi
2565 3167 2677 3206 usu
2707 3153 3005 3222 egentium
3036 3148 3326 3205 viderent.

2107 3242 2168 3293 P.
2204 3240 2327 3295 311.
2364 3235 2767 3312 Μαρυανὸηνοῢ
2828 3239 3199 3313 θρηνητῆρος.
3241 3237 3531 3294 Alludunt
3560 3236 3683 3292 haec

2037 3328 2311 3401 adagium
2346 3334 2533 3398 vetus,
2563 3331 2734 3400 cujus
2766 3329 2983 3384 mentio
3006 3329 3071 3383 ﬁt
3099 3344 3268 3383 versu
3300 3327 3407 3381 686
3422 3330 3681 3381 Str-oma-

2038 3417 2111 3473 tei
2137 3418 2578 3489 proverbiorum
2601 3418 2980 3490 antiquorum
3003 3419 3157 3489 apud
3181 3417 3468 3471 Andream
3484 3415 3682 3471 Schot-

2032 3511 2158 3563 tum
2192 3513 2462 3563 nostrum
2504 3508 2563 3562 in
2595 3507 2934 3563 collectione
2984 3507 3315 3562 Graecorum
3363 3502 3681 3560 Parmmia-

2034 3602 2284 3653 starum.
2318 3597 2537 3654 Versus
2568 3596 2687 3653 illic
2717 3598 2800 3653 sic
2832 3601 3038 3653 sonat:

2283 3752 2690 3831 Μαρυανδηνῶν
2736 3756 2985 3829 μέμνησο
3026 3753 3430 3832 θρηνητηρίων.

2104 3900 2279 3972 Origo
2312 3900 2457 3956 forte
2489 3902 2679 3973 adagii
2714 3901 2823 3956 fuit
2852 3902 3007 3973 quod
3032 3902 3188 3974 apud
3221 3901 3380 3956 illam
3415 3900 3681 3970 Maryan'

2032 3990 2318 4045 denorum
2344 3996 2575 4060 gentem
2597 3990 2803 4045 funera
2823 3991 3200 4046 ambitiosius
3224 3991 3678 4059 celebrarentur,

2031 4078 2413 4134 maestissimo
2443 4082 2640 4145 cantu,
2671 4078 2835 4134 tibiis
2865 4084 2923 4135 et
2952 4079 3009 4133 id
3035 4095 3222 4149 genus
3249 4079 3486 4151 organis
3509 4079 3683 4134 adhi-

2032 4168 2191 4223 bilis.
2240 4167 2403 4223 Unde
2449 4168 2509 4222 in
2564 4168 2937 4239 proverbium
2990 4168 3245 4222 abierint
3289 4162 3684 4241 Μαρυανδηνὸς

2034 4256 2317 4329 θρηνητήρ
2351 4261 2407 4313 et
2434 4251 2796 4331 Μαρυανδηνὰ
2834 4257 3198 4330 θρηνητήρια.

2104 4349 2186 4400 Ρ.
2232 4346 2358 4402 313.
2407 4345 2707 4402 Athanasio
2755 4346 2978 4401 Audita.
3034 4346 3270 4403 Dixerat
3325 4345 3498 4418 paulo
3548 4352 3685 4403 ante

2033 4435 2188 4491 hunc
2228 4434 2907 4503 fuisseiAlexandrinum
2941 4434 3356 4507 patriarcham.
3391 4434 3494 4491 Hic
3523 4435 3687 4491 vide-

2031 4528 2128 4579 tur
2157 4523 2527 4579 successione
2557 4523 2820 4593 Nicolao,
2852 4524 3024 4595 cujus
3057 4525 3274 4579 mentio
3300 4528 3389 4579 est
3418 4522 3550 4578 libri
3579 4524 3683 4579 hu-

2024 4615 2127 4686 .lus
2160 4631 2210 4670 c.
2241 4614 2295 4667 9.
2329 4615 2409 4669 Ex
2440 4615 2621 4684 hujus
2660 4614 2874 4686 capitis
2903 4614 3095 4670 verbis
3144 4613 3431 4670 habemus
3462 4614 3683 4686 Pachy-

2034 4704 2181 4759 meri
2238 4699 2543 4776 σύγχρονον
2596 4707 2653 4758 et
2712 4702 3062 4758 familiarem
3123 4702 3304 4758 fuisse
3362 4703 3679 4773 quemdam

2031 4792 2423 4848 Athanasium
2457 4792 2850 4864 patriarcham
2880 4792 3339 4848 Alexandrinum
3372 4836 3388 4862 ,
3422 4792 3521 4863 qui
3554 4807 3684 4847 sine

2035 4881 2214 4937 dubio
2249 4882 2299 4937 is
2350 4881 2526 4937 fuerit
2558 4882 2729 4952 cujus
2762 4881 2995 4937 hortatu
3029 4898 3091 4938 se
3141 4881 3525 4954 Pachymeres
3556 4880 3683 4951 ipse

2034 4972 2358 5042 proﬁtetur,
2394 4971 2451 5027 in
2500 4970 2674 5026 titulo
2708 4971 3085 5043 paraphrasis
3131 4988 3249 5026 suae
3282 4971 3352 5026 ad
3401 4970 3682 5042 epistolas

2033 5059 2292 5132 Dionysii
2314 5054 2697 5132 Areopagitae.
2728 5059 2812 5132 [P.
2843 5061 2989 5130 458],
3010 5077 3158 5132 opus
3181 5059 3323 5115 illud
3350 5075 3680 5133 egressum.

2035 5148 2149 5205 Hoc
2200 5149 2329 5205 ideo
2362 5149 2587 5218 monui,
2638 5150 2773 5221 quia
2830 5151 2996 5205 video
3044 5159 3307 5205 nostrum
3356 5150 3677 5207 Antonium

2029 5238 2411 5295 Possevinum
2435 5239 2771 5309 putasseibi
2801 5240 3093 5295 nominari
3119 5257 3399 5313 magnum
3423 5242 3680 5297 Athana-

2030 5328 2221 5397 sium;
2256 5329 2325 5382 de
2359 5344 2473 5398 quo
2506 5328 2553 5381 si
2587 5333 2877 5400 ageretur,
2903 5329 3309 5399 rectejuberet
3330 5330 3681 5387 Possevinus

2031 5417 2213 5474 deleri
2245 5417 2405 5474 illam
2447 5417 2890 5489 inscriptionem
2925 5423 2991 5474 ut
3016 5420 3383 5475 mendacem.

2102 5512 2160 5563 P.
2189 5508 2315 5565 314.
2362 5507 2419 5563 Si
2454 5506 2561 5562 hoc
2611 5507 2803 5579 capite
2834 5512 2891 5564 et
2937 5507 3076 5564 alibi
3127 5509 3236 5565 hoc
3286 5508 3435 5566 libro
3485 5494 3682 5567 noster

2027 5595 2348 5653 historicus
2379 5613 2589 5669 parum
2622 5602 2954 5654 reverenter
2976 5597 3241 5672 loquitur
3267 5599 3338 5656 de
3369 5594 3675 5656 monaCbis

2025 5688 2263 5755 Graecis,
2297 5686 2588 5743 offendere
2631 5686 2986 5744 catholicum
3029 5689 3301 5746 lectorem
3332 5706 3450 5746 non
3482 5690 3675 5757 debet,
3726 5676 3729 5679 γ

2027 5794 2164 5836 cum
2190 5779 2232 5835 ii
2261 5778 2529 5851 plerique
2559 5775 2925 5836 schismatici
2953 5780 3175 5839 fuerint
3201 5783 3260 5837 et
3277 5779 3552 5838 Romanis
3577 5783 3677 5840 Ec-
