4072 6388
446 368 584 425 1115

1493 381 1554 431 Ρ.
1598 380 1874 434 POSSINI
1911 378 2520 438 OBSERVATIONUM
2560 385 2695 438 LIB.
2735 387 2808 439 II.

3696 392 3805 449 1116

447 494 638 551 οιθεὶω
673 495 997 569 Latinoque
1028 499 1251 555 nomini
1274 500 1690 568 infensissimi,
1722 520 1870 573 quos
1902 503 2095 574 potius
2126 506 2178 571 Α
2209 504 2345 575 ejus.
2379 507 2668 579 Respondit
2687 509 2784 565 ille
2812 510 3155 581 imperatori,
3179 532 3207 560 «
3229 511 3344 568 Non
3371 530 3610 585 agnosco.
3635 516 3809 588 Siquid

445 601 479 639 a
510 584 710 641 Graeco
761 590 817 640 et
859 586 1236 644 schismaticJ
1284 590 1567 662 scriptore
1613 596 1679 647 ut
1726 592 2100 648 turbulentos

448 678 506 727 et
539 681 918 731 contumaces
960 678 1209 744 traduci,
1249 695 1351 749 pro
1384 680 1721 736 testimonio
1770 698 1959 736 causa:
2000 698 2096 735 or-

448 764 713 819 thodoxre
756 766 983 821 favente
1007 768 1413 838 accipiendum
1447 774 1554 824 est.

518 894 582 945 P.
652 892 773 945 316.
842 892 1071 960 Georgio
1133 896 1493 964 Acropolitae.
1559 896 1854 951 Habemus
1914 897 2094 965 hujus

447 981 831 1035 eruditissimi
850 982 955 1035 viri
982 982 1285 1037 historiam
1311 990 1364 1039 et
1396 985 1711 1040 chronicon
1737 1003 1751 1052 ;
1782 986 2003 1041 scimus
2027 1002 2095 1042 ex

446 1069 577 1123 aliis
609 1070 795 1123 multa
823 1072 892 1125 de
925 1073 1052 1141 ejus
1083 1073 1202 1127 vita
1232 1081 1286 1127 et
1318 1075 1491 1129 rebus
1523 1075 1725 1145 gestis,
1759 1092 1863 1129 nec
1897 1080 2091 1130 tamen

446 1158 675 1228 uspiam
719 1160 1049 1215 invenimus
1093 1160 1366 1217 idoneum
1421 1164 1872 1219 fundamentum
1922 1163 2090 1220 illum

442 1246 861 1304 insimulandis
891 1249 1131 1305 laxioris
1176 1252 1569 1307 conscientiae.
1605 1256 1793 1318 Quare
1825 1254 2095 1325 suspicor

442 1352 508 1391 ex
540 1338 673 1393 odio
705 1338 762 1393 in
796 1356 931 1394 cum
982 1340 1498 1397 schismaticorum
1547 1343 1698 1397 hanc
1730 1342 2088 1398 calumniam

443 1432 662 1481 natam.
692 1428 835 1483 Cum
869 1430 1026 1484 enim
1059 1430 1155 1485 ille
1182 1430 1356 1487 homo
1390 1434 1758 1503 pereruditus
1774 1437 1830 1487 et
1862 1432 2001 1487 recti
2026 1448 2092 1487 ac

446 1515 615 1571 liberi
651 1518 865 1588 judicii
897 1535 965 1573 ex
994 1520 1243 1576 lectione
1283 1521 1519 1576 Patrum
1564 1526 1848 1588 veterum,
1904 1522 1987 1576 uti
2035 1527 2089 1577 et

440 1605 686 1675 Vaccus,
719 1609 1059 1679 agnovisset
1089 1625 1326 1665 causam
1372 1610 1735 1679 Latinorum,
1766 1627 1914 1682 quos
1963 1611 2089 1666 sine

442 1712 621 1751 causa
654 1698 745 1751 Sui
793 1698 973 1752 Grtpci
1006 1705 1436 1767 aversarentur,
1470 1701 1782 1769 justiorem
1816 1716 1966 1767 esse,
2002 1701 2085 1756 uti

439 1786 496 1837 et
517 1784 691 1838 ﬁdem
716 1785 869 1839 circa
890 1786 1105 1857 dogma
1127 1788 1195 1841 de
1220 1789 1404 1842 sancti
1439 1788 1690 1859 Spiritus
1710 1806 1778 1844 ex
1813 1789 1973 1844 Patre
1996 1789 2085 1843 Fi-

448 1870 646 1942 lioque
692 1874 1061 1944 processione
1098 1876 1521 1942 orthodoxum,
1572 1882 1731 1932 totus
1776 1878 2090 1946 exganimo
2123 1893 2169 1957 Β

440 1959 741 2016 incubruit
773 1963 829 2017 in
866 1966 1163 2033 negotium
1196 1966 1575 2020 conﬁciendae
1608 1968 1767 2037 pacis
1800 1966 2083 2021 Ecclesia-

442 2067 598 2117 rum,
651 2052 883 2107 ﬁdelem
917 2054 976 2107 in
1010 2070 1076 2108 eo
1109 2071 1173 2108 ac
1201 2071 1315 2109 non
1352 2072 1561 2126 parum
1598 2055 1800 2110 utilem
1849 2073 2085 2126 operam

443 2139 789 2211 imperatori
822 2160 1061 2198 navans.
1098 2143 1205 2207 Qui
1238 2149 1296 2198 et
1324 2145 1380 2198 in
1416 2143 1665 2199 solemni
1696 2144 1981 2215 legatione
2015 2147 2086 2200 ad

431 2229 775 2302 Gregorium
797 2232 842 2287 X
865 2250 1077 2305 papam
1102 2250 1235 2289 eum
1261 2235 1413 2290 inter
1430 2234 1737 2290 saeculares
1762 2235 2086 2307 principem

439 2318 621 2389 misit,
669 2326 733 2376 ut
762 2322 1146 2394 Pachyrneres
1197 2324 1386 2389 docet,
1422 2341 1479 2395 p.
1534 2325 1658 2389 384,
1706 2328 1764 2379 et
1812 2325 2085 2379 eumdem

437 2424 571 2463 cum
596 2425 662 2464 ex
695 2412 1031 2481 patriarcha
1063 2415 1351 2468 Germano
1382 2429 1719 2485 comparere
1747 2414 1870 2468 vice
1901 2415 1991 2469 sui
2025 2414 2083 2469 in

438 2498 817 2569 Lugdunensi
867 2502 1112 2557 concilio
1137 2502 1347 2569 voluit,
1383 2508 1447 2558 ut
1477 2519 1545 2557 ex
1590 2503 1751 2557 Actis
1783 2503 1910 2573 ejus
1944 2519 2084 2557 con-

430 2587 548 2641 cilii
581 2604 729 2644 sess.
764 2590 795 2643 4
826 2596 1078 2647 constat.
1104 2591 1252 2647 Hinc
1282 2592 1554 2647 videlicet
1582 2609 1791 2647 exosus
1815 2592 1908 2646 hic
1927 2591 2081 2647 schi-

432 2678 695 2733 smaticis
728 2696 843 2734 non
877 2682 1049 2736 modo
1072 2680 1465 2736 contumelias
1498 2682 1569 2736 ab
1594 2681 1686 2747 iis,
1708 2682 1806 2736 sed
1825 2681 2079 2736 vexatio-

434 2782 538 2819 nes
569 2766 743 2822 etiam
788 2770 1174 2841 gravissimas
1203 2775 1293 2825 est
1338 2788 1571 2841 passus,
1606 2775 1738 2841 post
1780 2770 2079 2825 Michaelis

429 2854 589 2909 σει
636 2855 941 2929 Palteologi
976 2864 1223 2915 mortem
1264 2859 1717 2930 praevalentibus
1760 2859 1913 2930 apud
1962 2865 2082 2913 An-

433 2944 741 2999 dronicum
775 2946 1025 3002 infensis
1058 2948 1207 3019 paci.
1241 2948 1347 3012 Qui
1383 2956 1695 3019 postquam
1726 2964 1851 3003 eam
1884 2948 1956 3002 ab
1979 2947 2079 3002 illo

432 3034 831 3106 abrogandam
864 3036 1448 3109 abrumpendamque
1481 3042 1783 3105 curarunt,
1814 3038 1993 3092 etiam
2025 3038 2078 3091 ei

424 3129 743 3180 suaserunt
793 3130 858 3180 ut
887 3126 1305 3198 Acropolitam,
1340 3144 1527 3182 unum
1561 3144 1631 3182 ex
1677 3126 2076 3182 columinibus

428 3212 726 3269 catholicae
774 3215 980 3285 partis,
1016 3217 1074 3271 in
1108 3232 1397 3272 carcerem
1438 3216 1734 3271 conderet.
1766 3216 1941 3271 Istam
1977 3214 2074 3271 ille

423 3301 697 3371 injuriam
736 3321 911 3375 quam
946 3306 1078 3359 forti
1112 3305 1331 3371 animo,
1355 3322 1533 3377 quam
1559 3306 1778 3361 invicta
1807 3309 2076 3360 constan-

421 3393 504 3446 tia
544 3392 778 3459 tulerit,
812 3394 981 3448 docet
1011 3395 1259 3466 epistola
1290 3394 1569 3450 Demetrii
1606 3394 1809 3449 Baulis
1838 3394 2078 3449 Cabacis

429 3481 499 3535 ad
534 3481 722 3537 filium
757 3483 1086 3538 Manuelem
1120 3488 1332 3552 Graece,
1364 3485 1464 3539 sed
1499 3483 1649 3553 stylo
1680 3483 2079 3539 semibarbaro

422 3570 661 3642 scripta,
695 3589 763 3627 ex
815 3589 931 3643 qua
964 3589 1153 3642 nuper
1183 3572 1341 3627 edita
1370 3573 1442 3627 ab
1474 3572 1559 3627 ill.
1601 3573 1835 3638 Allatio,
1865 3574 1942 3641 \in
1975 3574 2076 3629 do-

2210 610 2334 650 vero
2384 602 2771 667 argumentari
2816 604 2869 654 et
2920 600 3234 670 conjectura
3280 606 3539 675 persequi
3582 605 3727 660 datur
3756 625 3808 663 ex

2214 682 2328 739 loco
2354 688 2414 739 in
2445 703 2547 757 quo
2596 688 2861 756 considet,
2893 691 3151 760 princeps
3192 700 3270 745 est
3297 694 3384 745 tui
3422 696 3595 749 sancti
3622 696 3809 766 imperii

2208 772 2508 830 honoribus
2563 776 2866 833 decoratus.
2900 781 2965 834 At
2994 781 3225 849 quinam
3249 781 3347 835 ille
3373 780 3447 836 sit
3492 783 3716 839 nondum
3740 802 3811 839 ca-

2203 862 2315 933 pio.
2352 888 2372 911 ιο
2404 866 2697 936 Respondit
2719 869 3044 938 imperator,
3085 890 3111 921 α
3133 869 3307 925 Filius
3331 875 3454 925 tuus
3478 880 3575 939 est,
3597 872 3811 929 dominus

2212 952 2514 1009 Theodorus
2564 973 2794 1026 magnus
2840 958 3033 1025 legata.
3082 981 3109 1008 »
3157 959 3375 1025 Abiecta
3422 963 3569 1016 omni
3610 972 3795 1017 cuncta-

2205 1043 2356 1097 tione
2383 1043 2536 1111 ﬁlius
2569 1062 2865 1113 assurgens
2896 1046 3108 1102 nudato
3136 1050 3316 1117 capite
3341 1054 3556 1118 patrem
3586 1052 3807 1123 aggredi-

2204 1134 2316 1196 tur,
2350 1140 2400 1186 et
2424 1133 2657 1187 salutem
2688 1135 2833 1189 ultro
2855 1136 3100 1207 citroque
3127 1139 3284 1206 pater
3303 1146 3355 1191 et
3376 1137 3533 1206 ﬁlius
3560 1139 3666 1193 sibi
3683 1139 3817 1194 dede-

2203 1230 2355 1275 runt.
2409 1222 2538 1275 Tum
2558 1239 2759 1278 rursus
2802 1227 3105 1294 imperator
3142 1228 3449 1282 orationem
3495 1227 3562 1281 ad
3603 1244 3716 1282 eum
3750 1228 3816 1282 di-

2202 1311 2348 1364 rexit
2381 1326 2393 1365 :
2430 1334 2456 1360 «
2492 1313 2686 1383 Magne
2706 1314 2994 1382 logotheta.
3021 1330 3105 1369 res
3128 1314 3209 1370 ita
3229 1315 3546 1371 ceciderunt
3565 1324 3815 1387 coegerunt

2201 1416 2304 1469 que
2332 1408 2391 1454 ul
2421 1402 2528 1455 tibi
2559 1401 2676 1458 haec
2705 1404 2889 1457 tristia
2922 1405 2984 1458 in
3014 1420 3281 1473 magnum
3309 1406 3521 1461 malum
3540 1407 3810 1461 evaderent.

2203 1489 2381 1555 Quare
2408 1490 2489 1560 [P.
2540 1490 2663 1561 459]
2697 1492 2857 1547 modo
2886 1495 3065 1547 visum
3094 1497 3172 1548 est
3200 1492 3350 1548 mihi
3398 1497 3449 1549 et
3477 1493 3620 1550 hisce
3659 1511 3811 1550 rerum

2198 1578 2674 1647 gubernatoribus,
2726 1586 2789 1635 ut
2837 1590 2885 1637 te
2931 1581 3037 1636 huc
3092 1582 3397 1637 adductum
3444 1582 3814 1654 alloqueremur

2198 1666 2263 1722 de
2300 1683 2365 1722 ea
2410 1685 2466 1723 re
2498 1684 2623 1739 quae
2656 1670 2813 1725 nobis
2854 1671 2993 1726 bona
3038 1675 3201 1742 atque
3252 1672 3483 1727 honesta
3530 1672 3749 1740 videtur,
3774 1675 3813 1727 si

2199 1762 2386 1812 tamen
2418 1766 2513 1812 tua
2558 1759 2810 1813 voluntas
2838 1776 2947 1815 non
2998 1760 3194 1815 abnuit
3224 1777 3320 1815 nos
3368 1761 3583 1828 audire,
3632 1767 3686 1816 ut
3724 1779 3812 1816 una

2197 1855 2381 1901 mente
2418 1857 2575 1917 atque
2605 1849 2877 1904 sententia
2908 1850 3193 1905 nobiscum
3240 1851 3543 1905 convenias
3570 1852 3709 1906 circa
3732 1851 3810 1904 Eu-

2198 1935 2383 1991 clesiaz
2412 1936 2663 1991 dissidia.
2699 1940 2806 1992 Hoc
2841 1938 2991 1993 enim
3022 1937 3164 1993 mihi
3192 1942 3245 1993 et
3272 1940 3392 2009 ﬁlio
3423 1949 3522 1994 tuo
3568 1956 3748 2008 magno
3775 1940 3813 1993 to

2196 2024 2432 2092 got/telae
2481 2026 2681 2080 bonum
2731 2031 3027 2096 reputatur
3056 2032 3108 2082 et
3139 2029 3358 2095 decens,
3392 2037 3453 2083 ut
3484 2029 3633 2083 nobis
3661 2029 3808 2084 obtem

2196 2129 2351 2183 peres
2379 2115 2565 2168 omnia
2579 2120 2627 2169 et
2644 2117 2876 2171 vulnera
2904 2132 2969 2171 ac
2998 2117 3198 2186 tristia,
3228 2132 3349 2187 qua:
3376 2119 3684 2172 necessitate
3701 2126 3813 2171 tem-

2195 2204 2345 2273 poris
2375 2202 2434 2257 in
2464 2212 2517 2258 te
2558 2204 2659 2258 illa
2697 2210 2841 2275 suat,
2869 2206 3211 2260 sanabimns.
3248 2228 3275 2254 »
3310 2206 3419 2261 Hic
3445 2223 3609 2277 porro
3637 2205 3699 2260 ad
3726 2207 3810 2259 im-

2195 2301 2508 2362 peratorem
2541 2293 2623 2348 ita
2653 2296 2901 2365 e/fatur:
2946 2318 2974 2344 ‹‹
3010 2295 3212 2350 Sancte
3239 2295 3482 2356 domine.
3518 2309 3814 2366 quacunque

2196 2380 2351 2436 adme
2380 2382 2686 2437 enuntiasti
2699 2386 2936 2455 percepi.
2970 2386 3173 2440 Verum
3192 2401 3339 2439 nunc
3364 2384 3656 2456 respondeo
3682 2389 3727 2438 et
3743 2398 3810 2437 re-

2192 2472 2310 2540 fero
2334 2472 2477 2541 quod
2506 2472 2717 2543 mihiin
2735 2475 2921 2527 animo
2933 2474 3109 2543 ﬁxum
3121 2477 3218 2529 est.
3238 2475 3453 2529 Iustius
3472 2476 3605 2529 estet
3626 2474 3808 2544 aaquius

2192 2563 2255 2613 ut
2284 2565 2473 2615 sancta
2512 2561 2662 2618 655
2698 2562 2853 2633 regia
2885 2567 2979 2617 tua
3010 2564 3271 2632 majestas
3300 2563 3416 2618 mei
3437 2562 3644 2619 domini
3663 2564 3809 2632 impc-

2192 2648 2399 2703 ratoris
2410 2649 2587 2719 patris
2601 2652 2687 2704 tui
2701 2652 3043 2706 sententiam
3055 2669 3114 2706 su
3122 2652 3244 2724 bseq
3254 2660 3442 2720 uatur,
3462 2660 3511 2708 et
3522 2653 3666 2721 ﬁlius
3680 2667 3806 2705 meus

2190 2736 2445 2792 dominus
2496 2738 2798 2794 Theodorus
2827 2758 3029 2805 meam,
3063 2759 3227 2813 quam
3277 2758 3376 2797 nos
3421 2751 3717 2797 vestram.»
3759 2740 3806 2793 Et

2190 2825 2336 2880 nihil
2376 2828 2527 2882 ultra
2565 2829 2775 2884 retulit.
2800 2830 2902 2885 Sed
2932 2846 3031 2885 nec
3060 2832 3157 2901 qui
3184 2829 3540 2901 imperatoris
3568 2838 3719 2885 nutus
3742 2844 3806 2883 se-

2188 2915 2510 2972 cundabant
2531 2917 2839 2989 principes,
2871 2935 2971 2975 nec
3004 2922 3115 2991 ipse
3144 2918 3459 2991 imperator
3488 2920 3695 2975 verbum
3726 2934 3804 2973 ex-

2183 3006 2402 3075 pressit,
2426 3006 2670 3075 justitia,
2695 3007 2939 3075 ratione,
2956 3011 3321 3079 generositate
3335 3013 3391 3064 et
3410 3004 3798 3079 magniﬁcentia

2186 3092 2248 3145 in
2269 3094 2525 3149 ruborem
2555 3095 2770 3165 suﬂusi,
2787 3098 2973 3151 omnia
2995 3098 3293 3169 sequidem,
3313 3097 3605 3153 dummodo
3615 3098 3802 3167 justum

2184 3198 2253 3237 ac
2301 3182 2497 3238 decens
2523 3184 2743 3239 salvum
2774 3189 2929 3251 esset,
2975 3186 3129 3242 nihil
3174 3187 3487 3257 reputabat.
3539 3187 3655 3241 Htec
3684 3183 3787 3240 ibi:

2104 3269 2150 3335 C
2188 3287 2314 3341 quae
2347 3271 2538 3326 videat
2568 3273 2868 3343 etjudicet
2898 3291 3102 3345 aequus
3137 3273 3323 3330 lector
3342 3293 3421 3330 an
3446 3276 3563 3331 sint
3582 3273 3805 3330 hominis

2186 3358 2476 3431 κατημελη
2489 3358 2663 3431 μένως
2683 3364 2792 3414 τῶν
2827 3360 2906 3422 εἷς
2935 3359 3241 3432 συνείδησις
3264 3358 3516 3437 ἔχοντος,
3546 3365 3808 3418 minimum

2184 3452 2342 3521 pensi
2371 3452 2619 3506 habentis
2647 3454 2706 3507 in
2744 3453 2912 3507 rebus
2942 3453 3197 3522 gerendis
3229 3454 3359 3525 quid
3392 3455 3485 3526 fas
3514 3458 3563 3510 et
3591 3453 3805 3523 ofﬁcium

2185 3546 2432 3595 moneret
2456 3542 2612 3611 quod
2646 3542 2793 3597 falso
2814 3542 3087 3597 videlicet
3118 3542 3168 3597 ei
3204 3543 3422 3598 Noster
3452 3543 3689 3614 imponit
3716 3541 3801 3595 hoc

2186 3628 2333 3685 loco.
2365 3631 2475 3685 Sed
2508 3646 2579 3685 ne
2611 3632 2865 3703 cuipiam
2899 3633 3208 3687 videamur
3239 3633 3610 3703 suspiciosus
3640 3630 3801 3702 egeris

418 3660 684 3716 ctissimo
734 3677 906 3732 opere
954 3661 1442 3717 Eaercitationum
1504 3664 1563 3716 in
1623 3662 2072 3734 Creyghtonum,

420 3766 477 3820 p.
525 3750 631 3803 6l6
663 3758 717 3804 et
749 3751 901 3821 seq.)
934 3750 1188 3806 auctoris
1237 3751 1449 3817 verbis,
1484 3756 1549 3806 ut
1592 3753 1664 3806 ab
1693 3752 1897 3807 eodem
1947 3753 2072 3807 viro

419 3854 635 3909 magno
669 3838 872 3894 Latine
903 3840 1255 3906 redduntur,
1290 3841 1537 3896 referam
1565 3840 1739 3912 plane
1769 3841 2072 3897 heroicum

417 3926 598 3997 hujus
631 3927 735 3981 viri
770 3929 1014 3997 factum,
1048 3946 1163 4001 quo
1199 3931 1435 3985 abunde
1469 3932 1818 4003 purgabitur
1847 3931 2072 3986 calum-

422 4016 521 4071 nia
552 4015 644 4071 hic
674 4022 731 4072 et
760 4018 1012 4089 impacta
1042 4018 1307 4074 laxitoris
1339 4020 1731 4076 conscientiae.
1767 4020 1861 4076 Sic
1894 4020 2074 4092 igitur
2104 4062 2107 4065 γ

421 4105 540 4162 ait:
574 4108 703 4162 Post
752 4108 951 4163 multos
1000 4109 1210 4181 elapsos
1256 4125 1447 4175 annos,
1500 4127 1626 4165 cum
1663 4109 1847 4165 adhuc
1886 4112 2072 4165 senior

417 4196 722 4269 (Georgius
748 4197 1082 4269 Acropolita
1116 4198 1209 4254 hic
1243 4200 1464 4271 noster)
1490 4199 1548 4254 in
1584 4201 1753 4255 exilio
1782 4204 1833 4255 et
1853 4216 2070 4256 carcere

413 4286 755 4353 perduraret
783 4304 949 4343 causa
980 4289 1271 4358 legationis
1295 4291 1518 4361 prapter
1538 4291 1799 4345 unionem
1830 4305 1956 4344 cum
1974 4306 2067 4344 ca-

414 4375 620 4431 tholica
649 4377 916 4445 Ecclesia,
952 4377 1258 4449 alloquitur
1297 4380 1595 4449 imperator
1624 4379 1687 4432 D.
1721 4378 2067 4435 Andronicus

409 4465 590 4535 ﬁlium
613 4465 778 4521 illius
797 4470 1366 4538 cxterosquesenatus
1395 4469 1697 4539 principes,
1713 4471 1980 4522 anteeum
2003 4470 2066 4522 in

411 4555 638 4611 consilio
652 4556 984 4611 assidentes.
1019 4556 1678 4627 «Principes,videturne
1692 4559 1839 4612 vobis
1863 4557 2058 4611 bonum
2246 4558 2304 4613 P.
2339 4557 2463 4613 317.
2518 4557 2759 4613 Eudocia
2787 4574 2991 4629 magno
3031 4558 3179 4629 apud
3209 4558 3407 4616 urbem
3458 4557 3672 4615 domino
3700 4552 3784 4608 elo—

414 4652 473 4699 ut
501 4662 772 4716 magnum
821 4646 1152 4716 logothetam
1200 4647 1303 4701 huc
1329 4646 1629 4701 adductum
1674 4650 2063 4716 perlentemus,
2096 4637 2141 4701 D
2172 4650 2297 4701 cata
2326 4656 2401 4703 est
2456 4648 2597 4711 Quis
2623 4648 2733 4703 iste
2764 4664 3014 4718 magnus
3048 4647 3324 4702 dominus
3357 4649 3415 4702 in
3454 4646 3641 4703 urbe?
3670 4641 3783 4698 Infe-

2184 3736 2317 3774 cum
2349 3720 2727 3791 Pachymerc,
2761 3721 2861 3791 qui
2896 3721 3048 3792 quod
3082 3721 3228 3776 alias
3276 3723 3472 3777 fuerat
3504 3727 3693 3776 notare
3719 3735 3805 3789 pa-

2181 3809 2381 3877 tuerit,
2418 3825 2553 3863 cum
2584 3809 2899 3864 mutabiles
2931 3811 3051 3864 sint
3081 3827 3275 3866 mores
3307 3811 3638 3875 hominum,
3669 3808 3800 3862 dicas

2182 3914 2315 3952 mus
2346 3915 2507 3967 sane,
2542 3898 2591 3953 si
2623 3899 3011 3969 negligentior
3042 3900 3337 3954 rationum
3363 3900 3544 3955 officii
3568 3898 3694 3953 vixit
3721 3912 3801 3949 un-

2182 4003 2361 4057 quam
2390 3987 2671 4059 Georgius
2700 3987 3057 4058 Acropolita,
3082 3993 3206 4044 tum
3234 4005 3478 4046 necesse
3501 3996 3586 4045 est
3609 3987 3659 4041 id
3682 3986 3798 4040 fuis-

2179 4092 2242 4130 se
2274 4078 2511 4146 quando
2538 4076 2808 4132 addictus
2831 4075 3021 4132 adhuc
3054 4077 3363 4133 schismati
3385 4078 3793 4133 adhaerebater-

2179 4166 2412 4220 roribus
2443 4166 2773 4220 Graacorum
2812 4182 2824 4221 :
2858 4174 3055 4236 postea
3085 4167 3323 4237 quidem
3350 4185 3527 4239 quam
3562 4160 3792 4222 Ecclesia

2178 4255 2396 4311 Latinae
2439 4255 2854 4311 reconciliatus
2902 4260 3012 4321 est,
3044 4261 3277 4312 tantum
3311 4257 3628 4328 profecisse
3654 4252 3790 4308 illum

2176 4349 2419 4416 apparet
2462 4349 2527 4399 ut
2558 4343 2793 4399 culmen
2843 4345 3039 4417 ipsum
3074 4344 3411 4416 apostolicae
3455 4337 3792 4416 perfectionis

2176 4433 2442 4504 attigisse
2476 4434 2763 4489 videatur.

412 4751 485 4789 an
512 4736 801 4790 nobiscum
822 4738 1154 4791 conveniat?
1179 4740 1299 4807 post
1318 4741 1395 4792 tot
1422 4736 1659 4792 carceris
1680 4741 1732 4791 et
1745 4736 1938 4792 exsilii
1958 4754 2060 4791 an-

410 4838 509 4879 nos
538 4828 681 4894 ]orte
710 4824 872 4880 nobis
904 4826 1313 4897 obtemperabit,
1346 4832 1396 4881 et
1427 4827 1735 4899 conjunctis
1775 4825 2062 4881 sententiis

410 4912 695 4968 nobiscum
741 4914 987 4969 concinet
1036 4916 1097 4969 in
1138 4914 1242 4970 hoc
1281 4917 1658 4970 Ecclesiarum
1704 4913 1956 4970 discidio.
2008 4918 2061 4969 et

404 5001 606 5056 vitabit
630 5019 820 5058 rerum
842 5002 1201 5075 asperitatem
1220 5007 1272 5060 et
1293 5005 1437 5075 quod
1452 5011 1535 5059 ter
1558 5006 1715 5059 tanto
1737 5004 1935 5059 melius
1956 5012 2056 5071 est,

403 5090 660 5147 libertate
688 5095 1025 5164 perfruetur,
1057 5102 1112 5149 et
1140 5093 1514 5149 addecentiori
1541 5110 1687 5150 cura
1718 5092 1881 5147 illius
1907 5093 2056 5147 vale-

405 5179 590 5236 tudini
621 5181 1030 5251 indulgebitur.
1065 5205 1093 5232 »
1141 5182 1336 5239 Omnes
1375 5198 1485 5239 uno
1517 5200 1609 5239 ore
1639 5182 2054 5254 responderunt,

411 5290 438 5318 ‹‹
471 5271 685 5325 Bonum
711 5276 811 5341 est,
840 5273 1080 5341 domine,
1113 5277 1163 5328 et
1206 5272 1548 5328 exsecutioni
1594 5272 1903 5328 mandetur.
1936 5276 2056 5328 Imo

402 5360 563 5431 jussu
592 5369 690 5416 tua
718 5361 867 5415 nulli
894 5363 1060 5417 noxia
1092 5366 1241 5418 sunt.
1276 5384 1305 5411 »
1336 5361 1425 5417 Sic
1453 5362 1640 5434 itaque
1674 5379 1797 5416 cum
1828 5378 2053 5433 respon-

406 5449 634 5519 dissent,
683 5453 985 5521 imperator
1014 5452 1305 5508 mandavit
1336 5455 1397 5507 ut
1448 5451 1812 5508 adduceretur
1841 5470 1854 5517 ;
1887 5467 2055 5523 eoque

404 5548 689 5609 praesente,
720 5542 779 5593 ut
808 5538 1001 5594 mitius
1030 5542 1317 5608 negotium
1345 5541 1755 5612 disponeretur,
1776 5543 1859 5597 sic
1889 5557 2052 5597 exor-

400 5645 494 5683 sus
521 5632 602 5683 est
630 5629 936 5685 orationem
965 5630 1270 5698 imperator
1292 5647 1310 5684 :
1337 5652 1357 5677 ι
1388 5630 1717 5699 Agnoscisne
1744 5629 2052 5701 principem

402 5716 594 5785 illum,
626 5717 880 5788 quisnam
900 5716 1003 5773 ille
1031 5716 1147 5773 sit?
1180 5739 1207 5768 «
1232 5717 1297 5772 Et
1314 5715 1499 5786 digito
1517 5716 1850 5775 monstravit
1866 5717 2050 5790 ﬁlium

2175 4737 2316 4805 rius,
2352 4754 2408 4807 p.
2463 4738 2587 4804 328,
2622 4736 2903 4791 scribitur
2953 4737 3023 4791 de
3054 4737 3281 4792 Joanne
3314 4738 3485 4806 duce,
3533 4751 3661 4791 cum
3706 4731 3784 4786 ob-

2171 4842 2405 4880 sessum
2438 4825 2496 4880 in
2527 4825 2670 4880 urbe
2707 4824 2798 4880 cui
2832 4842 3044 4880 nomen
3079 4830 3278 4895 Patria,
3314 4843 3449 4881 cum
3501 4828 3666 4879 noctu
3697 4834 3779 4872 au-

2171 4914 2416 4985 fugisset
2460 4915 2689 4971 venisse
2719 4914 2973 4983 Thebas,
3008 4920 3065 4970 et
3115 4914 3193 4970 ibi
3227 4916 3510 4986 reperisse
3544 4920 3786 4980 magnum

2171 5004 2503 5070 dominum,
2553 5002 2643 5056 τὸν
2680 5002 2841 5077 μέγαν
2875 5003 3089 5077 κύριον.
3140 5004 3229 5059 Sic
3260 5010 3528 5060 vocatum
3579 4997 3788 5072 apparet

2165 5093 2499 5149 Thebarum
2570 5093 2894 5164 principem
2950 5092 3137 5148 Latini
3182 5094 3436 5165 generis.
3492 5091 3609 5147 Dici
3671 5098 3784 5155 ergo

2166 5186 2360 5255 potest
2406 5182 2724 5238 Eudociam
2774 5183 3009 5238 tertiam
3046 5182 3227 5237 ﬁliam
3262 5182 3529 5237 Lascaris
3566 5168 3784 5247 Augusti

2166 5288 2379 5340 magno
2420 5271 2659 5328 domino
2710 5271 2963 5343 principi
3029 5272 3357 5327 Thebarum
3386 5311 3399 5338 ,
3446 5270 3621 5340 hujus
3662 5264 3785 5319 forte

2164 5377 2338 5431 quem
2386 5360 2645 5416 Joannes
2675 5360 2793 5415 dux
2844 5360 2925 5415 ibi
2972 5361 3189 5432 reperit
3234 5360 3385 5432 patri
3439 5363 3539 5414 aut
3580 5359 3781 5428 patruo.

2163 5449 2347 5504 fuisse
2369 5448 2737 5517 collocatam,
2774 5449 3340 5521 matrimoniumque
3364 5449 3421 5503 id
3456 5446 3782 5503 celebratum

2162 5540 2223 5593 in
2256 5539 2399 5594 urbe
2430 5539 2963 5611 Constantinopoli,
2997 5538 3098 5593 ubi
3130 5543 3257 5593 tum
3299 5538 3350 5594 is
3382 5536 3643 5609 princeps
3673 5529 3777 5584 fue-

2160 5627 2239 5681 rit
2263 5626 2321 5681 in
2355 5629 2634 5683 camitatu
2669 5628 3043 5698 imperatoris
3083 5626 3277 5682 Latini
3320 5642 3512 5683 rerum
3554 5622 3664 5678 illic
3691 5632 3777 5689 po-

2160 5713 2385 5786 tientis,
2414 5715 2496 5773 ita
2524 5720 2591 5773 ut
2620 5715 2683 5771 τὸ
2728 5716 2867 5771 κατὰ
2903 5716 3003 5785 τὴν
3043 5712 3208 5771 πόλιν
3241 5718 3313 5774 ad
3346 5716 3536 5773 locum
3567 5705 3775 5781 nuptia-
