4072 6394
210 379 356 437 1117

1812 382 2042 438 NOTE.

3499 380 3638 438 1118

211 520 351 561 rum
384 502 464 560 sit
494 501 890 570 referendum,
924 520 1043 559 non
1095 505 1166 559 ad
1216 503 1414 576 magni
1452 501 1677 559 domini
1712 507 1877 577 pote-
1905 524 1961 590 Α
1991 502 2250 561 voluisse
2285 500 2643 575 μυστηριώδη
2676 504 2835 560 hunc
2877 506 3193 577 quemdam
3236 509 3293 560 et
3319 505 3637 577 lucifugam

210 598 451 659 statem,
514 594 686 664 quasi
743 594 794 649 is
848 610 976 649 eam
1039 595 1097 650 in
1160 595 1304 650 urbe
1360 592 1879 664 Constantinopoli

212 687 510 740 exerceret
541 683 593 737 ei
617 682 997 753 dominando,
1022 685 1119 738 sed
1150 685 1303 755 quod
1337 684 1416 738 ibi
1449 684 1667 754 degens
1701 682 1876 736 titulo

212 773 308 829 sui
343 772 661 845 peculiaris
692 773 938 828 dominii
972 773 1110 828 alibi
1144 773 1262 841 siti,
1297 790 1503 844 nempe
1536 770 1876 835 Thebis,in-

212 862 559 933 signiretur.
589 862 715 917 Pari
730 862 996 933 exemplo
1024 863 1149 934 ipse
1177 863 1269 917 hic
1291 862 1615 933 imperator
1638 856 1879 915 Michael

216 968 399 1006 unam
433 967 462 1005 e
515 950 751 1006 ﬁliabus
799 952 1083 1007 Theodori
1136 952 1379 1015 Augusti
1431 950 1581 1006 Maio
1630 950 1880 1005 Belicur-

213 1040 301 1095 tio
336 1040 589 1111 principi
638 1039 1062 1110 Peloponnesio
1109 1040 1433 1110 conjunxit,
1484 1040 1727 1095 alteram
1780 1055 1876 1093 co-

212 1127 348 1184 miti
380 1127 720 1183 Vintimilias
768 1128 1084 1199 Genuensi,
1144 1133 1209 1184 ut
1252 1129 1513 1184 vidimus
1546 1128 1583 1182 Ι.
1620 1145 1707 1197 ιιι,
1742 1145 1790 1182 c.
1825 1128 1875 1181 6.

213 1212 360 1273 Istis
392 1234 565 1288 porro
627 1217 1057 1289 principatibus
1108 1236 1209 1290 per
1242 1218 1540 1274 Orientem
1591 1234 1661 1273 ex
1692 1217 1881 1271 ruinis

208 1305 453 1378 imperii
487 1306 736 1362 Romani
764 1308 1263 1364 subnascentibus
1287 1325 1410 1364 suae
1442 1308 1715 1380 quaedam
1748 1324 1881 1379 pro-

211 1395 359 1468 prias
393 1394 821 1467 appellationes
847 1402 1036 1463 erant,
1071 1413 1222 1467 quas
1244 1399 1315 1452 ab
1344 1396 1797 1467 imperatoribus
1820 1411 1882 1451 se

210 1485 517 1557 accepisse
539 1483 1042 1555 gloriabantur.ln
1068 1503 1184 1558 quo
1209 1486 1563 1541 atl‘ectabant
1590 1486 1881 1557 antiquis-

216 1574 405 1631 simos
437 1590 707 1646 quosque
738 1574 990 1644 allegare
1032 1576 1470 1647 privilegiorum
1502 1583 1558 1632 et
1589 1575 1881 1631 honorum

216 1664 559 1720 istiusmodi
592 1662 921 1735 largitores,
956 1681 1117 1720 more
1167 1665 1476 1721 hominum
1512 1682 1621 1721 sua
1652 1681 1885 1735 semper

219 1752 409 1807 facere
440 1752 784 1824 augustiora
814 1753 1237 1825 satagentium.
1258 1755 1460 1825 Itaque
1493 1756 1563 1808 ad
1589 1756 1881 1810 Constan-

1997 593 2365 665 scriptorem,
2398 611 2573 649 sensa
2604 612 2713 651 sua
2743 596 2800 649 in
2834 612 2953 650 suae
2989 596 3205 649 mentis
3238 593 3640 666 penetralibus

1994 683 2300 752 introspici
2332 684 2527 754 potius
2557 701 2730 754 quam
2766 684 2955 755 signis
2984 700 3261 754 expressa
3295 683 3640 755 intelligibi-

1994 771 2151 827 libus
2176 777 2401 827 exstare
2432 773 2490 827 in
2536 774 2660 828 suis
2693 772 2923 844 paginis
2969 774 3343 843 gaudentem,
3393 788 3639 843 praeser-

1995 863 2099 915 tim
2135 878 2267 915 cum
2304 861 2449 917 alias
2479 862 2763 917 Joannem
2799 864 3099 932 despotam
3146 862 3412 934 impense
3444 879 3476 916 a
3509 860 3640 917 reli-

1994 950 2169 1021 gione
2227 953 2743 1019 commendaverit,
2804 957 2860 1006 et
2908 951 3155 1006 mutatio
3188 968 3314 1022 qua:
3372 950 3641 1020 contigit,

1994 1039 2176 1094 divini
2211 1041 2413 1095 auxilii
2445 1059 2560 1097 non
2614 1043 2833 1097 frustra
2884 1042 3181 1114 implorati
3213 1042 3386 1096 ﬁdem
3422 1042 3639 1096 fecerit.

2064 1146 2123 1202 P.
2164 1146 2289 1202 340.
2353 1146 2427 1201 Εὖ
2480 1147 2580 1223 γὰρ
2611 1146 2947 1223 Ἡρακλείτῳ
3004 1148 3274 1223 εἲρῆσθαι.
3335 1149 3418 1204 Ad
3479 1146 3622 1202 intel

1995 1235 2291 1308 ligendam
2325 1236 2478 1293 hanc
2510 1238 2785 1294 Heracliti
2817 1240 3196 1307 sententiam,
3229 1254 3408 1311 quam
3432 1238 3644 1292 Noster

1998 1343 2136 1382 suos
2169 1325 2485 1399 indulgens
2517 1331 2780 1399 σκοτεινῷ
2829 1329 3022 1401 genio,
3048 1328 3365 1383 Heraclitea
3398 1341 3641 1399 prorsus

1998 1416 2358 1473 obscuritate
2388 1415 2483 1472 bio
2532 1417 2793 1487 involvit,
2832 1419 2995 1473 lateri
3041 1419 3222 1473 debeo
3272 1416 3461 1471 lucem
3496 1412 3644 1469 mihi

1995 1510 2325 1578 opportune
2374 1506 2674 1580 prmlatam
2704 1525 2738 1563 a
2786 1507 3170 1579 paraphraste
3209 1505 3509 1571 Vaticano,
3545 1502 3643 1573 qui

1993 1595 2154 1651 hunc
2198 1595 2391 1651 locum
2442 1597 2525 1653 sic
2558 1596 2872 1669 exprimit:
2915 1596 3109 1659 Καθὼς
3162 1593 3263 1669 γὰρ
3293 1590 3646 1668 Ἡράκλειτος

1994 1681 2169 1758 ἔλεγε.
2221 1684 2289 1738 τὰ
2339 1683 2631 1761 πράγματα
2682 1683 2733 1739 ἐν
2792 1681 2895 1760 ῥοῇ
2949 1686 3039 1739 καὶ
3097 1683 3383 1760 ἀπορῥοῇ.
3440 1682 3643 1753 Ὥσπερ

1994 1773 2096 1827 06/.
2153 1771 2292 1828 ἔστιν
2354 1773 2441 1829 ἐπὶ
2488 1779 2585 1829 τοῦ
2634 1773 2966 1852 παῤῥέοντος
3024 1772 3294 1850 ῥεύματος
3340 1768 3420 1831 δὶς
3481 1770 3649 1845 βάψαι

216 1840 414 1897 tinum
456 1858 645 1913 usque
694 1844 972 1913 Magnum
1022 1843 1263 1914 quidam
1313 1849 1466 1899 retro
1518 1844 1774 1897 nitentes
1820 1842 1880 1897 in

224 1930 329 1955 -L-:
367 1930 679 1955 ξ..-ι..ιζ,.-Α
732 1930 1139 1955 ...Α..ιέ..,..-1.-..ι
1213 1937 1503 1955 -..-ι-..--Α
1558 1932 1721 1955 £11.-..
1762 1931 1883 1955 -.-3.-

2008 1863 2085 1916 εὸν
2134 1859 2399 1918 δάκτυλον
2461 1863 2548 1918 ἐπὶ
2607 1869 2705 1918 τοῦ
2761 1864 2923 1919 αὐτοῦ
2973 1862 3067 1917 καὶ
3116 1862 3232 1923 ἐνὸς
3265 1858 3482 1927 ὕδατος,
3526 1854 3652 1912 οὐδὲ

219 1930 334 1986 etsi
359 1930 681 2000 jactatione
732 1930 1162 2002 pertingebant,
1211 1937 1508 1987 auctorem
1558 1932 1725 1986 illum
1761 1931 1886 1986 suis

221 2020 550 2091 majoribus
583 2020 794 2076 talium
828 2022 1011 2077 fuisse
1045 2023 1354 2077 nominum
1402 2023 1695 2088 ferentes;
1724 2022 1876 2092 quod

221 2110 335 2165 etsi
366 2107 680 2164 ridiculum
714 2107 897 2176 dictu,
930 2127 1064 2165 cum
1095 2112 1462 2167 Constantini
1516 2111 1710 2183 Magni
1766 2126 1885 2164 aevo

220 2214 329 2252 nec
359 2197 529 2268 longe
561 2203 763 2269 postea
794 2200 917 2254 ista;
951 2201 1145 2255 adhuc
1176 2200 1415 2255 minutae
1442 2201 1727 2273 dynastiaa
1755 2216 1888 2255 con-

220 2286 444 2343 stitutis
477 2287 754 2353 fuissent,
787 2288 945 2343 haud
978 2294 1176 2344 tamen
1226 2295 1580 2360 aspernatus
1613 2294 1702 2344 est
1749 2290 1887 2343 Gre-

221 2391 421 2447 goras,
454 2377 607 2447 apud
642 2394 816 2448 quem
845 2378 961 2432 hac
1002 2377 1257 2449 legimus
1282 2379 1321 2432 l.
1359 2396 1457 2446 vn,
1493 2395 1550 2450 p.
1578 2378 1677 2431 109
1702 2378 1889 2435 :656

221 2464 286 2520 Ὀ
344 2460 401 2518 δὲ
458 2464 750 2528 Ῥωσσικὸς
802 2466 903 2535 τήν
962 2486 1020 2519 τε
1071 2468 1253 2519 στάσιν
1312 2467 1397 2520 καὶ
1452 2467 1513 2520 τὸ
1566 2465 1781 2537 ἀξίωμα
1828 2466 1889 2520 τὸ

222 2550 312 2608 ἐπὶ
368 2558 471 2622 τῆς
544 2553 819 2629 τραπέζης
873 2555 1022 2627 παρὰ
1074 2558 1172 2609 τοῦ
1236 2554 1483 2629 μεγάλου
1539 2552 1889 2628 κεκλήρωται

226 2642 663 2699 Κωνσταντίνου.
727 2644 783 2697 Ὀ
838 2639 895 2697 δὲ
942 2641 1453 2713 Πελοποννησιακὸς
1499 2644 1561 2697 τὸ
1589 2646 1689 2697 τοῦ
1723 2643 1890 2717 Πρὶγ-

222 2751 413 2799 κιπος,
474 2731 502 2785 ὁ
563 2728 620 2785 δὲ
676 2738 774 2801 τῆς
826 2732 1081 2801 Ἀττικῆς
1128 2753 1187 2786 τε
1236 2732 1325 2786 καὶ
1371 2733 1609 2803 Ἀθηνῶν
1644 2732 1891 2807 ἀρχηγὸς

223 2821 288 2875 τὸ
344 2824 442 2876 τοῦ
503 2822 751 2897 μεγάλου
808 2819 1026 2894 δουκὸς,
1087 2824 1112 2877 ὁ
1149 2820 1205 2877 δὲ
1234 2829 1333 2891 τῆς
1367 2822 1636 2884 Βοιωτίας
1661 2822 1752 2877 καὶ
1782 2826 1890 2876 τῶν

228 2904 427 2980 Θηϐῶν
450 2910 513 2964 τὸ
543 2914 640 2964 τοῦ
691 2910 932 2986 μεγάλου
978 2912 1368 2987 πριμικηρίου,
1422 2913 1449 2966 ὁ
1483 2910 1540 2966 δὲ
1568 2918 1669 2980 τῆς
1726 2909 1892 2983 μεγά-

234 2998 347 3069 λης
397 3001 565 3070 νήσου
602 2998 859 3062 Σικελίας
916 3002 978 3055 τὸ
1035 3005 1136 3055 τοῦ
1187 3000 1378 3077 ῥηγὸς,
1407 3000 1497 3055 καὶ
1530 2998 1695 3056 ἄλλοι
1728 2998 1890 3056 ἄλλα.

236 3090 491 3146 Rossicus
550 3095 759 3146 statum
799 3100 851 3147 et
917 3092 1244 3163 dignitatem
1287 3095 1544 3164 praefecti
1602 3108 1810 3149 mensae
1863 3109 1897 3147 ιι

231 3195 437 3250 magno
520 3184 748 3236 sortitus
805 3186 883 3236 est
957 3181 1333 3252 Constantino,
1396 3183 1897 3254 Peloponnesiacus

1995 1952 2177 2006 στάσιν
2237 1953 2410 2027 οὐρεῖν
2470 1949 2639 2008 ἔνεστι
2685 1958 2794 2008 τῶν
2839 1950 3171 2029 πραγμάτων
3218 1948 3380 2020 δίκην
3434 1946 3650 2022 ἀεὶῥρου

1998 2040 2263 2116 ῥεύματος
2307 2042 2792 2117 παρατρεχόντων.
2840 2044 2971 2099 Ηιξδο
3001 2044 3137 2107 ille;
3192 2056 3445 2113 quorum
3486 2037 3653 2092 auxi-

1998 2130 2074 2185 lio
2098 2133 2326 2187 confido
2360 2148 2453 2187 me
2487 2134 2635 2189 657
2674 2151 2874 2188 verum
2910 2132 3168 2188 auctoris
3197 2142 3434 2186 sensum
3468 2128 3651 2181 inter-

2000 2221 2285 2291 pretando
2338 2221 2719 2293 expressisse.
2780 2222 2944 2277 Mitto
2995 2237 3259 2293 querere
3309 2215 3463 2273 unde
3506 2214 3653 2269 istas

2000 2308 2242 2379 Diogeni
2280 2310 2498 2366 Laertio
2532 2313 2710 2382 (quod
2746 2311 2983 2382 quidem
3036 2308 3371 2382 repererim)
3424 2307 3654 2377 ignotas

2000 2397 2277 2453 Heracliti
2309 2404 2364 2455 et
2395 2401 2605 2473 Cratyli
2648 2418 2897 2473 gnomas
2937 2400 3202 2456 hauserit
3233 2399 3653 2469 Pachymercs;

2002 2486 2103 2555 qui
2135 2487 2339 2558 utique
2372 2489 2589 2544 vidisse
2624 2490 2814 2544 multa
2868 2489 3058 2562 potuit
3090 2492 3461 2544 monumenti:
3501 2484 3656 2538 Grze-

2003 2590 2228 2645 corum,
2259 2593 2385 2647 quae
2420 2595 2527 2633 nos
2563 2578 2778 2633 latent:
2808 2582 2865 2634 et
2890 2580 3078 2633 tuisse
3124 2576 3465 2647 diligentem
3502 2571 3654 2626 unti-

2005 2665 2248 2734 quitatis
2282 2667 2765 2740 investigatorum
2798 2670 2942 2725 satis
2974 2672 3235 2740 apparet.

2076 2755 2138 2811 P.
2171 2755 2299 2811 342.
2353 2758 2692 2814 Monasterio
2747 2760 2870 2827 Deo,
2905 2759 3002 2829 qui
3030 2761 3125 2823 est,
3178 2771 3333 2810 sacro
3362 2754 3514 2825 (nam
3540 2752 3658 2807 lucc

2004 2845 2156 2916 erat;
2177 2848 2480 2916 peculiaris
2528 2848 2721 2903 domus
2755 2851 2876 2918 ejus
2906 2847 3288 2917 nuncupatio).
3324 2843 3546 2897 Graece:
3579 2841 3657 2912 Τῇ

2009 2936 2153 3006 μονῇ
2207 2934 2303 2987 τοῦ
2343 2929 2500 2997 ὄντος
2546 2939 2680 2989 Θεοῦ
2736 2938 2833 3008 (τῷ
2896 2935 3001 3010 γὰρ
3062 2930 3177 2987 ὄντι
3235 2929 3437 3005 κυρίως
3488 2947 3657 2999 προσ-

2006 3021 2291 3096 ανέκειτο).
2321 3024 2444 3093 His,
2479 3027 2537 3081 ni
2570 3025 2759 3095 fallor,
2792 3025 3203 3098 Lsigniﬁcatur,
3258 3021 3413 3077 istud
3449 3019 3505 3072 in
3542 3033 3654 3088 quo

2005 3112 2368 3170 Blemmidas
2390 3115 2657 3185 debebat,
2680 3116 3103 3171 monasterium
3122 3110 3495 3185 peculiariter
3515 3125 3660 3161 nun-

2007 3209 2286 3276 cupatum
2337 3205 2517 3262 fuisse
2562 3210 2677 3277 Θεῷ
2731 3209 2812 3277 τῷ
2842 3204 2977 3260 ὄντι.
3042 3204 3340 3259 Alluditur
3390 3201 3461 3254 ad
3513 3196 3656 3251 illud

230 3284 362 3366 vero
390 3268 663 3341 principis
713 3269 964 3366 titulum,
992 3272 1222 3366 fulicae:
1242 3279 1428 3366 autern
1457 3277 1510 3366 et
1557 3271 1893 3366 Alite—tiaran:
1925 3260 1968 3329 C
2008 3260 2209 3360 Ex‘odi,
2240 3313 2327 3365 ιη,
2362 3260 2834 3366 14;juxta'Lx).(,
2868 3294 2966 3351 Dei
3003 3295 3072 3349 ad
3096 3294 3330 3365 Moysen
3364 3286 3505 3362 Ἐγώ
3539 3284 3655 3356 εἷ’μι

228 3357 487 3428 dynasta
518 3375 721 3414 nomen
753 3359 950 3432 magni
971 3359 1126 3416 ducis
1166 3360 1249 3421 (P.
1282 3360 1430 3431 460).
1462 3361 1526 3415 At
1555 3363 1650 3430 qui
1673 3358 1897 3415 Boeotiae

228 3455 291 3502 et
318 3446 509 3502 Thebis
530 3451 754 3519 praeest,
788 3448 980 3519 magni
1024 3449 1344 3519 primicerii
1379 3451 1609 3505 titulum
1634 3448 1895 3515 obtinuit,

232 3536 320 3590 uti
348 3542 400 3589 et
446 3537 615 3607 regis,
668 3536 766 3608 qui
793 3554 1061 3607 magnam
1109 3539 1351 3593 insulam
1381 3537 1601 3593 Siciliae
1647 3537 1809 3592 habet
1839 3537 1899 3591 in

229 3626 517 3697 potestate,
550 3634 601 3680 et
648 3625 756 3680 alii
805 3626 939 3680 alia.
976 3626 1062 3681 Ita
1090 3626 1171 3682 ibi
1223 3630 1532 3697 Gregoras,
1590 3626 1689 3697 qui
1723 3626 1898 3697 paulo

231 3717 372 3785 post
403 3714 568 3769 addit
599 3715 669 3770 de
702 3714 980 3770 Thebano
1000 3716 1249 3786 dynasta
1273 3733 1396 3785 quae
1418 3713 1800 3786 singulariter
1825 3715 1896 3769 ad

230 3819 361 3859 rem
397 3807 658 3859 nostram
692 3804 919 3859 faciunt
950 3820 964 3860 :
993 3801 1097 3856 To‘v
1134 3802 1237 3875 γάρ
1269 3823 1356 3856 τοι
1385 3808 1487 3871 τῆς
1514 3800 1779 3861 Βοιωτίας
1808 3800 1897 3855 καὶ

226 3892 344 3945 τῶν
374 3885 570 3961 Θηϐῶν
599 3889 877 3967 ἀρχηγὸν,
928 3890 1044 3946 ἀντὶ
1084 3889 1329 3965 μεγάλου
1380 3890 1773 3965 πριμικηρίου,
1806 3890 1900 3962 μὲ-

226 3999 331 4055 γαν
382 3979 574 4055 κύριον
626 3980 958 4054 ὀνομάζουσι
1005 3985 1123 4050 νῦν,
1169 3980 1246 4043 είς
1279 3984 1442 4035 τοῦτο
1473 3979 1899 4055 παρενεχθέντες

228 4067 296 4123 ἐκ
324 4072 421 4124 τοῦ
449 4072 853 4146 παρενεχθῆναι
882 4072 983 4140 τήν
1022 4071 1249 4146 πρώτην
1302 4064 1608 4139 συλλαϐήν.
1656 4071 1902 4126 Videtur

229 4157 385 4215 velle
403 4177 511 4216 usu
535 4164 593 4216 et
621 4160 779 4233 vulgi
804 4162 1178 4234 corruptione
1204 4167 1344 4217 tunc
1364 4158 1689 4217 invaluisse
1710 4160 1903 4215 utdux

227 4248 701 4322 Thebarum,qui
718 4249 857 4306 olim
875 4267 1091 4323 magna
1104 4268 1130 4306 s
1149 4249 1521 4321 primicerius
1537 4252 1695 4305 esset
1708 4249 1901 4305 dictus

230 4338 631 4411 πριμικήριος,
665 4339 886 4396 sensim
920 4340 1271 4411 compendio
1325 4338 1525 4412 κήριον
1554 4338 1767 4394 cerium
1799 4356 1902 4411 pro

237 4427 582 4501 primicerio
615 4430 958 4499 vocitatum,
991 4446 1057 4485 ac
1114 4428 1367 4501 denique
1408 4428 1467 4483 in
1520 4446 1660 4484 voce
1706 4428 1904 4503 κήριος

231 4518 563 4575 secundam
628 4517 888 4575 litteram
950 4522 1258 4586 mutatam,
1293 4525 1357 4574 ut
1408 4515 1597 4591 κύριος
1651 4535 1752 4589 pro
1796 4518 1903 4586 κή-

233 4625 359 4681 ριος
393 4606 707 4678 diceretur,
761 4612 817 4664 et
873 4608 1165 4695 adjuncta,
1193 4623 1369 4678 quam
1423 4623 1657 4677 semper
1694 4606 1902 4662 habuit
1929 4631 1977 4695 Β

230 4696 632 4770 appellatione
665 4698 883 4771 magni.
918 4695 1082 4770 μέγας
1107 4694 1318 4769 κύριος,
1354 4713 1589 4767 magnus
1618 4698 1896 4752 dominus.

314 4787 372 4841 P.
405 4786 532 4842 324.
567 4786 764 4842 Videri
799 4790 990 4859 potest
1035 4785 1154 4840 haec
1205 4784 1471 4840 scribens
1518 4784 1903 4857 Pachymeres

229 4878 299 4935 in
331 4876 532 4933 animo
567 4877 850 4934 habuisse
880 4876 1013 4933 illos
1045 4893 1249 4933 versus
1282 4875 1613 4948 Euripidis:

313 5009 482 5085 Φιλεῖ
508 5030 561 5065 τι
593 5011 845 5085 πόλεμος
880 5010 941 5066 οὐ
974 5008 1129 5085 πάντ’
1162 5011 1435 5085 εὐτυχεῖν,

317 5081 653 5158 Ῐξὶσθλῶνμδὲ
684 5081 867 5158 χαίρει
899 5081 1464 5158 πτώ-μασιν-νεανίων,

316 5154 527 5229 Kanon;
559 5152 617 5210 δὲ
651 5152 929 5229 μ’[σεῖετῇ
962 5152 1122 5209 πόλει
1159 5154 1252 5228 μὲν
1288 5152 1396 5229 οἶ)νὲ
1422 5154 1580 5229 νόσος

312 5224 445 5284 Τόὸ’
475 5223 610 5301 ἔστι,
641 5223 783 5283 τοῖσι
818 5226 875 5283 δὲ
899 5223 1254 5283 πατθανοῧσιν
1286 5224 1522 5287 εὐκλεὲς.

313 5367 375 5418 Ρ.
436 5364 563 5420 334.
630 5361 853 5425 ’Ἄλλως
920 5360 1058 5437 ἔγνω
1120 5359 1457 5436 παρακαλεῖν
1515 5358 1607 5413 καὶ
1683 5359 1900 5435 θερμῶς

233 5450 525 5508 ἱκετεύειν.
553 5454 761 5510 Fateor
809 5453 905 5509 hic
937 5454 1090 5508 clare
1141 5468 1255 5508 non
1297 5451 1412 5507 dici
1456 5456 1644 5506 Deum
1669 5450 1899 5506 invoca-

231 5545 373 5596 tum
406 5557 439 5596 a
473 5541 737 5613 despota,
771 5541 927 5613 quod
960 5546 1158 5596 tamen
1192 5540 1250 5595 in
1285 5538 1767 5609 interpretatione
1801 5554 1905 5611 po--

237 5628 361 5686 sui.
395 5630 810 5699 Conjecturam
863 5633 1063 5686 tamen
1113 5645 1229 5684 non
1274 5644 1424 5683 vana
1455 5632 1546 5683 est
1574 5627 1629 5681 id
1665 5643 1903 5699 quoque

235 5717 439 5775 verbis
509 5718 629 5776 illis
706 5716 1040 5796 παρακαλεῖν
1120 5726 1179 5776 et
1253 5715 1509 5773 ἱκετεύειν
1566 5718 1903 5790 signiﬁcare

2007 3378 2034 3433 ὁ
2070 3380 2167 3437 ὥν.
2199 3384 2285 3452 (Ρ.
2321 3385 2440 3453 461)
2492 3385 2656 3440 Unde
2706 3390 2796 3441 est
2825 3389 2880 3441 et
2908 3386 3084 3455 Apoc.
3148 3399 3188 3448 ι,
3220 3382 3289 3435 [ιε
3325 3377 3489 3449 Χάρις
3524 3373 3652 3445 ὑμῖν

2007 3469 2321 3545 καῖέείρήνη
2366 3471 2472 3525 ἀπὸ
2520 3476 2616 3526 τοῦ
2646 3473 2707 3528 '0
2741 3469 2837 3541 ὢν,
2889 3477 3000 3528 etc.
3052 3472 3329 3541 Pr0prius
3370 3464 3652 3520 nimirum

2008 3558 2315 3617 character
2346 3567 2569 3618 naturai
2604 3562 2728 3630 Dei,
2773 3568 3066 3635 quatenus
3115 3564 3489 3628 comparatur
3519 3568 3652 3607 cum

2010 3647 2240 3719 creatis,
2273 3654 2362 3705 est
2421 3667 2653 3723 semper
2691 3655 2747 3706 et
2794 3648 3123 3706 necessario
3182 3645 3476 3701 exsistere.
3512 3640 3659 3695 lluio

2010 3749 2147 3807 ergo
2184 3738 2435 3809 principi
2467 3740 2635 3810 quasi
2668 3740 2769 3795 Dei
2794 3738 3077 3795 attributo
3099 3733 3475 3807 singulariter
3496 3729 3661 3783 dica-

2008 3828 2137 3879 tum
2169 3826 2433 3882 voluerat
2463 3828 2822 3884 Blemmidas
2854 3844 3029 3884 suum
3065 3823 3505 3882 monasterium.

2081 3931 2165 4003 (P.
2228 3933 2374 4005 483).
2432 3939 2493 3990 P.
2554 3934 2679 3989 342.
2730 3931 2830 3995 Εἲς
2890 3929 3237 4007 περιποίησίν
3292 3949 3370 3983 τε.
3419 3925 3547 3998 Agit
3590 3924 3662 3978 de

2010 4026 2246 4077 centum
2279 4022 2451 4079 libris
2498 4025 2625 4079 auri
2652 4028 2816 4093 (nam
2863 4024 3183 4079 Vaticanus
3230 4020 3444 4075 diserte
3484 4015 3662 4070 habet

2010 4109 2196 4164 ἑκατὸν
2232 4107 2424 4185 λίτρας
2460 4112 2714 4187 χρυσίου)
2746 4131 2892 4185 quas
2922 4111 3281 4168 Blemmidas
3311 4110 3659 4163 testamento

2008 4199 2240 4273 legebat
2288 4203 2676 4275 monasterio;
2696 4204 2757 4258 in
2793 4209 2928 4275 {quo
2959 4202 3225 4273 degebat,
3261 4195 3335 4257 εἷς
3364 4192 3662 4268 περιποίη-

2010 4310 2115 4343 σιν·
2150 4309 2277 4363 quae
2313 4300 2506 4349 tamen
2559 4310 2796 4350 summa
2841 4295 2975 4365 post
2997 4293 3126 4362 ejus
3173 4292 3439 4349 mortem,
3502 4283 3663 4339 nulla

2012 4380 2236 4437 ratione
2273 4383 2611 4438 testamenti
2656 4382 2878 4450 habita,
2930 4374 3295 4453 προσανενέοη
3327 4378 3395 4447 τῇ
3428 4370 3661 4445 Μεγάλῃ

2012 4466 2279 4541 ἐκκλησίᾳ
2310 4469 2386 4532 εἷς
2434 4468 2814 4546 περιποίησιν,
2846 4475 2912 4527 ut
2959 4467 3133 4541 paulo
3165 4465 3410 4521 inferius
3450 4463 3667 4517 dicitur

2014 4558 2123 4615 hoc
2158 4561 2363 4617 eodem
2399 4562 2609 4635 capite.
2642 4562 2766 4625 Qua
2811 4560 3048 4616 notione
3095 4559 3409 4627 usurparet
3440 4550 3663 4620 Pachy-

2012 4665 2203 4704 meres
2262 4650 2322 4705 in
2353 4650 2472 4722 [his
2532 4651 2763 4707 duobus
2822 4649 2964 4706 locis
3023 4663 3220 4703 vocem
3288 4638 3666 4715 περιποίησις,

2013 4739 2296 4807 qumrenti
2333 4740 2480 4795 mihi
2504 4741 2759 4796 occurrit
2785 4738 3106 4811 Hesychius
3142 4736 3237 4807 qui
3266 4732 3401 4805 σμὸν
3427 4728 3663 4783 πλεονα-

2014 4826 2151 4899 σμὸν
2197 4845 2323 4883 eam
2382 4829 2819 4903 interpretatur.
2870 4829 3017 4884 Nam
3057 4827 3115 4881 in
3178 4826 3306 4895 ejus
3350 4820 3528 4875 lexico
3580 4818 3663 4872 sic

2011 4914 2266 4988 legimus
2317 4916 2537 4974 hodie:
2616 4915 2991 4993 Ηεριποίησις,
3051 4908 3421 4983 πλεονασμὸς,
3473 4908 3662 4973 κτῆσις

2013 5005 2182 5061 Forte
2233 5005 2381 5063 alias
2410 5008 2736 5080 glegebatur
2788 5004 3133 5076 πλεονασμὸς
3174 5002 3441 5069 κτήσεως,
3473 4998 3661 5051 abun-

2013 5094 2216 5150 dantia
2250 5096 2671 5167 possessionis,
2720 5112 2932 5152 novum
2991 5095 3210 5149 bonum
3259 5089 3540 5145 accedens
3591 5085 3663 5139 ad

2016 5181 2178 5253 prius
2210 5189 2399 5256 parta,
2433 5190 2491 5240 et
2536 5190 2916 5257 augmentum
2969 5178 3385 5254 snperveniens
3431 5191 3663 5249 posses-

2012 5272 2474 5345 sionigantiqute,
2505 5274 2666 5330 velut
2714 5273 3098 5330 adventitium
3148 5268 3443 5342 peculium
3484 5263 3663 5321 veteri

2012 5362 2367 5432 patrimonio
2399 5362 2870 5435 superadditum.
2902 5362 2966 5418 Id
2997 5361 3225 5418 erudite
3264 5358 3537 5430 vulgatus
3570 5354 3661 5409 in-

2013 5455 2239 5523 terpres
2273 5453 2487 5525 Ephes.
2522 5470 2564 5521 Ι,
2593 5453 2660 5509 14
2691 5453 2981 5525 expressit
3014 5449 3297 5508 vocabulo
3344 5444 3664 5519 acquisitio-

2011 5542 2125 5598 nis.
2162 5541 2325 5607 Quod
2360 5542 2441 5597 ibi
2471 5541 2696 5617 κυρίως,
2730 5543 2791 5598 in
2816 5543 3005 5599 stricta
3043 5542 3388 5614 proprietate,
3419 5552 3661 5592 sumen-

2012 5631 2177 5699 dum,
2215 5635 2280 5686 ut
2329 5638 2500 5688 sonet
2555 5632 2861 5705 quidpiam
2910 5631 3437 5705 superadjunctum
3487 5632 3660 5683 antea

2012 5718 2295 5790 qumaitis.
2320 5722 2509 5785 Quare
2540 5722 2763 5778 frustra
2781 5725 3087 5795 argutatur
3108 5723 3349 5775 novator
3369 5716 3657 5789 interpres
