4072 6390
473 398 615 475 1119
1520 434 1583 485 p.
1624 433 1903 488 POSSINI
1940 432 2555 496 OBSERVATIONUM
2592 445 2725 499 LIB.
2765 447 2837 500 ιι.
3721 451 3857 511 1120,

474 548 533 600 et
566 547 668 616 qui
699 563 832 602 eum
874 547 1079 606 laudat
1128 551 1412 609 Henricus
1465 555 1805 627 Stephanus
1867 557 1926 613 in
1982 558 2125 613 The-
2155 558 2210 625 Α
2241 553 2366 651 ξρία
2397 568 2461 620 ut
2490 565 2642 623 idem
2676 586 2806 626 esse
2856 570 3172 627 videretur.
3222 572 3403 628 Sonat
3442 577 3625 631 autem
3657 596 3833 651 μεσημ-

473 650 650 690 sauro
680 639 885 691 Graecae
918 637 1155 709 linguae,
1189 641 1331 696 dum
1379 642 1644 699 instincti
1694 650 1941 718 uterque
1986 646 2123 703 libi-
2235 642 2363 721 δρία
2394 656 2722 713 meridiem.
2774 660 2857 713 Ibi
2902 658 3045 715 latet
3093 659 3405 716 antithesis
3451 664 3519 717 ad
3575 637 3711 718 σκιῶ

472 722 607 778 dine
639 725 1041 781 calumniandi
1074 735 1323 785 veterem
1359 748 1469 786 usu
1501 734 1769 789 Ecclesia:
1813 738 2120 807 probatam
2234 741 2409 799 bram.
2445 747 2503 800 Id
2549 748 2658 803 etsi
2723 748 2882 803 dictu
2942 766 3210 820 parvum,
3283 750 3652 809 admonuisse
3703 772 3837 827 opor~

472 810 613 867 Novi
646 816 981 869 testamenti
1014 819 1364 887 versionem,
1408 825 1773 879 contendunt
1824 824 2117 898 περιποίηο

469 918 551 950 σιν
584 900 680 956 illo
714 905 975 973 Apostoli
1008 905 1133 961 loco
1165 924 1375 965 sonare
1395 912 1758 968 assertionem
1790 916 1908 970 sive
1936 915 2117 971 vindi-

470 992 756 1057 cationem,
782 995 933 1063 quod
957 1011 1131 1065 quam
1166 998 1523 1071 sitineptum
1578 1004 1800 1073 patebit
1832 1022 1901 1059 ex
1925 1007 2115 1061 consi-

468 1079 767 1135 deratione
798 1084 1106 1139 verborum
1134 1089 1319 1142 sancti
1344 1089 1529 1144 Pauli.
1560 1091 1710 1147 Sunt
1741 1099 1936 1149 autem
1972 1095 2112 1152 haec:

464 1166 565 1225 "Oc
625 1165 765 1220 ἐστιν
813 1166 1065 1244 ἀρραϐὼν
1112 1179 1210 1241 τῆς
1254 1172 1629 1250 κληρονομίας
1680 1181 1839 1251 ἡμῶν
1870 1180 1945 1243 εἷς
1979 1183 2112 1237 ἀπο-

464 1251 735 1329 λύτρωσιν
823 1264 924 1326 τῆς
1008 1265 1353 1336 πιριποιήσε.
1452 1269 1586 1333 Quae
1672 1271 1756 1325 sic
1839 1272 2112 1343 vulgatus

461 1345 672 1400 vertit:
707 1348 815 1415 Qui
857 1349 1162 1420 (nimirum
1194 1356 1465 1425 .Spiritus
1511 1362 1773 1434 sanctus)
1802 1367 1879 1418 est
1908 1368 2113 1433 pignus

463 1434 804 1492 hereditatis
856 1444 1058 1496 nostrae
1106 1442 1169 1497 in
1210 1447 1644 1517 redemptionem
1701 1454 2109 1523 acquisitionis.

461 1522 701 1595 Nempe,
735 1531 798 1581 ut
826 1535 1062 1585 enarrat
1092 1532 1544 1605 Chrysostomus
1585 1538 1740 1595 hunc
1770 1522 1989 1605 locum,
2015 1544 2107 1599 his

463 1613 561 1684 qui
596 1612 771 1670 ﬁdem
807 1620 863 1671 et
905 1620 1249 1677 charitatem
1304 1624 1541 1695 habent,
1579 1629 1699 1697 jam
1751 1647 1905 1685 nunc
1938 1633 2111 1689 datur

455 1700 558 1771 jus
586 1702 656 1756 ad
710 1703 1132 1779 hereditatem,
1183 1712 1353 1783 cujus
1402 1723 1853 1788 repraesentatur
1897 1722 2107 1793 pignus

461 1795 519 1844 et
556 1791 765 1846 arrha:
803 1796 941 1865 quin
976 1801 1031 1851 et
1062 1801 1190 1869 ejus
1230 1804 1399 1873 quasi
1447 1808 1781 1863 substantia
1812 1791 2111 1867 confertur

460 1877 755 1935 infusione
785 1885 986 1953 gratiae
1020 1885 1362 1957 habitualis,
1399 1910 1514 1964 qua
1555 1898 1973 1955 constituimur
2002 1900 2104 1955 ﬁlii
2136 1926 2184 1991 B

461 1966 556 1991 “-3
608 1969 866 1991 n-____..
1152 1978 1204 1991 ..
1314 1981 1349 1991 ..
1599 1985 1609 1991 .
2034 1990 2039 1991 ,

459 1966 581 2023 Dei.
608 1969 831 2026 Desunt
853 1978 1047 2031 tamen
1072 1978 1239 2034 nobis
1258 1981 1451 2037 adhuc
1493 1985 1676 2039 multa
1715 1992 1781 2042 ut
1811 1990 2106 2059 pervenia-

459 2072 592 2112 mus
636 2061 706 2114 ad
756 2062 1173 2132 perfectionem
1233 2077 1477 2141 speratae
1529 2074 1844 2131 felicitatis.
1907 2077 2106 2134 Gratia

455 2145 638 2216 igitur
668 2150 818 2206 οδε
852 2152 1173 2211 habitualis
1203 2156 1603 2233 κληρονομίας,
1637 2164 1978 2223 Ιιεενεάίεαείδ
2007 2186 2102 2223 vo-

454 2237 662 2293 cabulo
720 2240 1026 2312 signatur:
1090 2247 1245 2302 dona
1299 2255 1491 2306 autem
1580 2256 1841 2310 nondum
1902 2256 2104 2313 habita

452 2328 785 2384 necessaria
802 2333 1186 2401 perducendis
1202 2338 1371 2392 nobis
1392 2339 1461 2393 ad
1481 2340 1653 2396 ﬁnem
1672 2343 1947 2400 ultimum
1964 2362 2102 2401 con-

448 2422 760 2471 summates
794 2420 1200 2491 beatitudinis,
1233 2429 1661 2499 περιποιήσεως,
1715 2434 2104 2505 acquisitionis

446 2500 789 2561 indicantur
818 2509 1010 2565 verbo.
1050 2511 1168 2568 Ista
1213 2515 1366 2571 dona
1395 2517 1553 2575 velut
1584 2520 1643 2576 in
1698 2522 1888 2579 aliena
1919 2541 2100 2580 manu

446 2593 635 2675 posita
659 2594 999 2652 redimenda
1032 2601 1197 2656 nobis
1229 2610 1390 2673 sunt,
1423 2606 1529 2663 hoc
1579 2614 1665 2665 est
1701 2615 2015 2669 emerenda
2043 2618 2102 2670 et

445 2678 819 2753 1mpetranda
850 2686 1019 2743 bonis
1045 2692 1321 2761 operibus
1353 2700 1410 2750 et
1440 2698 1745 2767 precibus.
1792 2702 1874 2757 Ne
1905 2708 2099 2759 autem

448 2770 830 2842 desperemus
860 2792 927 2830 ea
958 2778 1272 2848 impetrare
1301 2801 1367 2840 ac
1401 2790 1720 2857 promereri
1765 2808 1873 2847 nos
1905 2809 2101 2865 posse,

444 2858 622 2914 datur
655 2861 825 2919 nobis
856 2866 938 2924 (P.
975 2868 1103 2936 484)
1134 2887 1337 2927 eorum
1395 2893 1652 2946 praesens
1703 2858 1921 2953 pignus
1961 2858 2097 2939 san-

2232 834 2360 902 tuit,
2395 852 2467 891 ne
2516 836 2789 894 lectorem
2842 839 2933 895 hic
2986 839 3303 896 offenderet
3358 842 3743 914 intempestiva
3790 852 3834 902 et

2232 919 2629 994 ἀπροσδιόυσος
2663 930 2785 983 visa
2810 929 3030 983 umbrae
3062 930 3302 987 mentio.

2301 1032 2361 1087 P.
2395 1033 2518 1088 349.
2570 1038 2614 1088 Ο
2643 1030 2700 1087 δὲ
2753 1033 2995 1104 Μύτζης.
3043 1040 3115 1092 Ut
3159 1054 3283 1108 qua:
3336 1038 3442 1094 hoc
3499 1039 3672 1109 capite
3710 1042 3830 1096 refe-

2228 1126 2443 1176 runtur
2473 1123 2896 1196 intelligantur,
2923 1128 3301 1196 repetendum
3334 1145 3403 1183 ex
3424 1129 3679 1199 superius
3701 1145 3833 1202 spar-

2226 1212 2337 1267 sim
2402 1215 2652 1268 narratis
2707 1230 2741 1268 a
2808 1215 3163 1287 Pachymere
3222 1225 3274 1272 et
3340 1233 3409 1272 ex
3461 1220 3697 1288 Gregora
3744 1224 3831 1285 est,

2222 1299 2511 1357 Joannem
2542 1301 2977 1373 imperatorem,
3013 1321 3183 1376 quem
3218 1307 3602 1378 Pachymeres
3633 1306 3717 1362 hic
3740 1307 3831 1363 Du-

2223 1406 2348 1445 cam
2380 1395 2567 1459 vocat,
2623 1392 3082 1459 Cantacuzenus,
3134 1395 3193 1450 in
3245 1395 3577 1451 Prefatione
3605 1397 3831 1452 Historia

2222 1479 2537 1551 Catatzam,
2599 1482 2694 1536 cui
2753 1482 3092 1538 Theodorus
3151 1484 3413 1540 Lascaris
3466 1486 3617 1556 prior
3671 1485 3829 1542 dotale

2222 1569 2537 1640 imperium
2583 1572 3014 1641 transmiserat,
3050 1573 3184 1629 data
3232 1574 3283 1629 ei
3315 1574 3376 1629 in
3427 1590 3656 1629 uxorem
3694 1575 3825 1629 lrene

2223 1658 2361 1724 ﬁlia,
2395 1659 2583 1715 ﬁlium
2615 1665 2673 1715 et
2703 1677 3101 1717 successorem
3125 1663 3356 1734 imperii
3378 1662 3649 1719 habuisse
3675 1663 3828 1718 Theo-

2220 1750 2451 1819 dorum,
2484 1750 2775 1805 Lascarim
2812 1768 2844 1805 a
2885 1756 3072 1807 matre
3103 1752 3350 1820 dictum,
3385 1757 3643 1824 nepotem
3674 1752 3829 1807 Theo-

2221 1837 2346 1892 dori
2406 1840 2668 1894 Lascaris
2730 1839 2926 1911 primi.
2971 1841 3119 1895 Huic
3176 1842 3531 1913 desponsam
3588 1841 3823 1896 Helenam

2210 1928 2425 1983 Asanis
2440 1928 2822 1999 Bulgarorum
2848 1930 3000 2001 regis
3016 1931 3197 1985 ﬁliam
3220 1936 3421 1986 narrat
3440 1929 3823 2002 Gregoras.l.n,

2217 2033 2273 2087 p.
2310 2018 2395 2082 13,
2431 2018 2601 2087 cujus
2631 2034 2796 2073 soror
2826 2018 3027 2087 Mytzae
3053 2021 3266 2089 conjux
3300 2020 3430 2091 fuit,
3469 2025 3530 2075 ut
3562 2036 3661 2074 nos
3688 2020 3825 2072 docet

2213 2105 2596 2177 Pachymeres
2620 2107 2729 2161 hoc
2763 2108 2906 2177 loco,
2951 2108 3196 2180 Mytzam
3233 2109 3385 2166 659
3409 2114 3466 2163 et
3495 2108 3823 2163 Theodorum

2216 2195 2511 2250 Lascarim
2564 2190 2945 2270 συγγάμϐρους
2996 2214 3232 2253 vocans.
3286 2199 3365 2253 Ex
3421 2198 3527 2253 hoc
3580 2193 3826 2252 Theodori

2215 2285 2481 2340 Lascaris
2511 2286 2754 2341 secundi
2788 2287 3167 2342 matrimonio
3218 2292 3419 2343 natam
3451 2288 3666 2342 Irenem
3698 2286 3819 2339 idem

2212 2374 2472 2430 Joannes
2506 2379 2696 2431 Ducas
2726 2375 3019 2432 Theodori
3055 2381 3220 2447 pater
3268 2377 3462 2470 adhuc
3492 2377 3679 2432 vivens
3705 2374 3825 2470 Con:

2211 2464 2469 2519 stantino
2522 2464 2822 2520 collocavit
2850 2464 3009 2531 huic,
3072 2467 3143 2521 de
3174 2482 3290 2534 quo
3341 2465 3437 2521 hic
3484 2470 3690 2530 noster,
3743 2464 3821 2534 qui

2210 2561 2433 2626 partem
2465 2555 2696 2627 generis
2735 2572 2805 2610 ex
2852 2556 3056 2611 Serbia
3101 2554 3396 2612 trahebat.
3448 2556 3615 2612 Recte
3660 2557 3818 2609 autem

2209 2651 2374 2699 vocat
2403 2643 2773 2699 Constantini
2813 2644 3125 2715 conjugem
3168 2645 3395 2701 lrenem
3447 2643 3659 2719 ἐκγόνην
3702 2644 3821 2697 Asa—

2210 2735 2321 2800 nis,
2355 2733 2463 2787 hoc
2511 2737 2601 2788 est
2649 2737 2901 2803 neptem,
2952 2732 3167 2805 quippe
3215 2751 3287 2789 ex
3342 2733 3556 2790 Helena
3585 2731 3820 2805 genitam,

2208 2821 2422 2879 Asanis
2454 2821 2597 2878 ﬁlia.

2282 2933 2338 2988 P.
2372 2932 2496 2986 360.
2532 2929 2853 2985 Cardinales
2884 2944 3011 3000 qum
3025 2945 3149 2997 vox,
3183 2933 3294 2986 etc.
3339 2930 3481 2985 Pius
3504 2929 3569 2992 Ιῐ,
3600 2924 3820 2982 oratione

2206 3022 2275 3077 ad
2311 3019 2663 3087 cardinales,
2697 3035 2823 3088 quae
2859 3019 3069 3088 {exstat
3117 3026 3439 3075 comment.
3474 3019 3511 3074 Ι.
3543 3034 3614 3087 Iv,
3646 3014 3718 3070 sic
3743 3027 3821 3066 eos

2204 3108 2553 3179 compellat:
2606 3112 2715 3162 Vos
2737 3109 2859 3161 veri
2901 3107 3101 3161 mundi
3152 3107 3437 3177 cardines,
3461 3123 3624 3177 supra
3653 3101 3820 3174 quibus

2200 3201 2281 3255 mi
2284 3199 2499 3254 litantis
2512 3198 2716 3253 ostium
2737 3196 3004 3252 Eccleeiw
3022 3197 3353 3252 volvendum
3374 3214 3436 3253 ac
3460 3193 3726 3285 regendum
3741 3192 3817 3285 est.

2125 3296 2168 3364 α
2210 3289 2439 3345 Ostium
2471 3290 2666 3341 autem
2703 3302 2853 3357 papa
2872 3291 3110 3377 vocatur
3137 3286 3448 3377 utChristi
3482 3283 3816 3377 vicarius,qui

2204 3380 2275 3435 de
2316 3393 2377 3433 se
2422 3376 2551 3447 ipso
2602 3375 2746 3430 dicit
2793 3375 3061 3445 Joannis,
3093 3393 3148 3441 x,
3197 3376 3269 3429 9:
3322 3380 3436 3446 Ego
3483 3391 3601 3430 sum
3635 3375 3814 3427 ostium.

2201 3467 2366 3533 Quod
2401 3466 2469 3520 de
2502 3464 2774 3533 auroﬁhic
2806 3464 3083 3519 scribitur
3111 3464 3180 3520 ad
3223 3463 3551 3519 cardinales
3583 3461 3742 3559 misso
3768 3458 3817 3559 ut

2202 3572 2411 3628 papam
2450 3571 2561 3625 quo
2593 3552 2822 3609 volebat
2863 3554 3182 3625 imperator
3214 3553 3537 3621 flecterent,
3569 3546 3817 3643 accipeﬂut

2202 3647 2494 3715 scriptum
2526 3661 2558 3699 a
2590 3642 2969 3699 schismatico
3010 3660 3103 3697 res
3152 3643 3493 3698 Latinorum
3524 3646 3579 3696 et
3605 3640 3818 3708 negotia-

2200 3734 2420 3789 tionem
2455 3748 2580 3803 quae
2614 3749 2769 3787 nunc
2802 3731 3191 3787 inchoabatur
3229 3728 3630 3821 conciliatonis
3659 3721 3816 3821 Eccle-

2202 3824 2425 3879 siarum
2462 3822 2746 3877 infamare
2779 3826 3028 3876 conante
3058 3820 3501 3892 suspicionibus
3531 3817 3814 3875 calumnio-

2201 3913 2304 3968 sis.
2341 3913 2531 3976 Quare
2562 3910 2613 3965 is
2644 3910 3056 3965 auctoritatem
3090 3910 3147 3964 in
3182 3909 3291 3965 hoc
3322 3910 3553 3981 quidem
3602 3921 3703 3960 non
3730 3900 3809 3954 ha-

2200 4002 2316 4067 bet,
2354 4000 2447 4056 cui
2478 4004 2607 4055 tuto
2661 3999 2834 4054 inniti
2876 4000 3167 4054 credendo
3214 4001 3473 4070 prudens
3507 3995 3694 4070 possit.
3726 3990 3810 4046 Nec

2200 4108 2350 4163 opus
2376 4095 2505 4145 orat
2535 4089 2971 4159 imperatorem,
3023 4088 3183 4143 haud
3243 4088 3465 4179 alioqui
3525 4083 3807 4179 prodigum!

2199 4178 2446 4249 pecunia
2478 4193 2669 4232 emere
2712 4192 3064 4232 consensum
3117 4177 3413 4246 pontiﬁcis
3462 4182 3563 4232 aut
3588 4171 3809 4264 cardini:

2197 4267 2345 4321 lium
2378 4268 2436 4321 in
2472 4265 3029 4329 {reconciliationem
3081 4267 3496 4336 Ecclesiarum,
3549 4277 3704 4335 quam
3745 4251 3805 4306 illi

2197 4372 2451 4428 semper,
2488 4360 2552 4410 ut
2581 4355 2757 4410 etiam
2784 4358 2984 4409 noster
3015 4354 3153 4410 alibi
3184 4372 3300 4410 non
3334 4352 3807 4448 dissimulabant?-

2198 4443 2312 4500 mis
2344 4445 2493 4499 votis
2527 4446 2895 4513 optaverant,
2945 4442 3098 4498 ultro
3150 4445 3334 4514 parati
3382 4460 3485 4516 pro
3515 4459 3581 4499 ea
3617 4436 3804 4511 quidvis

2196 4533 2435 4606 pacisci.
2468 4535 2551 4589 Ad
2585 4533 3021 4604 impetrandum
3055 4550 3188 4588 vero
3225 4552 3258 4588 a
3291 4534 3565 4605 pontiﬁce
3596 4534 3655 4586 ut
3672 4528 3801 4581 Caro-

2196 4621 2236 4677 li
2305 4622 2458 4694 regis
2514 4623 2823 4677 adversum
2884 4638 2947 4676 se
3002 4622 3436 4692 expeditionem
3495 4613 3791 4692 prohiberet.

442 2951 575 3004 ctus
605 2951 888 3022 Spiritus,
932 2955 1209 3029 idemque
1256 2962 1709 3023 efﬁcacissimus
1750 2951 1985 3041 adjutor
2024 2975 2095 3028 ad

447 3041 811 3108 operandum
846 3046 1001 3115 quod
1035 3064 1069 3101 a
1099 3049 1268 3106 nobis
1309 3054 1583 3126 exigitur,
1642 3063 1706 3112 ut
1736 3058 1962 3130 plenam
1997 3078 2093 3117 sa-

444 3125 625 3184 lutem
661 3146 1069 3204 assequamur.
1102 3138 1276 3195 Juxta
1306 3140 1461 3198 hunc
1507 3162 1745 3202 sensum
1801 3166 1977 3220 quam
2002 3168 2091 3206 re-

445 3219 534 3270 cte
566 3219 857 3277 cohaerent
888 3226 1060 3282 verba
1109 3230 1370 3301 Apostoli
1426 3234 1583 3290 videt
1642 3219 1902 3308 profecto
1953 3257 2093 3311 pru-

444 3305 591 3362 dens
621 3308 832 3381 lector;
863 3313 1161 3388 simulque
1191 3318 1471 3393 intelligit
1491 3305 1658 3395 quam
1677 3326 1897 3383 nullam
1931 3305 2092 3385 c-om-

443 3397 679 3454 modam
710 3405 1065 3460 sententiam
1120 3408 1336 3464 efﬁciat
1383 3411 1736 3472 Genevensis
1784 3418 2089 3488 expositio.

440 3485 576 3549 Quae
609 3493 698 3543 est
727 3492 880 3547 enim
912 3495 1210 3567 redemptio
1263 3501 1588 3557 assertionis
1644 3507 1739 3559 aut
1769 3506 2094 3565 vindicatio-

438 3576 584 3631 nis‘?
623 3579 695 3634 At
744 3582 1152 3654 acquisitionis,
1204 3587 1313 3643 hoc
1367 3595 1474 3661 est,
1526 3593 1605 3648 rei
1658 3598 1919 3652 nundum
1956 3616 2094 3670 pos-

441 3680 617 3721 sessas
651 3669 1040 3743 adjungendaa
1072 3677 1141 3730 ad
1176 3676 1231 3732 id
1268 3680 1423 3749 quod
1448 3682 1573 3752 jam
1599 3669 2091 3757 habemus,'facile

444 3753 639 3824 quivis
672 3760 1103 3831 perspicit‘ﬁeri
1139 3766 1565 3839 redemptionem
1616 3790 1806 3845 posse,
1841 3776 1950 3832 hoc
1982 3781 2089 3848 est,

442 3927 609 3985 Certe
646 3934 863 3991 Latinis
896 3939 1281 4009 scriptoribus
1313 3927 1494 4017 prmae
1525 3927 1733 4007 clas-sis
1765 3954 2094 4025 acquirendi

441 4019 680 4076 verbum
714 4021 866 4081 hanc
898 4027 1083 4099 ipsam
1140 4048 1317 4103 quam
1367 4040 1750 4109 exposuimus
1792 4044 2088 4099 notionem

442 4105 619 4163 habet
649 4116 949 4183 augmenti
980 4127 1031 4173 et
1064 4121 1383 4180 additionis
1414 4105 1592 4199 super
1625 4131 1789 4200 prius
1818 4148 2090 4202 possessa

436 4198 776 4258 cumulatas.
827 4205 946 4261 Cic.
1005 4209 1177 4281 epist.
1211 4213 1265 4282 7,
1322 4213 1362 4269 l.
1397 4198 1505 4271 mi
1532 4198 1729 4275 Postea
1769 4198 1893 4276 vero
1923 4240 2089 4293 quam

433 4288 513 4341 ita
544 4290 753 4363 accepi,
788 4292 868 4349 ita
899 4299 1045 4366 gessi
1072 4300 1311 4371 imperia
1341 4304 1631 4377 'maxima,
1682 4312 1742 4363 ut
1770 4311 1914 4366 mihi
1944 4311 2089 4367 nihil

431 4393 609 4449 neque
656 4381 728 4435 ad
756 4383 1018 4441 honorem
1075 4406 1251 4463 neque
1287 4392 1358 4448 ad
1393 4396 1640 4463 gloriam
1686 4400 2088 4470 acquirendum

428 4473 704 4537 putarem.
742 4473 903 4529 Idem
935 4475 995 4530 in
1055 4478 1295 4536 Catilin.
1363 4483 1503 4539 Nam
1532 4488 1680 4544 mihi
1708 4489 1927 4559 quidem
1976 4490 2089 4562 ipsi

432 4558 565 4628 quid
594 4568 674 4614 est
700 4562 841 4632 quod
872 4564 985 4632 iam
1037 4567 1107 4621 ad
1164 4568 1296 4627 vitae
1350 4577 1597 4642 [ructum
1646 4558 1813 4648 possit
1843 4558 2082 4651 acquiri.

430 4645 505 4700 Ut
537 4647 757 4704 similia
786 4653 1030 4710 omitam
1065 4658 1251 4714 multa
1282 4663 1499 4732 passim
1533 4645 1720 4722 obvia.
1774 4645 2081 4726 Haec-satis
2111 4670 2159 4734 D

428 4740 570 4791 sunt
624 4738 695 4794 ad
728 4740 1113 4800 evincendum
1170 4753 1367 4805 contra
1417 4753 1814 4812 cavillationes
1846 4763 2080 4814 novato-

428 4840 578 4895 rum,
611 4831 863 4887 veterem
895 4831 1271 4907 interpretem
1300 4839 1603 4913 vulgatum
1654 4862 1769 4901 non
1814 4848 2080 4919 potuisse

429 4915 643 4972 melius
711 4922 1035 4991 exprimere
1088 4927 1205 4981 vim
1250 4928 1459 4986 Graeca;
1515 4935 1675 4990 vocis
1727 4937 2080 5010 περιποίησις

426 5020 603 5076 quam
621 5007 695 5075 ei,
721 5013 784 5064 ut
814 5011 968 5082 fecit,
1004 5020 1353 5088 opponendo
1375 5022 1726 5080 vocabulum
1765 5007 2075 5097 (requisitio;

428 5110 534 5147 nec
575 5112 681 5151 nos
713 5101 867 5168 quod
901 5108 1096 5159 noster
1144 5105 1251 5163 hoc
1307 5107 1434 5165 loco
1466 5110 1786 5171 historicus
1818 5114 1892 5177 εἰς
1924 5136 2081 5190 περι-

426 5180 649 5249 ποίησιν
704 5189 1052 5249 attributum
1104 5196 1266 5265 dicit,
1317 5198 1468 5255 male
1513 5201 1847 5261 declarasse
1873 5180 2079 5278 :verbis

424 5269 543 5326 illis
574 5272 632 5327 in
657 5284 1012 5348 augmentum
1036 5284 1403 5356 fundationis,
1440 5293 1550 5345 etc.

498 5397 581 5491 (Ρ.
616 5401 740 5491 461)
802 5421 857 5475 p.
917 5407 1040 5463 348.
1077 5413 1158 5467 Ne
1203 5414 1461 5471 umbram
1498 5418 1721 5491 quidem
1754 5422 1927 5478 ullius
1957 5441 2078 5479 mu-

422 5487 790 5548 nitiunculaz.
842 5492 903 5547 In
953 5494 1150 5554 Grieco
1210 5497 1352 5571 μηδὲ
1408 5487 1672 5579 φρουρίου
1723 5509 1898 5567 σκιάν.
1956 5513 2083 5566 Haec

425 5575 701 5635 alludunt
732 5581 802 5668 ad
835 5599 1034 5640 vocem
1072 5575 1445 5661 μεσημϐρείαξ
1480 5575 1615 5652 mox
1646 5599 1917 5668 positam.
1945 5601 2080 5665 Quae

426 5678 639 5717 nomen
673 5666 909 5736 quidem
937 5676 1062 5726 erat
1092 5678 1239 5727 notae
1273 5675 1459 5748 urbis,
1501 5682 1570 5737 de
1592 5666 1710 5754 qua
1739 5685 1835 5742 hic
1862 5688 2079 5758 agitur.

2193 4713 2347 4784 quod
2384 4711 2552 4767 facile
2583 4710 2932 4767 crediderim
2965 4728 3080 4780 prae
3130 4712 3407 4767 omnibus
3450 4709 3693 4766 voluisse
3720 4700 3794 4757 Mi-

2188 4800 2473 4869 chaelem,
2525 4802 2668 4856 satis
2698 4800 2823 4871 ipse
2881 4798 3249 4872 intelligebat
3280 4801 3401 4855 fore
3431 4814 3626 4855 verum
3666 4802 3795 4849 suum

2188 4892 2246 4946 in
2280 4906 2481 4960 pacem
2507 4888 2897 4945 Ecclesiarum
2920 4889 3349 4959 procurandam
3378 4888 3691 4945 declarasse
3709 4885 3799 4935 stu-

2190 4978 2376 5034 dium.
2430 4979 2692 5050 Denique
2744 4979 2837 5034 hic
2886 4981 3116 5033 tantum
3174 4977 3571 5049 qualicunque
3600 4973 3801 5069 ﬁdeIPa-

2189 5068 2492 5140 chymeres
2523 5068 2779 5123 afﬁrmat
2799 5065 3064 5122 oblatum
3098 5067 3171 5121 ab
3196 5066 3550 5139 imperatore
3580 5061 3799 5140 cardine:

2191 5135 2348 5212 lib'us
2404 5174 2637 5223 aurum,
2699 5161 3005 5227 acceptum
3057 5157 3129 5211 ab
3187 5156 3260 5210 iis
3318 5172 3436 5211 non
3502 5151 3710 5211 asserit.
3749 5135 3803 5199 Et

2191 5245 2374 5301 fuisse
2405 5246 2630 5301 scimus
2681 5246 2918 5300 aliunde
2952 5244 3051 5300 illo
3099 5262 3216 5299 avo
3266 5243 3585 5299 cardinales
3614 5239 3803 5308 aliquos

2190 5339 2313 5389 tam
2345 5339 2604 5400 sanctos,
2636 5334 2737 5405 qui
2771 5332 3192 5389 abstinentiam
3218 5333 3489 5400 Fabricii,
3513 5327 3801 5387 Samnitum

2192 5439 2404 5477 aurum
2432 5423 2825 5496 aspernantis,
2851 5421 2911 5476 in
2941 5439 3003 5477 se
3045 5422 3365 5479 desiderari
3417 5439 3526 5478 non
3559 5412 3800 5475 sinerent.

2264 5512 2330 5583 (Ρ
2370 5513 2498 5581 462)
2546 5518 2609 5569 Ρ.
2649 5513 2775 5568 361.
2829 5512 2989 5581 Regii
3036 5510 3467 5568 archidiaconus
3520 5508 3663 5566 clari.
3710 5505 3806 5554 Ste—

2192 5599 2328 5672 pius
2356 5600 2416 5656 in
2454 5601 2563 5656 hac
2597 5599 2846 5656 historia
2866 5599 3253 5671 Pachymeres
3284 5601 3507 5656 indicat
3537 5597 3701 5653 fuisse
3728 5589 3808 5642 doc

2192 5688 2468 5745 mesticos
2524 5689 2711 5747 cleros
2770 5687 3126 5762 principum.
3184 5689 3277 5746 Sic
3334 5689 3615 5761 superius,
3651 5675 3799 5742 0-22,

426 5746 538 5802 Sed
564 5753 719 5821 quod
752 5758 870 5811 tam
917 5774 1097 5831 prepe
1129 5746 1452 5820 accederet
1481 5769 1553 5823 ad
1608 5746 1811 5829 vocem
1864 5746 2082 5848 μῖσημ-
2190 5777 2231 5833 l.
2265 5794 2343 5849 ιν,
2376 5746 2979 5852 soribitJosephum;
3014 5782 3329 5851 antequam
3381 5746 3685 5835 monachus
3710 5766 3797 5821 ﬁe-
