4072 6408
254 389 391 448 1121

1843 388 2054 445 NOTE
2067 428 2076 441 .

3532 390 3673 449 1122

250 494 361 586 ret,
388 513 626 572 lectoris
658 513 921 569 ofﬁcium
976 512 1307 568 exercuisse
1366 512 1427 567 in
1490 510 1642 569 clero
1702 512 1905 567 dome-

2087 512 2150 569 P.
2201 513 2327 567 366.
2390 514 2541 581 Quia
2603 511 2949 582 contingebat
2991 512 3278 585 frequenti
3346 516 3667 588 pontiﬁcum

249 606 399 663 stico
420 602 674 659 dominae
702 601 920 658 Irenes.
950 601 1079 657 Haac
1114 601 1224 656 fuit
1251 600 1409 673 prior
1466 617 1611 656 uxor
1637 600 1909 673 {impera-

247 695 399 752 toris
428 691 671 750 Joannis
702 691 873 746 Ducaa
914 691 1130 762 saepius
1178 690 1487 745 memorati
1542 689 1603 743 in
1655 689 1907 744 Historia

249 782 481 855 Georgii
505 780 872 852 Acropolitae.
899 780 993 835 Sic
1008 781 1079 833 de
1104 779 1315 834 Pinaca
1333 778 1693 849 Heracleota,
1716 779 1906 849 capite

246 890 385 930 mox
439 872 532 938 24,
593 870 673 923 ibi
730 874 955 933 narrat,
1017 868 1252 939 quando
1309 867 1360 922 ei
1420 871 1658 939 ereptus
1719 867 1906 921 honor

245 969 358 1030 est,
393 962 505 1032 ipsi
537 958 759 1029 alioqui
805 958 1062 1026 debitus,
1118 956 1502 1012 consecrandi
1561 955 1904 1027 patriarcha:

244 1051 511 1123 Josephi,
544 1049 747 1103 datum
779 1047 839 1101 in
872 1047 1151 1103 solatium
1213 1050 1278 1101 ut
1325 1045 1385 1101 in
1442 1045 1661 1117 palatio
1722 1044 1904 1099 sacris

245 1144 592 1214 speraretur
624 1155 636 1205 ;
670 1152 800 1208 quae
831 1152 944 1205 res,
991 1141 1055 1190 ut
1102 1135 1315 1190 ibidem
1377 1139 1614 1205 petatur
1673 1133 1906 1204 magnis

242 1226 708 1286 auctoramentis
769 1229 1107 1295 quaestuosa
1163 1229 1305 1279 erat.
1362 1224 1453 1279 Sic
1507 1228 1564 1278 et
1640 1223 1698 1276 in
1751 1221 1906 1278 aulis

246 1319 716 1375 Christianorum
750 1313 1141 1370 Occidentalis
1177 1315 1445 1370 Ecclesiae
1476 1314 1903 1385 imperatorum

248 1427 317 1465 ac
351 1423 553 1479 regum
614 1405 882 1460 videmus
940 1402 1163 1474 templa
1246 1403 1511 1474 ipsorum
1585 1402 1906 1458 domestica

246 1515 389 1555 suos
419 1498 561 1552 item
595 1494 784 1550 cleros
814 1498 871 1549 et
900 1493 1358 1563 omnisordinis
1419 1491 1725 1547 ministros
1777 1493 1905 1562 jam

246 1588 389 1645 olim
419 1584 653 1641 habere.
690 1583 759 1639 Ut
807 1582 879 1637 de
932 1580 1063 1637 aliis
1123 1580 1351 1647 sileam,
1410 1580 1469 1635 id
1532 1581 1751 1652 prolixe
1802 1581 1904 1635 do-

244 1682 335 1733 cet
366 1674 622 1732 Historia
645 1674 874 1729 Sanctzs
907 1670 1196 1743 Cappellae
1239 1672 1450 1725 domus
1509 1670 1663 1743 regis
1724 1671 1904 1725 Fran-

246 1766 348 1823 ciss
380 1765 607 1820 dudum
640 1761 797 1817 edita
830 1777 1044 1833 magno
1075 1759 1396 1817 volumine.

2015 610 2193 658 morte
2249 604 2391 658 alios
2457 618 2529 657 ex
2584 602 2717 656 aliis
2764 618 2935 673 papas
2989 603 3132 673 ﬁeri.
3192 604 3331 659 Vere
3390 605 3499 661 hoc
3578 610 3671 663 di-

2016 694 2198 746 ctum.
2239 695 2385 745 Nam
2437 706 2538 761 per
2587 690 2708 744 haec
2759 694 3027 761 tempora
3080 685 3543 768 βραχυϐιώτεροι,
3606 702 3673 753 ut

2014 780 2099 835 sic
2131 779 2361 852 loquar,
2424 795 2604 851 quam
2658 781 2775 834 fere
2837 778 2983 833 alias
3042 779 3287 835 Romani
3362 785 3671 854 pontifices

2016 868 2195 937 fuere,
2232 868 2529 939 siquidem
2563 867 2885 922 Alexander
2915 870 2991 921 IV
3031 884 3132 923 sex
3186 875 3419 927 tantum
3483 890 3669 931 annos

2011 957 2170 1025 vixit,
2206 957 2478 1011 Urbanus
2512 973 2641 1010 vero
2675 956 2746 1010 IV
2779 965 2916 1023 tres,
2950 973 3055 1012 nec
3108 958 3293 1014 multo
3347 960 3478 1031 plus
3537 962 3668 1019 Cle-

2015 1065 2184 1103 mens
2217 1048 2311 1113 IV,
2346 1048 2733 1119 GregoriusX
2761 1051 2879 1102 tres
2912 1065 3042 1103 cum
3077 1049 3348 1120 dimidio,
3377 1054 3665 1110 Innocen-

2014 1137 2458 1210 tiuquuatuor
2475 1137 2803 1201 mensibus,
2820 1137 3153 1195 Hadrianus
3170 1142 3326 1196 Vses
3349 1142 3449 1211 qui
3467 1159 3670 1201 mense

2013 1242 2130 1281 non
2162 1231 2303 1293 toto,
2337 1227 2596 1281 Joannes
2654 1226 2792 1280 XXI
2847 1242 3052 1281 novem
3112 1229 3437 1286 mensibus.
3498 1231 3668 1289 Nico-

2015 1315 2146 1371 laus
2168 1316 2243 1371 III
2278 1332 2392 1370 non
2426 1316 2567 1370 totis
2599 1314 2795 1369 tribus
2830 1316 3021 1369 annis.
3059 1316 3168 1371 Sed
3203 1323 3260 1371 et
3298 1318 3355 1373 in
3390 1319 3499 1374 hoc
3547 1330 3673 1377 erat

2014 1404 2238 1476 aliquid
2278 1421 2394 1475 quo
2455 1404 2636 1459 Graeci
2694 1420 3010 1475 agnoscere
3069 1410 3310 1476 possent
3368 1409 3670 1467 meliorem

2016 1491 2289 1547 Ecclesiae
2348 1491 2741 1547 conditionem
2805 1509 2869 1546 ac
2916 1496 3135 1547 statum
3197 1496 3353 1566 apud
3434 1498 3669 1555 Latinos

2018 1598 2197 1653 quam
2228 1582 2382 1653 apud
2417 1583 2596 1653 ipsos.
2660 1581 2885 1636 Etenim
2941 1598 3076 1636 cum
3125 1582 3324 1639 minus
3384 1585 3499 1641 fere
3543 1604 3673 1643 cre-

2018 1673 2155 1727 bras
2204 1672 2669 1742 patriarcharum
2724 1671 3085 1727 mutationes
3161 1673 3669 1749 Constantinopoli

2018 1760 2385 1833 contingeret
2424 1761 2548 1815 ﬁeri
2597 1776 2775 1831 qnam
2834 1777 3121 1831 paparum
3184 1761 3401 1831 Romzs,
3461 1765 3669 1822 discri-

323 1878 387 1929 P.
421 1873 544 1927 363.
584 1868 841 1941 Defuncti
869 1869 1112 1923 cadaver
1139 1884 1241 1939 pro
1268 1866 1464 1922 merito
1513 1868 1742 1937 animte,
1795 1870 1905 1922 etc.
1939 1872 1988 1937 Β
2020 1867 2153 1907 men
2186 1858 2306 1941 ἐπεὶ
2362 1854 2607 1941 tamen,_
2640 1850 2798 1941 ψιρά
2842 1866 3003 1941 Rapa?
3061 1851 3265 1907 Πιοτιίδ
3325 1855 3670 1912 necessitate

252 1963 413 2019 Satis
444 1961 566 2017 haec
598 1963 1002 2015 consentanea
1034 1957 1104 2012 iis
1144 1974 1271 2027 quae
1323 1957 1525 2011 Franci
1591 1957 1908 2027 scriptores

254 2053 584 2109 traduntde
606 2054 790 2105 morte
809 2049 963 2102 660
976 2053 1033 2103 et
1054 2047 1255 2102 funere
1279 2047 1460 2100 sancti
1484 2047 1637 2117 regis
1658 2045 1911 2100 Ludovi-

252 2143 331 2207 ci,
365 2139 667 2212 exquibus
717 2138 1067 2209 compendio
1123 2136 1295 2191 refert
1344 2136 1699 2206 Spondanus
1754 2151 1909 2189 anno

249 2232 413 2293 1270,
448 2244 611 2283 num.
645 2228 679 2282 4
712 2243 724 2281 :
752 2226 919 2281 Sacra
948 2226 1067 2297 ejus
1099 2241 1227 2280 ossa
1253 2240 1418 2279 carne
1440 2223 1720 2279 denudata
1753 2224 1907 2279 lotio-

241 2337 317 2375 ηε
342 2318 729 2385 mundissima,
762 2318 963 2388 pannis
1010 2316 1201 2369 sericis
1257 2329 1382 2368 eum
1430 2314 1776 2369 aromatibus
1832 2313 1913 2367 in-

240 2407 540 2477 voluta,in
570 2407 756 2463 locuto
789 2408 1067 2461 reservata
1110 2405 1302 2474 fuisse,
1345 2402 1647 2473 deferenda
1697 2403 1767 2457 ad
1824 2417 1907 2457 ec-

240 2498 474 2556 clesiam
503 2496 558 2551 S.
597 2497 869 2566 Dionysii,
906 2500 1044 2558 etc.,
1083 2492 1321 2548 Carnem
1350 2507 1476 2546 vero
1519 2496 1574 2546 et
1614 2491 1905 2557 intestina,

241 2608 283 2645 α
311 2604 408 2644 suo
441 2590 631 2658 nepote
662 2584 928 2656 Philippo
957 2600 1085 2655 rege
1114 2584 1427 2651 impetrata,
1470 2598 1504 2635 a
1545 2582 1736 2636 Carolo
1787 2581 1907 2651 ejus

244 2682 429 2750 fratre
487 2674 787 2744 honoriﬁce
847 2676 905 2729 in
965 2672 1218 2729 Siciliam
1274 2670 1480 2740 delata,
1540 2674 1592 2725 et
1667 2672 1909 2740 reposita

250 2771 315 2824 in
360 2765 596 2823 ecalesia
643 2762 836 2820 Montis
886 2761 1135 2835 Regalis,
1192 2758 1523 2815 monasterii
1575 2759 1789 2815 ordinis
1847 2760 1904 2815 S.

251 2852 544 2911 Benedicti
589 2869 755 2925 prope
812 2858 1173 2908 Panormum.
1234 2854 1355 2903 Huc
1398 2849 1637 2920 respicit
1688 2848 1907 2903 mentio

249 2964 289 3001 ο.
324 2949 522 3000 nostro
576 2943 727 2997 facta
788 2941 1099 2997 toculorum
1153 2943 1525 3011 pretiosorum
1586 2939 1645 2992 in
1692 2936 1905 3008 plurali

256 3049 500 3087 numero
528 3047 541 3085 :
576 3032 692 3086 duo
724 3031 882 3086 enim
906 3031 1164 3097 fuerunt,
1198 3045 1449 3100 quorum
1483 3026 1667 3081 altero
1698 3032 1753 3081 S.
1794 3027 1906 3081 Lu-

254 3120 444 3176 dovici
475 3138 612 3176 ossa
641 3121 698 3175 in
747 3118 996 3174 Galliam
1056 3122 1288 3190 portata
1343 3121 1507 3184 sunt,
1567 3116 1748 3172 altero
1817 3116 1905 3170 in-

249 3210 471 3266 testina
501 3214 558 3265 et
588 3225 794 3265 carnes
820 3208 879 3263 in
910 3206 1173 3263 Siciliam
1205 3205 1513 3262 translata.

331 3316 386 3371 P.
628 3314 791 3370 Verti
842 3318 1153 3385 argentum
1213 3314 1411 3368 vivum
1461 3310 1693 3387 ἄργυρον
1747 3307 1911 3385 ὑγρὰν

247 3402 421 3479 χυτόν
456 3404 724 3458 imitatus
760 3402 1485 3473 Aristotelisinterpretes,
1539 3401 1577 3455 1.
1628 3418 1643 3454 1
1676 3402 1748 3456 De
1794 3401 1918 3456 ani-

249 3510 369 3557 ma,
404 3492 503 3563 qui
535 3492 620 3549 sic
650 3491 853 3546 Latine
886 3492 1141 3546 reddunt
1198 3486 1433 3564 ἄργυρον
1493 3488 1685 3563 χυτόν.
1745 3492 1908 3554 Quod

249 3588 316 3639 et
348 3581 508 3656 ὑγρόν
540 3591 699 3638 recte
731 3599 764 3637 a
790 3586 987 3637 nostro
1019 3581 1237 3635 dicitur
1268 3596 1282 3636 :
1339 3586 1429 3635 est
1482 3580 1637 3634 enim
1699 3579 1916 3635 humor

251 3673 544 3742 liquidus,
578 3676 635 3726 et
673 3671 856 3741 liquor
898 3678 1161 3737 mternus,
1224 3673 1288 3722 ut
1348 3669 1567 3723 Plinius
1631 3669 1914 3740 loquitur,

254 3762 387 3818 Nat.
422 3763 558 3816 Hist.
594 3760 633 3815 Ι.
667 3777 868 3828 xxxm,
900 3776 950 3815 c.
982 3760 1016 3812 6
1053 3763 1108 3813 et
1165 3760 1219 3825 8,
1279 3760 1451 3827 guttis
1495 3758 1671 3813 dividi
1726 3758 1916 3829 facilis

255 3854 315 3907 et
344 3850 558 3906 lubrico
590 3849 817 3906 humore
845 3850 1145 3919 conﬂuens.
1183 3848 1559 3920 Hydrargyri,
1596 3850 1751 3917 quod
1787 3846 1914 3901 vul-

254 3956 399 4013 gare
426 3940 606 4009 hujus
638 3941 719 3994 rei
745 3954 957 3994 nomen
983 3938 1127 4007 scio,
1150 3936 1432 3993 vocabulo
1465 3936 1724 3991 abstinui
1786 3953 1916 4006 pro-

252 4033 457 4101 pterea
487 4028 644 4099 quod
668 4043 801 4083 cum
828 4027 1007 4098 huius
1031 4026 1277 4098 liquoris
1300 4027 1514 4097 duplex
1536 4042 1722 4098 genus
1746 4025 1822 4082 sit
1849 4042 1917 4081 ex

248 4120 442 4175 Plinio
462 4120 711 4184 ibidem,
739 4118 991 4174 alterum
1018 4117 1567 4185 naturale,alterum
1597 4117 1915 4185 factitium,

248 4211 601 4282 hydrargyri
637 4209 952 4281 appellatio
984 4210 1203 4281 potius,
1238 4208 1544 4264 utibidem
1570 4209 1823 4263 traditc.
1858 4209 1917 4277 8,

246 4301 473 4358 factitio
497 4301 802 4357 tribuitur.
825 4300 906 4355 De
939 4302 1119 4371 priori
1149 4317 1282 4355 vero
1327 4300 1421 4355 hic
1478 4316 1648 4371 agere
1698 4300 1917 4371 Pachy-

250 4406 501 4460 merem,
535 4393 818 4447 suadetur
842 4407 910 4445 ex
939 4390 1151 4445 etI'ectu
1187 4389 1556 4461 depriuiendi
1589 4390 1757 4444 fundi
1792 4405 1917 4444 ma-

250 4483 363 4552 ris,
396 4499 571 4554 quem
606 4483 657 4538 ei
693 4482 898 4537 tribuit
930 4486 1331 4537 consentanea
1380 4480 1453 4534 iis
1516 4497 1644 4552 quis
1701 4482 1773 4535 de
1828 4496 1919 4535 eo-

247 4573 390 4627 dem
423 4570 603 4626 tradit
635 4568 859 4626 Plinius
886 4568 1155 4639 locojam
1188 4568 1451 4639 laudato,
1484 4585 1535 4623 c.
1562 4569 1616 4636 6,
1645 4568 1681 4623 l.
1715 4586 1912 4638 xxxnr,

243 4661 354 4717 ubi
386 4660 470 4716 sic
502 4659 787 4715 scribitur
824 4675 839 4715 :
870 4661 963 4714 Est
995 4663 1047 4714 et
1079 4657 1222 4728 lapis
1250 4656 1314 4712 in
1345 4657 1431 4711 his
1482 4659 1634 4712 venis
1683 4659 1912 4729 (argen-

243 4751 343 4822 ti),
366 4751 525 4820 cujus
555 4752 769 4807 vomica
801 4750 1034 4821 liquoris
1074 4750 1281 4805 aeterni
1307 4756 1700 4816 argumentum
1730 4751 1917 4803 vivum

241 4841 587 4913 appellatur,
620 4856 898 4895 venenum
927 4855 1118 4893 rerum
1145 4837 1419 4893 omnium.
1454 4841 1618 4893 Exest
1675 4853 1739 4892 ac
1786 4854 1913 4908 per-

242 4931 465 5001 rumpit
486 4930 751 4985 universa
778 4945 1076 5002 permeans
1110 4929 1233 4984 tabe
1276 4929 1420 4983 dira.
1445 4928 1533 4982 Ita
1556 4926 1697 4996 ille;
1759 4928 1912 4983 unde

243 5018 418 5077 facile
450 5024 644 5091 potest
673 5018 923 5089 intelligi
958 5035 1063 5073 cur
1085 5022 1285 5089 aptum
1311 5016 1644 5088 judicatum
1689 5016 1764 5071 sit
1815 5033 1909 5071 ex-

244 5108 477 5164 edendo
509 5108 1065 5180 perrumpendoque
1095 5113 1153 5161 et
1199 5106 1284 5161 sic
1344 5106 1522 5161 altius
1582 5106 1911 5160 excavando

246 5196 436 5252 fundo
461 5200 690 5267 portus,
713 5197 785 5252 de
814 5212 929 5267 quo
962 5195 1059 5249 hic
1101 5194 1446 5262 historicus,
1509 5194 1612 5265 qui
1656 5194 1909 5266 gratiam

247 5285 913 5353 iniissetalectorihus,
948 5286 999 5340 si
1049 5284 1388 5341 distinctius
1446 5286 1687 5339 modum
1738 5301 1906 5340 enar-

241 5379 460 5443 rasset,
491 5392 608 5446 quo
640 5378 763 5431 haec
811 5374 1113 5445 depressio
1171 5375 1338 5430 fundi
1396 5379 1602 5445 portus
1661 5390 1764 5445 per
1814 5391 1903 5429 ar-

244 5469 494 5537 gentum
529 5465 726 5521 vivum
762 5467 914 5521 facta
944 5468 1049 5520 est.
1081 5463 1366 5520 Credibile
1398 5463 1618 5535 quippe
1667 5469 1761 5519 est
1806 5480 1906 5535 pe-

238 5554 536 5622 culiarem
592 5557 916 5628 quamdam
959 5557 1031 5611 ad
1082 5557 1139 5612 id
1192 5560 1377 5612 artem
1412 5560 1471 5611 et
1518 5560 1707 5611 certas
1763 5556 1909 5612 forte

238 5644 556 5713 machinas
589 5645 908 5716 adhibitae,
942 5661 1075 5716 quas
1103 5646 1317 5718 ignotae
1349 5645 1523 5701 hodie
1575 5644 1719 5711 sint,
1770 5647 1905 5719 usui

238 5736 465 5793 futuras
497 5735 547 5793 si
579 5735 897 5792 soirentur.

2022 1940 2426 2007 mutabantur,
2460 1938 2806 2009 patriarchas
2837 1937 3479 2012 Constantinopolitani
3520 1945 3673 1999 arbi-

2022 2028 2132 2082 trio
2171 2024 2544 2097 imperatoris
2596 2024 3028 2105 amovehantur
3078 2032 3136 2080 et
3194 2030 3673 2100 subrogabantur

2022 2116 2225 2187 Itaque
2256 2114 2460 2185 paucis
2494 2112 2672 2182 hujus
2728 2112 3098 2183 principatus
3157 2116 3331 2171 annis
3387 2119 3665 2175 Arsenias

2021 2222 2157 2261 mox
2182 2204 2291 2259 hoc
2325 2203 2578 2274 relegato
2636 2201 2987 2272 Germanus,
3044 2202 3156 2259 hoc
3212 2205 3452 2262 detruso
3503 2208 3667 2265 Jose-

2020 2296 2197 2368 phus,
2231 2297 2364 2365 post
2385 2292 2567 2347 istum
2601 2291 2934 2360 depositum
2987 2290 3209 2348 Veccus
3270 2294 3508 2350 fuerunt
3563 2313 3672 2367 pa-

2017 2380 2553 2438 triarchas.Utlere
2584 2396 2698 2434 non
2766 2379 2963 2434 minus
3021 2380 3291 2436 Michaeli
3346 2383 3669 2457 Palisologo

2017 2472 2346 2538 conveniat,
2381 2470 2537 2542 quod
2568 2469 2938 2540 Ephraemius
2980 2470 3037 2524 in
3096 2472 3362 2545 catalogo
3420 2476 3668 2545 patriar-

2017 2562 2263 2617 charum
2295 2558 2999 2629 ConstantinOpolitarum
3041 2560 3111 2614 de
3169 2561 3388 2618 Isaacio
3445 2565 3667 2635 Angela

2017 2651 2256 2722 scripsit
2287 2666 2301 2705 :

2086 2862 2420 2934 Ἐκκλησίας
2452 2862 2615 2955 ἔθιμα
2643 2869 3005 2939 καινουργῶν,
3025 2865 3250 2953 ἐφόρων,

2086 2940 2148 2955 ,η
2256 2939 2271 2954 .
2418 2948 2435 2955 -
2921 2941 2945 2952 ν
3110 2950 3127 2955 ,
3188 2938 3200 2955 .

2084 2940 2181 3013 ‘Qv
2217 2939 2313 3013 ptiav
2342 2936 2597 3013 noete-1:325
2630 2936 2987 3013 πατριαρχῶν
3021 2936 3073 2999 ἐξ
3106 2936 3321 3013 θρόν-ον,

2087 3012 2187 3067 υον
2221 3009 2267 3065 δ’
2296 3008 2498 3082 ἐξάγων
2533 3008 2621 3080 αὖ,
2651 3008 2748 3064 καί
2777 3008 2915 3083 μόνῇ
2944 3008 3246 3087 πραιρέσει.

1941 3245 1984 3311 ρ
2025 3227 2086 3281 Ρ.
2116 3227 2240 3281 368.
2307 3231 2519 3282 Verum
2550 3226 2671 3283 illis
2724 3230 2785 3282 ut
2838 3243 2951 3283 non
2998 3228 3261 3299 placebat
3315 3261 3383 3273 —
3409 3233 3671 3305 principi.

2026 3318 2154 3371 llaec
2187 3319 2390 3386 etquae
2443 3332 2577 3370 mox
2634 3316 2873 3387 subjicit
2933 3318 3268 3389 superbam,
3344 3320 3673 3391 ingravam,

2026 3411 2433 3461 contumacem
2460 3407 2789 3461 Grecorum
2841 3406 3175 3462 antistitum
3235 3407 3295 3463 in
3354 3410 3675 3467 schismate

2027 3495 2404 3566 pertinaciam
2439 3494 2739 3550 declarant
2774 3514 2787 3563 ;
2823 3511 2970 3566 quos
3001 3503 3059 3551 et
3088 3513 3150 3551 se
3199 3514 3332 3553 cum
3392 3498 3512 3555 illis
3569 3518 3675 3572 pa-

2027 3584 2113 3639 ria
2140 3586 2404 3640 sentiens
2452 3584 2548 3641 hic
2596 3584 2914 3639 historicus
2998 3586 3276 3654 traducit,
3360 3588 3498 3643 dum
3573 3589 3679 3644 ob-

2025 3678 2229 3732 noxios
2280 3674 2529 3746 principi
2586 3675 2685 3728 vili
2744 3675 3161 3743 assentatione,
3236 3682 3441 3733 contra
3514 3695 3673 3734 men-

2025 3772 2145 3820 tem
2181 3771 2238 3819 et
2295 3780 2539 3819 sensum
2600 3764 2903 3831 intimum,
2990 3765 3357 3836 signiﬁcasse
3434 3767 3515 3823 ait
3564 3768 3677 3823 sibi

2025 3853 2111 3910 vel
2140 3853 2395 3907 maxime
2437 3852 2497 3924 (P
2550 3852 2676 3921 463)
2736 3851 2965 3923 placere
3004 3854 3061 3907 id
3093 3854 3289 3925 ipsum
3322 3872 3355 3910 a
3395 3873 3509 3927 quo
3562 3857 3681 3912 im-

2029 3948 2295 4017 potenter
2321 3942 2714 3996 abhorrebant
2747 3962 2760 4011 ;
2795 3944 2947 4013 quod
2984 3944 3241 4000 immane
3290 3952 3575 4016 quantum
3611 3949 3683 4003 ab

2026 4031 2360 4103 evangelica
2392 4030 2731 4085 sinceritate
2758 4040 2822 4085 ac
2848 4032 3241 4102 generositate
3273 4034 3528 4091 alienum
3567 4043 3678 4093 est.

2098 4122 2245 4177 Ibid.
2280 4122 2339 4175 In
2360 4120 2527 4175 semel
2558 4119 2715 4174 adita
2737 4122 3080 4190 possessione
3136 4123 3489 4179 auctoritatis
3549 4127 3679 4183 inde

2025 4212 2326 4283 pendentis,
2381 4215 2493 4265 etc.
2547 4213 2659 4263 Per
2714 4210 2934 4280 gradus
2983 4210 3052 4265 ad
3110 4210 3286 4266 istam
3331 4215 3678 4286 usurpatio-

2028 4318 2161 4357 nem
2185 4299 3035 4370 aucturitatisindependentis
3101 4300 3279 4356 Grasci
3342 4306 3672 4360 Constanti-

2028 4389 2354 4461 nopolitani
2388 4392 2819 4460 processerunt.
2866 4389 3130 4444 Primum
3174 4391 3404 4462 pertaesi
3461 4392 3678 4461 Bysan-

2026 4480 2161 4535 tinea
2194 4477 2573 4544 humilitatis,
2607 4494 2725 4548 qua
2782 4476 2921 4532 olim
2958 4480 3016 4533 in
3076 4479 3458 4536 ecclesiarum
3520 4484 3675 4539 ordi-

2031 4586 2102 4624 ne
2129 4569 2332 4622 inﬁmo
2366 4566 2801 4637 metropolitam
2836 4567 3087 4622 Heracus
3114 4568 3373 4624 Thracias
3420 4573 3675 4643 superio-

2030 4676 2152 4714 rem
2177 4660 2556 4728 agnoverant,
2588 4661 2655 4709 ut
2695 4656 2819 4725 ipse
2870 4658 3012 4712 661
3082 4656 3235 4713 ultra
3291 4660 3679 4733 Pachymeres

2029 4749 2261 4812 fatetur,
2290 4763 2343 4817 p.
2376 4746 2501 4812 305,
2538 4744 2708 4800 facile
2740 4744 3140 4816 impetrarunt
3183 4748 3457 4820 ﬂagranti
3517 4754 3675 4822 apud

2028 4834 2400 4892 Constantini
2450 4834 2645 4906 Magni
2709 4834 2920 4905 gratia,
2952 4840 3018 4890 ut
3064 4836 3123 4891 in
3183 4854 3428 4894 censum
3483 4844 3676 4911 majo-

2025 4941 2157 4981 rum
2210 4922 2611 4993 ecclesiarum,
2664 4940 2791 4994 quee
2838 4928 3041 4995 postea
3098 4926 3425 4997 frequetius
3485 4931 3668 5001 patri-

2022 5010 2291 5067 archales
2339 5014 2555 5065 vocatae
2614 5014 2774 5078 sunt,
2836 5012 3215 5068 referrentur.
3280 5016 3461 5080 Quem
3510 5035 3674 5075 nemo

2020 5102 2167 5174 ipsis
2222 5100 2504 5155 honorem
2563 5098 2793 5170 invidit,
2848 5103 3035 5173 quoad
3096 5102 3208 5158 sibi
3301 5106 3674 5180 prescriptos

2021 5195 2079 5248 in
2128 5193 2258 5263 ejus
2312 5206 2421 5245 usu
2474 5188 2693 5244 limites
2748 5207 3129 5264 perrumpere
3190 5198 3291 5250 aut
3374 5192 3675 5257 transilire

2021 5296 2161 5339 sunt
2208 5281 2424 5337 conati.
2483 5283 2627 5334 Cum
2679 5280 2838 5335 enim
2894 5298 3060 5339 sacra
3112 5284 3348 5341 Nicmna
3413 5290 3675 5361 synodus

2018 5369 2382 5441 locumipsis
2413 5372 2688 5439 quartum
2750 5368 2902 5424 inter
2960 5372 3223 5446 quinque
3276 5377 3530 5447 majores
3579 5397 3673 5434 as-

2020 5462 2333 5534 signasset,
2368 5456 2478 5528 ipsi
2510 5473 2746 5528 equum
2778 5466 3084 5517 censentes
3141 5480 3356 5521 novam
3418 5467 3664 5522 Romam

2018 5555 2109 5607 est
2138 5547 2370 5620 imperii
2405 5546 2604 5600 sedem
2636 5546 2883 5603 alteram
2936 5550 3113 5607 etiam
3156 5553 3213 5608 in
3273 5554 3672 5612 ecclesiastica

2016 5638 2301 5712 dignitate
2330 5633 2567 5707 ἆμὲσως,
2601 5637 2895 5695 admoveri
2926 5640 3125 5697 Romae
3155 5644 3334 5699 veteri
3365 5644 3510 5699 nihil
3546 5661 3661 5701 non

2019 5729 2330 5787 moverunt
2379 5741 2495 5799 quo
2553 5732 3008 5799 assequerentur
3063 5734 3128 5791 ut
3179 5730 3571 5795 Alexandrino
3618 5741 3674 5800 et
