4072 6386
516 440 657 498 1123

1568 445 1630 497 Ρ.
1672 442 1945 499 POBSINI
1982 442 2154 497 OBSE

2272 441 2596 506 ATIONUM
2630 451 2763 507 LIB.
2807 457 2880 511 II.
3752 468 3851 530 “24

507 565 874 623 Antiocheno
898 566 1263 639 patriarchis,
1299 582 1551 639 quorum
1586 566 1682 623 ille
1717 566 2012 623 secundus
2054 565 2150 621 hic
2181 568 2236 636 Α
2275 570 2470 638 tumm,
2512 590 2614 630 nec
2668 579 2984 651 privilegiis
3042 585 3354 655 antiquitus
3400 586 3659 646 institutis
3699 604 3853 657 mo.

506 660 717 716 tertius
749 676 782 714 a
812 659 1072 714 Romano
1131 657 1462 731 patriarcha
1492 659 1563 714 ab
1622 660 1783 715 omni
1838 664 1993 715 retro
2044 675 2148 715 au-

507 750 780 821 tiquitate
846 748 1136 803 numerati
1199 749 1459 816 fuerunt,
1540 754 2037 820 praeponerentur,
2096 757 2153 804 et

507 838 835 895 secundum
870 838 1195 907 prolinusa
1252 854 1408 909 papa
1459 838 1827 893 auctoritatis
1877 837 2151 893 ecclesia-

509 930 665 984 sticae
692 928 937 1000 gradum
979 927 1340 982 insisterent.
1402 930 1589 998 Atque
1632 930 1738 985 hoc
1796 929 1991 1000 ipsum
2048 944 2151 999 pa-

505 1018 623 1073 lam
654 1019 838 1089 primo
872 1023 1065 1087 petere
1098 1033 1212 1070 non
1246 1016 1397 1083 ausi,
1449 1022 1681 1073 tantum
1715 1021 2152 1089 expugnarunt,

509 1124 683 1163 suum
716 1104 867 1159 nacti
909 1110 1143 1175 tempus
1202 1122 1316 1176 quo
1377 1112 1521 1161 erat.
1586 1106 2151 1177 Constantinopolim

506 1213 659 1253 anno
690 1196 903 1252 Christi
936 1196 1030 1250 38l
1090 1196 1352 1267 synodus
1407 1202 1629 1266 coacta,
1682 1201 1745 1251 ut
1802 1198 1873 1252 ab
1926 1213 1993 1250 ea
2052 1197 2153 1250 de-

506 1289 887 1342 cernerentur
916 1284 1040 1339 sedi
1071 1286 1728 1356 Constantinopolitanaa
1780 1284 1846 1339 τὰ
1894 1278 2155 1359 πρεσϐεῖα

503 1381 603 1443 τῆς
631 1374 821 1444 τιμῆς.
874 1374 936 1428 Id
970 1372 1290 1427 universim
1342 1378 1399 1429 et
1429 1376 1706 1447 ambigue
1737 1376 1957 1430 dictum
2019 1391 2154 1429 cum

504 1464 678 1535 longo
710 1468 971 1532 tempore
1003 1477 1173 1516 nemo
1204 1468 1470 1532 putasset
1527 1464 1818 1535 pertinere
1858 1464 1928 1518 ad
1985 1464 2154 1518 abro-

504 1554 801 1625 gationem
834 1550 1050 1606 Nicaani
1082 1550 1345 1617 canonis,
1382 1567 1497 1622 quo
1548 1556 1691 1619 erat,
1753 1556 1818 1607 ut
1875 1551 2153 1620 diximus,

506 1650 802 1707 secundus
850 1653 906 1704 et
952 1648 1159 1703 tertius
1218 1664 1251 1703 a
1300 1648 1565 1704 Romana
1627 1650 1764 1705 sede
1847 1649 2157 1720 dignitatis

505 1740 669 1796 locus
725 1739 1119 1796 Alexandrino
1177 1744 1235 1794 et
1304 1740 1666 1795 Antiocheno
1742 1739 1971 1795 thronis
2049 1738 2155 1794 rite

503 1829 788 1895 sancitus,
848 1828 1083 1882 tandem
1143 1827 1202 1882 in
1257 1827 1679 1885 Calcedonensi
1743 1845 1960 1901 magna
2024 1845 2154 1897 syn-

2270 660 2515 727 politani
2564 667 2903 735 fraudentur
2963 673 3263 730 antistites.
3321 676 3473 733 Nihil
3530 682 3852 747 Alexandriae

2269 749 2411 816 sedi,
2446 768 2611 823 quam
2638 772 2737 826 per
2758 764 3009 816 sanctam
3040 767 3300 820 Marcum
3340 770 3710 839 evangelistam
3750 776 3856 837 beati

2272 839 2425 893 Petri
2452 841 2786 915 discipulum
2815 853 3041 922 meruit,
3070 859 3262 923 pereat
3291 855 3593 926 dignitatis,
3616 878 3704 916 nec
3729 864 3851 921 Dios-

2270 946 2391 987 c0ro
2422 932 2730 1005 impietatis
2756 956 2878 998 suae
2932 944 3249 1013 pertinacia
3306 955 3601 1020 corruente,
3652 955 3855 1024 splendor

2272 1026 2439 1119 tantae
2463 1025 2711 1119 licclesim
2742 1032 2985 1088 tenebris
3014 1036 3338 1092 obscuretur
3367 1040 3582 1096 alienis.
3626 1042 3701 1114 (P.
3758 1046 3852 1119 564)

2270 1111 2609 1206 antiochena
2638 1134 2847 1189 quoque
2902 1124 3163 1192 Ecclesia,
3221 1127 3281 1181 in
3320 1144 3427 1198 qua
3462 1111 3689 1199 primum
3739 1111 3850 1206 prae;

2271 1199 2488 1257 dicante
2509 1204 2666 1261 beato
2710 1212 2961 1280 apostolo
3020 1215 3183 1270 Petro
3253 1216 3634 1275 Christianum
3701 1199 3851 1280 nomen

2272 1296 2525 1349 exortum
2557 1301 2658 1361 est,
2690 1299 2749 1352 in
2778 1308 3026 1369 paternae
3064 1304 3480 1362 constitutionis
3531 1309 3718 1365 ordine
3763 1330 3855 1383 per-

2267 1391 2495 1471 severet,
2527 1389 2580 1438 et
2636 1386 2698 1440 in
2753 1390 2931 1457 gradu
2990 1392 3149 1448 tertio
3208 1396 3471 1451 collocata
3525 1416 3779 1471 nunquam
3819 1420 3858 1457 se

2272 1470 2369 1538 ﬁat
2399 1472 2648 1542 inferior.
2715 1476 2826 1532 Nec
2885 1485 3200 1538 contentus
3254 1490 3495 1542 sanctus
3554 1487 3657 1542 Leo
3709 1488 3854 1560 ipsum

2272 1570 2607 1627 Anatolium
2658 1576 3035 1648 redarguere,
3112 1581 3347 1655 scripsit
3408 1585 3474 1639 ad
3560 1587 3854 1641 Marcianum

2271 1656 2604 1728 Augustum
2636 1660 2928 1719 instanter
2948 1683 3121 1723 orans
3142 1674 3207 1725 ut
3229 1671 3629 1728 auctoritatem
3652 1690 3857 1745 operam-

2274 1761 2383 1813 que
2439 1764 2607 1803 suam
2666 1750 3066 1825 interponeret
3131 1759 3201 1813 ad
3266 1762 3646 1818 coercendum
3700 1767 3856 1818 Anato-

2272 1835 2418 1890 lium
2454 1854 2525 1892 ne
2584 1838 2668 1895 sic
2727 1842 2785 1896 in
2846 1843 3053 1901 illicita
3114 1848 3433 1919 prosiliret.
3492 1852 3568 1906 Ex
3624 1853 3723 1908 ista
3768 1854 3855 1923 epi-

498 1920 610 1976 odo
636 1916 1642 2013 Anatolius-C.onstantinopolitanus
1675 1917 2006 1989 patriarcha
2032 1935 2154 1973 ma-
2187 1943 2235 2009 Β
2276 1924 2443 1993 stola,
2478 1943 2627 1997 quas
2652 1929 2813 1984 in‘ad
2841 1932 3002 1990 Com.
3034 1916 3508 2007 57Vnumeratur,
3558 1916 3855 2013 quicquam

504 2025 617 2081 gno
649 2007 875 2063 ambitu
909 2007 1185 2074 obtinuit,
1222 2008 1441 2061 frustra
1480 2007 1938 2062 reclamantibus
1997 2008 2155 2062 sedis

507 2097 839 2169 apostolicae
862 2095 1091 2167 legatis,
1124 2103 1185 2149 ut
1215 2100 1573 2151 statueretur
1616 2096 2153 2168 Constantinopoli-

500 2192 655 2242 tanae
690 2186 813 2240 sedi
873 2185 1132 2256 primum
1195 2189 1328 2256 post
1379 2184 1702 2241 Romanam
1773 2185 1966 2240 locum
1997 2203 2153 2257 besse

500 2275 904 2333 tribuendum.
935 2276 1060 2338 Qua
1092 2274 1163 2328 de
1197 2290 1256 2329 re
1282 2274 1468 2329 factus
1500 2274 1711 2329 certior
1742 2280 1983 2331 sanctus
2043 2280 2152 2331 Leo

504 2381 646 2431 tunc
679 2372 940 2444 pontifex
994 2371 1295 2425 Romanus
1353 2371 1826 2443 intempestivam
1885 2373 2156 2429 ambitio-

506 2480 639 2520 nem
673 2462 828 2518 haud
864 2460 1260 2533 perfunctorie
1292 2461 1529 2532 retudit,
1581 2462 1817 2533 scriptis
1875 2464 1945 2517 ad
1996 2465 2150 2518 Ana-

508 2553 713 2609 tolium
750 2550 983 2614 litteris,
1014 2550 1232 2620 quibus
1292 2550 1377 2605 sic
1432 2550 1602 2606 illum
1658 2552 1967 2623 increpat:
2030 2554 2154 2608 Post

501 2641 606 2697 illa
638 2644 821 2711 itaque
847 2639 1225 2695 ordinationis
1272 2642 1384 2695 tum
1439 2655 1549 2694 non
1610 2641 1888 2711 inculpato
1946 2644 2150 2713 princi-

502 2749 618 2801 pia,
651 2739 770 2801 post
800 2730 1271 2784 consecrationem
1300 2730 1627 2785 Antiocheni
1668 2730 1928 2801 episcopi,
1988 2748 2155 2803 quam

501 2820 718 2877 tibimet
760 2828 953 2875 contra
999 2819 1323 2873 canonicam
1378 2819 1629 2889 regulam
1688 2822 2007 2887 vindicasti,
2057 2821 2153 2875 do-

506 2912 587 2965 leo
618 2909 783 2965 etiam
820 2911 878 2962 in
909 2909 1008 2962 hoc
1058 2907 1409 2963 dilectionem
1457 2918 1611 2963 tuam
1676 2925 1787 2964 esse
1840 2912 2156 2982 prolapsam

499 3006 560 3057 ut
606 2999 1015 3054 sacratissimas
1070 2998 1429 3053 Niceenorum
1482 3014 1757 3052 canonum
1808 2999 2150 3054 constitutio-

501 3106 596 3144 nes
628 3085 906 3142 conareris
935 3085 1268 3155 infringere,
1292 3091 1556 3158 tanquam
1610 3097 1908 3158 Opportune
1952 3106 2012 3142 se
2054 3090 2156 3144 tibi

507 3179 605 3233 hoc
630 3187 836 3247 tempus
866 3176 1131 3231 obtulerit
1183 3192 1289 3246 quo
1345 3178 1584 3232 secundi
1641 3178 1863 3233 honoris
1922 3182 2155 3245 privile-

503 3269 659 3336 gium
714 3265 860 3320 sedes
908 3264 1287 3319 Alexandrina
1350 3264 1654 3335 perdiderit
1709 3277 1758 3321 et
1807 3268 2153 3326 Antiochena

499 3357 744 3413 Ecclesia
773 3356 1167 3427 proprietatem
1200 3358 1375 3409 tertiae
1420 3354 1711 3423 dignitatis
1759 3358 2033 3424 amisirit,
2095 3364 2153 3415 ut

503 3447 589 3501 his
622 3445 752 3501 locis
773 3445 897 3517 juri
923 3460 1018 3499 suo
1050 3443 1285 3498 subditis
1324 3460 1507 3499 omnes
1562 3446 1979 3516 metropolitani
2034 3452 2151 3519 epi-

506 3538 659 3607 scopi
715 3536 938 3605 proprio
988 3533 1194 3588 lianore
1244 3533 1553 3603 priventur.
1620 3534 1825 3602 Quibus
1875 3538 2153 3596 inauditis

500 3631 555 3681 et
596 3641 841 3695 unquam
873 3626 999 3678 ante
1030 3622 1254 3678 tentatis
1294 3623 1377 3677 ita
1431 3626 1764 3693 praeveniris
1818 3631 2152 3699 excessibus,

510 3728 571 3772 ut
592 3719 845 3770 sanctam
874 3716 1169 3785 synodum,
1204 3712 1277 3789 ad
1304 3716 1762 3785 exstinguendam
1812 3718 1994 3773 solum
2043 3721 2157 3779 hee-

515 3808 683 3861 rcsim
740 3809 789 3859 et
847 3805 932 3859 ad
988 3802 1439 3872 conﬁrmationm
1516 3805 1646 3875 ﬁdei
1696 3807 1983 3865 catholicae
2037 3818 2157 3867 stu-

512 3896 605 3950 dio
637 3892 1387 3964 ()hirstianissimiprincipis
1417 3900 1826 3965 congregatum,
1886 3898 1947 3953 in
2004 3917 2157 3957 oeca-

510 4001 721 4041 stonem
753 3983 993 4038 ambitus
1048 3982 1258 4046 trahas,
1300 3986 1353 4038 et
1410 3992 1469 4038 ut
1525 3985 1943 4043 conniventiam
1999 4008 2159 4047 suam

509 4074 616 4129 tibi
643 4074 728 4128 det
752 4072 1032 4140 impellas,
1066 4074 1338 4140 tanquam
1368 4074 1612 4142 ra/utari
1642 4086 1876 4145 nequeat
1908 4082 2056 4147 quod
2084 4080 2156 4134 il-

511 4165 660 4218 licite
716 4162 951 4216 voluerit
998 4160 1315 4227 multitudo,
1374 4169 1425 4216 et
1481 4163 1584 4217 illa
1642 4166 2005 4221 Nicanorum
2065 4186 2160 4223 ca-

510 4267 713 4307 nonum
759 4265 854 4317 per
907 4246 1181 4319 Spiritum
1241 4264 1365 4303 vere
1410 4258 1659 4304 sanctum
1716 4252 1971 4307 ordinata
2029 4272 2157 4311 con—

509 4340 646 4396 ditio
706 4340 766 4393 in
821 4336 1013 4408 aliqua
1070 4353 1317 4407 unquam
1370 4340 1441 4392 sit
1495 4344 1651 4409 parte
1701 4342 1975 4410 solubilis,
2046 4351 2156 4417 etc,

510 4436 707 4509 Pergit
739 4434 893 4490 enim
940 4434 1019 4489 ibi
1080 4434 1207 4519 fuse
1267 4435 1326 4489 S.
1389 4436 1648 4506 pontifex
1708 4439 1831 4510 pari
1872 4444 2159 4512 gravitate

512 4544 686 4599 prave
717 4529 1055 4579 attentatem
1083 4525 1371 4594 castigare
1402 4525 1737 4581 novitatem.
1765 4537 1845 4583 Ac
1878 4533 2154 4600 quoniam

509 4616 794 4671 Anatolus
853 4613 965 4667 sibi
1024 4611 1312 4667 faventem
1365 4614 1993 4685 Constantinopolitani
2055 4640 2153 4677 su-

509 4722 615 4776 pra
663 4703 968 4758 memorati
1015 4702 1261 4757 canonis
1317 4703 1857 4775 interpretationem
1913 4711 2155 4767 ambitio
2188 4671 2233 4735 Β

505 4795 565 4849 in
600 4795 752 4849 662
776 4810 894 4847 suae
927 4792 1345 4863 praetendebat,
1367 4792 1524 4848 hunc
1544 4800 1886 4864 praetextum
1912 4798 1993 4854 sic
2019 4818 2158 4872 pau-

505 4886 561 4941 lo
598 4890 727 4957 post
757 4883 1068 4938 submovet
1100 4899 1113 4937 :
1147 4883 1508 4937 Persuasioni
1536 4884 1688 4937 enim
1711 4900 1829 4943 suae
1886 4887 1945 4942 in
2001 4891 2155 4947 nullo

506 4975 725 5046 penitus
800 4974 1140 5043 su/Iragatur
1186 4972 1550 5043 quorumdam
1591 4973 1971 5045 episcoporum
2053 4997 2153 5035 an-

505 5072 557 5118 te
587 5062 899 5131 sexaginta,
929 5071 988 5116 ut
1016 5063 1208 5130 iactas,
1244 5078 1417 5116 annos
1444 5064 1593 5133 facta
1623 5064 1952 5135 subscriptio
2009 5087 2155 5125 nun-

509 5169 781 5223 quamque
812 5168 842 5205 α
878 5149 1369 5222 ρνέείίθεεεδονίὸιιδ
1401 5150 1511 5204 tuis
1542 5150 1613 5205 ad
1642 5154 1959 5222 apostolicae
2010 5159 2157 5216 sedis

504 5243 839 5296 transmissa
870 5240 1125 5295 notitiam
1158 5240 1255 5310 qui
1288 5242 1359 5294 ab
1392 5239 1559 5294 initio
1594 5257 1707 5295 suae
1764 5243 1986 5303 caducae
2044 5250 2156 5303 du-

505 5331 740 5401 dumque
791 5328 1045 5400 collapsaz
1101 5346 1225 5384 sera
1279 5345 1428 5384 nunc
1484 5333 1536 5383 et
1595 5332 1829 5386 inutilia
1887 5336 2158 5405 subjicere

505 5422 745 5491 fomenta
774 5418 1015 5483 voluisti,
1040 5417 1310 5473 eliciendo
1338 5436 1372 5473 a
1408 5419 1682 5483 fratribus
1738 5422 1973 5491 speciem
2032 5443 2156 5482 con-

505 5508 802 5574 sensionis,
831 5523 995 5577 quam
1026 5506 1129 5560 tibi
1160 5506 1218 5560 in
1278 5524 1442 5562 suam
1494 5508 1766 5578 injuriam
1822 5518 2156 5573 verecundia

507 5597 747 5669 fatigata
774 5594 1059 5666 praberet.
1093 5594 1231 5649 Post
1260 5612 1385 5665 quae
1411 5597 1580 5667 quasi
1614 5602 1965 5658 sententiam
2014 5622 2153 5676 pro-

509 5694 792 5749 nuntians
823 5690 1095 5746 ultimam
1129 5695 1185 5745 et
1214 5692 1380 5747 litem
1415 5694 1736 5752 decretoric
1782 5698 2013 5770 ﬁniens,
2038 5703 2155 5761 haec

514 5780 678 5836 addit
709 5795 723 5834 :
757 5780 874 5835 lion
904 5780 1299 5836 convellantur
1332 5783 1763 5852 provincialium
1782 5786 1917 5856 jura
1943 5791 2154 5861 prima-

2276 2016 2482 2085 synodi
2514 2016 2775 2074 Romana
2832 2022 2944 2077 sub
2991 2024 3289 2081 Bonifacio
3352 2027 3405 2083 Il
3490 2029 3558 2083 ab
3619 2028 3857 2085 Holstenio

2272 2105 2428 2159 edita
2462 2122 2593 2177 pag.
2630 2109 2728 2161 107
2755 2114 2811 2165 et
2842 2128 2965 2183 seq.
3026 2112 3263 2185 legitur,
3344 2116 3468 2172 haec
3523 2123 3694 2173 sunt:
3749 2118 3859 2189 Apud

2274 2194 2651 2250 Christianum
2680 2202 2731 2251 et
2762 2214 2883 2255 vere
2912 2201 3229 2272 religiosum
3275 2220 3504 2277 vereque
3556 2205 3857 2261 orthodox-um

2269 2284 2577 2353 principem
2606 2286 2818 2357 loquor.
2854 2290 3096 2346 Multum
3125 2293 3422 2348 Anatolius
3464 2296 3731 2366 episcopus
3767 2310 3858 2364 pro-

2270 2371 2394 2442 prio
2416 2371 2658 2430 detrahit
2682 2380 2901 2443 merito,
2934 2382 2985 2434 si
3022 2380 3223 2437 illicito
3277 2399 3519 2440 crescere
3572 2387 3706 2456 optat
3759 2399 3854 2453 aug-

2273 2470 2479 2517 mento.
2512 2463 2733 2532 Habeat,
2787 2469 2929 2522 sicut
2975 2474 3257 2540 optamus,
3305 2472 3860 2544 Conctantinopolitana

2272 2550 2466 2607 civitas
2508 2553 2748 2621 gloriam
2787 2572 2970 2624 suam,
3003 2575 3069 2613 ac
3122 2570 3443 2632 protegente
3513 2563 3725 2617 dextera
3792 2560 3861 2614 Dei

2272 2639 2538 2696 diuturno
2572 2645 2880 2702 clementiae
2928 2652 3125 2705 vestrae
3186 2651 3424 2719 fruatur
3480 2654 3722 2721 imperio.
3769 2650 3858 2704 Atia

2274 2738 2455 2785 tamen
2486 2731 2631 2787 ratio
2657 2738 2735 2788 est
2764 2750 2952 2790 rerum
2974 2737 3359 2807 saecularium,
3410 2741 3527 2796 alia
3580 2740 3856 2805 divinarum,

2273 2844 2371 2881 nec
2396 2834 2607 2898 praeter
2635 2830 2796 2886 illam
2825 2838 3080 2903 Petram,
3138 2853 3306 2907 quam
3365 2840 3624 2894 Dominus
3676 2839 3729 2893 in
3765 2838 3858 2907 fun-

2272 2916 2525 2975 damento
2549 2922 2759 2990 posuit,
2805 2925 3021 2980 stabilis
3066 2926 3175 2982 erit
3220 2929 3386 2984 nulla
3414 2928 3724 2986 constructio
3768 2940 3860 2997 pro-

2274 3006 2419 3077 pria.
2482 3010 2679 3065 Perdit
2728 3014 2825 3082 qui
2874 3013 3129 3071 indebita
3182 3022 3544 3090 concupiscit.
3627 3018 3750 3073 Satis
3808 3020 3863 3067 est

2271 3097 2418 3166 quod
2447 3099 2709 3167 praedicto
2739 3110 2935 3160 vestrae
2962 3103 3194 3173 pietatis
3224 3110 3473 3177 auxilio,
3524 3114 3574 3165 et
3627 3109 3725 3162 mei
3769 3106 3861 3175 favo

2273 3188 2353 3239 ris
2384 3204 2631 3255 assensu,
2656 3190 3029 3262 episcopatum
3082 3200 3261 3252 tanta”;
3322 3198 3477 3253 urbis
3522 3196 3753 3253 obtinuit.
3780 3193 3862 3247 Non

2274 3275 2602 3344 dedignetur
2623 3279 2838 3348 regiam
2867 3280 3168 3349 civitatem,
3200 3302 3371 3355 quam
3400 3288 3743 3355 apostolicum
3782 3297 3859 3335 non

2273 3372 2446 3434 potest
2474 3368 2657 3436 facere
2714 3368 2895 3424 sedem
2923 3387 2942 3424 :
2983 3388 3086 3426 nec
3131 3374 3243 3429 ullo
3299 3383 3487 3445 speret
3543 3377 3707 3441 modo,
3755 3367 3859 3443 ᾳυυά

2269 3469 2366 3524 per
2416 3455 2663 3511 aliorum
2715 3463 2889 3528 possit
2943 3462 3263 3531 offensiones
3310 3465 3533 3536 augeri.
3612 3460 3857 3526 Privtlegi“

2270 3542 2421 3598 enim
2455 3546 2822 3601 Ecclesiarum
2852 3554 3173 3606 sanctorum
3208 3554 3446 3609 Patrum
3476 3554 3753 3611 cononibus
3792 3549 3855 3600 ἐπ’

2272 3637 2464 3703 stitua,
2489 3645 2542 3689 et
2575 3637 2908 3692 venerabilis
2951 3638 3191 3696 Niceenae
3241 3644 3449 3714 synodi
3504 3647 3614 3716 ﬁxa
3663 3638 3854 3699 decretis.

2272 3734 2432 3788 nulla
2464 3741 2690 3804 possunt
2746 3736 3106 3807 improbitate
3157 3744 3415 3812 convelli,
3460 3742 3627 3798 nulla
3676 3736 3859 3794 novitate

2274 3824 2504 3878 mutari-
2539 3825 2600 3877 In
2621 3840 2725 3894 quo
2781 3825 2963 3895 odere,
3023 3827 3340 3886 auxiliante
3393 3831 3622 3897 Christo,
3674 3825 3853 3898 ﬁdeliter

2275 3913 2637 3982 exsequendo,
2678 3929 2892 3969 necesse
2920 3924 2999 3970 est
3045 3934 3133 3971 me
3176 3926 3616 3989 perseverantem
3667 3914 3859 3973 exhiberi

2274 4002 2633 4073 famulatum,
2682 4005 2950 4074 quoniam
3001 4006 3344 4077 dispensatio
3388 4012 3534 4065 mihi
3572 4007 3754 4065 credita
3787 4007 3851 4065 est,

2276 4100 2328 4147 et
2382 4090 2454 4144 ad
2502 4107 2590 4146 me
2645 4092 2823 4147 tendit
2880 4098 3116 4162 reatum,
3172 4099 3222 4152 si
3274 4103 3635 4169 paternarum
3702 4090 3855 4161 regulo?

2275 4178 2787 4252 sanctionum,qua3
2813 4181 2876 4236 in
2912 4184 3122 4253 synodo
3170 4186 3420 4244 Niceena
3476 4188 3547 4243 ad
3604 4187 3745 4242 totius
3786 4180 3852 4233 Εε-

2276 4268 2466 4325 clesia:
2495 4269 2742 4340 regimen
2786 4270 2995 4342 spiritu
3045 4273 3142 4329 Dei
3189 4276 3502 4333 instruente
3555 4280 3676 4333 sunt
3716 4266 3846 4325 conii-

2276 4365 2366 4427 tw,
2399 4373 2507 4424 me,
2542 4359 2692 4427 quod
2721 4361 2888 4427 absit,
2921 4365 3245 4419 connivente
3289 4368 3590 4431 violentur,
3637 4368 3685 4419 et
3730 4358 3850 4427 majOT

2274 4449 2324 4503 si
2360 4448 2516 4516 apud
2563 4464 2646 4502 me
2702 4450 2872 4505 unius
2913 4453 3114 4521 fratris
3161 4456 3425 4511 voluntas
3481 4472 3644 4528 quam
3693 4449 3847 4506 univer-

2274 4551 2349 4591 sae
2398 4536 2590 4591 domus
2646 4538 2868 4595 Domini
2946 4546 3255 4599 communis
3343 4545 3591 4601 utilitas.
3655 4544 3708 4598 Et
3771 4534 3841 4590 ιιίδθ

2273 4627 2447 4681 sciens
2474 4627 2776 4695 gloriosam
2830 4630 3181 4687 clementiam
3237 4644 3479 4690 vestram
3537 4623 3834 4691 ecclesiam

2270 4719 2490 4771 studere
2520 4717 2673 4772 663
2705 4720 3032 4787 concordiae,
3094 4727 3148 4778 et
3191 4723 3277 4779 his
3325 4742 3449 4796 quae
3500 4724 3728 4797 paciﬁca?
3762 4727 3837 4769 ωτι·

2272 4809 2483 4873 gruunt
2567 4808 2773 4862 unitati
2840 4809 3157 4880 piissimum
3230 4823 3505 4884 praestare
3579 4816 3845 4869 consensum

2269 4918 2462 4973 precor
2490 4908 2541 4958 et
2584 4905 2776 4960 sedula
2828 4910 3170 4978 suggestione
3231 4927 3318 4967 vos
3368 4912 3602 4977 obsecro,
3655 4910 3707 4961 ul
3736 4907 3851 4957 om!“

2273 4992 2571 5063 improbos,
2603 4994 2816 5051 unitati
2859 4998 3205 5056 Christianae
3232 4999 3470 5072 pacique
3496 4995 3785 5056 contrarios.
3806 4983 3853 5037 ab

2274 5083 2428 5137 omni
2461 5084 2683 5151 pietatis
2739 5096 2943 5143 vestrae
2998 5086 3272 5145 addicetis
3328 5105 3578 5155 assensu,
3623 5089 3669 5142 et
3712 5074 3856 5152 [NW

2275 5174 2386 5226 mei
2414 5172 2659 5227 Anatolii
2682 5176 2991 5231 nocituram
3038 5179 3163 5248 ipsi,
3218 5183 3268 5234 si
3317 5178 3637 5250 perstiterit,
3686 5164 3856 5239 cupidi-

2274 5264 2443 5315 tatem
2473 5261 2787 5329 salubriter,
2816 5265 3212 5337 comprimatis.
3246 5269 3539 5324 Annuisse
3560 5278 3711 5339 porro
3756 5268 3855 5310 san-

2273 5348 2352 5404 cti
2384 5349 2591 5405 Leonis
2641 5354 2932 5422 postulata
2990 5354 3349 5412 Marcianum
3410 5358 3718 5428 Augustum
3762 5344 3854 5428 ίΡβθ

2273 5443 2515 5493 sanctus
2554 5443 2666 5495 Leo
2698 5440 3015 5513 signiﬁcat,
3048 5445 3163 5500 alia
3196 5450 3326 5516 post
3356 5446 3430 5500 ad
3474 5427 3721 5500 eumdem
3766 5427 3855 5501 θρί-

2272 5532 2427 5582 stota
2460 5528 2701 5599 scripta,
2735 5546 2864 5601 quae
2914 5532 3067 5588 inter
3116 5535 3327 5603 editas,
3392 5532 3631 5606 opinior,
3676 5528 3733 5579 60
3769 5524 3852 5583 εει,

2271 5621 2329 5672 et
2353 5617 2604 5672 refertur
2636 5618 2692 5672 in
2719 5619 3075 5677 Collectione
3124 5623 3391 5679 Romana
3440 5615 3700 5678 Holstenii
3751 5627 3777 5665 ἃ
3814 5624 3854 5675 μ·

2271 5705 2396 5761 427.
2428 5704 2685 5777 Incipit:
2730 5707 3067 5766 Litterarum
3124 5713 3433 5768 clementiae
3476 5717 3662 5767 vestra
3706 5695 3855 5757 multi-

2270 5794 2401 5867 plex
2418 5796 2601 5866 gratia
2647 5796 2832 5853 debita
2880 5815 2914 5854 a
2967 5815 3054 5856 me
3110 5802 3464 5859 veneratione
3510 5795 3735 5867 suscepta
3779 5791 3853 5846 (δι’
