4072 6428
260 432 404 488 1125

1858 431 2089 487 NOTE.

3541 406 3682 493 1126

253 566 307 617 et
334 556 684 629 gratulanter
735 555 939 628 agnovi
977 572 1145 629 quam
1188 558 1343 628 piam
1398 572 1595 614 curam
1625 555 1906 612 Christia-
1938 559 1990 624 Α
2023 553 2299 610 omnibus
2329 556 2497 610 Anna
2546 555 2864 623 Comnena,
2899 555 2938 610 l.
2969 558 2991 611 Ι
3021 556 3333 626 Alexiadis,
3369 576 3427 631 p.
3457 560 3519 616 21
3586 562 3678 617 ed.

250 665 344 707 nae
396 647 714 717 religionis,
768 657 828 703 ut
886 648 1211 717 consuestis,
1265 648 1540 713 habeatis,
1586 663 1713 702 cum
1772 646 1920 701 inter

253 736 484 795 Domini
510 737 817 793 sacerdotes
871 753 994 792 eam
1044 737 1214 793 vultis
1272 738 1500 807 firmare
1546 736 1915 803 concordiam,

259 843 387 899 quae
418 835 469 883 et
500 826 820 882 universali
861 828 1123 882 Ecclesiae
1152 834 1204 882 et
1266 827 1460 883 divino
1512 830 1666 897 apta-
1699 827 1772 880 sit
1801 826 1919 879 cul-

253 919 360 972 tui.
416 915 593 970 Paulo
652 920 822 985 post:
879 916 1018 970 Nam
1064 920 1118 971 et
1175 926 1361 971 vestra
1418 914 1780 970 mansuetudo
1834 915 1919 968 in-

253 1005 633 1061 sinuationem
681 1022 858 1059 meam
891 1014 1007 1059 tam
1040 1006 1273 1061 libenter
1319 1006 1547 1076 accepit,
1581 1014 1643 1058 ut
1696 1009 1745 1059 et
1775 1020 1917 1058 sem-

256 1110 364 1165 per
419 1093 658 1148 scribere
722 1092 1075 1161 dignaretur,
1128 1098 1179 1147 et
1256 1092 1373 1149 haec
1424 1097 1634 1164 ageret,
1684 1100 1744 1145 ut
1794 1104 1920 1161 quae

251 1200 403 1239 nunc
460 1186 701 1239 correcta
748 1191 879 1237 sunt
910 1188 1110 1239 vestrae
1160 1184 1354 1252 gloriae
1405 1183 1733 1239 debeantur.
1776 1181 1909 1236 Cor-

260 1280 487 1329 rectum
521 1288 651 1327 esse
692 1272 818 1342 jam
860 1276 1134 1341 testatur,
1164 1278 1474 1344 cooperato
1531 1272 1589 1326 in
1628 1272 1683 1326 id
1714 1274 1920 1342 Augu-

266 1369 378 1434 sto,
414 1367 473 1418 et
506 1366 839 1417 revocatum
883 1362 1041 1433 quod
1102 1365 1321 1417 temere
1378 1361 1684 1417 Anatolius
1730 1366 1918 1415 atten-

260 1456 487 1509 taverat
519 1451 915 1523 perturbando
961 1450 1227 1505 ordinem
1278 1452 1507 1506 sedium
1541 1456 1597 1506 et
1625 1455 1918 1507 Constan-

258 1542 712 1613 tinopolitanam
746 1542 1068 1597 secundam
1112 1559 1144 1597 a
1202 1541 1466 1596 Romana
1526 1542 1915 1596 numerando.

258 1634 339 1688 Ex
396 1632 491 1687 his
544 1640 788 1703 apparet
845 1632 1202 1687 sententiam
1272 1631 1544 1703 rescripti
1611 1630 1915 1697 Marciani,

260 1724 418 1795 quod
453 1738 568 1777 non
622 1724 832 1787 exstat,
859 1737 987 1776 eam
1028 1721 1209 1776 fuisse
1251 1719 1506 1791 qualem,
1543 1721 1642 1790 qui
1674 1721 1915 1788 viderat,

257 1819 547 1890 expressit
578 1817 848 1873 Gelasius
876 1834 890 1873 :
924 1817 1162 1873 Probari
1181 1819 1292 1872 sibi
1320 1817 1717 1872 observantiam
1739 1820 1921 1873 sancti

259 1909 454 1964 Leonis
508 1906 573 1962 de
629 1906 874 1962 custodia
933 1922 1207 1961 canonum
1266 1915 1651 1977 paternorum,
1711 1911 1763 1962 et
1809 1906 1920 1963 sibi
1954 1937 1997 2002 Β

258 1997 486 2070 placere
522 2002 583 2050 ut
624 2005 675 2051 et
719 1996 853 2066 ﬁdes
912 1995 1136 2050 Nicwna
1169 2013 1331 2050 suam
1372 1995 1615 2051 obtineat
1674 1997 1921 2065 firmita-

265 2095 373 2143 tem
411 2095 461 2141 et
489 2084 799 2158 privilegia
828 2086 1199 2140 Ecclesiarum
1226 2085 1458 2139 illibata
1506 2089 1919 2155 permanerent.

264 2177 389 2239 Qua
413 2191 473 2230 re
504 2174 815 2230 deterritus
857 2175 1163 2230 Anatolius
1224 2174 1522 2229 humiliter
1574 2179 1631 2230 et
1678 2174 1925 2230 obnoxie

264 2269 471 2320 sancto
506 2264 678 2319 Leoni
710 2266 950 2334 scripsit
977 2263 1319 2331 signiﬁcans
1344 2281 1404 2319 se
1428 2264 1709 2320 desistere
1742 2282 1775 2319 a
1799 2281 1927 2335 pro-

271 2353 489 2427 posito.
541 2358 743 2409 Exstat
791 2353 911 2407 hec
965 2353 1217 2425 epistola
1263 2353 1321 2408 in
1382 2353 1619 2409 Collect.
1673 2354 1841 2409 Rom.
1893 2371 1927 2409 a

268 2460 328 2515 p.
374 2444 496 2511 132,
545 2458 613 2497 ex
671 2460 787 2513 qua
835 2442 928 2497 hic
988 2444 1314 2498 exscribam
1373 2460 1500 2515 quae
1560 2444 1631 2497 ad
1683 2444 1925 2499 demon-

270 2534 582 2588 strandum
617 2533 771 2604 quod
806 2532 925 2586 dixi
970 2532 1279 2603 pertinent.
1317 2533 1579 2587 Primum
1633 2533 1712 2587 ibi
1746 2534 1923 2604 proﬁ-

267 2627 427 2677 tetur
459 2622 781 2678 universim
841 2638 924 2689 se,
958 2637 1324 2693 quaecunque
1382 2624 1669 2693 imperata
1727 2623 1778 2677 ei
1836 2624 1926 2678 f0-

273 2715 406 2767 rent
437 2712 681 2767 Romani
715 2712 1011 2782 pontiﬁcis
1042 2711 1271 2778 litteris,
1306 2717 1576 2783 paratum
1625 2728 1754 2767 esse
1783 2713 1924 2767 obe-

268 2802 498 2857 dienter
555 2800 929 2873 exsequi;in
991 2818 1105 2871 quo
1162 2801 1316 2856 inest
1374 2801 1554 2856 tacita
1609 2801 1925 2857 declaratio

270 2890 528 2946 revocati
560 2891 774 2962 prioris
806 2891 899 2945 sui
953 2889 1181 2946 consilii
1216 2890 1371 2945 circa
1402 2891 1755 2945 desiderium
1790 2908 1919 2962 gra-

276 2982 388 3035 dus
420 2980 664 3035 secundi
706 2983 835 3050 post
866 2980 1189 3035 Romanam
1249 2980 1470 3045 sedem,
1505 2981 1660 3050 quod
1724 2980 1780 3033 id
1808 2980 1926 3034 cla-

279 3086 342 3125 re
372 3070 769 3138 improbatum
822 3069 882 3123 in
942 3069 1130 3123 sancti
1191 3069 1403 3123 Leonis
1450 3070 1687 3140 scriptis
1736 3070 1807 3125 ad
1867 3085 1931 3124 se

275 3168 489 3222 litteris
545 3168 785 3221 viderat.
822 3167 960 3237 Ejus
1008 3168 1132 3221 haec
1190 3168 1365 3221 verba
1420 3171 1561 3221 sunt
1599 3183 1611 3221 :
1646 3168 1783 3223 Nam
1832 3184 1929 3239 pe-

270 3259 428 3312 nitus
483 3257 624 3311 absit
682 3260 741 3311 ut
797 3272 890 3326 ego
942 3256 1042 3323 eis,
1106 3271 1441 3327 quaecunque
1498 3256 1648 3311 mihi
1695 3256 1932 3326 fuissent

2031 645 2204 716 Reg.:
2238 641 2335 696 Καὶ
2370 641 2611 716 μάλιστα
2641 644 2674 712 ἡ
2710 642 2761 697 ἐν
2793 641 3108 715 Χαλκηδόνι
3160 643 3385 709 σύνοδος
3420 647 3495 709 εἷς
3526 669 3682 712 περι-

2030 734 2185 800 ωπήν
2252 731 2510 807 μεγίστην
2571 732 2659 786 καὶ
2720 733 3035 809 πρωτίστην
3092 735 3182 789 τὸν
3244 742 3682 792 Κωνσταντινου-

2026 820 2245 883 πόλεως
2298 822 2489 896 θρόνον
2546 817 3013 895 ἂναϐιϐασαμὲνη,
3071 826 3166 885 τὰς
3214 825 3313 879 ἀνὰ
3350 827 3449 895 τήν
3498 826 3681 883 οἰκου-

2032 911 2197 983 μένην
2262 912 2467 964 ἅπασαν
2517 909 2816 982 διοικήσεις
2876 913 2979 966 ὑπὸ
3031 917 3221 969 τοῦτον
3283 913 3533 986 ἐποίησε.
3587 919 3681 975 Sic

2028 1013 2189 1065 Anna
2218 1026 2286 1064 ex
2319 1010 2516 1065 codice
2561 1011 2827 1082 pleniori,
2860 1015 3031 1082 cujus
3084 1013 3231 1067 mihi
3291 1020 3421 1086 post
3470 1017 3680 1073 editio-

2027 1116 2161 1154 nem
2222 1100 2388 1169 copia
2445 1099 2713 1170 contigit.
2749 1102 2953 1171 Itaque
3003 1102 3062 1156 in
3122 1107 3246 1157 tota
3292 1103 3404 1159 ista
3438 1123 3679 1176 prensa-

2029 1189 2186 1244 tione
2236 1188 2457 1242 summi
2507 1188 2746 1243 honoris
2779 1194 2955 1261 caput
3002 1190 3197 1261 ipsum
3233 1194 3356 1263 spei
3391 1210 3455 1248 ac
3516 1212 3679 1250 sum-

2032 1295 2129 1332 ma
2160 1276 2381 1331 ﬁduciae
2440 1278 3104 1350 Constantinopolitanis
3137 1281 3197 1336 in
3238 1299 3463 1339 canone
3510 1284 3681 1340 Chal-

2030 1368 2345 1423 cedonensi
2404 1369 2729 1440 repositum
2792 1369 2920 1423 fuit.
2955 1371 3446 1442 Desperatissima
3503 1375 3683 1446 igitur

2032 1474 2211 1513 causa
2240 1457 2503 1527 ipsorum
2534 1463 2625 1513 est
2655 1463 2712 1512 et
2744 1475 2990 1529 prorsus
3020 1461 3225 1515 insana
3287 1463 3510 1533 petitio,
3544 1480 3679 1519 cum

2031 1550 2166 1602 ante
2198 1547 2396 1602 omnia
2427 1548 2783 1618 deg’primalu
2836 1548 2895 1602 in
2959 1549 3293 1605 universum
3358 1553 3559 1607 orbem
3611 1570 3682 1609 ne

2029 1652 2132 1707 per
2164 1636 2460 1691 somnium
2495 1637 2732 1707 quidem
2786 1637 3278 1695 Chalcedonensis
3336 1656 3524 1696 canon
3584 1658 3682 1697 co-

2029 1726 2212 1796 gitet;
2243 1730 2368 1780 tum
2404 1726 2459 1780 id
2490 1726 2687 1797 ipsum
2723 1729 2878 1798 quod
2925 1744 3094 1799 agere
3148 1728 3352 1795 voluit,
3387 1736 3452 1785 ut
3484 1732 3682 1786 sedem

2028 1815 2740 1887 Constantinopolitanam
2778 1834 2845 1871 ex
2872 1822 3083 1888 quarto
3115 1819 3174 1872 in
3199 1821 3527 1876 secundum
3559 1838 3685 1892 pro-

2030 1911 2315 1975 moveret}
2346 1907 2619 1976 gradum,
2671 1905 3030 1963 reclamante
3089 1910 3347 1965 Romano
3408 1910 3681 1981 pontiﬁce

2032 1995 2266 2049 irritum
2300 1999 2357 2049 et
2386 1995 2595 2049 eﬁ‘ectu
2625 2013 2858 2051 cassum
2893 1998 3197 2053 manserit.
3230 2000 3309 2053 Ac
3340 1998 3476 2055 licet
3534 2005 3682 2056 tem-

2036 2084 2275 2155 poribus
2304 2083 2628 2139 Justiniani
2661 2088 2773 2140 seri
2828 2103 3197 2143 successores
3255 2090 3534 2155 Anatolii,
3566 2107 3681 2161 quo

2028 2174 2163 2244 jure
2221 2190 2403 2242 quave
2460 2173 2701 2243 injuria,
2758 2174 3147 2231 Alexandrino
3204 2177 3684 2249 Antiochenoque

2038 2260 2388 2333 patriarchia
2422 2264 2717 2333 prapositi
2778 2263 3049 2335 legantur
3101 2266 3159 2320 in
3216 2266 3465 2321 Novellis
3522 2268 3683 2323 illius

2036 2351 2431 2421 imperatoris,
2464 2355 2660 2407 tamen
2694 2353 2749 2406 id
2785 2353 2931 2408 citra
2960 2354 3371 2426 praejudicium
3398 2356 3685 2427 primatus

2036 2451 2307 2505 Romana:
2336 2451 2460 2505 sedi
2519 2454 2908 2523 competentis
2964 2454 3183 2509 factum
3245 2456 3551 2512 manifeste
3583 2458 3687 2512 de-

2037 2539 2221 2593 clarat
2278 2539 2405 2611 ipse
2462 2541 2842 2597 Justinianus
2914 2542 2973 2596 in
3032 2560 3139 2599 suo
3216 2545 3412 2599 codice
3464 2549 3526 2599 L.
3589 2546 3663 2600 Co

2035 2644 2315 2697 gnoscere,
2349 2629 2450 2682 ubi
2506 2630 2578 2683 de
2636 2631 2898 2686 Romano
2956 2632 3232 2703 pontiﬁce
3284 2632 3548 2704 loquitur
3598 2633 3687 2690 his

2035 2717 2228 2772 verbis
2255 2734 2267 2771 :
2295 2718 2403 2772 Nec
2431 2720 2581 2772 enim
2605 2719 2857 2789 patimur
2884 2723 2944 2775 ut
2968 2722 3278 2791 quidquam
3333 2738 3524 2777 eorum
3566 2739 3690 2794 qua:

2036 2805 2106 2860 ad
2155 2807 2583 2861 ecclesiasticum
2633 2808 2912 2879 pertinent
2968 2817 3189 2879 statum,
3223 2827 3337 2866 non
3388 2814 3557 2867 etiam
3614 2812 3689 2867 ud

2036 2894 2283 2966 ejusdem
2315 2895 2597 2966 referatur
2650 2897 3067 2965 beatitudinem,
3102 2917 3228 2955 cum
3281 2917 3347 2955 ea
3402 2901 3477 2956 sit
3524 2906 3689 2973 caput

2038 2984 2288 3039 omnium
2343 2986 2832 3042 sanctissimorum
2886 2988 2983 3043 Dei
3015 2989 3375 3046 sacerdotum.
3434 2990 3563 3046 Haec
3620 2991 3690 3046 il-

2038 3070 2224 3138 le;ad
2260 3088 2388 3142 quae
2433 3073 2518 3127 sic
2579 3074 2840 3141 adnotat,
2875 3074 3095 3147 alioqui
3157 3093 3364 3148 expers
3417 3077 3697 3133 Romanae

2041 3160 2493 3231 communionis,
2517 3161 2683 3233 Hugo
2717 3164 2974 3230 Grotius,
3013 3165 3071 3218 in
3113 3165 3408 3236 Sparsione
3443 3167 3692 3237 Florum,

2044 3266 2097 3320 p.
2133 3250 2274 3303 311i:
2312 3254 2441 3305 Haec
2467 3257 2731 3321 perpetua
2760 3254 2875 3323 fuit
2934 3256 3160 3321 piorum
3214 3257 3541 3326 principum
3578 3273 3699 3311 sen-

274 3347 546 3402 mandata
591 3362 688 3417 per
738 3307 977 3413 littaeras,
1029 3307 1392 3401 ,ad‘versarei'.
1438 3346 1662 3401 Deinde
1695 3307 1932 3401 Idistin-
1965 3307 2008 3373 C
2048 3341 2222 3394 tentia
2279 3341 2347 3396 ad
2414 3341 2673 3396 tuendam
2750 3307 3013 3399 licclesiaz
3084 3307 3357 3400 unitatem
3404 3307 3700 3417 Γρει-(μιαγη

278 3436 435 3491 ctius
484 3437 640 3491 circa
700 3436 940 3502 factum,
976 3435 1046 3489 de
1098 3451 1213 3506 quo
1268 3438 1573 3507 agebatur,
1605 3441 1848 3491 excusat
1878 3436 1935 3491 in

272 3527 438 3582 hunc
494 3526 774 3581 modum:
812 3526 883 3579 De
940 3525 1027 3579 his
1075 3529 1257 3579 autem
1297 3540 1422 3594 qua:
1478 3526 1939 3594 Constantinopo-

271 3616 470 3670 litanae
512 3614 697 3683 gratia
739 3615 890 3669 sedis
945 3613 1167 3668 sancila
1214 3618 1346 3667 sunt
1402 3613 1465 3668 in
1520 3614 1937 3669 Chalcedonen-

268 3707 325 3759 si
351 3721 527 3775 nuper
560 3704 871 3759 universali
901 3702 1127 3775 synodo,
1178 3718 1277 3773 pro
1308 3707 1455 3756 certo
1507 3704 1795 3757 beatitudo
1846 3720 1940 3757 ve-

267 3806 395 3850 stra
425 3794 545 3850 haec
589 3794 806 3860 habeat,
856 3793 1075 3847 nullam
1105 3807 1223 3846 esse
1269 3794 1489 3863 culpam
1520 3794 1580 3846 in
1622 3809 1729 3859 me,
1762 3792 1936 3846 homi-

268 3902 347 3939 ne
369 3901 467 3955 qui
497 3900 709 3954 semper
764 3882 939 3938 otium
998 3885 1047 3936 et
1104 3883 1364 3953 quietem,
1396 3882 1452 3934 in
1511 3882 1828 3935 humilitate
1857 3897 1943 3936 me

269 3984 585 4051 continens,
618 3983 685 4036 ab
717 3983 938 4037 ineunte
970 3996 1088 4034 mea
1117 3983 1280 4036 aetate
1310 3978 1605 4033 dilexerim
1631 3996 1641 4032 :
1673 3980 1765 4033 sed
1798 3978 1940 4034 Con-

269 4070 794 4142 stantinopolitanzr
825 4070 889 4141 [P
919 4070 1045 4139 465]
1078 4068 1326 4124 Ecclesia
1344 4070 1821 4123 reuerentissimus
1842 4069 1941 4124 cle-

274 4179 379 4218 rus
432 4164 531 4233 est,
560 4162 656 4231 qui
710 4160 807 4215 hoc
869 4160 1060 4214 habuit
1092 4159 1355 4225 studium,
1408 4163 1458 4212 et
1508 4159 1743 4212 istarum
1801 4176 1941 4229 par-

276 4250 430 4306 tium
489 4249 900 4319 religiosissimi
958 4249 1282 4315 sacerdotes,
1338 4250 1437 4317 qui
1494 4250 1552 4301 in
1623 4249 1720 4301 hoc
1784 4254 1943 4318 [uere

271 4339 567 4397 concordes
632 4348 685 4394 et
747 4339 857 4393 sibi
913 4340 1128 4408 pariter
1193 4338 1493 4409 adjutores.
1548 4337 1678 4391 Mox
1747 4342 1943 4392 autem

273 4430 681 4503 quodcunque
724 4432 1011 4483 tentatum
1072 4427 1130 4481 in
1184 4426 1291 4481 hoc
1324 4443 1534 4497 genere
1592 4427 1945 4481 fueratirri-

272 4525 409 4575 tum
470 4518 736 4590 agnoscit
794 4534 861 4573 ex
926 4532 1041 4587 quo
1104 4515 1251 4569 illud
1322 4516 1624 4571 Romanus
1685 4517 1946 4587 pontifex

274 4609 701 4679 ixnprobasset.
734 4606 828 4661 Sic
861 4605 1017 4659 enim
1052 4605 1333 4659 continuo
1368 4604 1679 4675 subjungit
1705 4622 1717 4659 :
1741 4604 1878 4659 Cum
1897 4612 1947 4661 et

2046 3430 2379 3485 necessaria.
2413 3431 2560 3485 Idem
2618 3431 2808 3486 dicunt
2844 3433 3291 3488 Valentiniamus
3351 3442 3401 3489 et
3451 3435 3705 3507 placidia

2050 3520 2110 3572 in
2168 3523 2318 3576 Actis
2376 3526 2509 3576 ante
2558 3520 2857 3577 concilium
2917 3522 3371 3593 Chalcedonense,
3398 3524 3611 3595 judices
3668 3542 3703 3580 a

2048 3610 2316 3665 Martiano
2374 3610 2515 3681 dati,
2549 3617 2602 3666 et
2660 3611 2781 3682 ipsa
2833 3612 3070 3683 synodus
3128 3612 3579 3669 Chalcedonensis
3621 3632 3697 3686 Iv,

2048 3704 2154 3753 act.
2221 3699 2307 3753 16.
2371 3700 2516 3755 Adde
2570 3702 2855 3757 Nocet/am
2915 3702 3039 3757 131.
3093 3705 3279 3769 Quare
3357 3703 3529 3759 aliam
3581 3721 3700 3759 suae

2049 3790 2399 3844 auctoritatis
2430 3790 2852 3861 independentis
2881 3792 3508 3864 Constantinopolitani
3562 3809 3704 3847 con-

2050 3877 2438 3932 ﬁrmationem
2466 3882 2748 3948 quaerant.
2777 3879 2922 3933 Nam
2946 3879 3065 3934 haec
3089 3880 3325 3950 quidem
3351 3897 3465 3953 qua
3492 3897 3553 3936 se
3594 3898 3704 3936 un-

2051 3966 2158 4021 nili
2191 3967 2468 4035 fatentur,
2495 3972 2552 4020 et
2582 3984 2803 4021 canone
2833 3967 3312 4036 Chalcedonensi,
3341 3969 3530 4041 palam
3555 3965 3704 4042 οἷ’χε·

2051 4075 2158 4124 ται,
2192 4072 2262 4110 ne
2293 4055 2440 4126 ipsis
2473 4056 2712 4127 quidem
2749 4059 2938 4126 (tanta
2969 4055 3055 4111 vis
3085 4058 3345 4112 veritatis
3374 4062 3503 4128 est),
3526 4060 3704 4114 etiam

2054 4158 2364 4224 postquam
2425 4152 2709 4208 Photiano
2785 4152 3107 4208 schismate
3177 4155 3425 4209 frontem
3486 4156 3703 4226 perfri-

2052 4247 2321 4310 cuerunt,
2372 4242 2748 4298 dissimulare
2803 4242 3099 4297 interdum
3158 4242 3517 4299 valentibus.
3554 4246 3703 4308 Quid

2055 4333 2210 4387 enim
2245 4330 2403 4386 aliud
2437 4331 2655 4386 indicat
2688 4332 2743 4385 id
2778 4333 2931 4402 quod
2979 4333 3253 4403 superius
3316 4332 3425 4388 hoc
3457 4334 3584 4404 ipso
3616 4336 3708 4389 est

2055 4422 2243 4492 capite
2275 4426 2598 4490 narratum,
2633 4425 3044 4493 congregatam
3092 4422 3203 4477 sub
3257 4421 3483 4477 Joanne
3543 4424 3706 4478 Duca

2052 4511 2405 4582 imperatore
2436 4509 2765 4565 Graecorum
2807 4511 3096 4581 synodum
3158 4510 3485 4567 decrevisse
3546 4512 3707 4583 lega-

2055 4602 2274 4656 tionem
2309 4601 2379 4655 ad
2415 4616 2646 4670 papam,
2679 4616 2795 4670 qua
2852 4599 3037 4655 functi
3097 4617 3159 4655 re
3216 4600 3347 4671 ipsa
3402 4600 3523 4656 sint
3579 4602 3709 4673 epi-

268 4696 363 4756 sic
392 4702 675 4769 gestorum
705 4696 789 4751 vis
818 4696 996 4751 omnis
1024 4699 1076 4748 et
1109 4692 1455 4763 conﬁrmatio
1486 4696 1823 4748 auctoritati
1852 4710 1938 4749 ve-
1972 4692 2019 4755 D
2054 4690 2213 4761 scopi
2277 4691 2414 4760 duo,
2474 4689 2785 4744 Sardensis
2842 4688 3234 4755 Andronicus,
3276 4693 3333 4744 et
3391 4688 3703 4760 Cyzicenus

270 4791 415 4845 sirm
472 4786 837 4843 beatitudinis
891 4785 1067 4855 fuerit
1126 4785 1283 4838 664
1338 4789 1638 4838 reservata.
1692 4786 1777 4839 Ita
1844 4784 1943 4840 ille

274 4878 431 4934 satis
476 4877 755 4946 judicans
816 4874 965 4930 nihil
1028 4878 1403 4929 consecutam
1455 4873 1589 4927 novi
1633 4874 1784 4943 juris
1844 4879 1945 4929 aut

274 4966 398 5023 loci
455 4963 1169 5035 Constantinopolitanam
1231 4963 1430 5017 sedem
1482 4978 1583 5032 per
1626 4961 1940 5018 Chalcedo-

278 5072 533 5112 nensem
566 5070 876 5118 canonem,
910 5052 1033 5124 qui,
1066 5056 1128 5106 ut
1159 5051 1275 5105 vim
1311 5050 1571 5119 haberet,
1608 5052 1943 5107 conﬁrmari

275 5145 555 5201 debuerit
613 5161 645 5199 a
702 5144 965 5199 Romano
1023 5139 1318 5213 pontiﬁce,
1355 5157 1491 5195 cum
1550 5157 1685 5196 eum
1744 5146 1941 5197 tamen

273 5243 384 5301 ille
419 5242 840 5313 reprobaverit.
881 5240 990 5296 Ubi
1041 5245 1129 5295 est
1182 5256 1321 5310 ergo
1381 5237 1483 5293 illa
1535 5240 1943 5310 possessioin-

271 5332 678 5405 dependentis
734 5331 1127 5398 auctoritatis,
1162 5334 1261 5384 aut
1295 5345 1410 5399 quo
1463 5329 1597 5398 jure
1652 5330 1721 5384 ac
1755 5346 1943 5401 quan-

277 5426 361 5479 do
398 5421 565 5487 inita,
601 5437 774 5493 quam
808 5436 870 5475 se
918 5420 1069 5474 tueri
1126 5423 1320 5473 certos
1373 5417 1469 5471 hic
1522 5417 1703 5473 Graeci
1756 5418 1944 5473 schis-

280 5510 1003 5570 maticiaflirmant‘?Sane
1029 5508 1109 5562 illi
1132 5508 1380 5562 fundum
1409 5508 1649 5561 unicum
1678 5512 1778 5561 aut
1801 5524 1945 5578 prae-

268 5603 527 5673 cipuum
560 5594 895 5669 αὐτονομίας
942 5597 1139 5665 istius,
1173 5601 1229 5652 et
1276 5596 1470 5651 liberas
1504 5595 1573 5650 ab
1636 5598 1793 5651 omni
1825 5597 1944 5652 Ro-

262 5707 462 5750 manaa
521 5687 684 5744 sedis
737 5685 1157 5758 jurisdictione
1248 5683 1577 5758 potestatis,
1629 5685 1946 5743 Chalcedo-

262 5796 519 5843 nensem
551 5778 732 5834 istum
767 5793 1053 5833 canonem
1091 5776 1431 5849 praedicant.
1489 5776 1781 5832 Audiatur
1840 5794 1944 5849 pro

2054 4779 2356 4849 Georgius,
2386 4795 2487 4850 per
2512 4795 2685 4849 quam
2711 4778 3123 4847 proﬁterentur
3142 4794 3198 4833 se
3226 4783 3453 4847 paratos
3483 4778 3710 4849 obsequi

2048 4870 2302 4939 pontiﬁci
2360 4869 2601 4923 Romana
2658 4868 2880 4938 ejusque
2934 4866 2997 4922 in
3054 4883 3212 4922 sacra
3262 4867 3409 4923 665
3472 4868 3707 4937 liturgia

2053 4960 2383 5014 mentionem
2402 4959 2514 5013 rite
2539 4960 2735 5025 facere,
2761 4959 2811 5012 si
2833 4959 2878 5012 is
2895 4959 3211 5013 societatem
3223 4957 3570 5028 abrumperet
3584 4973 3706 5012 cum

2054 5051 2268 5105 Latinis
2336 5048 2526 5103 urbem
2596 5046 3123 5118 Constantinopolim
3197 5047 3524 5112 tenentibus,
3593 5051 3705 5104 etc.

2054 5147 2253 5218 Neque
2286 5146 2465 5207 enim,
2492 5146 2631 5200 dum
2665 5145 2776 5199 hoc
2803 5144 3257 5216 pollicebantur,
3281 5145 3618 5216 novumjus
3649 5161 3713 5201 se

2056 5238 2315 5291 conferre
2376 5240 2637 5290 Romano
2698 5234 2953 5289 antistiti
3014 5236 3321 5306 putabant,
3381 5236 3481 5290 sed
3542 5247 3712 5291 vetus

2055 5331 2112 5382 et
2170 5327 2242 5381 ab
2299 5324 2504 5380 ultima
2559 5324 2861 5379 ﬁrmatum
2940 5325 3295 5396 antiquitate
3370 5340 3705 5396 agnoscere.

2057 5416 2204 5480 Quid
2231 5414 2392 5469 aliud
2451 5415 2817 5469 demonstrat
2866 5415 3043 5485 quod,
3076 5432 3134 5485 p.
3166 5416 3293 5481 214,
3324 5413 3568 5470 Michael
3597 5418 3708 5469 Pa-

2056 5505 2335 5574 lasologus
2364 5506 2669 5573 Augustus
2694 5504 2762 5558 ad
2797 5505 3086 5575 synodum
3111 5503 3442 5559 Graecorum
3469 5502 3703 5557 antisti-

2060 5599 2190 5650 tum
2224 5609 2525 5665 perurens,
2584 5592 2685 5647 ubi
2747 5596 2901 5647 esset
2956 5597 3202 5664 questus
3259 5593 3330 5646 de
3364 5590 3581 5645 duritie
3611 5606 3705 5645 ca-

2054 5683 2316 5740 nonibus
2344 5682 2625 5739 damnata
2655 5681 3000 5755 patriarchas
3028 5681 3259 5739 Arsenii
3292 5678 3560 5752 negantis
3592 5679 3707 5735 sibi

2051 5773 2335 5848 penitenti
2389 5772 2948 5841 reconciliationem,
2981 5775 3270 5844 tanquam
3318 5785 3389 5827 ex
3442 5768 3711 5826 doctrina
