4072 6386
508 384 648 442 1127

1554 388 1617 443 Ρ.
1655 386 1936 442 POSSINI
1970 384 2587 443 OBSERVATIONUM
2622 388 2758 444 LIB.
2799 390 2872 446 II.

3762 401 3865 459 H28

507 528 638 584 quae
679 512 739 568 in
798 512 1065 569 confesso
1121 513 1277 585 apud
1335 528 1542 569 omnes
1596 518 1771 581 esset,
1806 511 1888 566 ait
1943 520 2158 582 tempus
2187 512 2242 579 Α
2272 511 2437 601 sibus
2468 512 2760 585 Eunomii,
2791 514 3115 573 Macedonii
3169 523 3227 576 et
3255 519 3506 577 aliorum
3561 525 3731 581 sancti
3767 528 3869 601 Spi.

506 618 622 657 esse
650 602 975 672 procidendi
1028 602 1097 657 ad
1151 602 1312 673 pedes
1368 617 1525 673 papa:
1584 603 1764 657 Romae
1821 601 2081 670 sedentis,
2114 609 2166 655 et

507 692 575 746 ab
607 707 668 746 eo
697 692 1023 763 suppliciter
1049 691 1269 762 petendi
1297 692 1540 747 salutare
1584 687 1799 762 peccati
1836 690 2163 755 remedium,

509 784 623 837 nisi
679 789 904 838 certum
961 788 1019 837 et
1081 783 1299 837 nemini
1363 781 1690 837 dubitabile
1740 783 1840 851 jus
1897 796 2047 846 esse,
2111 778 2161 835 si

506 874 742 943 quando
772 872 1466 941 Constantinopolitanus
1520 870 1851 942 patriarcha
1900 887 1932 924 a
1962 868 2164 941 regula

507 960 828 1031 disciplinas
864 960 1075 1015 veteris
1098 960 1420 1026 deﬂexerit,
1451 960 1801 1031 provocandi
1863 959 1933 1014 ad
1968 957 2161 1030 ponti-

504 1052 671 1106 ficem
708 1051 1037 1105 Romanum
1074 1054 1130 1104 et
1170 1050 1241 1104 ab
1273 1065 1339 1104 eo
1397 1049 1506 1104 rite
1565 1050 1799 1121 petendi
1858 1049 2161 1104 sumendi-

505 1158 619 1212 que
643 1157 771 1211 quaa
794 1140 1012 1209 injuste
1042 1156 1073 1193 a
1104 1138 1757 1209 Constantinopolitano
1785 1138 1906 1192 sint
1928 1143 2156 1209 negata.

500 1235 626 1285 Non
663 1228 845 1299 igitur
877 1227 1141 1297 legitima
1168 1227 1462 1297 possessio
1485 1226 1607 1282 haec
1631 1227 1757 1293 fuit,
1781 1228 1879 1282 sed
1908 1226 2159 1298 iniquis-

500 1319 653 1375 sima
687 1317 992 1389 usurpatio
1043 1317 1389 1371 auctoritatis
1446 1316 1879 1386 independentis,
1914 1316 1998 1386 [P.
2034 1316 2158 1387 466]

498 1425 676 1480 quam
708 1424 770 1463 se
802 1412 1021 1461 temere
1046 1406 1117 1459 ad
1145 1411 1473 1460 extremum
1502 1404 1647 1460 velle
1681 1404 1776 1459 hic
1800 1404 2157 1460 schismatici

498 1501 811 1553 testantur.
873 1495 983 1550 Sed
1047 1494 1150 1564 qui
1209 1510 1279 1548 ex
1336 1494 1481 1565 ipsis
1515 1500 1617 1549 aut
1647 1510 1849 1550 eorum
1910 1495 2159 1565 posteris

498 1591 701 1660 postea
756 1584 1154 1655 resipuerunt,
1185 1599 1311 1638 eam
1374 1583 1747 1650 abdicarunt,
1788 1587 1851 1637 ut
1906 1583 2155 1654 professi

499 1676 709 1732 deinde
741 1677 882 1729 sunt
910 1672 967 1726 in
1002 1671 1247 1727 concilio
1279 1671 1636 1742 Florentino,
1668 1688 1815 1727 sess.
1848 1672 1940 1738 25,
1973 1688 2028 1742 p.
2051 1672 2159 1726 516

500 1766 592 1819 ed.
628 1765 765 1835 Reg.
790 1763 884 1817 his
912 1761 1140 1816 verbis:
1176 1759 1306 1833 Περὶ
1337 1766 1437 1829 τῆς
1464 1759 1645 1834 ἀρχῆς
1665 1763 1762 1814 τοῦ
1793 1760 1987 1813 πάππα
2019 1759 2156 1831 ὀμο-

382 1914 393 1919 ,
501 1852 769 1928 λογοῦμεν
831 1850 989 1904 αὑτὸν
1043 1847 1205 1925 ἄκρον
1258 1848 1519 1924 ἀρχιερέα
1576 1850 1665 1902 καὶ
1720 1848 2014 1923 ἐπίτροπον
2064 1849 2155 1902 καὶ

495 1941 884 2014 τοποτηρητήν
933 1940 1022 1995 καὶ
1081 1940 1326 2015 βικάριον
1371 1942 1467 1992 τοῦ
1513 1939 1769 2012 Χριστοῦ,
1818 1938 2054 2010 ποιμένα
2094 1956 2153 1991 τε

496 2033 587 2088 καὶ
647 2029 976 2086 διδάσκαλον
1034 2030 1246 2083 πάντων
1303 2033 1663 2104 Χριστιανῶν,
1714 2027 1909 2082 ἰθύνειν
1958 2048 2015 2081 τε
2061 2027 2151 2082 καὶ

497 2117 758 2197 κοϐερνᾷν
789 2122 888 2189 τὴν
920 2118 1248 2188 Ἐκκλησίαν
1284 2122 1383 2172 τοῦ
1441 2121 1596 2173 Θεοῦ.
1628 2120 1700 2174 De
1755 2121 2003 2189 primatu
2046 2136 2150 2189 pa-

498 2230 581 2286 pae
611 2213 935 2282 conﬁtemur
956 2212 1141 2281 ipsum
1160 2225 1440 2263 summum
1460 2208 1777 2279 pontiﬁcem
1788 2212 1839 2263 et
1867 2210 2152 2278 dispensa—

499 2311 695 2372 torem,
726 2309 775 2355 et
805 2300 983 2355 locum
1014 2306 1283 2353 tenentem
1332 2314 1398 2353 ac
1454 2299 1733 2353 vicarium
1791 2297 2014 2364 Christi,
2046 2314 2147 2368 pa-

494 2398 810 2461 storemque
838 2393 890 2444 et
937 2388 1205 2442 doctorem
1254 2386 1509 2440 omnium
1566 2386 2033 2454 Christianorum,
2068 2402 2150 2440 re-

492 2497 727 2553 gereque
756 2496 820 2534 ac
862 2478 1175 2549 gubernare
1231 2477 1529 2530 Ecclesium
1561 2474 1679 2530 Dei.
1713 2475 1857 2531 Cum
1908 2492 2023 2546 quo
2058 2475 2148 2545 ip-

490 2571 576 2626 sis
610 2569 965 2642 permissum
1021 2572 1128 2631 est,
1162 2564 1578 2620 dissimulante
1633 2568 1870 2636 propter
1927 2565 2145 2619 bonum

488 2661 651 2733 pacis
677 2658 953 2726 Ecclesia,
984 2660 1046 2710 ut
1073 2672 1247 2710 suum
1280 2654 1999 2726 Constantinopolitanum
2044 2671 2144 2724 pa-

490 2750 807 2806 triarcham
840 2745 1234 2802 Alexandrino
1267 2749 1692 2815 praeponerent,
1720 2749 1894 2815 prout
1925 2743 2143 2797 ibidem

491 2839 690 2894 statim
727 2839 953 2892 addunt
980 2852 992 2891 :
1029 2838 1185 2902 Σωζο
1220 2833 1395 2906 μὲνων
1426 2836 1535 2886 τῶν
1560 2832 1880 2905 προνομίων
1912 2830 2002 2885 καὶ
2033 2835 2140 2886 τῶν

489 2925 711 2981 δικαίων
755 2928 863 2978 τῶν
910 2926 1265 2999 πατριαρχῶν
1315 2929 1414 2991 τῆς
1458 2920 1781 2989 Ἀνατολῆς,
1834 2922 1926 2975 τὸν
1987 2923 2146 2977 Κων-

488 3014 990 3076 σταντινουπόλεως
1044 3010 1312 3085 δεύτερον,
1374 3012 1504 3066 εἶναι
1566 3012 1701 3083 μετὰ
1740 3010 1833 3065 τὸν
1893 3013 2141 3079 πάππαν,

487 3104 599 3160 εἶτα
656 3106 747 3159 τὸν
805 3097 1245 3175 Ἀλεξανδρείας,
1311 3106 1425 3157 etc.
1478 3102 1660 3158 Salvis
1715 3101 2031 3173 privilegiis
2092 3105 2141 3157 et

470 3198 701 3267 furibus
726 3194 1179 3267 patriarcharum
1242 3192 1513 3258 Orientis,
1555 3195 1619 3245 ut
1674 3192 2139 3261 Constantinopo-

2275 599 2424 655 ritus
2456 601 2825 658 divinitatem
2857 607 3351 677 oppugnantium,
3380 610 3549 681 quasi
3578 627 3643 667 ex
3667 630 3728 670 eo
3752 599 3870 687 quod

2274 688 2345 743 de
2376 688 2517 745 Filio
2549 690 2674 746 solo
2708 691 2924 748 diserte
2958 696 3169 752 fuisset
3198 696 3254 751 in
3300 714 3515 770 magna
3567 704 3766 773 synodo
3791 708 3867 759 Νῆα

2273 794 2433 833 caena
2463 779 2793 835 deﬁnitium
2826 783 3395 841 consubstantialem
3425 804 3554 844 eum
3586 793 3726 846 Patri
3756 810 3870 862 esse,

2274 866 2344 922 de
2421 867 2638 938 Spiritu
2721 876 2925 926 sancto
3012 878 3674 945 sequeretur,*minime
3740 882 3870 939 illum

2273 972 2307 1011 a
2336 955 2507 1012 Patre
2539 960 2868 1028 procedere,
2899 960 3255 1019 celebratum
3288 970 3379 1020 est
3433 970 3868 1042 Constantinopo-

2272 1043 2312 1098 li
2388 1047 2699 1102 concilium
2779 1050 3051 1119 generale
3121 1054 3450 1111 secundum
3526 1056 3785 1114 indictum
3847 1080 3871 1116 ι

2274 1138 2521 1189 Damaso
2554 1153 2725 1209 papa,
2777 1144 3159 1197 convocatum
3191 1145 3253 1208 fa
3306 1143 3633 1201 Theodosio
3686 1150 3870 1205 seniore

2269 1226 2554 1293 Augusto,
2587 1226 2646 1280 in
2680 1229 2834 1298 quod
2882 1238 3282 1287 convenerunt
3339 1239 3573 1289 centum
3630 1238 3867 1307 quinqua-

2269 1314 2433 1385 ginta
2463 1316 2723 1387 episcopi
2753 1335 2906 1373 anno
2938 1319 3152 1376 Christi
3176 1322 3300 1376 381.
3330 1322 3413 1378 Ibi
3435 1324 3705 1380 damnata
3730 1332 3871 1382 Pneu-

2272 1404 2779 1461 matomachorum
2839 1408 3230 1479 blasphemia,
3263 1412 3457 1466 visum
3507 1422 3592 1468 est
3647 1414 3867 1471 Patribus

2269 1495 2684 1564 apponendum
2714 1496 2939 1566 aliquid
2970 1497 3201 1554 Nicaeuo
3234 1502 3527 1573 symbolo,
3560 1504 3703 1574 quod
3734 1505 3865 1560 istam

2269 1583 2545 1654 deinceps
2607 1584 2875 1640 haeresim
2935 1588 3270 1657 perimeret.
3318 1595 3455 1646 Haec
3514 1592 3686 1663 igitur
3735 1596 3867 1648 verba

2268 1671 2317 1726 ei
2350 1673 2631 1741 adjuncta
2685 1678 2825 1729 tunc
2882 1679 3023 1730 sunt
3056 1692 3069 1729 :
3102 1677 3167 1731 Et
3226 1680 3285 1733 in
3341 1680 3618 1750 Spiritum
3665 1690 3865 1736 sanctum

2268 1765 2564 1816 Dominum
2596 1772 2646 1818 et
2675 1763 3082 1833 viviﬁcantem,
3106 1765 3205 1837 qui
3240 1783 3310 1822 ea:
3339 1769 3509 1824 Patre
3532 1770 3772 1840 procedit,
3796 1772 3866 1841 qui

2264 1866 2389 1903 cum
2421 1851 2589 1905 Patre
2615 1858 2669 1906 et
2700 1853 2841 1907 Filio
2870 1852 3041 1907 simul
3070 1853 3344 1910 adoratur
3375 1861 3431 1911 et
3458 1857 3865 1927 conglori/icatur,

2266 1940 2363 2009 qui
2385 1940 2594 1993 locutus
2615 1945 2696 1994 est
2713 1957 2812 2010 per
2828 1941 3136 2012 prophetas.
3157 1944 3307 1999 Salis
3330 1944 3443 2000 hoc
3463 1945 3647 2001 visum
3672 1947 3733 2000 ad
3756 1963 3861 2017 pre-

2264 2033 2489 2083 sentem
2515 2045 2713 2083 usum.
2738 2029 2847 2083 Sed
2875 2047 3005 2085 cum
3034 2030 3293 2086 insanire
3317 2032 3695 2089 nihilominus
3716 2034 3846 2088 Euno

2264 2118 2448 2172 miani
2511 2122 2840 2190 pergerent,
2892 2120 3057 2191 sequi
3117 2136 3186 2175 ex
3244 2126 3466 2178 statuto
3522 2124 3773 2194 dogmate
3816 2122 3859 2176 ﬁ-

2263 2207 2405 2261 lium
2441 2207 2569 2261 Filii
2598 2207 2883 2279 Spiritum
2908 2208 3058 2263 667
3086 2216 3360 2265 sanctum
3388 2229 3516 2268 esse
3535 2214 3854 2277 cavillantes;

2261 2308 2416 2378 quod
2479 2310 2673 2361 autem
2736 2306 2880 2362 satis
2938 2312 3236 2366 constaret
3295 2312 3535 2368 unicum
3588 2328 3706 2368 esse
3752 2326 3857 2365 con-

2261 2395 2709 2451 substantialem
2774 2396 2925 2450 Patri
2986 2397 3223 2469 Filium,
3270 2402 3558 2474 Spiritum
3611 2404 3853 2459 sanctum,

2259 2486 2359 2557 qui
2395 2484 2522 2540 Filii
2566 2485 2722 2541 (ilius
2779 2490 2955 2551 esset,
2990 2503 3023 2541 a
3079 2489 3411 2547 divinitatis
3469 2489 3852 2563 participatione

2259 2576 2679 2630 removendum
2713 2580 2769 2630 et
2799 2576 2871 2630 ad
2905 2582 3310 2651 creaturarum
3366 2580 3609 2637 classem
3659 2578 3852 2635 submo-

2257 2665 2509 2720 vendum
2568 2664 2808 2719 omnino
2838 2667 3266 2737 essezquidam
3330 2676 3395 2725 ut
3450 2668 3545 2724 isti
3599 2680 3851 2740 argumen-

2256 2753 2462 2808 tationi
2530 2760 2925 2820 occurrerent,
2986 2771 3195 2827 negare
3259 2762 3563 2830 cca-perunt
3620 2754 3848 2827 Spiritum

2256 2860 2289 2897 a
2340 2841 2481 2897 Filio
2542 2842 2954 2913 procedre,sic
3014 2848 3079 2899 ut
3137 2845 3284 2917 ipsis
3343 2848 3665 2911 videbatur,
3718 2842 3849 2914 plau-

2255 2931 2488 2985 sibilius
2520 2931 2790 3001 rejecturi
2850 2932 3281 2990 Eunemianum
3341 2936 3656 3007 sophisma,
3687 2931 3849 2986 recita-

2252 3026 2379 3075 tum
2409 3038 2439 3075 a
2471 3026 2673 3076 sancto
2705 3020 2917 3077 Basilio
2948 3023 3008 3077 in
3062 3040 3235 3095 opere
3291 3032 3499 3081 contra
3552 3019 3847 3080 Eunomium

2254 3109 2346 3164 his
2403 3110 2634 3164 verbis:
2689 3107 2865 3164 Ἀλλά
2923 3109 3116 3186 λὲγεις.
3182 3113 3250 3168 Ei
3310 3118 3446 3168 Θεοῦ
3506 3113 3597 3186 μὶν
3656 3104 3846 3164 εἰκὼνὸ

2250 3198 2394 3265 Υἱὸς,
2456 3198 2585 3251 Υἱοῦ
2643 3194 2700 3251 δὲ
2754 3197 2817 3252 τὸ
2877 3200 3120 3273 Πνεῦμα,
3178 3202 3269 3256 καὶ
3326 3203 3374 3257 εἰ
3426 3206 3558 3257 Θεοῦ
3595 3200 3682 3273 μὲν
3712 3194 3844 3267 Λόγος

480 3286 688 3341 titanus
716 3283 987 3340 secundus
1000 3284 1073 3337 sit
1096 3299 1134 3335 α
1160 3298 1327 3353 papa,
1348 3280 1542 3335 deinde
1564 3279 1994 3348 Alexandrinus,
2019 3285 2128 3335 etc.

2249 3288 2273 3341 δ
2332 3287 2478 3356 Υἱὸς,
2539 3286 2691 3363 ῥῆμα
2749 3284 2806 3342 δὲ
2863 3289 2990 3343 rios
3025 3267 3115 3343 ’τό
3165 3295 3409 3365 Πνεῦμα,
3456 3290 3542 3345 διὰ
3587 3267 3635 3342 ἐι
3666 3286 3731 3360 μὴ
3758 3283 3843 3341 uia:

550 3394 686 3465 Pag.
722 3394 846 3447 368.
885 3391 1205 3461 Cauponum
1230 3392 1281 3443 et
1308 3388 1782 3443 illiberalissortis
1812 3387 2134 3443 homuncio-

478 3499 634 3538 num.
671 3482 888 3537 Idiotas
916 3480 1157 3535 Latinos
1185 3483 1239 3533 et
1270 3494 1385 3547 pra:
1444 3493 1506 3531 se
1547 3474 1694 3531 viles
1748 3476 2132 3546 superficilio-

479 3572 703 3628 sissimi
735 3576 791 3627 et
823 3571 974 3625 fastu
1037 3568 1197 3623 inani
1255 3566 1472 3637 turgidi
1532 3565 1894 3621 schismatici
1957 3567 2134 3622 babe-

480 3662 642 3727 bant,
676 3661 925 3729 ideoque
958 3658 1076 3712 illis
1118 3657 1387 3728 quamvis
1447 3656 1759 3711 manifesto
1782 3655 1917 3723 jure
1974 3656 2131 3711 debi-

478 3755 597 3804 tam
622 3747 1044 3818 subjectionem
1069 3749 1303 3816 negant,
1328 3744 1585 3800 immane
1603 3750 1885 3816 quantum
1912 3764 1944 3801 a
1969 3746 2131 3802 Chri-

476 3838 671 3892 stiana
710 3834 1044 3892 humilitate
1091 3834 1496 3902 abhorrentes,
1530 3852 1659 3906 quae
1704 3835 2024 3906 piscatores
2055 3837 2127 3891 ab

475 3926 643 3981 initio
675 3924 1045 3996 philosophis
1077 3925 1359 3996 praetulit.
1392 3925 1499 3980 Sed
1558 3925 1729 3979 istam
1792 3926 2126 3996 superbiam

464 4018 628 4087 justa
651 4015 798 4069 ultio
818 4014 1067 4086 excepit,
1091 4019 1155 4068 ut
1178 4013 1277 4086 qui
1302 4014 1512 4083 subjici
1538 4014 1880 4085 apostolicis
1911 4014 2127 4069 Christi

472 4103 712 4159 vicariis
745 4103 1173 4158 contumaciter
1213 4102 1560 4174 spreverint,
1591 4104 1857 4175 tyrannis
1916 4103 2124 4158 barba-

471 4194 551 4249 ris
580 4192 912 4249 miserrime
944 4209 1100 4247 nunc
1134 4193 1413 4247 serviant.

544 4302 696 4357 666
728 4306 786 4355 P.
820 4301 945 4354 37?.
980 4301 1275 4355 Attentatm
1305 4297 1609 4353 additionis
1663 4298 1738 4354 ad
1792 4299 2121 4370 symbolum.

470 4394 819 4461 Magnopere
850 4405 913 4445 se
952 4393 1251 4444 ostentant
1309 4388 1364 4441 in
1428 4387 1537 4441 hac
1597 4390 1816 4459 passim
1877 4388 2123 4445 historia

467 4477 831 4535 schismatici
865 4476 1047 4533 (ἓνωοί
1078 4492 1147 4532 ex
1177 4476 1285 4531 hoc
1317 4475 1464 4543 loco,
1498 4477 1667 4547 quasi
1720 4477 2006 4548 quidquid
2049 4479 2120 4534 de

466 4570 743 4639 dogmate
776 4566 1171 4637 processionis
1202 4564 1643 4636 Spiritu'sancti
1678 4581 1745 4619 ex
1775 4566 1938 4621 Patre
1971 4568 2121 4637 pari-

2244 3376 2373 3429 Υἱοῦ
2445 3376 2508 3430 τὸ
2567 3377 2790 3449 Πνεῦμα
2846 3373 3087 3453 εἷ’ρηταις
3156 3379 3338 3453 τούτῳ
3395 3381 3493 3455 γὰρ
3554 3372 3840 3451 ἰσχυροτάτῳ

2243 3466 2379 3540 πρὸς
2453 3460 2698 3519 ἀσέϐειαν
2776 3466 3022 3541 ἐχρήσω.
3098 3469 3172 3525 ’Ἠ
3248 3470 3357 3547 γὰρ
3434 3470 3544 3523 υἱὸν
3598 3466 3631 3535 ἢ
3683 3460 3839 3547 atticus

2240 3551 2481 3615 κελεύεις
2535 3559 2724 3623 νοεῖν,
2782 3555 2871 3608 καὶ
2931 3554 3014 3610 ὅτι
3077 3557 3153 3629 μὴ
3219 3546 3339 3621 υἱὸξ
3399 3557 3724 3630 ὠνόμασται,
3774 3546 3837 3601 διὰ

2241 3648 2402 3697 λοῦτο
2449 3642 2653 3715 κτίσμα
2710 3643 2843 3697 εἶναι
2907 3641 3278 3723 βλασφῆμεῖς.
3344 3653 3555 3705 Verum
3610 3644 3835 3699 adversus

2240 3742 2387 3798 hanc
2444 3742 2951 3812 imperitissimam
2986 3747 3434 3816 responsionem
3484 3736 3832 3801 reclamarunt,

2240 3833 2629 3904 praeservatim
2646 3831 2703 3887 in
2727 3832 3057 3901 Occidente,
3074 3835 3382 3902 Catholici,
3407 3826 3833 3902 utrumqueluna

2240 3922 2626 3977 orthodoxum
2660 3938 2943 3977 canonem
2979 3939 3047 3977 ex
3077 3941 3244 3995 isquo
3308 3922 3683 3998 proﬁtendum
3711 3911 3831 3968 afﬁr-

2240 4017 2489 4080 mantes,
2522 4017 2579 4066 et
2610 4012 2921 4082 procedere
2954 4019 3224 4069 sanctum
3258 4016 3540 4088 Spiritum
3594 4024 3656 4064 ex
3704 4004 3827 4088 Patre

2237 4100 2416 4156 simul
2450 4106 2507 4155 et
2540 4101 2699 4166 Filio,
2734 4106 2792 4155 et
2821 4107 3017 4156 tamen
3049 4120 3183 4157 eum
3216 4082 3322 4159 nec
3379 4100 3564 4159 Patris
3618 4110 3705 4151 nec
3732 4082 3824 4143 Filii

2236 4191 2423 4245 filium
2457 4206 2605 4245 esse.
2639 4193 2718 4245 Ac
2752 4192 3263 4262 perseverantibus
3293 4194 3507 4251 Graecis
3537 4178 3823 4260 quibusdam

2235 4280 2293 4333 in
2324 4279 2591 4351 negando
2644 4284 2912 4336 sanctum
2965 4280 3250 4352 Spiritum
3305 4281 3508 4339 aFilio
3555 4268 3819 4349 procedere,

2232 4380 2289 4431 et
2320 4377 2377 4431 in
2411 4376 2501 4430 sui
2531 4375 2743 4431 erroris
2792 4377 3300 4435 conﬁrmationem
3356 4373 3670 4452 symbolum
3709 4362 3815 4452 Coll'

2230 4464 2821 4537 stantinopolitanum
2883 4467 3276 4539 rapientibus,
3308 4445 3534 4540 in'quo
3563 4445 3812 4540 solum_dif

2230 4564 2456 4609 ceretur
2513 4555 2799 4626 Spiritum
2854 4571 2923 4611 ex
2958 4538 3157 4612 iPatre
3218 4538 3546 4628 procedere,
3612 4538 3804 4628 theologi

467 4623 580 4713 ter”
612 4674 677 4711 ac
734 4623 879 4710 Filio
939 4623 1261 4719 statuatur;
1317 4654 1521 4726 fugere
1585 4653 1765 4708 Latini
1826 4623 2119 4725 nequeant
2148 4636 2195 4701 D
2228 4644 2448 4717 passim
2480 4623 2808 4711 orthodoxi,
2843 4644 3165 4715 praesertim
3198 4623 3395 4704 Itonia:
3417 4661 3481 4701 ac
3512 4655 3609 4713 per
3635 4623 3798 4726 profin'

465 4745 607 4816 quin
642 4743 849 4800 saltem
879 4742 1227 4799 temeritatis
1260 4742 1586 4797 manifestae
1603 4746 1935 4813 teneantur,
1960 4746 2114 4816 quod

468 4833 745 4907 Symbolo
794 4830 1447 4903 Constantinopolitano
1479 4846 1674 4885 vocem
1706 4830 1962 4902 Filioque
2000 4851 2115 4889 non

468 4922 868 4981 dubitaverint
897 4922 1242 4992 adjungere.
1277 4920 1466 4984 Quare
1496 4920 1898 4976 necessarium
1921 4923 2117 4979 existi-

467 5034 562 5072 mo
595 5017 1023 5081 demonstrare,
1059 5012 1214 5084 quod
1274 5010 1427 5066 clare
1469 5026 1562 5065 me
1595 5011 1885 5067 facturum
1920 5031 2113 5085 spero,

466 5103 689 5159 nullam
725 5104 782 5159 in
844 5103 954 5159 hoc
1012 5100 1402 5157 temeritatem
1458 5098 1661 5154 fuisse.
1698 5100 1779 5167 Id,
1815 5102 1876 5157 ni
1926 5103 2114 5174 fallor,

464 5209 745 5265 assequar
816 5193 1048 5247 duobus
1119 5188 1389 5261 captibus
1467 5188 1806 5258 tractandis,
1861 5208 2113 5261 quorum

466 5282 631 5354 prius
670 5281 955 5337 historiam
1015 5285 1072 5335 et
1127 5283 1357 5350 factum,
1390 5277 1639 5333 alterum
1689 5279 1786 5349 jus
1811 5279 1978 5351 facti,
2012 5298 2112 5337 ra-

465 5373 654 5428 tiones
685 5371 910 5427 scilicet
939 5370 1014 5424 ob
1063 5386 1208 5439 quas
1242 5367 1425 5423 Latini
1483 5367 1541 5422 id
1602 5367 1748 5423 citra
1806 5368 1989 5425 ullam
2018 5374 2113 5442 ju-

464 5470 617 5519 stam
652 5459 1163 5533 reprehensionem
1199 5474 1369 5530 agere
1400 5463 1735 5530 potuerunt,
1766 5459 2021 5517 dilucide
2046 5480 2113 5519 ac

463 5552 721 5608 breviter
748 5551 1014 5618 exponet.

536 5640 622 5708 [P.
656 5638 779 5708 467]
819 5634 1069 5692 Historia
1126 5633 1255 5701 ejus
1314 5634 1631 5690 additionis
1684 5636 1769 5691 sic
1801 5654 1862 5693 se
1916 5637 2109 5694 habet.

466 5729 613 5803 Cum
671 5725 889 5784 exortis
947 5727 1080 5794 post
1128 5721 1343 5779 Ariona
1389 5725 1657 5793 tempora
1715 5726 1883 5784 novis
1926 5727 2111 5784 hisre-

2228 4734 2349 4790 oias
2381 4733 2570 4788 Latini
2630 4733 2800 4800 ritus,
2828 4735 3318 4791 contestabantur
3362 4736 3444 4791 ita
3493 4726 3601 4786 dici
3631 4724 3679 4777 in
3707 4718 3803 4769 Con’

2228 4821 2755 4894 stantinopolitano
2788 4820 3061 4892 Symbolo
3087 4824 3369 4894 Spiritum
3400 4841 3432 4879 a
3460 4824 3619 4875 Patre
3666 4811 3809 4894 ρΐίζοθ·

2226 4914 2382 4979 dere,
2414 4918 2479 4966 ut
2511 4929 2625 4967 non
2653 4911 2998 4968 excludatur
3053 4914 3415 4969 consortium
3458 4906 3599 4968 Filii,
3628 4894 3705 4954 cui
3730 4888 3807 4943 Pa-

2224 5008 2312 5058 ter
2341 5002 2541 5058 omnia
2576 5018 2681 5057 sua
2721 5001 3118 5057 communicet
3175 5008 3385 5074 praeter
3439 5012 3560 5055 esse
3609 4988 3807 5043 Ραῖτθωο

2225 5117 2291 5156 ac
2323 5103 2751 5170 consequenter
2780 5099 3163 5171 spirationem
3195 5116 3425 5172 quoque
3453 5092 3674 5151 activam
3704 5085 3807 5172 eos:

2224 5193 2390 5257 ferat,
2424 5160 2541 5261 qua
2571 5188 2669 5243 ille
2724 5160 2831 5243 ﬁat
2865 5205 3065 5245 secum
3123 5160 3347 5245 unum.
3387 5182 3622 5259 Spiritus
3664 5160 3806 5261 stultii

2223 5279 2576 5362 principiqm
2603 5298 2617 5347 ;
2653 5294 2833 5349 quare
2846 5295 2980 5333 cum
2994 5284 3237 5333 sanctus
3254 5278 3499 5353 Spiritus
3512 5287 3543 5323 a
3561 5258 3801 5362 Petraitis;1

2224 5341 2777 5443 ὲυοωόᾱόουὲιέυθ,
2798 5370 2899 5423 sed
2935 5386 3037 5441 per
3061 5341 3381 5438 Filium,-ut
3400 5367 3587 5421 Patres
3610 5341 3800 5443 quidff“

2223 5432 2405 5515 ἀι·ωοί
2462 5432 2868 5529 loquerentur,
2907 5432 3203 5531 procedat,
3258 5432 3387 5516 vere
3428 5456 3480 5509 et
3527 5444 3590 5501 εδ
3638 5432 3800 5531 “Pdf-

2224 5566 2353 5604 rum
2387 5566 2627 5604 sensum
2660 5548 2935 5620 explicari
2967 5542 3646 5620 Constantinopolitanum

2219 5637 2443 5701 bolum,
2478 5655 2593 5710 quo
2624 5606 2753 5692 loco
2797 5638 2878 5692 ait
2934 5637 3223 5709 Spiritum
3283 5606 3539 5694 sanctum
3589 5635 3617 5672 8
3665 5606 3799 5710 Ρδξξθ

2222 5701 2536 5801 procedere
2566 5727 2941 5799 adjungendo
2977 5701 3125 5784 .eum
3163 5745 3199 5784 a
3240 5728 3381 5784 Filio
3435 5717 3642 5792 quoque
3688 5701 3792 5765 pro-
