  <div class='ocr_page' id='page_1' title='image "/cluster/home/n/w/nwhite01/storage/ocr_20150623/143:no.1/coo.31924054870484/574.png"; bbox 0 0 4072 6394; ppageno 0'>
   <div class='ocr_carea' id='block_1_1' title="bbox 319 678 1970 776">
    <p class='ocr_par' dir='ltr' id='par_1_1' title="bbox 319 678 1970 776">
     <span class='ocr_line' id='line_1_1' title="bbox 319 678 1970 776; baseline 0.022 -50"><span class='ocrx_word' id='word_1_1' title='bbox 319 690 456 729; x_wconf 90' lang='lat' dir='ltr'>voce</span> <span class='ocrx_word' id='word_1_2' title='bbox 488 678 720 734; x_wconf 84' lang='lat' dir='ltr'>tantum</span> <span class='ocrx_word' id='word_1_3' title='bbox 753 685 949 751; x_wconf 84' lang='lat' dir='ltr'>tenus,</span> <span class='ocrx_word' id='word_1_4' title='bbox 976 686 1033 742; x_wconf 94' lang='lat' dir='ltr'>in</span> <span class='ocrx_word' id='word_1_5' title='bbox 1068 690 1573 763; x_wconf 83' lang='lat' dir='ltr'>disputationibus</span> <span class='ocrx_word' id='word_1_6' title='bbox 1600 702 1667 757; x_wconf 89' lang='lat' dir='ltr'>de</span> <span class='ocrx_word' id='word_1_7' title='bbox 1694 703 1806 759; x_wconf 91' lang='lat' dir='ltr'>isto</span> <span class='ocrx_word' id='word_1_8' title='bbox 1829 678 1970 776; x_wconf 51' lang='lat' dir='ltr'>dog;</span> 
     </span>
    </p>
   </div>
   <div class='ocr_carea' id='block_1_2' title="bbox 320 768 1970 866">
    <p class='ocr_par' dir='ltr' id='par_1_2' title="bbox 320 768 1970 866">
     <span class='ocr_line' id='line_1_2' title="bbox 320 768 1970 866; baseline 0.022 -51"><span class='ocrx_word' id='word_1_9' title='bbox 320 768 494 819; x_wconf 85' lang='lat' dir='ltr'>mate.</span> <span class='ocrx_word' id='word_1_10' title='bbox 545 770 739 840; x_wconf 87' lang='lat' dir='ltr'>quue</span> <span class='ocrx_word' id='word_1_11' title='bbox 788 776 1079 844; x_wconf 84' lang='lat' dir='ltr'>pertinere</span> <span class='ocrx_word' id='word_1_12' title='bbox 1127 784 1397 857; x_wconf 79' lang='lat' dir='ltr'>arbitror,</span> <span class='ocrx_word' id='word_1_13' title='bbox 1460 792 1614 860; x_wconf 91' lang='lat' dir='ltr'>quod</span> <span class='ocrx_word' id='word_1_14' title='bbox 1676 768 1970 866; x_wconf 66' lang='lat' dir='ltr'>Josepbus</span> 
     </span>
    </p>
   </div>
   <div class='ocr_carea' id='block_1_3' title="bbox 319 855 1969 940">
    <p class='ocr_par' dir='ltr' id='par_1_3' title="bbox 319 855 1969 940">
     <span class='ocr_line' id='line_1_3' title="bbox 319 855 1969 940; baseline 0.021 -33"><span class='ocrx_word' id='word_1_15' title='bbox 319 855 635 927; x_wconf 90' lang='lat' dir='ltr'>episcopus</span> <span class='ocrx_word' id='word_1_16' title='bbox 678 862 1080 925; x_wconf 79' lang='lat' dir='ltr'>Methonensis</span> <span class='ocrx_word' id='word_1_17' title='bbox 1121 872 1178 926; x_wconf 91' lang='lat' dir='ltr'>in</span> <span class='ocrx_word' id='word_1_18' title='bbox 1244 855 1392 932; x_wconf 90' lang='lat' dir='ltr'>libro</span> <span class='ocrx_word' id='word_1_19' title='bbox 1464 891 1659 937; x_wconf 86' lang='lat' dir='ltr'>contra</span> <span class='ocrx_word' id='word_1_20' title='bbox 1727 885 1969 940; x_wconf 83' lang='lat' dir='ltr'>Marcum</span> 
     </span>
    </p>
   </div>
   <div class='ocr_carea' id='block_1_4' title="bbox 316 942 1961 1029">
    <p class='ocr_par' dir='ltr' id='par_1_4' title="bbox 316 942 1961 1029">
     <span class='ocr_line' id='line_1_4' title="bbox 316 942 1961 1029; baseline 0.02 -33"><span class='ocrx_word' id='word_1_21' title='bbox 316 942 618 1012; x_wconf 76' lang='lat' dir='ltr'>Ephesium</span> <span class='ocrx_word' id='word_1_22' title='bbox 660 952 930 1025; x_wconf 73' lang='lat' dir='ltr'>testatur,</span> <span class='ocrx_word' id='word_1_23' title='bbox 980 963 1275 1018; x_wconf 78' lang='lat' dir='ltr'>auctorem</span> <span class='ocrx_word' id='word_1_24' title='bbox 1324 964 1571 1023; x_wconf 88' lang='lat' dir='ltr'>laudans</span> <span class='ocrx_word' id='word_1_25' title='bbox 1635 973 1961 1029; x_wconf 79' lang='lat' dir='ltr'>Aristinum</span> 
     </span>
    </p>
   </div>
   <div class='ocr_carea' id='block_1_5' title="bbox 311 1031 1961 1135">
    <p class='ocr_par' dir='ltr' id='par_1_5' title="bbox 311 1031 1961 1135">
     <span class='ocr_line' id='line_1_5' title="bbox 311 1031 1961 1135; baseline 0.021 -49"><span class='ocrx_word' id='word_1_26' title='bbox 311 1031 684 1108; x_wconf 79' lang='lat' dir='ltr'>historicum,</span> <span class='ocrx_word' id='word_1_27' title='bbox 720 1057 854 1098; x_wconf 86' lang='lat' dir='ltr'>mox</span> <span class='ocrx_word' id='word_1_28' title='bbox 885 1061 918 1100; x_wconf 86' lang='lat' dir='ltr'>a</span> <span class='ocrx_word' id='word_1_29' title='bbox 950 1052 1209 1107; x_wconf 86' lang='lat' dir='ltr'>secunda</span> <span class='ocrx_word' id='word_1_30' title='bbox 1249 1057 1506 1125; x_wconf 84' lang='lat' dir='ltr'>generali</span> <span class='ocrx_word' id='word_1_31' title='bbox 1556 1063 1799 1133; x_wconf 85' lang='lat' dir='ltr'>synodo,</span> <span class='ocrx_word' id='word_1_32' title='bbox 1833 1064 1961 1135; x_wconf 87' lang='lat' dir='ltr'>jam</span> 
     </span>
    </p>
   </div>
   <div class='ocr_carea' id='block_1_6' title="bbox 308 1125 1962 1212">
    <p class='ocr_par' dir='ltr' id='par_1_6' title="bbox 308 1125 1962 1212">
     <span class='ocr_line' id='line_1_6' title="bbox 308 1125 1962 1212; baseline 0.021 -37"><span class='ocrx_word' id='word_1_33' title='bbox 308 1125 441 1178; x_wconf 84' lang='lat' dir='ltr'>tum</span> <span class='ocrx_word' id='word_1_34' title='bbox 474 1128 996 1201; x_wconf 61' lang='lat' dir='ltr'>temporeDamasi</span> <span class='ocrx_word' id='word_1_35' title='bbox 1046 1155 1230 1212; x_wconf 68' lang='lat' dir='ltr'>papae,</span> <span class='ocrx_word' id='word_1_36' title='bbox 1283 1125 1755 1206; x_wconf 74' lang='lat' dir='ltr'>additamentum</span> <span class='ocrx_word' id='word_1_37' title='bbox 1787 1125 1962 1209; x_wconf 20' lang='lat' dir='ltr'>ivvocis</span> 
     </span>
    </p>
   </div>
   <div class='ocr_carea' id='block_1_7' title="bbox 310 1211 1961 1303">
    <p class='ocr_par' dir='ltr' id='par_1_7' title="bbox 310 1211 1961 1303">
     <span class='ocr_line' id='line_1_7' title="bbox 310 1211 1961 1303; baseline 0.021 -39"><span class='ocrx_word' id='word_1_38' title='bbox 310 1211 562 1285; x_wconf 78' lang='lat' dir='ltr'>Filioque</span> <span class='ocrx_word' id='word_1_39' title='bbox 592 1234 707 1273; x_wconf 80' lang='lat' dir='ltr'>non</span> <span class='ocrx_word' id='word_1_40' title='bbox 742 1223 915 1278; x_wconf 91' lang='lat' dir='ltr'>modo</span> <span class='ocrx_word' id='word_1_41' title='bbox 947 1242 979 1279; x_wconf 92' lang='lat' dir='ltr'>a</span> <span class='ocrx_word' id='word_1_42' title='bbox 1011 1226 1236 1287; x_wconf 90' lang='lat' dir='ltr'>Latinis</span> <span class='ocrx_word' id='word_1_43' title='bbox 1278 1233 1519 1303; x_wconf 74' lang='lat' dir='ltr'>factum,</span> <span class='ocrx_word' id='word_1_44' title='bbox 1563 1240 1663 1294; x_wconf 86' lang='lat' dir='ltr'>sed</span> <span class='ocrx_word' id='word_1_45' title='bbox 1720 1258 1751 1295; x_wconf 89' lang='lat' dir='ltr'>a</span> <span class='ocrx_word' id='word_1_46' title='bbox 1805 1243 1961 1297; x_wconf 68' lang='lat' dir='ltr'>Grai-</span> 
     </span>
    </p>
   </div>
   <div class='ocr_carea' id='block_1_8' title="bbox 306 1299 1958 1403">
    <p class='ocr_par' dir='ltr' id='par_1_8' title="bbox 306 1299 1958 1403">
     <span class='ocr_line' id='line_1_8' title="bbox 306 1299 1958 1403; baseline 0.022 -50"><span class='ocrx_word' id='word_1_47' title='bbox 306 1299 392 1355; x_wconf 90' lang='lat' dir='ltr'>cis</span> <span class='ocrx_word' id='word_1_48' title='bbox 423 1319 657 1376; x_wconf 89' lang='lat' dir='ltr'>quoque</span> <span class='ocrx_word' id='word_1_49' title='bbox 687 1309 1027 1369; x_wconf 84' lang='lat' dir='ltr'>orthodoxis</span> <span class='ocrx_word' id='word_1_50' title='bbox 1058 1316 1239 1375; x_wconf 81' lang='lat' dir='ltr'>fuisse</span> <span class='ocrx_word' id='word_1_51' title='bbox 1260 1299 1705 1396; x_wconf 84' lang='lat' dir='ltr'>comprobatum</span> <span class='ocrx_word' id='word_1_52' title='bbox 1735 1345 1749 1397; x_wconf 92' lang='lat'><strong>;</strong></span> <span class='ocrx_word' id='word_1_53' title='bbox 1783 1331 1958 1403; x_wconf 87' lang='lat' dir='ltr'>quip-</span> 
     </span>
    </p>
   </div>
   <div class='ocr_carea' id='block_1_9' title="bbox 306 1394 1953 1489">
    <p class='ocr_par' dir='ltr' id='par_1_9' title="bbox 306 1394 1953 1489">
     <span class='ocr_line' id='line_1_9' title="bbox 306 1394 1953 1489; baseline 0.02 -46"><span class='ocrx_word' id='word_1_54' title='bbox 306 1405 376 1461; x_wconf 87' lang='lat' dir='ltr'>pe</span> <span class='ocrx_word' id='word_1_55' title='bbox 407 1394 660 1451; x_wconf 82' lang='lat' dir='ltr'>consciis</span> <span class='ocrx_word' id='word_1_56' title='bbox 691 1412 819 1454; x_wconf 87' lang='lat' dir='ltr'>eam</span> <span class='ocrx_word' id='word_1_57' title='bbox 871 1418 1066 1461; x_wconf 86' lang='lat' dir='ltr'>veram</span> <span class='ocrx_word' id='word_1_58' title='bbox 1120 1407 1302 1465; x_wconf 82' lang='lat' dir='ltr'>fuisse</span> <span class='ocrx_word' id='word_1_59' title='bbox 1347 1394 1953 1489; x_wconf 83' lang='lat' dir='ltr'>Constantinopolita-</span> 
     </span>
    </p>
   </div>
   <div class='ocr_carea' id='block_1_10' title="bbox 300 1482 1816 1563">
    <p class='ocr_par' dir='ltr' id='par_1_10' title="bbox 300 1482 1816 1563">
     <span class='ocr_line' id='line_1_10' title="bbox 300 1482 1816 1563; baseline 0.021 -32"><span class='ocrx_word' id='word_1_60' title='bbox 300 1493 513 1536; x_wconf 88' lang='lat' dir='ltr'>norum</span> <span class='ocrx_word' id='word_1_61' title='bbox 543 1482 778 1541; x_wconf 85' lang='lat' dir='ltr'>Patrum</span> <span class='ocrx_word' id='word_1_62' title='bbox 810 1488 1071 1560; x_wconf 86' lang='lat' dir='ltr'>Symboli</span> <span class='ocrx_word' id='word_1_63' title='bbox 1102 1500 1401 1555; x_wconf 88' lang='lat' dir='ltr'>auctorem</span> <span class='ocrx_word' id='word_1_64' title='bbox 1435 1506 1816 1563; x_wconf 89' lang='lat' dir='ltr'>sententiam.</span> 
     </span>
    </p>
   </div>
   <div class='ocr_carea' id='block_1_11' title="bbox 374 1602 1954 1700">
    <p class='ocr_par' dir='ltr' id='par_1_11' title="bbox 374 1602 1954 1700">
     <span class='ocr_line' id='line_1_11' title="bbox 374 1602 1954 1700; baseline 0.02 -43"><span class='ocrx_word' id='word_1_65' title='bbox 374 1602 487 1659; x_wconf 83' lang='lat' dir='ltr'>Res</span> <span class='ocrx_word' id='word_1_66' title='bbox 534 1604 594 1661; x_wconf 90' lang='lat' dir='ltr'>in</span> <span class='ocrx_word' id='word_1_67' title='bbox 663 1624 728 1664; x_wconf 89' lang='lat' dir='ltr'>eo</span> <span class='ocrx_word' id='word_1_68' title='bbox 795 1616 950 1668; x_wconf 88' lang='lat' dir='ltr'>statu</span> <span class='ocrx_word' id='word_1_69' title='bbox 987 1618 1276 1677; x_wconf 85' lang='lat' dir='ltr'>mansisse</span> <span class='ocrx_word' id='word_1_70' title='bbox 1328 1623 1558 1681; x_wconf 82' lang='lat' dir='ltr'>videtur</span> <span class='ocrx_word' id='word_1_71' title='bbox 1610 1646 1713 1700; x_wconf 90' lang='lat' dir='ltr'>per</span> <span class='ocrx_word' id='word_1_72' title='bbox 1766 1648 1954 1691; x_wconf 88' lang='lat' dir='ltr'>annos</span> 
     </span>
    </p>
   </div>
   <div class='ocr_carea' id='block_1_12' title="bbox 299 1689 1945 1795">
    <p class='ocr_par' dir='ltr' id='par_1_12' title="bbox 299 1689 1945 1795">
     <span class='ocr_line' id='line_1_12' title="bbox 299 1689 1945 1795; baseline 0.022 -51"><span class='ocrx_word' id='word_1_73' title='bbox 299 1689 417 1747; x_wconf 81' lang='lat' dir='ltr'>fere</span> <span class='ocrx_word' id='word_1_74' title='bbox 448 1693 552 1749; x_wconf 85' lang='grc'>400</span> <span class='ocrx_word' id='word_1_75' title='bbox 584 1713 771 1769; x_wconf 90' lang='lat' dir='ltr'>usque</span> <span class='ocrx_word' id='word_1_76' title='bbox 801 1702 871 1755; x_wconf 94' lang='lat' dir='ltr'>ad</span> <span class='ocrx_word' id='word_1_77' title='bbox 905 1708 1171 1777; x_wconf 87' lang='lat' dir='ltr'>tempora</span> <span class='ocrx_word' id='word_1_78' title='bbox 1201 1714 1474 1771; x_wconf 62' lang='lat' dir='ltr'>secundae</span> <span class='ocrx_word' id='word_1_79' title='bbox 1519 1716 1762 1775; x_wconf 66' lang='lat' dir='ltr'>Nicaana:</span> <span class='ocrx_word' id='word_1_80' title='bbox 1810 1739 1945 1795; x_wconf 85' lang='lat' dir='ltr'>syn-</span> 
     </span>
    </p>
   </div>
   <div class='ocr_carea' id='block_1_13' title="bbox 292 1781 1949 1869">
    <p class='ocr_par' dir='ltr' id='par_1_13' title="bbox 292 1781 1949 1869">
     <span class='ocr_line' id='line_1_13' title="bbox 292 1781 1949 1869; baseline 0.02 -35"><span class='ocrx_word' id='word_1_81' title='bbox 292 1781 409 1853; x_wconf 86' lang='lat' dir='ltr'>odi,</span> <span class='ocrx_word' id='word_1_82' title='bbox 444 1800 570 1854; x_wconf 68' lang='lat' dir='ltr'>quae</span> <span class='ocrx_word' id='word_1_83' title='bbox 599 1787 709 1843; x_wconf 85' lang='lat' dir='ltr'>fuit</span> <span class='ocrx_word' id='word_1_84' title='bbox 734 1793 1027 1861; x_wconf 83' lang='lat' dir='ltr'>generalis</span> <span class='ocrx_word' id='word_1_85' title='bbox 1060 1798 1335 1869; x_wconf 87' lang='lat' dir='ltr'>septima,</span> <span class='ocrx_word' id='word_1_86' title='bbox 1381 1820 1535 1861; x_wconf 89' lang='lat' dir='ltr'>anno</span> <span class='ocrx_word' id='word_1_87' title='bbox 1585 1807 1802 1865; x_wconf 85' lang='lat' dir='ltr'>Christi</span> <span class='ocrx_word' id='word_1_88' title='bbox 1841 1781 1949 1866; x_wconf 45' lang='lat' dir='ltr'>&#39;u787</span> 
     </span>
    </p>
   </div>
   <div class='ocr_carea' id='block_1_14' title="bbox 292 1869 1947 1972">
    <p class='ocr_par' dir='ltr' id='par_1_14' title="bbox 292 1869 1947 1972">
     <span class='ocr_line' id='line_1_14' title="bbox 292 1869 1947 1972; baseline 0.021 -49"><span class='ocrx_word' id='word_1_89' title='bbox 292 1869 599 1929; x_wconf 86' lang='lat' dir='ltr'>celebrata.</span> <span class='ocrx_word' id='word_1_90' title='bbox 636 1877 800 1933; x_wconf 80' lang='lat' dir='ltr'>Tunc</span> <span class='ocrx_word' id='word_1_91' title='bbox 831 1882 986 1937; x_wconf 89' lang='lat' dir='ltr'>enim</span> <span class='ocrx_word' id='word_1_92' title='bbox 1020 1884 1277 1956; x_wconf 88' lang='lat' dir='ltr'>primum</span> <span class='ocrx_word' id='word_1_93' title='bbox 1313 1908 1381 1946; x_wconf 79' lang='lat' dir='ltr'>ex</span> <span class='ocrx_word' id='word_1_94' title='bbox 1410 1895 1603 1951; x_wconf 78' lang='lat' dir='ltr'>verbis</span> <span class='ocrx_word' id='word_1_95' title='bbox 1636 1897 1694 1952; x_wconf 90' lang='lat' dir='ltr'>in</span> <span class='ocrx_word' id='word_1_96' title='bbox 1728 1901 1947 1972; x_wconf 82' lang='lat' dir='ltr'>scripta</span> 
     </span>
    </p>
   </div>
   <div class='ocr_carea' id='block_1_15' title="bbox 294 1966 1947 2051">
    <p class='ocr_par' dir='ltr' id='par_1_15' title="bbox 294 1966 1947 2051">
     <span class='ocr_line' id='line_1_15' title="bbox 294 1966 1947 2051; baseline 0.021 -38"><span class='ocrx_word' id='word_1_97' title='bbox 294 1966 563 2030; x_wconf 88' lang='lat' dir='ltr'>promota</span> <span class='ocrx_word' id='word_1_98' title='bbox 591 1970 679 2020; x_wconf 86' lang='lat' dir='ltr'>est</span> <span class='ocrx_word' id='word_1_99' title='bbox 710 1969 953 2038; x_wconf 89' lang='lat' dir='ltr'>additio,</span> <span class='ocrx_word' id='word_1_100' title='bbox 979 1974 1272 2045; x_wconf 89' lang='lat' dir='ltr'>siquidem</span> <span class='ocrx_word' id='word_1_101' title='bbox 1298 1981 1425 2051; x_wconf 86' lang='lat' dir='ltr'>ejus</span> <span class='ocrx_word' id='word_1_102' title='bbox 1449 1990 1824 2044; x_wconf 71' lang='lat' dir='ltr'>(acumenicaz</span> <span class='ocrx_word' id='word_1_103' title='bbox 1857 2008 1947 2046; x_wconf 79' lang='lat' dir='ltr'>sa-</span> 
     </span>
    </p>
   </div>
   <div class='ocr_carea' id='block_1_16' title="bbox 291 2056 1943 2136">
    <p class='ocr_par' dir='ltr' id='par_1_16' title="bbox 291 2056 1943 2136">
     <span class='ocr_line' id='line_1_16' title="bbox 291 2056 1943 2136; baseline 0.021 -32"><span class='ocrx_word' id='word_1_104' title='bbox 291 2066 402 2105; x_wconf 70' lang='lat' dir='ltr'>crae</span> <span class='ocrx_word' id='word_1_105' title='bbox 454 2056 660 2126; x_wconf 85' lang='lat' dir='ltr'>synodi</span> <span class='ocrx_word' id='word_1_106' title='bbox 707 2060 933 2117; x_wconf 90' lang='lat' dir='ltr'>actione</span> <span class='ocrx_word' id='word_1_107' title='bbox 978 2066 1012 2118; x_wconf 92' lang='lat'><strong>7</strong></span> <span class='ocrx_word' id='word_1_108' title='bbox 1064 2067 1372 2125; x_wconf 82' lang='lat' dir='ltr'>recitatum</span> <span class='ocrx_word' id='word_1_109' title='bbox 1423 2080 1612 2130; x_wconf 86' lang='lat' dir='ltr'>exstat</span> <span class='ocrx_word' id='word_1_110' title='bbox 1655 2078 1943 2136; x_wconf 88' lang='lat' dir='ltr'>Constan-</span> 
     </span>
    </p>
   </div>
   <div class='ocr_carea' id='block_1_17' title="bbox 295 2138 1943 2229">
    <p class='ocr_par' dir='ltr' id='par_1_17' title="bbox 295 2138 1943 2229">
     <span class='ocr_line' id='line_1_17' title="bbox 295 2138 1943 2229; baseline 0.019 -35"><span class='ocrx_word' id='word_1_111' title='bbox 295 2138 750 2213; x_wconf 87' lang='lat' dir='ltr'>tinopolitanum</span> <span class='ocrx_word' id='word_1_112' title='bbox 772 2151 1115 2220; x_wconf 82' lang='lat' dir='ltr'>Symbolum</span> <span class='ocrx_word' id='word_1_113' title='bbox 1148 2155 1242 2213; x_wconf 90' lang='lat' dir='ltr'>his</span> <span class='ocrx_word' id='word_1_114' title='bbox 1274 2158 1446 2229; x_wconf 85' lang='lat' dir='ltr'>plaus</span> <span class='ocrx_word' id='word_1_115' title='bbox 1486 2166 1678 2221; x_wconf 89' lang='lat' dir='ltr'>verbis</span> <span class='ocrx_word' id='word_1_116' title='bbox 1715 2183 1727 2223; x_wconf 94' lang='lat'>:</span> <span class='ocrx_word' id='word_1_117' title='bbox 1777 2169 1943 2226; x_wconf 84' lang='lat' dir='ltr'>Credo</span> 
     </span>
    </p>
   </div>
   <div class='ocr_carea' id='block_1_18' title="bbox 289 2228 1943 2316">
    <p class='ocr_par' dir='ltr' id='par_1_18' title="bbox 289 2228 1943 2316">
     <span class='ocr_line' id='line_1_18' title="bbox 289 2228 1943 2316; baseline 0.021 -36"><span class='ocrx_word' id='word_1_118' title='bbox 289 2228 348 2281; x_wconf 86' lang='lat' dir='ltr'>in</span> <span class='ocrx_word' id='word_1_119' title='bbox 369 2229 643 2298; x_wconf 84' lang='lat' dir='ltr'>Spiritum</span> <span class='ocrx_word' id='word_1_120' title='bbox 672 2242 925 2294; x_wconf 86' lang='lat' dir='ltr'>sanctum</span> <span class='ocrx_word' id='word_1_121' title='bbox 959 2282 972 2295; x_wconf 94' lang='lat'>.</span> <span class='ocrx_word' id='word_1_122' title='bbox 1020 2283 1034 2298; x_wconf 94' lang='lat'>.</span> <span class='ocrx_word' id='word_1_123' title='bbox 1077 2284 1091 2296; x_wconf 94' lang='lat'>.</span> <span class='ocrx_word' id='word_1_124' title='bbox 1127 2247 1225 2315; x_wconf 89' lang='lat' dir='ltr'>qui</span> <span class='ocrx_word' id='word_1_125' title='bbox 1252 2228 1322 2302; x_wconf 72' lang='lat' dir='ltr'>ea:</span> <span class='ocrx_word' id='word_1_126' title='bbox 1378 2254 1546 2309; x_wconf 80' lang='lat' dir='ltr'>Patre</span> <span class='ocrx_word' id='word_1_127' title='bbox 1594 2260 1647 2310; x_wconf 89' lang='lat' dir='ltr'>et</span> <span class='ocrx_word' id='word_1_128' title='bbox 1692 2274 1765 2311; x_wconf 78' lang='lat' dir='ltr'>ea:</span> <span class='ocrx_word' id='word_1_129' title='bbox 1802 2260 1943 2316; x_wconf 87' lang='lat' dir='ltr'>Filio</span> 
     </span>
    </p>
   </div>
   <div class='ocr_carea' id='block_1_19' title="bbox 277 2321 1944 2407">
    <p class='ocr_par' dir='ltr' id='par_1_19' title="bbox 277 2321 1944 2407">
     <span class='ocr_line' id='line_1_19' title="bbox 277 2321 1944 2407; baseline 0.018 -35"><span class='ocrx_word' id='word_1_130' title='bbox 277 2321 541 2388; x_wconf 75' lang='lat' dir='ltr'>procedit.</span> <span class='ocrx_word' id='word_1_131' title='bbox 580 2323 771 2380; x_wconf 70' lang='lat' dir='ltr'>Graece</span> <span class='ocrx_word' id='word_1_132' title='bbox 801 2324 853 2379; x_wconf 84' lang='grc' dir='ltr'>ἐν</span> <span class='ocrx_word' id='word_1_133' title='bbox 884 2332 981 2381; x_wconf 71' lang='grc' dir='ltr'>τοῦ</span> <span class='ocrx_word' id='word_1_134' title='bbox 1015 2333 1223 2407; x_wconf 74' lang='grc' dir='ltr'>[ἰατρὸς</span> <span class='ocrx_word' id='word_1_135' title='bbox 1262 2335 1352 2390; x_wconf 86' lang='grc' dir='ltr'>καὶ</span> <span class='ocrx_word' id='word_1_136' title='bbox 1409 2335 1470 2393; x_wconf 78' lang='grc' dir='ltr'>ἐκ</span> <span class='ocrx_word' id='word_1_137' title='bbox 1524 2346 1622 2395; x_wconf 82' lang='grc' dir='ltr'>τοῦ</span> <span class='ocrx_word' id='word_1_138' title='bbox 1680 2345 1807 2399; x_wconf 80' lang='grc' dir='ltr'>Υἱοῦ</span> <span class='ocrx_word' id='word_1_139' title='bbox 1861 2346 1944 2401; x_wconf 79' lang='grc' dir='ltr'>ἐκ·</span> 
     </span>
    </p>
   </div>
   <div class='ocr_carea' id='block_1_20' title="bbox 280 2407 1938 2493">
    <p class='ocr_par' dir='ltr' id='par_1_20' title="bbox 280 2407 1938 2493">
     <span class='ocr_line' id='line_1_20' title="bbox 280 2407 1938 2493; baseline 0.021 -34"><span class='ocrx_word' id='word_1_140' title='bbox 280 2407 841 2481; x_wconf 72' lang='grc' dir='ltr'>πορευόμενον.668</span> <span class='ocrx_word' id='word_1_141' title='bbox 873 2419 1000 2474; x_wconf 88' lang='lat' dir='ltr'>Scio</span> <span class='ocrx_word' id='word_1_142' title='bbox 1034 2421 1263 2480; x_wconf 81' lang='lat' dir='ltr'>Graecos</span> <span class='ocrx_word' id='word_1_143' title='bbox 1313 2427 1371 2482; x_wconf 91' lang='lat' dir='ltr'>in</span> <span class='ocrx_word' id='word_1_144' title='bbox 1422 2429 1758 2491; x_wconf 90' lang='lat' dir='ltr'>Florentino</span> <span class='ocrx_word' id='word_1_145' title='bbox 1801 2453 1938 2493; x_wconf 89' lang='lat' dir='ltr'>con-</span> 
     </span>
    </p>
   </div>
   <div class='ocr_carea' id='block_1_21' title="bbox 284 2496 1938 2587">
    <p class='ocr_par' dir='ltr' id='par_1_21' title="bbox 284 2496 1938 2587">
     <span class='ocr_line' id='line_1_21' title="bbox 284 2496 1938 2587; baseline 0.02 -37"><span class='ocrx_word' id='word_1_146' title='bbox 284 2496 419 2554; x_wconf 88' lang='lat' dir='ltr'>cilio</span> <span class='ocrx_word' id='word_1_147' title='bbox 450 2515 599 2556; x_wconf 89' lang='lat' dir='ltr'>sess.</span> <span class='ocrx_word' id='word_1_148' title='bbox 631 2504 666 2557; x_wconf 91' lang='lat'><strong>6</strong></span> <span class='ocrx_word' id='word_1_149' title='bbox 697 2510 899 2561; x_wconf 87' lang='lat' dir='ltr'>contra</span> <span class='ocrx_word' id='word_1_150' title='bbox 929 2508 1036 2564; x_wconf 91' lang='lat' dir='ltr'>hoc</span> <span class='ocrx_word' id='word_1_151' title='bbox 1085 2514 1402 2587; x_wconf 81' lang='lat' dir='ltr'>excepisse,</span> <span class='ocrx_word' id='word_1_152' title='bbox 1453 2522 1682 2578; x_wconf 89' lang='lat' dir='ltr'>codices</span> <span class='ocrx_word' id='word_1_153' title='bbox 1734 2541 1938 2582; x_wconf 88' lang='lat' dir='ltr'>eorum</span> 
     </span>
    </p>
   </div>
   <div class='ocr_carea' id='block_1_22' title="bbox 285 2589 1939 2687">
    <p class='ocr_par' dir='ltr' id='par_1_22' title="bbox 285 2589 1939 2687">
     <span class='ocr_line' id='line_1_22' title="bbox 285 2589 1939 2687; baseline 0.019 -47"><span class='ocrx_word' id='word_1_154' title='bbox 285 2589 565 2659; x_wconf 82' lang='lat' dir='ltr'>antiquos</span> <span class='ocrx_word' id='word_1_155' title='bbox 596 2594 967 2652; x_wconf 89' lang='lat' dir='ltr'>continentes</span> <span class='ocrx_word' id='word_1_156' title='bbox 998 2605 1127 2655; x_wconf 90' lang='lat' dir='ltr'>acta</span> <span class='ocrx_word' id='word_1_157' title='bbox 1156 2602 1399 2660; x_wconf 65' lang='lat' dir='ltr'>Nicaeus:</span> <span class='ocrx_word' id='word_1_158' title='bbox 1443 2610 1478 2661; x_wconf 89' lang='lat'>2</span> <span class='ocrx_word' id='word_1_159' title='bbox 1516 2612 1724 2681; x_wconf 83' lang='lat' dir='ltr'>synodi</span> <span class='ocrx_word' id='word_1_160' title='bbox 1773 2620 1939 2687; x_wconf 91' lang='lat' dir='ltr'>Sym-</span> 
     </span>
    </p>
   </div>
   <div class='ocr_carea' id='block_1_23' title="bbox 283 2675 1937 2758">
    <p class='ocr_par' dir='ltr' id='par_1_23' title="bbox 283 2675 1937 2758">
     <span class='ocr_line' id='line_1_23' title="bbox 283 2675 1937 2758; baseline 0.016 -27"><span class='ocrx_word' id='word_1_161' title='bbox 283 2675 485 2733; x_wconf 85' lang='lat' dir='ltr'>bolum</span> <span class='ocrx_word' id='word_1_162' title='bbox 518 2680 645 2737; x_wconf 86' lang='lat' dir='ltr'>sine</span> <span class='ocrx_word' id='word_1_163' title='bbox 676 2683 975 2742; x_wconf 88' lang='lat' dir='ltr'>additione</span> <span class='ocrx_word' id='word_1_164' title='bbox 1007 2687 1242 2746; x_wconf 89' lang='lat' dir='ltr'>illorum</span> <span class='ocrx_word' id='word_1_165' title='bbox 1272 2695 1581 2753; x_wconf 87' lang='lat' dir='ltr'>verborum</span> <span class='ocrx_word' id='word_1_166' title='bbox 1613 2699 1704 2753; x_wconf 80' lang='grc' dir='ltr'>καὶ</span> <span class='ocrx_word' id='word_1_167' title='bbox 1736 2700 1794 2756; x_wconf 82' lang='grc' dir='ltr'>ἐκ</span> <span class='ocrx_word' id='word_1_168' title='bbox 1840 2708 1937 2758; x_wconf 75' lang='grc' dir='ltr'>τοῦ</span> 
     </span>
    </p>
   </div>
   <div class='ocr_carea' id='block_1_24' title="bbox 282 2764 1934 2854">
    <p class='ocr_par' dir='ltr' id='par_1_24' title="bbox 282 2764 1934 2854">
     <span class='ocr_line' id='line_1_24' title="bbox 282 2764 1934 2854; baseline 0.019 -36"><span class='ocrx_word' id='word_1_169' title='bbox 282 2764 412 2819; x_wconf 67' lang='grc' dir='ltr'>1⁸ἱοῦ</span> <span class='ocrx_word' id='word_1_170' title='bbox 458 2776 511 2824; x_wconf 90' lang='lat' dir='ltr'>et</span> <span class='ocrx_word' id='word_1_171' title='bbox 561 2785 631 2825; x_wconf 79' lang='lat' dir='ltr'>ea:</span> <span class='ocrx_word' id='word_1_172' title='bbox 668 2772 809 2829; x_wconf 85' lang='lat' dir='ltr'>Filio</span> <span class='ocrx_word' id='word_1_173' title='bbox 857 2775 1108 2835; x_wconf 81' lang='lat' dir='ltr'>exibere.</span> <span class='ocrx_word' id='word_1_174' title='bbox 1161 2780 1271 2837; x_wconf 87' lang='lat' dir='ltr'>Sed</span> <span class='ocrx_word' id='word_1_175' title='bbox 1315 2783 1410 2854; x_wconf 86' lang='lat' dir='ltr'>iis,</span> <span class='ocrx_word' id='word_1_176' title='bbox 1462 2791 1527 2841; x_wconf 90' lang='lat' dir='ltr'>ut</span> <span class='ocrx_word' id='word_1_177' title='bbox 1576 2788 1793 2848; x_wconf 88' lang='lat' dir='ltr'>ibidem</span> <span class='ocrx_word' id='word_1_178' title='bbox 1840 2810 1934 2850; x_wconf 52' lang='lat' dir='ltr'>re-</span> 
     </span>
    </p>
   </div>
   <div class='ocr_carea' id='block_1_25' title="bbox 279 2853 1933 2937">
    <p class='ocr_par' dir='ltr' id='par_1_25' title="bbox 279 2853 1933 2937">
     <span class='ocr_line' id='line_1_25' title="bbox 279 2853 1933 2937; baseline 0.019 -30"><span class='ocrx_word' id='word_1_179' title='bbox 279 2853 487 2925; x_wconf 83' lang='lat' dir='ltr'>fertur,</span> <span class='ocrx_word' id='word_1_180' title='bbox 520 2861 663 2915; x_wconf 90' lang='lat' dir='ltr'>tunc</span> <span class='ocrx_word' id='word_1_181' title='bbox 696 2860 884 2917; x_wconf 89' lang='lat' dir='ltr'>Latini</span> <span class='ocrx_word' id='word_1_182' title='bbox 918 2869 1347 2937; x_wconf 88' lang='lat' dir='ltr'>responderunt</span> <span class='ocrx_word' id='word_1_183' title='bbox 1389 2853 1603 2932; x_wconf 88' lang='lat' dir='ltr'>habere</span> <span class='ocrx_word' id='word_1_184' title='bbox 1661 2896 1724 2934; x_wconf 92' lang='lat' dir='ltr'>se</span> <span class='ocrx_word' id='word_1_185' title='bbox 1781 2883 1933 2937; x_wconf 90' lang='lat' dir='ltr'>anti-</span> 
     </span>
    </p>
   </div>
   <div class='ocr_carea' id='block_1_26' title="bbox 282 2947 1933 3037">
    <p class='ocr_par' dir='ltr' id='par_1_26' title="bbox 282 2947 1933 3037">
     <span class='ocr_line' id='line_1_26' title="bbox 282 2947 1933 3037; baseline 0.018 -39"><span class='ocrx_word' id='word_1_186' title='bbox 282 2959 467 3014; x_wconf 88' lang='lat' dir='ltr'>quum</span> <span class='ocrx_word' id='word_1_187' title='bbox 506 2947 838 3007; x_wconf 69' lang='lat' dir='ltr'>Graecorum</span> <span class='ocrx_word' id='word_1_188' title='bbox 860 2955 1120 3011; x_wconf 90' lang='lat' dir='ltr'>codicem</span> <span class='ocrx_word' id='word_1_189' title='bbox 1168 2959 1230 3028; x_wconf 90' lang='lat' dir='ltr'>(P</span> <span class='ocrx_word' id='word_1_190' title='bbox 1269 2962 1393 3033; x_wconf 76' lang='grc'>468)</span> <span class='ocrx_word' id='word_1_191' title='bbox 1441 2963 1499 3018; x_wconf 94' lang='lat' dir='ltr'>in</span> <span class='ocrx_word' id='word_1_192' title='bbox 1547 2983 1660 3037; x_wconf 90' lang='lat' dir='ltr'>quo</span> <span class='ocrx_word' id='word_1_193' title='bbox 1710 2971 1933 3028; x_wconf 91' lang='lat' dir='ltr'>additio</span> 
     </span>
    </p>
   </div>
   <div class='ocr_carea' id='block_1_27' title="bbox 285 3033 1935 3129">
    <p class='ocr_par' dir='ltr' id='par_1_27' title="bbox 285 3033 1935 3129">
     <span class='ocr_line' id='line_1_27' title="bbox 285 3033 1935 3129; baseline 0.019 -44"><span class='ocrx_word' id='word_1_194' title='bbox 285 3033 594 3093; x_wconf 82' lang='lat' dir='ltr'>manifeste</span> <span class='ocrx_word' id='word_1_195' title='bbox 625 3048 1011 3115; x_wconf 88' lang='lat' dir='ltr'>compararet,</span> <span class='ocrx_word' id='word_1_196' title='bbox 1044 3047 1202 3104; x_wconf 87' lang='lat' dir='ltr'>sicut</span> <span class='ocrx_word' id='word_1_197' title='bbox 1229 3055 1286 3105; x_wconf 91' lang='lat' dir='ltr'>et</span> <span class='ocrx_word' id='word_1_198' title='bbox 1335 3052 1391 3106; x_wconf 90' lang='lat' dir='ltr'>in</span> <span class='ocrx_word' id='word_1_199' title='bbox 1436 3033 1935 3129; x_wconf 76' lang='lat' dir='ltr'>interpretationi-</span> 
     </span>
    </p>
   </div>
   <div class='ocr_carea' id='block_1_28' title="bbox 282 3120 1933 3221">
    <p class='ocr_par' dir='ltr' id='par_1_28' title="bbox 282 3120 1933 3221">
     <span class='ocr_line' id='line_1_28' title="bbox 282 3120 1933 3221; baseline 0.019 -45"><span class='ocrx_word' id='word_1_200' title='bbox 282 3120 394 3178; x_wconf 88' lang='lat' dir='ltr'>bus</span> <span class='ocrx_word' id='word_1_201' title='bbox 449 3124 668 3183; x_wconf 88' lang='lat' dir='ltr'>Latinis</span> <span class='ocrx_word' id='word_1_202' title='bbox 698 3130 825 3201; x_wconf 90' lang='lat' dir='ltr'>jam</span> <span class='ocrx_word' id='word_1_203' title='bbox 877 3132 1017 3189; x_wconf 90' lang='lat' dir='ltr'>olim</span> <span class='ocrx_word' id='word_1_204' title='bbox 1070 3136 1243 3193; x_wconf 88' lang='lat' dir='ltr'>editis</span> <span class='ocrx_word' id='word_1_205' title='bbox 1288 3141 1416 3211; x_wconf 82' lang='lat' dir='ltr'>ejus</span> <span class='ocrx_word' id='word_1_206' title='bbox 1484 3120 1663 3201; x_wconf 73' lang='lat' dir='ltr'>sacrae</span> <span class='ocrx_word' id='word_1_207' title='bbox 1725 3150 1933 3221; x_wconf 81' lang='lat' dir='ltr'>synodi</span> 
     </span>
    </p>
   </div>
   <div class='ocr_carea' id='block_1_29' title="bbox 275 3210 1924 3301">
    <p class='ocr_par' dir='ltr' id='par_1_29' title="bbox 275 3210 1924 3301">
     <span class='ocr_line' id='line_1_29' title="bbox 275 3210 1924 3301; baseline 0.019 -36"><span class='ocrx_word' id='word_1_208' title='bbox 275 3210 465 3267; x_wconf 82' lang='lat' dir='ltr'>Verba</span> <span class='ocrx_word' id='word_1_209' title='bbox 496 3214 763 3287; x_wconf 91' lang='lat' dir='ltr'>ipsorum</span> <span class='ocrx_word' id='word_1_210' title='bbox 789 3220 1120 3279; x_wconf 63' lang='lat' dir='ltr'>Graecorum</span> <span class='ocrx_word' id='word_1_211' title='bbox 1164 3226 1274 3282; x_wconf 90' lang='lat' dir='ltr'>hoc</span> <span class='ocrx_word' id='word_1_212' title='bbox 1324 3233 1477 3301; x_wconf 90' lang='lat' dir='ltr'>quod</span> <span class='ocrx_word' id='word_1_213' title='bbox 1528 3234 1656 3291; x_wconf 91' lang='lat' dir='ltr'>dico</span> <span class='ocrx_word' id='word_1_214' title='bbox 1705 3210 1924 3295; x_wconf 73' lang='lat' dir='ltr'>testan-</span> 
     </span>
    </p>
   </div>
   <div class='ocr_carea' id='block_1_30' title="bbox 274 3299 1926 3385">
    <p class='ocr_par' dir='ltr' id='par_1_30' title="bbox 274 3299 1926 3385">
     <span class='ocr_line' id='line_1_30' title="bbox 274 3299 1926 3385; baseline 0.018 -30"><span class='ocrx_word' id='word_1_215' title='bbox 274 3299 425 3356; x_wconf 88' lang='lat' dir='ltr'>tium</span> <span class='ocrx_word' id='word_1_216' title='bbox 450 3303 573 3360; x_wconf 56' lang='lat' dir='ltr'>haec</span> <span class='ocrx_word' id='word_1_217' title='bbox 594 3311 735 3363; x_wconf 89' lang='lat' dir='ltr'>sunt</span> <span class='ocrx_word' id='word_1_218' title='bbox 755 3312 943 3365; x_wconf 89' lang='lat' dir='ltr'>sess.6</span> <span class='ocrx_word' id='word_1_219' title='bbox 963 3299 1585 3378; x_wconf 47' lang='lat' dir='ltr'>concit.Flore_nt.tom.</span> <span class='ocrx_word' id='word_1_220' title='bbox 1614 3324 1831 3383; x_wconf 87' lang='lat' dir='ltr'>XXXII</span> <span class='ocrx_word' id='word_1_221' title='bbox 1854 3329 1926 3385; x_wconf 89' lang='lat' dir='ltr'>ad</span> 
     </span>
    </p>
   </div>
   <div class='ocr_carea' id='block_1_31' title="bbox 272 3388 1928 3491">
    <p class='ocr_par' dir='ltr' id='par_1_31' title="bbox 272 3388 1928 3491">
     <span class='ocr_line' id='line_1_31' title="bbox 272 3388 1928 3491; baseline 0.018 -48"><span class='ocrx_word' id='word_1_222' title='bbox 272 3388 414 3462; x_wconf 85' lang='lat' dir='ltr'>Reg.</span> <span class='ocrx_word' id='word_1_223' title='bbox 450 3408 505 3462; x_wconf 90' lang='lat' dir='ltr'>p.</span> <span class='ocrx_word' id='word_1_224' title='bbox 536 3395 627 3449; x_wconf 75' lang='grc'>84.</span> <span class='ocrx_word' id='word_1_225' title='bbox 661 3393 873 3451; x_wconf 72' lang='grc' dir='ltr'>Τούτου</span> <span class='ocrx_word' id='word_1_226' title='bbox 919 3403 1017 3453; x_wconf 80' lang='grc' dir='ltr'>τυῦ</span> <span class='ocrx_word' id='word_1_227' title='bbox 1048 3398 1179 3475; x_wconf 80' lang='grc' dir='ltr'>ὅρου</span> <span class='ocrx_word' id='word_1_228' title='bbox 1211 3398 1456 3479; x_wconf 72' lang='grc' dir='ltr'>ἑϐδόμης</span> <span class='ocrx_word' id='word_1_229' title='bbox 1515 3409 1743 3468; x_wconf 81' lang='grc' dir='ltr'>συνόδου</span> <span class='ocrx_word' id='word_1_230' title='bbox 1800 3417 1928 3491; x_wconf 81' lang='grc' dir='ltr'>παρ’</span> 
     </span>
    </p>
   </div>
   <div class='ocr_carea' id='block_1_32' title="bbox 270 3479 1925 3573">
    <p class='ocr_par' dir='ltr' id='par_1_32' title="bbox 270 3479 1925 3573">
     <span class='ocr_line' id='line_1_32' title="bbox 270 3479 1925 3573; baseline 0.019 -43"><span class='ocrx_word' id='word_1_231' title='bbox 270 3479 437 3551; x_wconf 75' lang='grc' dir='ltr'>ἡμῶν</span> <span class='ocrx_word' id='word_1_232' title='bbox 489 3479 1023 3559; x_wconf 67' lang='grc' dir='ltr'>ἀναγινωσκομένου,</span> <span class='ocrx_word' id='word_1_233' title='bbox 1073 3495 1451 3567; x_wconf 81' lang='grc' dir='ltr'>προεκομίσθη</span> <span class='ocrx_word' id='word_1_234' title='bbox 1492 3499 1639 3573; x_wconf 81' lang='grc' dir='ltr'>παρὰ</span> <span class='ocrx_word' id='word_1_235' title='bbox 1680 3479 1925 3560; x_wconf 52' lang='grc' dir='ltr'>Λατίνιον</span> 
     </span>
    </p>
   </div>
   <div class='ocr_carea' id='block_1_33' title="bbox 277 3563 1923 3657">
    <p class='ocr_par' dir='ltr' id='par_1_33' title="bbox 277 3563 1923 3657">
     <span class='ocr_line' id='line_1_33' title="bbox 277 3563 1923 3657; baseline 0.016 -36"><span class='ocrx_word' id='word_1_236' title='bbox 277 3563 498 3640; x_wconf 73' lang='grc' dir='ltr'>βιϐλίον</span> <span class='ocrx_word' id='word_1_237' title='bbox 573 3568 755 3647; x_wconf 74' lang='grc' dir='ltr'>ἕτερον</span> <span class='ocrx_word' id='word_1_238' title='bbox 832 3574 1067 3632; x_wconf 86' lang='grc' dir='ltr'>παλαιὸν</span> <span class='ocrx_word' id='word_1_239' title='bbox 1140 3584 1541 3657; x_wconf 78' lang='grc' dir='ltr'>γεγραμμένον,</span> <span class='ocrx_word' id='word_1_240' title='bbox 1595 3589 1686 3643; x_wconf 88' lang='grc' dir='ltr'>τὸν</span> <span class='ocrx_word' id='word_1_241' title='bbox 1763 3592 1923 3648; x_wconf 83' lang='grc' dir='ltr'>αὐτὸν</span> 
     </span>
    </p>
   </div>
   <div class='ocr_carea' id='block_1_34' title="bbox 267 3654 1923 3755">
    <p class='ocr_par' dir='ltr' id='par_1_34' title="bbox 267 3654 1923 3755">
     <span class='ocr_line' id='line_1_34' title="bbox 267 3654 1923 3755; baseline 0.016 -44"><span class='ocrx_word' id='word_1_242' title='bbox 267 3654 402 3729; x_wconf 76' lang='grc' dir='ltr'>ὅρον</span> <span class='ocrx_word' id='word_1_243' title='bbox 456 3665 557 3729; x_wconf 82' lang='grc' dir='ltr'>τῆς</span> <span class='ocrx_word' id='word_1_244' title='bbox 611 3660 842 3719; x_wconf 85' lang='grc' dir='ltr'>συνόδου</span> <span class='ocrx_word' id='word_1_245' title='bbox 897 3666 1100 3738; x_wconf 79' lang='grc' dir='ltr'>ταύτης</span> <span class='ocrx_word' id='word_1_246' title='bbox 1148 3654 1411 3747; x_wconf 53' lang='grc' dir='ltr'>ὴεριὲχον</span> <span class='ocrx_word' id='word_1_247' title='bbox 1444 3720 1459 3746; x_wconf 87' lang='lat'>,</span> <span class='ocrx_word' id='word_1_248' title='bbox 1517 3654 1568 3731; x_wconf 67' lang='grc' dir='ltr'>ἓν</span> <span class='ocrx_word' id='word_1_249' title='bbox 1628 3679 1674 3749; x_wconf 85' lang='grc' dir='ltr'>ᾦ</span> <span class='ocrx_word' id='word_1_250' title='bbox 1732 3680 1923 3755; x_wconf 72' lang='grc' dir='ltr'>εὑρέθη</span> 
     </span>
    </p>
   </div>
   <div class='ocr_carea' id='block_1_35' title="bbox 264 3747 1923 3841">
    <p class='ocr_par' dir='ltr' id='par_1_35' title="bbox 264 3747 1923 3841">
     <span class='ocr_line' id='line_1_35' title="bbox 264 3747 1923 3841; baseline 0.017 -42"><span class='ocrx_word' id='word_1_251' title='bbox 264 3747 661 3822; x_wconf 74' lang='grc' dir='ltr'>προσκιίμενον</span> <span class='ocrx_word' id='word_1_252' title='bbox 718 3751 769 3806; x_wconf 77' lang='grc' dir='ltr'>ἐν</span> <span class='ocrx_word' id='word_1_253' title='bbox 812 3757 879 3828; x_wconf 79' lang='grc' dir='ltr'>τῇ</span> <span class='ocrx_word' id='word_1_254' title='bbox 928 3754 1190 3832; x_wconf 82' lang='grc' dir='ltr'>Θεολογίᾴ</span> <span class='ocrx_word' id='word_1_255' title='bbox 1235 3765 1332 3814; x_wconf 78' lang='grc' dir='ltr'>τοῦ</span> <span class='ocrx_word' id='word_1_256' title='bbox 1379 3763 1534 3837; x_wconf 82' lang='grc' dir='ltr'>ἁγίου</span> <span class='ocrx_word' id='word_1_257' title='bbox 1583 3747 1923 3841; x_wconf 44' lang='lat' dir='ltr'>“vstigia-1:04,</span> 
     </span>
    </p>
   </div>
   <div class='ocr_carea' id='block_1_36' title="bbox 266 3835 1924 3924">
    <p class='ocr_par' dir='ltr' id='par_1_36' title="bbox 266 3835 1924 3924">
     <span class='ocr_line' id='line_1_36' title="bbox 266 3835 1924 3924; baseline 0.016 -34"><span class='ocrx_word' id='word_1_258' title='bbox 266 3835 350 3899; x_wconf 83' lang='grc' dir='ltr'>εἷς</span> <span class='ocrx_word' id='word_1_259' title='bbox 398 3838 461 3892; x_wconf 86' lang='grc' dir='ltr'>τὸ</span> <span class='ocrx_word' id='word_1_260' title='bbox 510 3838 570 3894; x_wconf 80' lang='grc' dir='ltr'>ἐκ</span> <span class='ocrx_word' id='word_1_261' title='bbox 610 3846 707 3895; x_wconf 71' lang='grc' dir='ltr'>τοῦ</span> <span class='ocrx_word' id='word_1_262' title='bbox 757 3844 963 3918; x_wconf 76' lang='grc' dir='ltr'>Πατρὸς</span> <span class='ocrx_word' id='word_1_263' title='bbox 996 3845 1445 3924; x_wconf 73' lang='grc' dir='ltr'>ἐκπορευόμενον,</span> <span class='ocrx_word' id='word_1_264' title='bbox 1474 3855 1537 3908; x_wconf 87' lang='grc' dir='ltr'>τὸ</span> <span class='ocrx_word' id='word_1_265' title='bbox 1568 3858 1655 3911; x_wconf 80' lang='grc' dir='ltr'>καὶ</span> <span class='ocrx_word' id='word_1_266' title='bbox 1716 3858 1775 3913; x_wconf 81' lang='grc' dir='ltr'>ἐκ</span> <span class='ocrx_word' id='word_1_267' title='bbox 1827 3866 1924 3916; x_wconf 83' lang='grc' dir='ltr'>τοῦ</span> 
     </span>
    </p>
   </div>
   <div class='ocr_carea' id='block_1_37' title="bbox 264 3930 1921 4019">
    <p class='ocr_par' dir='ltr' id='par_1_37' title="bbox 264 3930 1921 4019">
     <span class='ocr_line' id='line_1_37' title="bbox 264 3930 1921 4019; baseline 0.017 -37"><span class='ocrx_word' id='word_1_268' title='bbox 264 3930 511 3987; x_wconf 78' lang='grc' dir='ltr'>Υἱοῦ.Ε1;</span> <span class='ocrx_word' id='word_1_269' title='bbox 540 3934 703 3990; x_wconf 89' lang='lat' dir='ltr'>addit</span> <span class='ocrx_word' id='word_1_270' title='bbox 732 3936 957 3995; x_wconf 72' lang='lat' dir='ltr'>Graecos</span> <span class='ocrx_word' id='word_1_271' title='bbox 988 3940 1154 3996; x_wconf 87' lang='lat' dir='ltr'>illum</span> <span class='ocrx_word' id='word_1_272' title='bbox 1216 3961 1337 4000; x_wconf 66' lang='lat' dir='ltr'>sua:</span> <span class='ocrx_word' id='word_1_273' title='bbox 1388 3945 1603 4019; x_wconf 75' lang='lat' dir='ltr'>linguae</span> <span class='ocrx_word' id='word_1_274' title='bbox 1661 3953 1921 4010; x_wconf 90' lang='lat' dir='ltr'>codicem</span> 
     </span>
    </p>
   </div>
   <div class='ocr_carea' id='block_1_38' title="bbox 268 4021 1925 4112">
    <p class='ocr_par' dir='ltr' id='par_1_38' title="bbox 268 4021 1925 4112">
     <span class='ocr_line' id='line_1_38' title="bbox 268 4021 1925 4112; baseline 0.014 -39"><span class='ocrx_word' id='word_1_275' title='bbox 268 4035 410 4074; x_wconf 91' lang='lat' dir='ltr'>cum</span> <span class='ocrx_word' id='word_1_276' title='bbox 462 4021 850 4081; x_wconf 88' lang='lat' dir='ltr'>admiratione</span> <span class='ocrx_word' id='word_1_277' title='bbox 897 4033 1217 4102; x_wconf 85' lang='lat' dir='ltr'>spectasse,</span> <span class='ocrx_word' id='word_1_278' title='bbox 1283 4037 1339 4088; x_wconf 91' lang='lat' dir='ltr'>et</span> <span class='ocrx_word' id='word_1_279' title='bbox 1401 4036 1649 4106; x_wconf 89' lang='lat' dir='ltr'>probum</span> <span class='ocrx_word' id='word_1_280' title='bbox 1731 4042 1925 4112; x_wconf 87' lang='lat' dir='ltr'>specie</span> 
     </span>
    </p>
   </div>
   <div class='ocr_carea' id='block_1_39' title="bbox 265 4114 1925 4197">
    <p class='ocr_par' dir='ltr' id='par_1_39' title="bbox 265 4114 1925 4197">
     <span class='ocr_line' id='line_1_39' title="bbox 265 4114 1925 4197; baseline 0.015 -35"><span class='ocrx_word' id='word_1_281' title='bbox 265 4124 603 4181; x_wconf 88' lang='lat' dir='ltr'>manusque</span> <span class='ocrx_word' id='word_1_282' title='bbox 628 4114 988 4187; x_wconf 64' lang='lat' dir='ltr'>perantiquus</span> <span class='ocrx_word' id='word_1_283' title='bbox 1022 4119 1328 4188; x_wconf 89' lang='lat' dir='ltr'>reperisse.</span> <span class='ocrx_word' id='word_1_284' title='bbox 1372 4122 1703 4197; x_wconf 89' lang='lat' dir='ltr'>Eademque</span> <span class='ocrx_word' id='word_1_285' title='bbox 1748 4130 1818 4186; x_wconf 91' lang='lat' dir='ltr'>de</span> <span class='ocrx_word' id='word_1_286' title='bbox 1864 4149 1925 4188; x_wconf 92' lang='lat' dir='ltr'>re</span> 
     </span>
    </p>
   </div>
   <div class='ocr_carea' id='block_1_40' title="bbox 220 4188 1925 4276">
    <p class='ocr_par' dir='ltr' id='par_1_40' title="bbox 220 4188 1925 4276">
     <span class='ocr_line' id='line_1_40' title="bbox 220 4188 1925 4276; baseline 0.016 -28"><span class='ocrx_word' id='word_1_287' title='bbox 220 4188 327 4268; x_wconf 19' lang='lat' dir='ltr'>Ap.</span> <span class='ocrx_word' id='word_1_288' title='bbox 360 4198 431 4253; x_wconf 89' lang='lat'>86</span> <span class='ocrx_word' id='word_1_289' title='bbox 477 4199 686 4276; x_wconf 81' lang='lat' dir='ltr'>deinde</span> <span class='ocrx_word' id='word_1_290' title='bbox 731 4202 1070 4261; x_wconf 78' lang='lat' dir='ltr'>referuntur</span> <span class='ocrx_word' id='word_1_291' title='bbox 1115 4208 1337 4265; x_wconf 90' lang='lat' dir='ltr'>Juliani</span> <span class='ocrx_word' id='word_1_292' title='bbox 1384 4188 1701 4273; x_wconf 77' lang='lat' dir='ltr'>cardinalis</span> <span class='ocrx_word' id='word_1_293' title='bbox 1750 4220 1925 4276; x_wconf 91' lang='lat' dir='ltr'>verba</span> 
     </span>
    </p>
   </div>
   <div class='ocr_carea' id='block_1_41' title="bbox 258 4274 1925 4384">
    <p class='ocr_par' dir='ltr' id='par_1_41' title="bbox 258 4274 1925 4384">
     <span class='ocr_line' id='line_1_41' title="bbox 258 4274 1925 4384; baseline 0.015 -45"><span class='ocrx_word' id='word_1_294' title='bbox 258 4284 390 4340; x_wconf 67' lang='lat' dir='ltr'>haec</span> <span class='ocrx_word' id='word_1_295' title='bbox 441 4289 510 4344; x_wconf 91' lang='lat' dir='ltr'>ad</span> <span class='ocrx_word' id='word_1_296' title='bbox 563 4274 979 4363; x_wconf 84' lang='lat' dir='ltr'>imperatorem</span> <span class='ocrx_word' id='word_1_297' title='bbox 1020 4295 1351 4354; x_wconf 69' lang='lat' dir='ltr'>Graecorum</span> <span class='ocrx_word' id='word_1_298' title='bbox 1388 4298 1773 4372; x_wconf 77' lang='grc' dir='ltr'>ςΓαληνότατε</span> <span class='ocrx_word' id='word_1_299' title='bbox 1822 4307 1925 4384; x_wconf 86' lang='grc' dir='ltr'>βα-</span> 
     </span>
    </p>
   </div>
   <div class='ocr_carea' id='block_1_42' title="bbox 261 4371 1918 4466">
    <p class='ocr_par' dir='ltr' id='par_1_42' title="bbox 261 4371 1918 4466">
     <span class='ocr_line' id='line_1_42' title="bbox 261 4371 1918 4466; baseline 0.016 -40"><span class='ocrx_word' id='word_1_300' title='bbox 261 4371 443 4442; x_wconf 77' lang='grc' dir='ltr'>σιλεῦ,</span> <span class='ocrx_word' id='word_1_301' title='bbox 518 4376 581 4430; x_wconf 85' lang='grc' dir='ltr'>τὸ</span> <span class='ocrx_word' id='word_1_302' title='bbox 656 4382 1024 4453; x_wconf 74' lang='grc' dir='ltr'>προκομισθὲν</span> <span class='ocrx_word' id='word_1_303' title='bbox 1106 4387 1235 4459; x_wconf 84' lang='grc' dir='ltr'>παρ’</span> <span class='ocrx_word' id='word_1_304' title='bbox 1303 4390 1465 4460; x_wconf 81' lang='grc' dir='ltr'>ἡμῶν</span> <span class='ocrx_word' id='word_1_305' title='bbox 1525 4371 1832 4466; x_wconf 49' lang='grc' dir='ltr'>σόμϐολον.</span> <span class='ocrx_word' id='word_1_306' title='bbox 1866 4396 1918 4452; x_wconf 80' lang='grc' dir='ltr'>ἐν</span> 
     </span>
    </p>
   </div>
   <div class='ocr_carea' id='block_1_43' title="bbox 251 4458 1920 4559">
    <p class='ocr_par' dir='ltr' id='par_1_43' title="bbox 251 4458 1920 4559">
     <span class='ocr_line' id='line_1_43' title="bbox 251 4458 1920 4559; baseline 0.016 -43"><span class='ocrx_word' id='word_1_307' title='bbox 251 4464 333 4534; x_wconf 82' lang='grc' dir='ltr'>τῇ</span> <span class='ocrx_word' id='word_1_308' title='bbox 392 4458 602 4540; x_wconf 75' lang='grc' dir='ltr'>ἑϐδόμῃ</span> <span class='ocrx_word' id='word_1_309' title='bbox 661 4466 868 4542; x_wconf 84' lang='grc' dir='ltr'>συνόδῳ</span> <span class='ocrx_word' id='word_1_310' title='bbox 941 4469 1081 4525; x_wconf 84' lang='grc' dir='ltr'>ἐστὶν</span> <span class='ocrx_word' id='word_1_311' title='bbox 1142 4458 1194 4528; x_wconf 80' lang='grc' dir='ltr'>ἐν</span> <span class='ocrx_word' id='word_1_312' title='bbox 1259 4458 1464 4552; x_wconf 76' lang='grc' dir='ltr'>βιϐλίῳ</span> <span class='ocrx_word' id='word_1_313' title='bbox 1519 4458 1920 4559; x_wconf 74' lang='grc' dir='ltr'>παλαιοτάτῳ,</span> 
     </span>
    </p>
   </div>
   <div class='ocr_carea' id='block_1_44' title="bbox 248 4550 1917 4649">
    <p class='ocr_par' dir='ltr' id='par_1_44' title="bbox 248 4550 1917 4649">
     <span class='ocr_line' id='line_1_44' title="bbox 248 4550 1917 4649; baseline 0.014 -45"><span class='ocrx_word' id='word_1_314' title='bbox 248 4550 351 4605; x_wconf 81' lang='grc' dir='ltr'>καὶ</span> <span class='ocrx_word' id='word_1_315' title='bbox 411 4550 669 4609; x_wconf 76' lang='grc' dir='ltr'>ἀδύνατον</span> <span class='ocrx_word' id='word_1_316' title='bbox 745 4557 1045 4627; x_wconf 81' lang='grc' dir='ltr'>ὑπονοῆσαι</span> <span class='ocrx_word' id='word_1_317' title='bbox 1096 4550 1341 4635; x_wconf 68' lang='grc' dir='ltr'>γενέσθαι</span> <span class='ocrx_word' id='word_1_318' title='bbox 1416 4568 1539 4621; x_wconf 77' lang='grc' dir='ltr'>τινὰ</span> <span class='ocrx_word' id='word_1_319' title='bbox 1609 4568 1917 4649; x_wconf 81' lang='grc' dir='ltr'>ἐναλλαγὴν</span> 
     </span>
    </p>
   </div>
   <div class='ocr_carea' id='block_1_45' title="bbox 247 4637 1921 4729">
    <p class='ocr_par' dir='ltr' id='par_1_45' title="bbox 247 4637 1921 4729">
     <span class='ocr_line' id='line_1_45' title="bbox 247 4637 1921 4729; baseline 0.014 -34"><span class='ocrx_word' id='word_1_320' title='bbox 247 4637 313 4695; x_wconf 78' lang='grc' dir='ltr'>ἐν</span> <span class='ocrx_word' id='word_1_321' title='bbox 370 4640 541 4714; x_wconf 73' lang='grc' dir='ltr'>αὐτῷ.</span> <span class='ocrx_word' id='word_1_322' title='bbox 601 4644 849 4720; x_wconf 76' lang='grc' dir='ltr'>Ἔχομεν</span> <span class='ocrx_word' id='word_1_323' title='bbox 909 4643 967 4701; x_wconf 74' lang='grc' dir='ltr'>δὲ</span> <span class='ocrx_word' id='word_1_324' title='bbox 1018 4648 1293 4723; x_wconf 75' lang='grc' dir='ltr'>ἱστορικὸν</span> <span class='ocrx_word' id='word_1_325' title='bbox 1351 4651 1522 4729; x_wconf 81' lang='grc' dir='ltr'>ἄνδρα</span> <span class='ocrx_word' id='word_1_326' title='bbox 1567 4657 1803 4715; x_wconf 83' lang='grc' dir='ltr'>παλαιὸν</span> <span class='ocrx_word' id='word_1_327' title='bbox 1830 4662 1921 4718; x_wconf 85' lang='grc' dir='ltr'>καὶ</span> 
     </span>
    </p>
   </div>
   <div class='ocr_carea' id='block_1_46' title="bbox 208 4720 1919 4821">
    <p class='ocr_par' dir='ltr' id='par_1_46' title="bbox 208 4720 1919 4821">
     <span class='ocr_line' id='line_1_46' title="bbox 208 4720 1919 4821; baseline 0.013 -39"><span class='ocrx_word' id='word_1_328' title='bbox 208 4720 451 4806; x_wconf 66' lang='grc' dir='ltr'>’σοφὸν,</span> <span class='ocrx_word' id='word_1_329' title='bbox 526 4734 842 4811; x_wconf 77' lang='grc' dir='ltr'>γεγραφότα</span> <span class='ocrx_word' id='word_1_330' title='bbox 909 4737 1036 4811; x_wconf 81' lang='grc' dir='ltr'>περὶ</span> <span class='ocrx_word' id='word_1_331' title='bbox 1098 4720 1325 4796; x_wconf 78' lang='grc' dir='ltr'>πολλῶν</span> <span class='ocrx_word' id='word_1_332' title='bbox 1399 4720 1608 4815; x_wconf 71' lang='grc' dir='ltr'>ἄλλων,</span> <span class='ocrx_word' id='word_1_333' title='bbox 1684 4750 1775 4803; x_wconf 82' lang='grc' dir='ltr'>καὶ</span> <span class='ocrx_word' id='word_1_334' title='bbox 1851 4748 1919 4821; x_wconf 79' lang='grc' dir='ltr'>δὴ</span> 
     </span>
    </p>
   </div>
   <div class='ocr_carea' id='block_1_47' title="bbox 200 4812 1919 4906">
    <p class='ocr_par' dir='ltr' id='par_1_47' title="bbox 200 4812 1919 4906">
     <span class='ocr_line' id='line_1_47' title="bbox 200 4812 1919 4906; baseline 0.013 -34"><span class='ocrx_word' id='word_1_335' title='bbox 200 4812 205 4815; x_wconf 52' lang='grc'><strong>’</strong></span> <span class='ocrx_word' id='word_1_336' title='bbox 259 4816 357 4873; x_wconf 73' lang='grc' dir='ltr'>καὶ</span> <span class='ocrx_word' id='word_1_337' title='bbox 388 4819 511 4894; x_wconf 83' lang='grc' dir='ltr'>περῖ</span> <span class='ocrx_word' id='word_1_338' title='bbox 560 4821 763 4877; x_wconf 80' lang='grc' dir='ltr'>τούτου</span> <span class='ocrx_word' id='word_1_339' title='bbox 823 4821 1151 4901; x_wconf 80' lang='grc' dir='ltr'>διειληφότα</span> <span class='ocrx_word' id='word_1_340' title='bbox 1195 4828 1278 4884; x_wconf 79' lang='grc' dir='ltr'>ὅτι</span> <span class='ocrx_word' id='word_1_341' title='bbox 1322 4831 1385 4886; x_wconf 81' lang='grc' dir='ltr'>τὸ</span> <span class='ocrx_word' id='word_1_342' title='bbox 1436 4829 1717 4906; x_wconf 77' lang='grc' dir='ltr'>σύμϐολον</span> <span class='ocrx_word' id='word_1_343' title='bbox 1746 4836 1919 4904; x_wconf 75' lang='grc' dir='ltr'>οὕτως</span> 
     </span>
    </p>
   </div>
   <div class='ocr_carea' id='block_1_48' title="bbox 204 4902 1917 4996">
    <p class='ocr_par' dir='ltr' id='par_1_48' title="bbox 204 4902 1917 4996">
     <span class='ocr_line' id='line_1_48' title="bbox 204 4902 1917 4996; baseline 0.013 -36"><span class='ocrx_word' id='word_1_344' title='bbox 204 4902 209 4905; x_wconf 65' lang='grc'><em>’</em></span> <span class='ocrx_word' id='word_1_345' title='bbox 253 4905 476 4979; x_wconf 70' lang='grc' dir='ltr'>ἐξετέθη</span> <span class='ocrx_word' id='word_1_346' title='bbox 527 4913 616 4964; x_wconf 83' lang='grc' dir='ltr'>καὶ</span> <span class='ocrx_word' id='word_1_347' title='bbox 664 4910 979 4988; x_wconf 80' lang='grc' dir='ltr'>ἀνεγνώσθη</span> <span class='ocrx_word' id='word_1_348' title='bbox 1029 4919 1176 4992; x_wconf 84' lang='grc' dir='ltr'>παρά</span> <span class='ocrx_word' id='word_1_349' title='bbox 1231 4926 1331 4989; x_wconf 78' lang='grc' dir='ltr'>τῆς</span> <span class='ocrx_word' id='word_1_350' title='bbox 1382 4902 1628 4996; x_wconf 72' lang='grc' dir='ltr'>ἑϐδόμης</span> <span class='ocrx_word' id='word_1_351' title='bbox 1666 4902 1917 4984; x_wconf 44' lang='grc' dir='ltr'>συνόδουξ</span> 
     </span>
    </p>
   </div>
   <div class='ocr_carea' id='block_1_49' title="bbox 253 4996 1921 5088">
    <p class='ocr_par' dir='ltr' id='par_1_49' title="bbox 253 4996 1921 5088">
     <span class='ocr_line' id='line_1_49' title="bbox 253 4996 1921 5088; baseline 0.014 -37"><span class='ocrx_word' id='word_1_352' title='bbox 253 4996 630 5056; x_wconf 70' lang='lat' dir='ltr'>Serenissirre</span> <span class='ocrx_word' id='word_1_353' title='bbox 657 5001 961 5075; x_wconf 74' lang='lat' dir='ltr'>imperator</span> <span class='ocrx_word' id='word_1_354' title='bbox 986 5009 1267 5078; x_wconf 87' lang='lat' dir='ltr'>prolatum</span> <span class='ocrx_word' id='word_1_355' title='bbox 1307 5027 1340 5065; x_wconf 92' lang='lat' dir='ltr'>a</span> <span class='ocrx_word' id='word_1_356' title='bbox 1390 5012 1545 5069; x_wconf 90' lang='lat' dir='ltr'>nobis</span> <span class='ocrx_word' id='word_1_357' title='bbox 1592 5015 1921 5088; x_wconf 79' lang='lat' dir='ltr'>Symbolum</span> 
     </span>
    </p>
   </div>
   <div class='ocr_carea' id='block_1_50' title="bbox 256 5088 1919 5174">
    <p class='ocr_par' dir='ltr' id='par_1_50' title="bbox 256 5088 1919 5174">
     <span class='ocr_line' id='line_1_50' title="bbox 256 5088 1919 5174; baseline 0.013 -32"><span class='ocrx_word' id='word_1_358' title='bbox 256 5088 325 5142; x_wconf 85' lang='lat' dir='ltr'>in</span> <span class='ocrx_word' id='word_1_359' title='bbox 355 5090 589 5160; x_wconf 88' lang='lat' dir='ltr'>septima</span> <span class='ocrx_word' id='word_1_360' title='bbox 616 5095 836 5163; x_wconf 79' lang='lat' dir='ltr'>synodo</span> <span class='ocrx_word' id='word_1_361' title='bbox 865 5101 943 5149; x_wconf 82' lang='lat' dir='ltr'>est</span> <span class='ocrx_word' id='word_1_362' title='bbox 966 5093 1028 5151; x_wconf 86' lang='lat' dir='ltr'>in</span> <span class='ocrx_word' id='word_1_363' title='bbox 1058 5097 1204 5153; x_wconf 89' lang='lat' dir='ltr'>libro</span> <span class='ocrx_word' id='word_1_364' title='bbox 1234 5101 1646 5174; x_wconf 86' lang='lat' dir='ltr'>antiquissimo,</span> <span class='ocrx_word' id='word_1_365' title='bbox 1675 5123 1775 5163; x_wconf 88' lang='lat' dir='ltr'>nec</span> <span class='ocrx_word' id='word_1_366' title='bbox 1818 5124 1919 5163; x_wconf 87' lang='lat' dir='ltr'>co-</span> 
     </span>
    </p>
   </div>
   <div class='ocr_carea' id='block_1_51' title="bbox 254 5176 1920 5263">
    <p class='ocr_par' dir='ltr' id='par_1_51' title="bbox 254 5176 1920 5263">
     <span class='ocr_line' id='line_1_51' title="bbox 254 5176 1920 5263; baseline 0.014 -32"><span class='ocrx_word' id='word_1_367' title='bbox 254 5176 437 5249; x_wconf 83' lang='lat' dir='ltr'>gitari</span> <span class='ocrx_word' id='word_1_368' title='bbox 466 5182 563 5234; x_wconf 88' lang='lat' dir='ltr'>aut</span> <span class='ocrx_word' id='word_1_369' title='bbox 607 5180 799 5253; x_wconf 78' lang='lat' dir='ltr'>excipi</span> <span class='ocrx_word' id='word_1_370' title='bbox 841 5197 966 5239; x_wconf 87' lang='lat' dir='ltr'>cum</span> <span class='ocrx_word' id='word_1_371' title='bbox 1008 5183 1377 5258; x_wconf 83' lang='lat' dir='ltr'>fundamento</span> <span class='ocrx_word' id='word_1_372' title='bbox 1414 5197 1587 5263; x_wconf 79' lang='lat' dir='ltr'>potest</span> <span class='ocrx_word' id='word_1_373' title='bbox 1616 5194 1920 5252; x_wconf 88' lang='lat' dir='ltr'>alteratum</span> 
     </span>
    </p>
   </div>
   <div class='ocr_carea' id='block_1_52' title="bbox 257 5269 1914 5349">
    <p class='ocr_par' dir='ltr' id='par_1_52' title="bbox 257 5269 1914 5349">
     <span class='ocr_line' id='line_1_52' title="bbox 257 5269 1914 5349; baseline 0.013 -28"><span class='ocrx_word' id='word_1_374' title='bbox 257 5269 369 5322; x_wconf 84' lang='lat' dir='ltr'>aut</span> <span class='ocrx_word' id='word_1_375' title='bbox 415 5273 735 5340; x_wconf 87' lang='lat' dir='ltr'>corruptum</span> <span class='ocrx_word' id='word_1_376' title='bbox 783 5270 842 5326; x_wconf 87' lang='lat' dir='ltr'>id</span> <span class='ocrx_word' id='word_1_377' title='bbox 886 5276 1172 5347; x_wconf 76' lang='lat' dir='ltr'>exemplar</span> <span class='ocrx_word' id='word_1_378' title='bbox 1215 5280 1409 5349; x_wconf 81' lang='lat' dir='ltr'>fuisse.</span> <span class='ocrx_word' id='word_1_379' title='bbox 1474 5282 1742 5340; x_wconf 75' lang='lat' dir='ltr'>Habemus</span> <span class='ocrx_word' id='word_1_380' title='bbox 1811 5303 1914 5342; x_wconf 83' lang='lat' dir='ltr'>au-</span> 
     </span>
    </p>
   </div>
   <div class='ocr_carea' id='block_1_53' title="bbox 260 5355 1916 5448">
    <p class='ocr_par' dir='ltr' id='par_1_53' title="bbox 260 5355 1916 5448">
     <span class='ocr_line' id='line_1_53' title="bbox 260 5355 1916 5448; baseline 0.013 -39"><span class='ocrx_word' id='word_1_381' title='bbox 260 5358 373 5410; x_wconf 82' lang='lat' dir='ltr'>tem</span> <span class='ocrx_word' id='word_1_382' title='bbox 423 5355 772 5427; x_wconf 68' lang='lat' dir='ltr'>historicum,</span> <span class='ocrx_word' id='word_1_383' title='bbox 819 5363 1067 5430; x_wconf 88' lang='lat' dir='ltr'>priscum</span> <span class='ocrx_word' id='word_1_384' title='bbox 1127 5365 1407 5423; x_wconf 85' lang='lat' dir='ltr'>hominem</span> <span class='ocrx_word' id='word_1_385' title='bbox 1470 5373 1522 5426; x_wconf 92' lang='lat' dir='ltr'>et</span> <span class='ocrx_word' id='word_1_386' title='bbox 1583 5374 1916 5448; x_wconf 82' lang='lat' dir='ltr'>sapientem,</span> 
     </span>
    </p>
   </div>
   <div class='ocr_carea' id='block_1_54' title="bbox 257 5444 1920 5534">
    <p class='ocr_par' dir='ltr' id='par_1_54' title="bbox 257 5444 1920 5534">
     <span class='ocr_line' id='line_1_54' title="bbox 257 5444 1920 5534; baseline 0.013 -38"><span class='ocrx_word' id='word_1_387' title='bbox 257 5444 505 5515; x_wconf 86' lang='lat' dir='ltr'>quicum</span> <span class='ocrx_word' id='word_1_388' title='bbox 533 5444 600 5499; x_wconf 88' lang='lat' dir='ltr'>de</span> <span class='ocrx_word' id='word_1_389' title='bbox 619 5444 752 5501; x_wconf 89' lang='lat' dir='ltr'>aliis</span> <span class='ocrx_word' id='word_1_390' title='bbox 778 5447 1046 5518; x_wconf 77' lang='lat' dir='ltr'>plurimis</span> <span class='ocrx_word' id='word_1_391' title='bbox 1084 5454 1325 5524; x_wconf 81' lang='lat' dir='ltr'>scripsit,</span> <span class='ocrx_word' id='word_1_392' title='bbox 1378 5458 1493 5511; x_wconf 87' lang='lat' dir='ltr'>tum</span> <span class='ocrx_word' id='word_1_393' title='bbox 1542 5458 1610 5514; x_wconf 89' lang='lat' dir='ltr'>de</span> <span class='ocrx_word' id='word_1_394' title='bbox 1648 5444 1753 5516; x_wconf 88' lang='lat' dir='ltr'>hoc</span> <span class='ocrx_word' id='word_1_395' title='bbox 1795 5444 1920 5534; x_wconf 82' lang='lat' dir='ltr'>pro-</span> 
     </span>
    </p>
   </div>
   <div class='ocr_carea' id='block_1_55' title="bbox 252 5533 1919 5619">
    <p class='ocr_par' dir='ltr' id='par_1_55' title="bbox 252 5533 1919 5619">
     <span class='ocr_line' id='line_1_55' title="bbox 252 5533 1919 5619; baseline 0.013 -32"><span class='ocrx_word' id='word_1_396' title='bbox 252 5534 383 5606; x_wconf 85' lang='lat' dir='ltr'>prie</span> <span class='ocrx_word' id='word_1_397' title='bbox 407 5533 474 5589; x_wconf 88' lang='lat' dir='ltr'>de</span> <span class='ocrx_word' id='word_1_398' title='bbox 502 5550 605 5607; x_wconf 78' lang='lat' dir='ltr'>quo</span> <span class='ocrx_word' id='word_1_399' title='bbox 633 5552 783 5593; x_wconf 87' lang='lat' dir='ltr'>nunc</span> <span class='ocrx_word' id='word_1_400' title='bbox 802 5537 1010 5609; x_wconf 72' lang='lat' dir='ltr'>agitur,</span> <span class='ocrx_word' id='word_1_401' title='bbox 1035 5543 1347 5612; x_wconf 80' lang='lat' dir='ltr'>afﬁrmavit</span> <span class='ocrx_word' id='word_1_402' title='bbox 1374 5546 1699 5619; x_wconf 82' lang='lat' dir='ltr'>Symbolum</span> <span class='ocrx_word' id='word_1_403' title='bbox 1718 5533 1802 5607; x_wconf 86' lang='lat' dir='ltr'>sic</span> <span class='ocrx_word' id='word_1_404' title='bbox 1824 5568 1919 5607; x_wconf 81' lang='lat' dir='ltr'>ea:-</span> 
     </span>
    </p>
   </div>
   <div class='ocr_carea' id='block_1_56' title="bbox 252 5621 1916 5712">
    <p class='ocr_par' dir='ltr' id='par_1_56' title="bbox 252 5621 1916 5712">
     <span class='ocr_line' id='line_1_56' title="bbox 252 5621 1916 5712; baseline 0.013 -37"><span class='ocrx_word' id='word_1_405' title='bbox 252 5621 506 5695; x_wconf 84' lang='lat' dir='ltr'>positum</span> <span class='ocrx_word' id='word_1_406' title='bbox 533 5626 588 5678; x_wconf 86' lang='lat' dir='ltr'>el</span> <span class='ocrx_word' id='word_1_407' title='bbox 619 5624 816 5681; x_wconf 87' lang='lat' dir='ltr'>lectum</span> <span class='ocrx_word' id='word_1_408' title='bbox 858 5630 1006 5698; x_wconf 89' lang='lat' dir='ltr'>apud</span> <span class='ocrx_word' id='word_1_409' title='bbox 1052 5632 1343 5703; x_wconf 86' lang='lat' dir='ltr'>septimam</span> <span class='ocrx_word' id='word_1_410' title='bbox 1384 5637 1562 5706; x_wconf 84' lang='lat' dir='ltr'>fuisse</span> <span class='ocrx_word' id='word_1_411' title='bbox 1622 5640 1916 5712; x_wconf 85' lang='lat' dir='ltr'>synodum.</span> 
     </span>
    </p>
   </div>
   <div class='ocr_carea' id='block_1_57' title="bbox 261 5709 1915 5787">
    <p class='ocr_par' dir='ltr' id='par_1_57' title="bbox 261 5709 1915 5787">
     <span class='ocr_line' id='line_1_57' title="bbox 261 5709 1915 5787; baseline 0.014 -22"><span class='ocrx_word' id='word_1_412' title='bbox 261 5709 349 5766; x_wconf 80' lang='lat' dir='ltr'><strong>Ex</strong></span> <span class='ocrx_word' id='word_1_413' title='bbox 394 5709 488 5768; x_wconf 91' lang='lat' dir='ltr'>his</span> <span class='ocrx_word' id='word_1_414' title='bbox 530 5711 818 5771; x_wconf 87' lang='lat' dir='ltr'>habemus</span> <span class='ocrx_word' id='word_1_415' title='bbox 858 5717 1004 5774; x_wconf 89' lang='lat' dir='ltr'>satis</span> <span class='ocrx_word' id='word_1_416' title='bbox 1070 5725 1228 5777; x_wconf 89' lang='lat' dir='ltr'>certo</span> <span class='ocrx_word' id='word_1_417' title='bbox 1289 5729 1559 5783; x_wconf 88' lang='lat' dir='ltr'>constare</span> <span class='ocrx_word' id='word_1_418' title='bbox 1614 5728 1915 5787; x_wconf 66' lang='lat' dir='ltr'>Nicaanam</span> 
     </span>
    </p>
   </div>
   <div class='ocr_carea' id='block_1_58' title="bbox 592 5834 1313 5902">
    <p class='ocr_par' dir='ltr' id='par_1_58' title="bbox 592 5834 1313 5902">
     <span class='ocr_line' id='line_1_58' title="bbox 592 5834 1313 5902; baseline 0.015 -11"><span class='ocrx_word' id='word_1_419' title='bbox 592 5834 851 5897; x_wconf 74' lang='lat' dir='ltr'>PATROL.</span> <span class='ocrx_word' id='word_1_420' title='bbox 898 5838 1009 5898; x_wconf 79' lang='lat' dir='ltr'>Gs.</span> <span class='ocrx_word' id='word_1_421' title='bbox 1055 5839 1313 5902; x_wconf 81' lang='lat' dir='ltr'><strong>CXLIII.</strong></span> 
     </span>
    </p>
   </div>
   <div class='ocr_carea' id='block_1_59' title="bbox 2067 1244 3719 1358">
    <p class='ocr_par' dir='ltr' id='par_1_59' title="bbox 2067 1244 3719 1358">
     <span class='ocr_line' id='line_1_59' title="bbox 2067 1244 3719 1358; baseline 0.027 -59"><span class='ocrx_word' id='word_1_422' title='bbox 2067 1244 2326 1307; x_wconf 85' lang='lat' dir='ltr'>inserere</span> <span class='ocrx_word' id='word_1_423' title='bbox 2356 1261 2690 1324; x_wconf 80' lang='lat' dir='ltr'>potuerunt.</span> <span class='ocrx_word' id='word_1_424' title='bbox 2715 1264 2986 1324; x_wconf 90' lang='lat' dir='ltr'>Nondum</span> <span class='ocrx_word' id='word_1_425' title='bbox 3017 1276 3214 1330; x_wconf 90' lang='lat' dir='ltr'>tamen</span> <span class='ocrx_word' id='word_1_426' title='bbox 3243 1244 3539 1339; x_wconf 62' lang='lat' dir='ltr'>audebadt</span> <span class='ocrx_word' id='word_1_427' title='bbox 3559 1303 3719 1358; x_wconf 85' lang='lat' dir='ltr'>sym-</span> 
     </span>
     <span class='ocr_line' id='line_1_60' title="bbox 2068 1334 2842 1358; baseline 0.023 0"><span class='ocrx_word' id='word_1_428' title='bbox 2068 1334 2255 1358; x_wconf 79' lang='lat' dir='ltr'>L-‘l-____</span> <span class='ocrx_word' id='word_1_429' title='bbox 2501 1346 2511 1356; x_wconf 85' lang='lat'><em>‘</em></span> <span class='ocrx_word' id='word_1_430' title='bbox 2553 1351 2563 1358; x_wconf 72' lang='grc' dir='ltr'>ι</span> <span class='ocrx_word' id='word_1_431' title='bbox 2715 1352 2727 1358; x_wconf 75' lang='grc'><strong><em>⁵</em></strong></span> <span class='ocrx_word' id='word_1_432' title='bbox 2757 1354 2795 1358; x_wconf 88' lang='grc'><strong><em>““</em></strong></span> <span class='ocrx_word' id='word_1_433' title='bbox 2833 1354 2842 1358; x_wconf 74' lang='grc'><strong>⁸</strong></span> 
     </span>
    </p>
   </div>
   <div class='ocr_carea' id='block_1_60' title="bbox 2067 1334 3712 1444">
    <p class='ocr_par' dir='ltr' id='par_1_60' title="bbox 2067 1334 3712 1444">
     <span class='ocr_line' id='line_1_61' title="bbox 3376 1334 3685 1358; baseline 0.026 -23"><span class='ocrx_word' id='word_1_434' title='bbox 3376 1334 3381 1335; x_wconf 63' lang='lat'><strong><em>,</em></strong></span> <span class='ocrx_word' id='word_1_435' title='bbox 3414 1334 3537 1339; x_wconf 44' lang='grc' dir='ltr'>ηπ-</span> <span class='ocrx_word' id='word_1_436' title='bbox 3560 1334 3685 1358; x_wconf 54' lang='grc' dir='ltr'>η,</span> 
     </span>
     <span class='ocr_line' id='line_1_62' title="bbox 2067 1334 3712 1444; baseline 0.026 -56"><span class='ocrx_word' id='word_1_437' title='bbox 2067 1334 2263 1393; x_wconf 90' lang='lat' dir='ltr'>bolum</span> <span class='ocrx_word' id='word_1_438' title='bbox 2310 1359 2445 1399; x_wconf 91' lang='lat' dir='ltr'>cum</span> <span class='ocrx_word' id='word_1_439' title='bbox 2498 1346 2607 1402; x_wconf 87' lang='lat' dir='ltr'>ista</span> <span class='ocrx_word' id='word_1_440' title='bbox 2662 1352 2960 1412; x_wconf 91' lang='lat' dir='ltr'>additione</span> <span class='ocrx_word' id='word_1_441' title='bbox 3011 1359 3164 1417; x_wconf 91' lang='lat' dir='ltr'>inter</span> <span class='ocrx_word' id='word_1_442' title='bbox 3226 1382 3392 1422; x_wconf 88' lang='lat' dir='ltr'>sacra</span> <span class='ocrx_word' id='word_1_443' title='bbox 3455 1388 3712 1444; x_wconf 88' lang='lat' dir='ltr'>canere;</span> 
     </span>
    </p>
   </div>
   <div class='ocr_carea' id='block_1_61' title="bbox 2062 1436 3715 1543">
    <p class='ocr_par' dir='ltr' id='par_1_61' title="bbox 2062 1436 3715 1543">
     <span class='ocr_line' id='line_1_63' title="bbox 2062 1436 3715 1543; baseline 0.025 -56"><span class='ocrx_word' id='word_1_444' title='bbox 2062 1436 2158 1502; x_wconf 87' lang='lat' dir='ltr'>qui</span> <span class='ocrx_word' id='word_1_445' title='bbox 2193 1440 2453 1497; x_wconf 87' lang='lat' dir='ltr'>restabat</span> <span class='ocrx_word' id='word_1_446' title='bbox 2474 1448 2599 1501; x_wconf 89' lang='lat' dir='ltr'>tum</span> <span class='ocrx_word' id='word_1_447' title='bbox 2631 1449 2827 1505; x_wconf 89' lang='lat' dir='ltr'>adhuc</span> <span class='ocrx_word' id='word_1_448' title='bbox 2880 1453 2940 1509; x_wconf 88' lang='lat' dir='ltr'>in</span> <span class='ocrx_word' id='word_1_449' title='bbox 2983 1457 3158 1515; x_wconf 88' lang='lat' dir='ltr'>istius</span> <span class='ocrx_word' id='word_1_450' title='bbox 3199 1464 3520 1523; x_wconf 89' lang='lat' dir='ltr'>additionis</span> <span class='ocrx_word' id='word_1_451' title='bbox 3574 1436 3715 1543; x_wconf 51' lang='lat' dir='ltr'>pro;</span> 
     </span>
    </p>
   </div>
   <div class='ocr_carea' id='block_1_62' title="bbox 2060 1532 3714 1620">
    <p class='ocr_par' dir='ltr' id='par_1_62' title="bbox 2060 1532 3714 1620">
     <span class='ocr_line' id='line_1_64' title="bbox 2060 1532 3714 1620; baseline 0.025 -44"><span class='ocrx_word' id='word_1_452' title='bbox 2060 1536 2269 1592; x_wconf 90' lang='lat' dir='ltr'>gressu</span> <span class='ocrx_word' id='word_1_453' title='bbox 2300 1532 2521 1599; x_wconf 88' lang='lat' dir='ltr'>gradus</span> <span class='ocrx_word' id='word_1_454' title='bbox 2551 1537 2782 1594; x_wconf 88' lang='lat' dir='ltr'>tertius.</span> <span class='ocrx_word' id='word_1_455' title='bbox 2813 1540 3062 1601; x_wconf 88' lang='lat' dir='ltr'>Romani</span> <span class='ocrx_word' id='word_1_456' title='bbox 3113 1553 3423 1620; x_wconf 85' lang='lat' dir='ltr'>pontiﬁces</span> <span class='ocrx_word' id='word_1_457' title='bbox 3465 1532 3601 1614; x_wconf 80' lang='lat' dir='ltr'>cum</span> <span class='ocrx_word' id='word_1_458' title='bbox 3655 1566 3714 1616; x_wconf 88' lang='lat' dir='ltr'>et</span> 
     </span>
    </p>
   </div>
   <div class='ocr_carea' id='block_1_63' title="bbox 2060 1619 3712 1717">
    <p class='ocr_par' dir='ltr' id='par_1_63' title="bbox 2060 1619 3712 1717">
     <span class='ocr_line' id='line_1_65' title="bbox 2060 1619 3712 1717; baseline 0.024 -51"><span class='ocrx_word' id='word_1_459' title='bbox 2060 1619 2331 1672; x_wconf 89' lang='lat' dir='ltr'>constare</span> <span class='ocrx_word' id='word_1_460' title='bbox 2363 1619 2433 1674; x_wconf 93' lang='lat' dir='ltr'>de</span> <span class='ocrx_word' id='word_1_461' title='bbox 2464 1623 2736 1694; x_wconf 87' lang='lat' dir='ltr'>dogmate</span> <span class='ocrx_word' id='word_1_462' title='bbox 2770 1635 3163 1700; x_wconf 89' lang='lat' dir='ltr'>processionis</span> <span class='ocrx_word' id='word_1_463' title='bbox 3213 1643 3403 1698; x_wconf 86' lang='lat' dir='ltr'>sancti</span> <span class='ocrx_word' id='word_1_464' title='bbox 3459 1647 3712 1717; x_wconf 90' lang='lat' dir='ltr'>Spiritus</span> 
     </span>
    </p>
   </div>
   <div class='ocr_carea' id='block_1_64' title="bbox 2057 1704 3712 1800">
    <p class='ocr_par' dir='ltr' id='par_1_64' title="bbox 2057 1704 3712 1800">
     <span class='ocr_line' id='line_1_66' title="bbox 2057 1704 3712 1800; baseline 0.024 -45"><span class='ocrx_word' id='word_1_465' title='bbox 2057 1718 2125 1756; x_wconf 88' lang='lat' dir='ltr'>ex</span> <span class='ocrx_word' id='word_1_466' title='bbox 2157 1704 2300 1761; x_wconf 87' lang='lat' dir='ltr'>Filio</span> <span class='ocrx_word' id='word_1_467' title='bbox 2344 1708 2627 1779; x_wconf 90' lang='lat' dir='ltr'>viderent,</span> <span class='ocrx_word' id='word_1_468' title='bbox 2676 1721 2732 1771; x_wconf 92' lang='lat' dir='ltr'>et</span> <span class='ocrx_word' id='word_1_469' title='bbox 2770 1721 3114 1791; x_wconf 84' lang='lat' dir='ltr'>Symbolum</span> <span class='ocrx_word' id='word_1_470' title='bbox 3177 1727 3372 1800; x_wconf 87' lang='lat' dir='ltr'>ipsum</span> <span class='ocrx_word' id='word_1_471' title='bbox 3429 1704 3712 1794; x_wconf 66' lang='lat' dir='ltr'>haberent</span> 
     </span>
    </p>
   </div>
   <div class='ocr_carea' id='block_1_65' title="bbox 2056 1790 3707 1897">
    <p class='ocr_par' dir='ltr' id='par_1_65' title="bbox 2056 1790 3707 1897">
     <span class='ocr_line' id='line_1_67' title="bbox 2056 1790 3707 1897; baseline 0.024 -53"><span class='ocrx_word' id='word_1_472' title='bbox 2056 1790 2271 1850; x_wconf 85' lang='lat' dir='ltr'>diserta</span> <span class='ocrx_word' id='word_1_473' title='bbox 2292 1798 2421 1867; x_wconf 83' lang='lat' dir='ltr'>ejus</span> <span class='ocrx_word' id='word_1_474' title='bbox 2455 1800 2534 1855; x_wconf 90' lang='lat' dir='ltr'>rei</span> <span class='ocrx_word' id='word_1_475' title='bbox 2567 1790 2933 1873; x_wconf 62' lang='lat' dir='ltr'>professione</span> <span class='ocrx_word' id='word_1_476' title='bbox 2964 1819 3228 1888; x_wconf 90' lang='lat' dir='ltr'>auctum,</span> <span class='ocrx_word' id='word_1_477' title='bbox 3263 1820 3459 1890; x_wconf 85' lang='lat' dir='ltr'>palam</span> <span class='ocrx_word' id='word_1_478' title='bbox 3498 1842 3707 1897; x_wconf 86' lang='lat' dir='ltr'>pr0po-</span> 
     </span>
    </p>
   </div>
   <div class='ocr_carea' id='block_1_66' title="bbox 1979 1880 3705 1985">
    <p class='ocr_par' dir='ltr' id='par_1_66' title="bbox 1979 1880 3705 1985">
     <span class='ocr_line' id='line_1_68' title="bbox 1979 1880 3705 1985; baseline 0.024 -54"><span class='ocrx_word' id='word_1_479' title='bbox 1979 1908 2025 1972; x_wconf 83' lang='lat' dir='ltr'><strong>B</strong></span> <span class='ocrx_word' id='word_1_480' title='bbox 2055 1880 2234 1936; x_wconf 90' lang='lat' dir='ltr'>situm</span> <span class='ocrx_word' id='word_1_481' title='bbox 2268 1902 2297 1937; x_wconf 88' lang='lat' dir='ltr'>a</span> <span class='ocrx_word' id='word_1_482' title='bbox 2329 1890 2585 1956; x_wconf 83' lang='lat' dir='ltr'>generali</span> <span class='ocrx_word' id='word_1_483' title='bbox 2619 1897 2861 1965; x_wconf 85' lang='lat' dir='ltr'>synodo,</span> <span class='ocrx_word' id='word_1_484' title='bbox 2894 1900 3087 1956; x_wconf 90' lang='lat' dir='ltr'>minus</span> <span class='ocrx_word' id='word_1_485' title='bbox 3109 1912 3505 1966; x_wconf 89' lang='lat' dir='ltr'>necessarium</span> <span class='ocrx_word' id='word_1_486' title='bbox 3533 1924 3705 1985; x_wconf 86' lang='lat' dir='ltr'>puta-</span> 
     </span>
    </p>
   </div>
   <div class='ocr_carea' id='block_1_67' title="bbox 2052 1968 3701 2070">
    <p class='ocr_par' dir='ltr' id='par_1_67' title="bbox 2052 1968 3701 2070">
     <span class='ocr_line' id='line_1_69' title="bbox 2052 1968 3701 2070; baseline 0.024 -49"><span class='ocrx_word' id='word_1_487' title='bbox 2052 1968 2193 2024; x_wconf 85' lang='lat' dir='ltr'>bant</span> <span class='ocrx_word' id='word_1_488' title='bbox 2216 1971 2271 2026; x_wconf 92' lang='lat' dir='ltr'>id</span> <span class='ocrx_word' id='word_1_489' title='bbox 2298 1975 2430 2030; x_wconf 88' lang='lat' dir='ltr'>addi</span> <span class='ocrx_word' id='word_1_490' title='bbox 2455 1983 2688 2036; x_wconf 89' lang='lat' dir='ltr'>cantato</span> <span class='ocrx_word' id='word_1_491' title='bbox 2708 1982 2764 2037; x_wconf 91' lang='lat' dir='ltr'>in</span> <span class='ocrx_word' id='word_1_492' title='bbox 2791 1986 3348 2063; x_wconf 80' lang='lat' dir='ltr'>ecclesiaSymbolo,</span> <span class='ocrx_word' id='word_1_493' title='bbox 3373 1968 3701 2070; x_wconf 45' lang='lat' dir='ltr'>quod‘satis</span> 
     </span>
    </p>
   </div>
   <div class='ocr_carea' id='block_1_68' title="bbox 2052 2058 3699 2151">
    <p class='ocr_par' dir='ltr' id='par_1_68' title="bbox 2052 2058 3699 2151">
     <span class='ocr_line' id='line_1_70' title="bbox 2052 2058 3699 2151; baseline 0.024 -38"><span class='ocrx_word' id='word_1_494' title='bbox 2052 2058 2287 2117; x_wconf 87' lang='lat' dir='ltr'>aliunde</span> <span class='ocrx_word' id='word_1_495' title='bbox 2319 2064 2378 2119; x_wconf 91' lang='lat' dir='ltr'>in</span> <span class='ocrx_word' id='word_1_496' title='bbox 2411 2083 2477 2121; x_wconf 90' lang='lat' dir='ltr'>eo</span> <span class='ocrx_word' id='word_1_497' title='bbox 2509 2068 2754 2144; x_wconf 83' lang='lat' dir='ltr'>intelligi</span> <span class='ocrx_word' id='word_1_498' title='bbox 2776 2058 3169 2138; x_wconf 76' lang='lat' dir='ltr'>confidebant.</span> <span class='ocrx_word' id='word_1_499' title='bbox 3190 2058 3580 2148; x_wconf 50' lang='lat' dir='ltr'>Exstatistius</span> <span class='ocrx_word' id='word_1_500' title='bbox 3604 2058 3699 2151; x_wconf 55' lang='lat' dir='ltr'>eo:</span> 
     </span>
    </p>
   </div>
   <div class='ocr_carea' id='block_1_69' title="bbox 2051 2151 3697 2239">
    <p class='ocr_par' dir='ltr' id='par_1_69' title="bbox 2051 2151 3697 2239">
     <span class='ocr_line' id='line_1_71' title="bbox 2051 2151 3697 2239; baseline 0.023 -38"><span class='ocrx_word' id='word_1_501' title='bbox 2051 2164 2183 2205; x_wconf 89' lang='lat' dir='ltr'>rum</span> <span class='ocrx_word' id='word_1_502' title='bbox 2232 2151 2335 2206; x_wconf 90' lang='lat' dir='ltr'>tali</span> <span class='ocrx_word' id='word_1_503' title='bbox 2388 2156 2458 2209; x_wconf 91' lang='lat' dir='ltr'>de</span> <span class='ocrx_word' id='word_1_504' title='bbox 2506 2174 2565 2212; x_wconf 88' lang='lat' dir='ltr'>re</span> <span class='ocrx_word' id='word_1_505' title='bbox 2607 2160 2818 2229; x_wconf 83' lang='lat' dir='ltr'>judicii</span> <span class='ocrx_word' id='word_1_506' title='bbox 2858 2178 3304 2229; x_wconf 88' lang='lat' dir='ltr'>monumentum</span> <span class='ocrx_word' id='word_1_507' title='bbox 3360 2178 3588 2237; x_wconf 87' lang='lat' dir='ltr'>illustre</span> <span class='ocrx_word' id='word_1_508' title='bbox 3637 2183 3697 2239; x_wconf 89' lang='lat' dir='ltr'>in</span> 
     </span>
    </p>
   </div>
   <div class='ocr_carea' id='block_1_70' title="bbox 2050 2238 3701 2329">
    <p class='ocr_par' dir='ltr' id='par_1_70' title="bbox 2050 2238 3701 2329">
     <span class='ocr_line' id='line_1_72' title="bbox 2050 2238 3701 2329; baseline 0.023 -39"><span class='ocrx_word' id='word_1_509' title='bbox 2050 2238 2277 2311; x_wconf 89' lang='lat' dir='ltr'>primis,</span> <span class='ocrx_word' id='word_1_510' title='bbox 2314 2245 2467 2314; x_wconf 91' lang='lat' dir='ltr'>quod</span> <span class='ocrx_word' id='word_1_511' title='bbox 2502 2246 2596 2302; x_wconf 90' lang='lat' dir='ltr'>hic</span> <span class='ocrx_word' id='word_1_512' title='bbox 2628 2250 2858 2307; x_wconf 87' lang='lat' dir='ltr'>recitari</span> <span class='ocrx_word' id='word_1_513' title='bbox 2892 2272 2923 2310; x_wconf 93' lang='lat' dir='ltr'>e</span> <span class='ocrx_word' id='word_1_514' title='bbox 2953 2273 3014 2312; x_wconf 90' lang='lat' dir='ltr'>re</span> <span class='ocrx_word' id='word_1_515' title='bbox 3054 2266 3215 2329; x_wconf 90' lang='lat' dir='ltr'>puto.</span> <span class='ocrx_word' id='word_1_516' title='bbox 3263 2272 3431 2322; x_wconf 81' lang='lat' dir='ltr'>Anno</span> <span class='ocrx_word' id='word_1_517' title='bbox 3481 2238 3701 2329; x_wconf 81' lang='lat' dir='ltr'>Christi</span> 
     </span>
    </p>
   </div>
   <div class='ocr_carea' id='block_1_71' title="bbox 2046 2326 3698 2431">
    <p class='ocr_par' dir='ltr' id='par_1_71' title="bbox 2046 2326 3698 2431">
     <span class='ocr_line' id='line_1_73' title="bbox 2046 2326 3698 2431; baseline 0.022 -52"><span class='ocrx_word' id='word_1_518' title='bbox 2046 2326 2154 2381; x_wconf 88' lang='lat'>809</span> <span class='ocrx_word' id='word_1_519' title='bbox 2193 2328 2486 2388; x_wconf 85' lang='lat' dir='ltr'>celebrata</span> <span class='ocrx_word' id='word_1_520' title='bbox 2522 2342 2613 2391; x_wconf 91' lang='lat' dir='ltr'>est</span> <span class='ocrx_word' id='word_1_521' title='bbox 2658 2340 3017 2415; x_wconf 88' lang='lat' dir='ltr'>Aquisgrani</span> <span class='ocrx_word' id='word_1_522' title='bbox 3054 2326 3351 2418; x_wconf 28' lang='lat' dir='ltr'>“praesente</span> <span class='ocrx_word' id='word_1_523' title='bbox 3436 2326 3698 2431; x_wconf 52' lang='lat' dir='ltr'>impera;</span> 
     </span>
    </p>
   </div>
   <div class='ocr_carea' id='block_1_72' title="bbox 2048 2418 3700 2510">
    <p class='ocr_par' dir='ltr' id='par_1_72' title="bbox 2048 2418 3700 2510">
     <span class='ocr_line' id='line_1_74' title="bbox 2048 2418 3700 2510; baseline 0.024 -42"><span class='ocrx_word' id='word_1_524' title='bbox 2048 2418 2171 2471; x_wconf 88' lang='lat' dir='ltr'>tore</span> <span class='ocrx_word' id='word_1_525' title='bbox 2220 2420 2422 2476; x_wconf 90' lang='lat' dir='ltr'>Carolo</span> <span class='ocrx_word' id='word_1_526' title='bbox 2481 2422 2691 2497; x_wconf 88' lang='lat' dir='ltr'>Magno</span> <span class='ocrx_word' id='word_1_527' title='bbox 2739 2430 3012 2503; x_wconf 80' lang='lat' dir='ltr'>frequens</span> <span class='ocrx_word' id='word_1_528' title='bbox 3062 2442 3323 2510; x_wconf 88' lang='lat' dir='ltr'>synodus</span> <span class='ocrx_word' id='word_1_529' title='bbox 3373 2418 3700 2506; x_wconf 71' lang='lat' dir='ltr'>Gallicano-</span> 
     </span>
    </p>
   </div>
   <div class='ocr_carea' id='block_1_73' title="bbox 2048 2507 3692 2604">
    <p class='ocr_par' dir='ltr' id='par_1_73' title="bbox 2048 2507 3692 2604">
     <span class='ocr_line' id='line_1_75' title="bbox 2048 2507 3692 2604; baseline 0.024 -47"><span class='ocrx_word' id='word_1_530' title='bbox 2048 2520 2177 2559; x_wconf 90' lang='lat' dir='ltr'>rum</span> <span class='ocrx_word' id='word_1_531' title='bbox 2203 2507 2355 2562; x_wconf 69' lang='lat'>689</span> <span class='ocrx_word' id='word_1_532' title='bbox 2398 2510 2681 2584; x_wconf 87' lang='lat' dir='ltr'>Patrum;</span> <span class='ocrx_word' id='word_1_533' title='bbox 2734 2520 2833 2590; x_wconf 90' lang='lat' dir='ltr'>qui</span> <span class='ocrx_word' id='word_1_534' title='bbox 2883 2507 3155 2582; x_wconf 80' lang='lat' dir='ltr'>accurate</span> <span class='ocrx_word' id='word_1_535' title='bbox 3204 2530 3508 2604; x_wconf 87' lang='lat' dir='ltr'>disputata</span> <span class='ocrx_word' id='word_1_536' title='bbox 3547 2554 3692 2594; x_wconf 86' lang='lat' dir='ltr'>con-</span> 
     </span>
    </p>
   </div>
   <div class='ocr_carea' id='block_1_74' title="bbox 2045 2594 3697 2696">
    <p class='ocr_par' dir='ltr' id='par_1_74' title="bbox 2045 2594 3697 2696">
     <span class='ocr_line' id='line_1_76' title="bbox 2045 2594 3697 2696; baseline 0.021 -48"><span class='ocrx_word' id='word_1_537' title='bbox 2045 2598 2136 2648; x_wconf 88' lang='lat' dir='ltr'>tra</span> <span class='ocrx_word' id='word_1_538' title='bbox 2177 2594 2405 2652; x_wconf 58' lang='lat' dir='ltr'>Graecos</span> <span class='ocrx_word' id='word_1_539' title='bbox 2455 2607 2850 2663; x_wconf 80' lang='lat' dir='ltr'>controversia</span> <span class='ocrx_word' id='word_1_540' title='bbox 2889 2610 2959 2665; x_wconf 90' lang='lat' dir='ltr'>de</span> <span class='ocrx_word' id='word_1_541' title='bbox 3006 2619 3377 2683; x_wconf 90' lang='lat' dir='ltr'>processione</span> <span class='ocrx_word' id='word_1_542' title='bbox 3444 2625 3697 2696; x_wconf 88' lang='lat' dir='ltr'>Spiritus</span> 
     </span>
    </p>
   </div>
   <div class='ocr_carea' id='block_1_75' title="bbox 2043 2683 3695 2784">
    <p class='ocr_par' dir='ltr' id='par_1_75' title="bbox 2043 2683 3695 2784">
     <span class='ocr_line' id='line_1_77' title="bbox 2043 2683 3695 2784; baseline 0.023 -51"><span class='ocrx_word' id='word_1_543' title='bbox 2043 2683 2253 2750; x_wconf 71' lang='lat' dir='ltr'>sancti,</span> <span class='ocrx_word' id='word_1_544' title='bbox 2304 2701 2438 2739; x_wconf 87' lang='lat' dir='ltr'>cum</span> <span class='ocrx_word' id='word_1_545' title='bbox 2490 2690 2561 2744; x_wconf 90' lang='lat' dir='ltr'>de</span> <span class='ocrx_word' id='word_1_546' title='bbox 2602 2708 2662 2746; x_wconf 88' lang='lat' dir='ltr'>re</span> <span class='ocrx_word' id='word_1_547' title='bbox 2713 2693 2842 2764; x_wconf 89' lang='lat' dir='ltr'>ipsa</span> <span class='ocrx_word' id='word_1_548' title='bbox 2898 2702 2958 2752; x_wconf 89' lang='lat' dir='ltr'>ut</span> <span class='ocrx_word' id='word_1_549' title='bbox 3001 2709 3262 2773; x_wconf 91' lang='lat' dir='ltr'>oportuit</span> <span class='ocrx_word' id='word_1_550' title='bbox 3310 2683 3695 2784; x_wconf 69' lang='lat' dir='ltr'>deﬁnierunt,</span> 
     </span>
    </p>
   </div>
   <div class='ocr_carea' id='block_1_76' title="bbox 2043 2777 3696 2869">
    <p class='ocr_par' dir='ltr' id='par_1_76' title="bbox 2043 2777 3696 2869">
     <span class='ocr_line' id='line_1_78' title="bbox 2043 2777 3696 2869; baseline 0.021 -38"><span class='ocrx_word' id='word_1_551' title='bbox 2043 2777 2369 2837; x_wconf 87' lang='lat' dir='ltr'>certissime</span> <span class='ocrx_word' id='word_1_552' title='bbox 2396 2786 2716 2842; x_wconf 87' lang='lat' dir='ltr'>tenendum</span> <span class='ocrx_word' id='word_1_553' title='bbox 2752 2793 2991 2860; x_wconf 84' lang='lat' dir='ltr'>produci</span> <span class='ocrx_word' id='word_1_554' title='bbox 3027 2797 3314 2869; x_wconf 86' lang='lat' dir='ltr'>Spiritum</span> <span class='ocrx_word' id='word_1_555' title='bbox 3355 2813 3625 2864; x_wconf 87' lang='lat' dir='ltr'>sanctum</span> <span class='ocrx_word' id='word_1_556' title='bbox 3662 2828 3696 2865; x_wconf 90' lang='lat' dir='ltr'>a</span> 
     </span>
    </p>
   </div>
   <div class='ocr_carea' id='block_1_77' title="bbox 2042 2864 3695 2969">
    <p class='ocr_par' dir='ltr' id='par_1_77' title="bbox 2042 2864 3695 2969">
     <span class='ocr_line' id='line_1_79' title="bbox 2042 2864 3695 2969; baseline 0.023 -52"><span class='ocrx_word' id='word_1_557' title='bbox 2042 2864 2182 2921; x_wconf 83' lang='lat' dir='ltr'>Filio</span> <span class='ocrx_word' id='word_1_558' title='bbox 2233 2885 2487 2941; x_wconf 90' lang='lat' dir='ltr'>quoque,</span> <span class='ocrx_word' id='word_1_559' title='bbox 2538 2877 2662 2931; x_wconf 86' lang='lat' dir='ltr'>tum</span> <span class='ocrx_word' id='word_1_560' title='bbox 2714 2883 2780 2933; x_wconf 90' lang='lat' dir='ltr'>ut</span> <span class='ocrx_word' id='word_1_561' title='bbox 2833 2887 3187 2944; x_wconf 83' lang='lat' dir='ltr'>contrarium</span> <span class='ocrx_word' id='word_1_562' title='bbox 3242 2907 3495 2950; x_wconf 89' lang='lat' dir='ltr'>errorem</span> <span class='ocrx_word' id='word_1_563' title='bbox 3564 2915 3695 2969; x_wconf 86' lang='lat' dir='ltr'>per-</span> 
     </span>
    </p>
   </div>
   <div class='ocr_carea' id='block_1_78' title="bbox 2040 2953 3689 3057">
    <p class='ocr_par' dir='ltr' id='par_1_78' title="bbox 2040 2953 3689 3057">
     <span class='ocr_line' id='line_1_80' title="bbox 2040 2953 3689 3057; baseline 0.023 -51"><span class='ocrx_word' id='word_1_564' title='bbox 2040 2953 2258 3012; x_wconf 89' lang='lat' dir='ltr'>tinacia</span> <span class='ocrx_word' id='word_1_565' title='bbox 2290 2958 2623 3019; x_wconf 68' lang='lat' dir='ltr'>Graecorum</span> <span class='ocrx_word' id='word_1_566' title='bbox 2663 2965 2774 3021; x_wconf 85' lang='lat' dir='ltr'>late</span> <span class='ocrx_word' id='word_1_567' title='bbox 2818 2983 3191 3041; x_wconf 79' lang='lat' dir='ltr'>grassantem</span> <span class='ocrx_word' id='word_1_568' title='bbox 3242 2979 3547 3053; x_wconf 88' lang='lat' dir='ltr'>eliderent,</span> <span class='ocrx_word' id='word_1_569' title='bbox 3593 3004 3689 3057; x_wconf 87' lang='lat' dir='ltr'>pe-</span> 
     </span>
    </p>
   </div>
   <div class='ocr_carea' id='block_1_79' title="bbox 2038 3044 3689 3140">
    <p class='ocr_par' dir='ltr' id='par_1_79' title="bbox 2038 3044 3689 3140">
     <span class='ocr_line' id='line_1_81' title="bbox 2038 3044 3689 3140; baseline 0.023 -45"><span class='ocrx_word' id='word_1_570' title='bbox 2038 3044 2280 3101; x_wconf 88' lang='lat' dir='ltr'>tendum</span> <span class='ocrx_word' id='word_1_571' title='bbox 2317 3051 2647 3119; x_wconf 83' lang='lat' dir='ltr'>apontiﬁce</span> <span class='ocrx_word' id='word_1_572' title='bbox 2680 3068 3041 3117; x_wconf 89' lang='lat' dir='ltr'>censuerunt</span> <span class='ocrx_word' id='word_1_573' title='bbox 3073 3071 3139 3120; x_wconf 91' lang='lat' dir='ltr'>ut</span> <span class='ocrx_word' id='word_1_574' title='bbox 3168 3070 3511 3140; x_wconf 83' lang='lat' dir='ltr'>Symbolum</span> <span class='ocrx_word' id='word_1_575' title='bbox 3534 3044 3689 3134; x_wconf 62' lang='lat' dir='ltr'>&#39;ch</span> 
     </span>
    </p>
   </div>
   <div class='ocr_carea' id='block_1_80' title="bbox 2036 3130 3687 3234">
    <p class='ocr_par' dir='ltr' id='par_1_80' title="bbox 2036 3130 3687 3234">
     <span class='ocr_line' id='line_1_82' title="bbox 2036 3130 3687 3234; baseline 0.023 -51"><span class='ocrx_word' id='word_1_576' title='bbox 2036 3130 2335 3190; x_wconf 85' lang='lat' dir='ltr'>additione</span> <span class='ocrx_word' id='word_1_577' title='bbox 2368 3139 2525 3193; x_wconf 88' lang='lat' dir='ltr'>vocis</span> <span class='ocrx_word' id='word_1_578' title='bbox 2556 3142 2805 3215; x_wconf 78' lang='lat' dir='ltr'>Filioque</span> <span class='ocrx_word' id='word_1_579' title='bbox 2834 3152 3060 3206; x_wconf 88' lang='lat' dir='ltr'>cantari</span> <span class='ocrx_word' id='word_1_580' title='bbox 3117 3155 3174 3209; x_wconf 92' lang='lat' dir='ltr'>in</span> <span class='ocrx_word' id='word_1_581' title='bbox 3222 3158 3470 3216; x_wconf 89' lang='lat' dir='ltr'>ecclesia</span> <span class='ocrx_word' id='word_1_582' title='bbox 3507 3164 3687 3234; x_wconf 86' lang='lat' dir='ltr'>jube-</span> 
     </span>
    </p>
   </div>
   <div class='ocr_carea' id='block_1_81' title="bbox 1956 3224 3688 3329">
    <p class='ocr_par' dir='ltr' id='par_1_81' title="bbox 1956 3224 3688 3329">
     <span class='ocr_line' id='line_1_83' title="bbox 1956 3224 3688 3329; baseline 0.022 -57"><span class='ocrx_word' id='word_1_583' title='bbox 1956 3262 2000 3329; x_wconf 77' lang='lat' dir='ltr'>C</span> <span class='ocrx_word' id='word_1_584' title='bbox 2041 3224 2147 3275; x_wconf 87' lang='lat' dir='ltr'>ret.</span> <span class='ocrx_word' id='word_1_585' title='bbox 2196 3227 2589 3285; x_wconf 88' lang='lat' dir='ltr'>Pervenerunt</span> <span class='ocrx_word' id='word_1_586' title='bbox 2631 3234 2700 3287; x_wconf 91' lang='lat' dir='ltr'>ad</span> <span class='ocrx_word' id='word_1_587' title='bbox 2759 3239 3004 3294; x_wconf 87' lang='lat' dir='ltr'>Leonem</span> <span class='ocrx_word' id='word_1_588' title='bbox 3056 3245 3295 3302; x_wconf 87' lang='lat' dir='ltr'>tertium</span> <span class='ocrx_word' id='word_1_589' title='bbox 3340 3224 3529 3323; x_wconf 72' lang='lat' dir='ltr'>legati</span> <span class='ocrx_word' id='word_1_590' title='bbox 3580 3253 3688 3310; x_wconf 87' lang='lat' dir='ltr'>hoc</span> 
     </span>
    </p>
   </div>
   <div class='ocr_carea' id='block_1_82' title="bbox 2043 3310 3689 3405">
    <p class='ocr_par' dir='ltr' id='par_1_82' title="bbox 2043 3310 3689 3405">
     <span class='ocr_line' id='line_1_84' title="bbox 2043 3310 3689 3405; baseline 0.022 -43"><span class='ocrx_word' id='word_1_591' title='bbox 2043 3310 2410 3379; x_wconf 87' lang='lat' dir='ltr'>postulantes</span> <span class='ocrx_word' id='word_1_592' title='bbox 2449 3332 2482 3371; x_wconf 90' lang='lat' dir='ltr'>a</span> <span class='ocrx_word' id='word_1_593' title='bbox 2534 3321 2754 3390; x_wconf 90' lang='lat' dir='ltr'>synodo</span> <span class='ocrx_word' id='word_1_594' title='bbox 2804 3330 2861 3379; x_wconf 90' lang='lat' dir='ltr'>et</span> <span class='ocrx_word' id='word_1_595' title='bbox 2909 3326 3262 3401; x_wconf 89' lang='lat' dir='ltr'>imperatore</span> <span class='ocrx_word' id='word_1_596' title='bbox 3307 3310 3497 3395; x_wconf 62' lang='lat' dir='ltr'>missi.</span> <span class='ocrx_word' id='word_1_597' title='bbox 3548 3342 3689 3405; x_wconf 87' lang='lat' dir='ltr'>Qui-</span> 
     </span>
    </p>
   </div>
   <div class='ocr_carea' id='block_1_83' title="bbox 2042 3398 3689 3495">
    <p class='ocr_par' dir='ltr' id='par_1_83' title="bbox 2042 3398 3689 3495">
     <span class='ocr_line' id='line_1_85' title="bbox 2042 3398 3689 3495; baseline 0.022 -44"><span class='ocrx_word' id='word_1_598' title='bbox 2042 3398 2151 3453; x_wconf 91' lang='lat' dir='ltr'>bus</span> <span class='ocrx_word' id='word_1_599' title='bbox 2179 3403 2291 3456; x_wconf 91' lang='lat' dir='ltr'>Leo</span> <span class='ocrx_word' id='word_1_600' title='bbox 2321 3406 2640 3475; x_wconf 91' lang='lat' dir='ltr'>respondit,</span> <span class='ocrx_word' id='word_1_601' title='bbox 2677 3413 2834 3481; x_wconf 91' lang='lat' dir='ltr'>quod</span> <span class='ocrx_word' id='word_1_602' title='bbox 2883 3417 2955 3471; x_wconf 90' lang='lat' dir='ltr'>ad</span> <span class='ocrx_word' id='word_1_603' title='bbox 2995 3398 3223 3492; x_wconf 74' lang='lat' dir='ltr'>dogma</span> <span class='ocrx_word' id='word_1_604' title='bbox 3272 3425 3508 3495; x_wconf 90' lang='lat' dir='ltr'>quidem</span> <span class='ocrx_word' id='word_1_605' title='bbox 3556 3398 3689 3486; x_wconf 71' lang='lat' dir='ltr'>atti-</span> 
     </span>
    </p>
   </div>
   <div class='ocr_carea' id='block_1_84' title="bbox 2042 3489 3688 3575">
    <p class='ocr_par' dir='ltr' id='par_1_84' title="bbox 2042 3489 3688 3575">
     <span class='ocr_line' id='line_1_86' title="bbox 2042 3489 3688 3575; baseline 0.021 -34"><span class='ocrx_word' id='word_1_606' title='bbox 2042 3492 2243 3544; x_wconf 89' lang='lat' dir='ltr'>neret:</span> <span class='ocrx_word' id='word_1_607' title='bbox 2294 3489 2385 3546; x_wconf 85' lang='lat' dir='ltr'>Ita</span> <span class='ocrx_word' id='word_1_608' title='bbox 2430 3497 2632 3567; x_wconf 81' lang='lat' dir='ltr'>sentio,</span> <span class='ocrx_word' id='word_1_609' title='bbox 2687 3500 2766 3555; x_wconf 87' lang='lat' dir='ltr'>ita</span> <span class='ocrx_word' id='word_1_610' title='bbox 2798 3513 2979 3574; x_wconf 82' lang='lat' dir='ltr'>teneo,</span> <span class='ocrx_word' id='word_1_611' title='bbox 3020 3489 3113 3563; x_wconf 43' lang='lat' dir='ltr'>ita&#39;</span> <span class='ocrx_word' id='word_1_612' title='bbox 3142 3526 3267 3566; x_wconf 86' lang='lat' dir='ltr'>cum</span> <span class='ocrx_word' id='word_1_613' title='bbox 3312 3514 3394 3570; x_wconf 80' lang='lat' dir='ltr'>his</span> <span class='ocrx_word' id='word_1_614' title='bbox 3440 3522 3688 3575; x_wconf 88' lang='lat' dir='ltr'>auctori-</span> 
     </span>
    </p>
   </div>
   <div class='ocr_carea' id='block_1_85' title="bbox 2043 3578 3691 3677">
    <p class='ocr_par' dir='ltr' id='par_1_85' title="bbox 2043 3578 3691 3677">
     <span class='ocr_line' id='line_1_87' title="bbox 2043 3578 3691 3677; baseline 0.022 -47"><span class='ocrx_word' id='word_1_615' title='bbox 2043 3578 2142 3632; x_wconf 86' lang='lat' dir='ltr'>bus</span> <span class='ocrx_word' id='word_1_616' title='bbox 2166 3582 2216 3633; x_wconf 89' lang='lat' dir='ltr'>et</span> <span class='ocrx_word' id='word_1_617' title='bbox 2245 3596 2423 3638; x_wconf 57' lang='lat' dir='ltr'>sacrm</span> <span class='ocrx_word' id='word_1_618' title='bbox 2460 3583 2769 3657; x_wconf 67' lang='lat' dir='ltr'>Scriptura?</span> <span class='ocrx_word' id='word_1_619' title='bbox 2798 3596 3243 3655; x_wconf 78' lang='lat' dir='ltr'>auctoritatibus.</span> <span class='ocrx_word' id='word_1_620' title='bbox 3277 3602 3339 3657; x_wconf 87' lang='lat' dir='ltr'>Si</span> <span class='ocrx_word' id='word_1_621' title='bbox 3396 3608 3517 3677; x_wconf 86' lang='lat' dir='ltr'>quis</span> <span class='ocrx_word' id='word_1_622' title='bbox 3569 3608 3691 3665; x_wconf 88' lang='lat' dir='ltr'>ali-</span> 
     </span>
    </p>
   </div>
   <div class='ocr_carea' id='block_1_86' title="bbox 2040 3667 3694 3767">
    <p class='ocr_par' dir='ltr' id='par_1_86' title="bbox 2040 3667 3694 3767">
     <span class='ocr_line' id='line_1_88' title="bbox 2040 3667 3694 3767; baseline 0.022 -49"><span class='ocrx_word' id='word_1_623' title='bbox 2040 3672 2125 3720; x_wconf 82' lang='lat' dir='ltr'>ter</span> <span class='ocrx_word' id='word_1_624' title='bbox 2151 3667 2216 3722; x_wconf 88' lang='lat' dir='ltr'>de</span> <span class='ocrx_word' id='word_1_625' title='bbox 2243 3670 2353 3725; x_wconf 87' lang='lat' dir='ltr'>hac</span> <span class='ocrx_word' id='word_1_626' title='bbox 2373 3688 2432 3726; x_wconf 90' lang='lat' dir='ltr'>re</span> <span class='ocrx_word' id='word_1_627' title='bbox 2457 3677 2667 3731; x_wconf 87' lang='lat' dir='ltr'>sentire</span> <span class='ocrx_word' id='word_1_628' title='bbox 2694 3683 2746 3734; x_wconf 90' lang='lat' dir='ltr'>et</span> <span class='ocrx_word' id='word_1_629' title='bbox 2777 3686 2965 3739; x_wconf 84' lang='lat' dir='ltr'>tenere</span> <span class='ocrx_word' id='word_1_630' title='bbox 3007 3689 3263 3756; x_wconf 88' lang='lat' dir='ltr'>voluerit,</span> <span class='ocrx_word' id='word_1_631' title='bbox 3317 3667 3591 3767; x_wconf 61' lang='lat' dir='ltr'>defendo,-</span> <span class='ocrx_word' id='word_1_632' title='bbox 3638 3708 3694 3753; x_wconf 87' lang='lat' dir='ltr'>et</span> 
     </span>
    </p>
   </div>
   <div class='ocr_carea' id='block_1_87' title="bbox 2040 3753 3688 3841">
    <p class='ocr_par' dir='ltr' id='par_1_87' title="bbox 2040 3753 3688 3841">
     <span class='ocr_line' id='line_1_89' title="bbox 2040 3753 3688 3841; baseline 0.022 -35"><span class='ocrx_word' id='word_1_633' title='bbox 2040 3753 2156 3809; x_wconf 87' lang='lat' dir='ltr'>nisi</span> <span class='ocrx_word' id='word_1_634' title='bbox 2182 3772 2473 3815; x_wconf 85' lang='lat' dir='ltr'>comersus</span> <span class='ocrx_word' id='word_1_635' title='bbox 2494 3765 2667 3831; x_wconf 83' lang='lat' dir='ltr'>fuerit</span> <span class='ocrx_word' id='word_1_636' title='bbox 2716 3774 2770 3821; x_wconf 87' lang='lat' dir='ltr'>et</span> <span class='ocrx_word' id='word_1_637' title='bbox 2811 3773 3112 3829; x_wconf 84' lang='lat' dir='ltr'>secundum</span> <span class='ocrx_word' id='word_1_638' title='bbox 3145 3778 3291 3834; x_wconf 85' lang='lat' dir='ltr'>hunc</span> <span class='ocrx_word' id='word_1_639' title='bbox 3336 3797 3556 3840; x_wconf 88' lang='lat' dir='ltr'>sensum</span> <span class='ocrx_word' id='word_1_640' title='bbox 3602 3790 3688 3841; x_wconf 88' lang='lat' dir='ltr'>te-</span> 
     </span>
    </p>
   </div>
   <div class='ocr_carea' id='block_1_88' title="bbox 2036 3846 3688 3945">
    <p class='ocr_par' dir='ltr' id='par_1_88' title="bbox 2036 3846 3688 3945">
     <span class='ocr_line' id='line_1_90' title="bbox 2036 3846 3688 3945; baseline 0.022 -51"><span class='ocrx_word' id='word_1_641' title='bbox 2036 3858 2166 3898; x_wconf 89' lang='lat' dir='ltr'>nere</span> <span class='ocrx_word' id='word_1_642' title='bbox 2195 3846 2451 3918; x_wconf 89' lang='lat' dir='ltr'>voluerit,</span> <span class='ocrx_word' id='word_1_643' title='bbox 2492 3856 2782 3912; x_wconf 78' lang='lat' dir='ltr'>contraria.</span> <span class='ocrx_word' id='word_1_644' title='bbox 2811 3862 3131 3918; x_wconf 79' lang='lat' dir='ltr'>sentientem</span> <span class='ocrx_word' id='word_1_645' title='bbox 3162 3868 3422 3935; x_wconf 84' lang='lat' dir='ltr'>funditus</span> <span class='ocrx_word' id='word_1_646' title='bbox 3458 3874 3688 3945; x_wconf 81' lang='lat' dir='ltr'>abjicio.</span> 
     </span>
    </p>
   </div>
   <div class='ocr_carea' id='block_1_89' title="bbox 2039 3941 3687 4044">
    <p class='ocr_par' dir='ltr' id='par_1_89' title="bbox 2039 3941 3687 4044">
     <span class='ocr_line' id='line_1_91' title="bbox 2039 3941 3687 4044; baseline 0.024 -52"><span class='ocrx_word' id='word_1_647' title='bbox 2039 3941 2199 4004; x_wconf 86' lang='lat' dir='ltr'>Quod</span> <span class='ocrx_word' id='word_1_648' title='bbox 2247 3948 2443 4000; x_wconf 89' lang='lat' dir='ltr'>autem</span> <span class='ocrx_word' id='word_1_649' title='bbox 2495 3948 2567 4004; x_wconf 91' lang='lat' dir='ltr'>de</span> <span class='ocrx_word' id='word_1_650' title='bbox 2609 3952 2872 4018; x_wconf 89' lang='lat' dir='ltr'>jubendo</span> <span class='ocrx_word' id='word_1_651' title='bbox 2916 3962 3139 4016; x_wconf 88' lang='lat' dir='ltr'>cantari</span> <span class='ocrx_word' id='word_1_652' title='bbox 3199 3966 3446 4025; x_wconf 89' lang='lat' dir='ltr'>ecclesia</span> <span class='ocrx_word' id='word_1_653' title='bbox 3514 3941 3687 4044; x_wconf 82' lang='lat' dir='ltr'>Sym-</span> 
     </span>
    </p>
   </div>
   <div class='ocr_carea' id='block_1_90' title="bbox 2038 4028 3687 4132">
    <p class='ocr_par' dir='ltr' id='par_1_90' title="bbox 2038 4028 3687 4132">
     <span class='ocr_line' id='line_1_92' title="bbox 2038 4028 3687 4132; baseline 0.022 -51"><span class='ocrx_word' id='word_1_654' title='bbox 2038 4028 2170 4083; x_wconf 92' lang='lat' dir='ltr'>bolo</span> <span class='ocrx_word' id='word_1_655' title='bbox 2216 4046 2351 4087; x_wconf 91' lang='lat' dir='ltr'>cum</span> <span class='ocrx_word' id='word_1_656' title='bbox 2412 4035 2708 4095; x_wconf 90' lang='lat' dir='ltr'>additione</span> <span class='ocrx_word' id='word_1_657' title='bbox 2756 4043 3003 4116; x_wconf 80' lang='lat' dir='ltr'>Filioque</span> <span class='ocrx_word' id='word_1_658' title='bbox 3041 4052 3381 4125; x_wconf 89' lang='lat' dir='ltr'>rogabatur,</span> <span class='ocrx_word' id='word_1_659' title='bbox 3452 4028 3687 4132; x_wconf 48' lang='lat' dir='ltr'>neg&#39;avit</span> 
     </span>
    </p>
   </div>
   <div class='ocr_carea' id='block_1_91' title="bbox 2037 4116 3685 4219">
    <p class='ocr_par' dir='ltr' id='par_1_91' title="bbox 2037 4116 3685 4219">
     <span class='ocr_line' id='line_1_93' title="bbox 2037 4116 3685 4219; baseline 0.021 -48"><span class='ocrx_word' id='word_1_660' title='bbox 2037 4116 2149 4171; x_wconf 89' lang='lat' dir='ltr'>sibi</span> <span class='ocrx_word' id='word_1_661' title='bbox 2182 4119 2366 4175; x_wconf 92' lang='lat' dir='ltr'>videri</span> <span class='ocrx_word' id='word_1_662' title='bbox 2413 4126 2877 4185; x_wconf 88' lang='lat' dir='ltr'>concedendum.</span> <span class='ocrx_word' id='word_1_663' title='bbox 2927 4133 2993 4188; x_wconf 89' lang='lat' dir='ltr'>Et</span> <span class='ocrx_word' id='word_1_664' title='bbox 3052 4116 3412 4200; x_wconf 69' lang='lat' dir='ltr'>instantibus</span> <span class='ocrx_word' id='word_1_665' title='bbox 3473 4116 3685 4219; x_wconf 61' lang='lat' dir='ltr'>legatis</span> 
     </span>
    </p>
   </div>
   <div class='ocr_carea' id='block_1_92' title="bbox 2035 4207 3684 4309">
    <p class='ocr_par' dir='ltr' id='par_1_92' title="bbox 2035 4207 3684 4309">
     <span class='ocr_line' id='line_1_94' title="bbox 2035 4207 3684 4309; baseline 0.021 -49"><span class='ocrx_word' id='word_1_666' title='bbox 2035 4223 2139 4278; x_wconf 89' lang='lat' dir='ltr'>per</span> <span class='ocrx_word' id='word_1_667' title='bbox 2170 4207 2289 4265; x_wconf 79' lang='lat' dir='ltr'>haec</span> <span class='ocrx_word' id='word_1_668' title='bbox 2319 4211 2447 4283; x_wconf 90' lang='lat' dir='ltr'>ipsa</span> <span class='ocrx_word' id='word_1_669' title='bbox 2478 4215 2654 4271; x_wconf 88' lang='lat' dir='ltr'>verba</span> <span class='ocrx_word' id='word_1_670' title='bbox 2679 4233 2692 4270; x_wconf 88' lang='lat'><strong><em>:</em></strong></span> <span class='ocrx_word' id='word_1_671' title='bbox 2723 4218 2786 4273; x_wconf 88' lang='lat' dir='ltr'>Si</span> <span class='ocrx_word' id='word_1_672' title='bbox 2808 4220 2980 4277; x_wconf 83' lang='lat' dir='ltr'>sciret</span> <span class='ocrx_word' id='word_1_673' title='bbox 3005 4229 3319 4295; x_wconf 85' lang='lat' dir='ltr'>paternilas</span> <span class='ocrx_word' id='word_1_674' title='bbox 3362 4238 3461 4290; x_wconf 84' lang='lat' dir='ltr'>tua</span> <span class='ocrx_word' id='word_1_675' title='bbox 3506 4207 3684 4309; x_wconf 70' lang='lat' dir='ltr'>quan-</span> 
     </span>
    </p>
   </div>
   <div class='ocr_carea' id='block_1_93' title="bbox 2036 4300 3690 4400">
    <p class='ocr_par' dir='ltr' id='par_1_93' title="bbox 2036 4300 3690 4400">
     <span class='ocr_line' id='line_1_95' title="bbox 2036 4300 3690 4400; baseline 0.021 -50"><span class='ocrx_word' id='word_1_676' title='bbox 2036 4300 2090 4351; x_wconf 87' lang='lat' dir='ltr'>ta</span> <span class='ocrx_word' id='word_1_677' title='bbox 2118 4304 2248 4353; x_wconf 86' lang='lat' dir='ltr'>sunt</span> <span class='ocrx_word' id='word_1_678' title='bbox 2278 4300 2440 4357; x_wconf 82' lang='lat' dir='ltr'>hodie</span> <span class='ocrx_word' id='word_1_679' title='bbox 2461 4305 2654 4361; x_wconf 85' lang='lat' dir='ltr'>millia</span> <span class='ocrx_word' id='word_1_680' title='bbox 2684 4308 2742 4363; x_wconf 91' lang='lat' dir='ltr'>id</span> <span class='ocrx_word' id='word_1_681' title='bbox 2774 4314 3046 4369; x_wconf 87' lang='lat' dir='ltr'>scenlium</span> <span class='ocrx_word' id='word_1_682' title='bbox 3084 4319 3217 4387; x_wconf 88' lang='lat' dir='ltr'>quia</span> <span class='ocrx_word' id='word_1_683' title='bbox 3250 4300 3534 4394; x_wconf 54' lang='lat' dir='ltr'>cantatur,</span> <span class='ocrx_word' id='word_1_684' title='bbox 3590 4329 3690 4400; x_wconf 89' lang='lat' dir='ltr'>qui</span> 
     </span>
    </p>
   </div>
   <div class='ocr_carea' id='block_1_94' title="bbox 2032 4393 3688 4480">
    <p class='ocr_par' dir='ltr' id='par_1_94' title="bbox 2032 4393 3688 4480">
     <span class='ocr_line' id='line_1_96' title="bbox 2032 4393 3688 4480; baseline 0.022 -41"><span class='ocrx_word' id='word_1_685' title='bbox 2032 4394 2315 4458; x_wconf 85' lang='lat' dir='ltr'>nunquam</span> <span class='ocrx_word' id='word_1_686' title='bbox 2346 4393 2548 4448; x_wconf 85' lang='lat' dir='ltr'>scituri</span> <span class='ocrx_word' id='word_1_687' title='bbox 2572 4406 2751 4453; x_wconf 86' lang='lat' dir='ltr'>essent</span> <span class='ocrx_word' id='word_1_688' title='bbox 2780 4398 2898 4455; x_wconf 84' lang='lat' dir='ltr'>nisi</span> <span class='ocrx_word' id='word_1_689' title='bbox 2926 4407 3270 4475; x_wconf 77' lang='lat' dir='ltr'>conteretur,</span> <span class='ocrx_word' id='word_1_690' title='bbox 3308 4413 3547 4480; x_wconf 78' lang='lat' dir='ltr'>fortasse</span> <span class='ocrx_word' id='word_1_691' title='bbox 3586 4434 3688 4474; x_wconf 87' lang='lat' dir='ltr'>no-</span> 
     </span>
    </p>
   </div>
   <div class='ocr_carea' id='block_1_95' title="bbox 2034 4475 3683 4562">
    <p class='ocr_par' dir='ltr' id='par_1_95' title="bbox 2034 4475 3683 4562">
     <span class='ocr_line' id='line_1_97' title="bbox 2034 4475 3683 4562; baseline 0.02 -32"><span class='ocrx_word' id='word_1_692' title='bbox 2034 4475 2245 4532; x_wconf 85' lang='lat' dir='ltr'>biscum</span> <span class='ocrx_word' id='word_1_693' title='bbox 2277 4484 2518 4549; x_wconf 86' lang='lat' dir='ltr'>teneres,</span> <span class='ocrx_word' id='word_1_694' title='bbox 2553 4488 2604 4539; x_wconf 87' lang='lat' dir='ltr'>et</span> <span class='ocrx_word' id='word_1_695' title='bbox 2645 4486 2700 4541; x_wconf 84' lang='lat' dir='ltr'>id</span> <span class='ocrx_word' id='word_1_696' title='bbox 2726 4492 2819 4544; x_wconf 87' lang='lat' dir='ltr'>tuo</span> <span class='ocrx_word' id='word_1_697' title='bbox 2850 4493 3018 4547; x_wconf 86' lang='lat' dir='ltr'>etiam</span> <span class='ocrx_word' id='word_1_698' title='bbox 3065 4511 3334 4554; x_wconf 86' lang='lat' dir='ltr'>consensu</span> <span class='ocrx_word' id='word_1_699' title='bbox 3370 4506 3428 4556; x_wconf 82' lang='lat' dir='ltr'>ut</span> <span class='ocrx_word' id='word_1_700' title='bbox 3481 4515 3683 4562; x_wconf 82' lang='lat' dir='ltr'>canta-</span> 
     </span>
    </p>
   </div>
   <div class='ocr_carea' id='block_1_96' title="bbox 2031 4571 3685 4651">
    <p class='ocr_par' dir='ltr' id='par_1_96' title="bbox 2031 4571 3685 4651">
     <span class='ocr_line' id='line_1_98' title="bbox 2031 4571 3685 4651; baseline 0.02 -33"><span class='ocrx_word' id='word_1_701' title='bbox 2031 4574 2184 4620; x_wconf 89' lang='lat' dir='ltr'>retur</span> <span class='ocrx_word' id='word_1_702' title='bbox 2213 4571 2586 4639; x_wconf 88' lang='lat' dir='ltr'>acquiesceres</span> <span class='ocrx_word' id='word_1_703' title='bbox 2608 4592 2627 4629; x_wconf 92' lang='lat'><em>:</em></span> <span class='ocrx_word' id='word_1_704' title='bbox 2653 4580 2956 4647; x_wconf 88' lang='lat' dir='ltr'>respondit</span> <span class='ocrx_word' id='word_1_705' title='bbox 2987 4583 3128 4641; x_wconf 92' lang='lat' dir='ltr'>Leo:</span> <span class='ocrx_word' id='word_1_706' title='bbox 3156 4587 3389 4645; x_wconf 88' lang='lat' dir='ltr'>Interim</span> <span class='ocrx_word' id='word_1_707' title='bbox 3421 4598 3685 4651; x_wconf 80' lang='lat' dir='ltr'>assentio.</span> 
     </span>
    </p>
   </div>
   <div class='ocr_carea' id='block_1_97' title="bbox 2045 4662 3687 4750">
    <p class='ocr_par' dir='ltr' id='par_1_97' title="bbox 2045 4662 3687 4750">
     <span class='ocr_line' id='line_1_99' title="bbox 2045 4662 3687 4750; baseline 0.018 -32"><span class='ocrx_word' id='word_1_708' title='bbox 2045 4662 2251 4720; x_wconf 83' lang='lat' dir='ltr'>Verum</span> <span class='ocrx_word' id='word_1_709' title='bbox 2282 4669 2486 4739; x_wconf 86' lang='lat' dir='ltr'>tamen,</span> <span class='ocrx_word' id='word_1_710' title='bbox 2517 4687 2723 4742; x_wconf 72' lang='lat' dir='ltr'>quaeso,</span> <span class='ocrx_word' id='word_1_711' title='bbox 2756 4680 3019 4750; x_wconf 85' lang='lat' dir='ltr'>responde</span> <span class='ocrx_word' id='word_1_712' title='bbox 3046 4683 3189 4738; x_wconf 89' lang='lat' dir='ltr'>mihi</span> <span class='ocrx_word' id='word_1_713' title='bbox 3219 4701 3232 4739; x_wconf 89' lang='lat'><strong>:</strong></span> <span class='ocrx_word' id='word_1_714' title='bbox 3264 4703 3403 4742; x_wconf 87' lang='lat' dir='ltr'>num</span> <span class='ocrx_word' id='word_1_715' title='bbox 3425 4693 3687 4748; x_wconf 84' lang='lat' dir='ltr'>universa</span> 
     </span>
    </p>
   </div>
   <div class='ocr_carea' id='block_1_98' title="bbox 2033 4750 3685 4851">
    <p class='ocr_par' dir='ltr' id='par_1_98' title="bbox 2033 4750 3685 4851">
     <span class='ocr_line' id='line_1_100' title="bbox 2033 4750 3685 4851; baseline 0.019 -46"><span class='ocrx_word' id='word_1_716' title='bbox 2033 4750 2353 4823; x_wconf 76' lang='lat' dir='ltr'>huiusmodi</span> <span class='ocrx_word' id='word_1_717' title='bbox 2379 4758 2511 4828; x_wconf 83' lang='lat' dir='ltr'>ﬁdei</span> <span class='ocrx_word' id='word_1_718' title='bbox 2546 4764 2783 4833; x_wconf 86' lang='lat' dir='ltr'>mystica</span> <span class='ocrx_word' id='word_1_719' title='bbox 2833 4781 3212 4843; x_wconf 83' lang='lat' dir='ltr'>sacramenta,</span> <span class='ocrx_word' id='word_1_720' title='bbox 3260 4791 3387 4847; x_wconf 68' lang='lat' dir='ltr'>quae</span> <span class='ocrx_word' id='word_1_721' title='bbox 3428 4778 3685 4851; x_wconf 89' lang='lat' dir='ltr'>Symbolo</span> 
     </span>
    </p>
   </div>
   <div class='ocr_carea' id='block_1_99' title="bbox 2030 4843 3686 4935">
    <p class='ocr_par' dir='ltr' id='par_1_99' title="bbox 2030 4843 3686 4935">
     <span class='ocr_line' id='line_1_101' title="bbox 2030 4843 3686 4935; baseline 0.019 -41"><span class='ocrx_word' id='word_1_722' title='bbox 2030 4856 2143 4896; x_wconf 89' lang='lat' dir='ltr'>non</span> <span class='ocrx_word' id='word_1_723' title='bbox 2172 4843 2547 4916; x_wconf 80' lang='lat' dir='ltr'>continentur,</span> <span class='ocrx_word' id='word_1_724' title='bbox 2596 4852 2722 4906; x_wconf 84' lang='lat' dir='ltr'>sine</span> <span class='ocrx_word' id='word_1_725' title='bbox 2772 4854 2972 4925; x_wconf 86' lang='lat' dir='ltr'>quibus</span> <span class='ocrx_word' id='word_1_726' title='bbox 3016 4862 3267 4933; x_wconf 87' lang='lat' dir='ltr'>quisque,</span> <span class='ocrx_word' id='word_1_727' title='bbox 3317 4865 3415 4935; x_wconf 90' lang='lat' dir='ltr'>qui</span> <span class='ocrx_word' id='word_1_728' title='bbox 3466 4868 3543 4923; x_wconf 89' lang='lat' dir='ltr'>ad</span> <span class='ocrx_word' id='word_1_729' title='bbox 3587 4869 3686 4925; x_wconf 82' lang='lat' dir='ltr'>hoc</span> 
     </span>
    </p>
   </div>
   <div class='ocr_carea' id='block_1_100' title="bbox 2028 4933 3682 5028">
    <p class='ocr_par' dir='ltr' id='par_1_100' title="bbox 2028 4933 3682 5028">
     <span class='ocr_line' id='line_1_102' title="bbox 2028 4933 3682 5028; baseline 0.019 -45"><span class='ocrx_word' id='word_1_730' title='bbox 2028 4933 2353 5004; x_wconf 86' lang='lat' dir='ltr'>pertingere</span> <span class='ocrx_word' id='word_1_731' title='bbox 2373 4945 2568 5004; x_wconf 84' lang='lat' dir='ltr'>potest,</span> <span class='ocrx_word' id='word_1_732' title='bbox 2601 4941 2903 5000; x_wconf 76' lang='lat' dir='ltr'>catholicus</span> <span class='ocrx_word' id='word_1_733' title='bbox 2926 4963 3042 5004; x_wconf 83' lang='lat' dir='ltr'>esse</span> <span class='ocrx_word' id='word_1_734' title='bbox 3076 4965 3187 5006; x_wconf 84' lang='lat' dir='ltr'>non</span> <span class='ocrx_word' id='word_1_735' title='bbox 3228 4933 3425 5024; x_wconf 78' lang='lat' dir='ltr'>potest,</span> <span class='ocrx_word' id='word_1_736' title='bbox 3462 4957 3682 5028; x_wconf 86' lang='lat' dir='ltr'>symbo-</span> 
     </span>
    </p>
   </div>
   <div class='ocr_carea' id='block_1_101' title="bbox 2031 5018 3681 5108">
    <p class='ocr_par' dir='ltr' id='par_1_101' title="bbox 2031 5018 3681 5108">
     <span class='ocr_line' id='line_1_103' title="bbox 2031 5018 3681 5108; baseline 0.018 -35"><span class='ocrx_word' id='word_1_737' title='bbox 2031 5018 2100 5073; x_wconf 89' lang='lat' dir='ltr'>lis</span> <span class='ocrx_word' id='word_1_738' title='bbox 2129 5020 2445 5090; x_wconf 86' lang='lat' dir='ltr'>inserenda,</span> <span class='ocrx_word' id='word_1_739' title='bbox 2476 5035 2526 5082; x_wconf 90' lang='lat' dir='ltr'>et</span> <span class='ocrx_word' id='word_1_740' title='bbox 2571 5035 2801 5100; x_wconf 87' lang='lat' dir='ltr'>propter</span> <span class='ocrx_word' id='word_1_741' title='bbox 2851 5038 3232 5108; x_wconf 84' lang='lat' dir='ltr'>compendium</span> <span class='ocrx_word' id='word_1_742' title='bbox 3270 5046 3460 5101; x_wconf 86' lang='lat' dir='ltr'>minas</span> <span class='ocrx_word' id='word_1_743' title='bbox 3507 5048 3681 5103; x_wconf 86' lang='lat' dir='ltr'>intel-</span> 
     </span>
    </p>
   </div>
   <div class='ocr_carea' id='block_1_102' title="bbox 2034 5106 3686 5195">
    <p class='ocr_par' dir='ltr' id='par_1_102' title="bbox 2034 5106 3686 5195">
     <span class='ocr_line' id='line_1_104' title="bbox 2034 5106 3686 5195; baseline 0.019 -32"><span class='ocrx_word' id='word_1_744' title='bbox 2034 5106 2354 5179; x_wconf 80' lang='lat' dir='ltr'>ligentiam,</span> <span class='ocrx_word' id='word_1_745' title='bbox 2386 5118 2447 5169; x_wconf 85' lang='lat' dir='ltr'>ut</span> <span class='ocrx_word' id='word_1_746' title='bbox 2501 5119 2701 5190; x_wconf 82' lang='lat' dir='ltr'>cuique</span> <span class='ocrx_word' id='word_1_747' title='bbox 2742 5106 2990 5195; x_wconf 72' lang='lat' dir='ltr'>libuerit,</span> <span class='ocrx_word' id='word_1_748' title='bbox 3043 5127 3290 5187; x_wconf 86' lang='lat' dir='ltr'>addenda</span> <span class='ocrx_word' id='word_1_749' title='bbox 3340 5139 3525 5191; x_wconf 82' lang='lat' dir='ltr'>sunt?</span> <span class='ocrx_word' id='word_1_750' title='bbox 3563 5137 3686 5193; x_wconf 89' lang='lat' dir='ltr'>Ali-</span> 
     </span>
    </p>
   </div>
   <div class='ocr_carea' id='block_1_103' title="bbox 2031 5203 3689 5295">
    <p class='ocr_par' dir='ltr' id='par_1_103' title="bbox 2031 5203 3689 5295">
     <span class='ocr_line' id='line_1_105' title="bbox 2031 5203 3689 5295; baseline 0.02 -44"><span class='ocrx_word' id='word_1_751' title='bbox 2031 5203 2252 5268; x_wconf 87' lang='lat' dir='ltr'>quanto</span> <span class='ocrx_word' id='word_1_752' title='bbox 2285 5206 2418 5273; x_wconf 83' lang='lat' dir='ltr'>post</span> <span class='ocrx_word' id='word_1_753' title='bbox 2452 5203 2631 5276; x_wconf 77' lang='lat' dir='ltr'>legati</span> <span class='ocrx_word' id='word_1_754' title='bbox 2662 5208 2747 5264; x_wconf 92' lang='lat' dir='ltr'>sic</span> <span class='ocrx_word' id='word_1_755' title='bbox 2781 5211 2947 5269; x_wconf 86' lang='lat' dir='ltr'>aiunt</span> <span class='ocrx_word' id='word_1_756' title='bbox 2980 5232 2993 5271; x_wconf 90' lang='lat'>:</span> <span class='ocrx_word' id='word_1_757' title='bbox 3028 5218 3172 5286; x_wconf 85' lang='lat' dir='ltr'>Ergo</span> <span class='ocrx_word' id='word_1_758' title='bbox 3200 5223 3258 5274; x_wconf 87' lang='lat' dir='ltr'>ut</span> <span class='ocrx_word' id='word_1_759' title='bbox 3306 5222 3480 5295; x_wconf 82' lang='lat' dir='ltr'>video,</span> <span class='ocrx_word' id='word_1_760' title='bbox 3536 5225 3689 5283; x_wconf 87' lang='lat' dir='ltr'>illud</span> 
     </span>
    </p>
   </div>
   <div class='ocr_carea' id='block_1_104' title="bbox 2029 5292 3690 5379">
    <p class='ocr_par' dir='ltr' id='par_1_104' title="bbox 2029 5292 3690 5379">
     <span class='ocr_line' id='line_1_106' title="bbox 2029 5292 3690 5379; baseline 0.02 -39"><span class='ocrx_word' id='word_1_761' title='bbox 2029 5304 2063 5340; x_wconf 81' lang='grc' dir='ltr'>α</span> <span class='ocrx_word' id='word_1_762' title='bbox 2088 5292 2271 5343; x_wconf 84' lang='lat' dir='ltr'>vestra</span> <span class='ocrx_word' id='word_1_763' title='bbox 2299 5295 2644 5361; x_wconf 78' lang='lat' dir='ltr'>paternitate</span> <span class='ocrx_word' id='word_1_764' title='bbox 2688 5297 3024 5370; x_wconf 86' lang='lat' dir='ltr'>decernitur,</span> <span class='ocrx_word' id='word_1_765' title='bbox 3084 5314 3145 5362; x_wconf 85' lang='lat' dir='ltr'>ut</span> <span class='ocrx_word' id='word_1_766' title='bbox 3198 5310 3381 5379; x_wconf 81' lang='lat' dir='ltr'>primo</span> <span class='ocrx_word' id='word_1_767' title='bbox 3436 5292 3580 5370; x_wconf 84' lang='lat' dir='ltr'>illud</span> <span class='ocrx_word' id='word_1_768' title='bbox 3622 5316 3690 5373; x_wconf 88' lang='lat' dir='ltr'>de</span> 
     </span>
    </p>
   </div>
   <div class='ocr_carea' id='block_1_105' title="bbox 2027 5382 3686 5475">
    <p class='ocr_par' dir='ltr' id='par_1_105' title="bbox 2027 5382 3686 5475">
     <span class='ocr_line' id='line_1_107' title="bbox 2027 5382 3686 5475; baseline 0.02 -46"><span class='ocrx_word' id='word_1_769' title='bbox 2027 5392 2133 5451; x_wconf 84' lang='lat' dir='ltr'>quo</span> <span class='ocrx_word' id='word_1_770' title='bbox 2174 5382 2403 5448; x_wconf 64' lang='lat' dir='ltr'>quaestio</span> <span class='ocrx_word' id='word_1_771' title='bbox 2433 5382 2653 5455; x_wconf 84' lang='lat' dir='ltr'>agitur,</span> <span class='ocrx_word' id='word_1_772' title='bbox 2708 5388 2777 5442; x_wconf 88' lang='lat' dir='ltr'>de</span> <span class='ocrx_word' id='word_1_773' title='bbox 2831 5406 2977 5460; x_wconf 55' lang='lat' dir='ltr'>sepe</span> <span class='ocrx_word' id='word_1_774' title='bbox 3031 5396 3145 5464; x_wconf 83' lang='lat' dir='ltr'>fato</span> <span class='ocrx_word' id='word_1_775' title='bbox 3189 5398 3446 5471; x_wconf 88' lang='lat' dir='ltr'>Symbolo</span> <span class='ocrx_word' id='word_1_776' title='bbox 3504 5403 3686 5475; x_wconf 90' lang='lat' dir='ltr'>(quod</span> 
     </span>
    </p>
   </div>
   <div class='ocr_carea' id='block_1_106' title="bbox 2029 5468 3694 5560">
    <p class='ocr_par' dir='ltr' id='par_1_106' title="bbox 2029 5468 3694 5560">
     <span class='ocr_line' id='line_1_108' title="bbox 2029 5468 3694 5560; baseline 0.017 -39"><span class='ocrx_word' id='word_1_777' title='bbox 2029 5481 2241 5537; x_wconf 86' lang='lat' dir='ltr'>nempe</span> <span class='ocrx_word' id='word_1_778' title='bbox 2268 5468 2483 5543; x_wconf 88' lang='lat' dir='ltr'>legitur</span> <span class='ocrx_word' id='word_1_779' title='bbox 2516 5472 2575 5527; x_wconf 91' lang='lat' dir='ltr'>in</span> <span class='ocrx_word' id='word_1_780' title='bbox 2609 5475 2878 5552; x_wconf 79' lang='lat' dir='ltr'>ecclesia)</span> <span class='ocrx_word' id='word_1_781' title='bbox 2909 5483 3164 5555; x_wconf 88' lang='lat' dir='ltr'>tolletur,</span> <span class='ocrx_word' id='word_1_782' title='bbox 3196 5468 3283 5560; x_wconf 57' lang='lat'>[13.</span> <span class='ocrx_word' id='word_1_783' title='bbox 3330 5491 3455 5560; x_wconf 75' lang='grc'>469]</span> <span class='ocrx_word' id='word_1_784' title='bbox 3486 5468 3694 5549; x_wconf 44' lang='grc' dir='ltr'>ε’ίταησ</span> 
     </span>
    </p>
   </div>
   <div class='ocr_carea' id='block_1_107' title="bbox 2027 5554 3685 5643">
    <p class='ocr_par' dir='ltr' id='par_1_107' title="bbox 2027 5554 3685 5643">
     <span class='ocr_line' id='line_1_109' title="bbox 2027 5554 3685 5643; baseline 0.018 -35"><span class='ocrx_word' id='word_1_785' title='bbox 2027 5554 2249 5611; x_wconf 89' lang='lat' dir='ltr'>demum</span> <span class='ocrx_word' id='word_1_786' title='bbox 2276 5575 2309 5612; x_wconf 89' lang='lat' dir='ltr'>a</span> <span class='ocrx_word' id='word_1_787' title='bbox 2339 5560 2579 5629; x_wconf 85' lang='lat' dir='ltr'>quolibet</span> <span class='ocrx_word' id='word_1_788' title='bbox 2617 5563 2772 5621; x_wconf 85' lang='lat' dir='ltr'>licite</span> <span class='ocrx_word' id='word_1_789' title='bbox 2797 5572 2848 5624; x_wconf 86' lang='lat' dir='ltr'>et</span> <span class='ocrx_word' id='word_1_790' title='bbox 2882 5569 3076 5643; x_wconf 86' lang='lat' dir='ltr'>libere,</span> <span class='ocrx_word' id='word_1_791' title='bbox 3106 5554 3224 5632; x_wconf 76' lang='lat' dir='ltr'>sive</span> <span class='ocrx_word' id='word_1_792' title='bbox 3250 5580 3535 5637; x_wconf 87' lang='lat' dir='ltr'>cantando</span> <span class='ocrx_word' id='word_1_793' title='bbox 3566 5584 3685 5639; x_wconf 85' lang='lat' dir='ltr'>sive</span> 
     </span>
    </p>
   </div>
   <div class='ocr_carea' id='block_1_108' title="bbox 2028 5644 3687 5735">
    <p class='ocr_par' dir='ltr' id='par_1_108' title="bbox 2028 5644 3687 5735">
     <span class='ocr_line' id='line_1_110' title="bbox 2028 5644 3687 5735; baseline 0.02 -39"><span class='ocrx_word' id='word_1_794' title='bbox 2028 5644 2293 5702; x_wconf 86' lang='lat' dir='ltr'>tradendo</span> <span class='ocrx_word' id='word_1_795' title='bbox 2323 5646 2573 5705; x_wconf 84' lang='lat' dir='ltr'>discatur</span> <span class='ocrx_word' id='word_1_796' title='bbox 2608 5662 2661 5709; x_wconf 87' lang='lat' dir='ltr'>et</span> <span class='ocrx_word' id='word_1_797' title='bbox 2689 5654 2960 5716; x_wconf 88' lang='lat' dir='ltr'>doceatur</span> <span class='ocrx_word' id='word_1_798' title='bbox 2988 5662 3175 5735; x_wconf 83' lang='lat' dir='ltr'>(extra</span> <span class='ocrx_word' id='word_1_799' title='bbox 3206 5672 3445 5725; x_wconf 88' lang='lat' dir='ltr'>cantum</span> <span class='ocrx_word' id='word_1_800' title='bbox 3478 5668 3687 5728; x_wconf 90' lang='lat' dir='ltr'>videli-</span> 
     </span>
    </p>
   </div>
   <div class='ocr_carea' id='block_1_109' title="bbox 2028 5734 3683 5834">
    <p class='ocr_par' dir='ltr' id='par_1_109' title="bbox 2028 5734 3683 5834">
     <span class='ocr_line' id='line_1_111' title="bbox 2028 5734 3683 5834; baseline 0.018 -46"><span class='ocrx_word' id='word_1_801' title='bbox 2028 5737 2117 5789; x_wconf 89' lang='lat' dir='ltr'>cet</span> <span class='ocrx_word' id='word_1_802' title='bbox 2148 5734 2607 5811; x_wconf 89' lang='lat' dir='ltr'>ecclsiasticum,</span> <span class='ocrx_word' id='word_1_803' title='bbox 2639 5745 2738 5816; x_wconf 90' lang='lat' dir='ltr'>qui</span> <span class='ocrx_word' id='word_1_804' title='bbox 2773 5746 2930 5805; x_wconf 92' lang='lat' dir='ltr'>inter</span> <span class='ocrx_word' id='word_1_805' title='bbox 2960 5768 3129 5810; x_wconf 79' lang='lat' dir='ltr'>sacra</span> <span class='ocrx_word' id='word_1_806' title='bbox 3158 5754 3267 5828; x_wconf 82' lang='lat' dir='ltr'>ﬁt).</span> <span class='ocrx_word' id='word_1_807' title='bbox 3302 5758 3388 5813; x_wconf 87' lang='lat' dir='ltr'>Ad</span> <span class='ocrx_word' id='word_1_808' title='bbox 3420 5775 3548 5831; x_wconf 71' lang='lat' dir='ltr'>qua:</span> <span class='ocrx_word' id='word_1_809' title='bbox 3579 5778 3683 5834; x_wconf 87' lang='lat' dir='ltr'>pa-</span> 
     </span>
    </p>
   </div>
   <div class='ocr_carea' id='block_1_110' title="bbox 3280 5879 3363 5937">
    <p class='ocr_par' dir='ltr' id='par_1_110' title="bbox 3280 5879 3363 5937">
     <span class='ocr_line' id='line_1_112' title="bbox 3280 5879 3363 5937; baseline 0 0"><span class='ocrx_word' id='word_1_810' title='bbox 3280 5879 3363 5937; x_wconf 88' lang='lat'>36</span> 
     </span>
    </p>
   </div>
  </div>
