4072 6402
341 444 482 499 1133

1928 454 2157 509 ΝΟΤΕ.

3613 457 3757 527 1134

337 569 558 625 ditione
608 568 866 641 Filioque
907 569 965 625 in
1011 570 1194 626 missa
1233 576 1539 629 cantatum
1571 615 1585 643 ,
1627 579 1731 631 aut
1783 576 1978 647 potius
2010 577 2067 643 Α
2096 576 2228 637 bolo
2259 578 3254 650 Constantinopolitaniaecumenici
3278 580 3541 651 secundi,
3577 598 3757 654 quam

343 675 480 714 cum
520 659 576 712 id
618 662 790 714 antea
826 675 928 730 per
957 659 1209 715 Galliam
1250 667 1307 717 et
1345 663 1691 734 Hispaniam
1723 664 1993 721 volunta-

345 748 433 804 ria
460 747 841 803 ecclesiarum
871 753 929 803 et
963 749 1373 820 episcoporum
1407 752 1716 808 devotione
1749 771 1993 825 usurpa-

343 841 524 905 retur,
557 853 802 893 assensu
827 837 1081 909 denique
1113 839 1357 895 Romani
1387 841 1681 912 pontiﬁcis
1707 846 1765 899 et
1794 841 1995 899 ﬁrma-

339 933 494 984 tum.

408 1034 693 1090 Dedimus
750 1034 1038 1090 hactenus
1087 1036 1401 1093 historiam
1462 1038 1785 1094 additionis
1835 1039 1993 1096 vocis

335 1124 592 1195 Filioque
624 1124 696 1177 ad
723 1124 1442 1196 Constantinopolitanum
1480 1128 1821 1200 Symbolum
1854 1173 1869 1197 ,
1900 1147 1993 1184 ar-

336 1215 535 1270 ticulis
568 1220 900 1286 temporum
933 1220 989 1270 et
1011 1218 1443 1288 progressionis
1468 1218 1753 1290 gradibus
1787 1218 1994 1273 distin-

338 1308 490 1359 ctam
531 1320 646 1371 ;ex
676 1303 849 1373 cujus
898 1302 985 1358 vel
1037 1305 1292 1376 simplici
1345 1307 1712 1377 expositione
1763 1308 1992 1363 conﬁdo

339 1408 621 1464 apparere
665 1392 1063 1448 innocentiam
1095 1398 1151 1449 et
1182 1395 1521 1465 aequitatem
1553 1397 1685 1467 ejus
1734 1397 1893 1464 facti,
1929 1401 1994 1452 ut

336 1497 484 1552 pene
516 1480 810 1552 potuerim
845 1481 1186 1537 lucrifacere
1217 1499 1454 1555 operam
1486 1485 1731 1540 secundi
1766 1502 1835 1540 ex
1855 1502 1990 1557 pro-

338 1568 549 1642 positis
591 1569 836 1641 capituli
868 1570 1182 1642 tractandi,
1230 1589 1345 1644 quo
1379 1590 1510 1628 sum
1543 1573 1841 1645 pollicitus
1882 1576 1992 1630 de-

338 1663 806 1715 monstraturum
840 1675 931 1714 me
955 1660 1142 1730 justis
1171 1665 1230 1715 et
1254 1661 1484 1718 idoneis
1504 1663 1576 1718 de
1596 1664 1793 1719 causis
1814 1664 1989 1720 istam

339 1764 469 1804 esse
497 1765 531 1803 a
562 1748 789 1803 Latinis
844 1748 1206 1806 additionem
1251 1751 1484 1807 factam.
1533 1752 1679 1808 Nam
1732 1753 1991 1824 primum

343 1837 584 1910 quidem
644 1837 966 1894 additionis
1014 1839 1256 1895 modum
1305 1846 1363 1898 et
1391 1841 1664 1912 gradum,
1714 1858 1832 1913 quo
1863 1859 1992 1898 ma-

2113 666 2226 737 ipei
2246 666 2896 737 Constantinopolitano
2916 668 3175 722 secundo
3206 668 3395 723 fuerat
3425 670 3757 740 apponendi

2104 756 2275 811 verba
2306 756 2575 827 quasdam
2606 756 2883 827 Symbolo
2916 757 3083 827 prius
3113 757 3267 812 edito
3301 774 3333 812 a
3376 757 3607 812 Niczena
3638 759 3756 829 pri-

2105 860 2201 898 ma
2229 842 2489 914 generali
2542 860 2757 916 magna
2804 845 3074 916 synodo?
3121 844 3407 916 Apposita
3451 862 3587 900 vero
3631 847 3754 915 jam

2103 932 2369 1003 symbolo
2421 948 2525 1002 per
2572 932 2901 1004 generalem
2954 935 3244 1004 synodum
3297 950 3429 989 voce
3477 933 3753 1006 Filioque,

2103 1020 2249 1091 quin
2301 1020 2465 1076 illam
2499 1026 2735 1079 cantare
2784 1036 3018 1094 quoque
3064 1022 3219 1079 inter
3257 1039 3427 1077 sacra
3476 1024 3753 1079 continuo

2104 1109 2359 1181 potuerit
2389 1110 2534 1167 citra
2574 1109 3095 1182 reprehensionem
3130 1110 3312 1167 ullam
3347 1111 3604 1168 Ecclesia
3637 1113 3753 1169 Ro—

2104 1216 2299 1269 mana,
2334 1200 2605 1255 dubitare
2649 1216 2821 1255 nemo
2854 1200 3067 1272 poterit
3099 1200 3197 1271 qui
3247 1206 3479 1273 reputet
3528 1201 3750 1257 nullam

2102 1288 2242 1359 fingi
2267 1289 2632 1359 probabilem
2658 1290 2943 1345 rationem
2966 1307 3157 1360 posse,
3190 1307 3322 1345 cum
3344 1291 3687 1362 Symbolum
3720 1308 3754 1345 a

2100 1378 2751 1449 Constantinopolitana
2791 1380 3052 1435 secunda
3090 1380 3347 1450 generali
3389 1379 3608 1441 editum
3653 1397 3749 1453 sy-

2103 1467 2257 1523 nodo
2276 1472 2431 1523 recte
2461 1466 2520 1525 in
2544 1471 2784 1523 cantum
2817 1466 3280 1525 ecclesiasticum
3305 1468 3383 1523 sit
3409 1474 3708 1540 receptum
3735 1484 3749 1524 :

2102 1564 2259 1619 idem
2305 1564 2650 1637 Symbolum
2700 1564 2949 1620 auctiori
2983 1570 3041 1620 et
3091 1564 3450 1637 explicatiori
3494 1566 3752 1622 editione

2099 1653 2406 1727 vulgatum
2439 1671 2472 1709 a
2503 1654 2738 1709 Nicsna
2766 1655 3028 1709 secunda
3056 1654 3311 1722 generali
3341 1655 3589 1725 septima
3611 1672 3749 1726 syn-

2100 1744 2238 1814 odo,
2267 1744 2432 1799 nefas
2470 1743 2649 1799 fuerit
2690 1743 3102 1800 ecclesiasticis
3144 1743 3335 1816 aptari
3376 1743 3654 1811 modulis,
3696 1748 3752 1800 et

2102 1832 2162 1887 in
2207 1833 2408 1899 choro,
2456 1833 2598 1895 dum
2645 1849 2813 1887 sacra
2854 1840 3240 1904 peraguntur,
3286 1833 3499 1887 audiri.
3545 1833 3752 1888 Dicent

341 1927 511 1999 gistri
541 1930 599 1982 et
618 1926 874 1998 theologi
904 1927 1178 1985 catholici
1209 1930 1528 2002 allegatum
1558 1932 1618 1986 in
1652 1932 1991 2003 praesidium
2021 1934 2071 2005 β
2104 1922 2349 1977 Γοτίιιεεθ
2380 1937 2567 1992 genus
2600 1921 2891 1977 mendacii
2933 1921 3115 1977 (υἱεεθ
3144 1921 3488 1993 Symbolum
3519 1921 3687 1991 quasi
3717 1938 3749 1976 ἃ

339 2016 556 2072 erroris
573 2033 607 2070 a
629 2017 978 2086 negantibus
1001 2022 1273 2073 sanctum
1306 2019 1593 2091 Spiritum
1625 2038 1660 2075 a
1689 2021 1834 2076 Filio
1854 2036 1988 2092 pro-

339 2105 547 2160 cedere
578 2105 986 2160 testimonium
1030 2106 1665 2179 Constantinopolitani
1707 2109 1991 2180 Symboli,

338 2195 528 2251 Patris
560 2195 747 2252 solius
775 2198 832 2251 in
866 2198 1254 2269 productione
1285 2199 1472 2254 sancti
1512 2199 1773 2271 Spiritus
1804 2200 1994 2255 diser-

337 2288 459 2339 tam
494 2285 852 2340 mentionem
879 2286 1168 2355 facientis,
1191 2288 1276 2342 sic
1295 2288 1669 2359 explicabant
1697 2295 1763 2344 ut
1780 2289 1992 2352 Filium

332 2390 475 2430 cum
507 2374 676 2430 Patre
704 2375 1145 2446 conspirantem
1176 2376 1426 2449 intelligi
1457 2384 1723 2450 oportere
1751 2383 1991 2434 conten-

336 2463 565 2534 derent,
597 2481 664 2519 ac
694 2463 780 2520 sic
802 2480 941 2519 voce
970 2470 1144 2521 tenus
1182 2483 1383 2522 vocem
1421 2468 1675 2539 Filioque
1714 2466 1991 2539 Symbolo

339 2552 650 2622 adderent,
691 2552 824 2623 quis
853 2554 988 2622 jure
1020 2557 1208 2624 possit
1246 2556 1692 2627 reprehendero,
1748 2572 1885 2611 cum
1924 2572 1993 2611 ea

339 2657 457 2696 non
488 2645 611 2697 tam
642 2641 861 2697 additio
890 2658 1071 2713 quam
1103 2643 1389 2714 expositio
1422 2645 1619 2711 fuerit,
1652 2661 1775 2701 rem
1807 2645 1994 2716 profe-

335 2745 475 2786 rens
488 2728 608 2785 illic
622 2729 1027 2786 absconditam
1038 2774 1050 2786 .
1068 2748 1183 2787 non
1198 2732 1511 2787 intrudens
1526 2734 1764 2788 aliunde
1780 2733 1996 2805 impor-

337 2824 524 2876 tatam
539 2821 814 2876 iAndrem
826 2819 1088 2893 episcopi
1104 2822 1292 2877 Rhodi
1306 2824 1399 2878 81
1413 2824 1461 2879 2
1477 2823 1582 2878 hac
1602 2824 1736 2894 ipsa
1757 2825 1829 2878 de
1849 2840 1911 2879 re
1932 2824 1991 2878 in

336 2908 585 2965 concilio
608 2909 1113 2975 Florentino,sess.
1129 2910 1553 2982 6,disputantis
1568 2912 1850 2985 probetne
1860 2914 1992 2984 ejus

338 3012 519 3053 sacrae
541 2997 747 3070 synodi
764 3014 1012 3053 assensu
1024 2998 1407 3071 syllogismus
1432 3001 1541 3057 huc
1566 2997 1993 3073 facit;0582u€a

337 3080 571 3153 ἔκθεσις,
631 3085 923 3157 ἀνάπτυξις
984 3084 1019 3154 ἢ
1078 3087 1348 3161 σαφήνειᾴ
1398 3109 1547 3151 τινος
1598 3088 1913 3161 ἐπιστήμης
1952 3087 1992 3157 ἢ

344 3175 673 3246 μαθήματος
727 3173 920 3249 ῥηθείη
980 3173 1043 3230 ἂν
1108 3178 1418 3251 προσθήκη.
1474 3177 1653 3233 Ἀλλά
1694 3177 1760 3233 τὸ
1810 3177 1871 3232 ἐκ
1897 3182 1994 3232 τοῦ

2101 2009 2770 2081 Constantinopolitanis
2792 2011 3064 2065 secundas
3096 2011 3303 2080 synodi
3321 2010 3593 2066 Patribus
3625 2010 3747 2065 edi-

2098 2105 2226 2155 tum
2257 2106 2513 2166 cantare,
2544 2117 2680 2155 eum
2712 2100 3115 2156 additamento
3146 2105 3308 2157 tanto
3339 2101 3632 2173 posterius
3664 2100 3748 2156 illi

2100 2207 2137 2244 a
2165 2189 2420 2260 septima
2439 2188 2701 2260 generali
2733 2189 2954 2260 synodo
2986 2188 3226 2255 inserto,
3246 2206 3316 2243 ex
3346 2205 3459 2261 quo
3492 2190 3747 2259 nonjam

2097 2277 2362 2351 amplius
2392 2277 2451 2331 id
2478 2278 2754 2333 secundas
2787 2277 2995 2348 synodi
3032 2277 3376 2346 Symbolum
3407 2283 3565 2334 esset
3597 2320 3611 2346 ,
3643 2278 3746 2335 sed

2100 2376 2261 2432 aliud
2310 2374 2599 2447 septimae.
2633 2375 3013 2446 Respondeo:
3061 2374 3108 2429 si
3145 2374 3329 2429 multa
3380 2377 3611 2431 verbaa
3653 2392 3749 2431 se-

2096 2466 2295 2521 cunda
2340 2463 2597 2536 generali
2644 2464 2870 2535 synodo
2924 2462 3196 2535 Symbolo
3251 2463 3492 2520 Nicaenas
3545 2464 3751 2535 prima:

2096 2553 2392 2627 generalis
2420 2554 2623 2608 addita
2640 2569 2760 2611 non
2783 2552 3143 2607 obstiterunt
3161 2552 3483 2623 quominus
3500 2552 3557 2607 id
3581 2554 3749 2625 Sym-

2100 2645 2302 2700 bolum
2346 2644 2649 2700 Nicanum
2698 2642 2892 2698 vocari
2943 2647 3365 2714 perseveraret,
3414 2661 3521 2699 cur
3569 2643 3747 2700 unius

2101 2732 2556 2806 quadrisyllaba
2594 2732 2812 2788 vocula
2872 2733 3091 2787 additio
3150 2732 3432 2803 impediet
3486 2749 3557 2788 ne
3615 2749 3748 2788 vere

2100 2823 2253 2877 idem
2304 2822 2648 2895 Symbolum
2694 2821 3416 2892 Constantinopolitanum
3466 2827 3532 2876 ut
3577 2827 3745 2878 antea

2098 2912 2289 2983 possit
2334 2911 2502 2973 diei?
2544 2911 2777 2965 Nicaeae
2809 2909 3081 2981 Symbolo
3126 2911 3280 2965 618
3329 2911 3747 2967 Constantino-

2100 3000 2347 3073 politani
2377 3004 2613 3056 centum
2636 2999 3075 3072 quinquaginta
3106 3004 3307 3055 Patres
3327 3000 3747 3070 adjunxerunt,

2103 3098 2233 3163 post
2279 3088 2382 3145 illa
2429 3090 2643 3146 verba:
2690 3090 2866 3146 Credo
2910 3090 2974 3144 in
3018 3089 3299 3161 Spiritum
3337 3095 3599 3145 sanetum
3630 3090 3750 3145 haec

2100 3182 2396 3235 Dominum
2424 3185 2477 3234 et
2508 3178 2903 3250 vivificantem,
2932 3178 3031 3249 qui
3058 3194 3129 3233 ea:
3162 3188 3321 3250 patre
3350 3181 3626 3250 procedit,
3653 3180 3753 3249 qui

339 3262 470 3317 Υἱοῦ
497 3260 791 3368 λεγόιῒενον
820 3261 878 3321 ἐν
904 3267 988 3336 tu?
1034 3262 1308 3338 συμϐόλῳ
1348 3266 1742 3341 ἐμπεριέχεται
1771 3270 1841 3341 τῇ
1898 3266 1990 3322 imi

2106 3284 2230 3325 cum
2278 3274 2449 3325 Patre
2476 3271 2527 3324 et
2554 3270 2695 3324 Filio
2738 3269 2909 3323 simul
2949 3269 3222 3329 adoratur
3265 3277 3320 3323 et
3354 3268 3752 3341 eongloriﬁca-

337 3354 438 3405 τοῦ
494 3349 705 3428 Πατρός
757 3358 942 3429 φωνῇ,
989 3351 1247 3427 ἐξήγησις
1284 3355 1346 3409 ὃν
1404 3354 1568 3411 αὐτοῦ
1614 3354 1705 3410 καὶ
1744 3354 1987 3411 ἀνάπτυ-

338 3440 441 3512 ξις.
472 3439 589 3498 Οὐκ
618 3438 721 3516 ἄρα
767 3440 877 3497 ἐστὶ
926 3444 1252 3515 προσθήκει.
1284 3446 1452 3502 Nulla
1473 3446 1774 3520 expositio,
1801 3446 1990 3518 expli-

2098 3366 2215 3425 tur,
2249 3361 2346 3430 qui
2390 3360 2601 3414 loeutus
2629 3366 2835 3428 super
2879 3357 3171 3429 propheta.
3222 3358 3292 3413 Et
3341 3361 3538 3412 tamen
3585 3362 3753 3429 Sym-

2092 3447 2304 3505 bolum
2331 3447 2416 3502 sic
2444 3451 2687 3502 auctum
2719 3445 3019 3501 Nicaeum
3052 3446 3441 3501 nihilominus
3471 3446 3751 3517 deinceps

332 3530 487 3587 cutio
515 3537 615 3587 aut
661 3532 961 3589 dectmtio
983 3532 1260 3595 decimae:
1301 3536 1990 3607 ajupumautdogm-
2093 3536 2373 3595 atholici
2416 3537 2719 3592 dixerunt.
2768 3536 3087 3599 Durandus
3137 3535 3194 3590 in
3243 3536 3536 3591 Rationali
3567 3535 3751 3591 divin.

344 3623 421 3677 ti:
462 3625 606 3679 recte
648 3629 873 3679 νοθείαν
911 3621 1145 3679 additu).
1197 3625 1363 3695 Atqui
1404 3640 1515 3681 uox
1559 3646 1581 3675 ιι
1650 3624 1912 3697 Filioque
1956 3646 1991 3676 ω

2106 3635 2256 3691 ofﬁc.
2288 3633 2328 3689 l.
2363 3651 2438 3701 iv,
2474 3651 2526 3691 c.
2552 3636 2645 3702 25,
2671 3638 2982 3706 postquam
3011 3632 3396 3705 apostolicum
3419 3638 3479 3687 et
3501 3632 3757 3688 Athana-

337 3710 505 3767 verbo
534 3715 697 3766 tenus
725 3709 986 3782 adjuncta
1017 3710 1274 3782 Symboto
1302 3714 1424 3781 im
1448 3715 1611 3783 prius
1641 3716 1701 3769 in
1720 3731 1785 3770 ee
1806 3716 1992 3770 conti-

339 3799 599 3865 nebatur,
658 3799 838 3855 latens
883 3803 937 3855 et
989 3800 1371 3857 subintellecte
1427 3800 1491 3856 in
1544 3803 1667 3873 ipsa
1720 3805 1995 3869 munione

339 3889 562 3956 Patris;
593 3888 755 3955 cadus
795 3888 1039 3945 abstrusi
1087 3906 1255 3945 sensu
1300 3889 1420 3947 haec
1444 3900 1663 3946 tantum
1709 3894 1995 3953 enarratio

2103 3725 2341 3779 sianum
2372 3722 2651 3794 Symbola
2682 3727 3087 3786 memorasset,
3120 3722 3433 3793 subjungit
3464 3738 3479 3775 :
3512 3722 3754 3777 Tertium

2102 3817 2184 3868 est
2202 3812 2509 3880 Mazaeum,
2524 3811 2666 3882 quod
2680 3812 2761 3867 Da
2769 3828 2953 3867 mosus
2962 3829 3108 3883 papa
3121 3828 3194 3866 ex
3208 3812 3598 3866 constitutione
3618 3811 3755 3866 uni-

2100 3900 2333 3958 versalis
2358 3900 2560 3972 synodi
2587 3901 2733 3970 apud
2774 3900 3306 3971 Constantinopolim
3341 3900 3634 3959 celebratae
3664 3904 3754 3956 in.-

342 3986 395 4033 ει
420 3976 727 4049 explicatio
768 3986 874 4035 at.
906 3979 1025 4033 Non
1050 3982 1133 4034 est
1174 3980 1357 4050 igitur
1381 3979 1623 4036 additio.
1670 3981 1806 4037 Scio
1830 3981 2001 4037 Grae—
2102 3992 2303 4047 stituit.
2326 3988 2610 4043 Similiter
2633 3988 2911 4059 Magister
2924 3990 3388 4051 Sententiarum.
3422 3989 3461 4043 1.
3488 4006 3528 4058 ι,
3553 3990 3672 4045 dist
3696 3993 3755 4044 ii

346 4082 449 4123 cos
476 4064 891 4124 schismatieos
915 4071 1121 4123 contra
1149 4068 1437 4141 excipere,
1466 4070 1712 4126 vetitum
1736 4087 1865 4126 esse
1882 4087 1996 4131 ne»

349 4153 623 4211 minutim
645 4171 944 4226 apponere
970 4156 1295 4229 quidquam
1315 4157 1590 4229 Symbolo
1621 4158 1801 4214 etiam
1816 4174 1886 4215 ex
1897 4174 1999 4230 pe-

2106 4085 2166 4136 et
2190 4078 2516 4135 Alexander
2546 4076 2779 4132 Alensis
2814 4082 2964 4148 part.
2992 4093 3079 4145 m,
3117 4081 3325 4149 quaest.
3356 4078 3448 4145 69,
3493 4078 3759 4133 membro

2105 4171 2163 4237 5,
2190 4167 2537 4241 Symbolum
2572 4166 2727 4237 quod
2754 4166 2820 4219 in
2854 4166 3036 4221 missa
3069 4170 3342 4221 cantatur
3369 4167 3667 4222 Nicienum
3698 4183 3766 4221 ac

346 4242 584 4299 sitionis
626 4259 827 4300 causa.
864 4244 980 4300 Sed
1028 4262 1131 4301 eos
1170 4246 1485 4305 submovet
1528 4247 1688 4307 idem
1738 4247 1998 4303 Andreas

2110 4258 2476 4313 Nicanorum
2528 4260 2769 4310 Patrum
2812 4259 3037 4311 vocant.
3073 4255 3262 4325 Hujus
3308 4255 3456 4311 ratio
3488 4259 3576 4310 est
3609 4256 3767 4327 quod

349 4330 619 4389 Rhodius
647 4333 870 4391 diserte
903 4350 1125 4406 negans
1151 4335 1218 4391 id
1245 4353 1509 4408 unquam
1536 4337 1717 4393 fuisse
1736 4336 2004 4410 prohibi-

354 4425 508 4477 tum.
541 4419 732 4479 Verba
758 4423 887 4492 ejus
917 4421 1041 4479 haec
1072 4429 1213 4481 sunt
1239 4425 1451 4483 conci-1.
1482 4425 1738 4483 Floreat.
1764 4442 1917 4483 sese.
1945 4428 2006 4490 ἵ.

2110 4346 2334 4403 additio
2382 4344 3166 4415 Constantinopolitanorum
3202 4344 3440 4399 Patrum
3482 4343 3631 4399 nihil
3663 4362 3770 4401 no-

2113 4454 2252 4493 vum
2279 4435 2485 4491 intuiit
2510 4436 2746 4492 Niceno
2778 4434 3081 4509 Symbolo,
3115 4436 3217 4491 sed
3253 4435 3516 4506 quaedam
3552 4452 3684 4506 quae
3708 4435 3770 4489 in

354 4526 415 4581 Ρ.
451 4509 552 4567 107
581 4510 725 4571 torni
754 4509 953 4571 XXXII
978 4511 1378 4571 Conciliorum
1403 4514 1503 4571 ed.
1564 4519 1741 4587 Reg:
1788 4515 1913 4591 Ἀφ’
1944 4511 2008 4573 οὗ
2114 4543 2182 4583 eo
2214 4526 2479 4581 latebant
2501 4524 2855 4597 explicatius
2893 4524 3154 4595 protulit.
3188 4529 3309 4580 Hoc
3341 4524 3595 4579 afﬁrmat
3632 4540 3773 4580 san-

350 4597 539 4655 ἓπεται
580 4598 673 4653 ὅτι
715 4600 880 4668 ἡνίκα
937 4602 1289 4676 συμπερανθῇ
1338 4601 1400 4657 τὸ
1434 4597 1748 4676 σύμϐολον,
1779 4603 1870 4659 καὶ
1900 4625 2010 4660 κω-

2118 4620 2249 4671 ctus
2279 4613 2594 4686 Gregorius
2622 4615 3047 4681 Nazianzenus,
3101 4630 3258 4668 unus
3288 4629 3319 4667 e
3352 4614 3456 4667 150
3482 4612 3771 4667 Constan-

356 4686 545 4743 Λύεταρι
592 4687 660 4749 τιὸ
714 4690 1055 4764 προσθεῖναι,
1114 4695 1319 4749 νοεῖται
1358 4690 1493 4747 ὅσον
1543 4693 1681 4766 πρὸς
1736 4693 1829 4749 τὸν
1884 4698 1998 4750 νοῦν

2118 4677 2527 4777 ti-nopoléitanis
2584 4704 2880 4774 Patrifbus,
2940 4677 3203 4759 scribens
3258 4703 3328 4757 ad
3380 4701 3774 4757 Gledonium:

350 4776 449 4835 atati
497 4776 635 4849 πρὸς
690 4777 876 4854 ἑτέραν
931 4775 1192 4837 διάνοιαν·
1253 4778 1377 4834 ὅσον
1430 4776 1491 4835 δὲ
1546 4780 1681 4856 πρὸς
1734 4779 2014 4860 διας-ἀφησ-

2114 4802 2314 4874 Ἥμεῖς
2361 4844 2375 4871 ,
2420 4801 2624 4874 inquit
2664 4846 2680 4871 ,
2737 4806 2838 4869 τῆς
2896 4798 3034 4854 κατὰ
3082 4798 3315 4855 Νίκαιαν
3374 4797 3608 4860 πίστεως
3665 4801 3774 4853 τῶν

350 4885 468 4934 σιν,
512 4862 794 4965 ὀὐδέποτε
824 4865 1445 4965 ,ᾔδη-Ε’κκλησίοξρτοῖξτο
1496 4869 1804 4926 κεκώλυκε·
1869 4872 2017 4929 unde
2120 4862 2290 4965 ἆγὶων
2346 4862 2603 4965 ’ίῐατέρων
2648 4862 2757 4944 θεῶν
2794 4862 2990 4943 ’ἐκεῖσε
3036 4885 3403 4942 συνελθόντων
3452 4887 3540 4943 ἐπὶ
3588 4899 3780 4952 καθαι-

358 4956 617 5027 sequitur
669 4956 1103 5024 prohibitionem
1153 4958 1418 5029 uertendi,
1468 4975 1594 5031 quae
1638 4971 2015 5019 consummato

358 5045 488 5115 jam
526 5045 804 5116 Symbolo
843 5055 931 5105 est
968 5048 1223 5119 apposita
1250 5091 1264 5116 ,
1322 5048 1750 5122 intelligendum
1793 5066 1908 5107 esse
1952 5050 2019 5106 de

364 5134 658 5195 additione
680 5139 811 5195 noui
836 5154 1026 5197 meus
1054 5140 1395 5211 diversaeque
1414 5140 1748 5208 sententiae;
1764 5159 1901 5207 nam
1918 5143 2019 5199 ad-

362 5223 635 5284 ditionem
705 5242 830 5298 quae
886 5226 957 5284 ad
1004 5244 1223 5285 meram
1276 5229 1710 5287 deciarationem
1754 5234 2016 5304 pertinet,

362 5330 657 5386 nunquam
683 5316 941 5387 prohibet
968 5317 1239 5374 Ecclesia.

2126 4982 2267 5056 ρέσει
2312 4986 2412 5049 τῆς
2471 4981 2809 5051 Ἀρειανικῆς
2854 4977 3112 5053 αἱρέσεως
3164 4974 3320 5032 οὐδὲν
3381 4974 3504 5032 οὔτε
3554 4998 3778 5052 προετι-

2132 5071 2382 5145 μήσαμέν
2438 5088 2574 5123 ποτε
2628 5065 2753 5123 οὔτε
2797 5070 3072 5142 προτιμᾷν
3128 5064 3423 5141 δυνάμεθα,
3482 5065 3608 5122 ἀλλ’
3640 5065 3783 5122 ὲκεί-

2118 5179 2226 5230 τνης
2284 5157 2445 5231 ἐσμὲν
2503 5157 2744 5219 πίστεως
2802 5155 2894 5210 σὺν
2933 5160 3052 5228 Θεῷ
3078 5155 3172 5209 καὶ
3206 5155 3465 5229 ἐσόμεθα.
3525 5159 3784 5214 Tantum

2132 5250 2297 5306 addit
2340 5264 2403 5304 se
2451 5264 2584 5303 cum
2636 5248 2761 5303 suis
2809 5247 2870 5302 in
2920 5245 3025 5302 il-la
3074 5263 3243 5303 sacra
3270 5249 3502 5319 Synodo
3544 5248 3786 5321 collegis
3880 5240 3887 5245 ’

2128 5336 2502 5395 articulatius
2553 5336 2918 5408 exposuisse,
2949 5352 3076 5408 quae
3136 5335 3337 5393 minus
3394 5338 3786 5405 sufﬁcienter,

432 5422 750 5479 Secundus
790 5424 1111 5480 addition'is
1142 5426 1387 5497 gradus,
1416 5426 1769 5483 auctoritate
1811 5430 2023 5501 synodi
2125 5428 2339 5483 habita
2382 5426 2615 5481 ratione
2663 5424 2875 5481 deinde
2926 5424 3305 5481 subortarum
3352 5426 3665 5495 haeresum,
3717 5426 3789 5481 de

365 5511 620 5567 Nicaeum
654 5515 949 5578 secundas,
982 5513 1279 5586 generalis
1309 5515 1597 5589 septimae,
1628 5518 1845 5586 factus,
1880 5536 2023 5591 apo-

366 5599 530 5672 logia
552 5619 673 5657 non
712 5603 963 5675 indiget.
998 5606 1222 5669 Quoius
1254 5605 1413 5660 enim
1463 5606 1715 5678 quisque
1742 5624 1861 5663 non
1891 5624 2026 5664 sen-

2128 5520 2341 5574 sancto
2388 5515 2606 5587 Spiritu
2659 5514 2953 5570 declarata
2984 5531 3018 5569 a
3042 5514 3293 5570 Niczenis
3318 5515 3579 5583 fuerant,
3611 5518 3792 5586 Προσ-

2134 5602 2521 5679 διαρθροῦντες
2569 5603 2630 5657 τὸ
2675 5601 2923 5665 ἐλλιπῶς
2962 5601 3252 5678 εἰρημένον
3303 5604 3428 5676 περὶ
3479 5606 3577 5657 τοῦ
3636 5601 3792 5675 ἁγίου

369 5692 448 5747 tit
476 5691 560 5761 [P.
595 5692 720 5763 474]
769 5691 916 5747 nihil
948 5692 1149 5749 minus
1191 5694 1345 5764 juris
1381 5695 1741 5752 oecumenico
1784 5697 2027 5754 concilio
2138 5692 2479 5767 Πνεύματος.
2528 5693 2591 5749 In
2644 5711 2773 5766 quas
2822 5694 3173 5750 Nazianzeni
3217 5694 3398 5750 verba
3438 5692 3796 5761 scholiastes

374 5782 611 5839 Nicaeno
641 5784 903 5839 seca-udo
930 5782 1117 5840 fuisse
1147 5784 1486 5842 declarandi
1515 5784 1739 5859 aliquid
1779 5786 1838 5843 in
1867 5788 2030 5861 Sym-

2140 5788 2270 5859 ejus
2299 5785 2461 5844 Elias
2506 5785 2591 5842 sic
2621 5790 2773 5844 recte
2804 5789 3279 5843 commentatur:
3310 5789 3398 5857 Τῷ
3452 5784 3547 5859 μὲν
3581 5784 3797 5859 σώματι
