4072 6396
310 405 451 460 1137

1906 409 2134 464 ΝΟΤΕ.

3599 395 3735 453 1138

380 535 440 585 P.
474 529 598 588 393.
630 531 913 587 Prenitere
959 548 1015 587 se
1053 533 1216 603 prius
1247 537 1519 588 actorum.
1554 533 1700 601 Quid
1739 534 1968 590 viderat
1997 536 2050 602 Α
2080 533 2455 606 Hellesponto
2481 533 2794 589 vehemens
2825 529 3088 602 spiraret.
3123 527 3308 583 Hodie
3339 526 3428 582 ha
3470 525 3733 580 civitates

305 619 629 675 llolobolus
660 621 730 675 de
780 639 925 676 novo
968 627 1030 676 ut
1075 626 1331 678 mutaret
1379 625 1756 688 sententiam,
1799 627 1853 678 et
1896 640 1965 678 ex

312 709 595 780 probante
629 708 940 764 consilium
979 711 1541 766 reconciliandarnm
1575 712 1963 767 Ecclesiarum

308 805 548 870 repente
579 798 636 851 in
671 800 800 868 ejus
833 800 996 870 pacis
1029 801 1427 855 adversarium
1461 801 1835 856 mutaretur?
1862 800 1964 855 Ni-

310 887 392 942 hil
427 903 569 943 sane
603 886 716 942 nisi
749 904 810 942 se
854 887 1052 942 minus
1089 889 1406 944 honoriﬁce
1437 905 1614 958 quam
1637 889 1808 944 vellet
1845 894 1964 944 tra-

310 982 532 1032 ctatum
565 977 636 1031 ab
662 982 946 1047 Augusto;
981 994 1157 1049 quam
1191 978 1309 1048 ille,
1345 984 1410 1033 ut
1439 980 1704 1051 putabat,
1757 983 1960 1034 contu-

307 1065 547 1121 meliam
581 1067 1015 1136 perseverantia
1069 1068 1128 1122 in
1162 1067 1480 1122 schismate
1532 1073 1590 1123 et
1639 1067 1961 1139 pervicacia

305 1153 509 1209 ulcisci
542 1156 786 1210 studuit.
805 1157 887 1210 En
904 1173 1018 1227 quo
1052 1156 1261 1227 spiritu
1285 1158 1464 1212 Graeci
1478 1157 1960 1213 schismaticifer—

303 1248 528 1299 rentur.
561 1248 686 1299 Non
719 1261 816 1299 eos
848 1244 1018 1310 ratio,
1043 1262 1159 1300 non
1192 1247 1532 1315 auctoritas,
1559 1263 1672 1301 non
1697 1246 1957 1302 veritatis

302 1349 462 1400 cura,
497 1333 598 1388 sed
632 1333 868 1389 ambitio
900 1338 957 1389 et
989 1335 1265 1405 superbia
1297 1335 1652 1407 privataeque
1699 1336 1956 1391 rationes

302 1423 774 1493 praecipitabant,
830 1423 957 1493 ipso
991 1424 1062 1479 iis
1108 1424 1340 1480 addicto
1389 1425 1670 1480 historico
1715 1425 1952 1480 fatente.

301 1511 426 1567 Non
454 1513 533 1568 ita
561 1513 808 1568 Joannis
837 1514 1009 1569 Vecci
1057 1531 1123 1568 ex
1170 1515 1507 1570 adversario
1553 1516 1614 1569 in
1663 1517 1950 1570 fautorem

304 1601 638 1657 Latinorum
665 1604 913 1658 mutatio
945 1604 1193 1674 contigit
1219 1604 1493 1674 superius
1521 1621 1572 1658 c.
1605 1605 1946 1671 25narrata;

301 1689 402 1744 ille
445 1690 736 1761 siquidem
791 1692 985 1762 quoad
1040 1693 1266 1763 putavit
1323 1709 1563 1747 causam
1616 1697 1947 1747 Graecorum

300 1781 544 1836 veritate
575 1779 704 1846 niti,
740 1781 1002 1835 modeste
1035 1781 1244 1836 restitit
1273 1781 1613 1852 imperatori
1646 1797 1834 1852 usque
1875 1781 1945 1835 ad

2073 640 2286 679 nomen
2313 625 2428 679 fere
2455 623 2764 694 antiquum
2799 621 2856 675 in
2890 619 3123 690 mappis
3165 615 3590 672 recentioribus
3621 614 3729 667 ob-

2071 714 2284 779 tinent,
2313 714 2556 784 signatas
2597 711 2897 766 vocabulis
2949 708 3149 766 Medon
3197 712 3253 761 et
3303 706 3500 760 Coron.
3551 705 3724 759 Porro

2071 802 2171 873 qui
2202 803 2397 858 sinum
2429 803 2737 858 Modonem
2788 799 2944 854 inter
2972 804 3027 853 et
3073 801 3355 852 Coronem
3407 794 3586 849 situm
3633 793 3720 846 in-

2070 895 2206 957 trat,
2240 891 2290 946 is
2323 897 2386 945 ut
2417 891 2750 946 Methonem
2781 889 2865 944 sic
2885 892 2940 942 et
2980 887 3260 943 Coronem
3311 883 3574 938 tenuisse
3605 882 3720 936 dici

2069 985 2277 1051 potest,
2315 985 2378 1035 ut
2410 980 2554 1034 nihil
2587 979 2879 1051 glossator
2909 975 3134 1032 auctori
3166 973 3526 1030 contrarium
3577 970 3720 1025 alle-

2067 1069 2233 1126 verit.

2137 1196 2195 1250 P.
2230 1193 2488 1249 420.6112:
2532 1192 2774 1248 Manuéli
2829 1208 3024 1246 nomen
3083 1192 3204 1244 erat
3260 1185 3550 1242 Zachariae
3596 1187 3717 1255 ﬁlio

2066 1285 2209 1339 Puta
2233 1284 2350 1338 haec
2373 1283 2656 1338 Manuelis
2679 1288 2733 1338 et
2748 1281 3036 1337 Zachariae
3053 1276 3338 1333 vocabula
3356 1275 3718 1347 praenomina

2065 1375 2247 1428 fuisse
2299 1373 2604 1427 hominum
2663 1372 2880 1442 quibus
2931 1383 3244 1424 commune
3296 1368 3417 1420 fore
3466 1365 3717 1419 Catanes:

2060 1463 2251 1533 gentis
2286 1478 2518 1516 nomen.
2551 1465 2671 1515 Hoc
2703 1460 2857 1514 enim
2883 1458 3197 1512 dicendum
3250 1453 3578 1509 necessario
3628 1451 3711 1506 vi-

2059 1552 2249 1615 detur,
2277 1555 2339 1605 ut
2369 1550 2753 1619 Pachymeres
2795 1565 2926 1602 cum
2963 1551 3218 1617 Gregora
3245 1559 3496 1614 cumque
3546 1542 3708 1596 Duca

2059 1639 2358 1695 Michaelis
2391 1643 2623 1710 nepote,
2667 1639 2837 1708 cujus
2873 1636 3180 1691 historiam
3214 1633 3303 1687 vir
3327 1631 3702 1688 doctissimus

2058 1728 2270 1783 Ismael
2304 1727 2607 1782 Bulialdus
2632 1731 2762 1781 ante
2781 1726 2886 1780 hos
2905 1741 3089 1779 annos
3112 1720 3445 1792 quindecim
3473 1719 3702 1791 primus

2053 1818 2257 1884 edidit,
2291 1819 2615 1885 conveniat,
2648 1815 2942 1886 siquidem
2991 1812 3074 1866 illi
3121 1811 3294 1866 ambo
3345 1811 3556 1864 docent
3601 1809 3701 1860 Mi-

301 1869 736 1976 Ξθῗρθεδίῗέθφ
770 1870 1083 1976 ⁰ξ¹⁹⁰θ¹ί.⁶,ἱ.
1109 1871 1380 1976 “havet?
1425 1888 1528 1942 per
1565 1871 1748 1976 02h"?
1781 1870 1946 1926 laetis
1977 1899 2025 1965 Β
2055 1869 2313 1961 chaelem
2353 1869 2741 1976 Palieologuni
2788 1905 2947 1959 hunc
3007 1906 3276 1956 nostrum
3335 1897 3702 1954 concessisse

302 1959 536 2014 Patrum
569 1958 738 2014 libris
768 1957 920 2014 clare
944 1960 1092 2014 vidit
1124 1961 1430 2030 potiusjus
1451 1977 1580 2016 esse
1604 1961 1944 2016 Latinorum

300 2048 496 2103 statim
530 2049 788 2119 agnitam
820 2048 1122 2104 veritatem
1156 2055 1244 2104 est
1271 2051 1571 2120 professus
1594 2056 1651 2105 et
1681 2057 1947 2106 constan-

299 2137 528 2192 tissime
558 2136 844 2191 defendit.

367 2228 431 2280 P.
462 2225 588 2282 394.
620 2226 906 2280 lntestinis
932 2227 1120 2280 ovium
1143 2225 1262 2296 ipso
1308 2224 1492 2280 adhuc
1537 2224 1668 2294 ﬁmo
1724 2226 1948 2295 refertis

294 2314 565 2384 impliciti
593 2317 898 2385 onustique.
933 2315 1051 2370 Etsi
1077 2315 1226 2370 hanc
1258 2316 1472 2370 foedam
1515 2315 1942 2370 traductionem

295 2406 708 2460 damnatorum
741 2420 845 2475 per
875 2405 1077 2459 urbem
1109 2403 1294 2456 καινὸν
1327 2397 1595 2476 θρίαμϐον
1629 2404 1946 2476 Pachymc-

296 2511 389 2549 res
411 2499 598 2559 vocat,
634 2497 1054 2565 praecesserant
1093 2499 1288 2549 tamen
1321 2495 1451 2564 ejus
1483 2493 1750 2565 exempla
1796 2495 1944 2548 Con-

295 2582 700 2652 stantinopoli.
735 2581 879 2635 Vide
909 2581 1143 2636 Annam
1177 2585 1555 2647 Comnenam,
1601 2580 1740 2651 quid
1791 2581 1946 2634 016

295 2671 427 2742 ipsa
457 2669 652 2726 simile
681 2670 918 2736 viderit,
948 2669 1316 2724 referentem.
1352 2670 1392 2723 Ι.
1423 2686 1506 2724 xu
1531 2668 1836 2737 Alemiadis,
1886 2686 1941 2739 p.

294 2761 402 2815 363
429 2761 523 2815 ed.
557 2764 720 2830 Reg,
755 2760 851 2814 ubi
886 2757 1257 2830 peculiariter
1289 2759 1344 2813 in
1379 2775 1500 2814 rem
1535 2763 1794 2814 nostram
1837 2774 1938 2812 no-

292 2853 380 2904 tat
410 2866 509 2904 eos
542 2847 643 2920 qui
677 2848 785 2902 hoc
819 2848 990 2902 modo
1024 2847 1621 2902 circumducebantur
1667 2847 1944 2903 habuisse

291 2937 485 3009 capita
517 2936 816 2992 intestinis
847 2936 1022 2992 boum
1050 2937 1369 3007 oviumque
1399 2935 1569 3007 quasi
1602 2937 1673 2991 ad
1728 2936 1942 2991 ridicu-

291 3027 413 3083 lum
445 3031 722 3082 ornatum
772 3025 1002 3082 cincta:
1045 3025 1154 3086 Τὰς
1205 3021 1262 3079 δὲ
1302 3023 1565 3100 κεφαλὰς,
1614 3025 1827 3096 inquit,
1861 3021 1946 3077 ἐν-

289 3116 530 3179 τοσθίοις
589 3115 738 3190 βοῶν
795 3113 884 3168 καὶ
937 3108 1225 3188 προϐάτων
1267 3113 1476 3176 ταινίας
1527 3110 1682 3183 δίκην
1730 3115 1944 3184 κοσμή-

290 3225 494 3265 σαντες.
533 3205 596 3259 In
630 3205 852 3276 optimo
888 3221 995 3258 ms.
1036 3204 1372 3274 Pugetiano,
1405 3221 1538 3259 cum
1573 3221 1689 3275 quo
1729 3203 1945 3259 editam

282 3295 412 3366 jam
443 3293 782 3349 Alexiadem
815 3294 1036 3348 contuli
1069 3297 1126 3348 et
1157 3293 1289 3365 plus
1345 3310 1522 3364 quam
1584 3293 1744 3348 mille
1802 3291 1945 3348 locis

288 3383 619 3449 emendavi,
649 3382 866 3453 legitur
901 3382 1436 3453 κατακοσμήσαντες.

364 3474 428 3528 Ρ.
477 3473 601 3527 397.
649 3471 790 3546 Πρὸς
842 3471 1104 3540 Μεθώνην
1162 3471 1424 3546 γίνονται.
1484 3471 1576 3527 Sic
1642 3475 1945 3527 contextus

289 3561 476 3618 trium
509 3561 686 3616 simul
721 3562 1010 3616 codicum:
1035 3563 1136 3616 sed
1171 3563 1228 3615 in
1275 3561 1592 3616 Barberino
1625 3578 1807 3631 supra
1834 3563 1941 3614 Με-

293 3648 477 3719 Θώνην
507 3651 830 3721 ascriptum
878 3651 936 3705 in
972 3649 1182 3722 glossan
1224 3651 1460 3705 modum
1499 3647 1762 3721 Κορώνην
1795 3649 1942 3720 legi-

293 3757 456 3796 mus.
501 3741 616 3795 lloc
647 3741 717 3794 ab
750 3739 979 3794 erudito
1011 3739 1218 3793 lectore
1246 3738 1513 3794 additum
1547 3742 1825 3809 putamus
1869 3738 1941 3792 ad

290 3829 752 3901 pravertendam
805 3827 1248 3897 ambiguitatem
1282 3872 1297 3896 ,
1341 3844 1468 3898 quae
1513 3834 1708 3898 posset
1766 3826 1941 3896 objici

291 3920 493 3975 minus
525 3920 713 3975 cautis
745 3936 778 3974 a
807 3919 1087 3974 vocabulo
1139 3917 1427 3988 Μεθώνης.
1481 3921 1597 3973 Isto
1647 3917 1804 3972 enim
1840 3933 1941 3972 no-

291 4007 450 4064 mine
478 4013 565 4063 est
598 4009 738 4063 urbs
767 4009 1022 4063 Thracias
1052 4009 1204 4078 apud
1239 4007 1480 4062 Suidam
1505 4011 1562 4062 et
1579 4006 1940 4076 Stephanum

287 4097 431 4151 item
465 4097 580 4152 alia
609 4097 961 4152 Macedonia:
995 4098 1052 4152 in
1087 4096 1403 4167 Magnesia,
1429 4096 1598 4165 cujus
1627 4094 1945 4150 meminere

287 4184 684 4254 Thucydides,
714 4185 942 4253 Strabo,
982 4183 1337 4254 Stephanus,
1388 4183 1634 4248 Plinius,
1665 4187 1776 4238 etc.
1826 4186 1943 4237 Me-

289 4275 510 4329 thonen
545 4274 721 4329 etiam
754 4274 812 4328 in
846 4273 1146 4328 Thessalis
1189 4279 1473 4329 memorat
1507 4271 1846 4343 Hesychius,
1871 4271 1944 4326 il-

291 4363 412 4419 lam
447 4363 594 4418 forte
625 4363 696 4417 de
749 4379 866 4434 qua
913 4363 1132 4418 Seneca
1180 4362 1356 4418 choro
1407 4367 1573 4418 actus
1608 4362 1639 4416 4
1681 4361 1947 4417 Troadum

292 4452 390 4508 his
423 4451 687 4508 versibus
712 4470 725 4508 :

547 4569 628 4622 An
669 4570 932 4637 frequens
962 4569 1141 4622 rusci:
1179 4567 1388 4622 levibus
1420 4568 1691 4633 Methone,

554 4643 690 4709 Qua:
720 4642 820 4694 sub
851 4639 1049 4696 OEtaeis
1083 4639 1354 4694 latebrosa
1383 4639 1562 4707 silvis,
1595 4645 1686 4693 etc

297 4754 473 4812 Nulla
504 4773 675 4828 porro
709 4755 923 4811 harum
975 4755 1034 4810 in
1068 4754 1225 4810 hunc
1275 4753 1470 4809 locum
1504 4755 1794 4824 quadrat:
1831 4770 1944 4809 non

293 4845 454 4900 enim
481 4849 779 4916 provectos
811 4862 843 4899 a
873 4843 1058 4899 Malea
1091 4843 1353 4899 Laconia;
1386 4843 1782 4915 promontorio
1816 4843 1946 4899 Hel-

295 4933 622 5004 lcspontias
652 4937 862 4988 ventus
894 4932 1093 5004 'lplenis
1141 4932 1286 4986 velis
1336 4948 1440 5004 per
1485 4938 1666 4988 totam
1719 4937 1946 4988 noctem

296 5021 624 5092 impellent,
654 5023 810 5094 quod
842 5022 936 5078 hic
966 5022 1201 5087 dicitur,
1240 5020 1530 5092 appellere
1561 5027 1713 5077 retro
1759 5022 1950 5093 potuit

298 5111 358 5165 in
393 5110 788 5166 Macedoniam
821 5115 923 5166 aut
966 5111 1300 5166 Thraciam.
1337 5111 1440 5166 Est
1485 5127 1622 5182 ergo
1671 5111 1791 5166 haec
1836 5115 1947 5165 Με-

299 5197 446 5268 θώνη
483 5216 659 5271 quam
695 5199 1014 5255 Pausanias
1039 5196 1311 5267 Μοθώνην
1368 5200 1597 5268 scribit,
1650 5199 1950 5256 Messenia?

297 5290 443 5346 urbs
477 5289 767 5344 maritima
798 5289 854 5342 in
891 5289 1119 5344 modico
1168 5289 1590 5360 promontorio,
1625 5290 1717 5344 cui
1750 5290 1952 5345 adver-

299 5397 431 5436 sum
466 5378 623 5433 aliud
659 5385 908 5449 angusto
939 5377 1070 5432 sinu
1100 5378 1949 5447 diremptumCoroneinsidet.

300 5469 414 5525 alia
447 5468 610 5537 urbs,
644 5467 727 5538 [P.
763 5466 890 5539 474]
918 5469 1088 5537 cujus
1121 5475 1426 5538 propterea
1459 5467 1818 5522 mentionem
1851 5484 1952 5538 op-

302 5561 556 5628 portune
587 5558 850 5628 suggerit
878 5555 1175 5628 glossema
1205 5572 1318 5611 non
1351 5556 1558 5611 inutile
1585 5557 1656 5610 ad
1681 5557 1953 5612 determi-

302 5645 569 5702 nandum
602 5646 672 5700 de
703 5661 820 5716 qua
841 5643 1112 5700 Methone
1144 5644 1239 5699 hic
1269 5648 1518 5716 agatur:
1551 5661 1687 5700 nam
1711 5644 1771 5699 in
1803 5644 1954 5700 hanc

302 5753 422 5794 non
453 5736 858 5794 inverisimilis
887 5753 1097 5794 cursus
1129 5754 1164 5794 a
1190 5735 1377 5794 Malea
1407 5735 1520 5794 fuit
1545 5740 1721 5794 vento
1748 5737 1850 5808 qui
1881 5737 1955 5794 ab

1975 4631 2023 4696 D

2050 1995 2351 2051 Phocaeam
2386 1995 2675 2050 Cotaneis.
2711 1995 2788 2048 Ac
2829 1992 3115 2064 Gregoras
3170 1989 3404 2059 quidem
3449 1989 3559 2042 sub
3589 1986 3700 2041 ini-

2050 2085 2198 2139 tium
2234 2084 2367 2138 libri
2388 2100 2528 2153 x1,p.
2561 2083 2690 2149 239,
2717 2097 2893 2151 agens
2923 2082 2992 2134 de
3010 2080 3226 2135 Catane
3255 2077 3505 2133 Phocaeae
3537 2076 3702 2147 prin-

2050 2173 2198 2244 cipe,
2223 2183 2277 2227 et
2303 2189 2438 2228 eum
2489 2171 2824 2243 Mitylenem
2871 2174 3014 2224 tunc
3069 2183 3387 2238 occupasse
3447 2167 3704 2220 referens

2051 2263 2110 2317 in
2134 2279 2384 2333 eamque
2407 2262 2800 2332 immigrasse,
2841 2257 3110 2329 presidio
3133 2259 3329 2310 tamen
3349 2254 3542 2310 valido
3565 2254 3710 2308 Pho-

2051 2368 2178 2406 cais
2211 2352 2436 2418 relicto,
2489 2349 2690 2405 statim
2747 2347 2986 2403 subdit:
3037 2343 3256 2417 Κλῆρος
3311 2340 3357 2396 δ’
3414 2341 3561 2412 αὐτῷ
3610 2361 3711 2395 πε-

2050 2437 2285 2513 ριελθὼν
2334 2439 2399 2507 ἦν
2451 2437 2556 2492 ἀπὸ
2597 2437 2887 2512 προγόνων
2919 2438 2954 2506 ἠ
2988 2436 3215 2489 Φώκαια
3239 2433 3376 2506 πρὸς
3402 2435 3499 2485 τοῦ
3552 2431 3707 2505 βασις

2050 2525 2189 2590 λὲως
2240 2527 2328 2583 καὶ
2378 2529 2605 2582 πάππου
2651 2531 2748 2582 τοῦ
2802 2525 3073 2603 βασιλέως
3121 2525 3268 2603 σφίσι
3321 2522 3539 2587 δοθεῖσα
3585 2520 3707 2575 ἐπι-

2045 2623 2258 2691 τροπῆς
2305 2611 2456 2670 ἓνεκα
2507 2615 2596 2669 καὶ
2657 2615 2962 2692 χρημάτων
3011 2618 3161 2671 677
3208 2613 3355 2674 τινὸς
3400 2614 3701 2686 πορισμοῦ.

2049 2707 2142 2760 Διὸ
2171 2705 2260 2759 καὶ
2319 2705 2457 2759 κατὰ
2511 2704 2750 2780 χρόνους
2805 2703 3032 2765 τακτοὺς
3089 2704 3141 2758 ot
3196 2701 3399 2772 ταύτης
3451 2700 3699 2776 ἐφορείαν

2049 2793 2436 2869 διαδεχόμενοι
2501 2795 2788 2868 γράμματι
2859 2791 3167 2867 βασιλικοῖς
3221 2792 3566 2853 ἀνανεοῦντες
3618 2790 3699 2843 ἀεὶ

2049 2880 2326 2939 διετέλουν
2353 2884 2453 2952 τὴν
2489 2880 2636 2937 δόσιν
2665 2886 2762 2936 τοῖ’)
2792 2880 3029 2957 κλήρου,
3049 2887 3159 2938 etc.
3185 2881 3442 2945 Quorum
3469 2895 3708 2935 summa

2049 2979 2160 3042 est,
2218 2974 2520 3040 Catanem,
2564 2973 2662 3044 qui
2699 2973 2808 3027 sub
2868 2970 3200 3027 Andronico
3259 2969 3494 3041 juniore
3544 2969 3708 3040 prin-

2049 3081 2187 3136 ceps
2230 3063 2480 3119 Phocea:
2547 3067 2691 3132 erat,
2738 3078 2871 3117 eum
2934 3060 3327 3132 principatum
3379 3058 3707 3114 obtinuisse

2051 3151 2418 3207 hmreditario
2448 3155 2583 3222 jure
2627 3151 3051 3206 transmissum
3085 3167 3118 3204 a
3172 3149 3298 3204 suis
3357 3147 3706 3218 majoribus,

2052 3243 2269 3314 quibus
2301 3241 2467 3295 illum
2516 3241 2836 3312 imperator
2879 3255 3126 3309 proavus
3157 3235 3476 3292 Andronici
3505 3236 3705 3290 Junio-

2057 3331 2135 3388 ris
2169 3331 2303 3403 (fuit
2332 3331 2382 3384 is
2414 3327 2656 3385 Michael
2684 3328 3044 3399 Palaaologus
3065 3326 3243 3398 prior)
3270 3325 3444 3380 certis
3475 3324 3706 3396 legibus

2052 3419 2114 3475 in
2190 3421 2453 3489 fetidum,
2534 3423 2598 3473 ut
2663 3417 2990 3490 loquuntur
3054 3415 3456 3471 concessisset.
3517 3413 3706 3476 Quare

2054 3510 2287 3579 quoties
2320 3508 2378 3562 in
2413 3523 2479 3562 eo
2513 3507 2846 3580 principatu
2869 3505 2973 3561 ﬁlii
3005 3506 3271 3577 patribus
3302 3503 3705 3573 succederent,

2053 3597 2312 3670 diploma
2343 3597 2713 3669 imperatoris
2745 3596 3054 3666 impetrare
3085 3594 3217 3649 illos
3234 3593 3558 3664 oportebat,
3585 3607 3703 3663 quo

2049 3685 2110 3740 in
2143 3686 2318 3742 istius
2368 3686 2652 3758 dynastim
2684 3685 3005 3757 legitimam
3030 3682 3464 3755 possessionem
3507 3681 3702 3736 mitte-

2051 3780 2276 3829 rentur.
2311 3775 2396 3828 Ita
2425 3775 2504 3828 ibi
2536 3774 2841 3845 Gregoras.
2877 3776 3067 3830 Ducas
3100 3777 3294 3827 autem
3338 3789 3387 3826 c.
3418 3773 3488 3825 20
3539 3772 3705 3838 Hist.,

2052 3881 2110 3934 p.
2138 3863 2208 3916 89
2238 3863 2328 3917 ed.
2369 3863 2508 3933 Reg.
2545 3863 2630 3917 sic
2659 3862 2874 3916 habet:
2908 3861 2994 3916 ’Ev
3026 3865 3147 3923 ταῖς
3200 3857 3438 3934 ἡμέραις
3495 3855 3552 3911 δὶ
3607 3859 3707 3911 τοῦ

2054 3949 2323 4025 βασιλέως
2383 3947 2616 4023 Μιχαὴλ
2670 3952 2766 4002 τοῦ
2825 3946 3211 4021 Παλαιολόγου
3246 3992 3259 4016 ,
3318 3951 3416 4002 τοῦ
3471 3950 3706 4020 πρῶτως

2055 4037 2474 4115 βασιλεύσαντος
2525 4035 2576 4091 ἐν
2624 4034 3055 4110 ΙῙαλαιολόγοις,
3106 4035 3278 4104 ἦλθόν
3326 4056 3472 4096 τινες
3501 4032 3707 4090 Ἰταλοὶ

2051 4128 2326 4188 αἰτοῦντες
2353 4127 2415 4180 τὸ
2448 4122 2578 4200 ὅρος
2607 4127 2753 4198 (agit
2785 4128 2854 4182 de
2889 4132 3086 4182 monte
3136 4126 3432 4195 Phocidis)
3478 4121 3708 4192 δοθῆναι

2053 4217 2265 4277 αὐτοῖς.
2328 4215 2419 4270 καὶ
2479 4209 2777 4287 λαμϐάνειν
2835 4216 2952 4268 κατ’
3012 4212 3130 4276 ἔτος
3186 4214 3248 4267 τὸ
3307 4210 3704 4290 συμφωνηθέν.

2052 4309 2362 4378 Imperante
2402 4307 2669 4362 Michaele
2718 4305 3053 4377 Polxologo,
3105 4320 3165 4360 eo
3222 4303 3320 4376 qui
3377 4304 3591 4375 primus
3649 4306 3710 4359 in

2053 4397 2280 4452 domum
2303 4397 2667 4467 Palaeologam
2701 4393 2997 4466 imperium
3028 4393 3242 4462 intulit,
3275 4397 3544 4450 venerunt
3584 4395 3707 4466 qui-

2052 4488 2178 4543 dam
2214 4487 2343 4542 Itali
2389 4489 2628 4558 petentes
2678 4489 2919 4540 montem
2967 4485 3218 4541 Phocaeae
3263 4484 3371 4540 sibi
3423 4484 3549 4539 dari
3605 4486 3706 4538 sub

2050 4575 2426 4649 pensitatione
2451 4574 2634 4630 annui
2677 4576 2894 4630 tributi.
2946 4578 3077 4629 Haec
3117 4574 3331 4643 Ducas,
3380 4574 3480 4645 qui
3520 4589 3707 4644 quan-

2057 4683 2232 4738 quam
2267 4665 2361 4720 hic
2394 4681 2507 4720 non
2541 4664 2811 4720 nominat
2841 4664 2986 4719 istos
3028 4664 3223 4733 Italos,
3259 4663 3432 4735 paulo
3463 4663 3711 4718 interius

2058 4761 2257 4810 tamen
2311 4753 2533 4808 indicat
2589 4769 2688 4808 eos
2737 4769 2768 4808 e
2825 4759 2995 4821 gente
3024 4754 3278 4810 Catanea
3312 4753 3515 4818 fuisse,
3568 4753 3710 4807 dum

2058 4844 2298 4900 scribit:
2330 4843 2500 4896 Ἦσαν
2535 4837 2593 4894 δὲ
2640 4841 2692 4894 οἱ
2725 4839 2980 4916 ῥηθέντες
3009 4848 3108 4910 τῆς
3137 4840 3354 4902 πόλεως
3405 4841 3548 4913 (νέας
3582 4847 3710 4894 Φω-

2057 4930 2234 5003 καίας)
2293 4932 2556 5005 κτήτορες
2612 4929 2670 4985 ἐκ
2719 4934 2827 4985 τῶν
2886 4929 3172 4987 Κατανέων
3236 4935 3536 4998 Γενουῖται,
3579 4930 3710 4985 Ἀν-

2060 5017 2219 5095 δρὲας
2273 5021 2362 5073 καὶ
2419 5013 2720 5088 Ἰάκωϐος,
2779 5026 2889 5076 etc.
2950 5023 3122 5076 Erant
3180 5029 3360 5076 autem
3417 5023 3712 5076 memorati

2060 5110 2215 5166 urbis
2253 5125 2411 5166 novae
2461 5110 2708 5166 Phocaew
2749 5109 2965 5165 domini
3010 5126 3039 5165 e
3095 5109 3358 5166 Cataneis
3408 5109 3711 5166 Genuenses

2060 5200 2301 5255 Andreas
2349 5203 2399 5254 et
2443 5199 2694 5263 Iacobus,
2756 5200 2966 5270 posteri
3020 5199 3290 5254 videlicet
3326 5199 3565 5255 illorum
3611 5204 3714 5254 aut

2062 5288 2223 5343 illius
2255 5287 2354 5358 qui
2380 5304 2512 5341 cum
2547 5285 2828 5342 Michaele
2873 5286 3190 5359 Palaaologo
3222 5289 3401 5359 priori
3442 5289 3512 5343 de
3545 5305 3714 5344 mon-

2063 5378 2139 5432 tis
2166 5377 2416 5431 Phocasie
2449 5376 2709 5431 dominio
2739 5382 3117 5448 transegerat.
3153 5377 3315 5433 Unde
3363 5376 3716 5449 intelligitur

2063 5467 2221 5522 hunc
2269 5467 2442 5535 cujus
2492 5466 2764 5520 meminit
2813 5466 2922 5521 hoc
2969 5466 3094 5522 loco
3155 5467 3562 5540 Pachymeres,
3614 5468 3713 5535 qui

2064 5556 2293 5627 primus
2326 5561 2587 5610 montem
2631 5555 2900 5611 Phocidis
2922 5556 3205 5611 beneﬁcio
3235 5557 3611 5628 imperatoris
3641 5558 3714 5611 ob

2064 5644 2266 5715 tinuit,
2291 5643 2623 5702 Manuelem
2649 5644 2958 5702 Cataneam
2983 5645 3166 5702 fuisse
3197 5651 3487 5706 vocatum,
3527 5644 3711 5702 [ilium

2065 5733 2354 5792 Zacharias
2393 5734 2658 5793 Catanes:
2687 5734 2809 5792 sive
2830 5734 3086 5793 Catanei.
3120 5733 3467 5807 Reperimus
3497 5739 3555 5793 et
3601 5735 3712 5792 Ca-
