4072 6386
439 395 582 452 1139
1494 395 1557 446 P.
1599 392 1875 446 POSSINI
1913 389 2089 444 OBSE

2164 387 2524 443 VATIONUM
2563 388 2697 441 LIB.
2738 391 2811 441 Π.
3711 393 3824 449 1140

437 521 686 578 telusios
715 523 993 576 vocatos:
1027 531 1165 573 nam
1193 517 1293 588 qui
1327 516 1493 571 multi
1530 517 1590 571 in
1635 514 1898 571 historiis
1946 514 2089 570 cite-

2164 516 2322 582 ⁵’τοῖς
2406 509 2598 583 ἄκροις
2665 514 2775 565 τῶν
2846 509 3138 586 ὁποδόχων
3212 515 3442 591 ἀγγείων
3490 516 3828 591 πεπαγομένος

448 611 622 666 rioris
653 610 841 666 aetatis
871 608 1297 664 Catelusiorum
1332 605 1723 678 appellatione
1756 620 2089 660 memoran-

2203 601 2231 655 ὁ
2283 602 2465 673 ζωμὸς
2521 601 2610 654 καὶ
2667 601 3040 675 ὑπεραυγίζων
3097 603 3308 675 ὁμοίως
3368 604 3706 680 κρυστάλλῳ,
3736 615 3825 663 etc.

442 704 560 766 tur,
586 716 654 754 ex
684 699 885 754 eadem
919 713 1052 751 cum
1089 695 1354 750 Cataneis
1381 711 1508 749 esse
1543 693 1764 748 familia
1794 697 1951 748 certo
1973 690 2092 748 τοι·
2202 693 2320 748 Ηοο
2373 697 2464 747 est
2521 708 2588 746 ex
2647 692 2913 748 versione
2963 692 3213 748 Bulisldi
3243 711 3255 750 :
3315 697 3381 750 In
3433 697 3683 764 Phocide,
3731 714 3827 767 quae

443 789 650 859 ligitur
679 803 746 841 ex
800 785 1108 841 collatione
1163 785 1460 839 variorum
1520 783 1781 838 locorum
1830 781 2090 847 Villanii,
2203 784 2380 838 Ioniae
2427 781 2662 852 adjacet,
2713 797 2869 836 mons
2916 791 3043 837 erat
3087 783 3303 838 metalli
3350 785 3623 840 aluminis
3661 788 3826 856 ferax;

445 877 678 933 Laonici
721 880 776 930 et
807 874 1053 930 aliorum
1089 873 1501 929 historicorum
1531 871 1632 942 qui
1684 887 1774 926 res
1805 871 2092 942 quingen-
2201 872 2492 941 cunctique
2537 871 2772 940 lapides,
2817 873 2915 941 qui
2953 874 3013 925 in
3060 874 3262 927 vertice
3305 877 3533 942 montis,
3565 876 3622 927 in
3674 877 3828 944 ignem

445 971 638 1020 torum
673 968 822 1019 retro
855 979 1138 1017 annorum
1175 962 1393 1032 scripto
1425 960 1710 1032 complexi
1770 964 1931 1014 sunt.
1977 957 2094 1013 Nec
2200 960 2466 1030 primum,
2521 959 2871 1029 postmodum
2921 961 2980 1014 in
3037 977 3242 1031 aquam
3299 963 3465 1018 missi
3519 964 3580 1018 in
3633 981 3827 1018 arenam

446 1073 590 1110 nova
623 1071 713 1109 res
744 1057 833 1108 est
859 1053 1074 1107 mutari
1106 1051 1326 1121 aliquid
1361 1051 1418 1104 in
1457 1049 1797 1104 nominibus
1848 1063 2094 1118 magna-
2201 1050 2647 1104 comminantur.
2705 1053 2844 1104 Haec
2883 1065 2958 1103 ex
3009 1049 3128 1104 istis
3184 1051 3467 1121 lapidibus
3515 1053 3736 1108 collecta
3782 1054 3830 1106 in

445 1161 578 1198 rum
601 1144 1050 1209 domuum,cum
1071 1140 1208 1195 olim
1232 1141 1490 1194 sciamus
1507 1139 1781 1195 Cloantos
1801 1136 1861 1191 in
1884 1134 2092 1190 Cluen-
2202 1137 2468 1191 cacabum
2499 1153 2640 1209 aqua
2669 1139 2842 1192 mista
2881 1137 3210 1206 demittitur,
3242 1157 3307 1194 ac
3347 1142 3450 1195 ubi
3489 1155 3685 1212 parum
3711 1158 3830 1212 aqua

443 1234 578 1300 tios,
613 1233 821 1286 Lamos
853 1235 912 1285 in
949 1231 1198 1295 Lamias,
1234 1229 1478 1283 Clausos
1510 1228 1567 1282 in
1593 1225 1865 1282 Claudios
1888 1229 1944 1280 et
1965 1224 2092 1280 Clo-
2203 1227 2411 1296 injecta
2439 1227 2666 1295 ferbuit,
2694 1242 2875 1280 arena
2908 1226 3138 1298 lique/it.
3173 1229 3321 1296 Quod
3350 1229 3580 1284 densum
3621 1235 3694 1284 est
3713 1232 3829 1299 ejus,

443 1322 591 1387 dios,
627 1319 970 1376 Hortensios
1001 1321 1179 1373 etiam
1207 1319 1262 1370 in
1296 1316 1564 1371 Ilortalos
1592 1315 1898 1381 transisse,
1936 1311 2094 1368 nullo
2203 1315 2330 1386 ulla!
2357 1316 2562 1382 simile,
2593 1314 2666 1368 ad
2721 1314 2944 1368 modum
2974 1315 3135 1372 lactis
3184 1319 3244 1370 in
3305 1333 3528 1372 caseum
3581 1318 3833 1389 coagulati

444 1410 502 1464 id
536 1409 594 1463 in
625 1413 1045 1478 argumcntum
1086 1407 1350 1460 trahente
1401 1405 1634 1460 familiae
1692 1404 1970 1469 diversae;
2032 1406 2097 1456 ut
2205 1407 2488 1459 servatur:
2523 1406 2667 1474 quod
2703 1404 2906 1459 durum
2934 1413 2988 1459 et
3026 1410 3309 1474 terrestre,
3371 1411 3431 1461 ut
3465 1409 3660 1462 inutile
3711 1409 3832 1474 abii-

444 1500 712 1554 omittam
743 1497 967 1552 similia
998 1495 1253 1567 plurima
1285 1495 1505 1566 passim
1537 1495 1842 1549 observata
1874 1492 1930 1545 in
1974 1507 2095 1545 me-
2205 1494 2370 1548 citur.
2405 1493 2521 1564 Offa
2548 1509 2674 1548 vero
2703 1494 2804 1548 illa
2835 1496 2896 1548 in
2923 1509 3055 1549 uasa
3087 1495 3292 1565 diiusa
3331 1513 3438 1567 per
3487 1506 3717 1569 quatuor
3740 1497 3833 1551 dies

444 1589 632 1643 moria
663 1587 1050 1642 recentiorum
1083 1586 1343 1656 adeoque
1393 1583 1564 1639 hodie
1594 1582 1917 1654 vigentium
1952 1581 2093 1635 stir-
2207 1584 2269 1640 in
2296 1581 2375 1637 eis
2403 1583 2641 1636 subsidit
2667 1603 2686 1648 ,-
2713 1587 3011 1655 posteaque
3048 1586 3198 1639 circa
3228 1601 3362 1640 oras
3405 1602 3649 1641 summas
3701 1603 3829 1641 vaso-

445 1678 632 1748 pium.
656 1677 778 1730 Non
803 1675 956 1731 enim
979 1675 1068 1730 bis
1089 1673 1389 1728 immorari
1418 1674 1579 1728 locus
1603 1676 1703 1726 aut
1745 1671 2094 1742 praescripta:
2207 1689 2334 1727 rum
2363 1682 2609 1727 concreta
2638 1672 3033 1744 splendensque
3061 1673 3130 1728 ad
3175 1674 3357 1729 instar
3412 1677 3662 1746 crystalli
3714 1691 3833 1745 repe-

444 1766 746 1821 brcvitatis
778 1765 1170 1830 sinitmodus,
1211 1779 1383 1834 quem
1417 1762 1654 1834 quidem
1708 1761 1835 1831 jam
1895 1775 2097 1814 exces-
2207 1761 2382 1829 ritur,
2413 1765 2522 1815 etc.
2553 1761 2710 1815 Satis
2759 1762 2914 1816 enim
2978 1761 3100 1817 hinc
3158 1769 3299 1818 sunt
3351 1765 3421 1819 ad
3483 1764 3830 1820 indicandum

445 1855 595 1910 sisse
618 1870 710 1909 me
741 1853 1042 1924 paululum
1077 1852 1286 1918 sentio,
1351 1850 1576 1906 scilicet
1625 1848 1817 1905 officio
1873 1847 2093 1903 elatum
2132 1878 2178 1942 Β
2209 1851 2382 1906 istius
2415 1852 2506 1905 hic
2556 1853 2860 1906 memorati
2918 1851 3134 1908 laboris
3194 1855 3460 1910 modum.
3512 1857 3829 1920 Quaestuosa

445 1944 594 2014 grati
628 1943 806 1998 animi
842 1960 978 2014 erga
1002 1941 1284 1998 familiam
1332 1939 1725 2005 nobilissima,
1783 1939 1953 2008 cujus
2010 1953 2100 1992 ve-
2133 1939 2172 1942 —
2217 1957 2385 2010 porro
2442 1939 2838 1996 distraetionis
2894 1941 3072 2012 hujus
3128 1943 3342 1998 mercis
3391 1960 3629 1998 causam
3676 1943 3833 1997 Ducas

451 2039 576 2088 tera
602 2032 1125 2102 illustrissimaque
1157 2035 1390 2086 exstant
1420 2045 1558 2101 erga
1601 2044 1788 2083 meam
1847 2026 2098 2098 patriam
2219 2046 2350 2083 mox
2382 2035 2686 2098 memorat,
2720 2031 2876 2101 quod
2909 2030 3146 2085 alumen
3181 2031 3541 2088 tinctoribus
3598 2047 3834 2086 necessa-

453 2121 702 2178 Galliam
735 2121 868 2176 fidei
898 2120 1436 2190 benevolentiaeque
1463 2135 1575 2172 non
1610 2116 1870 2188 vulgaris
1892 2133 2089 2170 monu-

2217 2119 2370 2172 rium
2403 2119 2515 2174 sit:
2565 2123 2718 2171 Ἔστι
2779 2114 2835 2171 δὶ
2894 2117 3182 2192 ἀναγκαῖον
3241 2126 3443 2194 χρῆμα
3500 2117 3830 2179 δευσοποιοῖς.

456 2215 674 2265 menta.
713 2211 900 2264 Rufus
941 2208 1177 2280 quippe,
1239 2207 1371 2262 aliis
1439 2207 1731 2274 Rufﬁnus,
1786 2210 2099 2274 Cataneus,
2213 2209 2348 2271 Qum
2381 2209 2737 2263 confirmant
2761 2209 2819 2262 id
2852 2210 3005 2279 quod
3033 2214 3232 2264 noster
3253 2211 3429 2281 paulo
3455 2211 3694 2266 inferius
3722 2209 3835 2266 scri-

455 2303 841 2370 cognomento
873 2299 958 2366 [Ρ.
1012 2296 1137 2367 475]
1196 2298 1267 2351 de
1325 2297 1510 2365 Volta,
1555 2294 1806 2365 Philippi
1853 2293 2100 2364 Augusti
2216 2297 2338 2352 bit:
2372 2297 2502 2352 Inde
2527 2298 2799 2367 siquidem
2833 2297 2945 2352 vim
2997 2299 3216 2371 inferre
3265 2317 3531 2369 magnam
3590 2300 3676 2355 illi
3722 2299 3832 2369 (Ge-

452 2388 649 2443 Galliae
678 2388 830 2458 regis
854 2386 1320 2442 architbalassus
1342 2387 1476 2451 fuit,
1508 2389 1564 2440 et
1594 2401 1728 2438 eum
1762 2387 1896 2454 post
1925 2399 2102 2454 expu-
2216 2388 2492 2456 nuenses)
2523 2390 2852 2441 consuerant
2881 2387 3048 2442 istius
3080 2389 3278 2444 mercis
3309 2389 3637 2461 (aluminis)
3665 2387 3831 2444 vendi-

447 2483 685 2547 gnatam
719 2479 998 2531 Acconem
1025 2476 1352 2546 deportavit
1383 2473 1440 2528 in
1472 2473 1764 2544 Apuliam,
1813 2477 1875 2524 ut
1901 2470 2099 2541 Rigor-
2216 2474 2347 2529 bilis
2380 2478 2436 2529 in
2467 2477 2684 2545 primis,
2743 2478 3009 2547 quoniam
3063 2478 3342 2548 plurimus
3389 2483 3553 2550 prout
3606 2478 3832 2547 hodieque

447 2568 557 2620 dus
589 2567 756 2619 docet
786 2565 845 2619 in
870 2564 1035 2634 libro
1094 2566 1165 2619 De
1220 2563 1384 2635 gestis
1440 2561 1691 2632 Philippi
1730 2561 1979 2631 Augusti,
2041 2577 2097 2630 p.
2210 2563 2618 2632 cernitur;ejus
2646 2580 2778 2620 usus
2806 2570 2884 2620 est
2915 2567 2976 2619 in
3003 2569 3207 2637 pannis
3234 2584 3264 2622 e
3323 2568 3459 2622 lana
3489 2575 3634 2623 texta
3685 2568 3830 2622 colore

447 2655 568 2712 142.
604 2655 870 2711 Salvator
899 2655 1072 2710 etiam
1106 2654 1311 2710 Vitalis
1344 2655 1402 2708 in
1438 2654 1590 2709 678
1641 2651 1925 2708 Chronico
1967 2651 2101 2705 Cor-
2209 2652 2368 2707 vario
2397 2653 2835 2722 610fucandis
2868 2656 2966 2709 His
2997 2656 3275 2710 omnibus
3299 2657 3453 2711 addo
3477 2656 3826 2711 Cataneorum

447 2747 580 2800 sica
612 2745 812 2810 tradit,
838 2745 895 2799 in
947 2744 1312 2816 expeditione
1343 2745 1399 2798 S.
1464 2743 1740 2799 Ludovici
1791 2758 1908 2813 qua
1947 2740 2100 2811 cepit
2210 2740 2679 2811 imperitantium
2711 2743 2962 2797 Ρὺοοωω
2996 2744 3357 2799 mentionem
3404 2747 3579 2801 etiam
3635 2749 3828 2800 exstare

446 2833 770 2902 Pelusium,
801 2849 985 2888 unum
1018 2849 1086 2888 ex
1116 2834 1318 2888 eadem
1351 2833 1532 2903 stirpe
1577 2831 1964 2886 Cataneorum
2029 2829 2098 2883 de
2210 2829 2366 2900 apud
2424 2829 2921 2896 Cantacuzenum,
2976 2831 3109 2900 [.11,
3151 2849 3181 2887 ο
3210 2833 3306 2900 29,
3354 2851 3411 2904 p.
3437 2834 3544 2888 290
3561 2835 3651 2889 ed.
3690 2833 3826 2902 Reg,

446 2921 614 2977 Volta
645 2922 796 2978 inter
826 2923 1005 2976 duces
1033 2922 1324 2977 exercitus
1351 2922 1552 2976 fuisse.
1577 2922 1745 2975 Anno
1773 2919 1912 2974 item
1939 2915 2099 2971 Chri-
2210 2917 2310 2972 ubi
2332 2918 2624 2987 eamdem,
2659 2923 2724 2972 ut
2755 2923 3014 2989 apparet,
3066 2937 3186 2975 rem
3239 2938 3493 2978 narrans
3521 2938 3691 2993 quem
3741 2935 3825 2975 su-

447 3011 523 3066 sti
555 3011 714 3081 1396,
747 3026 881 3064 cum
915 3010 1241 3066 Genuensis
1275 3025 1366 3065 res
1399 3007 1634 3081 publica
1676 3009 1735 3064 in
1775 3005 1935 3078 gravi
1993 3020 2097 3059 suo
2212 3006 2407 3076 perius
2440 3005 2748 3061 retulimus
2778 3023 2808 3061 e
2831 3008 3109 3079 Gregora,
3145 3009 3458 3081 Mitylenes
3473 3008 3725 3065 videlicet
3749 3021 3823 3061 oo-

447 3099 707 3171 periculo
735 3099 1132 3155 necessarium
1157 3099 1483 3155 censuisset
1530 3098 1820 3168 subjicere
1875 3112 1937 3151 se
1994 3091 2099 3148 im-
2207 3094 2579 3164 cupationem
2613 3111 2716 3165 per
2737 3097 3021 3152 Cataneos
3049 3097 3300 3153 Phocaeae
3341 3098 3572 3169 regulos
3625 3098 3824 3160 factum,

445 3189 606 3260 peric
637 3187 821 3244 Caroli
846 3189 920 3244 VI
955 3188 1109 3260 regis
1142 3187 1364 3254 Galliae,
1402 3187 1621 3243 missus
1645 3187 1714 3241 ad
1741 3185 1906 3241 illum
1933 3201 2095 3240 com-
2124 3238 2165 3260 Π
2207 3183 2267 3238 in
2297 3199 2364 3238 eo
2397 3184 2629 3238 videtur
2658 3201 2693 3239 a
2737 3188 2993 3256 Grcgors
3028 3186 3391 3257 discrepare,
3434 3187 3582 3258 quod
3639 3186 3822 3240 factum

445 3278 612 3333 muni
642 3277 884 3333 consilio
913 3277 1234 3333 Damianus
1275 3277 1561 3332 Cataneus
1580 3292 1818 3332 summa
1841 3273 2089 3346 pruden-
2122 3273 2165 3308 υ
2204 3273 2260 3328 id
2297 3273 2602 3328 Dominico
2635 3275 2886 3329 Cataniaa
2919 3276 3118 3331 Adreaa
3178 3276 3294 3332 illis
3355 3277 3583 3342 tribuit,
3613 3291 3714 3331 non
3741 3287 3822 3326 au-

442 3368 524 3424 tia
583 3367 827 3438 parique
885 3365 1159 3422 felicitate
1219 3367 1520 3438 negotium
1580 3363 1850 3432 confecit,
1911 3361 2092 3419 relato
2197 3370 2312 3417 tem
2337 3362 2450 3434 ipsi
2483 3365 2722 3417 Andreae
2761 3363 3056 3419 etJacobo
3082 3366 3212 3435 ejus
3239 3366 3429 3422 fratri.
3474 3365 3657 3422 Verba
3698 3361 3821 3416 Gan-

442 3457 684 3511 domum
717 3471 785 3511 ex
817 3456 975 3527 regia
1004 3455 1196 3526 gratia
1226 3455 1398 3510 titulo
1431 3460 1607 3524 atque
1637 3454 1856 3508 honore
1903 3469 2089 3507 mare-

2195 3452 2458 3507 tscuzeni
2534 3452 2659 3507 haec
2717 3457 2894 3508 sunt:
2945 3451 3280 3527 Ἠγγὲλλιτο
3344 3454 3421 3516 ὡς
3483 3445 3819 3526 Δομὲνικοτδ

439 3545 646 3600 schalli
678 3545 954 3599 Franciae.
990 3545 1506 3613 Perseveravitque
1538 3542 1784 3598 affectus
1816 3542 1874 3596 in
1901 3547 2089 3612 poste-

2197 3537 2454 3613 Ἀνδρέου
2504 3543 2603 3593 τοῦ
2662 3540 2921 3611 Κατανία,
2982 3542 3042 3604 ’ὸς
3095 3548 3198 3610 τῆς
3246 3542 3374 3604 νέας
3431 3539 3677 3600 Φωκαίας
3704 3538 3817 3608 ἦρχε

442 3633 524 3688 ris
556 3650 671 3688 non
704 3633 831 3688 sine
862 3639 1080 3686 mutuae
1109 3647 1353 3702 regnum
1378 3627 2004 3701 benevolentiaafsignis
2030 3630 2089 3684 il-

2200 3625 2469 3702 βασιλέως
2522 3626 2858 3703 παραδόντος
2907 3631 3043 3684 κατᾶ
3073 3631 3260 3705 χάριν,
3311 3635 3413 3686 τοῦ
3458 3629 3653 3704 πατρὸς
3694 3626 3813 3691 αὑτῷ

439 3721 763 3788 lustribus;
795 3722 966 3790 quale
1000 3721 1109 3774 fuit
1142 3721 1298 3791 quod
1326 3719 1657 3776 Ludovicus
1690 3721 1812 3787 Xll,
1847 3717 2089 3776 solemni

2194 3718 2561 3779 ἀποθανόντος
2609 3717 2965 3791 κληρονόμος
2994 3726 3097 3788 τῆς
3138 3719 3327 3782 οὐσίας
3357 3721 3638 3788 καταστὰς,
3667 3710 3810 3770 πλού·

445 3826 660 3882 pompa
690 3808 952 3864 Genuam
987 3810 1269 3877 invectus,
1297 3809 1498 3864 villam
1525 3809 1823 3865 Laurentii
1856 3802 2089 3866 Catanei

2195 3826 2310 3868 σιος
2355 3803 2412 3860 δὲ
2461 3807 2553 3875 ἦν,
2599 3811 2719 3867 τοῖς
2775 3809 3025 3880 χρήμασι
3081 3808 3344 3885 φυσηθεὶς
3393 3804 3590 3864 Λέσϐον
3630 3805 3810 3869 διανοηί·

443 3900 572 3968 ejus
604 3898 851 3953 invitatu
888 3898 1317 3954 humanissime
1341 3899 1500 3965 visit,
1528 3897 1879 3955 delectatum
1907 3916 1966 3954 se
1990 3900 2089 3954 ho-

2198 3895 2314 3965 θείη
2389 3895 2672 3967 Ῥωμαίων
2729 3895 3070 3972 ἀφελόμενος
3125 3895 3264 3952 ἰδίαν
3334 3899 3510 3970 ἑαυτῷ
3558 3890 3809 3969 πιριποιῆ·

444 3987 620 4057 spitio
659 3986 993 4058 gratissime
1044 3988 1375 4057 praeferens.
1427 3991 1617 4054 Quare
1672 3989 1729 4044 in
1789 3989 2094 4044 occasione
2198 3995 2386 4048 σασθαι
2428 3983 2755 4058 ἡγεμονίαν,
2779 3992 2839 4041 et
2863 3992 3070 4042 caetera
3101 4004 3229 4060 quas
3261 3988 3343 4043 ibi
3373 3988 3561 4061 pergit
3590 3996 3807 4042 narrare:

444 4076 805 4146 legationum
839 4077 910 4130 ad
937 4093 1101 4145 reges
1145 4076 1401 4132 Francaai
1432 4077 1670 4133 Catanei
1713 4094 1746 4132 a
1773 4077 2092 4134 Genuensi-
2198 4075 2418 4144 quibus
2447 4078 2675 4146 egregie
2704 4079 3137 4134 conﬁrmantur
3167 4095 3294 4150 quas
3347 4081 3418 4134 de
3469 4079 3705 4134 Phocaeae
3730 4072 3806 4125 d0-

443 4165 554 4220 bus
588 4165 957 4237 plerumque,
992 4171 1056 4220 ut
1103 4165 1180 4219 ibi
1235 4166 1504 4237 gratiosi,
1571 4163 1942 4238 legebantur.
2000 4167 2092 4222 Sic
2202 4162 2378 4218 minis
2409 4163 2693 4220 beneficio
2719 4165 3137 4237 imperatorum
3173 4167 3626 4240 Palaeologorum
3673 4163 3804 4217 Cata-

442 4271 595 4310 anno
631 4256 767 4309 1499
792 4255 1273 4327 Christophorus,
1305 4273 1458 4310 anno
1492 4256 1621 4310 1511
1671 4256 1928 4312 Thomas
1987 4259 2091 4312 Ca-
2199 4251 2326 4306 Deis
2357 4253 2639 4319 diximus,
2687 4256 3018 4311 necessario
3073 4258 3144 4312 ad
3205 4258 3595 4329 supplendam
3647 4253 3698 4307 in
3724 4250 3804 4302 110°

442 4343 623 4411 tanei,
658 4361 810 4400 anno
845 4345 982 4398 1513
1016 4345 1168 4399 alius
1191 4343 1328 4398 item
1355 4345 1663 4410 Cataneus,
1691 4344 1865 4417 legati
1892 4345 2089 4401 Genua

2213 4338 2339 4394 loco
2371 4347 2584 4396 nostra;
2618 4342 2876 4398 historiis
2909 4345 2971 4412 [ιι
3017 4346 3141 4416 476]
3179 4344 3563 4415 ἀποσιώπησιν
3625 4337 3802 4406 Pachy-

444 4433 504 4487 in
538 4433 784 4488 Galliam
816 4435 1046 4491 venisse
1086 4437 1482 4508 reperiuntur,
2203 4430 2401 4498 meris,
2437 4431 2670 4485 familiae
2717 4449 2927 4487 nomen
2977 4435 3306 4489 omittentis
3368 4437 3427 4490 in
3474 4424 3799 4489 memorando

2203 4517 2468 4574 Manuele
2489 4520 2778 4576 Zachariae
2823 4522 2965 4588 filio,
3004 4523 3192 4594 primo
3233 4524 3484 4579 Phocaeae
3523 4525 3797 4596 possessore

2126 4607 2170 4672 D
2201 4623 2270 4661 ex
2303 4609 2680 4665 concessione
2703 4610 3009 4666 Michaelis
3040 4612 3486 4682 Palaaologorum
3534 4606 3691 4682 primi
3720 4608 3789 4655 Au-

2203 4697 2387 4767 gusﬁ.

507 4561 639 4628 Pag.
673 4559 797 4625 420,
831 4560 1115 4615 Atuminis
1149 4561 1374 4630 fodinae.
1403 4562 1547 4627 Quis
1573 4561 1667 4617 hic
1722 4562 1890 4616 labor
1938 4567 2094 4617 eset

445 4652 502 4700 et
532 4651 819 4718 quantum
843 4665 912 4703 ex
943 4666 1008 4703 eo
1039 4649 1294 4718 lucrum,
1328 4650 1610 4706 discimus
1643 4667 1710 4705 ex
1759 4651 1936 4722 Duca,
1991 4652 2090 4722 qui

445 4736 811 4790 domicilium
849 4754 910 4791 se
933 4737 1212 4794 habuisse
1241 4740 1299 4793 in
1325 4739 1438 4795 ista
1469 4755 1615 4794 nova
1640 4741 1881 4796 Phocaea
1913 4741 2090 4807 profic

443 4829 595 4894 tens,
621 4841 752 4896 quae
783 4827 956 4881 refert
983 4835 1278 4897 spectasse
1308 4828 1497 4883 oculis
1538 4829 1831 4884 creditur:
1874 4829 1960 4882 ’Ev
2019 4832 2088 4901 τῇ

589 4849 752 4896 ,qua:
784 4849 956 4881 ΓϐΙϐΓι
983 4849 1278 4897 spectasse
1308 4849 1497 4883 0011118
1538 4849 1831 4884 οΓΘΟΙῐυΓΞ
1892 4849 1960 4882 δν
2019 4849 2088 4901 τῃ

589 4909 632 4932 νδ
695 4930 706 4932 -
725 4914 752 4927 ἢν
898 4914 911 4932 1
987 4915 1000 4932 \
1073 4916 1109 4932 ΙΙ
1198 4916 1209 4932 Ι
1314 4912 1338 4932 γ
1474 4917 1503 4932 1r
1600 4915 1613 4932 3
1721 4916 1746 4932 Ὺ
1865 4918 1874 4932 Ι
1954 4915 1973 4932 Ἀ
1993 4915 2011 4932 \

2271 4857 2333 4907 P.
2394 4855 2517 4910 421.
2580 4857 2792 4913 Vocem
2852 4857 3302 4931 ἐπισκευασάμενοι
3354 4880 3421 4917 ex
3471 4857 3710 4929 margine
3754 4849 3794 4901 in

444 4913 654 4966 Φωκίδι
687 4914 754 4986 τῇ
786 4914 922 4968 κατᾶ
939 4915 1038 4982 τὴν
1073 4916 1276 4968 Ἰωνίαν
1311 4913 1440 4989 ὅρας
1470 4917 1535 4984 ἧν
1596 4915 1648 4970 ἐν
1709 4916 1755 4987 ᾧ
1815 4915 2088 4988 μέταλλον

444 4936 654 4966 Ψωκιοι
687 4936 754 4986 τῃ
786 4936 922 4968 κατα
939 4936 1038 4982 την
1089 4936 1276 4968 ιωνιαν
1311 4936 1440 4989 ορας
1470 4936 1535 4984 ην
1596 4936 1648 4970 εν
1709 4936 1755 4987 ῳ
1815 4936 2088 4988 μεταΛΛον

441 5001 776 5075 στυπτηρίας
838 5003 1096 5078 ὑπάρχει·
1153 5003 1243 5057 καὶ
1302 5004 1330 5056 ὁ
1389 5003 1543 5068 Λίθος
1575 5005 1714 5066 ἅπας
1763 5011 1861 5074 τῆς
1907 5006 2088 5078 ἀκρωο

2199 4951 2531 5000 contextum
2566 4947 2754 5014 intuli,
2797 4957 3087 5020 expuncto
3144 4947 3489 5022 νηϊσάμενοι,
3543 4946 3697 5003 verbo
3736 4936 3796 4991 οἱ·

2200 5033 2324 5078 hili-

1979 5033 2088 5080 Ρω⁶
2200 5033 2324 5088 bili.

441 5088 584 5160 ρείας
641 5093 772 5162 πυρὶ
827 5095 1274 5165 προσομιλήσας,
1332 5091 1444 5146 εἶτα
1500 5091 1674 5162 ὕδατι,
1736 5094 1811 5155 ὡς
1859 5095 2088 5166 ψάμμος

437 5178 662 5250 γίνεται.
699 5181 812 5248 Τὴν
847 5179 903 5236 δὲ
933 5183 1037 5236 ἀπὸ
1088 5187 1186 5236 τοῦ
1233 5180 1389 5236 λίθου
1418 5183 1714 5255 γενομένην
1748 5184 1975 5256 ψάμμον
2010 5182 2087 5245 εἲς

2271 5201 2332 5249 Ρ.
2367 5195 2491 5249 429.
2525 5199 2660 5262 Quae
2694 5197 2801 5253 hoc
2862 5214 2990 5270 cap.
3053 5207 3371 5257 narrantur
3417 5201 3486 5256 de
3525 5195 3688 5253 Maria
3733 5199 3797 5239 re-

439 5261 647 5336 λέϐητα
699 5269 998 5342 βάλλοντες
1030 5271 1122 5325 σὺν
1163 5269 1338 5338 ὕδατι,
1372 5273 1457 5326 καὶ
1493 5270 1870 5346 καχλάζοντος
1903 5273 1962 5327 οὐ
1994 5273 2088 5327 τό·

2199 5284 2337 5355 gina
2367 5286 2650 5356 Bulgaria-3
2703 5287 2761 5340 in
2812 5289 3168 5344 avunculum
3235 5291 3649 5362 imperatorem.
3693 5273 3794 5362 odio

439 5376 551 5426 σον,
655 5355 921 5431 βληθεῖσα
969 5361 1197 5432 ψάμμος
1231 5358 1530 5415 διαλύεται·
1581 5362 1670 5414 καὶ
1702 5363 1763 5415 τὸ
1810 5362 1904 5434 μὲν
1937 5361 2088 5437 παχὺ

2200 5373 2360 5444 pacis
2395 5375 2782 5429 Ecclesiarum
2818 5379 2889 5430 ab
2922 5393 2987 5432 eo
3022 5386 3374 5448 procurata),
3409 5377 3674 5434 concitare
3699 5360 3794 5418 su"

438 5445 527 5498 καὶ
587 5444 848 5506 οὐσιῶδες
909 5447 1075 5516 αὐτῆς
1134 5449 1184 5502 ἐν
1236 5455 1314 5521 τῷ
1368 5455 1537 5523 ζωμῷ
1599 5453 1760 5523 μένον
1823 5452 1898 5515 ὡς
1946 5451 2089 5525 γάλα

2201 5467 2393 5516 tanem
2424 5463 2600 5534 Syris:
2657 5470 2925 5533 conante,
2989 5467 3186 5522 faciles
3243 5444 3550 5522 ostendunt
3596 5461 3790 5530 pravum

437 5531 702 5606 τυρῶδες,
746 5535 808 5587 τὸ
857 5535 1018 5609 ξηρὸν
1063 5537 1152 5589 καὶ
1198 5537 1398 5612 γιῶδες
1454 5539 1624 5608 αὐτῆς
1665 5535 1766 5609 ἔξω
1812 5539 2089 5615 ῥίπτουσιν

2202 5531 2716 5607 schismatlcorum
2749 5531 3058 5608 animum:
3110 5555 3192 5609 uti
3241 5562 3300 5610 et
3346 5572 3466 5626 quae
3519 5547 3681 5619 capite
3721 5551 3792 5590 εθ-

443 5621 520 5717 d);
565 5619 866 5696 ἄχρηστον·
922 5623 1012 5677 τὸν
1065 5621 1122 5677 δὶ
1155 5628 1335 5696 ζωμὸν
1388 5629 1465 5688 εἰς
1516 5628 1719 5702 σκάφας
1762 5631 2089 5694 κενώσαντες

2202 5641 2402 5709 quentl
2425 5645 2481 5696 et
2514 5643 2791 5712 deinceps
2825 5649 3165 5711 narrantur,
3198 5619 3376 5717 quam
3433 5636 3679 5700 crudelis,
3709 5628 3790 5680 im'

446 5705 608 5780 ἄχρις
658 5714 882 5784 ἡμερῶν
931 5711 1200 5788 τεσσάρων
1257 5714 1642 5791 παραδρομὴν,
1674 5715 1981 5794 εὑρίσκεται
2036 5717 2088 5777 ἓν

2202 5741 2317 5798 Ριει,
2372 5729 2701 5787 faciuorosa
2752 5732 2872 5787 hsec
2923 5734 3136 5789 mulier
3182 5705 3356 5790 tuerit
3405 5718 3789 5788 demonstrant;
