4072 6396
323 387 459 451 1141

1921 391 2155 455 ΝΟἹᾞρ

3605 386 3747 454 1142

321 528 503 588 quare
534 512 637 575 illa
662 513 1005 585 protectrice
1035 513 1429 573 schismastici
1456 515 1704 577 rebelles
1726 514 1976 591 glerien-
2005 514 2061 585 Α
2090 511 2223 573 tinea
2249 509 2394 567 nihil
2413 508 3055 582 prohibeatquominus
3070 508 3287 583 aliquis
3304 509 3480 571 ducat
3496 526 3737 568 uxorem

317 609 415 660 tur
447 603 607 670 licet,
640 602 820 675 digno
853 602 1065 667 patella
1096 604 1392 674 operculo,

389 701 450 757 P.
484 701 607 761 436.
641 700 828 764 Quare
861 700 954 757 hic
987 705 1186 759 narrat
1205 702 1608 773 Pachymeres,
1641 720 1704 763 se
1732 703 1968 765 adbibi.

316 794 445 849 tum
476 790 548 847 ab
578 789 930 861 imperatore
974 790 1045 850 ad
1095 790 1247 849 clam
1282 790 1705 865 explorandum
1760 792 1970 865 ecquid

314 879 679 934 Theodosius
710 878 1057 946 monachus,
1089 879 1138 934 si
1186 880 1587 939 Antiochenus
1636 880 1971 952 patriarcha

315 969 500 1037 ﬂeret,
534 967 863 1027 obstiturus
893 973 1051 1031 esset
1090 968 1323 1043 negotio
1379 970 1811 1033 conciliationis
1858 970 1968 1026 Ec-

312 1057 647 1124 clesiarum,
682 1073 802 1112 rem
856 1056 1019 1119 illam
1070 1074 1138 1114 ex
1184 1058 1440 1131 Augusti
1490 1058 1787 1121 sententia
1833 1076 1967 1131 ges~

313 1146 484 1215 sisse,
519 1147 840 1203 ostendunt
868 1145 1025 1201 hunc
1068 1151 1359 1217 nostrum,
1392 1147 1500 1207 etsi
1538 1149 1714 1211 tacito
1738 1148 1968 1219 judicio

313 1235 494 1292 animi
528 1234 833 1293 schismati
858 1236 1095 1306 faveret,
1122 1240 1186 1293 ut
1208 1234 1397 1295 multa
1418 1237 1830 1297 demonstrant
1856 1236 1967 1299 hu~

302 1324 406 1394 jus
436 1324 689 1380 historias
720 1324 867 1391 loca,
900 1329 1099 1379 tamen
1132 1324 1511 1396 imperatoris
1543 1325 1808 1383 consiliis
1835 1326 1965 1397 ejus

312 1412 542 1485 generis
600 1412 759 1467 haud
800 1411 994 1482 palam
1047 1412 1443 1468 adversatum.
1495 1415 1615 1469 Imo
1679 1413 1964 1486 suspicari

312 1503 459 1558 forte
526 1517 640 1557 non
694 1501 988 1559 immerito
1038 1517 1351 1573 possemus
1403 1518 1538 1559 eum
1588 1502 1817 1559 vivente
1869 1503 1966 1559 Mi-

311 1590 508 1651 chaele
537 1606 672 1646 vere
701 1594 757 1647 et
787 1607 855 1645 ex
887 1590 1069 1646 animi
1102 1591 1192 1651 sui
1228 1592 1522 1649 sententia
1556 1592 1768 1653 favisse
1813 1592 1961 1665 paci,

306 1680 407 1736 sed
457 1680 732 1735 eumdem
789 1678 1100 1737 historiam
1150 1680 1363 1741 deinde
1422 1678 1573 1739 hanc
1606 1680 1960 1747 scribentem

308 1770 418 1827 sub
450 1768 805 1834 Andronico,
838 1767 940 1840 qui
976 1785 1039 1825 se
1070 1768 1277 1831 iterum
1315 1786 1348 1825 a
1395 1769 1661 1832 Romana
1709 1769 1963 1835 Ecclesia

2072 617 2334 658 sororem
2376 599 2577 654 uxoris
2615 598 2812 656 fratris
2859 598 2989 654 sui:
3036 598 3219 654 altera
3246 600 3402 673 quod
3436 599 3495 654 in
3526 618 3739 659 unme-

2074 691 2273 748 randis
2306 688 2670 762 cognationis
2700 692 2756 743 et
2797 688 3102 743 afﬁnitatis
3135 688 3416 758 gradibus
3461 693 3735 767 parentes

2072 797 2230 836 nunc
2259 796 2373 835 non
2405 779 2796 849 imputantur,
2832 777 2932 836 sed
2965 777 3194 849 primus
3237 778 3458 848 gradus
3509 779 3735 834 consti-

2071 870 2342 931 tuaturin
2364 867 2905 935 fratribus,cum,ut
2931 870 3201 920 numerat
3216 866 3323 922 hoc
3356 865 3480 921 loco
3506 872 3726 941 noster,

2073 974 2312 1014 necesse
2369 957 2445 1011 sit
2502 955 2762 1028 primum
2823 955 3071 1027 gradum
3122 958 3385 1025 respectu
3438 956 3622 1027 patris
3664 974 3731 1015 ac

2072 1047 2281 1102 matris
2326 1045 2489 1118 poni,
2575 1044 2905 1100 secundum
2994 1048 3264 1117 respectu
3333 1044 3582 1099 fratrum
3658 1063 3725 1102 ac

2072 1152 2364 1194 sororum.
2397 1134 2492 1189 Sic
2522 1133 2679 1189 enim
2711 1133 3310 1204 tantumNicephorus
3335 1133 3723 1211 despota,qui

2074 1226 2254 1282 filiam
2286 1225 2503 1281 sororis
2544 1224 2916 1297 imperatoris
2949 1225 3007 1278 in
3042 1222 3419 1279 matrimonio
3452 1224 3725 1301 habebat,

2074 1317 2144 1371 ab
2176 1315 2367 1388 ipsius
2404 1312 2777 1385 imperatoris
2810 1312 2930 1367 filia
2963 1317 3169 1385 quarto
3202 1312 3511 1368 affinitatis
3542 1316 3731 1385 gradu

2072 1406 2293 1461 distare
2322 1407 2572 1479 poterat,
2607 1405 2782 1473 prout
2811 1401 2906 1455 hic
2937 1401 3172 1455 dicitur.

2142 1516 2203 1570 P.
2238 1513 2363 1571 448.
2417 1510 2643 1581 Quando
2710 1512 2941 1567 ducente
2986 1510 3192 1566 Isaacio
3256 1510 3524 1582 Augusto,
3600 1515 3709 1567 etc.

2069 1604 2206 1663 Rem
2259 1601 2354 1658 hic
2404 1600 2722 1663 indicatam
2774 1600 2901 1654 fuse
2945 1616 3192 1655 narrans
3227 1598 3512 1671 Georgius
3546 1602 3720 1656 Acro-

2070 1691 2668 1769 polita)Historizssuce
2702 1706 2750 1751 ε,
2785 1689 2870 1755 11,
2892 1705 2947 1761 p.
2984 1688 3171 1755 10,ed.
3197 1688 3365 1760 Reg.)
3396 1689 3455 1745 in
3480 1706 3720 1751 summa

2068 1782 2238 1843 docet
2288 1779 2579 1837 lsaacium
2620 1782 2946 1850 Augustum
3009 1777 3065 1833 in
3115 1776 3420 1849 Bulgaros,
3465 1779 3566 1850 qui
3612 1796 3719 1835 au-

306 1857 557 1915 abscidit
589 1857 858 1913 rescissis
892 1859 1154 1927 paternis
1187 1858 1353 1926 actis,
1407 1859 1660 1921 servisse
1708 1860 1958 1932 tempori

2073 1874 2193 1931 tore
2240 1869 2574 1929 rebellionis
2624 1872 2815 1923 Asane
2852 1885 2884 1922 a
2932 1884 2994 1924 se
3063 1868 3417 1938 defecerant,
3474 1868 3721 1939 expedi-

308 1946 634 2004 revolutum
668 1946 727 2001 in
763 1945 1083 2002 familiares
1114 1963 1364 2009 errores.

382 2051 443 2102 P.
469 2044 589 2100 440.
626 2045 718 2101 Είε
764 2044 1068 2100 sationibus
1099 2045 1375 2115 quondam
1415 2062 1451 2107 α
1480 2044 1661 2102 Sisino
1705 2046 1962 2118 perlatis.

309 2134 435 2192 Non
476 2138 565 2195 est
594 2133 687 2191 hic
718 2132 972 2189 Sisinius
1004 2132 1104 2191 ille
1136 2133 1422 2208 antiquus
1468 2134 1959 2206 Constantinepo-v

303 2222 524 2279 litanus
588 2220 941 2289 patriarcha,
999 2223 1098 2293 qui
1152 2239 1307 2285 anno
1353 2222 1567 2283 Christi
1618 2224 1721 2281 4‘26
1769 2224 1959 2283 Attico

300 2312 589 2370 successit
622 2315 685 2366 ut
715 2316 915 2369 narrat
948 2312 1248 2382 Socrates,
1277 2310 1316 2368 l.
1350 2329 1451 2379 vn,
1471 2329 1519 2367 ο.
1544 2314 1635 2378 26.
1658 2314 1759 2373 sed
1785 2312 1959 2379 alius,

302 2407 369 2458 ut
401 2405 668 2473 apparet,
718 2399 887 2471 longe
921 2401 1221 2471 posterior,
1255 2400 1355 2472 qui
1391 2419 1545 2456 anno
1595 2402 1798 2463 christi
1854 2403 1961 2459 995

301 2490 542 2547 Nicolao
574 2489 962 2560 Cbrysobergi
988 2490 1272 2549 suffectus
1302 2491 1563 2551 est.Nam
1598 2491 1757 2551 hunc
1780 2491 1957 2548 Joan-

304 2596 410 2636 nes
441 2578 823 2651 Cur0polates
856 2579 1017 2638 680
1049 2574 1282 2646 inuisi,
1313 2580 1383 2641 ad
1415 2596 1550 2641 ann.
1582 2580 1786 2642 mundi
1817 2582 1959 2641 6503

300 2674 553 2731 testatur
583 2684 839 2729 canones
871 2668 942 2723 de
977 2667 1369 2731 matrimoniis
1401 2668 1685 2731 sanxisse.

374 2775 524 2831 Ibid.
555 2773 765 2831 Gradus
791 2774 1109 2844 afﬁnitatis.
1142 2780 1313 2835 Anna
1343 2774 1463 2830 filia
1496 2775 1801 2833 Michaelis
1834 2779 1956 2830 Au-

302 2864 483 2938 gusti,
511 2880 732 2935 sponsa
765 2863 1061 2919 destinata
1100 2863 1365 2923 Michaeli
1415 2865 1694 2935 despotic,
1746 2870 1956 2936 quarto

307 2952 843 3025 consanguinitatis
875 2953 1061 3025 gradu
1118 2953 1499 3024 contingebat
1536 2955 1762 3008 Annam
1815 2954 1957 3010 alte-

315 3060 461 3110 ram,
496 3042 677 3097 tiliam
712 3041 932 3101 sororis
955 3041 1136 3113 patris
1167 3041 1281 3107 sui,
1325 3045 1570 3113 nuptam
1628 3042 1956 3114 Nicephoro

303 3136 584 3202 despotm,
639 3130 943 3186 Michaelis
996 3130 1251 3201 despotae
1328 3146 1658 3201 germano;
1706 3134 1765 3186 et
1814 3132 1955 3203 quia

301 3223 666 3294 Nicephorus
696 3224 755 3277 et
783 3224 947 3275 Anna
976 3221 1273 3291 conjuncti
1298 3220 1676 3279 matrimonio
1707 3239 1811 3293 pro
1838 3238 1954 3277 une

300 3312 718 3375 censebantur,
776 3308 955 3364 etiam
1025 3308 1356 3381 Nicephoro
1414 3314 1472 3365 et
1521 3315 1954 3382 consequenter

296 3400 566 3455 Michaeli
625 3399 756 3469 ejus
789 3397 956 3454 fratri
1017 3398 1259 3454 totidem
1317 3396 1623 3454 afﬁnitatis
1672 3400 1954 3469 gradibus

294 3488 746 3545 admovebatur.
784 3491 961 3542 Porro
995 3486 1248 3541 Michael
1279 3489 1459 3542 Annua
1491 3489 1657 3543 uxori
1700 3488 1795 3543 sul
1831 3489 1953 3543 fra-

292 3577 405 3633 tris
436 3576 744 3632 affinitatis
767 3576 953 3647 gradu
974 3575 1668 3647 secundojungebantur,
1684 3578 1824 3649 quia
1846 3594 1953 3634 suo

296 3684 583 3741 germano
604 3667 733 3737 ejus
756 3666 877 3723 viro
910 3665 1170 3723 secundo
1202 3663 1736 3737 consanguinitatis
1767 3667 1954 3737 gradu

293 3760 545 3831 junctus
577 3754 1045 3813 erat.Afﬁnitatis
1076 3752 1297 3831 quippe
1326 3755 1570 3827 gradus,
1606 3757 1669 3811 ut
1698 3752 1955 3827 theologi

304 3843 540 3914 etjuris
572 3843 839 3899 canonici
889 3841 1140 3901 consulti
1176 3840 1297 3903 haec
1346 3844 1668 3903 tractantes
1723 3841 1953 3914 docent.

305 3936 433 4008 pari
467 3951 644 4006 passu
679 3938 1012 4009 sequuntur
1039 3934 1259 4005 gradus
1291 3932 1845 4005 consanguinitatis.
1882 3935 1958 3991 Ut

301 4040 439 4094 ergo
482 4020 1011 4093 consanguinitatis
1058 4023 1289 4094 primus
1339 4021 1559 4093 gradus
1598 4021 1814 4093 estqui
1850 4038 1955 4093 pa-

302 4118 503 4169 rentes
561 4114 717 4169 inter
763 4115 820 4167 et
870 4112 1084 4171 liberos
1135 4110 1467 4180 intercedit,
1510 4109 1807 4169 secundus
1839 4110 1957 4173 fray

307 4208 469 4261 trum
501 4201 571 4257 ad
606 4200 839 4269 fratres,
873 4200 1086 4258 tertius
1118 4199 1316 4259 fratris
1366 4198 1656 4257 sororisve
1703 4198 1958 4259 ﬁliorum

303 4293 379 4348 ad
414 4295 676 4363 patruos,
709 4288 1272 4355 avunculos,amitas
1303 4293 1360 4345 et
1386 4292 1756 4361 materteras,
1785 4305 1958 4359 quar-

308 4386 407 4436 tus
438 4379 925 4435 consobrinorum
960 4379 1031 4433 ad
1065 4377 1559 4442 consobrinos,ita
1580 4381 1636 4431 et
1651 4377 1959 4435 afﬁnitatis

301 4472 697 4527 numerantur
746 4468 1035 4535 totidem;
1086 4466 1291 4539 quales
1346 4482 1543 4523 revera
1594 4466 1654 4525 in
1698 4465 1808 4521 hac
1840 4465 1962 4521 filia

308 4556 620 4613 Michaelis
652 4556 894 4627 Augusti
922 4561 1190 4626 respectu
1238 4553 1439 4631 sponsi
1471 4552 1521 4613 ei
1546 4555 1819 4613 destinati
1853 4555 1960 4615 Mi-

305 4647 531 4707 chaelis
563 4648 819 4718 despotae
853 4644 1514 4704 numerabantur.Unde
1544 4661 1611 4701 ex
1645 4645 1751 4705 hac
1783 4650 1969 4715 parte,

307 4742 377 4794 ut
433 4738 514 4792 ait
585 4737 927 4803 historicus,
991 4741 1245 4808 quatuor
1275 4738 1443 4791 erant
1481 4732 1816 4790 συνοικεσίου
1847 4735 1968 4793 sive

309 4825 624 4883 affinitatis
683 4825 926 4896 gradus,
976 4840 1041 4880 ex
1097 4828 1259 4895 parte
1308 4839 1443 4883 vero
1508 4822 1707 4893 sponsi
1778 4824 1966 4897 ipsius

305 4912 614 4971 Michaelis
647 4914 904 4985 despotic
929 4917 1202 4983 respectu
1233 4911 1430 4968 fratris
1472 4911 1603 4983 ejus
1654 4910 1963 4985 Nicephori

306 5007 369 5059 et
414 5002 545 5073 ejus
605 5001 874 5075 conjugis
921 5004 1101 5059 Annia
1154 5005 1302 5057 natae
1333 5016 1404 5056 ex
1433 5016 1630 5055 sorore
1663 5000 1964 5059 Michaelis

306 5092 587 5164 Augusti,
646 5092 800 5161 duo;
856 5092 996 5162 quia
1046 5095 1110 5145 ut
1154 5090 1218 5160 (P
1248 5089 1377 5161 477)
1429 5090 1965 5161 consanguinitatis

305 5183 496 5256 gradu
528 5181 790 5236 secundo
822 5180 1281 5239 connectebatur
1312 5179 1493 5235 frater
1525 5179 1711 5249 fratri,
1757 5179 1835 5235 ita
1868 5196 1960 5235 se-

311 5270 505 5327 cundo
557 5271 772 5341 pariter
826 5269 1132 5327 affinitatis
1199 5270 1382 5340 gradu
1451 5268 1967 5341 conjungebantur

308 5363 457 5417 levir
505 5367 563 5415 et
631 5362 856 5416 fratria.
894 5363 1020 5416 Haec
1052 5374 1220 5415 mens
1252 5359 1430 5429 hujus
1480 5357 1586 5413 loci
1648 5364 1778 5428 est;
1813 5361 1967 5415 circa

309 5466 488 5523 quem
548 5452 804 5507 notanda
829 5450 984 5506 venit
1014 5449 1230 5519 duplex
1261 5448 1595 5504 Graecorum
1621 5447 1783 5502 illius
1818 5453 1958 5504 tem-

309 5546 470 5620 poris
502 5564 535 5601 a
568 5546 788 5602 Latinis
835 5547 1138 5603 hodiernis
1191 5544 1607 5616 discrepantia.
1661 5544 1826 5600 Prior
1874 5549 1965 5601 est

310 5638 580 5711 quod,ut
614 5638 751 5694 hinc
774 5643 1035 5710 apparet,
1053 5637 1209 5708 apud
1244 5635 1473 5691 Graecos
1518 5641 1659 5691 tunc
1706 5636 1964 5699 affinitas

312 5727 662 5784 afﬁnitatem
692 5727 974 5800 pariebat,
1008 5743 1145 5785 cum
1179 5726 1236 5781 in
1270 5740 1379 5781 usu
1395 5723 1523 5794 jam
1554 5724 1822 5785 Ecclesia
1858 5725 1965 5785 La-

2069 1963 2226 2023 tione
2256 1963 2518 2030 sucepta,
2559 1960 2809 2017 Asanem
2860 1973 2996 2017 cum
3040 1955 3327 2027 praesidiis
3378 1960 3504 2017 arta
3554 1957 3715 2015 obsi-

2070 2050 2241 2105 dione
2264 2048 2517 2105 cinxisse
2541 2048 2696 2102 intra
2726 2046 3073 2119 oppidulum
3107 2046 3450 2102 Strinobum
3472 2047 3720 2125 dictum,

2067 2137 2217 2200 ἐντὸς
2277 2139 2373 2197 τοῦ
2434 2132 2731 2210 πολιχνίου
2793 2134 2854 2187 οὗ
2915 2131 2981 2204 δὴ
3040 2134 3102 2187 τὸ
3159 2129 3335 2207 ὄνομα
3402 2129 3721 2209 Στρίνοϐοςο

2068 2228 2316 2285 Videtur
2364 2224 2725 2297 ampliﬁcata
2802 2224 3016 2279 deinde
3073 2224 3145 2279 ab
3232 2226 3418 2280 Asane
3496 2224 3720 2283 victore

2069 2318 2192 2377 haec
2248 2316 2473 2384 civitas,
2551 2315 2766 2387 quippe
2844 2330 3022 2385 quam
3106 2318 3304 2370 noster
3387 2314 3722 2371 Ternobum

2067 2424 2303 2477 vocans,
2381 2404 2602 2477 regiam
2691 2402 2976 2473 Bulgaria:
3058 2403 3259 2461 urbem
3335 2403 3519 2461 fuisse
3604 2421 3719 2464 non

2068 2493 2249 2555 semel
2324 2494 2565 2550 indicat.
2654 2493 2843 2565 Pergit
2914 2491 3251 2562 Acropolita
3308 2491 3527 2561 dicere,
3581 2509 3718 2553 cum

2067 2584 2221 2641 680
2253 2583 2311 2639 in
2343 2587 2601 2641 extremo
2633 2580 2975 2639 discrimine
3006 2596 3098 2637 res
3114 2580 3318 2635 Asanis
3351 2584 3405 2636 et
3438 2581 3715 2653 Bulgaro—

2065 2690 2194 2735 rum
2227 2676 2445 2740 essent,
2470 2687 2613 2740 quos
2640 2687 2711 2724 ne
2740 2670 2800 2726 in
2835 2668 3036 2725 Isaacii
3078 2669 3317 2738 Augusti
3362 2673 3712 2740 potestatem

2066 2780 2199 2823 mox
2231 2762 2494 2823 venirent
2522 2758 2685 2819 nulla
2716 2775 2809 2814 res
2835 2758 3140 2829 prohibere
3170 2758 3518 2815 humanitus
3551 2764 3712 2830 pote-

2063 2857 2173 2921 rat,
2235 2852 2447 2911 exiisse
2513 2851 2586 2905 ab
2612 2852 2753 2905 urbe
2803 2850 3041 2905 obressa
3121 2849 3440 2921 quemdam
3519 2850 3715 2920 specie

2063 2943 2450 3013 transfugam,
2493 2940 2592 3011 qui
2625 2938 2847 3011 trepide
2876 2937 3217 3009 imperatori
3250 2937 3552 2995 nuntiaret
3583 2955 3717 2995 mox

2062 3031 2395 3106 irrupturos
2417 3030 2475 3085 in
2497 3030 2626 3100 ejus
2647 3032 2840 3083 castra
2862 3027 3121 3087 maxime
3153 3042 3398 3084 numero
3421 3028 3668 3100 Scythas
3694 3046 3710 3085 :

2063 3136 2179 3196 quo
2202 3117 2300 3175 ille
2332 3116 2547 3175 indicio
2566 3114 2873 3190 perculsus
2897 3118 3065 3171 nocte
3088 3118 3325 3186 repente
3344 3114 3714 3173 obsidionem

1988 3238 2030 3315 α
2069 3207 2301 3315 solvens
2326 3206 2475 3315 fugit
2505 3205 2575 3307 ab
2609 3204 2821 3315 pppid'o
2853 3204 3133 3315 postridie
3154 3203 3519 3315 dedep.do,eft
3553 3205 3715 3315 διῇξε-

2071 3300 2203 3355 dem
2237 3295 2554 3368 proditoris
2578 3295 2753 3349 etiam
2777 3294 2835 3353 in
2862 3293 3007 3364 fugas
3032 3292 3124 3348 via
3144 3292 3457 3352 consilium
3486 3294 3720 3353 fraudu-

2063 3386 2287 3445 lentum
2321 3400 2575 3457 sequens
2608 3400 2669 3440 se
2700 3398 2959 3457 suosque
2990 3382 3240 3451 conjecit
3272 3381 3328 3437 in
3381 3383 3711 3454 angustias,

2066 3475 2164 3537 ubi
2228 3492 2361 3533 mox
2408 3472 2645 3549 plurimi
2703 3489 2737 3529 a
2781 3470 2984 3544 paucis
3035 3471 3246 3527 misere
3295 3471 3521 3542 opressi
3573 3475 3715 3535 sunt

2066 3562 2466 3636 Bulgaris,qui
2490 3580 2557 3619 ex
2589 3561 2911 3635 composito
2943 3560 2999 3614 in
3024 3560 3453 3621 circumventos
3484 3560 3713 3616 irruen-

2066 3658 2156 3713 tes
2194 3657 2489 3715 Romanos
2540 3652 2853 3727 plerosque
2899 3650 3151 3714 caedunt,
3195 3648 3547 3719 imperatore
3576 3666 3713 3707 cum

2068 3759 2183 3801 non
2218 3741 2418 3805 multis
2448 3756 2597 3813 aegre
2628 3757 2690 3796 se
2722 3739 2779 3797 in
2813 3743 3007 3795 tutum
3042 3736 3376 3809 recipiente,
3410 3736 3570 3793 omni
3620 3753 3718 3807 ap-

2069 3832 2276 3899 paratu
2310 3834 2367 3883 et
2399 3827 2777 3903 imperatoria
2808 3824 3161 3896 supellectili
3195 3823 3464 3883 hostibus
3492 3822 3714 3879 relicta.

2069 3916 2136 3977 Oi
2169 3912 2246 3992 δὲ,
2279 3916 2362 3976 ait
2417 3914 2772 3986 Acropolita,
2808 3909 3161 3975 διασωθέντες
3219 3911 3355 3991 μετᾶ
3406 3914 3503 3964 τοῦ
3566 3912 3725 3984 βασι-

2068 4002 2209 4066 λέως
2262 4001 2463 4077 γυμνοί
2520 4022 2577 4059 τε
2632 4002 2765 4069 ἦσαν
2821 4001 2911 4054 καὶ
2966 3999 3146 4074 ὀλίγοι
3206 4000 3383 4057 πάνυ.
3446 4000 3721 4064 Ἐντεῦθεν

2071 4092 2348 4171 ἐφυσιώθη
2404 4088 2467 4147 τὸ
2496 4094 2601 4144 τῶν
2635 4086 2968 4162 Βουλγάρων
3016 4086 3187 4166 φῦλον
3221 4084 3368 4145 λείαν
3402 4085 3623 4157 πολλὴν
3668 4086 3727 4143 ἐκ

2069 4188 2178 4241 τῶν
2227 4179 2512 4253 Ῥωμαίων
2556 4176 2843 4253 κερδῆσανί
2878 4174 3023 4231 ἀλλὰ
3054 4173 3121 4246 δὴ
3170 4177 3257 4233 καὶ
3311 4173 3371 4230 ὲκ
3408 4180 3514 4229 τῶν
3570 4176 3724 4250 βασι-

2074 4272 2245 4335 λικῶν
2304 4271 2645 4344 παρασήμων
2698 4268 2763 4322 τὰ
2817 4266 3148 4339 τιμιώτερα·
3207 4266 3303 4329 τάς
3358 4284 3418 4319 τε
3473 4265 3577 4342 γὰρ
3626 4268 3724 4318 τοῦ

2078 4360 2349 4439 βασιλέως
2419 4355 2730 4436 πυραμίδας
2799 4350 3126 4415 ἀνελάϐοντο
3203 4352 3294 4408 καί
3361 4351 3559 4432 φιάλας
3617 4358 3725 4409 τῶν

2076 4451 2363 4525 ἐπισήμων
2421 4453 2510 4507 καὶ
2571 4451 2767 4524 χρῆμα
2824 4445 2898 4508 εἷς
2958 4443 3171 4515 πλῆθος
3220 4442 3308 4503 καὶ
3340 4442 3499 4521 αὐτὸν
3533 4440 3599 4511 δὴ
3630 4443 3723 4497 τὸν

2080 4541 2362 4621 βασιλικὸν
2394 4538 2645 4613 σταυρόν,
2677 4544 2787 4594 etc.
2822 4538 2951 4592 Hinc
3002 4540 3143 4592 sunt
3198 4552 3327 4606 quas
3388 4538 3587 4592 noster
3632 4533 3727 4589 hic

2080 4639 2246 4692 vocat
2268 4629 2517 4701 insignia
2541 4626 2786 4700 imperii.
2829 4627 2888 4682 in
2921 4624 3139 4696 quibus
3161 4624 3317 4698 quod
3347 4621 3442 4684 τὰς
3474 4625 3570 4675 τοῦ
3624 4621 3726 4695 βα-

2079 4719 2276 4782 σιλὲως
2306 4714 2619 4794 πυραμίδας
2652 4714 3009 4788 imperatoris
3035 4712 3355 4786 pyramides
3396 4710 3729 4783 Acropolita

2078 4816 2369 4881 numerat,
2406 4810 2602 4864 lumen
2634 4806 2846 4877 accipit
2877 4821 2945 4859 ex
2976 4804 3089 4859 alio
3121 4805 3249 4881 ejus
3282 4802 3429 4869 loco,
3482 4802 3617 4856 Hist.
3673 4818 3724 4855 c.

2075 4901 2165 4971 40,
2194 4917 2248 4970 ρ.
2283 4898 2373 4963 36,
2406 4898 2505 4952 ubi
2535 4896 2603 4951 de
2635 4895 2935 4950 Theodoro
2962 4892 3176 4963 Angelo
3208 4890 3441 4960 imperii
3470 4888 3727 4959 insignia

2076 4990 2402 5063 deponeute
2433 4988 2517 5041 sic
2572 4984 2813 5040 scribit:
2855 4982 2929 5033 Τὰ
2962 4980 3057 5052 μὲν
3117 4979 3218 5055 γὰρ
3277 4976 3473 5052 ἐρυθρᾶ
3526 4974 3727 5031 πέδιλα

2074 5071 2419 5131 ἆπεὸἀλλετο
2451 5073 2541 5128 καὶ
2579 5075 2680 5140 τήν
2732 5070 3141 5153 περῖμαργαρον
3193 5065 3498 5143 πυραμίδα,
3549 5067 3622 5129 εἴς
3656 5069 3721 5135 ἣν

2076 5166 2165 5219 καὶ
2224 5165 2378 5227 λίθος
2467 5161 2834 5238 ὑπερκάθηται
2904 5158 3181 5224 κόκκινος,
3246 5156 3507 5233 βασιλικᾶ
3560 5160 3729 5211 ταῦτα

2078 5249 2479 5327 σύμϐολαἩοο
2511 5259 2600 5310 est
2622 5272 2689 5309 ex
2722 5250 2983 5307 versione
3008 5249 3333 5305 doctissimi
3353 5248 3725 5321 interpretis:

2076 5349 2321 5418 Namque
2351 5345 2510 5399 rubri
2530 5344 2704 5399 calcei
2732 5340 2969 5409 dimissi,
3002 5349 3053 5395 et
3084 5339 3385 5394 unionibus
3416 5340 3730 5394 interstinc-

2076 5448 2133 5493 ta
2162 5435 2432 5508 pyramis,
2467 5450 2629 5506 super
2659 5449 2821 5503 quam
2856 5432 2996 5501 lapis
3026 5429 3231 5483 rubens
3260 5429 3558 5493 emicabat,
3605 5441 3729 5496 qua?

2076 5528 2467 5599 imperatorum
2491 5523 2745 5593 insignca
2775 5528 2921 5575 sunt.

2148 5632 2325 5704 Capp.
2382 5631 2445 5687 10
2476 5633 2534 5685 et
2565 5631 2653 5687 11.
2716 5630 2851 5694 Quae
2909 5627 3004 5685 hic
3054 5629 3373 5681 narrantur
3422 5623 3493 5677 de
3540 5621 3728 5676 Vecco

2078 5721 2263 5783 libere
2331 5735 2577 5778 causam
2653 5733 2979 5792 pauperum
3064 5714 3285 5786 injuste
3353 5727 3727 5785 opressorum
