4072 6390
378 404 519 460 1143
1424 407 1484 459 Ρ.
1527 404 1802 459 POSSINI
1841 400 2465 457 OBSERVATIONUM
2502 403 2637 457 LIB.
2676 406 2749 458 II.

3657 410 3778 467 1144

385 530 598 601 agente
618 544 752 583 cum
786 531 1076 601 Augusto,
1110 544 1144 581 a
1173 544 1289 599 quo
1315 542 1383 583 ea
1429 525 1735 581 occasione
1774 522 2030 596 pessime
2062 523 2116 591 Α
2148 521 2259 590 nis,
2319 539 2494 594 quam
2553 524 2831 581 Arsenius
2871 524 3123 582 libenter
3153 526 3348 596 dabat,
3381 528 3781 600 exprimeretur

384 618 981 689 tractabatur,palam
1013 618 1337 673 ostendunt
1366 631 1543 687 quam
1571 614 1670 669 ille
1694 614 1778 669 vir
1799 612 2026 668 alienus
2135 610 2442 683 indignum
2470 630 2606 669 eum
2639 615 2965 670 sacerdotio
3012 615 3217 685 fuisse,
3250 613 3461 685 ἀνάξιον
3504 623 3603 685 τῆς
3631 618 3778 693 ἱερω-

386 708 460 763 ab
493 705 657 762 omni
688 706 1028 761 adulatione
1063 705 1259 772 fuerit,
1283 709 1340 759 et
1365 720 1544 776 quam
1579 708 1802 759 certum
1838 701 1936 765 sit,
1963 716 2031 755 ea

2176 696 2322 769 ύνης,
2356 701 2534 772 idque
2556 700 2632 765 εῗς
2658 701 2721 756 τὸ
2749 708 2850 771 τῆς
2892 704 3278 778 παραιτήσεως
3309 700 3556 776 εὔλογον,
3593 711 3652 762 ut
3688 709 3772 764 vi-

386 812 514 866 quaa
549 812 649 864 pro
681 795 936 850 ecclesia
965 799 1169 849 contra
1186 794 1417 849 Graecos
1449 791 1863 847 schismaticos
1889 789 2030 861 egit,

2137 789 2361 845 deretur
2414 790 2611 847 idonea
2658 792 2921 848 cessionis
2969 808 3170 861 causa,
3232 803 3401 865 prout
3459 800 3775 854 narratura

388 884 555 954 dixit,
588 884 847 954 scripsit,
883 888 1131 955 purgata
1165 884 1346 937 videri
1374 882 1586 937 debere
1618 899 1652 936 υ.
1698 879 2035 950 suspicione
2142 883 2364 945 nostro,
2400 896 2454 950 p.
2488 881 2614 935 “5.

388 974 506 1027 fuci
557 990 623 1027 ac
680 973 920 1027 fraudis.
956 972 1037 1027 De
1076 971 1470 1042 staurOpegiis
1505 971 1653 1039 ‘_fusc
1702 969 1933 1040 agimus
1974 967 2033 1022 in

388 1061 707 1129 Glossario,
741 1061 837 1115 ubi
871 1064 929 1116 et
958 1061 1087 1116 vide
1118 1062 1189 1115 de
1214 1061 1445 1131 Colybis
1478 1059 1689 1131 capitis
1720 1060 1808 1114 l2.

463 1168 549 1239 [Ρ.
608 1167 733 1239 478]
783 1169 841 1223 P.
894 1168 1015 1223 458.
1050 1167 1128 1222 Me
1180 1166 1504 1237 neutiquam
1554 1182 1853 1237 passurum
1910 1165 2041 1221 addi

388 1256 666 1327 Symbolo,
686 1263 799 1312 etc.
827 1256 1143 1328 Nunquam
1174 1260 1497 1327 exegerunt
1530 1256 1712 1310 Latini
1749 1274 1783 1310 a
1826 1256 2042 1311 Grecis

396 1353 461 1401 ut
492 1346 841 1417 particulam
877 1352 934 1401 et
965 1346 1078 1417 ipsi
1109 1346 1365 1416 Filioque
1394 1343 1914 1418 SymboloNicmno
1946 1347 2043 1400 ad-

396 1436 619 1503 derent,
654 1436 828 1490 modo
856 1435 1027 1490 fidem
1063 1435 1251 1507 ipsam
1282 1434 1677 1507 processionis
1703 1434 1891 1489 sancti
1914 1434 2042 1506 Epi-

396 1524 547 1578 ritus
576 1540 643 1578 ex
675 1529 838 1594 patre
869 1529 926 1578 et
950 1523 1093 1578 Filio
1124 1527 1413 1588 tenerent,
1440 1527 1495 1576 et
1518 1522 2044 1578 RomanamEccle-

398 1612 545 1666 siam
576 1612 901 1667 faterentur
930 1629 1044 1667 non
1079 1628 1349 1684 peccasse
1380 1628 1514 1666 cum
1539 1613 1607 1666 ad
1630 1611 2048 1667 declarandum

402 1700 738 1770 expressius
768 1702 982 1771 dogma
1002 1699 1244 1754 verbum
1279 1698 1425 1753 illud
1475 1699 1727 1769 Filioque
1773 1699 2050 1771 Symbolo

404 1788 652 1843 addidit.
714 1788 842 1843 Haec
891 1788 1006 1841 duo
1059 1787 1107 1842 si
1161 1792 1457 1859 praestent,
1507 1787 1605 1858 qui
1658 1804 1688 1842 e
1737 1788 2053 1844 schismate

405 1876 735 1932 Graecorum
764 1877 1028 1943 redeunt,
1062 1877 1391 1932 nihilaliud
1425 1878 1496 1931 ab
1524 1877 1596 1931 iis
1628 1878 2051 1948 requirendum
2082 1892 2128 1957 Β

402 1966 594 2021 sanxit
611 1967 1061 2021 etiamClemens
1083 1966 1233 2030 VIII,
1266 1967 1438 2036 cujus
1470 1982 1537 2020 ea
1567 1966 1638 2020 de
1662 1982 1722 2021 re
1750 1967 2048 2022 decretum

404 2054 645 2110 memini
672 2071 765 2110 me
795 2054 985 2127 legere
1016 2056 1171 2126 apud
1206 2054 1587 2109 Possevinum
1630 2054 1690 2108 in
1730 2057 2049 2127 Apparatu.

403 2143 549 2199 Vide
572 2162 700 2216 quae
731 2144 1004 2216 superius
1036 2144 1449 2199 adnotavimus
1472 2144 1542 2198 ad
1567 2143 1788 2213 ο.11,Ι.
1815 2162 1866 2198 v.
1892 2145 2051 2200 Nihil

405 2249 543 2305 ergo
577 2233 790 2288 mirum
826 2234 875 2287 si
910 2233 1151 2288 Michael
1178 2233 1497 2303 imperator
1517 2249 1737 2303 gnarus
1760 2234 1899 2305 quid
1924 2251 2056 2289 vere

407 2321 596 2377 Latini
630 2326 913 2393 peterent,
947 2327 1002 2375 et
1031 2321 1235 2376 videns
1257 2321 1453 2393 spargi
1483 2340 1517 2377 a
1556 2322 1946 2377 schismaticis
1995 2323 2052 2377 in

409 2410 691 2483 populum
725 2426 903 2465 vanos
937 2414 1150 2476 metus,
1175 2410 1344 2481 quasi
1366 2411 1649 2480 jussurus
1675 2412 1872 2466 statim
1908 2429 2057 2483 papa

406 2500 554 2554 foret
580 2502 643 2552 ut
666 2499 725 2552 in
758 2499 911 2554 682
943 2498 1221 2553 omnibus
1253 2498 1467 2555 Graecis
1512 2499 1776 2555 ecclesiis
1805 2502 2051 2572 Symbo-

405 2586 531 2641 lum
565 2586 841 2658 deinceps
870 2603 1004 2641 cum
1029 2586 1323 2642 additione
1345 2604 1553 2643 vocum
1574 2589 1859 2643 vocabulo
1885 2589 2055 2645 Filio-

406 2692 511 2747 que
542 2675 1016 2746 equivalentium
1050 2680 1405 2745 cantaretur,
1456 2677 1771 2748 premunit
1801 2678 2054 2748 animos,

407 2766 691 2836 proﬁtens
722 2781 784 2820 se
810 2766 1158 2831 neutiquam
1201 2765 1259 2819 id
1293 2782 1631 2837 passurum.
1654 2766 2059 2824 Consentanee

410 2853 501 2909 his
532 2860 589 2909 ct
609 2854 792 2911 Graeci
824 2853 1151 2925 loquuntur
1180 2853 1238 2909 in
1272 2854 1517 2909 concilio
1543 2855 1874 2912 Florentino
1907 2874 2054 2913 sese.

408 2945 499 3011 25,
535 2960 591 3014 p.
623 2944 725 2998 308
754 2943 844 2997 ed.
880 2944 1036 3015 Reg:
1069 2942 1139 2995 Τὸ
1168 2949 1269 3011 τῆς
1313 2943 1654 3017 προσθήκης,
1677 2945 1842 3015 ἡμεῖς
1876 2943 1936 2999 οὐ
1969 2941 2055 2999 δε-

412 3030 613 3102 ξόμεθα
660 3030 882 3084 πώποτε
927 3029 1154 3101 ταύτην,
1192 3028 1319 3085 ἀλλ’
1356 3029 1711 3106 ἐκχωροῦμεν
1748 3032 1875 3104 ὑμῖν
1908 3028 2055 3107 ἔχειν

409 3119 611 3188 ταύτην
648 3118 698 3173 ἐν
748 3124 865 3181 ταῖς
908 3119 1059 3192 ὑμῶν
1110 3118 1453 3190 ἐκκλησίαις,
1490 3120 1551 3175 οὐ
1587 3120 1694 3193 μὴν
1726 3119 1778 3175 ἐν
1810 3128 1929 3185 ταῖς
1957 3129 2056 3192 τῆς

411 3207 705 3273 ἀνατολῆς.
758 3209 858 3263 Καὶ
911 3206 1143 3283 λέγομεν
1203 3207 1287 3263 ὅτι
1343 3208 1581 3285 ἀνάγκης
1629 3210 2056 3285 κατεπειγούσης

412 3298 735 3369 ἆνεπτύξατε
788 3298 853 3352 τὸ
911 3293 1227 3370 Σύμϐολον*
1286 3298 1377 3352 καὶ
1455 3299 1519 3353 οὐ
1553 3295 1782 3373 λέγομεν
1842 3302 1940 3369 τήν
2000 3300 2059 3355 ὲκ

412 3391 510 3441 τοῦ
568 3388 697 3441 Υἱοῦ
746 3388 930 3465 φωνὴν
977 3388 1012 3456 ἢ
1075 3386 1258 3462 ἑτέραν
1292 3387 1474 3441 πίστιν
1504 3386 1539 3455 ἢ
1574 3389 1895 3460 προσθήκην
1922 3389 2064 3459 τινὰ,

415 3472 543 3530 ἀλλ’
573 3470 793 3545 εὐσεϐῆ,
835 3475 923 3530 καὶ
974 3478 1267 3553 σαφήνειαν
1305 3480 1403 3531 τοῦ
1442 3475 1716 3551 ἡμετέρου
1755 3472 2062 3549 συμϐόλου.

414 3563 519 3620 Καὶ
579 3563 682 3619 εἶσὶ
733 3564 801 3618 τὰ
850 3559 1119 3637 Σύμϐολα
1171 3564 1455 3642 ἀμφότερα
1512 3561 1731 3637 εὐσεϐῆ,
1775 3566 1867 3620 καὶ
1908 3566 2064 3639 ὡμο-

413 3653 658 3725 νοημένα
715 3651 960 3729 λέγεσθαι
1015 3653 1067 3706 ἐν
1124 3652 1193 3727 τῇ
1246 3657 1355 3708 τῶν
1405 3653 1695 3726 Ῥωμαίων
1746 3654 2063 3729 Ἐκκλησία,

413 3743 594 3803 καθὼς
656 3742 813 3813 ὑμεῖς
870 3738 1079 3816 λέγετε,
1134 3741 1224 3795 καὶ
1282 3740 1335 3797 ἐν
1392 3746 1461 3816 τῇ
1515 3741 1837 3817 ἀνατολικῇ,
1882 3744 2067 3808 καθὼς

417 3829 573 3885 αὐτοὶ
627 3833 793 3902 ἡμεῖς
852 3829 1083 3905 λέγομεν
1120 3874 1134 3887 .
1195 3832 1299 3886 Καὶ
1360 3832 1502 3886 οὕτω
1550 3834 1783 3909 γενέσθω
1836 3835 1871 3903 ἡ
1926 3831 2064 3889 ἕνω-

419 3941 524 3980 σις.
555 3922 631 3976 De
660 3922 944 3976 additione
968 3940 988 3977 :
1011 3937 1105 3977 nos
1137 3924 1296 3977 illam
1347 3912 1637 3994 nunquam
1684 3924 2067 3996 admittamus,

418 4011 511 4066 sed
538 4027 660 4066 eam
689 4010 843 4066 vobis
888 4012 948 4067 in
999 4011 1192 4066 vestris
1238 4012 1482 4067 ecclesiis
1528 4014 1729 4069 habere
1782 4014 2067 4086 permitti-

419 4114 563 4169 mus,
598 4114 708 4152 non
739 4103 921 4153 autem
952 4099 1010 4152 in
1041 4098 1442 4168 Orientalibus;
1477 4100 1826 4173 dicimusque
1842 4103 2065 4172 Symbo-

422 4191 539 4245 lum
567 4208 599 4245 a
630 4191 777 4245 vobis
806 4188 1149 4259 explicatum
1172 4190 1492 4246 necessitate
1512 4198 1772 4262 congente
1782 4206 1801 4253 ;
1821 4202 1874 4247 et
1889 4209 2069 4249 vocem

421 4281 583 4336 illam
612 4302 640 4329 «
674 4295 745 4334 ex
772 4278 914 4333 Filio
935 4301 962 4325 ιι
986 4294 1094 4333 non
1139 4295 1252 4335 esse
1281 4280 1455 4334 aliam
1488 4279 1648 4336 ﬁdem
1704 4285 1800 4336 aut
1848 4282 2071 4353 aliquod

423 4370 890 4435 additamentum,
924 4367 1019 4421 sed
1047 4369 1200 4439 piam
1229 4376 1280 4423 et
1304 4372 1489 4424 nostri
1521 4369 1773 4439 Symboli
1801 4371 2073 4442 explana-

425 4459 627 4515 tionem
652 4460 740 4525 ;el
763 4471 886 4511 esse
932 4460 1237 4526 utrumque
1292 4456 1616 4527 Symbolum
1644 4460 1811 4529 pium
1839 4465 1894 4514 et
1923 4460 2072 4529 eius-

2215 967 2276 1021 P.
2312 968 2435 1022 461.
2472 971 2527 1024 Is
2582 975 2705 1024 erat
2757 974 2888 1025 tunc
2923 971 3195 1027 Urbanus.
3255 971 3779 1032 Demonstrabimus

2146 1056 2416 1124 inferius,
2450 1056 2488 1111 Ι.
2525 1074 2610 1128 ιιι,
2632 1075 2684 1114 c.
2717 1059 2785 1114 10
2817 1059 2873 1113 in
2899 1058 3215 1130 Ghronico,
3256 1061 3327 1115 ad
3379 1077 3594 1117 annum
3635 1064 3779 1131 1279,

2147 1160 2263 1199 non
2312 1144 2607 1201 Urbanum
2666 1151 2808 1202 tunc
2880 1148 3064 1203 fuisse
3140 1165 3377 1220 papam,
3456 1151 3557 1205 sed
3628 1150 3781 1208 Nico-

2149 1233 2308 1288 laum
2371 1233 2472 1301 ΙΙΙ,
2524 1239 2590 1290 ut
2649 1235 2945 1291 memoriae
3002 1240 3103 1291 aut
3161 1236 3374 1292 calami
3442 1237 3642 1310 lapsus
3696 1241 3781 1296 hic

2150 1324 2562 1394 agnoscendus
2595 1324 2690 1393 sit,
2724 1342 2919 1380 errore
2949 1329 3147 1381 tamen
3179 1325 3238 1380 in
3273 1327 3476 1383 omnia
3509 1328 3783 1402 exempla-

2152 1412 2239 1466 ria
2267 1411 2501 1467 diﬂ‘uso.

2227 1500 2283 1557 P.
2339 1502 2464 1556 467.
2497 1502 2690 1573 Δῶρόα
2752 1501 2850 1574 μὶτ
2895 1499 3074 1560 δέκνο.
3123 1509 3377 1576 Sumpta
3425 1505 3544 1561 haec
3596 1512 3681 1563 est
3727 1523 3787 1562 ex

2155 1590 2401 1645 Homero
2467 1590 2630 1646 Iliad.
2690 1590 2756 1665 β’,
2814 1609 2867 1648 V.
2928 1594 3064 1649 42οε
3098 1590 3253 1648 Ἀλλ’
3284 1592 3377 1669 ὅγε
3407 1590 3656 1666 δέκτομὶν
3686 1594 3784 1670 ἱρὰ,

2155 1674 2349 1730 πόντον
2382 1673 2429 1730 δ’
2462 1678 2767 1753 ἀμέγαρτον
2815 1675 3065 1756 ὄφελλεν.
3121 1684 3287 1737 Unde
3335 1689 3393 1739 et
3450 1685 3785 1740 correximus

2159 1766 2310 1836 quod
2344 1766 2403 1820 in
2439 1784 2550 1821 ms.
2581 1767 2788 1823 vitiose
2817 1767 3122 1839 legebatur
3161 1767 3433 1846 ὤφελλεν.

2234 1854 2315 1925 [Ρ.
2350 1855 2475 1926 479]
2522 1860 2583 1911 Ρ.
2635 1857 2756 1911 469.
2807 1857 3109 1913 Oraculum
3162 1860 3503 1932 insculptum
3564 1876 3788 1916 marmo-

2158 1942 2232 2011 ri,
2292 1951 2398 1998 etc.
2470 1943 2589 1999 Hoc
2666 1945 2967 2001 oraculum
3024 1947 3310 2019 Gregoras
3357 1949 3631 2005 describit
3675 1948 3711 2004 1.
3742 1966 3789 2016 ν,

2158 2048 2214 2102 p.
2241 2032 2338 2087 67.
2380 2036 2495 2087 Nos
2526 2032 2622 2087 hic
2654 2033 2799 2089 illud
2824 2051 2893 2090 ex
2926 2037 3188 2107 margine
3240 2038 3464 2093 codicis
3513 2036 3792 2093 Barberini

2158 2126 2649 2191 repraesentamue
2693 2138 2827 2178 cum
2878 2125 3114 2181 nomine
3173 2128 3434 2184 auctoris
3484 2145 3517 2183 a
3561 2128 3795 2199 Gregora

2157 2210 2345 2279 taciti,
2406 2212 2581 2266 etiam
2630 2212 2806 2285 paulo
2855 2215 3107 2270 auctius.
3140 2216 3283 2271 Nam
3350 2218 3471 2274 haec
3529 2219 3692 2273 verba
3715 2214 3793 2270 καὶ

2157 2298 2220 2353 τὸ
2250 2300 2378 2372 παρ’
2408 2298 2741 2373 Ἡρακλείου
2772 2298 3070 2378 πολίχνιον
3104 2307 3258 2376 apud
3321 2311 3632 2381 Gregoram
3688 2324 3791 2362 non

2160 2394 2523 2460 comparent.

2285 2478 2440 2534 688
2479 2477 2651 2541 Οὗτος
2689 2481 2718 2535 ὁ
2758 2481 3016 2555 χρησμὸς
3056 2482 3363 2539 Παυσανίου
3402 2482 3681 2560 προέδρου.

2161 2568 2276 2635 Τῆς
2335 2562 2393 2620 δὶ
2446 2566 2663 2629 πόλεως
2690 2568 2990 2643 Τράλλεων
3019 2571 3082 2625 τὸ
3111 2569 3327 2634 κάλλος
3358 2573 3579 2649 χρόνοις
3614 2574 3791 2629 έσεῖται

2160 2649 2538 2728 σϐεννύμενον.
2585 2656 2663 2713 Τὸ
2723 2655 2781 2711 δὲ
2837 2655 3150 2714 πολλοστὸν
3203 2660 3414 2732 ταύτης
3468 2662 3794 2740 καταλειφθὲν

2158 2740 2211 2797 ἐν
2274 2742 2526 2804 ὑστάτοις
2584 2742 3031 2820 έμφοϐηθήσεται
3079 2751 3398 2822 (Gregoras
3452 2754 3591 2825 legit
3618 2747 3795 2821 ἐκϐοη-

2161 2832 2383 2902 θήσεται
2430 2827 2570 2887 ἔθνει
2616 2834 2859 2910 ἆνάρχῳ,
2913 2836 3258 2908 ἀλωθήσεται
3315 2842 3619 2915 (Gregoras
3663 2839 3794 2896 ἀλώ-

2164 2924 2333 2994 σεται)
2392 2918 2449 2976 δὲ
2512 2919 2769 2995 οὐδαμῶς
2805 2968 2819 2981 .
2899 2926 3027 2981 Εἶτα
3104 2926 3614 3000 ἀνακαινισθήσεται
3669 2928 3799 3004 παρὰ

2165 3007 2395 3065 δυνατοῦ
2470 3010 2818 3085 Νικωνύμου,
2885 3013 2944 3075 ’ὀς
3019 3014 3301 3085 ὀκταπΛῆν
3381 3016 3594 3094 ἀγλαῶς
3656 3013 3799 3071 ένάὃα

2165 3101 2477 3172 (Gregoras
2533 3097 2722 3154 ἐννάδα
2778 3107 2835 3158 et
2893 3104 2953 3158 in
3007 3105 3270 3176 margine
3334 3103 3573 3179 ἐννεάδα)
3634 3106 3799 3181 βιώσει

2166 3184 2387 3253 δίσκων,
2458 3185 2547 3240 καὶ
2625 3188 2744 3261 τρὶς
2818 3188 2953 3243 ἑπτὰ
3023 3189 3243 3245 κύκλων
3322 3194 3487 3248 πόλιν
3557 3191 3800 3248 ’Λττάλου

2088 3256 2132 3324 (ἶ
2170 3275 2511 3349 λαμπρυνεῖ,
2569 3256 2667 3330 καὶ.
2716 3277 2777 3331 τὸ
2834 3280 2968 3352 παρ’
3019 3279 3352 3354 Ἡρακλείου
3408 3279 3711 3356 πολίχνιον
3761 3279 3800 3350 ᾧ

2169 3362 2261 3417 καὶ
2340 3362 2533 3425 πόλεις
2616 3363 2858 3439 ἑσπέριαι
2949 3368 3315 3443 ὑποκύψουσι,
3394 3370 3483 3425 καὶ
3552 3370 3801 3445 ἀγέρωχοι

2174 3450 2635 3523 ὑποκλιθήσονται
2668 3451 2966 3518 παιδικῶς.

2411 3573 2520 3627 Hoc
2547 3576 2622 3627 est
2654 3574 2942 3629 oraculum
2972 3575 3267 3631 Pausaniae
3294 3578 3583 3648 praesidis.

2176 3668 2336 3724 Urbis
2379 3685 2512 3724 vero
2548 3671 2815 3725 Trallium
2844 3671 3006 3727 decus
3053 3673 3394 3745 temporibus
3441 3675 3545 3731 erit
3582 3673 3797 3731 exstinc-

2170 3762 2309 3812 tum.
2340 3759 2540 3813 Tenues
2568 3764 2755 3815 tamen
2782 3760 2900 3827 eius
2931 3762 3183 3833 reliquiw
3221 3764 3282 3818 in
3329 3765 3545 3820 ultimis
3583 3766 3800 3820 exterre-

2173 3848 2385 3901 buntur
2410 3865 2443 3902 a
2473 3857 2636 3920 gente
2661 3850 2784 3904 sine
2832 3850 3156 3922 principatu
3187 3868 3200 3906 :
3231 3856 3289 3907 at
3320 3869 3660 3926 nequaquam
3714 3867 3803 3906 ca-

2171 3939 2397 4009 pientur
2428 3981 2441 3993 .
2475 3940 2856 3995 Renovabitur
2882 3947 3065 3997 autem
3089 3960 3129 3998 a
3158 3951 3386 4010 potente
3412 3948 3505 4001 cui
3532 3962 3569 4001 a
3598 3943 3806 4000 victoria

2172 4042 2389 4082 nomen.
2426 4027 2534 4096 Qui
2558 4034 2819 4101 octuplex
2840 4030 3126 4101 splendide
3154 4037 3527 4090 novenarium
3558 4035 3688 4088 vivet
3728 4027 3801 4083 di-

2172 4115 2411 4181 ⁸εονιιηι,
2442 4122 2497 4172 et
2526 4126 2610 4173 ter
2637 4126 2843 4190 septem
2896 4121 3112 4175 orbium
3148 4123 3433 4179 civitatem
3477 4122 3645 4179 Attali
3687 4120 3803 4175 illu-

2174 4205 2398 4274 slrabil,
2432 4208 2481 4259 et
2511 4206 2651 4277 quod
2677 4206 2745 4260 ab
2777 4208 3039 4263 Heraclio
3069 4208 3400 4279 oppidulum
3427 4229 3439 4279 ;
3465 4213 3557 4267 cui
3585 4212 3633 4265 et
3664 4206 3804 4262 urbes

2178 4291 2442 4349 Occiduae
2482 4293 2860 4364 subjacebunt,
2920 4298 2973 4351 et
3022 4298 3232 4367 feroces
3286 4299 3648 4372 subjicientur
3690 4307 3815 4367 ρυθο.

2178 4380 2281 4436 rili
2286 4390 2385 4438 ter.

2250 4471 2458 4540 Vertit,
2490 4477 2554 4528 ut
2586 4472 2644 4528 in
2677 4473 2930 4530 oraculis
2961 4475 3086 4531 fieri
3116 4477 3309 4543 debet,
3359 4476 3497 4533 κατᾶ
3539 4473 3691 4542 πόδα,
3736 4470 3794 4527 ad

423 4550 547 4604 dem
569 4545 877 4612 sententiae,
910 4553 970 4638 ut
996 4546 1054 4597 in
1090 4543 1341 4638 Εεριεδία
1374 4546 1612 4638 Romana
1646 4548 1908 4602 recitetur
1932 4546 2074 4603 sicut
2115 4632 2148 4638 _
2184 4561 2425 4617 verbum
2467 4561 2737 4633 singulos
2787 4564 3120 4636 exprimens
3155 4567 3374 4638 apices,
3425 4567 3713 4624 Judicium
3747 4560 3801 4614 d6

424 4652 516 4694 vos
547 4634 760 4727 dicitis,
792 4639 847 4688 et
901 4632 1178 4727 Orientali
1207 4639 1267 4688 ut
1319 4650 1417 4689 nos
1466 4633 1575 4707 ipsi
1627 4637 1887 4706 dicimus,
1919 4642 2086 4709 atque
2115 4632 2159 4697 D
2190 4650 2320 4722 ipso
2369 4632 2669 4718 ναιίοίιῇίο,
2722 4632 3005 4709 vel-{mne
3050 4655 3128 4710 sit
3177 4632 3247 4711 ἑο
3284 4657 3511 4723 ﬁctum,
3541 4654 3689 4727 quod
3719 4665 3798 4706 ευ-

425 4729 509 4783 ita
538 4723 857 4794 faciendum
886 4726 1168 4778 unionem.

503 4838 561 4889 l‘.
621 4833 748 4887 467.
806 4827 885 4886 Οὔ
962 4825 1263 4904 προΐσχετο
1320 4829 1467 4892 ὅλως
1553 4827 1690 4900 αὕτη
1745 4834 1853 4885 τῶν
1909 4832 2071 4906 ἱερῶν

424 4919 758 4997 πραγμάτων
827 4917 1060 4990 ἀνάξιον.
1152 4920 1299 4975 Hinc
1382 4926 1626 4992 apparet
1707 4921 2075 4978 existimasse

426 5014 658 5068 Graecos
716 5012 773 5063 in
843 5006 1097 5063 formula
1128 5007 1518 5065 abdicationis
1549 5015 1651 5065 aut
1689 5010 2073 5082 depositionis

428 5102 680 5171 alicujus
715 5116 782 5154 ex
812 5096 1132 5169 episcopali
1162 5096 1449 5168 dignitate
1482 5100 1837 5169 necessario,
1870 5105 1935 5155 ut
1972 5117 2073 5154 va-

429 5191 548 5244 lida
571 5190 929 5251 conseretur,
972 5184 1219 5255 exprimi
1241 5185 1474 5253 debere,
1505 5204 1639 5242 eum
1674 5188 1774 5258 qui
1825 5188 2072 5259 deponi-

431 5286 526 5333 tur
554 5276 863 5346 indignum
885 5291 950 5328 eo
980 5272 1106 5328 loco
1137 5278 1195 5328 et
1224 5273 1491 5345 ineptum
1522 5276 1714 5331 officio
1745 5292 1894 5331 esse.
1938 5277 2073 5340 Quae

429 5384 607 5423 causa
640 5364 752 5419 fuit
778 5362 988 5418 Nicetis
1011 5361 1654 5433 episcopolleracleensi
1677 5365 1859 5420 misso
1891 5382 1924 5418 a
1944 5382 2075 5437 syn-

428 5462 535 5514 odo
596 5454 667 5508 ad
726 5451 1041 5506 Arsenium
1099 5452 1509 5521 patriarcham,
1572 5458 1880 5526 postquam
1908 5454 1957 5509 is
1999 5454 2072 5508 ab

427 5543 676 5603 ecclesia
707 5540 939 5612 fugiens
970 5539 1028 5593 in
1064 5541 1485 5597 monasterium
1518 5546 1862 5611 recesserat,
1907 5546 1972 5597 ut
2000 5542 2074 5596 ab

426 5652 494 5691 eo
542 5629 864 5687 cessionem
923 5626 1358 5699 patriarchatus
1406 5631 1681 5702 exigeret,
1733 5647 1932 5701 causa,
1982 5632 2072 5685 in-

428 5736 628 5792 quam,
659 5719 784 5775 haec
832 5717 885 5772 ei
935 5714 1191 5770 instandi
1242 5720 1309 5773 ut
1338 5716 1399 5773 in
1453 5718 1706 5775 formula
1749 5719 2072 5777 abdicatio-

2182 4738 2438 4809 spicatos
2458 4743 2516 4793 et
2539 4738 2951 4810 Pachymerem
2974 4745 3032 4796 et
3061 4741 3377 4814 Gregoram
3410 4744 3596 4807 video,
3626 4746 3734 4796 tum
3764 4732 3804 4789 si

2181 4843 2406 4896 verum,
2460 4844 2577 4899 quo
2626 4830 2753 4897 ejus
2794 4822 3061 4889 ἀπόϐασις
3108 4831 3420 4902 pertineat,
3488 4829 3679 4887 lectori
3729 4840 3806 4881 re—

2181 4914 2385 4986 linquo
2411 4916 2730 4987 integrum.

2255 5008 2320 5059 P.
2355 5005 2478 5058 470.
2529 5006 2591 5060 In
2648 5004 2783 5074 fatis
2837 5010 2976 5062 erat.
3038 5006 3178 5063 Vide
3234 5024 3361 5079 quae
3393 5007 3715 5065 notavimus
3742 4998 3801 5055 ad

2185 5112 2240 5166 p.
2275 5095 2378 5149 104
2399 5100 2457 5149 et
2486 5096 2609 5165 139,
2645 5095 2783 5149 item
2817 5097 2887 5151 ad
2923 5113 2979 5167 p.
3029 5098 3179 5167 229;
3232 5100 3446 5170 quibus
3495 5095 3803 5153 haereticam

2183 5184 2513 5240 doctrinam
2566 5183 2760 5239 fatalia
2821 5186 3188 5242 necessitatis
3227 5188 3476 5243 liberum
3521 5182 3802 5242 arbitrium

2183 5273 2527 5345 perimentis
2568 5273 2904 5345 rejecimus,
2952 5275 3001 5331 si
3053 5276 3198 5332 forte
3240 5277 3335 5331 hic
3382 5276 3541 5332 illam
3582 5272 3807 5340 scriptor

2183 5362 2596 5418 schismaticus
2627 5363 2945 5417 indicatam
2970 5363 3160 5427 vellet,

2252 5457 2314 5508 P.
2350 5451 2691 5509 478.Edicti
2744 5454 3041 5510 sententia.
3103 5454 3347 5510 Videtur
3402 5455 3509 5509 hoc
3565 5450 3798 5506 edictum

2181 5544 2502 5614 imperator
2531 5542 2839 5597 inchoasse
2868 5542 2940 5596 ab
2970 5540 3092 5599 illis
3120 5544 3177 5599 S.
3198 5542 3454 5613 Gregorii
3482 5530 3800 5596 Nazianzeni

2179 5630 2374 5687 verbis
2400 5646 2529 5702 quae
2560 5629 2643 5685 sic
2674 5630 2734 5686 in
2765 5630 3026 5686 oratione
3053 5636 3259 5688 contra
3304 5628 3687 5686 Eunomianos
3723 5620 3801 5675 le-

2180 5722 2400 5792 guntur
2429 5735 2487 5790 p.
2518 5718 2625 5775 195
2644 5722 2704 5775 et
2732 5719 2835 5774 106
2863 5719 2958 5776 ed.
3002 5719 3183 5777 Graec.
3233 5719 3519 5779 Basileens
3544 5733 3557 5771 :
3584 5713 3798 5781 Μνημο-
