4072 6394
277 429 421 485 1145

1870 429 2100 486 ΝΟΤΒ.

3551 438 3690 495 1146

276 554 486 609 νευτὲον
544 555 647 628 γὰρ
706 557 838 608 Θεοῦ
910 552 1124 628 μᾶλλον
1174 554 1210 624 ἢ
1294 555 1706 612 ἄναπνευστὲον.
1766 555 1928 622 Quod

2046 553 2138 610 hic
2165 557 2374 628 positis
2408 563 2600 631 potest
2647 563 2854 618 astrui.
2889 563 3057 620 Prius
3099 569 3189 622 est
3235 564 3684 622 Constantinum

277 647 557 718 deinceps
578 645 671 700 hic
690 645 1010 702 historicus
1040 646 1237 718 culpat
1259 649 1647 704 orthodoxum
1676 647 1927 719 patriar-

281 736 453 792 cbam
487 737 754 801 Veccum,
790 736 929 806 quia
973 736 1022 790 is
1055 737 1288 806 scriptis
1331 738 1592 794 refellere
1631 737 1925 792 schisma-

283 826 432 880 ticos
484 823 561 879 sit
603 840 939 895 aggressus,
991 825 1381 881 schismaticae
1421 827 1676 897 loliginis
1715 842 1927 881 succus

281 918 388 975 est,
447 912 608 968 nullo
652 913 795 968 satis
853 919 1116 985 specioso
1163 917 1402 971 tectorio
1453 916 1684 972 lividam
1753 915 1928 970 mali-

280 1004 574 1076 gnitatem
605 1003 826 1059 velans.
869 1005 1072 1075 Itaque
1119 1005 1337 1061 oblitus
1388 1023 1566 1078 quam
1619 1005 1929 1077 magniﬁce

279 1096 455 1148 antea
487 1093 883 1164 praadicaverit
906 1093 1160 1149 nobilem
1195 1100 1250 1149 et
1279 1095 1524 1151 liberam
1556 1095 1726 1150 Vecci
1762 1095 1930 1150 indo—

277 1183 393 1238 lem
430 1183 502 1238 ab
533 1181 694 1238 omni
725 1181 1006 1237 adulandi
1057 1184 1339 1238 servitute
1369 1185 1928 1254 disjunctissimam,

282 1287 462 1338 nunc,
497 1271 545 1326 si
587 1271 819 1342 superis
860 1271 1050 1343 placet
1097 1290 1228 1328 eum
1266 1273 1500 1329 exhibet
1530 1279 1700 1328 Persa
1722 1274 1928 1345 quovis

281 1361 660 1430 abjectiorem
716 1361 772 1415 in
819 1363 1192 1431 assentendo,
1243 1364 1552 1434 prodigum
1593 1363 1925 1432 titulorum,

279 1456 336 1506 et
368 1450 514 1505 nihil
549 1450 660 1505 sibi
696 1450 1004 1506 facientem
1033 1451 1244 1523 reliqui
1289 1451 1348 1506 in
1381 1453 1712 1508 extollendo
1745 1453 1930 1509 hono-

278 1538 444 1594 ribus
496 1539 772 1594 indebitis
825 1540 1204 1610 Ephesinum,
1255 1542 1424 1612 cujus
1483 1559 1659 1613 opera
1713 1552 1928 1615 egeret,

276 1628 627 1694 antistitem,
671 1645 784 1699 quo
836 1629 915 1684 ita
955 1630 1066 1684 sibi
1121 1646 1257 1686 eum
1307 1631 1654 1688 devinciret.
1697 1632 1926 1700 Scribit,

277 1717 470 1788 inquit
505 1735 559 1789 p.
587 1718 711 1786 479,
763 1718 832 1772 ad
881 1719 1236 1789 Ephesinum,
1287 1737 1534 1792 eumque,
1580 1733 1641 1778 ut
1680 1724 1798 1793 ipsa
1835 1723 1930 1777 in-

279 1806 585 1877 scriptione
631 1807 1028 1876 demereretur,
1076 1826 1186 1865 non
1227 1810 1557 1882 simpliciter
1612 1811 1930 1885 ἱερώτατον,

2051 644 2202 701 hunc
2224 663 2492 704 aversum
2521 667 2582 706 se
2605 668 2638 706 a
2661 669 2800 724 pace
2833 653 3218 710 Ecclesiarum
3243 654 3439 727 palam
3481 654 3688 710 tulisse

2046 737 2201 806 quod
2236 754 2347 791 non
2381 743 2469 792 est
2500 740 2820 797 verisimile
2877 744 3170 798 facturum
3224 761 3380 813 eum,
3414 743 3462 798 si
3522 749 3689 815 pater

2044 826 2194 894 ejus,
2255 828 2416 896 pacis
2464 830 2590 899 ejus
2642 832 2811 900 quasi
2861 837 3065 887 auctor
3120 839 3178 888 et
3241 834 3686 905 studiossimus,

2043 915 2282 970 viveret.
2331 917 2618 986 Alterum,
2665 918 3077 991 imperatorem
3128 923 3505 977 Constantino
3555 940 3687 978 suc-

2045 1009 2379 1060 censentem
2413 1023 2478 1061 eo
2505 1008 2739 1062 nomine
2762 1013 2898 1077 irem
2929 1010 2999 1064 ad
3054 1019 3275 1082 patrem
3306 1011 3537 1081 juvenis
3571 1029 3686 1067 non

2045 1091 2325 1147 detulisse
2355 1099 2411 1148 et
2431 1095 2481 1150 ei
2507 1095 2691 1150 filium
2717 1097 3127 1169 castigandum
3155 1118 3264 1155 non
3292 1099 3680 1156 commisisse.

2041 1181 2153 1236 Sed
2187 1184 2255 1236 ad
2288 1183 2543 1253 primum
2578 1185 2829 1241 dicimus
2861 1191 3076 1242 mirum
3103 1205 3215 1243 non
3241 1205 3369 1244 esse
3400 1189 3686 1244 Constan-

2043 1271 2231 1326 tinum
2266 1290 2298 1326 a
2347 1277 2510 1344 patre
2558 1273 2933 1342 dissensisse,
2967 1294 3099 1332 cum
3150 1278 3421 1348 superius
3467 1278 3685 1350 Pachy-

2043 1377 2233 1416 meres
2257 1361 2520 1417 docuerit
2543 1364 2600 1417 in
2626 1365 2876 1435 singulis
2896 1366 3076 1422 ferme
3095 1371 3234 1422 tunc
3262 1367 3499 1422 familiis
3523 1368 3684 1438 paria

2042 1451 2377 1521 contigisse.
2412 1451 2578 1506 Certe
2612 1452 2669 1507 in
2704 1453 2832 1526 ipsa
2861 1456 3238 1527 imperatoria
3267 1456 3537 1512 videmus
3570 1459 3682 1511 Eu-

2041 1538 2257 1610 logiam
2290 1539 2590 1597 Michaelis
2615 1544 2861 1613 Augusti
2893 1561 3234 1616 germanam
3267 1545 3680 1601 charissimam

2043 1627 2236 1699 palam
2270 1631 2328 1684 in
2361 1629 2556 1701 ipsum
2588 1633 2662 1686 ob
2696 1649 2897 1703 pacem
2929 1635 3142 1689 factam
3186 1633 3600 1701 insurrexisse,
3629 1638 3686 1689 et

2044 1717 2190 1772 alios
2206 1720 2676 1790 consanguineos
2698 1721 2874 1777 etiam
2904 1740 3092 1794 usque
3123 1724 3193 1778 ad
3219 1739 3689 1787 carceres,excze-

2045 1807 2301 1863 cationes
2331 1813 2388 1863 et
2419 1826 2616 1864 necem
2646 1810 2836 1881 ipsam
2891 1812 3222 1882 pertinaces
3277 1815 3334 1866 in
3369 1811 3692 1866 schismate

281 1898 381 1966 qiu
412 1897 545 1950 solet
589 1896 786 1952 titulus
830 1897 1096 1969 episcopis
1154 1900 1350 1970 tribui,
1395 1902 1490 1956 sed
1526 1901 1928 1975 πανιιρώτατον
1972 1925 2016 1989 Β
2047 1897 2248 1952 fuisse.
2313 1899 2394 1952 Ad
2465 1901 2786 1954 secundum
2848 1902 3172 1971 respondeo
3233 1902 3376 1956 forte
3434 1901 3692 1956 abfuisse

286 1987 354 2040 in
381 1990 562 2057 fronte
593 1987 912 2042 litterarum
932 1998 1231 2060 nuncupat.
1267 1993 1350 2046 Ita
1383 1991 1768 2062 Pachymeres
1793 2010 1807 2060 ;
1831 1994 1932 2063 qui

281 2076 510 2132 videtur
542 2079 660 2132 haec
694 2077 964 2134 scribens
1005 2095 1308 2149 nunquam
1359 2080 1573 2151 legisse
1622 2081 1841 2137 librum
1873 2083 1932 2138 in

285 2165 504 2222 Graacia
535 2167 1268 2240 notissimum,Liturgiam
1289 2169 1706 2242 Chrysostomi.
1734 2173 1794 2226 In
1819 2188 1937 2243 qua

287 2256 567 2311 sacerdos
623 2255 926 2311 celebrans
971 2273 1110 2312 voce
1159 2257 1394 2314 sublata
1450 2260 1592 2314 dicit
1639 2261 1932 2330 μνήσθητι,

283 2341 467 2416 Κύριε,
525 2341 936 2418 πανιιρωτᾶτου
978 2343 1397 2420 μητροπολίτου
1429 2349 1583 2404 684
1614 2349 1798 2419 ἡμῶν,
1839 2353 1935 2404 τοῦ

284 2429 502 2494 δεῖνοςε
535 2437 824 2504 Memento,
875 2435 1123 2494 Domine.
1159 2436 1565 2509 πανιιρωτάτου
1612 2440 1932 2510 metropoli-

282 2527 358 2580 la'?
409 2523 588 2578 nostri
623 2525 686 2578 Ν.
749 2524 817 2578 Et
864 2524 1080 2579 iterum
1131 2542 1264 2580 mox
1313 2528 1410 2578 τοῦ
1438 2523 1612 2587 δεῖνος
1661 2547 1934 2602 πανιερω-

280 2609 448 2666 titan
509 2609 925 2685 μητροπολίτου
984 2611 1020 2680 ἢ
1077 2611 1378 2668 ἐπισκόπου
1437 2613 1587 2678 ὅστις
1644 2613 1704 2670 ἂν
1763 2618 1822 2687 ᾗ,
1863 2620 1932 2675 Ν.

285 2703 665 2773 panhierolali
691 2703 1056 2774 metropolilae
1085 2711 1186 2758 aut
1215 2703 1472 2775 episcopi,
1501 2708 1812 2778 quicunque
1839 2709 1932 2764 sit.

286 2792 450 2857 Quod
484 2790 534 2845 si
566 2792 928 2847 sacerdotem
955 2792 1261 2848 facientem
1303 2795 1373 2848 ad
1399 2800 1648 2862 aram,et
1677 2796 1735 2851 in
1771 2815 1932 2855 sacro

285 2884 494 2935 ornatu
525 2879 745 2936 Christi
779 2897 1086 2951 personam
1121 2887 1660 2952 repraesentantem,
1681 2903 1795 2941 non
1828 2888 1931 2943 de-

285 2969 453 3024 decet
498 2969 910 3042 πανιερωτάτου
955 2971 1182 3026 deferre
1233 2971 1468 3027 titulum
1522 2972 1762 3029 cuilibet
1807 2976 1931 3046 epi-

291 3075 488 3129 scopo,
523 3059 657 3129 quis
692 3059 1036 3130 patriarchae
1087 3059 1341 3129 privatas
1385 3062 1607 3118 litteras
1640 3065 1710 3118 ad
1747 3065 1932 3135 Ephe-

289 3148 431 3203 since
451 3147 874 3218 antiquissimae
907 3153 962 3204 et
993 3148 1461 3207 honoratissimae
1516 3153 1673 3209 sedis
1706 3154 1935 3209 antisti-

288 3240 402 3290 tem
429 3235 589 3290 danti
620 3241 787 3306 putet
817 3238 955 3292 vitio
997 3240 1339 3294 vertendum
1381 3241 1430 3295 si
1463 3240 1562 3296 tali
1595 3259 1728 3297 eum
1763 3242 1934 3300 titulo

288 3323 371 3394 [P.
405 3325 528 3394 480]
553 3325 1037 3394 compellaverit?
1060 3327 1208 3398 Ergo
1235 3327 1349 3383 alia
1386 3329 1620 3400 quidem
1646 3331 1931 3388 schisma-

283 3412 384 3466 tici
431 3413 714 3482 objicient
757 3413 966 3482 Vecco,
999 3416 1052 3470 si
1101 3416 1356 3473 habent:
1408 3415 1541 3488 αὕτη
1593 3418 1694 3494 γὰρ
1744 3421 1778 3489 ἡ
1825 3421 1932 3491 μή-

288 3519 315 3572 ρ
328 3511 470 3562 ινθος
501 3497 655 3554 οὐδὲν
679 3497 895 3557 ἔσπασε.

355 3594 418 3645 Ρ.
466 3591 589 3647 l182.
642 3593 946 3646 Enimvero
996 3593 1403 3663 mandatorum,
1461 3601 1568 3652 etc.
1620 3600 1770 3656 Satis
1829 3622 1937 3659 au-

283 3679 504 3745 dacter,
541 3697 612 3736 ne
651 3681 840 3736 dicam
885 3681 1260 3751 impudenter
1289 3688 1345 3738 et
1399 3685 1575 3757 impie
1600 3689 1937 3747 schismati-

285 3783 392 3822 cus
407 3768 499 3822 hic
524 3768 775 3839 scriptor
792 3774 1026 3824 sanctos
1044 3769 1310 3825 Ecclesiae.
1325 3777 1524 3828 Patres
1544 3776 1937 3835 scandalorum

286 3873 619 3925 magnorum
647 3875 856 3913 causas
887 3858 1121 3914 dedisse
1144 3859 1246 3925 ait,
1283 3862 1422 3916 dum
1457 3879 1690 3919 sacrum
1724 3867 1939 3938 dogma

286 3947 357 4000 de
393 3947 762 4015 processione
786 3947 1041 4019 Spiritus
1059 3949 1246 4004 sancti
1269 3965 1340 4004 ex
1375 3954 1543 4007 Patre
1577 3969 1676 4022 per
1700 3954 1933 4027 Filium,

284 4034 396 4090 hoc
425 4040 514 4089 est
545 4034 723 4090 simul
773 4036 950 4091 etiam
1000 4053 1064 4091 ex
1116 4037 1282 4105 Filio,
1326 4044 1479 4095 recte
1528 4045 1586 4096 et
1618 4043 1936 4103 orthodoxe

282 4121 837 4193 explicant.Quanto
881 4122 1208 4193 sapientius
1249 4125 1537 4194 faceret,si
1565 4144 1700 4184 cum
1726 4133 1934 4201 Vecco,

280 4227 456 4282 quem
492 4210 586 4265 hic
619 4211 918 4267 immerito
970 4213 1562 4284 culpat.exserentem
1614 4235 1675 4273 se
1723 4222 1937 4277 verita-

278 4304 422 4362 tem,
459 4315 638 4370 quam
683 4301 848 4370 prius
880 4300 1276 4370 ignoraverat.
1323 4305 1680 4378 admitteret,
1712 4313 1768 4364 et
1799 4327 1933 4368 cum

278 4387 500 4443 Latinis
533 4388 903 4459 profiteretur
948 4406 1066 4445 rem
1098 4407 1132 4444 a
1161 4391 1288 4448 suis
1332 4392 1480 4464 ipsis
1504 4396 1717 4453 Grecis
1749 4399 1933 4455 Patri-

280 4477 415 4547 bus,
451 4482 516 4532 ut
547 4477 764 4532 fatetur
802 4478 926 4548 ipse
975 4495 1234 4550 quoque,
1291 4482 1602 4539 manifeste
1633 4487 1933 4545 traditam.

353 4567 414 4621 P.
441 4567 565 4621 484.
621 4567 719 4622 Illi
763 4583 894 4638 ergo
941 4567 1103 4623 ambo
1141 4570 1246 4623 soli
1299 4571 1565 4639 gloriam,
1621 4579 1727 4631 etc.
1771 4576 1931 4640 Quod

282 4655 379 4711 hic
410 4655 820 4712 videslaudari
853 4656 1180 4728 pertinaces
1203 4656 1262 4713 in
1293 4638 1613 4718 schismate
1646 4638 1830 4734 usque
1860 4670 1932 4723 ad
1969 4638 2012 4702 Β

284 4744 725 4816 perpetiendam
769 4745 1142 4802 eﬂ‘ossionem
1177 4747 1509 4816 oculorum,
1539 4749 1768 4824 imputa
1797 4755 1936 4813 vitio

284 4833 546 4889 historici
573 4834 788 4906 palam,
823 4839 887 4889 ut
933 4835 1155 4891 dictum
1187 4840 1299 4902 est,
1351 4838 1660 4896 schismati
1693 4842 1934 4900 addicti.

286 4924 353 4979 Et
386 4926 679 4995 pertinere
709 4925 824 4982 huc
878 4931 1016 4998 puta
1060 4927 1298 4998 sapiens
1345 4931 1584 4985 effatum
1615 4933 1804 4988 sancti
1832 4938 1937 5008 Cy-

284 5013 498 5085 priani,
531 5015 854 5084 haereticos,
907 5015 1008 5086 qui
1058 5034 1161 5088 pro
1193 5018 1284 5073 sui
1333 5020 1546 5074 erroris
1597 5021 1936 5080 defensione

284 5104 414 5158 dira
450 5109 771 5160 mortemve
821 5112 1182 5177 paterentur,
1236 5125 1350 5163 non
1383 5108 1631 5180 gloriam
1667 5115 1932 5185 martyrii

283 5193 519 5260 mereri,
554 5195 651 5248 sed
689 5211 919 5265 pmnam
957 5195 1114 5250 luere
1146 5197 1420 5266 perﬁdiae.

355 5281 414 5336 P.
447 5282 571 5335 495.
614 5282 1070 5339 Constantinum
1119 5286 1513 5356 Acropolitam
1562 5305 1598 5342 α
1627 5299 1788 5359 patre
1809 5308 1931 5348 ma-

274 5386 383 5439 gno
444 5371 714 5440 logothela
772 5376 1080 5442 acceptum.
1148 5373 1343 5429 Videri
1396 5376 1611 5446 poterit
1669 5379 1929 5450 cuipiam

278 5460 594 5530 Georgium
652 5461 1043 5532 Acropolitam
1096 5480 1378 5535 magnum
1414 5464 1770 5536 logothetam
1823 5469 1929 5525 hoc

275 5553 542 5620 tempore
564 5551 690 5620 jam
726 5550 908 5606 fuisse
941 5557 1262 5608 mortuum.
1297 5554 1359 5609 Id
1406 5555 1564 5611 enim
1597 5573 1666 5612 ex
1696 5558 1930 5617 duobus

349 5763 428 5834 (1)
461 5763 548 5819 Cf.
578 5762 718 5819 Obs.
753 5764 822 5819 ad
861 5765 1173 5824 Andronis.
1207 5767 1246 5824 l.
1279 5785 1344 5837 ιῐ,
1378 5785 1428 5826 c.
1461 5771 1513 5826 1.

2047 1990 2186 2040 tunc
2214 1986 2286 2040 ab
2317 1986 2450 2041 aula
2480 1987 2793 2059 Georgium
2816 2006 3096 2060 magnum
3122 1990 3504 2060 logothetam,
3528 1989 3688 2060 lega-

2047 2076 2204 2130 tione
2236 2075 2436 2146 aliqua
2476 2075 2562 2131 vel
2623 2077 2961 2147 provinciali
3012 2079 3356 2149 przrfectura
3411 2079 3549 2134 alibi
3585 2097 3689 2134 us-

2049 2163 2203 2234 piam
2225 2165 2546 2220 detentum.
2573 2165 2972 2235 Supervixisse
3005 2185 3173 2237 porro
3198 2167 3360 2222 illum
3396 2167 3688 2235 Michaeli,

2047 2258 2104 2308 et
2132 2254 2203 2307 ab
2236 2254 2572 2309 Andronico
2606 2260 2844 2326 propter
2874 2256 3230 2327 legationem
3280 2257 3350 2310 ad
3394 2273 3605 2327 papam
3636 2261 3693 2312 et

2047 2343 2118 2396 ad
2152 2341 2465 2398 concilium
2510 2343 2904 2414 Lugdunense
2949 2345 3098 2402 685
3160 2362 3262 2417 pro
3312 2363 3489 2400 causa
3532 2347 3691 2416 pacis

2045 2431 2267 2486 obitam
2301 2431 2360 2485 in
2392 2447 2684 2487 carcerem
2711 2433 3060 2503 conjectum,
3093 2433 3483 2489 disertissime
3515 2435 3696 2490 tradit

2046 2520 2292 2575 idoneus
2324 2526 2531 2574 auctor
2560 2520 2890 2577 Demetrius
2918 2523 3132 2579 Raules
3154 2524 3405 2578 Cabaces
3454 2541 3522 2577 ex
3569 2523 3690 2578 Ple-

2045 2609 2222 2666 thone
2245 2610 2523 2678 Uemisto,
2577 2612 2678 2681 qui
2732 2611 2925 2666 videre
2974 2611 3167 2682 potuit
3197 2629 3324 2683 qua:
3356 2611 3516 2682 dicit,
3551 2628 3688 2668 cum

2043 2698 2550 2769 Constantinopoli
2597 2699 2709 2754 sub
2759 2700 3038 2755 Michaele
3088 2705 3147 2756 et
3199 2707 3330 2772 post
3372 2700 3528 2755 hunc
3578 2701 3689 2756 sub

2045 2788 2374 2844 Andronico
2411 2789 2633 2855 viverit,
2667 2789 2841 2844 etiam
2867 2807 2899 2844 a
2932 2789 3283 2861 Pachymere
3306 2795 3687 2847 memoratus.

2041 2880 2186 2934 Vide
2220 2896 2345 2950 qua
2379 2877 2710 2934 notavimus
2741 2880 2810 2933 ad
2872 2896 2928 2950 p.
2953 2880 3078 2933 314.

2115 2975 2176 3023 Ρ.
2213 2970 2334 3023 l196.
2379 2971 2440 3023 In
2489 2969 2802 3038 Acropolita
2851 2970 3080 3040 quidem
3110 2968 3419 3025 ulciscendo
3451 2971 3595 3024 iram
3627 2971 3689 3025 in

2040 3062 2311 3131 potestate
2339 3057 2552 3112 habuit.
2595 3057 2725 3112 Scio
2751 3057 2940 3112 visum
2965 3057 3034 3112 iri
3068 3058 3323 3130 cuiqiam
3349 3059 3546 3114 Graeca
3566 3058 3691 3121 illa.

2043 3147 2133 3201 καὶ
2170 3144 2429 3220 κρείττων
2481 3150 2588 3199 τῶν
2645 3147 2761 3200 κατ’
2813 3145 3016 3200 ἐκεῖνον
3047 3147 3136 3201 τὸν
3189 3147 3360 3219 θυμὸν
3419 3145 3537 3220 ἦγε,
3573 3165 3688 3203 non

2048 3238 2104 3292 id
2138 3238 2292 3308 quod
2339 3241 2509 3292 sonat
2555 3237 2764 3304 versio,
2809 3239 2906 3291 sed
2967 3237 3131 3309 quasi
3183 3237 3540 3292 contrarium
3594 3255 3689 3292 so-

2049 3345 2208 3384 nare.
2240 3329 2455 3382 Verum
2489 3328 2851 3382 adversativa
2901 3345 3028 3400 quae
3063 3344 3193 3382 mox
3218 3328 3485 3399 sequitur
3511 3330 3594 3397 τῷ
3629 3323 3686 3379 δὲ

2042 3413 2370 3484 Μουζάλωνι
2401 3415 2490 3469 καὶ
2529 3415 2652 3469 λίαν
2703 3412 3068 3490 χολούμενος,
3119 3417 3227 3471 hoc
3258 3415 3682 3487 intelligiquod

2043 3506 2440 3578 expressimus
2469 3506 2526 3560 in
2547 3505 2841 3578 prioribus
2871 3506 3060 3560 verbis
3093 3506 3334 3576 indicat,
3367 3510 3685 3577 quantum-

2042 3597 2132 3650 vis
2163 3595 2286 3662 illa,
2320 3596 2432 3650 huc
2464 3594 2646 3650 invita
2690 3595 3123 3666 pertrahantnr,
3174 3593 3345 3666 plane
3392 3593 3684 3664 siquidem

2044 3684 2376 3754 significare
2394 3683 2516 3737 vult
2538 3685 2807 3738 auctordi
2821 3701 2981 3738 verso
2999 3701 3061 3738 ac
3078 3684 3193 3738 fere
3211 3682 3499 3738 contrario
3516 3682 3688 3738 modo

2043 3789 2106 3827 se
2139 3774 2396 3843 gessisse
2449 3775 2774 3843 Augustum
2824 3790 2955 3827 cum
3016 3772 3247 3828 duobus
3301 3771 3479 3838 hisce,
3539 3772 3691 3826 Con-

2043 3861 2304 3916 stantino
2337 3860 2670 3930 Acropolita
2700 3867 2753 3914 et
2785 3861 3089 3915 Theodoro
3135 3861 3434 3916 Muzalone
3463 3878 3475 3927 ;
3509 3876 3691 3930 quare

2043 3948 2260 4003 diserte
2296 3948 2600 4003 afﬁrmans
2631 3950 2879 4003 effusam
2933 3949 2992 4004 in
3047 3951 3200 4005 hunc
3251 3951 3322 4004 ab
3382 3965 3448 4004 eo
3502 3953 3689 4004 totam

2043 4037 2422 4093 acerbitatem
2458 4037 2578 4103 iris,
2613 4037 2720 4092 hoc
2753 4038 2880 4109 ipso
2931 4039 3340 4093 necessitatem
3375 4038 3545 4093 nobis
3578 4039 3689 4093 im-

2041 4128 2206 4199 ponit
2232 4125 2597 4198 intelligendi
2631 4126 2838 4182 mitius
2886 4126 3078 4198 egisse
3130 4143 3260 4182 cum
3307 4127 3510 4197 altero,
3543 4134 3595 4181 et
3627 4126 3687 4182 in

2041 4233 2108 4272 eo
2143 4216 2446 4270 multando
2477 4215 2794 4270 iracundia
2826 4216 3069 4270 frzsnum
3102 4215 3434 4284 attraxisse,
3471 4219 3687 4270 utcun-

2041 4323 2156 4379 que
2187 4306 2244 4362 id
2281 4323 2392 4360 non
2427 4304 2582 4361 clare
2610 4307 2924 4377 archetypa
2955 4305 3303 4378 exprimant.
3336 4308 3686 4376 Quanquam

2043 4396 2094 4452 si
2123 4395 2256 4468 quis
2295 4395 2551 4467 penitius
2597 4395 2987 4466 introspiciat,
3031 4395 3260 4451 confido
3288 4394 3688 4466 deprehensu-

2045 4503 2174 4541 rum
2233 4486 2410 4542 etiam
2460 4486 2532 4540 ad
2620 4500 2952 4555 expressem
3013 4502 3046 4539 a
3111 4485 3281 4539 nobis
3339 4484 3690 4540 sententiam

2043 4577 2242 4633 Graeca
2271 4578 2416 4632 satis
2449 4593 2618 4648 posse
2639 4576 3070 4632 accommodari
3089 4576 3187 4648 (1).

2116 4668 2202 4738 [Ρ.
2237 4667 2362 4738 481]
2418 4667 2474 4722 Ρ.
2534 4667 2656 4722 408.
2691 4667 2768 4721 Ad
2806 4667 3038 4721 Montem
3093 4667 3354 4734 Nigrum.
3419 4662 3691 4735 Supplevi

2050 4757 2121 4810 ad
2155 4756 2253 4810 illa
2275 4758 2473 4812 Graeca
2500 4753 2639 4826 πρὸς
2681 4754 2743 4808 τὸ
2780 4751 2947 4826 μέλαν
2990 4754 3341 4810 vocabulum
3375 4747 3500 4826 ὅρος
3529 4769 3691 4806 mon-

2047 4853 2176 4900 tem.
2211 4846 2388 4901 Erant
2419 4845 2476 4900 in
2507 4849 2697 4900 Monte
2735 4844 2901 4916 nigro
2935 4843 3205 4899 monachi
3239 4841 3497 4915 plurimi,
3531 4846 3588 4896 et
3618 4841 3690 4895 ad

2046 4935 2469 5004 capessendam
2505 4933 2883 4989 monasticam
2911 4932 3331 5004 professionem
3367 4944 3693 4985 accommo-

2045 5023 2220 5078 datus
2289 5023 2385 5078 ille
2444 5022 2629 5078 locus.
2693 5024 2894 5093 Itaque
2964 5020 3082 5075 illic
3157 5019 3480 5074 monachus
3549 5017 3692 5072 olim

2043 5113 2265 5168 vixerat
2320 5116 2648 5167 Germanus
2703 5116 2905 5181 postea
2961 5107 3314 5180 patriarcha,
3375 5112 3436 5161 ut
3497 5112 3698 5161 noster

2043 5201 2234 5268 docet,
2262 5219 2316 5272 p.
2350 5201 2490 5268 280;
2552 5199 2918 5254 Theodosius
2966 5197 3106 5252 item
3154 5197 3448 5268 princeps,
3482 5195 3694 5251 deinde

2043 5291 2378 5361 patriarcha
2436 5288 2860 5355 Antiochenus,
2916 5293 2982 5342 ut
3042 5287 3289 5341 habetur
3317 5285 3354 5340 l.
3414 5303 3469 5354 v,
3503 5302 3554 5341 c.
3599 5287 3688 5340 24.

2044 5381 2272 5434 Poterat
2295 5385 2352 5434 et
2373 5380 2443 5433 ad
2468 5377 2530 5431 τὸ
2566 5375 2736 5449 μέλαν
2761 5376 3121 5447 subintelligi
3160 5376 3374 5448 σχῆμα,
3409 5375 3563 5445 quod
3597 5391 3690 5429 ve-

2041 5468 2150 5523 stis
2170 5468 2594 5523 monachorum
2620 5484 2720 5538 per
2742 5467 3038 5522 Orientem
3067 5466 3234 5535 nigra
3250 5471 3423 5520 esset:
3447 5465 3544 5518 sed
3564 5479 3688 5517 ver-

2041 5558 2186 5614 bum
2233 5560 2556 5634 χαταφυγεῖν
2619 5555 2990 5612 commodius
3058 5555 3308 5610 refertur
3363 5553 3434 5606 ad
3494 5551 3688 5606 locum
