4072 6386
427 374 567 432 1147

1286 392 1351 445 Ρ.
1391 392 1670 449 POSSINI
1707 395 2326 457 OBSERVATIONUM
2362 395 2497 448 LIB.
2538 397 2612 447 II.
2646 418 2715 431 —-
2742 390 2972 447 NOTE.

3702 389 3827 451 1148

430 519 610 574 quam
643 506 714 561 ad
745 512 984 567 vestem.
1016 517 1132 570 Nec
1163 513 1351 571 obstat
1386 520 1734 589 conjectum
1785 521 1940 593 quod
1982 521 2079 578 hic
2108 522 2162 593 Α
2192 520 2339 579 ravit
2364 535 2466 591 per
2513 517 2711 591 plures
2757 532 2966 585 annos,
3017 515 3325 588 repudiata
3362 514 3636 575 libertate
3666 518 3720 575 et
3746 533 3823 573 re-

432 594 669 664 dicitur,
702 604 969 655 exactum
1020 618 1051 655 a
1100 603 1396 661 Cotanitza
1432 607 1609 675 (haud
1643 609 1817 665 dubie
1848 610 1919 666 ab
1955 615 2075 665 Au-

434 685 627 755 gusto)
657 692 717 739 ut
745 689 939 743 statim
970 699 1185 748 vestem
1211 710 1435 751 sacram
1462 697 1903 755 indueret.Nam
1937 699 2081 756 hinc

432 774 622 843 potius
646 790 877 845 apparet
909 779 1149 848 petitam
1182 783 1415 839 nomine
1446 786 1758 843 Cotanitzze
1785 788 1856 845 ab
1888 788 2079 860 impe-

432 865 623 918 ratore
668 863 997 923 facultatem
1049 870 1227 927 eundi
1258 875 1330 928 ad
1364 875 1616 932 Montem
1660 878 1937 949 Nigrum:
1974 878 2078 937 sed

435 951 592 1008 hunc
622 955 867 1011 veritum
900 973 971 1014 ne
996 959 1046 1014 is
1085 960 1166 1016 sic
1213 963 1493 1021 dimissus
1539 967 1651 1023 alio
1709 970 1917 1037 abiret,
1947 986 2079 1025 exe-

435 1041 591 1113 gisse
622 1049 683 1097 ut
715 1045 911 1101 statim
946 1064 1008 1102 se
1041 1049 1308 1123 alligaret
1337 1057 1664 1114 monastica
1692 1058 2078 1130 professione,

436 1146 599 1187 sacro
629 1131 830 1189 habitu
868 1136 1093 1194 induto.
1129 1141 1290 1205 Quod
1340 1142 1439 1199 ille
1496 1145 1578 1200 nil
1612 1163 1891 1203 recusans
1923 1146 2077 1204 fecit.

506 1239 564 1295 P.
610 1240 737 1298 505.
796 1244 859 1299 Ut
907 1246 1215 1316 imperator
1260 1266 1390 1307 cum
1432 1254 1666 1310 «πάδη...
1727 1256 2082 1312 anathemati

434 1327 864 1398 subjicerentur.
900 1332 1199 1392 Recitatur
1226 1338 1297 1394 ab
1347 1339 1591 1397 Odorico
1634 1343 1927 1415 Raynaldo
1960 1346 2081 1401 haec

437 1421 1057 1480 excommunicationis
1084 1426 1140 1480 in
1160 1428 1493 1487 Michaelem
1521 1432 1908 1507 Palaeologum
1945 1452 2083 1492 sen-

438 1508 617 1597 tentia
661 1510 731 1564 ad
778 1527 996 1568 annum
1038 1516 1196 1573 1281.
1257 1519 1364 1575 Ubi
1412 1536 1750 1594 quanquam
1809 1525 2084 1597 culpatur

438 1596 793 1671 Palaaologus
840 1603 989 1670 quod
1039 1610 1206 1673 pacta
1238 1624 1306 1663 ex
1352 1608 1466 1665 ﬁde
1505 1611 1659 1667 circa
1707 1596 2081 1671 concordiam

439 1685 825 1742 Ecclesiarum
861 1706 975 1746 non
1018 1692 1323 1766 explesset,
1375 1697 1525 1755 haud
1560 1705 1757 1757 tamen
1789 1702 1955 1760 facile
1984 1705 2083 1759 ad-

440 1774 618 1831 ducor
660 1780 723 1831 ut
770 1780 1019 1849 credam,
1067 1786 1218 1852 quod
1255 1784 1374 1843 illic
1420 1787 1509 1842 vir
1556 1788 1654 1845 ille
1703 1791 2084 1848 doctissimus

2184 609 2491 666 stitutione
2523 607 2580 664 in
2636 606 2932 678 integrum
2964 603 3162 661 oblata
3199 604 3251 659 ei
3282 604 3358 659 ab
3407 602 3747 675 imperatore
3777 607 3819 662 si

2185 700 2479 772 deﬁcere(
2514 698 2576 755 P.
2627 698 2754 769 482)
2787 715 2821 753 a
2868 696 3286 753 communione
3335 695 3604 751 Romana
3651 695 3825 766 vellet,

2189 789 2245 847 in
2278 805 2393 861 qua
2422 787 2679 860 denique
2711 786 2867 841 diem
2907 784 3056 843 obiit
3083 785 3387 845 confectus
3427 785 3708 843 aerumnis
3735 785 3826 842 Dei

2186 894 2367 937 causa
2388 876 2676 934 toleratis.
2729 876 2876 935 Vide
2922 890 3051 947 qua
3092 874 3365 948 superius
3405 873 3734 935 notavimus
3763 874 3825 933 ad

2187 984 2238 1026 c.
2270 968 2364 1036 28,
2396 965 2434 1023 l.
2470 982 2543 1024 ιν.

2261 1095 2321 1147 Ρ.
2370 1091 2498 1145 531.
2551 1086 2667 1157 Τὴν
2723 1088 2911 1161 ψυχὴν
2972 1084 3223 1163 ἀφίησιν.
3288 1086 3435 1141 Post
3496 1084 3618 1141 haec
3655 1085 3824 1142 Vatia.

2189 1182 2315 1238 cod.
2364 1181 2487 1236 haec
2519 1180 2869 1250 subjungit:
2902 1176 2966 1232 Ὀ
3016 1174 3184 1249 μηδὲν
3215 1175 3279 1230 τὸ
3337 1175 3600 1250 παράπιν
3627 1176 3832 1229 πώποτε

2185 1270 2529 1340 τεθνήξεσθαι
2604 1264 3030 1343 προσδοκήσας,
3114 1262 3200 1319 διὸ
3272 1263 3368 1319 καὶ
3447 1265 3643 1339 ὅρκους
3720 1262 3831 1326 τοὺς

2188 1353 2359 1431 ὄνομα
2415 1360 2549 1412 Genii
2605 1356 2865 1434 φέροντας
2923 1354 3000 1416 εἷς
3058 1350 3211 1408 οὐδὲν
3268 1351 3578 1427 ἐλογίζετο,
3607 1353 3693 1406 καὶ
3726 1349 3832 1407 ἀδι-

2187 1447 2309 1503 κίαν
2367 1448 2458 1501 καὶ
2515 1445 2713 1523 φόνους
2766 1444 2854 1499 καὶ
2911 1442 3181 1517 τιμωρίας
3214 1443 3290 1505 ὡς
3333 1441 3609 1504 κώνωπος
3656 1442 3831 1516 πρᾶξιν

2190 1538 2398 1612 ἡγεῖτο*
2460 1535 2614 1607 ὅμως
2670 1530 2844 1589 ἔκειτο
2900 1533 3110 1607 νεκρὸς,
3164 1530 3258 1586 καὶ
3317 1530 3549 1605 δάκρυσι
3595 1535 3701 1585 τῶν
3754 1530 3832 1584 oi-

2190 1626 2351 1682 κιίων
2380 1620 2661 1699 ἐϐρέχετο.
2713 1624 2821 1693 Qui
2848 1639 3135 1695 nunquam
3172 1638 3230 1678 se
3285 1625 3631 1679 moriturum
3669 1621 3833 1677 credi-

2192 1718 2371 1783 derat,
2403 1716 2632 1788 ideoque
2659 1716 2976 1784 iuramenta
3013 1714 3111 1769 Dei
3154 1728 3359 1769 nomen
3405 1713 3653 1783 ferentia
3676 1711 3831 1766 nihili

2193 1806 2456 1875 duxerat,
2507 1804 2748 1877 injurias
2786 1819 2934 1868 vero,
2977 1803 3155 1859 cades
3233 1810 3284 1858 et
3337 1800 3619 1873 supplicia
3671 1815 3827 1867 swva,

439 1866 667 1923 videtur
696 1868 947 1937 opinari,
983 1872 1213 1944 culpam
1264 1876 1635 1949 imperatoris
1678 1881 1735 1935 in
1786 1898 1852 1938 eo
1884 1883 2080 1954 sitam,

2198 1897 2352 1968 quasi
2369 1866 2481 1951 non
2505 1866 2580 1949 iii
2602 1893 2851 1950 homines
2872 1892 2966 1949 sed
2986 1892 3185 1947 culices
3210 1891 3571 1961 laederentur,
3600 1903 3831 1947 exercue-

442 1957 613 2025 quod,
668 1957 822 2013 sicut
880 1963 1241 2031 promiserat,
1309 1982 1426 2022 non
1484 1970 1774 2027 eiiecisset
1830 1972 1983 2028 686
2023 1981 2086 2029 ut

444 2045 626 2101 Graeci
650 2047 999 2118 particulam
1046 2052 1295 2125 Filioque
1324 2056 1596 2128 Symbolo
1627 2060 1928 2116 adderent.
1962 2061 2086 2119 Non

442 2131 599 2186 enim
633 2134 957 2203 reperimus
985 2135 1043 2191 id
1079 2138 1152 2192 ab
1182 2154 1248 2194 eo
1281 2146 1550 2199 exactum
1579 2148 1680 2199 aut
1709 2146 1902 2215 ipsum
1931 2164 2087 2203 rece.

439 2219 635 2290 pisse;
688 2222 1218 2296 adnotavimusque
1266 2233 1539 2302 superius
1587 2234 1659 2288 ad
1710 2251 1760 2289 ο.
1814 2237 1882 2290 15
1910 2236 2088 2308 hujus

440 2307 598 2377 libri,
622 2308 942 2367 Ecclesiam
976 2314 1236 2373 Latinam
1278 2320 1423 2376 satis
1471 2320 1773 2393 habuisse,
1824 2324 1873 2380 si
1904 2307 2086 2381 Grzsoi

443 2398 658 2472 dogma
704 2399 897 2471 ipsum
949 2406 1340 2473 processionis
1388 2411 1640 2481 Spiritus
1687 2416 1876 2470 sancti
1906 2417 2085 2471 etiam

443 2505 511 2545 ex
573 2488 712 2546 Filio
788 2493 1220 2565 profiterentur,
1280 2507 1335 2554 et
1406 2500 1644 2558 Latinos
1705 2509 2090 2574 agnoscerent

436 2579 600 2649 justa
629 2595 696 2636 ex
741 2596 922 2637 causa
970 2584 1374 2644 declarationis
1421 2591 1806 2662 expressioris
1843 2596 2085 2651 verbum

439 2667 586 2723 illud
620 2669 893 2738 Symbolo
922 2672 1151 2731 Nicasno
1183 2677 1498 2746 addidisse,
1550 2696 1663 2735 non
1698 2683 2087 2754 praecipiendo

442 2762 504 2809 ut
532 2754 646 2827 ipsi
698 2757 919 2829 pariter
963 2759 1106 2815 illud
1166 2764 1466 2821 adderent.
1509 2770 1684 2825 Fuere
1732 2774 1926 2826 autem
1975 2772 2087 2827 alia

440 2845 654 2913 quibus
686 2847 889 2902 merito
929 2856 1239 2921 suspectus
1282 2859 1383 2910 aut
1429 2856 1604 2913 etiam
1659 2860 1964 2916 convictus
1994 2861 2092 2918 tio-

441 2933 619 2989 tionis
659 2934 839 2991 videri
886 2939 1078 3008 potuit
1129 2940 1531 3016 Halaeologus:
1567 2956 1706 3017 pula
1752 2953 2089 3006 vexationes

442 3022 615 3079 Vecci
672 3023 977 3082 orthodoxi
1028 3030 1393 3101 patriarchas,
1448 3051 1576 3106 quae
1624 3036 1793 3093 illum
1834 3039 1906 3094 ad
1940 3038 2091 3097 ultro

446 3110 831 3169 abdicandam
873 3115 1219 3187 dignitatem
1270 3129 1607 3194 coegerunt,
1651 3133 1882 3183 narrate
1912 3146 1946 3185 a
1983 3129 2090 3185 Pa-

443 3199 713 3272 cbymere
746 3202 855 3258 hoc
908 3203 1057 3261 libro
1088 3224 1121 3262 a
1151 3224 1201 3263 c.
1238 3210 1305 3265 10
1334 3212 1407 3266 ad
1459 3214 1546 3281 14,
1579 3217 1638 3269 et
1671 3217 1824 3285 quod
1858 3225 1958 3272 aut
1989 3233 2087 3275 ner

448 3287 612 3343 scivit
642 3297 740 3345 aut
770 3290 1166 3351 dissimulavit
1194 3303 1745 3373 noster,conjuratio
1779 3304 2088 3376 imperato-

446 3377 528 3433 ris
558 3376 861 3436 Michaelis
888 3397 1023 3437 cum
1065 3384 1279 3443 Siculis
1309 3404 1339 3444 e
1369 3389 1536 3447 Petro
1583 3406 1715 3463 rege
1753 3398 2090 3465 Aragonum

447 3471 652 3523 contra
690 3468 955 3526 Carolum
1004 3474 1230 3544 Apuliae
1276 3482 1333 3532 et
1388 3478 1597 3535 Siciliae
1641 3498 1833 3554 regem
1881 3501 1915 3540 a
1954 3486 2093 3541 sede

446 3556 768 3626 apostolica
814 3560 1150 3631 probatum,
1189 3566 1361 3634 cujus
1412 3567 1696 3639 Gregoras
1741 3574 2005 3629 meminit
2034 3578 2093 3630 et

448 3644 547 3699 alii
578 3649 909 3718 temporum
942 3649 1179 3708 illorum
1216 3654 1530 3727 scriptores
1569 3659 1731 3715 relati
1764 3662 1822 3716 in
1855 3664 2091 3720 Annali-

448 3734 560 3789 bus
593 3734 1005 3793 ecclesiasticis
1031 3740 1104 3795 ab
1138 3742 1451 3813 Spondano
1468 3752 1527 3803 et
1546 3749 1845 3823 Raynaldo
1894 3754 1965 3808 ad
1988 3771 2092 3810 an-

448 3838 591 3912 num
628 3824 767 3878 1280
794 3829 853 3880 et
880 3837 1239 3900 sequentem.
1282 3835 1404 3899 Quo
1452 3840 1704 3909 pertinet
1732 3842 1887 3912 quod
1920 3843 2092 3900 istam

447 3909 508 3964 in
533 3910 877 3971 Michaelem
917 3922 1538 3981 excommunicationis
1588 3909 1941 3986 sententiam
1966 3948 2093 4002 per-

375 4064 380 4069 ,
448 3999 626 4056 latam
661 4002 921 4060 instante
946 4006 1148 4065 Carolo
1178 4026 1313 4084 rege
1334 4012 1598 4073 historici
1630 4034 1823 4075 rerum
1855 3999 2093 4078 illarum

449 4096 796 4164 memorant,
857 4098 922 4149 ut
963 4096 1043 4151 ibi
1090 4099 1226 4155 licet
1268 4101 1481 4161 videre.
1536 4107 1839 4178 Cogitasse
1897 4114 2093 4171 autem

449 4179 835 4254 Palasologum
880 4184 990 4241 hoc
1031 4204 1155 4245 suae
1191 4190 1589 4251 damnationis
1627 4198 1835 4253 nuntio
1875 4199 2098 4267 percul-

450 4286 582 4324 sum
612 4277 826 4327 cuncta
873 4291 996 4344 quae
1030 4292 1134 4347 pro
1183 4282 1493 4338 concordia
1532 4284 1921 4342 Ecclesiarum
1958 4287 2095 4343 hao~

448 4364 622 4416 tenus
652 4367 847 4434 egerat
876 4365 1223 4436 rescindere,
1264 4374 1417 4441 quod
1451 4373 1547 4430 hic
1584 4381 1781 4432 noster
1819 4377 2094 4446 afﬁrmat,

451 4467 565 4507 non
600 4456 687 4506 est
719 4470 960 4523 prorsus
990 4454 1369 4515 inverisimile
1425 4463 1481 4517 in
1514 4462 1752 4521 homine
1792 4481 1963 4536 quem
1997 4484 2096 4536 ap-

452 4545 618 4610 paret
647 4541 900 4611 politicis
933 4545 1183 4601 maxime
1206 4550 1534 4607 rationibus
1573 4562 1625 4607 et
1666 4558 1820 4609 metu
1855 4554 2096 4612 infense!

2191 1986 2451 2043 "13881
2499 1986 2547 2040 Is
2571 1988 2755 2039 tamen
2787 1982 2999 2054 iacebat
3046 1985 3297 2037 mortuus
3355 1986 3409 2036 et
3460 1980 3715 2051 laerymt's
3743 1978 3832 2033 do-

2191 2075 2547 2131 mesticorum
2571 2073 2889 2143 rigabatur.
2915 2075 3048 2127 Hinc
3079 2086 3213 2126 eum
3249 2072 3307 2126 id
3333 2075 3545 2126 neutro
3577 2069 3827 2125 codicum

2193 2165 2548 2235 Optimorum
2584 2161 2969 2233 reperiantur.
2995 2174 3109 2216 non
3141 2164 3426 2232 putamus
3467 2173 3597 2214 esse
3627 2154 3828 2224 Pachy-

2196 2252 2398 2321 merls,
2459 2253 2555 2307 sed
2603 2249 3043 2320 interpolatoris
3081 2253 3141 2305 et
3204 2247 3627 2319 paraphrasim,
3671 2260 3824 2317 quem

2195 2342 2417 2396 scimus
2451 2345 2509 2398 et
2539 2339 2655 2395 alia
2685 2344 2902 2410 praetor
2921 2338 3181 2393 auctoris
3204 2343 3467 2393 mentem
3499 2334 3818 2391 inseruisse.

2194 2430 2543 2488 Mederatior
2571 2432 2661 2483 est
2688 2428 2846 2483 enim
2875 2431 3075 2482 noster
3105 2425 3430 2481 historicus
3463 2440 3637 2498 quam
3668 2427 3728 2478 ut
3754 2420 3823 2476 sic

2197 2520 2472 2577 atrociter
2501 2517 2820 2573 msultesse
2857 2516 3153 2589 putandus
3184 2514 3264 2571 sit
3314 2520 3543 2571 mortuo
3575 2509 3823 2585 principi,

2195 2610 2366 2680 cujus
2390 2609 2541 2664 bona
2573 2604 2846 2678 malaque
2875 2606 3077 2670 libere,
3106 2606 3207 2660 sed
3240 2604 3392 2660 citra
3421 2602 3821 2674 malignitatem

2195 2699 2253 2753 in
2287 2698 2407 2753 hmo
2438 2697 2685 2753 historia
2733 2694 3039 2765 expressit.
3080 2697 3292 2765 Magna
3343 2700 3404 2749 et
3440 2708 3575 2748 vera
3604 2690 3726 2746 laus
3751 2690 3824 2743 est

2198 2786 2501 2844 Michaelis
2523 2784 2831 2857 Paleaologi
2863 2784 3019 2838 inter
3049 2782 3255 2853 multa,
3282 2799 3412 2857 qua
3444 2798 3547 2838 nee
3578 2780 3824 2835 dissimu-

2198 2878 2302 2934 lari
2329 2892 2435 2932 nec
2466 2875 2699 2949 probari
2735 2878 3006 2946 possunt,
3039 2889 3353 2944 perperam
3379 2874 3548 2941 facta,
3568 2882 3753 2941 pacem
3780 2867 3828 2920 et

2197 2966 2574 3023 concordiam
2620 2963 3014 3019 Ecclesiarum
3054 2962 3364 3017 indefesso
3412 2963 3487 3019 ad
3531 2963 3828 3016 extremam

2200 3056 2395 3112 studio
2450 3054 2693 3110 ursisse.
2753 3056 2819 3107 Et
2848 3055 3058 3108 merito
3111 3067 3248 3107 eum
3307 3051 3428 3106 hac
3486 3048 3758 3123 praecipue
3782 3047 3830 3098 te

2197 3145 2410 3201 Joanni
2464 3145 2714 3198 Batatzaa
2758 3140 3155 3214 praecelluisse
3203 3141 3504 3214 Georgius
3534 3133 3830 3207 ;Metochlts

2120 3254 2165 3325 ο
2200 3235 2458 3289 affirmat
2513 3231 2777 3288 oratione
2836 3230 3040 3325 prima
3074 3230 3388 3325 historica.
3437 3230 3530 3285 Ait
3582 3226 3658 3281 ibi
3711 3235 3824 3325 eum

2203 3339 2420 3395 magna
2459 3337 2563 3393 spe
2614 3336 2911 3393 generosae
2944 3318 3182 3386 indolis,
3228 3334 3374 3375 cum
3406 3335 3547 3374 cura
3578 3306 3825 3388 peculiari

2199 3413 2268 3468 ad
2303 3426 2535 3467 summa
2560 3424 2808 3482 quaeque
2836 3410 3144 3465 educatum
3178 3408 3287 3464 sub
3333 3408 3571 3465 Joanne
3600 3405 3822 3464 Batatza;

2199 3518 2315 3556 non
2375 3517 2550 3571 parvo
2604 3499 2779 3554 etiam
2834 3498 3022 3569 ipsius
3081 3496 3381 3569 principia
3423 3483 3820 3561 favore,1r&vtv

2198 3582 2641 3661 ἆριστοϐουλίαις
2722 3585 2812 3641 καὶ
2896 3584 3341 3661 ἀριστοπραξίαις
3426 3574 3819 3658 κατωρθωμένων

2200 3677 2366 3749 αὐτῷ,
2399 3687 2595 3733 cuncta
2626 3679 2743 3750 ejus
2764 3678 3088 3767 rectissime
3106 3674 3376 3731 consulta
3403 3674 3697 3767 Optimaque
3717 3668 3819 3767 mila

2199 3767 2473 3824 imitando
2520 3768 2872 3839 expressisse,
2912 3764 3003 3818 καὶ
3072 3758 3368 3838 ἐκμαγεῖον
3416 3758 3814 3861 γεγονέναισῶν

2198 3856 2397 3913 Iscuto»
2427 3853 2953 3928 πλεονεκτημάτων,
2986 3863 3037 3910 et
3063 3854 3133 3909 ad
3160 3854 3351 3911 vivum
3376 3866 3679 3926 expressam
3692 3853 3818 3901 ima-

2201 3949 2387 4019 ginem
2411 3947 2648 4001 evasisse
2692 3945 2949 4002 decorum
2991 3943 3172 3998 illius.
3216 3943 3351 3999 Mox
3382 3943 3539 4000 addit
3576 3934 3814 3994 eumdem

2202 4037 2491 4093 Joannem
2521 4034 2694 4106 longe
2724 4051 2757 4090 ει
2788 4032 3069 4090 Minhaele
3105 4038 3475 4104 superatum,
3526 4019 3813 4102 praesertim

2202 4141 2271 4181 eo
2301 4125 2483 4196 quod,
2507 4138 2687 4194 quam
2716 4122 2814 4178 ille
2844 4121 3035 4177 solum
3083 4121 3443 4193 cogitaverat
3472 4122 3528 4175 et
3556 4108 3816 4172 mentione

2202 4215 2491 4269 duntaxat
2522 4213 2714 4283 prima
2741 4212 3159 4266 informaverat
3200 4211 3590 4267 Ecclesiarum
3621 4210 3814 4295 paceni.

2203 4298 2581 4370 hicconsilio,
2614 4305 2850 4369 conatu,
2876 4301 3307 4371 perseverantia
3328 4299 3579 4369 denique
3605 4284 3812 4364 peregit:

2204 4396 2262 4447 et
2311 4391 2548 4457 factam,
2598 4390 2792 4461 quoad
2825 4388 2884 4443 in
2927 4388 3047 4443 vita
3089 4387 3371 4458 perstitit,
3419 4383 3626 4442 tenuit.
3655 4378 3813 4469 Quit."

2205 4480 2345 4535 totis
2392 4479 2642 4534 habenis
2692 4477 2857 4533 albas
2908 4478 3065 4533 idem
3125 4475 3446 4532 Metochita
3502 4466 3813 4540 eloquentia!

2205 4569 2521 4639 quadrigae
2556 4569 2612 4622 in
2655 4567 2785 4637 ejus
2815 4567 3021 4622 laudes
3057 4564 3217 4622 velut
3266 4565 3328 4620 in
3360 4574 3627 4635 campum
3650 4552 3812 4639 rheto-

449 4628 558 4684 sibi
593 4632 859 4699 potentiae
912 4634 1097 4689 Caroli
1148 4638 1303 4708 regis
1343 4640 1412 4694 ad
1462 4639 1637 4697 istam
1686 4642 2093 4699 tractationem
2127 4619 2172 4683 θ
2817 4619 3100 4720 ξᾷέηηιη,
3123 4653 3319 4724 οὗτος,
3350 4619 3622 4721 inquiens
3651 4642 3677 4697 ὁ
3702 4634 3810 4724 ulla:

451 4718 791 4774 adductum.
822 4722 1038 4779 Tamen
1072 4724 1128 4779 id
1160 4742 1293 4782 eum
1328 4745 1441 4785 non
1471 4729 1679 4785 fecisse
1724 4736 1972 4786 testatur
2002 4732 2096 4788 hic

450 4812 667 4863 noster.
701 4814 759 4864 et
806 4811 919 4882 ipsi
967 4812 1149 4869 Graeci
1197 4816 1554 4873 schismatioi
1606 4835 1944 4889 persuasum
1990 4820 2094 4878 hev

451 4896 708 4953 buerunt
752 4898 949 4971 ipsum
1002 4920 1189 4974 usque
1220 4906 1291 4959 ad
1347 4912 1594 4963 mortem
1626 4912 1685 4963 in
1718 4910 1830 4965 ﬁde
1853 4927 2094 4967 concor-

452 4985 561 5040 die
592 4988 960 5057 perstitisse;
994 5008 1118 5061 quas
1165 5010 1346 5050 causa
1374 4994 1517 5065 ipsis
1567 4998 1678 5053 fuit
1711 5014 1845 5054 eum
1878 4999 2097 5057 honore

452 5075 767 5144 sepulturas
792 5078 1125 5136 fraudandi.

524 5182 584 5235 P.
617 5184 742 5238 521.
778 5187 1105 5257 Ασνοροιίια
1128 5206 1363 5259 magnus
1396 5191 1674 5265 lagodzeta
1706 5195 1838 5250 dum
1868 5197 2093 5251 viveret.

454 5270 585 5326 Hac
618 5273 879 5329 indicant
924 5279 1201 5350 scripisse
1234 5283 1347 5336 ista
1391 5282 1805 5354 Pachymerem
1840 5288 1951 5340 sub
1984 5288 2095 5340 An-

454 5362 715 5429 dronico,
751 5368 806 5417 et
835 5366 1067 5434 quidem
1105 5369 1302 5425 multis
1334 5374 1503 5426 annis
1536 5378 1665 5442 post
1711 5384 1949 5429 mortem
1985 5375 2097 5428 Mi-

453 5450 670 5505 chaelis
701 5455 972 5524 Augusti.
1006 5456 1147 5511 Nam
1172 5459 1456 5531 Georgius
1484 5462 1811 5532 AcrOpolita
1830 5470 2099 5520 mortuus

454 5544 544 5595 est
575 5542 634 5595 in
678 5558 929 5609 carcere,
981 5545 1040 5599 in
1091 5562 1266 5617 quem
1310 5551 1609 5619 conjectus
1660 5552 1847 5608 fuerat
1874 5553 1948 5608 ab
1980 5560 2098 5608 An-

457 5630 696 5686 dronico
720 5632 830 5687 sub
889 5633 1123 5689 initium
1156 5636 1283 5705 ejus
1329 5638 1584 5709 imperii,
1618 5642 1773 5710 quod
1807 5642 2098 5697 schisma-

456 5720 591 5773 ticis
623 5721 893 5777 assentiri
941 5722 1141 5790 nollet,
1192 5725 1251 5779 in
1281 5742 1462 5797 eoque
1508 5735 1786 5786 constans
1832 5747 2099 5802 perseve-

2200 4746 2296 4810 νὸς
2324 4746 2377 4801 ἐν
2409 4745 2804 4821 αὐτοκράτορσι
2853 4741 3112 4817 Μιχαὴλ,
3174 4743 3235 4798 τὸ
3283 4742 3423 4816 μέγα
3468 4744 3567 4807 τῆς
3594 4732 3719 4804 ἑῴας
3743 4732 3813 4777 καὶ

2204 4836 2456 4913 ἑσπερίου
2504 4834 2715 4907 λήξεως
2763 4831 2959 4908 ὄνομα,
3015 4833 3230 4906 μᾶλλον
3281 4830 3339 4888 δὲ
3389 4836 3488 4901 τῆς
3544 4825 3817 4891 οῗκουμενι·

2202 4933 2306 4996 κῆς
2358 4926 2744 5002 τετραμερεῐας
2768 4968 2782 4995 ,
2830 4918 3211 5017 Δἰο-φοϐερὸνΔ
3242 4923 3332 5017 καὶ
3391 4915 3651 5017 ἆῄγακλιὶςκ
3688 4920 3816 5017 “5—9;:

2204 4990 2537 5090 (molimur;
2588 4990 3062 5108 d-tﬁv:eocé33'tav
3103 4990 3380 5108 ‘appayﬁc,
3411 4990 3449 5065 ὁ.
3497 5000 3686 5108 θερμὸς
3709 4990 3816 5108 ἔξῇῖ

2204 5080 2341 5179 πρὸς
2394 5080 2528 5160 ὄεὸᾲ
2585 5080 2909 5175 πεποίθησιν
2967 5103 3059 5157 καὶ
3110 5080 3453 5167 ἁδίστακτος,
3491 5097 3519 5151 δ
3564 5080 3816 5179 παρ’ἕλον

2206 5170 2373 5249 animi}
2427 5194 2489 5248 τὸ
2554 5170 2823 5268 βιώσιμον
2882 5186 3186 5268 πρόϐλημα
3231 5192 3331 5259 τὴν
3371 5170 3816 5287 ξῖλικρίνῆ¹πὲῗξιῖ

2204 5254 2563 5357 ποιούμενος.
2589 5284 2676 5338 καὶ
2714 5254 2813 5337 dea
2986 5283 3298 5354 ἀμωμήτου
3328 5280 3553 5334 πίστεως
3597 5254 3819 5368 ad???“

2206 5375 2313 5446 πρὸ
2343 5373 2545 5433 παντὸς
2599 5367 2780 5447 ἔργου,
2822 5372 2929 5446 πρὸ
2954 5370 3154 5431 παντὸς
3205 5368 3566 5439 διανοήματος
3595 5349 3818 5452 καεηβουέ

2210 5462 2483 5535 λεύματος
2528 5459 2581 5514 ὲν
2625 5462 2785 5516 παντῖ
2823 5461 3015 5535 τρόπῳ
3044 5481 3102 5514 τε
3131 5459 3221 5513 καὶ
3253 5460 3448 5531 καιρῷ,
3482 5452 3532 5540 ἐν
3561 5459 3726 5540 tu“?
3751 5447 3818 5540 τῳ

2205 5557 2533 5619 καθεσθῆναι
2577 5550 2668 5605 καὶ
2718 5550 3012 5619 ἀναστῆναι
3061 5552 3152 5602 καὶ
3203 5545 3400 5622 μέχρις
3444 5538 3599 5627 αξιτοῦ
3624 5547 3711 5585 του
3735 5538 3819 5627 1‘0"

2207 5640 2407 5715 χόντος
2463 5641 2770 5712 κινήματος
2821 5639 2856 5707 ἢ
2920 5634 3279 5733 βαδίσματος,
3324 5638 3358 5703 ἡ

2213 5701 2617 5804 ῖμεγαλόνοοξ
2659 5701 2951 5804 ἄνθρωίποξ
3006 5701 3098 5785 καί
3146 5701 3416 5801 οὐράνιος,
3468 5718 3496 5779 6
3539 5701 3787 5786 μεγαλονρ
