4072 6390
321 424 461 482 1149

1514 428 1649 483 LIB.
1687 429 1791 482 III.
1826 454 1893 471 *-
1921 430 2543 496 οειοκοῑοοαιουε.

3601 432 3742 490 1150

314 551 412 626 γὸς
441 549 532 605 καὶ
585 543 1065 649 μεγαλεπήϐολρς,
1113 549 1142 603 ὁ
1190 550 1594 649 Ῐςομνηνοφυής
1652 552 1964 611 Παλαιολό.

2080 578 2299 649 gnando
2363 590 2743 641 consueverat.
2805 580 2996 640 Codex
3061 580 3421 638 Barbaricas
3487 578 3735 634 formem

316 662 427 718 γων
484 638 743 715 βλκπὸς,
786 639 876 693 καὶ
934 638 1152 712 σύμπαν
1210 638 1661 714 ἀξιοθαύμαστος.
1721 647 1968 718 Inclyta:

320 734 381 788 in
413 731 838 803 imperatoribus
885 731 1144 799 Michael,
1193 746 1459 803 magnum
1504 735 1886 791 Orientalium
1917 741 1969 791 et

320 819 689 877 Occiduorum
742 823 1017 875 tractuum
1065 834 1289 889 nomen,
1347 828 1445 876 aut
1500 823 1680 889 potius
1732 829 1970 899 quatuor

316 906 516 963 mundi
541 906 835 962 cardinum
862 910 1043 963 terror
1068 911 1123 963 et
1152 909 1353 979 gloria,
1382 911 1595 982 pietate
1637 918 1968 971 constantis-

314 997 480 1064 simo,
523 995 737 1067 ﬁducia
781 996 845 1051 in
892 998 1063 1052 Deum
1107 999 1344 1055 ardente
1376 1001 1598 1071 pariter
1627 1009 1677 1059 et
1706 1006 1967 1062 immuta-

318 1087 457 1153 bili;
486 1088 585 1156 qui
609 1100 710 1157 per
737 1088 905 1141 totam
927 1088 1100 1142 vitam
1131 1103 1290 1159 scopo
1318 1090 1534 1146 illustri
1551 1092 1664 1149 sibi
1689 1095 1969 1168 proposito

314 1176 445 1246 ﬁdei
491 1176 745 1240 sincerae,
777 1182 975 1231 cuncta
1005 1192 1127 1248 qum
1155 1178 1233 1233 ad
1262 1176 1406 1234 hanc
1433 1180 1812 1253 conducerent,
1849 1202 1969 1256 qua:

318 1266 483 1320 illam
511 1264 1001 1336 quomodocunque
1030 1266 1322 1336 referrent,
1340 1282 1464 1339 prae
1485 1270 1640 1325 omni
1667 1284 1846 1343 apere,
1874 1289 1969 1329 σοι

315 1355 599 1426 gitatione,
626 1354 880 1420 consilio,
920 1355 1081 1410 omni
1128 1359 1286 1411 modo
1333 1360 1385 1412 et
1424 1362 1683 1431 tempore,
1716 1360 1967 1427 sedendo.

315 1444 587 1515 surgendo
616 1445 677 1499 in
705 1447 859 1500 omni
886 1449 1035 1501 motu
1065 1460 1132 1500 ac
1160 1460 1323 1516 pastu
1351 1452 1611 1520 spectavit
1640 1452 1967 1524 amplexus-

315 1547 422 1606 que
449 1542 548 1589 est.
578 1532 868 1606 Inde/esea
922 1548 1100 1604 mens,
1132 1551 1456 1607 magnorum
1489 1539 1655 1595 homo
1681 1557 1964 1608 sensuum,

318 1623 573 1694 caelestis,
598 1640 802 1692 magna
851 1633 1128 1693 operatus,
1176 1627 1441 1699 ingentia
1482 1634 1754 1694 conatus;
1803 1632 1968 1689 Com-

316 1732 463 1771 nena
513 1714 711 1769 mistus
760 1715 935 1786 stirpe
980 1716 1429 1786 Palwologorum
1483 1719 1759 1789 surculus,
1802 1725 1969 1795 plane

316 1804 699 1860 admiratione
722 1805 940 1875 dignus.
972 1809 1106 1860 Haec
1155 1805 1234 1860 ibi
1284 1808 1568 1880 Georgius
1612 1814 1963 1884 Metochita;

320 1906 448 1966 qua;
497 1909 606 1948 nos
653 1892 920 1948 encomia
965 1893 1119 1950 688
1166 1894 1389 1952 laudati
1436 1900 1713 1969 auctoris,
1763 1904 1968 1960 ortho-

320 1980 455 2036 doxi
481 1981 699 2053 quippe
727 1982 1105 2049 confessoris,
1127 1984 1228 2054 qui
1261 1988 1475 2042 tetrum
1506 2003 1540 2042 a
1571 1988 1968 2049 schismaticls

320 2084 612 2126 carcerem
646 2086 750 2142 pro
781 2071 894 2127 ﬁde
924 2072 1245 2144 apestolica
1275 2077 1537 2131 Romana
1560 2078 1764 2135 multis
1798 2082 1970 2139 annis

322 2175 509 2233 usque
561 2162 630 2217 ad
693 2166 940 2218 mortem
998 2163 1217 2219 invicta
1270 2167 1602 2223 constantia
1659 2170 1967 2241 sustinuit,

314 2254 546 2306 mortuo
584 2250 922 2322 imperatori
957 2259 1157 2308 nostro
1204 2268 1307 2325 pro
1354 2256 1584 2311 funebri
1635 2257 1968 2317 laudatione

313 2339 741 2411 impendimus,
802 2342 887 2398 sic
944 2348 1119 2414 prout
1174 2356 1495 2416 possumus
1552 2345 1968 2417 ἀντισηκοῦντας

310 2434 729 2498 compensantes
787 2431 1180 2486 conviciorum
1234 2430 1519 2504 plaustra,
1568 2448 1697 2508 quae
1740 2440 1965 2509 passim

307 2517 371 2572 in
402 2532 538 2572 eum
570 2518 885 2573 eii'undunt
913 2518 1094 2575 Graeci
1128 2520 1489 2578 schismstici
1521 2529 1578 2579 et
1604 2519 1790 2581 Latini
1849 2526 1965 2583 hee-

312 2606 499 2677 retici,
579 2608 887 2679 perfectam
948 2610 1021 2665 ab
1078 2624 1145 2665 eo
1204 2611 1595 2669 Ecciesiarum
1649 2613 1964 2674 Orientalis

310 2708 441 2751 cum
473 2697 730 2752 Occidua
759 2697 1227 2755 conciliationem
1279 2698 1457 2759 livore
1504 2703 1777 2761 Sataoico
1808 2706 1962 2761 indi-

308 2791 580 2857 gnantes.

384 2873 473 2946 [Ρ.
507 2874 635 2947 483]
686 2875 748 2932 P.
796 2876 922 2933 532.
972 2878 1243 2951 Sigillum
1296 2881 1439 2954 quod
1492 2882 1758 2940 adhibere
1812 2886 1956 2941 obsia-

2079 668 2307 742 effingit
2336 670 2513 744 hujus
2543 673 2896 730 characteris
2929 672 2986 728 in
3019 671 3176 729 hunc
3209 672 3469 727 modum.

2082 1818 2295 1875 Prester
2335 1835 2462 1876 eam
2513 1836 2685 1894 porro
2748 1835 2925 1895 quam
2986 1822 3155 1878 affert
3202 1822 3297 1877 hic
3345 1819 3734 1893 Pachymeres

1999 1915 2047 1986 Β
2078 1908 2259 1979 hujus
2289 1912 2361 1963 Πῖ
2394 1911 2673 1983 triplicati
2706 1913 3013 1983 rationem,
3044 1928 3113 1970 ex
3142 1913 3340 1968 divina
3379 1910 3734 1984 praenotione

2079 1998 2268 2055 exitus
2326 1996 2628 2056 Michaelis
2684 2000 2994 2073 Palazologi
3044 1996 3310 2072 petitam,
3345 2000 3525 2055 fuisse
3556 2000 3732 2056 aliam

2078 2085 2339 2159 oportuit
2368 2087 2426 2142 in
2462 2090 2656 2143 mente
2686 2088 2799 2159 ipsi
2830 2088 3117 2158 Michaeli,
3144 2090 3347 2160 utique
3377 2088 3584 2160 ignaro
3614 2088 3731 2144 diei

2079 2188 2145 2231 ac
2176 2174 2287 2231 loci
2318 2188 2439 2232 suae
2472 2177 2699 2245 mortis,
2723 2192 2857 2232 cum
2882 2192 3008 2233 eam
3035 2177 3185 2232 ultro
3208 2192 3274 2233 ac
3295 2176 3485 2233 libens
3507 2192 3735 2233 assum-

2079 2262 2215 2336 psit.
2244 2262 2502 2321 Putarim
2534 2267 2801 2336 equidem
2835 2281 2965 2322 eum
2998 2280 3103 2337 per
3129 2265 3289 2321 istud
3318 2266 3487 2322 tertio
3520 2265 3731 2337 repeti-

2076 2352 2207 2409 tum
2237 2352 2308 2408 lli
2336 2353 2589 2410 voluisse
2620 2354 2878 2411 indicare
2909 2355 2966 2410 id
3000 2355 3157 2426 quod
3189 2354 3358 2410 initio
3384 2354 3567 2425 hujus
3596 2353 3734 2409 libri

2077 2444 2577 2513 monuimus,esse
2600 2460 2661 2500 ee
2685 2443 3070 2516 Palazologum
3096 2457 3213 2499 non
3235 2458 3303 2499 ex
3329 2448 3492 2515 patre
3513 2444 3735 2513 solum,

2060 2530 2178 2589 sed
2222 2528 2399 2589 etiam
2449 2546 2519 2590 ex
2568 2538 2775 2603 matre,
2809 2544 2877 2590 ac
2909 2539 3217 2606 propterea
3273 2526 3478 2604 majori
3538 2532 3734 2590 littera

2075 2616 2148 2673 lli
2176 2619 2234 2675 in
2268 2618 2459 2676 medio
2509 2622 2701 2692 posita
2738 2636 2802 2677 se
2842 2620 3041 2692 ipsum
3093 2624 3564 2691 repraesentasse,
3596 2619 3730 2677 aliis

2075 2708 2308 2766 duabus
2348 2726 2381 2766 a
2419 2708 2617 2765 dextra
2666 2715 2725 2765 et
2770 2710 3013 2766 sinistra
3056 2714 3359 2780 parentem
3412 2713 3732 2781 utrumque

2074 2798 2571 2873 significantibus.
2603 2798 2750 2856 Nam
2802 2798 3189 2871 Palaeologum
3240 2799 3575 2871 signiﬁcare
3617 2800 3734 2856 ista

2073 2885 2166 2953 Ill,
2200 2886 2422 2945 indicat
2450 2887 2643 2944 littera
2671 2902 2713 2960 Α
2746 2888 2804 2942 in
2839 2892 3041 2943 ventre
3071 2886 3249 2942 medii
3284 2882 3498 2959 posita.

1165 3321 1671 3447 PETRI
1760 3318 2431 3451 POSSINI
2525 3329 2649 3452 S.
2741 3330 2858 3451 J.

832 3597 1881 3698 OBSERVATIONUM
1948 3600 3196 3703 PACHYMERIANARUM

1404 3821 1841 3925 LIBER
1935 3824 2632 3964 TERTIUS,

1678 4042 2001 4107 CHRONO
2012 4043 2359 4107 LOGICUS.

742 4408 894 4464 ese
929 4411 1011 4479 [p.
1046 4412 1171 4485 485]
1204 4412 1439 4470 CAPUT
1474 4417 1516 4470 1.

305 4534 382 4588 De
412 4533 729 4589 nominibus
760 4536 1033 4619 mensium
1062 4554 1097 4592 a
1125 4538 1465 4611 Paehymere
1490 4543 1794 4614 usurpatis.

380 4677 516 4741 Quae
549 4682 749 4734 noster
778 4677 1114 4749 historicus,
1148 4687 1355 4753 praeter
1394 4700 1616 4739 morem
1668 4700 1959 4755 usumque

308 4770 677 4835 casterorum,
700 4767 757 4822 in
791 4769 1095 4824 mensibus
1123 4770 1489 4841 appellandis
1522 4777 1719 4841 novat,
1752 4789 1818 4828 ea
1848 4772 1958 4827 etsi

306 4856 491 4911 videri
516 4855 783 4927 poterant
796 4859 864 4913 ad
880 4860 1316 4929 grammaticam
1347 4860 1635 4933 pertinere
1647 4862 1958 4932 rationem,

308 4944 407 4999 hic
438 4950 631 5001 tamen
682 4948 1026 5018 exponenda
1070 4946 1264 5019 potius
1321 4967 1495 5020 quam
1550 4949 1609 5005 in
1663 4949 1959 5007 Glossario

309 5034 533 5105 putavi,
594 5034 731 5105 quia
786 5051 1038 5092 errorem
1096 5037 1155 5091 in
1214 5038 1595 5111 chronologia
1647 5041 1961 5096 obtrudere

305 5123 508 5178 lectori
561 5129 831 5194 poterant
878 5125 990 5179 nisi
1046 5126 1118 5180 de
1165 5126 1236 5181 iis
1288 5135 1765 5199 praemoneretur.
1814 5130 1959 5185 Cum

302 5212 464 5268 enim
501 5213 634 5283 quis
664 5214 911 5285 exempli
937 5215 1125 5286 gratia
1152 5214 1371 5288 legeret
1395 5218 1811 5288 inauguratum
1844 5219 1957 5273 im-

305 5311 631 5373 peratorem
691 5303 1025 5358 Michaelcm
1087 5306 1387 5361 neomenia
1442 5308 1958 5386 Ilecatombasonis,

304 5392 401 5445 vix
450 5396 669 5461 posset,
701 5393 852 5446 veris
883 5409 949 5447 ac
980 5393 1229 5464 vulgatis
1282 5402 1722 5467 praeoccupatus
1775 5398 1964 5453 notio-

311 5480 511 5548 nibus,
563 5477 720 5535 aliud
749 5480 943 5538 animo
975 5484 1265 5554 subjicere
1290 5501 1467 5556 quam
1498 5485 1660 5541 Junii
1691 5491 1794 5541 aut
1821 5486 1963 5542 Julii

313 5569 534 5624 mensis
572 5568 630 5624 id
680 5567 955 5625 Kalendis
1004 5568 1244 5629 factum.
1270 5574 1447 5645 Atqui
1479 5581 1697 5631 erraret
1728 5576 1807 5631 ita
1837 5590 1963 5632 cre-

316 5661 465 5715 dens
496 5663 614 5713 toto
645 5658 808 5723 coelo,
832 5666 890 5714 et
928 5660 1201 5717 brumam
1233 5662 1292 5718 in
1324 5662 1644 5720 solstitium
1677 5665 1962 5736 aestivum,

317 5748 669 5806 Januarium
701 5747 761 5804 in
790 5749 1107 5813 Quintilem
1140 5756 1361 5809 temere
1399 5755 1763 5812 transferret.
1797 5756 1962 5811 Edis-

1993 4417 2036 4484 C
2076 4420 2306 4472 eeratur
2335 4412 2429 4471 hic
2455 4412 2639 4488 igitur
2668 4414 2725 4471 in
2759 4408 2962 4471 limine
2992 4408 3452 4487 Pachymeriana
3484 4424 3727 4469 nomen-

2067 4500 2241 4561 clatio
2272 4505 2593 4575 mensium,
2613 4522 2684 4561 ne
2705 4516 2819 4577 qua
2836 4504 3095 4577 cuipiam
3120 4500 3178 4559 in
3212 4503 3324 4559 hoc
3350 4516 3562 4577 genere
3592 4500 3725 4558 bal-

2068 4592 2350 4650 lucinatio
2383 4596 2647 4667 obrepat.

2140 4677 2663 4749 EKATOMBAIQN,
2715 4701 2773 4756 p.
2822 4680 2914 4752 96,
2974 4674 3456 4753 Ἑκατομϐαιῶνος
3510 4691 3726 4751 νουμη-

2064 4768 2169 4823 νία.
2206 4766 2270 4825 In
2324 4770 2588 4843 margine
2638 4770 2947 4844 utriusque
3001 4768 3222 4827 codicis
3252 4770 3292 4824 B
3319 4775 3375 4824 et
3408 4772 3449 4821 A
3485 4771 3726 4823 notatur

2068 4848 2428 4935 ’Iavooapioo,
2452 4862 2606 4933 quod
2636 4860 2827 4917 solum
2862 4856 2922 4916 in
2972 4863 3243 4915 contextu
3275 4850 3597 4913 Vaticanus
3624 4872 3725 4911 ex-

2067 4944 2291 5020 primit.
2326 4948 2607 5022 Ideque
2636 4953 2974 5006 Constanter
3003 4946 3347 5004 observatur
3388 4944 3725 5015 ubicunque

2065 5036 2214 5093 alias
2243 5032 2722 5110 Ἑκατομϐαιῶνος
2754 5054 2966 5094 nomen
3019 5036 3275 5110 ponitur.
3308 5027 3721 5103 Ἐκατομϐαιὼν

2067 5127 2419 5183 vocabulum
2476 5129 2791 5199 antiquum
2844 5132 2934 5183 est
2980 5125 3153 5199 primi
3211 5123 3434 5180 mensis
3474 5122 3533 5177 in
3567 5134 3722 5178 anno

2070 5214 2273 5280 Attico,
2298 5219 2371 5270 ab
2392 5217 2754 5271 hecatombis
2777 5217 2896 5271 sive
2918 5211 3224 5271 sacriﬁciis
3255 5216 3493 5268 centum
3516 5210 3720 5281 boum,

2070 5322 2196 5376 quae
2229 5305 2608 5375 auspicandis
2652 5300 2789 5359 anni
2841 5305 2969 5359 'novi
3012 5300 3292 5359 Kalendis
3319 5300 3569 5357 solemni
3602 5300 3721 5356 ritu

2070 5394 2305 5461 ﬁebant,
2332 5393 2668 5447 deductum.
2714 5388 2891 5447 Verus
2926 5392 2981 5447 in
3016 5392 3141 5447 cmli
3176 5392 3396 5447 ratione
3426 5392 3577 5447 situs
3609 5390 3721 5443 bu-

2062 5486 2163 5555 jus
2181 5483 2493 5553 mensis,ut
2515 5483 2643 5539 fuse
2662 5484 3025 5539 demonstrat
3042 5483 3422 5539 doctissimus
3446 5480 3717 5535 Petavius

2069 5579 2190 5631 tota
2219 5572 2610 5647 descriptione
2641 5574 2779 5629 anni
2809 5575 3005 5645 Attici,
3047 5574 3368 5647 praesertim
3400 5589 3450 5629 c.
3480 5569 3566 5640 ii,
3601 5564 3639 5623 l.
3675 5576 3717 5625 ι.

2071 5668 2143 5722 De
2186 5665 2437 5723 doctrina
2485 5670 2809 5739 temporum,
2859 5667 2971 5722 fuit
3015 5667 3170 5722 circa
3221 5663 3428 5737 τροπὰς
3479 5658 3717 5734 θερινὰς,

2068 5755 2365 5812 solstitium
2391 5756 2665 5814 a’stivum.
2700 5758 2865 5812 Unde
2911 5751 3094 5812 Great
3143 5758 3413 5811 austeros
3458 5749 3719 5819 classici,
