4072 6396
453 412 588 470 1151

1495 423 1557 474 Ρ.
1599 420 1873 474 POBBINI
1908 415 2526 471 OBSERVATIONUM
2561 415 2695 469 LIB.
2737 416 2834 469 ΙΙΙ.

3704 417 3812 472 1152

451 541 554 614 qui
587 557 680 597 res
711 543 1006 600 Romanas
1038 548 1384 612 tractarunt,
1407 544 1947 601 Hecatombaaonem
1972 556 2105 596 cum
2135 542 2190 608 Α
2221 540 2438 595 festum
2467 541 2724 612 agerent,
2750 538 2978 610 putavit
3007 539 3237 596 erudite
3267 555 3329 596 se
3362 540 3638 596 facturum
3667 543 3709 597 si
3736 561 3815 599 an-

453 647 655 687 mense
675 632 896 688 Juliani
931 635 1065 688 anni
1097 635 1274 689 Junio
1311 637 1426 689 fere
1458 630 2104 705 comparant,Januario

453 724 650 776 autem
699 722 931 777 Juliano
965 724 1160 794 potius
1192 723 1591 779 Gamelionem
1643 725 1967 793 opponunt.
2001 721 2104 774 Re-

452 810 741 866 centiores
789 815 984 866 autem
1019 813 1174 867 690
1205 812 1535 883 expeditius
1569 812 1832 866 Romana
1865 809 2106 864 nomina

452 898 670 954 Graecis
727 899 937 955 litteris
995 901 1352 972 exprimunt,
1407 898 1765 972 ’1ανουάριᾶν,
1825 893 2106 969 Φεϐρουά-

453 1006 595 1060 ριον,
629 987 894 1060 Μάρτιον,
924 992 980 1044 et
1029 990 1113 1044 sic
1164 991 1235 1044 de
1285 991 1507 1045 caeteris
1559 990 1884 1046 scribentes
1917 1002 1931 1041 :
1966 1001 2100 1039 nam

453 1076 670 1147 alioqui
702 1076 882 1133 Graeci
936 1094 1168 1134 menses
1219 1078 1456 1134 lunares
1505 1083 1703 1134 exacte
1754 1076 2105 1147 respondere

447 1164 702 1221 Julianis
726 1166 969 1222 minime
992 1167 1301 1224 lunaribus
1333 1171 1652 1239 nequeunt.
1673 1166 1884 1222 Nostro
1905 1170 2102 1219 tamen

452 1253 793 1326 Pacbymeri
833 1257 1024 1311 visum
1050 1261 1140 1312 est
1171 1257 1316 1312 nulli
1358 1257 1559 1312 tritam
1588 1261 1844 1312 veterum
1879 1257 1980 1309 aut
2001 1253 2100 1320 ju-

453 1342 685 1398 niorum
708 1345 859 1399 viam
883 1345 1174 1402 insistere.
1200 1350 1276 1400 Ac
1306 1363 1442 1401 cum
1468 1347 1585 1400 fere
1605 1345 1798 1401 caeteri
1828 1343 2101 1411 ’Ἑκατομ-

453 1426 688 1492 ϐαιῶνος
721 1449 859 1488 voce
902 1435 1142 1489 Junium
1197 1440 1296 1490 aut
1340 1435 1567 1490 Julium
1622 1433 1956 1504 designent,
1988 1429 2102 1501 ipsi

449 1519 620 1576 libuit
662 1520 720 1576 id
772 1538 986 1578 nomen
1036 1523 1317 1580 Januario
1366 1523 1643 1578 tribuere.
1680 1523 1744 1576 In
1795 1539 1907 1591 quo
1958 1518 2101 1574 satis

451 1614 695 1682 apparet
745 1627 922 1681 quam
972 1613 1262 1668 rationem
1319 1613 1396 1668 sit
1444 1617 1700 1667 secutus.
1752 1610 1898 1676 Quia
1944 1607 2100 1663 enim

450 1698 710 1768 primum
753 1699 890 1753 anni
925 1699 1093 1754 Attici
1147 1716 1408 1755 mensem
1458 1690 1907 1766 Ἑκατομϐαιῶνα
1953 1693 2104 1750 scie-

451 1789 553 1842 bat
578 1788 641 1858 [P
662 1787 787 1858 486]
820 1788 1063 1854 dictum,
1097 1788 1210 1844 isto
1244 1805 1475 1860 quoque
1527 1785 1806 1843 vocabulo
1853 1784 1938 1840 fas
1989 1783 2100 1838 sibi

2212 647 2337 686 sam
2369 647 2438 686 ex
2466 647 2531 686 eo
2564 629 2850 701 arriperet
2901 630 3144 684 secundi
3197 630 3586 685 Romanorum
3633 633 3814 687 mensis

2211 722 2417 775 eodem
2469 719 2764 774 Lenaeonis
2806 718 3090 775 vocabulo
3123 719 3420 790 signandi.
3451 719 3575 774 Haec
3604 720 3813 792 scripse-

2212 826 2337 864 ram
2387 825 2523 863 cum
2573 808 2750 864 incidi
2787 808 2844 862 in
2878 807 3070 863 locum
3123 808 3612 880 Harpocrationis,
3641 810 3727 864 ubi
3769 811 3812 864 in

2214 898 2642 968 Diagrammate
2673 896 2967 952 mensium
2987 897 3314 951 Atticorum
3351 896 3816 969 Romanorumque

2212 984 2464 1055 Ληναιὼν
2494 986 2521 1038 ὁ
2551 983 2641 1038 καὶ
2673 981 2974 1038 Ποσειδεὼν
3017 986 3163 1041 691
3202 1002 3232 1040 e
3263 985 3496 1057 regione
3547 987 3817 1057 opponitur

2212 1069 2593 1149 Φεϐρουαρίῳ.
2631 1076 2689 1130 Id
2724 1079 2995 1130 secutum
3044 1073 3152 1130 hoc
3192 1074 3318 1130 loco
3367 1079 3626 1130 nostrum
3666 1075 3817 1130 credi-

2213 1166 2389 1221 bilius
2420 1169 2510 1220 est
2541 1164 2632 1236 (').

2283 1254 2609 1308 ΚΡΟΝΙΟΣ.
2640 1252 2992 1308 Constanter
3036 1251 3144 1306 hoc
3194 1250 3437 1308 nomine
3485 1252 3817 1308 Pachvmeres

2212 1343 2486 1399 Martium
2541 1357 2801 1397 mensem
2852 1341 3145 1412 indigitat.
3187 1340 3334 1396 Nam
3387 1359 3440 1413 p.
3473 1342 3595 1406 244,
3625 1341 3711 1396 ubi
3754 1341 3818 1396 sic

2212 1433 2497 1502 scriptum
2519 1437 2608 1486 est
2635 1449 2646 1486 :
2669 1431 2780 1485 Τοῦ
2811 1426 2858 1482 δ’
2891 1432 3052 1482 αντοῦ
3084 1425 3238 1490 ἔτους
3272 1429 3440 1500 μηνὸς
3469 1427 3704 1501 Κρονίου,
3737 1432 3821 1481 τῶν

2213 1519 2371 1583 θείων
2435 1521 2659 1591 ἡμερῶν
2725 1520 2826 1584 τῆς
2887 1516 3138 1587 νηστείας
3195 1515 3562 1590 τελουμένων,
3618 1523 3819 1587 uterque

2213 1611 2394 1665 codex
2425 1611 2461 1664 Β
2493 1618 2546 1664 et
2578 1615 2619 1664 Α
2653 1624 2682 1662 e
2717 1607 2950 1679 regione
2993 1608 3152 1663 vocis
3211 1605 3446 1681 Κρονίου
3491 1607 3550 1662 in
3599 1606 3819 1677 margine

2212 1703 2455 1754 annotat
2482 1695 2762 1770 Μαρτίους
2811 1702 2868 1752 et
2909 1697 3125 1767 jejunii
3158 1696 3608 1768 quadragenarii
3640 1695 3819 1751 mentio

2212 1789 2270 1842 in
2304 1804 2439 1842 eum
2474 1803 2736 1841 mensem
2789 1785 3145 1841 incurrentia
3195 1785 3370 1856 plane
3418 1785 3604 1841 Martii
3650 1785 3818 1839 chara-

451 1875 679 1947 putavit
709 1876 967 1946 primum
999 1877 1138 1932 item
1172 1877 1420 1933 Romani
1451 1877 1590 1932 anni
1625 1892 1882 1931 mensem
1918 1871 2104 1942 appcl-
2133 1898 2178 1961 Β
2211 1884 2426 1933 cterem
2474 1877 2670 1931 habet.
2714 1875 2996 1930 Praeterea
3023 1893 3080 1946 p.
3116 1876 3240 1942 355,
3275 1876 3344 1929 ad
3393 1892 3461 1930 ea
3500 1875 3666 1930 verba
3708 1874 3823 1961 Κρο-

449 1964 590 2033 lare,
616 1981 823 2036 parum
855 1969 1058 2021 curato
1087 1966 1433 2021 discrimine
1466 1964 2000 2036 tempestatum.Ac
2023 1961 2101 2016 si-

452 2053 652 2108 milem
685 2054 744 2109 in
777 2054 1028 2110 aliorum
1081 2055 1260 2110 etiam
1312 2054 1761 2110 nomenclatura
1810 2051 2104 2106 mensium

447 2142 744 2198 licentiam
777 2159 1074 2214 usurpans
1106 2144 1479 2215 implicuerat
1499 2143 1745 2198 lectores
1767 2157 1906 2197 suos
1925 2139 2110 2194 ambi-

448 2231 670 2303 guitate
701 2232 1196 2301 perincommoda,
1223 2233 1334 2286 nisi
1366 2234 1494 2302 ejus
1523 2230 1747 2286 librarii
1779 2227 2106 2284 succurris-

450 2323 582 2375 sent
613 2319 870 2374 notando
900 2318 1018 2375 fere
1053 2321 1272 2392 ubique
1303 2321 1360 2375 in
1394 2336 1496 2375 ora
1527 2318 1813 2391 marginis
1842 2333 1976 2372 vero
2008 2333 2106 2372 no-

449 2408 608 2464 mine
642 2410 864 2464 mensis
898 2409 1154 2464 indicati.

519 2495 855 2566 AHNAIQN,
888 2513 946 2567 p.
978 2497 1101 2550 306.
1153 2496 1218 2550 Ἡ
1271 2495 1446 2567 μηνὸς
1488 2497 1802 2565 Ληναιῶνος
1862 2490 2105 2565 δευτέρα.

447 2589 513 2639 In
547 2585 813 2657 margine
844 2585 1150 2641 amborum
1183 2587 1535 2657 Optimorum
1562 2586 1730 2641 codd.
1758 2590 1796 2639 Β
1821 2591 1878 2639 et
1901 2587 1938 2640 A
1966 2589 2024 2639 et
2044 2584 2104 2640 in

441 2679 719 2730 contextu
753 2673 798 2726 V
830 2667 1204 2750 Φεϐρουαρίου
1245 2675 1545 2730 scribitur.
1581 2680 1660 2731 Ac
1702 2692 1792 2730 res
1844 2676 1973 2746 ipsa
2020 2673 2106 2729 lo-

443 2764 649 2835 quitur
692 2764 1070 2819 Februarium
1107 2765 1200 2819 hic
1231 2764 1476 2836 signari,
1509 2765 1680 2835 cujus
1717 2763 1809 2818 die
1842 2764 2103 2819 secunda

444 2851 1045 2923 festum'l‘mnav-cﬁc,
1079 2856 1233 2924 quod
1270 2854 1744 2909 Puriﬁcationem
1779 2854 1957 2931 beatae
1982 2852 2104 2908 Dei-

441 2958 591 3013 paraa
645 2941 827 2996 Latini
888 2942 1164 3010 dicimus,
1216 2943 1496 2998 celebrari
1560 2943 1940 2998 manifestum
1990 2945 2102 2997 est.

441 3031 521 3087 De
552 3031 658 3085 hoc
707 3035 902 3085 autem
965 3032 1110 3086 festo
1160 3031 1254 3087 hic
1307 3037 1507 3088 noster
1555 3031 1674 3102 agit
1725 3032 2099 3087 nominatim.

442 3120 606 3176 Unde
651 3124 844 3174 autem
878 3118 936 3175 in
972 3126 1226 3176 mentem
1281 3121 1394 3194 ipsi
1443 3121 1666 3177 venerit
1714 3120 2097 3176 Februarium

443 3211 730 3279 Ληναιῶνα
779 3225 1003 3276 vocare,
1037 3211 1297 3266 difﬁcilis
1353 3212 1691 3282 conjectura
1737 3215 1870 3264 est:
1905 3226 2094 3280 neque

437 3298 598 3355 enim
648 3297 805 3353 ullus
852 3299 1180 3354 Atticorum
1213 3299 1388 3370 vulgo
1432 3303 1891 3354 memoratorum
1923 3314 1992 3354 ac
2023 3315 2094 3353 ne

435 3387 944 3442 Macedonicorum
961 3388 1222 3458 quidem,
1243 3385 2093 3459 Bithynicorum,Pythicorum

437 3480 538 3532 aut
568 3476 810 3531 omnino
844 3475 1024 3530 ullius
1054 3475 1248 3530 Greece
1296 3476 1504 3530 locutaa
1552 3475 1748 3546 gentis
1800 3474 2092 3529 mensium

437 3564 546 3620 hoc
596 3580 833 3628 nomen,
867 3565 1022 3634 quod
1074 3564 1277 3634 sciam,
1311 3565 1441 3620 fuit.
1475 3563 1689 3618 Scribit
1717 3563 1955 3634 quidem
1989 3563 2095 3619 Pe-

437 3653 652 3718 tavius,
703 3652 744 3707 Ῑ.
797 3668 814 3706 ι
863 3653 938 3707 De
987 3653 1135 3706 Doct.
1176 3657 1364 3723 temp.,
1397 3669 1449 3706 c.
1481 3653 1569 3719 34,
1603 3650 1893 3705 Βουκάτιον
1931 3653 2094 3707 Bceo-

439 3746 633 3796 torum
669 3740 923 3812 primum
964 3757 1224 3796 mensem
1260 3744 1554 3808 Ληναιῶνα
1585 3741 1779 3796 vocari
1812 3742 1882 3796 ab
1917 3746 2096 3813 Hesy-

440 3830 592 3885 cbio.
626 3829 864 3896 Verum,
900 3830 1055 3899 quod
1104 3831 1209 3884 viri
1273 3830 1493 3886 summi
1542 3848 1684 3902 pace
1735 3831 2003 3902 dixerim,
2036 3831 2095 3887 id

442 3919 596 3990 apud
632 3918 989 3988 Hesychium
1023 3936 1138 3974 non
1172 3919 1323 3990 lego,
1348 3919 1474 3976 loco
1507 3937 1683 3993 quem
1719 3921 1843 3992 ipse
1873 3921 2092 3987 citavit,

440 4008 616 4063 verbo
649 4008 874 4063 scilicet
897 4008 1175 4076 Ληναιὼν,
1201 4010 1300 4065 ubi
1334 4015 1537 4065 contra
1568 4010 1652 4066 sic
1683 4009 1967 4080 scriptum
2002 4026 2098 4065 ex-

444 4100 562 4151 stat
610 4113 624 4153 :
676 4097 927 4166 Ληναιὼν
986 4098 1117 4168 μήν.
1177 4095 1386 4153 Οὐδένα
1437 4101 1545 4150 τῶν
1610 4100 1795 4169 μηνῶν
1856 4096 2096 4152 Βοιωτοὶ

444 4181 588 4238 οὕτω
635 4183 916 4240 καλοῦσιν.
969 4183 1186 4254 Εἷκάζει
1221 4183 1278 4240 δὲ
1309 4187 1336 4240 6
1387 4185 1750 4259 Πλούταρχος
1778 4185 2095 4242 Βουκάτιον·

443 4272 534 4327 καὶ
591 4273 694 4348 γὰρ
753 4273 966 4349 ψυχρός
1024 4273 1188 4330 ἐστιν.
1247 4277 1423 4331 ’Ένιοι
1484 4272 1541 4329 δὶ
1597 4277 1686 4329 τὸν
1720 4276 2006 4350 Ἑρμαῖον,
2037 4276 2097 4337 ’ὸς

449 4362 585 4435 μετᾶ
642 4363 939 4420 Βουκάτιόν
1000 4363 1162 4419 ἐστιν·
1223 4364 1313 4419 καὶ
1373 4365 1471 4438 γὰρ
1529 4367 1814 4435 Ἀθηναῖοι
1861 4365 2097 4433 τὴντῶν

445 4450 696 4520 Ληναίων
750 4452 942 4524 ἑορτὴν
976 4451 1026 4506 ἐν
1061 4454 1208 4524 αὐτῷ
1257 4450 1505 4528 ἄγουσιν.
1546 4455 1664 4510 Hoc
1692 4460 1782 4510 est
1814 4470 1828 4509 :
1865 4455 2103 4511 Lenaeon

443 4544 671 4599 mensis.
694 4543 921 4597 Nullum
949 4543 1225 4599 mensium
1254 4546 1427 4599 Βαίοιί
1453 4546 1532 4599 sic
1560 4545 1861 4616 appellant.
1889 4543 2100 4598 [ndicat

443 4636 629 4687 autem
677 4633 1006 4687 Plutarchus
1052 4636 1347 4689 Bucatium
1381 4651 1399 4688 :
1430 4651 1564 4688 nam
1596 4602 1656 4688 ’ἐι
1695 4633 1944 4705 [rigidus
1995 4636 2093 4687 est.
2133 4602 2176 4666 ί)

441 4721 630 4791 Aliqui
651 4737 774 4777 vero
806 4722 1138 4790 Hermaeum,
1159 4722 1256 4795 qui
1283 4732 1402 4794 post
1433 4722 1728 4778 Bucatium
1751 4726 1831 4777 est
1854 4739 1871 4777 :
1895 4724 2098 4777 etenim

442 4811 787 4865 Athenienses
818 4812 1134 4866 Lenworum
1165 4813 1368 4882 festum
1419 4813 1475 4865 in
1529 4813 1649 4882 ipso
1699 4817 1894 4880 agunt.
1929 4814 2096 4865 Hunc

443 4897 640 4953 locum
690 4898 963 4970 Hesychii
1014 4899 1321 4972 descripsi,
1372 4900 1514 4972 quia
1563 4917 1632 4955 ex
1679 4899 1779 4955 illo
1829 4899 2099 4970 suspicor

444 4988 702 5043 oblatam
751 4990 1116 5045 occasionem
1159 4989 1498 5062 Pachymeri
1535 4989 1816 5046 Lenazona
1847 4990 2097 5044 Februa-

442 5076 596 5131 rium
621 5077 887 5132 vocandi.
911 5078 1200 5133 Nimirum
1237 5095 1368 5134 cum
1404 5079 1540 5134 inde
1570 5084 1767 5134 noster
1797 5079 2100 5133 didicisset

443 5165 768 5220 secundum
801 5166 1185 5222 Thebaaorum
1213 5183 1475 5223 mensem
1501 5168 1599 5238 qui
1626 5167 1926 5222 Bucatium
1961 5165 2098 5220 anni

442 5255 705 5310 Thebani
729 5263 905 5327 caput
927 5258 1128 5314 statim
1162 5259 1430 5330 sequitur
1452 5265 1507 5314 et
1526 5257 1788 5332 Ἑρμαῖος
1819 5260 2100 5314 Hermwus

443 5359 657 5398 nomen
708 5345 903 5407 habet.
937 5346 1233 5417 aliquibus
1282 5348 1464 5403 videri
1515 5348 1817 5402 Lcnaeonis
1868 5362 2101 5417 quoque

440 5434 618 5488 verbo
649 5434 1051 5505 designatum,
1083 5438 1299 5492 idcirco
1350 5438 1504 5508 quod
1553 5438 1708 5492 circa
1738 5443 1974 5507 tempus
2005 5452 2099 5490 se-

443 5523 622 5578 cundi
670 5522 891 5578 mensis
942 5523 1274 5580 Bmotorum
1324 5525 1712 5582 Athenienses
1762 5525 2099 5580 Lenaorum

513 5727 582 5797 (')
611 5726 697 5786 Cf.
730 5725 993 5782 Glossar.
1025 5725 1276 5783 alterum
1305 5744 1360 5782 v.
1394 5728 1674 5797 Ληναιών.

2209 1964 2325 2020 νίου
2383 1964 2551 2037 μηνὸς
2611 1961 2914 2034 ἐνστάντος,
2968 1971 3214 2035 uterque
3265 1965 3446 2020 codex
3477 1964 3547 2018 ad
3579 1979 3724 2018 oram
3767 1960 3824 2014 li-

2209 2057 2299 2111 bri
2333 2053 2570 2129 Μάρτιον
2605 2053 2760 2110 clare
2792 2054 3082 2110 nominat.
3114 2053 3301 2109 Vatic.
3339 2069 3567 2124 quoque
3597 2053 3663 2107 de
3691 2065 3820 2105 more

2212 2142 2458 2218 Μαρτίου
2509 2161 2611 2215 pro
2663 2141 2888 2215 Κρονίου
2938 2143 2997 2198 in
3047 2147 3321 2199 contextu
3382 2142 3639 2198 collocat.
3687 2138 3818 2206 Quod

2210 2234 2351 2289 item
2387 2233 2524 2288 facit
2555 2250 2611 2304 p.
2640 2233 2767 2302 396,
2799 2231 2898 2286 ubi
2934 2231 3056 2287 haec
3087 2230 3340 2287 aliorum
3391 2231 3649 2287 codicum
3677 2228 3820 2282 verba

2209 2319 2447 2396 Κρονίου
2491 2318 2807 2394 ἀρχομένου
2843 2319 3040 2392 μηνὸς,
3074 2321 3198 2389 ipse
3247 2321 3443 2376 reddit
3490 2316 3720 2392 Μαρτίου
3746 2314 3822 2388 ἆρ-

2209 2410 2453 2486 χομένου
2518 2409 2711 2482 μηνός.
2745 2410 2820 2466 Ut
2849 2410 3159 2465 dubitandi
3218 2409 3385 2466 locus
3435 2426 3546 2464 non
3605 2404 3821 2478 supersit

2209 2501 2352 2574 quin
2401 2501 2644 2555 Martius
2696 2499 2920 2554 mensis
2952 2499 3011 2554 in
3044 2499 3154 2554 hac
3189 2499 3443 2555 historia
3472 2499 3685 2554 dicatur
3710 2487 3816 2566 Κρὸ-

2206 2609 2344 2651 νιος.
2379 2590 2489 2645 Sed
2538 2605 2716 2660 quam
2760 2588 3146 2644 manifestum
3181 2589 3428 2653 factum,
3460 2592 3576 2642 tam
3608 2586 3817 2640 obscura

2205 2678 2342 2735 facti
2373 2694 2552 2734 causa
2584 2682 2693 2732 est.
2727 2677 2874 2744 Quid
2908 2677 3065 2733 enim
3101 2675 3417 2732 verisimile
3449 2673 3814 2731 comminisca-

2206 2784 2342 2824 mur
2363 2784 2469 2823 cur
2499 2766 2730 2837 primus
2754 2770 2810 2820 et
2837 2783 2991 2821 unus
3029 2765 3419 2836 Pachymeres
3467 2779 3652 2818 vocem
3698 2755 3812 2832 Κρό-

2203 2875 2318 2915 νιος
2375 2855 2435 2909 in
2496 2853 2870 2928 ignotissima
2931 2853 3137 2925 priscis
3182 2854 3360 2923 juxta
3418 2851 3816 2918 recentibusque

2206 2944 2443 3000 notione
2464 2941 2876 3014 usurpaverit?
2901 2947 3050 2998 Dum
3085 2941 3244 2997 aliud
3269 2940 3650 3014 opportunius
3672 2950 3816 3006 sagax

2202 3032 2386 3088 lector
2414 3032 2680 3104 expediet
2707 3047 2814 3104 ego
2838 3031 3185 3102 suspicabar
3216 3037 3510 3098 nostrum,
3543 3044 3666 3085 cum
3695 3025 3815 3080 forte

2202 3121 2447 3177 vidisset
2477 3121 2535 3175 in
2566 3121 3039 3192 llarpocrationis
3072 3119 3512 3190 Diagrammate
3564 3113 3812 3172 mensium

2208 3209 2482 3282 superius
2549 3208 2787 3265 laudato
2852 3208 3320 3264 llecatombaaoni
3383 3225 3484 3280 pro
3536 3215 3814 3277 synonymo

2205 3297 2476 3354 Cronium
2529 3297 2764 3370 apponi,
2798 3302 2855 3352 et
2884 3297 3123 3352 aliunde
3168 3297 3350 3352 sciret
3395 3295 3656 3351 Martium
3700 3291 3811 3345 olim

2199 3387 2382 3442 fuisse
2415 3387 2672 3458 primum
2708 3388 2845 3441 anni
2877 3386 3119 3442 Romani
3173 3402 3440 3441 mensem
3475 3386 3646 3456 (juxta
3692 3375 3808 3435 illud

2198 3474 2580 3530 tritissimum
2614 3474 2831 3529 Tibulli
2863 3491 2877 3530 :

2290 3582 2354 3653 [P
2385 3581 2512 3651 487]
2547 3582 2744 3637 Martis
2775 3580 3008 3653 Romani
3035 3584 3188 3651 festae
3219 3597 3424 3636 venere
3455 3576 3696 3653 Kalends
3723 3591 3739 3628 :

2448 3654 2726 3708 Exoriens
2758 3651 2961 3707 nostris
2993 3652 3082 3707 hic
3110 3655 3221 3723 [uit
3251 3669 3434 3707 annus
3461 3651 3613 3720 avis),

2199 3741 2300 3797 sed
2344 3746 2549 3812 postea
2579 3740 2791 3795 additis
2837 3740 3170 3795 decimestri
3217 3757 3376 3796 anno
3421 3740 3633 3795 duobus
3680 3747 3810 3788 men-

2200 3833 2366 3887 sibus
2392 3833 2674 3887 honorem
2694 3831 2945 3886 ducendi
2978 3848 3198 3886 annum
3229 3829 3515 3885 Januario
3546 3829 3809 3885 tributum,

2202 3922 2635 3994 Pachymerem,
2686 3920 2957 3991 inquam,
3004 3920 3114 3975 hoc
3164 3936 3226 3974 se
3275 3937 3454 3975 nosse
3510 3915 3807 3990 gestientem

2201 4015 2518 4074 ostentare,
2551 4008 2783 4063 duobus
2823 4007 3127 4063 mensibus
3160 4007 3333 4079 quasi
3359 4009 3429 4062 de
3453 4007 3686 4078 primatu
3713 4013 3809 4054 cer-

2203 4099 2464 4155 tantibus
2508 4097 2568 4152 in
2621 4097 2885 4152 Romano
2917 4114 3094 4164 anno,
3126 4096 3413 4151 vocabula
3441 4097 3553 4150 duo
3579 4087 3806 4147 divisisse

2204 4204 2332 4259 quae
2381 4186 2555 4240 Attici
2608 4185 2748 4240 anni
2799 4185 2989 4256 primo
3042 4185 3231 4240 mensi
3291 4185 3678 4240 convenirent.
3707 4175 3808 4231 Dia-

2205 4292 2474 4348 gramma
2528 4273 2675 4329 illud
2720 4273 2903 4329 semel
2954 4275 3050 4330 hic
3099 4274 3434 4329 describere
3487 4270 3624 4327 tanti
3653 4267 3805 4322 visum

2205 4369 2316 4420 est.

2490 4449 2766 4523 Ὀνόματα
2819 4455 3004 4524 μηνῶν
3053 4450 3189 4506 κατὰ
3228 4448 3569 4520 Ἀθηναίους.

2276 4534 2687 4612 Ἑκατομϐαιὼν
2722 4540 2750 4594 6
2782 4541 2868 4596 καὶ
2906 4541 3044 4617 Κρό-
3120 4541 3149 4617 6
3193 4534 3564 4617 Σ-επτέξιὲϐριος

2278 4633 2396 4672 νιος
2477 4606 2487 4612 ’
2659 4683 2668 4686 _
2950 4606 2960 4617 ’
3125 4614 3152 4667 ὁ
3196 4606 3532 4686 Ὀκτώζϐρὶος

2281 4683 2680 4756 Μεταγειτνειώ
3111 4686 3140 4738 ὁ
3181 4679 3514 4756 Δεκέμϐριος

2276 4754 2590 4827 Πυανεψιών
2666 4826 2674 4828 _
3113 4757 3141 4810 6
3183 4754 3510 4828 Ἰανουάριος

2277 4821 2714 4902 Μαιμακτηριών
2907 4895 2926 4902 _
2988 4897 2997 4902 _
3182 4821 3551 4902 ᾖεβρουοὶριος

2276 4895 2535 4972 Ληναιὼνῄ
2561 4895 2591 4951 6
2618 4899 2705 4952 καὶ
2737 4895 3037 4953 Ποσειδεὼν
3116 4901 3143 4955 6
3186 4895 3432 4972 Μάρτιος

2275 4968 2576 5044 Γαίμηλιών
2628 5042 2634 5044 _
3117 4973 3144 5026 6
3187 4968 3513 5044 Ἀέιέρίλλιος

2279 5042 2535 5115 Ἀνθεστῃ
2547 5042 2676 5115 ρλιῴν
3110 5044 3138 5097 6
3179 5042 3354 5115 Μάϊος

2280 5109 2705 5188 Ἐλαφηῦο-λίών
3173 5113 3402 5188 Ἰοιξινιος

2281 5184 2611 5246 Μουνύγιών
3104 5187 3132 5240 ὁ
3175 5184 3405 5246 ’106)Lo¢

2282 5205 2467 5243 Μουνυ
2519 5205 2611 5238 ιων
3104 5205 3132 5240 ο
3179 5205 3405 5246 ἰουιιος

2282 5205 2610 5332 Θαργηξιών
3097 5258 3125 5311 6
3169 5254 3506 5331 Αὕγουστους

2283 5345 2696 5422 Σκιῤῥοφοριών

2282 5419 2435 5492 69'2"
2467 5419 2930 5490 B'OHAPOMIQN.
2967 5452 3022 5506 p.
3057 5436 3164 5490 257
3214 5430 3631 5508 Βοηδρομιῶνος
3680 5419 3806 5508 ιστο-

2216 5523 2399 5596 μένου.
2466 5524 2719 5596 Uterque
2777 5525 2906 5580 cod.
3013 5530 3070 5580 et
3104 5527 3142 5580 Α
3173 5524 3233 5580 in
3284 5497 3384 5580 ora
3433 5497 3560 5576 libri
3612 5497 3808 5579 Ἀπριλ“
