  <div class='ocr_page' id='page_1' title='image "/cluster/home/n/w/nwhite01/storage/ocr_20150623/143:no.1/coo.31924054870484/586.png"; bbox 0 0 4072 6386; ppageno 0'>
   <div class='ocr_carea' id='block_1_1' title="bbox 292 409 430 464">
    <p class='ocr_par' dir='ltr' id='par_1_1' title="bbox 292 409 430 464">
     <span class='ocr_line' id='line_1_1' title="bbox 292 409 430 464; baseline 0 0"><span class='ocrx_word' id='word_1_1' title='bbox 292 409 430 464; x_wconf 89' lang='grc'><strong>1153</strong></span> 
     </span>
    </p>
   </div>
   <div class='ocr_carea' id='block_1_2' title="bbox 1688 398 2312 456">
    <p class='ocr_par' dir='ltr' id='par_1_2' title="bbox 1688 398 2312 456">
     <span class='ocr_line' id='line_1_2' title="bbox 1688 398 2312 456; baseline -0.008 0"><span class='ocrx_word' id='word_1_2' title='bbox 1688 398 2312 456; x_wconf 79' lang='lat' dir='ltr'><strong>CHRONOLOGICUS.</strong></span> 
     </span>
    </p>
   </div>
   <div class='ocr_carea' id='block_1_3' title="bbox 3571 398 3708 454">
    <p class='ocr_par' dir='ltr' id='par_1_3' title="bbox 3571 398 3708 454">
     <span class='ocr_line' id='line_1_3' title="bbox 3571 398 3708 454; baseline -0.007 0"><span class='ocrx_word' id='word_1_3' title='bbox 3571 398 3708 454; x_wconf 80' lang='grc'><strong>1154</strong></span> 
     </span>
    </p>
   </div>
   <div class='ocr_carea' id='block_1_4' title="bbox 293 519 1963 598">
    <p class='ocr_par' dir='ltr' id='par_1_4' title="bbox 293 520 1940 598">
     <span class='ocr_line' id='line_1_4' title="bbox 293 520 1940 598; baseline -0.004 -14"><span class='ocrx_word' id='word_1_4' title='bbox 293 528 440 597; x_wconf 76' lang='grc' dir='ltr'>λίου,</span> <span class='ocrx_word' id='word_1_5' title='bbox 470 528 656 584; x_wconf 87' lang='lat' dir='ltr'><strong>Vatic.</strong></span> <span class='ocrx_word' id='word_1_6' title='bbox 686 527 810 581; x_wconf 79' lang='grc' dir='ltr'>τότε</span> <span class='ocrx_word' id='word_1_7' title='bbox 838 524 1014 580; x_wconf 81' lang='grc' dir='ltr'>τοίνυν</span> <span class='ocrx_word' id='word_1_8' title='bbox 1057 521 1392 598; x_wconf 71' lang='grc' dir='ltr'>Ἀπριλλίου</span> <span class='ocrx_word' id='word_1_9' title='bbox 1422 520 1756 598; x_wconf 73' lang='grc' dir='ltr'>ἀρχομὲνου.</span> <span class='ocrx_word' id='word_1_10' title='bbox 1803 523 1940 579; x_wconf 84' lang='lat' dir='ltr'><strong>Boe-</strong></span> 
     </span>
    </p>
   </div>
   <div class='ocr_carea' id='block_1_5' title="bbox 2080 519 3703 598">
    <p class='ocr_par' dir='ltr' id='par_1_5' title="bbox 2080 519 3703 593">
     <span class='ocr_line' id='line_1_5' title="bbox 2080 519 3703 593; baseline 0.001 -16"><span class='ocrx_word' id='word_1_11' title='bbox 2080 521 2237 577; x_wconf 87' lang='lat' dir='ltr'><strong>uisse</strong></span> <span class='ocrx_word' id='word_1_12' title='bbox 2268 519 2691 591; x_wconf 80' lang='lat' dir='ltr'><strong>Gamelionem,</strong></span> <span class='ocrx_word' id='word_1_13' title='bbox 2723 537 2899 593; x_wconf 86' lang='lat' dir='ltr'><strong>quem</strong></span> <span class='ocrx_word' id='word_1_14' title='bbox 2932 524 3089 577; x_wconf 91' lang='lat' dir='ltr'><strong>certo</strong></span> <span class='ocrx_word' id='word_1_15' title='bbox 3132 519 3393 577; x_wconf 80' lang='lat' dir='ltr'><strong>vidimus</strong></span> <span class='ocrx_word' id='word_1_16' title='bbox 3438 523 3703 593; x_wconf 84' lang='lat' dir='ltr'><strong>Septem-</strong></span> 
     </span>
    </p>
   </div>
   <div class='ocr_carea' id='block_1_6' title="bbox 294 613 1951 676">
    <p class='ocr_par' dir='ltr' id='par_1_6' title="bbox 294 613 1951 676">
     <span class='ocr_line' id='line_1_6' title="bbox 294 613 1951 676; baseline -0.005 -1"><span class='ocrx_word' id='word_1_17' title='bbox 294 621 661 676; x_wconf 89' lang='lat' dir='ltr'><strong>dromionem</strong></span> <span class='ocrx_word' id='word_1_18' title='bbox 687 618 930 672; x_wconf 88' lang='lat' dir='ltr'><strong>tertium</strong></span> <span class='ocrx_word' id='word_1_19' title='bbox 964 617 1147 671; x_wconf 84' lang='lat' dir='ltr'><strong>fuisse</strong></span> <span class='ocrx_word' id='word_1_20' title='bbox 1180 631 1446 670; x_wconf 88' lang='lat' dir='ltr'><strong>mensem</strong></span> <span class='ocrx_word' id='word_1_21' title='bbox 1477 614 1536 669; x_wconf 91' lang='lat' dir='ltr'><strong>in</strong></span> <span class='ocrx_word' id='word_1_22' title='bbox 1571 630 1723 668; x_wconf 89' lang='lat' dir='ltr'><strong>anno</strong></span> <span class='ocrx_word' id='word_1_23' title='bbox 1757 613 1951 668; x_wconf 85' lang='lat' dir='ltr'><strong>Attico</strong></span> 
     </span>
    </p>
   </div>
   <div class='ocr_carea' id='block_1_7' title="bbox 292 705 1950 775">
    <p class='ocr_par' dir='ltr' id='par_1_7' title="bbox 292 705 1950 775">
     <span class='ocr_line' id='line_1_7' title="bbox 292 705 1950 775; baseline -0.005 -9"><span class='ocrx_word' id='word_1_24' title='bbox 292 710 664 766; x_wconf 82' lang='lat' dir='ltr'><strong>demonstrat</strong></span> <span class='ocrx_word' id='word_1_25' title='bbox 693 706 991 771; x_wconf 78' lang='lat' dir='ltr'><strong>Petavius,</strong></span> <span class='ocrx_word' id='word_1_26' title='bbox 1024 706 1068 775; x_wconf 90' lang='grc' dir='ltr'>Ι,</span> <span class='ocrx_word' id='word_1_27' title='bbox 1103 723 1122 760; x_wconf 83' lang='lat'>1</span> <span class='ocrx_word' id='word_1_28' title='bbox 1154 707 1228 760; x_wconf 86' lang='lat' dir='ltr'><strong>De</strong></span> <span class='ocrx_word' id='word_1_29' title='bbox 1262 709 1414 761; x_wconf 82' lang='lat' dir='ltr'><strong>Doct.</strong></span> <span class='ocrx_word' id='word_1_30' title='bbox 1449 713 1613 773; x_wconf 82' lang='lat' dir='ltr'><strong>temp.</strong></span> <span class='ocrx_word' id='word_1_31' title='bbox 1648 721 1696 758; x_wconf 93' lang='lat' dir='ltr'><strong>c.</strong></span> <span class='ocrx_word' id='word_1_32' title='bbox 1733 705 1822 770; x_wconf 87' lang='grc'><strong>11,</strong></span> <span class='ocrx_word' id='word_1_33' title='bbox 1871 707 1950 757; x_wconf 86' lang='lat' dir='ltr'><strong>te-</strong></span> 
     </span>
    </p>
   </div>
   <div class='ocr_carea' id='block_1_8' title="bbox 293 793 1950 866">
    <p class='ocr_par' dir='ltr' id='par_1_8' title="bbox 293 793 1950 866">
     <span class='ocr_line' id='line_1_8' title="bbox 293 793 1950 866; baseline -0.005 -11"><span class='ocrx_word' id='word_1_34' title='bbox 293 797 600 857; x_wconf 88' lang='lat' dir='ltr'><strong>stimniuis</strong></span> <span class='ocrx_word' id='word_1_35' title='bbox 626 795 975 864; x_wconf 78' lang='lat' dir='ltr'><strong>Aristotelis,</strong></span> <span class='ocrx_word' id='word_1_36' title='bbox 993 794 1378 866; x_wconf 88' lang='lat' dir='ltr'><strong>TbeOphrasti</strong></span> <span class='ocrx_word' id='word_1_37' title='bbox 1395 798 1451 849; x_wconf 90' lang='lat' dir='ltr'><strong>et</strong></span> <span class='ocrx_word' id='word_1_38' title='bbox 1472 793 1662 849; x_wconf 87' lang='lat' dir='ltr'><strong>Plinii.</strong></span> <span class='ocrx_word' id='word_1_39' title='bbox 1688 794 1794 848; x_wconf 89' lang='lat' dir='ltr'><strong>Sed</strong></span> <span class='ocrx_word' id='word_1_40' title='bbox 1815 809 1950 848; x_wconf 93' lang='lat' dir='ltr'><strong>cum</strong></span> 
     </span>
    </p>
   </div>
   <div class='ocr_carea' id='block_1_9' title="bbox 295 881 1951 955">
    <p class='ocr_par' dir='ltr' id='par_1_9' title="bbox 295 881 1951 955">
     <span class='ocr_line' id='line_1_9' title="bbox 295 881 1951 955; baseline -0.004 -12"><span class='ocrx_word' id='word_1_41' title='bbox 295 887 536 944; x_wconf 87' lang='lat' dir='ltr'><strong>tertium</strong></span> <span class='ocrx_word' id='word_1_42' title='bbox 569 885 763 940; x_wconf 90' lang='lat' dir='ltr'><strong>locum</strong></span> <span class='ocrx_word' id='word_1_43' title='bbox 790 886 916 955; x_wconf 89' lang='lat' dir='ltr'><strong>jam</strong></span> <span class='ocrx_word' id='word_1_44' title='bbox 948 887 1295 955; x_wconf 83' lang='lat' dir='ltr'><strong>occupasset</strong></span> <span class='ocrx_word' id='word_1_45' title='bbox 1322 881 1695 954; x_wconf 79' lang='lat' dir='ltr'><strong>Pacbymeris</strong></span> <span class='ocrx_word' id='word_1_46' title='bbox 1725 882 1951 952; x_wconf 88' lang='lat' dir='ltr'><strong>judicio</strong></span> 
     </span>
    </p>
   </div>
   <div class='ocr_carea' id='block_1_10' title="bbox 295 971 1954 1044">
    <p class='ocr_par' dir='ltr' id='par_1_10' title="bbox 295 971 1954 1044">
     <span class='ocr_line' id='line_1_10' title="bbox 295 971 1954 1044; baseline -0.004 -12"><span class='ocrx_word' id='word_1_47' title='bbox 295 976 569 1042; x_wconf 81' lang='lat' dir='ltr'><strong>Cronius,</strong></span> <span class='ocrx_word' id='word_1_48' title='bbox 617 979 891 1044; x_wconf 84' lang='lat' dir='ltr'><strong>quartum</strong></span> <span class='ocrx_word' id='word_1_49' title='bbox 943 973 1028 1027; x_wconf 91' lang='lat' dir='ltr'><strong>illi</strong></span> <span class='ocrx_word' id='word_1_50' title='bbox 1077 973 1420 1044; x_wconf 81' lang='lat' dir='ltr'><strong>assignavit,</strong></span> <span class='ocrx_word' id='word_1_51' title='bbox 1473 976 1575 1027; x_wconf 88' lang='lat' dir='ltr'><strong>aut</strong></span> <span class='ocrx_word' id='word_1_52' title='bbox 1627 971 1786 1026; x_wconf 82' lang='lat' dir='ltr'><strong>aliud</strong></span> <span class='ocrx_word' id='word_1_53' title='bbox 1863 975 1954 1026; x_wconf 90' lang='lat' dir='ltr'><strong>est</strong></span> 
     </span>
    </p>
   </div>
   <div class='ocr_carea' id='block_1_11' title="bbox 295 1060 1953 1134">
    <p class='ocr_par' dir='ltr' id='par_1_11' title="bbox 295 1060 1953 1134">
     <span class='ocr_line' id='line_1_11' title="bbox 295 1060 1953 1134; baseline -0.002 -12"><span class='ocrx_word' id='word_1_54' title='bbox 295 1070 536 1122; x_wconf 89' lang='lat' dir='ltr'><strong>secutus</strong></span> <span class='ocrx_word' id='word_1_55' title='bbox 584 1063 740 1134; x_wconf 91' lang='lat' dir='ltr'><strong>quod</strong></span> <span class='ocrx_word' id='word_1_56' title='bbox 776 1079 890 1117; x_wconf 90' lang='lat' dir='ltr'><strong>non</strong></span> <span class='ocrx_word' id='word_1_57' title='bbox 934 1061 1097 1116; x_wconf 82' lang='lat' dir='ltr'><strong>latet.</strong></span> <span class='ocrx_word' id='word_1_58' title='bbox 1158 1062 1238 1117; x_wconf 91' lang='lat' dir='ltr'><strong>De</strong></span> <span class='ocrx_word' id='word_1_59' title='bbox 1278 1079 1338 1117; x_wconf 87' lang='lat' dir='ltr'><strong>re</strong></span> <span class='ocrx_word' id='word_1_60' title='bbox 1384 1061 1512 1128; x_wconf 87' lang='lat' dir='ltr'><strong>ipsa</strong></span> <span class='ocrx_word' id='word_1_61' title='bbox 1556 1065 1807 1128; x_wconf 83' lang='lat' dir='ltr'><strong>constat,</strong></span> <span class='ocrx_word' id='word_1_62' title='bbox 1855 1060 1953 1118; x_wconf 85' lang='lat' dir='ltr'><strong>hic</strong></span> 
     </span>
    </p>
   </div>
   <div class='ocr_carea' id='block_1_12' title="bbox 294 1149 1954 1223">
    <p class='ocr_par' dir='ltr' id='par_1_12' title="bbox 294 1149 1954 1223">
     <span class='ocr_line' id='line_1_12' title="bbox 294 1149 1954 1223; baseline -0.002 -14"><span class='ocrx_word' id='word_1_63' title='bbox 294 1153 520 1210; x_wconf 86' lang='lat' dir='ltr'><strong>Juliani</strong></span> <span class='ocrx_word' id='word_1_64' title='bbox 554 1152 693 1206; x_wconf 90' lang='lat' dir='ltr'><strong>anni</strong></span> <span class='ocrx_word' id='word_1_65' title='bbox 717 1151 977 1222; x_wconf 82' lang='lat' dir='ltr'><strong>Aprilem</strong></span> <span class='ocrx_word' id='word_1_66' title='bbox 1011 1149 1285 1223; x_wconf 84' lang='lat' dir='ltr'><strong>intelligi,</strong></span> <span class='ocrx_word' id='word_1_67' title='bbox 1313 1167 1448 1206; x_wconf 93' lang='lat' dir='ltr'><strong>cum</strong></span> <span class='ocrx_word' id='word_1_68' title='bbox 1478 1150 1846 1206; x_wconf 81' lang='lat' dir='ltr'><strong>describatur</strong></span> <span class='ocrx_word' id='word_1_69' title='bbox 1878 1151 1954 1206; x_wconf 80' lang='lat' dir='ltr'><strong>fe-</strong></span> 
     </span>
    </p>
   </div>
   <div class='ocr_carea' id='block_1_13' title="bbox 295 1239 1951 1310">
    <p class='ocr_par' dir='ltr' id='par_1_13' title="bbox 295 1239 1951 1310">
     <span class='ocr_line' id='line_1_13' title="bbox 295 1239 1951 1310; baseline -0.001 -12"><span class='ocrx_word' id='word_1_70' title='bbox 295 1247 456 1299; x_wconf 87' lang='lat' dir='ltr'><strong>stum</strong></span> <span class='ocrx_word' id='word_1_71' title='bbox 527 1240 820 1293; x_wconf 76' lang='grc' dir='ltr'>ἀκάθιστον</span> <span class='ocrx_word' id='word_1_72' title='bbox 857 1239 1102 1303; x_wconf 86' lang='lat' dir='ltr'><strong>dictum,</strong></span> <span class='ocrx_word' id='word_1_73' title='bbox 1149 1239 1374 1310; x_wconf 86' lang='lat' dir='ltr'><strong>jejunio</strong></span> <span class='ocrx_word' id='word_1_74' title='bbox 1434 1256 1612 1295; x_wconf 89' lang='lat' dir='ltr'><strong>verno</strong></span> <span class='ocrx_word' id='word_1_75' title='bbox 1670 1240 1951 1296; x_wconf 89' lang='lat' dir='ltr'><strong>celebrari</strong></span> 
     </span>
    </p>
   </div>
   <div class='ocr_carea' id='block_1_14' title="bbox 300 1328 1951 1399">
    <p class='ocr_par' dir='ltr' id='par_1_14' title="bbox 300 1328 1951 1399">
     <span class='ocr_line' id='line_1_14' title="bbox 300 1328 1951 1399; baseline -0.002 -11"><span class='ocrx_word' id='word_1_76' title='bbox 300 1332 567 1397; x_wconf 90' lang='lat' dir='ltr'><strong>solitum,</strong></span> <span class='ocrx_word' id='word_1_77' title='bbox 620 1330 874 1385; x_wconf 86' lang='lat' dir='ltr'><strong>Sabbato</strong></span> <span class='ocrx_word' id='word_1_78' title='bbox 933 1328 1205 1383; x_wconf 83' lang='lat' dir='ltr'><strong>videlicet</strong></span> <span class='ocrx_word' id='word_1_79' title='bbox 1261 1328 1482 1399; x_wconf 66' lang='lat' dir='ltr'><strong>quinta:</strong></span> <span class='ocrx_word' id='word_1_80' title='bbox 1555 1329 1951 1385; x_wconf 60' lang='lat' dir='ltr'><strong>hebdomadas</strong></span> 
     </span>
    </p>
   </div>
   <div class='ocr_carea' id='block_1_15' title="bbox 299 1417 1952 1489">
    <p class='ocr_par' dir='ltr' id='par_1_15' title="bbox 299 1417 1952 1489">
     <span class='ocr_line' id='line_1_15' title="bbox 299 1417 1952 1489; baseline 0 -15"><span class='ocrx_word' id='word_1_81' title='bbox 299 1418 786 1489; x_wconf 75' lang='lat' dir='ltr'><strong>Quadragesimae,</strong></span> <span class='ocrx_word' id='word_1_82' title='bbox 822 1422 886 1472; x_wconf 93' lang='lat' dir='ltr'><strong>ut</strong></span> <span class='ocrx_word' id='word_1_83' title='bbox 915 1417 1282 1472; x_wconf 88' lang='lat' dir='ltr'><strong>ostendimus</strong></span> <span class='ocrx_word' id='word_1_84' title='bbox 1327 1417 1385 1472; x_wconf 91' lang='lat' dir='ltr'><strong>in</strong></span> <span class='ocrx_word' id='word_1_85' title='bbox 1437 1418 1736 1474; x_wconf 89' lang='lat' dir='ltr'><strong>Glossario</strong></span> <span class='ocrx_word' id='word_1_86' title='bbox 1779 1419 1952 1474; x_wconf 88' lang='lat' dir='ltr'><strong>verbo</strong></span> 
     </span>
    </p>
   </div>
   <div class='ocr_carea' id='block_1_16' title="bbox 299 1505 1954 1576">
    <p class='ocr_par' dir='ltr' id='par_1_16' title="bbox 299 1505 1954 1576">
     <span class='ocr_line' id='line_1_16' title="bbox 299 1505 1954 1576; baseline 0.001 -15"><span class='ocrx_word' id='word_1_87' title='bbox 299 1505 606 1567; x_wconf 79' lang='grc' dir='ltr'>ἀκάθιστος.</span> <span class='ocrx_word' id='word_1_88' title='bbox 640 1507 762 1569; x_wconf 79' lang='lat' dir='ltr'><strong>Quo</strong></span> <span class='ocrx_word' id='word_1_89' title='bbox 794 1506 887 1561; x_wconf 90' lang='lat' dir='ltr'><strong>die</strong></span> <span class='ocrx_word' id='word_1_90' title='bbox 913 1505 1132 1561; x_wconf 86' lang='lat' dir='ltr'><strong>Pascha</strong></span> <span class='ocrx_word' id='word_1_91' title='bbox 1161 1505 1259 1561; x_wconf 92' lang='lat' dir='ltr'><strong>illo</strong></span> <span class='ocrx_word' id='word_1_92' title='bbox 1292 1523 1446 1562; x_wconf 90' lang='lat' dir='ltr'><strong>anno</strong></span> <span class='ocrx_word' id='word_1_93' title='bbox 1480 1509 1674 1576; x_wconf 81' lang='lat' dir='ltr'><strong>fuerit,</strong></span> <span class='ocrx_word' id='word_1_94' title='bbox 1715 1512 1772 1563; x_wconf 87' lang='lat' dir='ltr'><strong>et</strong></span> <span class='ocrx_word' id='word_1_95' title='bbox 1821 1526 1954 1564; x_wconf 90' lang='lat' dir='ltr'><strong>con-</strong></span> 
     </span>
    </p>
   </div>
   <div class='ocr_carea' id='block_1_17' title="bbox 301 1594 1952 1668">
    <p class='ocr_par' dir='ltr' id='par_1_17' title="bbox 301 1594 1952 1668">
     <span class='ocr_line' id='line_1_17' title="bbox 301 1594 1952 1668; baseline -0.001 -15"><span class='ocrx_word' id='word_1_96' title='bbox 301 1605 615 1668; x_wconf 88' lang='lat' dir='ltr'><strong>sequenler</strong></span> <span class='ocrx_word' id='word_1_97' title='bbox 644 1595 702 1649; x_wconf 91' lang='lat' dir='ltr'><strong>in</strong></span> <span class='ocrx_word' id='word_1_98' title='bbox 735 1611 909 1666; x_wconf 90' lang='lat' dir='ltr'><strong>quem</strong></span> <span class='ocrx_word' id='word_1_99' title='bbox 943 1594 1163 1665; x_wconf 87' lang='lat' dir='ltr'><strong>Aprilis</strong></span> <span class='ocrx_word' id='word_1_100' title='bbox 1196 1611 1288 1650; x_wconf 89' lang='lat' dir='ltr'><strong>res</strong></span> <span class='ocrx_word' id='word_1_101' title='bbox 1320 1595 1415 1652; x_wconf 90' lang='lat' dir='ltr'><strong>hic</strong></span> <span class='ocrx_word' id='word_1_102' title='bbox 1446 1598 1704 1662; x_wconf 34' lang='lat' dir='ltr'><strong>narrata“,</strong></span> <span class='ocrx_word' id='word_1_103' title='bbox 1727 1596 1952 1652; x_wconf 85' lang='lat' dir='ltr'><strong>incide-</strong></span> 
     </span>
    </p>
   </div>
   <div class='ocr_carea' id='block_1_18' title="bbox 302 1683 1952 1754">
    <p class='ocr_par' dir='ltr' id='par_1_18' title="bbox 302 1683 1952 1754">
     <span class='ocr_line' id='line_1_18' title="bbox 302 1683 1952 1754; baseline 0.001 -13"><span class='ocrx_word' id='word_1_104' title='bbox 302 1687 402 1754; x_wconf 90' lang='lat' dir='ltr'><strong>rit,</strong></span> <span class='ocrx_word' id='word_1_105' title='bbox 435 1685 700 1740; x_wconf 88' lang='lat' dir='ltr'><strong>dicemus</strong></span> <span class='ocrx_word' id='word_1_106' title='bbox 727 1683 905 1751; x_wconf 82' lang='lat' dir='ltr'><strong>infra,</strong></span> <span class='ocrx_word' id='word_1_107' title='bbox 931 1683 1029 1738; x_wconf 91' lang='lat' dir='ltr'><strong>ubi</strong></span> <span class='ocrx_word' id='word_1_108' title='bbox 1067 1685 1138 1739; x_wconf 91' lang='lat' dir='ltr'><strong>de</strong></span> <span class='ocrx_word' id='word_1_109' title='bbox 1168 1683 1611 1742; x_wconf 88' lang='lat' dir='ltr'><strong>characteribus</strong></span> <span class='ocrx_word' id='word_1_110' title='bbox 1643 1686 1952 1742; x_wconf 88' lang='lat' dir='ltr'><strong>chronolo-</strong></span> 
     </span>
    </p>
   </div>
   <div class='ocr_carea' id='block_1_19' title="bbox 303 1773 1206 1848">
    <p class='ocr_par' dir='ltr' id='par_1_19' title="bbox 303 1773 1206 1848">
     <span class='ocr_line' id='line_1_19' title="bbox 303 1773 1206 1848; baseline -0.002 -18"><span class='ocrx_word' id='word_1_111' title='bbox 303 1774 450 1848; x_wconf 88' lang='lat' dir='ltr'><strong>gicis</strong></span> <span class='ocrx_word' id='word_1_112' title='bbox 484 1774 664 1844; x_wconf 86' lang='lat' dir='ltr'><strong>hujus</strong></span> <span class='ocrx_word' id='word_1_113' title='bbox 695 1773 955 1828; x_wconf 72' lang='lat' dir='ltr'><strong>historiae</strong></span> <span class='ocrx_word' id='word_1_114' title='bbox 976 1777 1206 1842; x_wconf 82' lang='lat' dir='ltr'><strong>agetur.</strong></span> 
     </span>
    </p>
   </div>
   <div class='ocr_carea' id='block_1_20' title="bbox 2060 611 2405 670">
    <p class='ocr_par' dir='ltr' id='par_1_20' title="bbox 2060 611 2405 670">
     <span class='ocr_line' id='line_1_20' title="bbox 2060 611 2405 670; baseline 0.009 -6"><span class='ocrx_word' id='word_1_115' title='bbox 2060 611 2222 670; x_wconf 87' lang='lat' dir='ltr'><strong>brem</strong></span> <span class='ocrx_word' id='word_1_116' title='bbox 2254 626 2405 667; x_wconf 88' lang='lat' dir='ltr'><strong>esse.</strong></span> 
     </span>
    </p>
   </div>
   <div class='ocr_carea' id='block_1_21' title="bbox 2129 700 3706 774">
    <p class='ocr_par' dir='ltr' id='par_1_21' title="bbox 2129 700 3706 774">
     <span class='ocr_line' id='line_1_21' title="bbox 2129 700 3706 774; baseline 0.001 -20"><span class='ocrx_word' id='word_1_117' title='bbox 2129 700 2551 767; x_wconf 75' lang='grc' dir='ltr'><strong>ΜΟΥΝΥΧΙΩΝ,</strong></span> <span class='ocrx_word' id='word_1_118' title='bbox 2606 717 2738 772; x_wconf 89' lang='lat' dir='ltr'><strong>pag.</strong></span> <span class='ocrx_word' id='word_1_119' title='bbox 2819 701 2924 754; x_wconf 87' lang='grc'><strong>318</strong></span> <span class='ocrx_word' id='word_1_120' title='bbox 3011 700 3200 770; x_wconf 81' lang='grc' dir='ltr'>Μηνὸς</span> <span class='ocrx_word' id='word_1_121' title='bbox 3285 701 3706 774; x_wconf 80' lang='grc' dir='ltr'><strong>Μουνυχιῶνος.</strong></span> 
     </span>
    </p>
   </div>
   <div class='ocr_carea' id='block_1_22' title="bbox 2060 788 3714 862">
    <p class='ocr_par' dir='ltr' id='par_1_22' title="bbox 2060 788 3714 862">
     <span class='ocr_line' id='line_1_22' title="bbox 2060 788 3714 862; baseline -0.001 -17"><span class='ocrx_word' id='word_1_122' title='bbox 2060 788 2237 845; x_wconf 90' lang='lat' dir='ltr'><strong>Codd.</strong></span> <span class='ocrx_word' id='word_1_123' title='bbox 2274 789 2314 844; x_wconf 94' lang='lat' dir='ltr'>B</span> <span class='ocrx_word' id='word_1_124' title='bbox 2346 793 2404 843; x_wconf 89' lang='lat' dir='ltr'><strong>et</strong></span> <span class='ocrx_word' id='word_1_125' title='bbox 2431 795 2480 843; x_wconf 86' lang='lat' dir='ltr'><strong>A</strong></span> <span class='ocrx_word' id='word_1_126' title='bbox 2507 792 2889 862; x_wconf 83' lang='grc' dir='ltr'>Μουνιχιῶνος</span> <span class='ocrx_word' id='word_1_127' title='bbox 2921 792 3219 860; x_wconf 84' lang='lat' dir='ltr'><strong>glossema</strong></span> <span class='ocrx_word' id='word_1_128' title='bbox 3248 790 3490 846; x_wconf 89' lang='lat' dir='ltr'><strong>solitum</strong></span> <span class='ocrx_word' id='word_1_129' title='bbox 3525 791 3714 846; x_wconf 77' lang='lat' dir='ltr'><strong>ascri-</strong></span> 
     </span>
    </p>
   </div>
   <div class='ocr_carea' id='block_1_23' title="bbox 2063 877 3715 950">
    <p class='ocr_par' dir='ltr' id='par_1_23' title="bbox 2063 877 3715 950">
     <span class='ocr_line' id='line_1_23' title="bbox 2063 877 3715 950; baseline 0.001 -18"><span class='ocrx_word' id='word_1_130' title='bbox 2063 877 2231 944; x_wconf 89' lang='lat' dir='ltr'><strong>bunt,</strong></span> <span class='ocrx_word' id='word_1_131' title='bbox 2283 877 2613 933; x_wconf 84' lang='lat' dir='ltr'><strong>Romanum</strong></span> <span class='ocrx_word' id='word_1_132' title='bbox 2668 881 2890 934; x_wconf 86' lang='lat' dir='ltr'><strong>mensis</strong></span> <span class='ocrx_word' id='word_1_133' title='bbox 2954 881 3082 948; x_wconf 88' lang='lat' dir='ltr'><strong>ejus</strong></span> <span class='ocrx_word' id='word_1_134' title='bbox 3134 880 3484 935; x_wconf 88' lang='lat' dir='ltr'><strong>vocabulnm</strong></span> <span class='ocrx_word' id='word_1_135' title='bbox 3528 879 3715 950; x_wconf 82' lang='lat' dir='ltr'><strong>expri-</strong></span> 
     </span>
    </p>
   </div>
   <div class='ocr_carea' id='block_1_24' title="bbox 2061 960 3710 1040">
    <p class='ocr_par' dir='ltr' id='par_1_24' title="bbox 2061 960 3710 1040">
     <span class='ocr_line' id='line_1_24' title="bbox 2061 960 3710 1040; baseline 0.001 -19"><span class='ocrx_word' id='word_1_136' title='bbox 2061 981 2242 1033; x_wconf 89' lang='lat' dir='ltr'><strong>mens,</strong></span> <span class='ocrx_word' id='word_1_137' title='bbox 2294 960 2613 1040; x_wconf 71' lang='grc' dir='ltr'>Νοιμϐρίου</span> <span class='ocrx_word' id='word_1_138' title='bbox 2667 969 3003 1023; x_wconf 81' lang='lat' dir='ltr'><strong>Novembris.</strong></span> <span class='ocrx_word' id='word_1_139' title='bbox 3053 971 3214 1034; x_wconf 89' lang='lat' dir='ltr'><strong>Quod</strong></span> <span class='ocrx_word' id='word_1_140' title='bbox 3277 987 3412 1025; x_wconf 91' lang='lat' dir='ltr'><strong>vero</strong></span> <span class='ocrx_word' id='word_1_141' title='bbox 3475 968 3710 1023; x_wconf 90' lang='lat' dir='ltr'><strong>initium</strong></span> 
     </span>
    </p>
   </div>
   <div class='ocr_carea' id='block_1_25' title="bbox 2062 1053 3710 1120">
    <p class='ocr_par' dir='ltr' id='par_1_25' title="bbox 2062 1053 3710 1120">
     <span class='ocr_line' id='line_1_25' title="bbox 2062 1053 3710 1120; baseline 0.001 -12"><span class='ocrx_word' id='word_1_142' title='bbox 2062 1054 2120 1108; x_wconf 89' lang='lat' dir='ltr'><strong>id</strong></span> <span class='ocrx_word' id='word_1_143' title='bbox 2155 1054 2337 1110; x_wconf 84' lang='lat' dir='ltr'><strong>tuisse</strong></span> <span class='ocrx_word' id='word_1_144' title='bbox 2381 1056 2520 1114; x_wconf 79' lang='lat' dir='ltr'><strong>anni</strong></span> <span class='ocrx_word' id='word_1_145' title='bbox 2568 1057 2746 1111; x_wconf 86' lang='lat' dir='ltr'><strong>verba</strong></span> <span class='ocrx_word' id='word_1_146' title='bbox 2795 1055 2894 1112; x_wconf 85' lang='lat' dir='ltr'><strong>illa</strong></span> <span class='ocrx_word' id='word_1_147' title='bbox 2943 1055 3194 1118; x_wconf 75' lang='grc' dir='ltr'>ἐπιόντος</span> <span class='ocrx_word' id='word_1_148' title='bbox 3243 1053 3397 1120; x_wconf 79' lang='grc' dir='ltr'>ἔτους</span> <span class='ocrx_word' id='word_1_149' title='bbox 3444 1058 3710 1113; x_wconf 82' lang='lat' dir='ltr'><strong>indicant</strong></span> 
     </span>
    </p>
   </div>
   <div class='ocr_carea' id='block_1_26' title="bbox 2063 1144 3714 1217">
    <p class='ocr_par' dir='ltr' id='par_1_26' title="bbox 2063 1144 3714 1217">
     <span class='ocr_line' id='line_1_26' title="bbox 2063 1144 3714 1217; baseline 0.001 -20"><span class='ocrx_word' id='word_1_150' title='bbox 2063 1144 2433 1200; x_wconf 86' lang='lat' dir='ltr'><strong>reterendum</strong></span> <span class='ocrx_word' id='word_1_151' title='bbox 2477 1145 2545 1200; x_wconf 90' lang='lat' dir='ltr'><strong>ad</strong></span> <span class='ocrx_word' id='word_1_152' title='bbox 2590 1144 2994 1213; x_wconf 83' lang='lat' dir='ltr'><strong>indictionem,</strong></span> <span class='ocrx_word' id='word_1_153' title='bbox 3045 1163 3169 1217; x_wconf 74' lang='lat' dir='ltr'><strong>quae</strong></span> <span class='ocrx_word' id='word_1_154' title='bbox 3220 1146 3510 1217; x_wconf 85' lang='lat' dir='ltr'><strong>peculiare</strong></span> <span class='ocrx_word' id='word_1_155' title='bbox 3576 1145 3714 1200; x_wconf 87' lang='lat' dir='ltr'><strong>anni</strong></span> 
     </span>
    </p>
   </div>
   <div class='ocr_carea' id='block_1_27' title="bbox 2063 1230 3715 1306">
    <p class='ocr_par' dir='ltr' id='par_1_27' title="bbox 2063 1230 3715 1306">
     <span class='ocr_line' id='line_1_27' title="bbox 2063 1230 3715 1306; baseline 0.002 -21"><span class='ocrx_word' id='word_1_156' title='bbox 2063 1230 2420 1302; x_wconf 89' lang='lat' dir='ltr'><strong>principium</strong></span> <span class='ocrx_word' id='word_1_157' title='bbox 2477 1233 2729 1287; x_wconf 87' lang='lat' dir='ltr'><strong>ducebat</strong></span> <span class='ocrx_word' id='word_1_158' title='bbox 2781 1251 2815 1287; x_wconf 87' lang='lat' dir='ltr'><strong>a</strong></span> <span class='ocrx_word' id='word_1_159' title='bbox 2873 1234 3222 1305; x_wconf 88' lang='lat' dir='ltr'><strong>Septembri,</strong></span> <span class='ocrx_word' id='word_1_160' title='bbox 3291 1252 3424 1290; x_wconf 90' lang='lat' dir='ltr'><strong>cum</strong></span> <span class='ocrx_word' id='word_1_161' title='bbox 3493 1233 3715 1306; x_wconf 89' lang='lat' dir='ltr'><strong>alioqui</strong></span> 
     </span>
    </p>
   </div>
   <div class='ocr_carea' id='block_1_28' title="bbox 2062 1319 3604 1392">
    <p class='ocr_par' dir='ltr' id='par_1_28' title="bbox 2062 1319 3604 1392">
     <span class='ocr_line' id='line_1_28' title="bbox 2062 1319 3604 1392; baseline 0.003 -18"><span class='ocrx_word' id='word_1_162' title='bbox 2062 1319 2248 1376; x_wconf 91' lang='lat' dir='ltr'><strong>civilis</strong></span> <span class='ocrx_word' id='word_1_163' title='bbox 2281 1320 2418 1375; x_wconf 88' lang='lat' dir='ltr'><strong>anni</strong></span> <span class='ocrx_word' id='word_1_164' title='bbox 2451 1326 2628 1392; x_wconf 90' lang='lat' dir='ltr'><strong>caput</strong></span> <span class='ocrx_word' id='word_1_165' title='bbox 2659 1321 2715 1376; x_wconf 90' lang='lat' dir='ltr'><strong>in</strong></span> <span class='ocrx_word' id='word_1_166' title='bbox 2750 1321 2873 1377; x_wconf 85' lang='lat' dir='ltr'><strong>Kal.</strong></span> <span class='ocrx_word' id='word_1_167' title='bbox 2899 1323 3191 1382; x_wconf 74' lang='lat' dir='ltr'><strong>Ianuariis</strong></span> <span class='ocrx_word' id='word_1_168' title='bbox 3216 1324 3397 1379; x_wconf 75' lang='lat' dir='ltr'><strong>fixum</strong></span> <span class='ocrx_word' id='word_1_169' title='bbox 3430 1329 3604 1379; x_wconf 90' lang='lat' dir='ltr'><strong>esset.</strong></span> 
     </span>
    </p>
   </div>
   <div class='ocr_carea' id='block_1_29' title="bbox 2141 1409 3716 1484">
    <p class='ocr_par' dir='ltr' id='par_1_29' title="bbox 2141 1409 3716 1484">
     <span class='ocr_line' id='line_1_29' title="bbox 2141 1409 3716 1484; baseline 0.004 -24"><span class='ocrx_word' id='word_1_170' title='bbox 2141 1409 2674 1466; x_wconf 80' lang='grc' dir='ltr'><strong>ΣΧΙΡΡΟΦΟΡΙΩΝ.</strong></span> <span class='ocrx_word' id='word_1_171' title='bbox 2710 1409 2931 1465; x_wconf 87' lang='lat' dir='ltr'><strong>Nomen</strong></span> <span class='ocrx_word' id='word_1_172' title='bbox 2967 1409 3076 1468; x_wconf 85' lang='lat' dir='ltr'><strong>hoc</strong></span> <span class='ocrx_word' id='word_1_173' title='bbox 3111 1413 3264 1484; x_wconf 90' lang='lat' dir='ltr'><strong>apud</strong></span> <span class='ocrx_word' id='word_1_174' title='bbox 3300 1412 3716 1484; x_wconf 79' lang='lat' dir='ltr'><strong>Pacbymerem</strong></span> 
     </span>
    </p>
   </div>
   <div class='ocr_carea' id='block_1_30' title="bbox 2066 1496 3718 1573">
    <p class='ocr_par' dir='ltr' id='par_1_30' title="bbox 2066 1496 3718 1573">
     <span class='ocr_line' id='line_1_30' title="bbox 2066 1496 3718 1573; baseline 0.002 -19"><span class='ocrx_word' id='word_1_175' title='bbox 2066 1496 2263 1554; x_wconf 90' lang='lat' dir='ltr'><strong>ultimi</strong></span> <span class='ocrx_word' id='word_1_176' title='bbox 2297 1499 2516 1557; x_wconf 87' lang='lat' dir='ltr'><strong>mensis</strong></span> <span class='ocrx_word' id='word_1_177' title='bbox 2574 1504 2664 1554; x_wconf 86' lang='lat' dir='ltr'><strong>est</strong></span> <span class='ocrx_word' id='word_1_178' title='bbox 2721 1500 3081 1570; x_wconf 87' lang='lat' dir='ltr'><strong>Decembris,</strong></span> <span class='ocrx_word' id='word_1_179' title='bbox 3132 1506 3198 1556; x_wconf 90' lang='lat' dir='ltr'><strong>ut</strong></span> <span class='ocrx_word' id='word_1_180' title='bbox 3251 1500 3606 1573; x_wconf 86' lang='lat' dir='ltr'><strong>intelligitur</strong></span> <span class='ocrx_word' id='word_1_181' title='bbox 3648 1517 3718 1557; x_wconf 87' lang='lat' dir='ltr'><strong>ex</strong></span> 
     </span>
    </p>
   </div>
   <div class='ocr_carea' id='block_1_31' title="bbox 2062 1583 3717 1662">
    <p class='ocr_par' dir='ltr' id='par_1_31' title="bbox 2062 1583 3717 1662">
     <span class='ocr_line' id='line_1_31' title="bbox 2062 1583 3717 1662; baseline 0.001 -21"><span class='ocrx_word' id='word_1_182' title='bbox 2062 1587 2260 1642; x_wconf 78' lang='lat' dir='ltr'><strong>verbis</strong></span> <span class='ocrx_word' id='word_1_183' title='bbox 2294 1603 2428 1658; x_wconf 78' lang='lat' dir='ltr'><strong>pag.</strong></span> <span class='ocrx_word' id='word_1_184' title='bbox 2461 1583 2614 1644; x_wconf 78' lang='lat'><strong>305:</strong></span> <span class='ocrx_word' id='word_1_185' title='bbox 2675 1589 2735 1643; x_wconf 83' lang='lat'><strong>&#39;0</strong></span> <span class='ocrx_word' id='word_1_186' title='bbox 2791 1586 3049 1661; x_wconf 81' lang='grc' dir='ltr'>βασιλεὺς</span> <span class='ocrx_word' id='word_1_187' title='bbox 3098 1593 3289 1642; x_wconf 80' lang='grc' dir='ltr'>τοῦτον</span> <span class='ocrx_word' id='word_1_188' title='bbox 3340 1583 3717 1662; x_wconf 73' lang='grc' dir='ltr'>προϐάλλεται</span> 
     </span>
    </p>
   </div>
   <div class='ocr_carea' id='block_1_32' title="bbox 2068 1673 3721 1753">
    <p class='ocr_par' dir='ltr' id='par_1_32' title="bbox 2068 1673 3721 1753">
     <span class='ocr_line' id='line_1_32' title="bbox 2068 1673 3721 1753; baseline 0.004 -26"><span class='ocrx_word' id='word_1_189' title='bbox 2068 1674 2240 1746; x_wconf 83' lang='grc' dir='ltr'>μηνὸς</span> <span class='ocrx_word' id='word_1_190' title='bbox 2291 1673 2774 1751; x_wconf 71' lang='grc' dir='ltr'>Σκιρῥοφοριῶνος</span> <span class='ocrx_word' id='word_1_191' title='bbox 2819 1675 3039 1750; x_wconf 76' lang='grc' dir='ltr'><strong>εἰκοστῇ</strong></span> <span class='ocrx_word' id='word_1_192' title='bbox 3100 1674 3286 1753; x_wconf 81' lang='grc' dir='ltr'><strong>ὀγδόῃ.</strong></span> <span class='ocrx_word' id='word_1_193' title='bbox 3360 1680 3444 1734; x_wconf 86' lang='lat' dir='ltr'><strong>Ad</strong></span> <span class='ocrx_word' id='word_1_194' title='bbox 3506 1679 3721 1750; x_wconf 87' lang='lat' dir='ltr'><strong>margi-</strong></span> 
     </span>
    </p>
   </div>
   <div class='ocr_carea' id='block_1_33' title="bbox 2066 1761 3720 1842">
    <p class='ocr_par' dir='ltr' id='par_1_33' title="bbox 2066 1761 3720 1842">
     <span class='ocr_line' id='line_1_33' title="bbox 2066 1761 3720 1842; baseline 0.002 -23"><span class='ocrx_word' id='word_1_195' title='bbox 2066 1781 2202 1819; x_wconf 90' lang='lat' dir='ltr'><strong>nem</strong></span> <span class='ocrx_word' id='word_1_196' title='bbox 2242 1780 2273 1820; x_wconf 92' lang='lat' dir='ltr'><strong>e</strong></span> <span class='ocrx_word' id='word_1_197' title='bbox 2303 1765 2538 1836; x_wconf 89' lang='lat' dir='ltr'><strong>regione</strong></span> <span class='ocrx_word' id='word_1_198' title='bbox 2568 1767 2626 1820; x_wconf 89' lang='lat' dir='ltr'><strong>in</strong></span> <span class='ocrx_word' id='word_1_199' title='bbox 2661 1767 2788 1822; x_wconf 91' lang='lat' dir='ltr'><strong>cod.</strong></span> <span class='ocrx_word' id='word_1_200' title='bbox 2824 1766 2864 1820; x_wconf 85' lang='grc' dir='ltr'>Β</span> <span class='ocrx_word' id='word_1_201' title='bbox 2897 1768 3177 1824; x_wconf 87' lang='lat' dir='ltr'><strong>scribitur</strong></span> <span class='ocrx_word' id='word_1_202' title='bbox 3221 1761 3582 1842; x_wconf 77' lang='grc' dir='ltr'>Δεκεμϐρίου,</span> <span class='ocrx_word' id='word_1_203' title='bbox 3636 1767 3720 1823; x_wconf 91' lang='lat' dir='ltr'><strong>uti</strong></span> 
     </span>
    </p>
   </div>
   <div class='ocr_carea' id='block_1_34' title="bbox 409 1854 1963 1945">
    <p class='ocr_par' dir='ltr' id='par_1_34' title="bbox 409 1859 1957 1945">
     <span class='ocr_line' id='line_1_34' title="bbox 409 1859 1957 1945; baseline 0.003 -29"><span class='ocrx_word' id='word_1_204' title='bbox 409 1862 834 1928; x_wconf 78' lang='grc' dir='ltr'><strong>ΠΥΑΝΕΨΙΩΝ,</strong></span> <span class='ocrx_word' id='word_1_205' title='bbox 898 1879 954 1932; x_wconf 88' lang='lat' dir='ltr'><strong>p.</strong></span> <span class='ocrx_word' id='word_1_206' title='bbox 1017 1863 1140 1930; x_wconf 74' lang='grc'><strong>403,</strong></span> <span class='ocrx_word' id='word_1_207' title='bbox 1199 1859 1418 1927; x_wconf 78' lang='grc' dir='ltr'><strong>εἰκοστῆ</strong></span> <span class='ocrx_word' id='word_1_208' title='bbox 1508 1863 1601 1935; x_wconf 74' lang='grc' dir='ltr'><strong>μὲν</strong></span> <span class='ocrx_word' id='word_1_209' title='bbox 1666 1864 1757 1920; x_wconf 80' lang='grc' dir='ltr'>καὶ</span> <span class='ocrx_word' id='word_1_210' title='bbox 1825 1862 1957 1945; x_wconf 72' lang='grc' dir='ltr'>ἵκτῃ</span> 
     </span>
    </p>
   </div>
   <div class='ocr_carea' id='block_1_35' title="bbox 2080 1854 3722 1945">
    <p class='ocr_par' dir='ltr' id='par_1_35' title="bbox 2080 1854 3722 1927">
     <span class='ocr_line' id='line_1_35' title="bbox 2080 1854 3722 1927; baseline 0.001 -19"><span class='ocrx_word' id='word_1_211' title='bbox 2080 1857 2127 1908; x_wconf 82' lang='lat' dir='ltr'><strong>et</strong></span> <span class='ocrx_word' id='word_1_212' title='bbox 2152 1869 2283 1925; x_wconf 80' lang='lat' dir='ltr'><strong>pag.</strong></span> <span class='ocrx_word' id='word_1_213' title='bbox 2315 1854 2441 1924; x_wconf 83' lang='lat'><strong>532,</strong></span> <span class='ocrx_word' id='word_1_214' title='bbox 2475 1854 2575 1915; x_wconf 90' lang='lat' dir='ltr'><strong>ubi</strong></span> <span class='ocrx_word' id='word_1_215' title='bbox 2629 1854 2699 1910; x_wconf 92' lang='lat' dir='ltr'><strong>de</strong></span> <span class='ocrx_word' id='word_1_216' title='bbox 2759 1855 3106 1926; x_wconf 79' lang='lat' dir='ltr'><strong>imperatore</strong></span> <span class='ocrx_word' id='word_1_217' title='bbox 3161 1858 3443 1913; x_wconf 85' lang='lat' dir='ltr'><strong>scribitur</strong></span> <span class='ocrx_word' id='word_1_218' title='bbox 3501 1857 3722 1927; x_wconf 80' lang='grc' dir='ltr'><strong>θνήσκει</strong></span> 
     </span>
    </p>
   </div>
   <div class='ocr_carea' id='block_1_36' title="bbox 309 1951 1958 2026">
    <p class='ocr_par' dir='ltr' id='par_1_36' title="bbox 309 1951 1958 2026">
     <span class='ocr_line' id='line_1_36' title="bbox 309 1951 1958 2026; baseline 0.003 -21"><span class='ocrx_word' id='word_1_219' title='bbox 309 1953 714 2023; x_wconf 79' lang='grc' dir='ltr'>Πυανεψιῶνος.</span> <span class='ocrx_word' id='word_1_220' title='bbox 748 1951 789 2005; x_wconf 84' lang='grc' dir='ltr'>Ε</span> <span class='ocrx_word' id='word_1_221' title='bbox 841 1952 1075 2022; x_wconf 83' lang='lat' dir='ltr'><strong>regione</strong></span> <span class='ocrx_word' id='word_1_222' title='bbox 1132 1951 1289 2007; x_wconf 83' lang='lat' dir='ltr'><strong>vocis</strong></span> <span class='ocrx_word' id='word_1_223' title='bbox 1345 1955 1729 2026; x_wconf 66' lang='grc' dir='ltr'>Ιῐνοιυεψιῶνος</span> <span class='ocrx_word' id='word_1_224' title='bbox 1786 1962 1958 2017; x_wconf 87' lang='lat' dir='ltr'><strong>codd,</strong></span> 
     </span>
    </p>
   </div>
   <div class='ocr_carea' id='block_1_37' title="bbox 312 2039 1958 2110">
    <p class='ocr_par' dir='ltr' id='par_1_37' title="bbox 312 2039 1958 2110">
     <span class='ocr_line' id='line_1_37' title="bbox 312 2039 1958 2110; baseline 0.004 -14"><span class='ocrx_word' id='word_1_225' title='bbox 312 2041 762 2097; x_wconf 88' lang='lat' dir='ltr'><strong>BetAhabent</strong></span> <span class='ocrx_word' id='word_1_226' title='bbox 794 2039 996 2109; x_wconf 73' lang='lat' dir='ltr'><strong>Matios,</strong></span> <span class='ocrx_word' id='word_1_227' title='bbox 1051 2041 1207 2110; x_wconf 91' lang='lat' dir='ltr'><strong>quod</strong></span> <span class='ocrx_word' id='word_1_228' title='bbox 1264 2043 1310 2093; x_wconf 77' lang='lat' dir='ltr'><strong>V</strong></span> <span class='ocrx_word' id='word_1_229' title='bbox 1367 2042 1438 2096; x_wconf 91' lang='lat' dir='ltr'><strong>de</strong></span> <span class='ocrx_word' id='word_1_230' title='bbox 1496 2060 1656 2100; x_wconf 90' lang='lat' dir='ltr'><strong>more</strong></span> <span class='ocrx_word' id='word_1_231' title='bbox 1711 2046 1769 2101; x_wconf 91' lang='lat' dir='ltr'><strong>in</strong></span> <span class='ocrx_word' id='word_1_232' title='bbox 1822 2065 1958 2106; x_wconf 88' lang='lat' dir='ltr'><strong>con-</strong></span> 
     </span>
    </p>
   </div>
   <div class='ocr_carea' id='block_1_38' title="bbox 311 2127 1960 2203">
    <p class='ocr_par' dir='ltr' id='par_1_38' title="bbox 311 2127 1960 2203">
     <span class='ocr_line' id='line_1_38' title="bbox 311 2127 1960 2203; baseline 0.005 -18"><span class='ocrx_word' id='word_1_233' title='bbox 311 2134 535 2186; x_wconf 88' lang='lat' dir='ltr'><strong>textum</strong></span> <span class='ocrx_word' id='word_1_234' title='bbox 569 2129 794 2200; x_wconf 87' lang='lat' dir='ltr'><strong>recipit.</strong></span> <span class='ocrx_word' id='word_1_235' title='bbox 836 2128 952 2183; x_wconf 90' lang='lat' dir='ltr'><strong>Nec</strong></span> <span class='ocrx_word' id='word_1_236' title='bbox 997 2127 1244 2183; x_wconf 90' lang='lat' dir='ltr'><strong>dubium</strong></span> <span class='ocrx_word' id='word_1_237' title='bbox 1306 2130 1655 2203; x_wconf 89' lang='lat' dir='ltr'><strong>relinquitur</strong></span> <span class='ocrx_word' id='word_1_238' title='bbox 1707 2152 1775 2192; x_wconf 89' lang='lat' dir='ltr'><strong>ex</strong></span> <span class='ocrx_word' id='word_1_239' title='bbox 1823 2140 1960 2194; x_wconf 91' lang='lat' dir='ltr'><strong>cha-</strong></span> 
     </span>
    </p>
   </div>
   <div class='ocr_carea' id='block_1_39' title="bbox 311 2218 1958 2297">
    <p class='ocr_par' dir='ltr' id='par_1_39' title="bbox 311 2218 1958 2297">
     <span class='ocr_line' id='line_1_39' title="bbox 311 2218 1958 2297; baseline 0.006 -23"><span class='ocrx_word' id='word_1_240' title='bbox 311 2225 534 2275; x_wconf 87' lang='lat' dir='ltr'><strong>ractere</strong></span> <span class='ocrx_word' id='word_1_241' title='bbox 566 2235 700 2273; x_wconf 89' lang='lat' dir='ltr'><strong>mox</strong></span> <span class='ocrx_word' id='word_1_242' title='bbox 729 2235 1003 2289; x_wconf 88' lang='lat' dir='ltr'><strong>expresso</strong></span> <span class='ocrx_word' id='word_1_243' title='bbox 1049 2218 1182 2274; x_wconf 84' lang='lat' dir='ltr'><strong>festi</strong></span> <span class='ocrx_word' id='word_1_244' title='bbox 1233 2218 1508 2276; x_wconf 87' lang='lat' dir='ltr'><strong>instantis</strong></span> <span class='ocrx_word' id='word_1_245' title='bbox 1567 2226 1958 2297; x_wconf 89' lang='lat' dir='ltr'><strong>Pentecostes,</strong></span> 
     </span>
    </p>
   </div>
   <div class='ocr_carea' id='block_1_40' title="bbox 311 2308 1962 2380">
    <p class='ocr_par' dir='ltr' id='par_1_40' title="bbox 311 2308 1962 2380">
     <span class='ocr_line' id='line_1_40' title="bbox 311 2308 1962 2380; baseline 0.006 -16"><span class='ocrx_word' id='word_1_246' title='bbox 311 2316 377 2364; x_wconf 83' lang='lat' dir='ltr'><strong>ut</strong></span> <span class='ocrx_word' id='word_1_247' title='bbox 406 2308 652 2364; x_wconf 85' lang='lat' dir='ltr'><strong>inferius</strong></span> <span class='ocrx_word' id='word_1_248' title='bbox 686 2308 1247 2374; x_wconf 83' lang='lat' dir='ltr'><strong>demonstrabimus,</strong></span> <span class='ocrx_word' id='word_1_249' title='bbox 1284 2310 1423 2380; x_wconf 91' lang='lat' dir='ltr'><strong>quin</strong></span> <span class='ocrx_word' id='word_1_250' title='bbox 1453 2315 1638 2370; x_wconf 88' lang='lat' dir='ltr'><strong>Metus</strong></span> <span class='ocrx_word' id='word_1_251' title='bbox 1671 2315 1764 2371; x_wconf 91' lang='lat' dir='ltr'><strong>hic</strong></span> <span class='ocrx_word' id='word_1_252' title='bbox 1797 2333 1962 2374; x_wconf 89' lang='lat' dir='ltr'><strong>men-</strong></span> 
     </span>
    </p>
   </div>
   <div class='ocr_carea' id='block_1_41' title="bbox 310 2397 1958 2479">
    <p class='ocr_par' dir='ltr' id='par_1_41' title="bbox 310 2397 1958 2479">
     <span class='ocr_line' id='line_1_41' title="bbox 310 2397 1958 2479; baseline 0.007 -26"><span class='ocrx_word' id='word_1_253' title='bbox 310 2399 396 2453; x_wconf 88' lang='lat' dir='ltr'><strong>sis</strong></span> <span class='ocrx_word' id='word_1_254' title='bbox 422 2398 724 2453; x_wconf 89' lang='lat' dir='ltr'><strong>indicitur.</strong></span> <span class='ocrx_word' id='word_1_255' title='bbox 759 2397 922 2453; x_wconf 91' lang='lat' dir='ltr'><strong>Unde</strong></span> <span class='ocrx_word' id='word_1_256' title='bbox 953 2398 1364 2470; x_wconf 88' lang='lat' dir='ltr'><strong>corrigendum</strong></span> <span class='ocrx_word' id='word_1_257' title='bbox 1398 2402 1630 2458; x_wconf 89' lang='lat' dir='ltr'><strong>videtur</strong></span> <span class='ocrx_word' id='word_1_258' title='bbox 1684 2408 1839 2477; x_wconf 89' lang='lat' dir='ltr'><strong>quod</strong></span> <span class='ocrx_word' id='word_1_259' title='bbox 1901 2424 1958 2479; x_wconf 89' lang='lat' dir='ltr'><strong>p.</strong></span> 
     </span>
    </p>
   </div>
   <div class='ocr_carea' id='block_1_42' title="bbox 306 2487 1962 2568">
    <p class='ocr_par' dir='ltr' id='par_1_42' title="bbox 306 2487 1962 2568">
     <span class='ocr_line' id='line_1_42' title="bbox 306 2487 1962 2568; baseline 0.007 -27"><span class='ocrx_word' id='word_1_260' title='bbox 306 2489 415 2541; x_wconf 84' lang='lat'><strong>270</strong></span> <span class='ocrx_word' id='word_1_261' title='bbox 449 2487 725 2543; x_wconf 88' lang='lat' dir='ltr'><strong>scribitur</strong></span> <span class='ocrx_word' id='word_1_262' title='bbox 753 2490 1128 2555; x_wconf 78' lang='grc' dir='ltr'>πυαντιῶνοςς</span> <span class='ocrx_word' id='word_1_263' title='bbox 1162 2493 1248 2542; x_wconf 89' lang='lat' dir='ltr'><strong>est</strong></span> <span class='ocrx_word' id='word_1_264' title='bbox 1277 2489 1429 2545; x_wconf 88' lang='lat' dir='ltr'><strong>enim</strong></span> <span class='ocrx_word' id='word_1_265' title='bbox 1464 2491 1544 2545; x_wconf 93' lang='lat' dir='ltr'><strong>ibi</strong></span> <span class='ocrx_word' id='word_1_266' title='bbox 1591 2493 1649 2548; x_wconf 90' lang='lat' dir='ltr'><strong>in</strong></span> <span class='ocrx_word' id='word_1_267' title='bbox 1698 2497 1962 2568; x_wconf 86' lang='lat' dir='ltr'><strong>margine</strong></span> 
     </span>
    </p>
   </div>
   <div class='ocr_carea' id='block_1_43' title="bbox 309 2572 1964 2648">
    <p class='ocr_par' dir='ltr' id='par_1_43' title="bbox 309 2572 1964 2648">
     <span class='ocr_line' id='line_1_43' title="bbox 309 2572 1964 2648; baseline 0.006 -17"><span class='ocrx_word' id='word_1_268' title='bbox 309 2593 418 2632; x_wconf 85' lang='lat' dir='ltr'><strong>vox</strong></span> <span class='ocrx_word' id='word_1_269' title='bbox 448 2572 646 2642; x_wconf 72' lang='grc' dir='ltr'>Μαΐου,</span> <span class='ocrx_word' id='word_1_270' title='bbox 681 2577 924 2646; x_wconf 89' lang='lat' dir='ltr'><strong>antiqua</strong></span> <span class='ocrx_word' id='word_1_271' title='bbox 957 2593 1156 2644; x_wconf 90' lang='lat' dir='ltr'><strong>manu,</strong></span> <span class='ocrx_word' id='word_1_272' title='bbox 1208 2577 1300 2631; x_wconf 92' lang='lat' dir='ltr'><strong>cui</strong></span> <span class='ocrx_word' id='word_1_273' title='bbox 1360 2577 1642 2648; x_wconf 83' lang='lat' dir='ltr'><strong>glossema</strong></span> <span class='ocrx_word' id='word_1_274' title='bbox 1687 2586 1964 2640; x_wconf 87' lang='lat' dir='ltr'><strong>recentio-</strong></span> 
     </span>
    </p>
   </div>
   <div class='ocr_carea' id='block_1_44' title="bbox 307 2664 1960 2744">
    <p class='ocr_par' dir='ltr' id='par_1_44' title="bbox 307 2664 1960 2744">
     <span class='ocr_line' id='line_1_44' title="bbox 307 2664 1960 2744; baseline 0.004 -25"><span class='ocrx_word' id='word_1_275' title='bbox 307 2664 388 2720; x_wconf 89' lang='lat' dir='ltr'><strong>ris</strong></span> <span class='ocrx_word' id='word_1_276' title='bbox 420 2681 632 2719; x_wconf 88' lang='lat' dir='ltr'><strong>manus</strong></span> <span class='ocrx_word' id='word_1_277' title='bbox 665 2664 1051 2734; x_wconf 86' lang='lat' dir='ltr'><strong>subjungitur</strong></span> <span class='ocrx_word' id='word_1_278' title='bbox 1084 2671 1587 2738; x_wconf 78' lang='grc' dir='ltr'>μεταγειτεινιῶνος</span> <span class='ocrx_word' id='word_1_279' title='bbox 1626 2671 1738 2727; x_wconf 85' lang='lat' dir='ltr'><strong>Res</strong></span> <span class='ocrx_word' id='word_1_280' title='bbox 1789 2690 1960 2744; x_wconf 85' lang='lat' dir='ltr'><strong>porro</strong></span> 
     </span>
    </p>
   </div>
   <div class='ocr_carea' id='block_1_45' title="bbox 306 2753 1960 2829">
    <p class='ocr_par' dir='ltr' id='par_1_45' title="bbox 306 2753 1960 2829">
     <span class='ocr_line' id='line_1_45' title="bbox 306 2753 1960 2829; baseline 0.006 -21"><span class='ocrx_word' id='word_1_281' title='bbox 306 2754 436 2824; x_wconf 87' lang='lat' dir='ltr'><strong>ipsa</strong></span> <span class='ocrx_word' id='word_1_282' title='bbox 466 2757 526 2809; x_wconf 88' lang='lat' dir='ltr'><strong>et</strong></span> <span class='ocrx_word' id='word_1_283' title='bbox 557 2753 668 2809; x_wconf 86' lang='lat' dir='ltr'><strong>loci</strong></span> <span class='ocrx_word' id='word_1_284' title='bbox 714 2754 1027 2821; x_wconf 89' lang='lat' dir='ltr'><strong>sententia,</strong></span> <span class='ocrx_word' id='word_1_285' title='bbox 1065 2759 1128 2808; x_wconf 88' lang='lat' dir='ltr'><strong>ut</strong></span> <span class='ocrx_word' id='word_1_286' title='bbox 1151 2753 1191 2808; x_wconf 93' lang='lat' dir='ltr'><strong>l.</strong></span> <span class='ocrx_word' id='word_1_287' title='bbox 1219 2756 1252 2809; x_wconf 91' lang='lat'>3</span> <span class='ocrx_word' id='word_1_288' title='bbox 1301 2758 1765 2815; x_wconf 75' lang='lat' dir='ltr'><strong>Observationum</strong></span> <span class='ocrx_word' id='word_1_289' title='bbox 1822 2779 1870 2818; x_wconf 74' lang='grc' dir='ltr'><strong>ι’.</strong></span> <span class='ocrx_word' id='word_1_290' title='bbox 1903 2764 1960 2829; x_wconf 87' lang='grc'>5,</span> 
     </span>
    </p>
   </div>
   <div class='ocr_carea' id='block_1_46' title="bbox 311 2841 1738 2920">
    <p class='ocr_par' dir='ltr' id='par_1_46' title="bbox 311 2841 1738 2920">
     <span class='ocr_line' id='line_1_46' title="bbox 311 2841 1738 2920; baseline 0.005 -22"><span class='ocrx_word' id='word_1_291' title='bbox 311 2841 468 2898; x_wconf 89' lang='lat' dir='ltr'><strong>clare</strong></span> <span class='ocrx_word' id='word_1_292' title='bbox 490 2843 991 2911; x_wconf 89' lang='lat' dir='ltr'><strong>demonstramus,</strong></span> <span class='ocrx_word' id='word_1_293' title='bbox 1020 2842 1259 2899; x_wconf 89' lang='lat' dir='ltr'><strong>omnino</strong></span> <span class='ocrx_word' id='word_1_294' title='bbox 1293 2845 1510 2901; x_wconf 87' lang='lat' dir='ltr'><strong>Maium</strong></span> <span class='ocrx_word' id='word_1_295' title='bbox 1542 2850 1738 2920; x_wconf 90' lang='lat' dir='ltr'><strong>exigit.</strong></span> 
     </span>
    </p>
   </div>
   <div class='ocr_carea' id='block_1_47' title="bbox 400 2948 1964 3029">
    <p class='ocr_par' dir='ltr' id='par_1_47' title="bbox 400 2948 1964 3029">
     <span class='ocr_line' id='line_1_47' title="bbox 400 2948 1964 3029; baseline 0.004 -27"><span class='ocrx_word' id='word_1_296' title='bbox 400 2948 962 3018; x_wconf 82' lang='lat' dir='ltr'><strong>MAIMAKTHPIQN,</strong></span> <span class='ocrx_word' id='word_1_297' title='bbox 1028 2966 1084 3021; x_wconf 92' lang='lat' dir='ltr'><strong>p.</strong></span> <span class='ocrx_word' id='word_1_298' title='bbox 1139 2951 1261 3004; x_wconf 83' lang='grc'>430.</span> <span class='ocrx_word' id='word_1_299' title='bbox 1313 2952 1544 3027; x_wconf 81' lang='grc' dir='ltr'>Δευτέρᾳ</span> <span class='ocrx_word' id='word_1_300' title='bbox 1602 2950 1660 3008; x_wconf 74' lang='grc' dir='ltr'>δὲ</span> <span class='ocrx_word' id='word_1_301' title='bbox 1744 2957 1964 3029; x_wconf 77' lang='grc' dir='ltr'><strong>Μαιμα-</strong></span> 
     </span>
    </p>
   </div>
   <div class='ocr_carea' id='block_1_48' title="bbox 312 3038 1963 3112">
    <p class='ocr_par' dir='ltr' id='par_1_48' title="bbox 312 3038 1963 3112">
     <span class='ocr_line' id='line_1_48' title="bbox 312 3038 1963 3112; baseline 0.007 -22"><span class='ocrx_word' id='word_1_302' title='bbox 312 3041 640 3112; x_wconf 82' lang='grc' dir='ltr'>κτηριῶνος.</span> <span class='ocrx_word' id='word_1_303' title='bbox 693 3040 756 3093; x_wconf 93' lang='lat' dir='ltr'><strong>In</strong></span> <span class='ocrx_word' id='word_1_304' title='bbox 790 3038 1052 3110; x_wconf 90' lang='lat' dir='ltr'><strong>margine</strong></span> <span class='ocrx_word' id='word_1_305' title='bbox 1084 3040 1200 3095; x_wconf 91' lang='lat' dir='ltr'><strong>duo</strong></span> <span class='ocrx_word' id='word_1_306' title='bbox 1230 3042 1402 3097; x_wconf 90' lang='lat' dir='ltr'><strong>codd.</strong></span> <span class='ocrx_word' id='word_1_307' title='bbox 1434 3041 1692 3100; x_wconf 74' lang='grc' dir='ltr'>Ἰούλιον.</span> <span class='ocrx_word' id='word_1_308' title='bbox 1736 3047 1963 3101; x_wconf 88' lang='lat' dir='ltr'><strong>Tertius</strong></span> 
     </span>
    </p>
   </div>
   <div class='ocr_carea' id='block_1_49' title="bbox 313 3127 1962 3190">
    <p class='ocr_par' dir='ltr' id='par_1_49' title="bbox 313 3127 1962 3190">
     <span class='ocr_line' id='line_1_49' title="bbox 313 3127 1962 3190; baseline 0.005 -7"><span class='ocrx_word' id='word_1_309' title='bbox 313 3132 380 3184; x_wconf 91' lang='lat' dir='ltr'><strong>ut</strong></span> <span class='ocrx_word' id='word_1_310' title='bbox 409 3128 555 3184; x_wconf 81' lang='lat' dir='ltr'><strong>solet</strong></span> <span class='ocrx_word' id='word_1_311' title='bbox 590 3127 646 3182; x_wconf 90' lang='lat' dir='ltr'><strong>id</strong></span> <span class='ocrx_word' id='word_1_312' title='bbox 693 3144 908 3183; x_wconf 90' lang='lat' dir='ltr'><strong>nomen</strong></span> <span class='ocrx_word' id='word_1_313' title='bbox 960 3129 1261 3184; x_wconf 83' lang='lat' dir='ltr'><strong>contextui</strong></span> <span class='ocrx_word' id='word_1_314' title='bbox 1320 3131 1526 3187; x_wconf 87' lang='lat' dir='ltr'><strong>inserit</strong></span> <span class='ocrx_word' id='word_1_315' title='bbox 1585 3151 1689 3189; x_wconf 91' lang='lat' dir='ltr'><strong>nec</strong></span> <span class='ocrx_word' id='word_1_316' title='bbox 1747 3136 1962 3190; x_wconf 81' lang='lat' dir='ltr'><strong>festum</strong></span> 
     </span>
    </p>
   </div>
   <div class='ocr_carea' id='block_1_50' title="bbox 313 3217 1966 3295">
    <p class='ocr_par' dir='ltr' id='par_1_50' title="bbox 313 3217 1966 3295">
     <span class='ocr_line' id='line_1_50' title="bbox 313 3217 1966 3295; baseline 0.005 -23"><span class='ocrx_word' id='word_1_317' title='bbox 313 3220 685 3273; x_wconf 90' lang='lat' dir='ltr'><strong>Pentecostes</strong></span> <span class='ocrx_word' id='word_1_318' title='bbox 717 3217 775 3272; x_wconf 92' lang='lat' dir='ltr'><strong>in</strong></span> <span class='ocrx_word' id='word_1_319' title='bbox 811 3217 1138 3273; x_wconf 89' lang='lat' dir='ltr'><strong>secundum</strong></span> <span class='ocrx_word' id='word_1_320' title='bbox 1171 3217 1274 3275; x_wconf 92' lang='lat' dir='ltr'><strong>illo</strong></span> <span class='ocrx_word' id='word_1_321' title='bbox 1303 3236 1455 3276; x_wconf 89' lang='lat' dir='ltr'><strong>anno</strong></span> <span class='ocrx_word' id='word_1_322' title='bbox 1487 3222 1643 3276; x_wconf 80' lang='lat' dir='ltr'><strong>Junii</strong></span> <span class='ocrx_word' id='word_1_323' title='bbox 1674 3223 1966 3295; x_wconf 90' lang='lat' dir='ltr'><strong>incidens,</strong></span> 
     </span>
    </p>
   </div>
   <div class='ocr_carea' id='block_1_51' title="bbox 315 3306 1970 3385">
    <p class='ocr_par' dir='ltr' id='par_1_51' title="bbox 315 3306 1970 3385">
     <span class='ocr_line' id='line_1_51' title="bbox 315 3306 1970 3385; baseline 0.004 -23"><span class='ocrx_word' id='word_1_324' title='bbox 315 3310 380 3362; x_wconf 87' lang='lat' dir='ltr'><strong>ut</strong></span> <span class='ocrx_word' id='word_1_325' title='bbox 410 3324 516 3363; x_wconf 90' lang='lat' dir='ltr'><strong>suo</strong></span> <span class='ocrx_word' id='word_1_326' title='bbox 547 3306 674 3362; x_wconf 90' lang='lat' dir='ltr'><strong>loco</strong></span> <span class='ocrx_word' id='word_1_327' title='bbox 702 3307 1071 3378; x_wconf 90' lang='lat' dir='ltr'><strong>ducebimus,</strong></span> <span class='ocrx_word' id='word_1_328' title='bbox 1101 3308 1350 3364; x_wconf 91' lang='lat' dir='ltr'><strong>dubium</strong></span> <span class='ocrx_word' id='word_1_329' title='bbox 1385 3310 1662 3382; x_wconf 87' lang='lat' dir='ltr'><strong>relinquit</strong></span> <span class='ocrx_word' id='word_1_330' title='bbox 1699 3316 1841 3385; x_wconf 90' lang='lat' dir='ltr'><strong>quin</strong></span> <span class='ocrx_word' id='word_1_331' title='bbox 1870 3313 1970 3369; x_wconf 85' lang='lat' dir='ltr'><strong>Ju-</strong></span> 
     </span>
    </p>
   </div>
   <div class='ocr_carea' id='block_1_52' title="bbox 314 3395 1966 3470">
    <p class='ocr_par' dir='ltr' id='par_1_52' title="bbox 314 3395 1966 3470">
     <span class='ocr_line' id='line_1_52' title="bbox 314 3395 1966 3470; baseline 0.006 -21"><span class='ocrx_word' id='word_1_332' title='bbox 314 3395 451 3451; x_wconf 88' lang='lat' dir='ltr'><strong>nius</strong></span> <span class='ocrx_word' id='word_1_333' title='bbox 483 3395 830 3469; x_wconf 77' lang='lat' dir='ltr'><strong>Pacbyrnori</strong></span> <span class='ocrx_word' id='word_1_334' title='bbox 853 3395 1314 3470; x_wconf 72' lang='grc' dir='ltr'>Μαιμακτηριών.</span> <span class='ocrx_word' id='word_1_335' title='bbox 1349 3399 1446 3455; x_wconf 90' lang='lat' dir='ltr'><strong>sit.</strong></span> <span class='ocrx_word' id='word_1_336' title='bbox 1467 3399 1538 3452; x_wconf 88' lang='grc' dir='ltr'><strong>Τὸ</strong></span> <span class='ocrx_word' id='word_1_337' title='bbox 1565 3397 1966 3460; x_wconf 74' lang='grc' dir='ltr'>ὅτιιοηοιῐιυετ</span> 
     </span>
    </p>
   </div>
   <div class='ocr_carea' id='block_1_53' title="bbox 312 3480 1966 3557">
    <p class='ocr_par' dir='ltr' id='par_1_53' title="bbox 312 3480 1966 3557">
     <span class='ocr_line' id='line_1_53' title="bbox 312 3480 1966 3557; baseline 0.007 -19"><span class='ocrx_word' id='word_1_338' title='bbox 312 3482 377 3538; x_wconf 85' lang='grc' dir='ltr'>τὸ</span> <span class='ocrx_word' id='word_1_339' title='bbox 409 3480 574 3553; x_wconf 84' lang='grc' dir='ltr'>διότι,</span> <span class='ocrx_word' id='word_1_340' title='bbox 608 3490 672 3540; x_wconf 89' lang='lat' dir='ltr'><strong>ut</strong></span> <span class='ocrx_word' id='word_1_341' title='bbox 702 3485 759 3540; x_wconf 92' lang='lat' dir='ltr'><strong>in</strong></span> <span class='ocrx_word' id='word_1_342' title='bbox 789 3485 1035 3555; x_wconf 69' lang='lat' dir='ltr'><strong>caeteris,</strong></span> <span class='ocrx_word' id='word_1_343' title='bbox 1067 3489 1473 3557; x_wconf 66' lang='lat' dir='ltr'><strong>quaerendum.</strong></span> <span class='ocrx_word' id='word_1_344' title='bbox 1508 3490 1648 3546; x_wconf 88' lang='lat' dir='ltr'><strong>Davi</strong></span> <span class='ocrx_word' id='word_1_345' title='bbox 1679 3492 1835 3548; x_wconf 89' lang='lat' dir='ltr'><strong>enim</strong></span> <span class='ocrx_word' id='word_1_346' title='bbox 1868 3510 1966 3549; x_wconf 88' lang='lat' dir='ltr'><strong>su-</strong></span> 
     </span>
    </p>
   </div>
   <div class='ocr_carea' id='block_1_54' title="bbox 313 3574 977 3646">
    <p class='ocr_par' dir='ltr' id='par_1_54' title="bbox 313 3574 977 3646">
     <span class='ocr_line' id='line_1_54' title="bbox 313 3574 977 3646; baseline 0 -18"><span class='ocrx_word' id='word_1_347' title='bbox 313 3590 472 3641; x_wconf 88' lang='lat' dir='ltr'><strong>mus,</strong></span> <span class='ocrx_word' id='word_1_348' title='bbox 507 3591 623 3630; x_wconf 90' lang='lat' dir='ltr'><strong>non</strong></span> <span class='ocrx_word' id='word_1_349' title='bbox 657 3574 860 3646; x_wconf 84' lang='lat' dir='ltr'><strong>OEdipi</strong></span> <span class='ocrx_word' id='word_1_350' title='bbox 890 3575 977 3646; x_wconf 77' lang='grc' dir='ltr'>(ο).</span> 
     </span>
    </p>
   </div>
   <div class='ocr_carea' id='block_1_55' title="bbox 390 3664 1969 3744">
    <p class='ocr_par' dir='ltr' id='par_1_55' title="bbox 390 3664 1969 3744">
     <span class='ocr_line' id='line_1_55' title="bbox 390 3664 1969 3744; baseline 0.006 -26"><span class='ocrx_word' id='word_1_351' title='bbox 390 3664 480 3734; x_wconf 84' lang='grc' dir='ltr'>[Ρ.</span> <span class='ocrx_word' id='word_1_352' title='bbox 517 3664 640 3736; x_wconf 79' lang='grc'><strong>488]</strong></span> <span class='ocrx_word' id='word_1_353' title='bbox 674 3665 1182 3736; x_wconf 84' lang='grc' dir='ltr'><strong>ΑΝΘΕΣΤΗΡΙΩΝ,</strong></span> <span class='ocrx_word' id='word_1_354' title='bbox 1205 3669 1286 3738; x_wconf 88' lang='lat' dir='ltr'><strong>(p.</strong></span> <span class='ocrx_word' id='word_1_355' title='bbox 1319 3668 1446 3737; x_wconf 79' lang='grc'>286,</span> <span class='ocrx_word' id='word_1_356' title='bbox 1495 3668 1522 3721; x_wconf 83' lang='grc' dir='ltr'>ὁ</span> <span class='ocrx_word' id='word_1_357' title='bbox 1551 3668 1969 3744; x_wconf 82' lang='grc' dir='ltr'>Ἀνθεστηριών.</span> 
     </span>
    </p>
   </div>
   <div class='ocr_carea' id='block_1_56' title="bbox 312 3754 1972 3828">
    <p class='ocr_par' dir='ltr' id='par_1_56' title="bbox 312 3754 1972 3828">
     <span class='ocr_line' id='line_1_56' title="bbox 312 3754 1972 3828; baseline 0.006 -21"><span class='ocrx_word' id='word_1_358' title='bbox 312 3754 624 3826; x_wconf 85' lang='lat' dir='ltr'><strong>Eregione</strong></span> <span class='ocrx_word' id='word_1_359' title='bbox 659 3756 715 3810; x_wconf 93' lang='lat' dir='ltr'><strong>in</strong></span> <span class='ocrx_word' id='word_1_360' title='bbox 775 3755 1041 3828; x_wconf 88' lang='lat' dir='ltr'><strong>margine</strong></span> <span class='ocrx_word' id='word_1_361' title='bbox 1096 3755 1350 3820; x_wconf 78' lang='grc' dir='ltr'>Ἰούλιος.</span> <span class='ocrx_word' id='word_1_362' title='bbox 1430 3758 1478 3812; x_wconf 86' lang='grc' dir='ltr'><strong>ν</strong></span> <span class='ocrx_word' id='word_1_363' title='bbox 1541 3759 1598 3814; x_wconf 89' lang='lat' dir='ltr'><strong>id</strong></span> <span class='ocrx_word' id='word_1_364' title='bbox 1661 3761 1854 3817; x_wconf 89' lang='lat' dir='ltr'><strong>solum</strong></span> <span class='ocrx_word' id='word_1_365' title='bbox 1913 3762 1972 3816; x_wconf 89' lang='lat' dir='ltr'><strong>in</strong></span> 
     </span>
    </p>
   </div>
   <div class='ocr_carea' id='block_1_57' title="bbox 313 3843 1974 3922">
    <p class='ocr_par' dir='ltr' id='par_1_57' title="bbox 313 3843 1974 3922">
     <span class='ocr_line' id='line_1_57' title="bbox 313 3843 1974 3922; baseline 0.004 -25"><span class='ocrx_word' id='word_1_366' title='bbox 313 3849 589 3899; x_wconf 84' lang='lat' dir='ltr'><strong>contextu</strong></span> <span class='ocrx_word' id='word_1_367' title='bbox 611 3843 808 3902; x_wconf 88' lang='lat' dir='ltr'><strong>habet.</strong></span> <span class='ocrx_word' id='word_1_368' title='bbox 841 3847 1046 3910; x_wconf 90' lang='lat' dir='ltr'><strong>Antea,</strong></span> <span class='ocrx_word' id='word_1_369' title='bbox 1080 3863 1136 3917; x_wconf 92' lang='lat' dir='ltr'><strong>p.</strong></span> <span class='ocrx_word' id='word_1_370' title='bbox 1202 3848 1324 3914; x_wconf 84' lang='grc'>149,</span> <span class='ocrx_word' id='word_1_371' title='bbox 1390 3849 1569 3921; x_wconf 84' lang='grc' dir='ltr'>Εορτῇ</span> <span class='ocrx_word' id='word_1_372' title='bbox 1619 3855 1721 3918; x_wconf 83' lang='grc' dir='ltr'><strong>τῆς</strong></span> <span class='ocrx_word' id='word_1_373' title='bbox 1771 3851 1974 3922; x_wconf 73' lang='grc' dir='ltr'><strong>θεομή-</strong></span> 
     </span>
    </p>
   </div>
   <div class='ocr_carea' id='block_1_58' title="bbox 313 3932 1975 4012">
    <p class='ocr_par' dir='ltr' id='par_1_58' title="bbox 313 3932 1975 4012">
     <span class='ocr_line' id='line_1_58' title="bbox 313 3932 1975 4012; baseline 0.005 -26"><span class='ocrx_word' id='word_1_374' title='bbox 313 3950 478 4006; x_wconf 83' lang='grc' dir='ltr'>τορος</span> <span class='ocrx_word' id='word_1_375' title='bbox 509 3932 713 4002; x_wconf 77' lang='grc' dir='ltr'>’Λννης</span> <span class='ocrx_word' id='word_1_376' title='bbox 741 3934 913 4004; x_wconf 82' lang='grc' dir='ltr'>μηνὸς</span> <span class='ocrx_word' id='word_1_377' title='bbox 945 3935 1433 4009; x_wconf 82' lang='grc' dir='ltr'>Ἀνθεστηριῶνος.</span> <span class='ocrx_word' id='word_1_378' title='bbox 1494 3942 1722 3995; x_wconf 84' lang='lat' dir='ltr'><strong>Rursus</strong></span> <span class='ocrx_word' id='word_1_379' title='bbox 1756 3957 1812 4012; x_wconf 89' lang='lat' dir='ltr'><strong>p.</strong></span> <span class='ocrx_word' id='word_1_380' title='bbox 1871 3940 1975 3994; x_wconf 77' lang='grc'><strong>483</strong></span> 
     </span>
    </p>
   </div>
   <div class='ocr_carea' id='block_1_59' title="bbox 319 4018 1974 4099">
    <p class='ocr_par' dir='ltr' id='par_1_59' title="bbox 319 4018 1974 4099">
     <span class='ocr_line' id='line_1_59' title="bbox 319 4018 1974 4099; baseline 0.004 -21"><span class='ocrx_word' id='word_1_381' title='bbox 319 4019 459 4078; x_wconf 82' lang='grc' dir='ltr'><strong>Τότε</strong></span> <span class='ocrx_word' id='word_1_382' title='bbox 484 4021 667 4076; x_wconf 76' lang='grc' dir='ltr'>τοίνυν</span> <span class='ocrx_word' id='word_1_383' title='bbox 725 4018 1005 4096; x_wconf 79' lang='grc' dir='ltr'><strong>δωδεκάτῃ</strong></span> <span class='ocrx_word' id='word_1_384' title='bbox 1036 4023 1491 4098; x_wconf 76' lang='grc' dir='ltr'>Ἀνθεστηριῶνος</span> <span class='ocrx_word' id='word_1_385' title='bbox 1555 4028 1747 4099; x_wconf 82' lang='grc' dir='ltr'>μηνός.</span> <span class='ocrx_word' id='word_1_386' title='bbox 1812 4029 1974 4085; x_wconf 91' lang='lat' dir='ltr'><strong>Utro-</strong></span> 
     </span>
    </p>
   </div>
   <div class='ocr_carea' id='block_1_60' title="bbox 315 4110 1973 4191">
    <p class='ocr_par' dir='ltr' id='par_1_60' title="bbox 315 4110 1973 4191">
     <span class='ocr_line' id='line_1_60' title="bbox 315 4110 1973 4191; baseline 0.004 -24"><span class='ocrx_word' id='word_1_387' title='bbox 315 4110 496 4183; x_wconf 88' lang='lat' dir='ltr'><strong>bique</strong></span> <span class='ocrx_word' id='word_1_388' title='bbox 527 4113 697 4167; x_wconf 93' lang='lat' dir='ltr'><strong>codd.</strong></span> <span class='ocrx_word' id='word_1_389' title='bbox 732 4113 803 4168; x_wconf 91' lang='lat' dir='ltr'><strong>de</strong></span> <span class='ocrx_word' id='word_1_390' title='bbox 835 4129 996 4169; x_wconf 89' lang='lat' dir='ltr'><strong>more</strong></span> <span class='ocrx_word' id='word_1_391' title='bbox 1043 4112 1296 4172; x_wconf 80' lang='grc' dir='ltr'>Ἰουνίου,</span> <span class='ocrx_word' id='word_1_392' title='bbox 1359 4117 1662 4173; x_wconf 90' lang='lat' dir='ltr'><strong>adnotant.</strong></span> <span class='ocrx_word' id='word_1_393' title='bbox 1723 4118 1973 4191; x_wconf 86' lang='lat' dir='ltr'><strong>Augusti</strong></span> 
     </span>
    </p>
   </div>
   <div class='ocr_carea' id='block_1_61' title="bbox 314 4201 1973 4277">
    <p class='ocr_par' dir='ltr' id='par_1_61' title="bbox 314 4201 1973 4277">
     <span class='ocr_line' id='line_1_61' title="bbox 314 4201 1973 4277; baseline 0.006 -23"><span class='ocrx_word' id='word_1_394' title='bbox 314 4201 539 4255; x_wconf 82' lang='lat' dir='ltr'><strong>mensis</strong></span> <span class='ocrx_word' id='word_1_395' title='bbox 576 4201 1096 4274; x_wconf 81' lang='lat' dir='ltr'><strong>Pachymerianum</strong></span> <span class='ocrx_word' id='word_1_396' title='bbox 1149 4221 1360 4260; x_wconf 90' lang='lat' dir='ltr'><strong>nomen</strong></span> <span class='ocrx_word' id='word_1_397' title='bbox 1410 4205 1470 4261; x_wconf 89' lang='lat' dir='ltr'><strong>in</strong></span> <span class='ocrx_word' id='word_1_398' title='bbox 1529 4206 1638 4262; x_wconf 91' lang='lat' dir='ltr'><strong>hac</strong></span> <span class='ocrx_word' id='word_1_399' title='bbox 1697 4207 1973 4277; x_wconf 87' lang='lat' dir='ltr'><strong>historia,</strong></span> 
     </span>
    </p>
   </div>
   <div class='ocr_carea' id='block_1_62' title="bbox 313 4289 1410 4366">
    <p class='ocr_par' dir='ltr' id='par_1_62' title="bbox 313 4289 1410 4366">
     <span class='ocr_line' id='line_1_62' title="bbox 313 4289 1410 4366; baseline 0.005 -23"><span class='ocrx_word' id='word_1_400' title='bbox 313 4289 471 4361; x_wconf 92' lang='lat' dir='ltr'><strong>quod</strong></span> <span class='ocrx_word' id='word_1_401' title='bbox 507 4291 902 4357; x_wconf 88' lang='lat' dir='ltr'><strong>meminerim,</strong></span> <span class='ocrx_word' id='word_1_402' title='bbox 928 4309 1043 4347; x_wconf 90' lang='lat' dir='ltr'><strong>non</strong></span> <span class='ocrx_word' id='word_1_403' title='bbox 1076 4298 1268 4349; x_wconf 88' lang='lat' dir='ltr'><strong>exstat</strong></span> <span class='ocrx_word' id='word_1_404' title='bbox 1300 4295 1410 4366; x_wconf 88' lang='grc'>(··).</span> 
     </span>
    </p>
   </div>
   <div class='ocr_carea' id='block_1_63' title="bbox 386 4397 1970 4480">
    <p class='ocr_par' dir='ltr' id='par_1_63' title="bbox 386 4397 1970 4480">
     <span class='ocr_line' id='line_1_63' title="bbox 386 4397 1970 4480; baseline 0.008 -32"><span class='ocrx_word' id='word_1_405' title='bbox 386 4397 784 4465; x_wconf 81' lang='grc' dir='ltr'><strong>ΓΑΜΗΛΙΩΝ,</strong></span> <span class='ocrx_word' id='word_1_406' title='bbox 819 4415 875 4470; x_wconf 93' lang='lat' dir='ltr'><strong>p.</strong></span> <span class='ocrx_word' id='word_1_407' title='bbox 929 4400 1052 4466; x_wconf 89' lang='lat'><strong>395,</strong></span> <span class='ocrx_word' id='word_1_408' title='bbox 1101 4398 1488 4472; x_wconf 81' lang='grc' dir='ltr'>Γαμηλιῶνος.</span> <span class='ocrx_word' id='word_1_409' title='bbox 1547 4402 1742 4473; x_wconf 83' lang='grc' dir='ltr'>μηνός.</span> <span class='ocrx_word' id='word_1_410' title='bbox 1787 4405 1970 4480; x_wconf 50' lang='lat' dir='ltr'><strong>Codd.</strong></span> 
     </span>
    </p>
   </div>
   <div class='ocr_carea' id='block_1_64' title="bbox 387 4486 1972 4566">
    <p class='ocr_par' dir='ltr' id='par_1_64' title="bbox 387 4486 1972 4566">
     <span class='ocr_line' id='line_1_64' title="bbox 387 4486 1972 4566; baseline 0.008 -26"><span class='ocrx_word' id='word_1_411' title='bbox 387 4486 423 4540; x_wconf 85' lang='grc' dir='ltr'><strong>Β</strong></span> <span class='ocrx_word' id='word_1_412' title='bbox 454 4490 512 4541; x_wconf 89' lang='lat' dir='ltr'><strong>et</strong></span> <span class='ocrx_word' id='word_1_413' title='bbox 539 4488 635 4542; x_wconf 84' lang='lat' dir='ltr'><strong>Ae</strong></span> <span class='ocrx_word' id='word_1_414' title='bbox 667 4487 901 4559; x_wconf 89' lang='lat' dir='ltr'><strong>regione</strong></span> <span class='ocrx_word' id='word_1_415' title='bbox 923 4489 1274 4546; x_wconf 88' lang='lat' dir='ltr'><strong>adscribunt</strong></span> <span class='ocrx_word' id='word_1_416' title='bbox 1313 4487 1715 4566; x_wconf 77' lang='grc' dir='ltr'>Σεπτεμϐρίου,</span> <span class='ocrx_word' id='word_1_417' title='bbox 1762 4495 1972 4552; x_wconf 86' lang='lat' dir='ltr'><strong>silente</strong></span> 
     </span>
    </p>
   </div>
   <div class='ocr_carea' id='block_1_65' title="bbox 2078 1937 3721 2018">
    <p class='ocr_par' dir='ltr' id='par_1_65' title="bbox 2078 1937 3721 2018">
     <span class='ocr_line' id='line_1_65' title="bbox 2078 1937 3721 2018; baseline 0.003 -24"><span class='ocrx_word' id='word_1_418' title='bbox 2078 1937 2135 1994; x_wconf 73' lang='grc' dir='ltr'><strong>δὲ</strong></span> <span class='ocrx_word' id='word_1_419' title='bbox 2186 1940 2664 2018; x_wconf 71' lang='grc' dir='ltr'>Σκιρῥοφοριῶνος</span> <span class='ocrx_word' id='word_1_420' title='bbox 2725 1939 3007 2018; x_wconf 73' lang='grc' dir='ltr'>ἑνδεκάτῃ,</span> <span class='ocrx_word' id='word_1_421' title='bbox 3063 1945 3122 2001; x_wconf 87' lang='lat' dir='ltr'><strong>in</strong></span> <span class='ocrx_word' id='word_1_422' title='bbox 3183 1946 3448 2017; x_wconf 80' lang='lat' dir='ltr'><strong>margine</strong></span> <span class='ocrx_word' id='word_1_423' title='bbox 3513 1951 3721 2018; x_wconf 83' lang='grc' dir='ltr'><strong>Δεκεμ-</strong></span> 
     </span>
    </p>
   </div>
   <div class='ocr_carea' id='block_1_66' title="bbox 2077 2025 3593 2107">
    <p class='ocr_par' dir='ltr' id='par_1_66' title="bbox 2077 2025 3593 2107">
     <span class='ocr_line' id='line_1_66' title="bbox 2077 2025 3593 2107; baseline 0.006 -26"><span class='ocrx_word' id='word_1_424' title='bbox 2077 2025 2254 2104; x_wconf 78' lang='grc' dir='ltr'>ϐρίου.</span> <span class='ocrx_word' id='word_1_425' title='bbox 2290 2032 2450 2097; x_wconf 88' lang='lat' dir='ltr'><strong>Quod</strong></span> <span class='ocrx_word' id='word_1_426' title='bbox 2485 2032 2798 2104; x_wconf 89' lang='lat' dir='ltr'><strong>utrobique</strong></span> <span class='ocrx_word' id='word_1_427' title='bbox 2826 2033 2874 2087; x_wconf 93' lang='lat' dir='ltr'><strong>V</strong></span> <span class='ocrx_word' id='word_1_428' title='bbox 2906 2037 2964 2088; x_wconf 91' lang='lat' dir='ltr'><strong>in</strong></span> <span class='ocrx_word' id='word_1_429' title='bbox 2998 2039 3334 2090; x_wconf 86' lang='lat' dir='ltr'><strong>contextum</strong></span> <span class='ocrx_word' id='word_1_430' title='bbox 3367 2035 3593 2107; x_wconf 88' lang='lat' dir='ltr'><strong>recipit.</strong></span> 
     </span>
    </p>
   </div>
   <div class='ocr_carea' id='block_1_67' title="bbox 2752 2192 3043 2248">
    <p class='ocr_par' dir='ltr' id='par_1_67' title="bbox 2752 2192 3043 2248">
     <span class='ocr_line' id='line_1_67' title="bbox 2752 2192 3043 2248; baseline 0.003 0"><span class='ocrx_word' id='word_1_431' title='bbox 2752 2192 3043 2248; x_wconf 85' lang='lat' dir='ltr'><strong>CAPUTII</strong></span> 
     </span>
    </p>
   </div>
   <div class='ocr_carea' id='block_1_68' title="bbox 2079 2276 3723 2352">
    <p class='ocr_par' dir='ltr' id='par_1_68' title="bbox 2079 2276 3723 2352">
     <span class='ocr_line' id='line_1_68' title="bbox 2079 2276 3723 2352; baseline 0.004 -19"><span class='ocrx_word' id='word_1_432' title='bbox 2079 2280 2318 2352; x_wconf 18' lang='lat' dir='ltr'><strong>Initium;</strong></span> <span class='ocrx_word' id='word_1_433' title='bbox 2358 2276 2582 2352; x_wconf 73' lang='lat' dir='ltr'><strong>imperii</strong></span> <span class='ocrx_word' id='word_1_434' title='bbox 2625 2280 2890 2336; x_wconf 81' lang='lat' dir='ltr'><strong>Theodori</strong></span> <span class='ocrx_word' id='word_1_435' title='bbox 2952 2283 3205 2339; x_wconf 69' lang='lat' dir='ltr'><strong>Lascaris</strong></span> <span class='ocrx_word' id='word_1_436' title='bbox 3251 2281 3521 2352; x_wconf 75' lang='lat' dir='ltr'><strong>Junioris,</strong></span> <span class='ocrx_word' id='word_1_437' title='bbox 3579 2283 3723 2339; x_wconf 78' lang='lat' dir='ltr'><strong>unde</strong></span> 
     </span>
    </p>
   </div>
   <div class='ocr_carea' id='block_1_69' title="bbox 2146 2350 3724 2427">
    <p class='ocr_par' dir='ltr' id='par_1_69' title="bbox 2146 2350 3724 2427">
     <span class='ocr_line' id='line_1_69' title="bbox 2146 2350 3724 2427; baseline 0.004 -23"><span class='ocrx_word' id='word_1_438' title='bbox 2146 2351 2265 2427; x_wconf 63' lang='lat' dir='ltr'><strong>haec</strong></span> <span class='ocrx_word' id='word_1_439' title='bbox 2295 2350 2536 2427; x_wconf 57' lang='lat' dir='ltr'><strong>historia</strong></span> <span class='ocrx_word' id='word_1_440' title='bbox 2559 2354 2818 2427; x_wconf 62' lang='lat' dir='ltr'><strong>procedit,</strong></span> <span class='ocrx_word' id='word_1_441' title='bbox 2865 2356 3178 2410; x_wconf 73' lang='lat' dir='ltr'><strong>rationibus</strong></span> <span class='ocrx_word' id='word_1_442' title='bbox 3225 2350 3625 2427; x_wconf 75' lang='lat' dir='ltr'><strong>chronologicis</strong></span> <span class='ocrx_word' id='word_1_443' title='bbox 3671 2363 3724 2411; x_wconf 86' lang='lat' dir='ltr'><strong>et</strong></span> 
     </span>
    </p>
   </div>
   <div class='ocr_carea' id='block_1_70' title="bbox 2147 2423 3147 2484">
    <p class='ocr_par' dir='ltr' id='par_1_70' title="bbox 2147 2423 3147 2484">
     <span class='ocr_line' id='line_1_70' title="bbox 2147 2423 3147 2484; baseline 0.007 -7"><span class='ocrx_word' id='word_1_444' title='bbox 2147 2423 2354 2477; x_wconf 64' lang='lat' dir='ltr'><strong>caelesti</strong></span> <span class='ocrx_word' id='word_1_445' title='bbox 2381 2424 2694 2479; x_wconf 80' lang='lat' dir='ltr'><strong>charactere</strong></span> <span class='ocrx_word' id='word_1_446' title='bbox 2721 2425 3147 2484; x_wconf 75' lang='lat' dir='ltr'><strong>demonstratur.</strong></span> 
     </span>
    </p>
   </div>
   <div class='ocr_carea' id='block_1_71' title="bbox 2148 2545 3720 2624">
    <p class='ocr_par' dir='ltr' id='par_1_71' title="bbox 2148 2545 3720 2624">
     <span class='ocr_line' id='line_1_71' title="bbox 2148 2545 3720 2624; baseline 0.006 -25"><span class='ocrx_word' id='word_1_447' title='bbox 2148 2545 2192 2599; x_wconf 91' lang='grc' dir='ltr'>Ι.</span> <span class='ocrx_word' id='word_1_448' title='bbox 2226 2545 2349 2599; x_wconf 91' lang='lat' dir='ltr'><strong>Non</strong></span> <span class='ocrx_word' id='word_1_449' title='bbox 2384 2563 2704 2616; x_wconf 77' lang='lat' dir='ltr'><strong>possumus</strong></span> <span class='ocrx_word' id='word_1_450' title='bbox 2737 2565 2803 2604; x_wconf 79' lang='lat' dir='ltr'><strong>ex</strong></span> <span class='ocrx_word' id='word_1_451' title='bbox 2834 2551 3234 2620; x_wconf 90' lang='lat' dir='ltr'><strong>opportuniori</strong></span> <span class='ocrx_word' id='word_1_452' title='bbox 3270 2552 3491 2623; x_wconf 87' lang='lat' dir='ltr'><strong>epocba</strong></span> <span class='ocrx_word' id='word_1_453' title='bbox 3539 2553 3720 2624; x_wconf 88' lang='lat' dir='ltr'><strong>hujus</strong></span> 
     </span>
    </p>
   </div>
   <div class='ocr_carea' id='block_1_72' title="bbox 2073 2632 3720 2713">
    <p class='ocr_par' dir='ltr' id='par_1_72' title="bbox 2073 2632 3720 2713">
     <span class='ocr_line' id='line_1_72' title="bbox 2073 2632 3720 2713; baseline 0.007 -27"><span class='ocrx_word' id='word_1_454' title='bbox 2073 2632 2331 2688; x_wconf 68' lang='lat' dir='ltr'><strong>historia:</strong></span> <span class='ocrx_word' id='word_1_455' title='bbox 2363 2639 2540 2706; x_wconf 89' lang='lat' dir='ltr'><strong>caput</strong></span> <span class='ocrx_word' id='word_1_456' title='bbox 2572 2636 2784 2695; x_wconf 87' lang='lat' dir='ltr'><strong>ducere</strong></span> <span class='ocrx_word' id='word_1_457' title='bbox 2815 2655 2990 2708; x_wconf 87' lang='lat' dir='ltr'><strong>quam</strong></span> <span class='ocrx_word' id='word_1_458' title='bbox 3025 2650 3092 2694; x_wconf 84' lang='lat' dir='ltr'><strong>ex</strong></span> <span class='ocrx_word' id='word_1_459' title='bbox 3137 2639 3302 2694; x_wconf 89' lang='lat' dir='ltr'><strong>initio</strong></span> <span class='ocrx_word' id='word_1_460' title='bbox 3355 2642 3720 2713; x_wconf 89' lang='lat' dir='ltr'><strong>principatus</strong></span> 
     </span>
    </p>
   </div>
   <div class='ocr_carea' id='block_1_73' title="bbox 2071 2722 3725 2796">
    <p class='ocr_par' dir='ltr' id='par_1_73' title="bbox 2071 2722 3725 2796">
     <span class='ocr_line' id='line_1_73' title="bbox 2071 2722 3725 2796; baseline 0.008 -22"><span class='ocrx_word' id='word_1_461' title='bbox 2071 2722 2354 2779; x_wconf 87' lang='lat' dir='ltr'><strong>Theodori</strong></span> <span class='ocrx_word' id='word_1_462' title='bbox 2388 2724 2652 2780; x_wconf 88' lang='lat' dir='ltr'><strong>Lascaris</strong></span> <span class='ocrx_word' id='word_1_463' title='bbox 2683 2743 2750 2780; x_wconf 92' lang='lat' dir='ltr'><strong>eo</strong></span> <span class='ocrx_word' id='word_1_464' title='bbox 2783 2728 3018 2782; x_wconf 90' lang='lat' dir='ltr'><strong>nomine</strong></span> <span class='ocrx_word' id='word_1_465' title='bbox 3045 2729 3312 2796; x_wconf 87' lang='lat' dir='ltr'><strong>secundi,</strong></span> <span class='ocrx_word' id='word_1_466' title='bbox 3349 2730 3450 2784; x_wconf 79' lang='lat' dir='ltr'><strong>filii</strong></span> <span class='ocrx_word' id='word_1_467' title='bbox 3483 2735 3540 2786; x_wconf 91' lang='lat' dir='ltr'><strong>et</strong></span> <span class='ocrx_word' id='word_1_468' title='bbox 3593 2749 3725 2787; x_wconf 85' lang='lat' dir='ltr'><strong>suc-</strong></span> 
     </span>
    </p>
   </div>
   <div class='ocr_carea' id='block_1_74' title="bbox 2074 2811 3723 2893">
    <p class='ocr_par' dir='ltr' id='par_1_74' title="bbox 2074 2811 3723 2893">
     <span class='ocr_line' id='line_1_74' title="bbox 2074 2811 3723 2893; baseline 0.007 -28"><span class='ocrx_word' id='word_1_469' title='bbox 2074 2811 2328 2866; x_wconf 87' lang='lat' dir='ltr'><strong>cessoris</strong></span> <span class='ocrx_word' id='word_1_470' title='bbox 2362 2811 2421 2866; x_wconf 91' lang='lat' dir='ltr'><strong>in</strong></span> <span class='ocrx_word' id='word_1_471' title='bbox 2456 2813 2700 2884; x_wconf 87' lang='lat' dir='ltr'><strong>imperio</strong></span> <span class='ocrx_word' id='word_1_472' title='bbox 2731 2815 2979 2871; x_wconf 87' lang='lat' dir='ltr'><strong>Joannis</strong></span> <span class='ocrx_word' id='word_1_473' title='bbox 3011 2816 3202 2885; x_wconf 74' lang='lat' dir='ltr'><strong>Ducas,</strong></span> <span class='ocrx_word' id='word_1_474' title='bbox 3228 2819 3472 2873; x_wconf 71' lang='lat' dir='ltr'><strong>Batatzze</strong></span> <span class='ocrx_word' id='word_1_475' title='bbox 3506 2836 3723 2893; x_wconf 85' lang='lat' dir='ltr'><strong>cogno-</strong></span> 
     </span>
    </p>
   </div>
   <div class='ocr_carea' id='block_1_75' title="bbox 2075 2899 3726 2976">
    <p class='ocr_par' dir='ltr' id='par_1_75' title="bbox 2075 2899 3726 2976">
     <span class='ocr_line' id='line_1_75' title="bbox 2075 2899 3726 2976; baseline 0.007 -22"><span class='ocrx_word' id='word_1_476' title='bbox 2075 2899 2306 2955; x_wconf 90' lang='lat' dir='ltr'><strong>minati.</strong></span> <span class='ocrx_word' id='word_1_477' title='bbox 2341 2901 2672 2972; x_wconf 85' lang='lat' dir='ltr'><strong>Insigniora</strong></span> <span class='ocrx_word' id='word_1_478' title='bbox 2700 2905 2856 2959; x_wconf 91' lang='lat' dir='ltr'><strong>enim</strong></span> <span class='ocrx_word' id='word_1_479' title='bbox 2890 2922 3136 2976; x_wconf 68' lang='lat' dir='ltr'><strong>quazque</strong></span> <span class='ocrx_word' id='word_1_480' title='bbox 3181 2908 3252 2962; x_wconf 91' lang='lat' dir='ltr'><strong>de</strong></span> <span class='ocrx_word' id='word_1_481' title='bbox 3287 2907 3568 2964; x_wconf 89' lang='lat' dir='ltr'><strong>Michaele</strong></span> <span class='ocrx_word' id='word_1_482' title='bbox 3612 2915 3726 2966; x_wconf 88' lang='lat' dir='ltr'><strong>Pa-</strong></span> 
     </span>
    </p>
   </div>
   <div class='ocr_carea' id='block_1_76' title="bbox 2073 2987 3729 3063">
    <p class='ocr_par' dir='ltr' id='par_1_76' title="bbox 2073 2987 3729 3063">
     <span class='ocr_line' id='line_1_76' title="bbox 2073 2987 3729 3063; baseline 0.007 -21"><span class='ocrx_word' id='word_1_483' title='bbox 2073 2987 2313 3061; x_wconf 80' lang='lat' dir='ltr'><strong>laeologo</strong></span> <span class='ocrx_word' id='word_1_484' title='bbox 2364 2990 2555 3046; x_wconf 81' lang='lat' dir='ltr'><strong>adhuc</strong></span> <span class='ocrx_word' id='word_1_485' title='bbox 2586 2992 2812 3063; x_wconf 86' lang='lat' dir='ltr'><strong>privato</strong></span> <span class='ocrx_word' id='word_1_486' title='bbox 2856 2994 2950 3049; x_wconf 89' lang='lat' dir='ltr'><strong>hic</strong></span> <span class='ocrx_word' id='word_1_487' title='bbox 2993 3001 3226 3050; x_wconf 87' lang='lat' dir='ltr'><strong>narrata</strong></span> <span class='ocrx_word' id='word_1_488' title='bbox 3275 2996 3382 3052; x_wconf 92' lang='lat' dir='ltr'><strong>hoc</strong></span> <span class='ocrx_word' id='word_1_489' title='bbox 3430 2998 3729 3054; x_wconf 91' lang='lat' dir='ltr'><strong>Theodoro</strong></span> 
     </span>
    </p>
   </div>
   <div class='ocr_carea' id='block_1_77' title="bbox 2075 3076 3727 3154">
    <p class='ocr_par' dir='ltr' id='par_1_77' title="bbox 2075 3076 3727 3154">
     <span class='ocr_line' id='line_1_77' title="bbox 2075 3076 3727 3154; baseline 0.007 -23"><span class='ocrx_word' id='word_1_490' title='bbox 2075 3076 2404 3149; x_wconf 88' lang='lat' dir='ltr'><strong>imperante</strong></span> <span class='ocrx_word' id='word_1_491' title='bbox 2425 3080 2823 3153; x_wconf 87' lang='lat' dir='ltr'><strong>contigerunt,</strong></span> <span class='ocrx_word' id='word_1_492' title='bbox 2851 3084 3023 3154; x_wconf 88' lang='lat' dir='ltr'><strong>cujus</strong></span> <span class='ocrx_word' id='word_1_493' title='bbox 3049 3090 3469 3154; x_wconf 66' lang='lat' dir='ltr'><strong>praematurum</strong></span> <span class='ocrx_word' id='word_1_494' title='bbox 3499 3087 3727 3143; x_wconf 90' lang='lat' dir='ltr'><strong>obitum</strong></span> 
     </span>
    </p>
   </div>
   <div class='ocr_carea' id='block_1_78' title="bbox 2078 3167 3726 3246">
    <p class='ocr_par' dir='ltr' id='par_1_78' title="bbox 2078 3167 3726 3246">
     <span class='ocr_line' id='line_1_78' title="bbox 2078 3167 3726 3246; baseline 0.007 -25"><span class='ocrx_word' id='word_1_495' title='bbox 2078 3168 2274 3222; x_wconf 83' lang='lat' dir='ltr'><strong>statim</strong></span> <span class='ocrx_word' id='word_1_496' title='bbox 2309 3167 2426 3224; x_wconf 84' lang='lat' dir='ltr'><strong>fere</strong></span> <span class='ocrx_word' id='word_1_497' title='bbox 2447 3169 2748 3228; x_wconf 89' lang='lat' dir='ltr'><strong>Michaelis</strong></span> <span class='ocrx_word' id='word_1_498' title='bbox 2778 3173 3044 3243; x_wconf 87' lang='lat' dir='ltr'><strong>ejusdem</strong></span> <span class='ocrx_word' id='word_1_499' title='bbox 3071 3173 3128 3227; x_wconf 91' lang='lat' dir='ltr'><strong>in</strong></span> <span class='ocrx_word' id='word_1_500' title='bbox 3158 3173 3475 3246; x_wconf 86' lang='lat' dir='ltr'><strong>imperium</strong></span> <span class='ocrx_word' id='word_1_501' title='bbox 3507 3177 3726 3232; x_wconf 91' lang='lat' dir='ltr'><strong>evectio</strong></span> 
     </span>
    </p>
   </div>
   <div class='ocr_carea' id='block_1_79' title="bbox 1997 3243 3729 3337">
    <p class='ocr_par' dir='ltr' id='par_1_79' title="bbox 1997 3243 3729 3337">
     <span class='ocr_line' id='line_1_79' title="bbox 1997 3243 3729 3337; baseline 0.007 -29"><span class='ocrx_word' id='word_1_502' title='bbox 1997 3243 2043 3307; x_wconf 86' lang='lat' dir='ltr'><strong><em>C</em></strong></span> <span class='ocrx_word' id='word_1_503' title='bbox 2081 3258 2326 3328; x_wconf 86' lang='lat' dir='ltr'><strong>excepit.</strong></span> <span class='ocrx_word' id='word_1_504' title='bbox 2372 3258 2502 3314; x_wconf 91' lang='lat' dir='ltr'><strong>Scio</strong></span> <span class='ocrx_word' id='word_1_505' title='bbox 2560 3260 2669 3315; x_wconf 88' lang='lat' dir='ltr'><strong>sub</strong></span> <span class='ocrx_word' id='word_1_506' title='bbox 2717 3259 2942 3317; x_wconf 86' lang='lat' dir='ltr'><strong>Joanne</strong></span> <span class='ocrx_word' id='word_1_507' title='bbox 2992 3243 3545 3334; x_wconf 44' lang='lat' dir='ltr'><strong>quoque—nonnihil</strong></span> <span class='ocrx_word' id='word_1_508' title='bbox 3599 3265 3729 3337; x_wconf 85' lang='lat' dir='ltr'><strong>ejus</strong></span> 
     </span>
    </p>
   </div>
   <div class='ocr_carea' id='block_1_80' title="bbox 2079 3347 3728 3420">
    <p class='ocr_par' dir='ltr' id='par_1_80' title="bbox 2079 3347 3728 3420">
     <span class='ocr_line' id='line_1_80' title="bbox 2079 3347 3728 3420; baseline 0.005 -19"><span class='ocrx_word' id='word_1_509' title='bbox 2079 3348 2338 3419; x_wconf 81' lang='lat' dir='ltr'><strong>generis,</strong></span> <span class='ocrx_word' id='word_1_510' title='bbox 2368 3364 2496 3420; x_wconf 90' lang='lat' dir='ltr'><strong>cap.</strong></span> <span class='ocrx_word' id='word_1_511' title='bbox 2529 3349 2587 3417; x_wconf 89' lang='lat'><strong>6,</strong></span> <span class='ocrx_word' id='word_1_512' title='bbox 2618 3347 2720 3404; x_wconf 89' lang='lat' dir='ltr'><strong>lib.</strong></span> <span class='ocrx_word' id='word_1_513' title='bbox 2754 3368 2772 3406; x_wconf 85' lang='grc' dir='ltr'><strong>ι</strong></span> <span class='ocrx_word' id='word_1_514' title='bbox 2806 3352 3156 3408; x_wconf 88' lang='lat' dir='ltr'><strong>memorari:</strong></span> <span class='ocrx_word' id='word_1_515' title='bbox 3193 3369 3394 3408; x_wconf 86' lang='lat' dir='ltr'><strong>verum</strong></span> <span class='ocrx_word' id='word_1_516' title='bbox 3427 3357 3485 3409; x_wconf 91' lang='lat' dir='ltr'><strong>et</strong></span> <span class='ocrx_word' id='word_1_517' title='bbox 3515 3354 3572 3409; x_wconf 89' lang='lat' dir='ltr'><strong>id</strong></span> <span class='ocrx_word' id='word_1_518' title='bbox 3607 3353 3728 3409; x_wconf 88' lang='lat' dir='ltr'><strong>obi-</strong></span> 
     </span>
    </p>
   </div>
   <div class='ocr_carea' id='block_1_81' title="bbox 2083 3436 3726 3516">
    <p class='ocr_par' dir='ltr' id='par_1_81' title="bbox 2083 3436 3726 3516">
     <span class='ocr_line' id='line_1_81' title="bbox 2083 3436 3726 3516; baseline 0.005 -26"><span class='ocrx_word' id='word_1_519' title='bbox 2083 3440 2170 3491; x_wconf 89' lang='lat' dir='ltr'><strong>ter</strong></span> <span class='ocrx_word' id='word_1_520' title='bbox 2198 3436 2564 3492; x_wconf 90' lang='lat' dir='ltr'><strong>insinuatum</strong></span> <span class='ocrx_word' id='word_1_521' title='bbox 2597 3439 2884 3494; x_wconf 88' lang='lat' dir='ltr'><strong>duntaxat</strong></span> <span class='ocrx_word' id='word_1_522' title='bbox 2905 3440 3077 3511; x_wconf 90' lang='lat' dir='ltr'><strong>quasi</strong></span> <span class='ocrx_word' id='word_1_523' title='bbox 3121 3443 3459 3512; x_wconf 72' lang='lat' dir='ltr'><strong>praetexitur</strong></span> <span class='ocrx_word' id='word_1_524' title='bbox 3515 3443 3676 3516; x_wconf 90' lang='lat' dir='ltr'><strong>operi</strong></span> <span class='ocrx_word' id='word_1_525' title='bbox 3711 3460 3726 3500; x_wconf 85' lang='lat'>:</span> 
     </span>
    </p>
   </div>
   <div class='ocr_carea' id='block_1_82' title="bbox 2083 3524 3734 3603">
    <p class='ocr_par' dir='ltr' id='par_1_82' title="bbox 2083 3524 3734 3603">
     <span class='ocr_line' id='line_1_82' title="bbox 2083 3524 3734 3603; baseline 0.005 -23"><span class='ocrx_word' id='word_1_526' title='bbox 2083 3529 2138 3581; x_wconf 88' lang='lat' dir='ltr'><strong>et</strong></span> <span class='ocrx_word' id='word_1_527' title='bbox 2169 3524 2311 3580; x_wconf 89' lang='lat' dir='ltr'><strong>illud</strong></span> <span class='ocrx_word' id='word_1_528' title='bbox 2345 3526 2540 3598; x_wconf 90' lang='lat' dir='ltr'><strong>ipsum</strong></span> <span class='ocrx_word' id='word_1_529' title='bbox 2562 3527 2697 3598; x_wconf 89' lang='lat' dir='ltr'><strong>jure</strong></span> <span class='ocrx_word' id='word_1_530' title='bbox 2727 3527 3008 3600; x_wconf 87' lang='lat' dir='ltr'><strong>imputari</strong></span> <span class='ocrx_word' id='word_1_531' title='bbox 3039 3531 3339 3587; x_wconf 87' lang='lat' dir='ltr'><strong>Theodoro</strong></span> <span class='ocrx_word' id='word_1_532' title='bbox 3364 3531 3556 3603; x_wconf 88' lang='lat' dir='ltr'><strong>potuit</strong></span> <span class='ocrx_word' id='word_1_533' title='bbox 3605 3537 3734 3588; x_wconf 88' lang='lat' dir='ltr'><strong>tau-</strong></span> 
     </span>
    </p>
   </div>
   <div class='ocr_carea' id='block_1_83' title="bbox 2084 3615 3730 3690">
    <p class='ocr_par' dir='ltr' id='par_1_83' title="bbox 2084 3615 3730 3690">
     <span class='ocr_line' id='line_1_83' title="bbox 2084 3615 3730 3690; baseline 0.005 -22"><span class='ocrx_word' id='word_1_534' title='bbox 2084 3618 2208 3670; x_wconf 91' lang='lat' dir='ltr'><strong>tum</strong></span> <span class='ocrx_word' id='word_1_535' title='bbox 2243 3632 2359 3670; x_wconf 92' lang='lat' dir='ltr'><strong>non</strong></span> <span class='ocrx_word' id='word_1_536' title='bbox 2393 3615 2706 3688; x_wconf 88' lang='lat' dir='ltr'><strong>imperanti</strong></span> <span class='ocrx_word' id='word_1_537' title='bbox 2740 3621 2797 3671; x_wconf 88' lang='lat' dir='ltr'><strong>et</strong></span> <span class='ocrx_word' id='word_1_538' title='bbox 2827 3619 2980 3688; x_wconf 88' lang='lat' dir='ltr'><strong>apud</strong></span> <span class='ocrx_word' id='word_1_539' title='bbox 3014 3624 3314 3690; x_wconf 89' lang='lat' dir='ltr'><strong>parentem</strong></span> <span class='ocrx_word' id='word_1_540' title='bbox 3349 3620 3637 3677; x_wconf 89' lang='lat' dir='ltr'><strong>seniorem</strong></span> <span class='ocrx_word' id='word_1_541' title='bbox 3664 3638 3730 3677; x_wconf 92' lang='lat' dir='ltr'><strong>eo</strong></span> 
     </span>
    </p>
   </div>
   <div class='ocr_carea' id='block_1_84' title="bbox 2080 3705 3735 3782">
    <p class='ocr_par' dir='ltr' id='par_1_84' title="bbox 2080 3705 3735 3782">
     <span class='ocr_line' id='line_1_84' title="bbox 2080 3705 3735 3782; baseline 0.005 -25"><span class='ocrx_word' id='word_1_542' title='bbox 2080 3706 2279 3775; x_wconf 78' lang='lat' dir='ltr'><strong>gratize</strong></span> <span class='ocrx_word' id='word_1_543' title='bbox 2312 3721 2378 3759; x_wconf 88' lang='lat' dir='ltr'><strong>ac</strong></span> <span class='ocrx_word' id='word_1_544' title='bbox 2412 3705 2688 3773; x_wconf 74' lang='lat' dir='ltr'><strong>potentiae</strong></span> <span class='ocrx_word' id='word_1_545' title='bbox 2717 3708 2901 3778; x_wconf 88' lang='lat' dir='ltr'><strong>gradu</strong></span> <span class='ocrx_word' id='word_1_546' title='bbox 2938 3708 3172 3777; x_wconf 89' lang='lat' dir='ltr'><strong>nitenti,</strong></span> <span class='ocrx_word' id='word_1_547' title='bbox 3207 3708 3443 3781; x_wconf 91' lang='lat' dir='ltr'><strong>qualem</strong></span> <span class='ocrx_word' id='word_1_548' title='bbox 3478 3727 3579 3782; x_wconf 92' lang='lat' dir='ltr'><strong>per</strong></span> <span class='ocrx_word' id='word_1_549' title='bbox 3607 3715 3735 3766; x_wconf 85' lang='lat' dir='ltr'><strong>erat</strong></span> 
     </span>
    </p>
   </div>
   <div class='ocr_carea' id='block_1_85' title="bbox 2083 3793 3734 3872">
    <p class='ocr_par' dir='ltr' id='par_1_85' title="bbox 2083 3793 3734 3872">
     <span class='ocr_line' id='line_1_85' title="bbox 2083 3793 3734 3872; baseline 0.005 -26"><span class='ocrx_word' id='word_1_550' title='bbox 2083 3793 2383 3862; x_wconf 80' lang='lat' dir='ltr'><strong>unigenito</strong></span> <span class='ocrx_word' id='word_1_551' title='bbox 2398 3794 2584 3850; x_wconf 89' lang='lat' dir='ltr'><strong>virilis</strong></span> <span class='ocrx_word' id='word_1_552' title='bbox 2599 3795 2812 3866; x_wconf 85' lang='lat' dir='ltr'><strong>adepto</strong></span> <span class='ocrx_word' id='word_1_553' title='bbox 2830 3795 3261 3866; x_wconf 88' lang='lat' dir='ltr'><strong>plenitudinem</strong></span> <span class='ocrx_word' id='word_1_554' title='bbox 3283 3798 3489 3870; x_wconf 72' lang='lat' dir='ltr'><strong>aetatis,</strong></span> <span class='ocrx_word' id='word_1_555' title='bbox 3513 3800 3734 3872; x_wconf 61' lang='lat'><strong>(13.489)</strong></span> 
     </span>
    </p>
   </div>
   <div class='ocr_carea' id='block_1_86' title="bbox 2078 3881 3738 3946">
    <p class='ocr_par' dir='ltr' id='par_1_86' title="bbox 2078 3881 3738 3946">
     <span class='ocr_line' id='line_1_86' title="bbox 2078 3881 3738 3946; baseline 0.005 -10"><span class='ocrx_word' id='word_1_556' title='bbox 2078 3881 2236 3937; x_wconf 86' lang='lat' dir='ltr'><strong>haud</strong></span> <span class='ocrx_word' id='word_1_557' title='bbox 2271 3883 2450 3938; x_wconf 90' lang='lat' dir='ltr'><strong>dubio</strong></span> <span class='ocrx_word' id='word_1_558' title='bbox 2483 3884 2812 3940; x_wconf 89' lang='lat' dir='ltr'><strong>successori</strong></span> <span class='ocrx_word' id='word_1_559' title='bbox 2847 3885 3143 3943; x_wconf 90' lang='lat' dir='ltr'><strong>declarato</strong></span> <span class='ocrx_word' id='word_1_560' title='bbox 3187 3892 3243 3943; x_wconf 89' lang='lat' dir='ltr'><strong>et</strong></span> <span class='ocrx_word' id='word_1_561' title='bbox 3275 3906 3390 3944; x_wconf 85' lang='lat' dir='ltr'><strong>Iam</strong></span> <span class='ocrx_word' id='word_1_562' title='bbox 3426 3906 3584 3946; x_wconf 88' lang='lat' dir='ltr'><strong>nunc</strong></span> <span class='ocrx_word' id='word_1_563' title='bbox 3618 3891 3738 3946; x_wconf 83' lang='lat' dir='ltr'><strong>fere</strong></span> 
     </span>
    </p>
   </div>
   <div class='ocr_carea' id='block_1_87' title="bbox 2079 3971 3731 4046">
    <p class='ocr_par' dir='ltr' id='par_1_87' title="bbox 2079 3971 3731 4046">
     <span class='ocr_line' id='line_1_87' title="bbox 2079 3971 3731 4046; baseline 0.005 -20"><span class='ocrx_word' id='word_1_564' title='bbox 2079 3971 2315 4042; x_wconf 82' lang='lat' dir='ltr'><strong>collegae</strong></span> <span class='ocrx_word' id='word_1_565' title='bbox 2348 3971 2551 4029; x_wconf 87' lang='lat' dir='ltr'><strong>tribui.</strong></span> <span class='ocrx_word' id='word_1_566' title='bbox 2614 3976 2790 4028; x_wconf 86' lang='lat' dir='ltr'><strong>Recte</strong></span> <span class='ocrx_word' id='word_1_567' title='bbox 2843 3974 3026 4046; x_wconf 88' lang='lat' dir='ltr'><strong>igitur</strong></span> <span class='ocrx_word' id='word_1_568' title='bbox 3084 3981 3287 4032; x_wconf 88' lang='lat' dir='ltr'><strong>noster</strong></span> <span class='ocrx_word' id='word_1_569' title='bbox 3338 3977 3506 4035; x_wconf 89' lang='lat' dir='ltr'><strong>initio</strong></span> <span class='ocrx_word' id='word_1_570' title='bbox 3557 3981 3731 4036; x_wconf 90' lang='lat' dir='ltr'><strong>modo</strong></span> 
     </span>
    </p>
   </div>
   <div class='ocr_carea' id='block_1_88' title="bbox 2078 4059 3741 4131">
    <p class='ocr_par' dir='ltr' id='par_1_88' title="bbox 2078 4059 3741 4131">
     <span class='ocr_line' id='line_1_88' title="bbox 2078 4059 3741 4131; baseline 0.005 -16"><span class='ocrx_word' id='word_1_571' title='bbox 2078 4059 2298 4115; x_wconf 88' lang='lat' dir='ltr'><strong>laudati</strong></span> <span class='ocrx_word' id='word_1_572' title='bbox 2331 4061 2540 4131; x_wconf 90' lang='lat' dir='ltr'><strong>capitis</strong></span> <span class='ocrx_word' id='word_1_573' title='bbox 2561 4061 2614 4130; x_wconf 84' lang='lat'><strong>7,</strong></span> <span class='ocrx_word' id='word_1_574' title='bbox 2655 4061 2812 4116; x_wconf 87' lang='lat' dir='ltr'><strong>velut</strong></span> <span class='ocrx_word' id='word_1_575' title='bbox 2857 4062 3165 4118; x_wconf 88' lang='lat' dir='ltr'><strong>historiam</strong></span> <span class='ocrx_word' id='word_1_576' title='bbox 3216 4065 3351 4120; x_wconf 88' lang='lat' dir='ltr'><strong>inde</strong></span> <span class='ocrx_word' id='word_1_577' title='bbox 3409 4083 3577 4122; x_wconf 84' lang='lat' dir='ltr'><strong>suam</strong></span> <span class='ocrx_word' id='word_1_578' title='bbox 3634 4085 3741 4123; x_wconf 87' lang='lat' dir='ltr'><strong>au-</strong></span> 
     </span>
    </p>
   </div>
   <div class='ocr_carea' id='block_1_89' title="bbox 2079 4149 3740 4227">
    <p class='ocr_par' dir='ltr' id='par_1_89' title="bbox 2079 4149 3740 4227">
     <span class='ocr_line' id='line_1_89' title="bbox 2079 4149 3740 4227; baseline 0.007 -25"><span class='ocrx_word' id='word_1_579' title='bbox 2079 4149 2316 4221; x_wconf 86' lang='lat' dir='ltr'><strong>spicans</strong></span> <span class='ocrx_word' id='word_1_580' title='bbox 2351 4149 2581 4217; x_wconf 90' lang='lat' dir='ltr'><strong>scribit,</strong></span> <span class='ocrx_word' id='word_1_581' title='bbox 2610 4150 2936 4222; x_wconf 85' lang='lat' dir='ltr'><strong>imperante</strong></span> <span class='ocrx_word' id='word_1_582' title='bbox 2963 4152 3275 4208; x_wconf 91' lang='lat' dir='ltr'><strong>Theodoro</strong></span> <span class='ocrx_word' id='word_1_583' title='bbox 3323 4156 3550 4210; x_wconf 87' lang='lat' dir='ltr'><strong>Lascari</strong></span> <span class='ocrx_word' id='word_1_584' title='bbox 3604 4161 3740 4227; x_wconf 85' lang='lat' dir='ltr'><strong>post</strong></span> 
     </span>
    </p>
   </div>
   <div class='ocr_carea' id='block_1_90' title="bbox 2078 4238 3736 4314">
    <p class='ocr_par' dir='ltr' id='par_1_90' title="bbox 2078 4238 3736 4314">
     <span class='ocr_line' id='line_1_90' title="bbox 2078 4238 3736 4314; baseline 0.006 -23"><span class='ocrx_word' id='word_1_585' title='bbox 2078 4243 2324 4311; x_wconf 81' lang='lat' dir='ltr'><strong>patrem,</strong></span> <span class='ocrx_word' id='word_1_586' title='bbox 2359 4238 2698 4294; x_wconf 86' lang='lat' dir='ltr'><strong>Michaelem</strong></span> <span class='ocrx_word' id='word_1_587' title='bbox 2729 4240 3108 4312; x_wconf 76' lang='lat' dir='ltr'><strong>Palzeologum</strong></span> <span class='ocrx_word' id='word_1_588' title='bbox 3136 4258 3369 4314; x_wconf 91' lang='lat' dir='ltr'><strong>semper</strong></span> <span class='ocrx_word' id='word_1_589' title='bbox 3418 4244 3736 4301; x_wconf 89' lang='lat' dir='ltr'><strong>obnoxium</strong></span> 
     </span>
    </p>
   </div>
   <div class='ocr_carea' id='block_1_91' title="bbox 2077 4328 3737 4403">
    <p class='ocr_par' dir='ltr' id='par_1_91' title="bbox 2077 4328 3737 4403">
     <span class='ocr_line' id='line_1_91' title="bbox 2077 4328 3737 4403; baseline 0.004 -21"><span class='ocrx_word' id='word_1_590' title='bbox 2077 4328 2328 4383; x_wconf 69' lang='lat' dir='ltr'><strong>affectati</strong></span> <span class='ocrx_word' id='word_1_591' title='bbox 2363 4328 2524 4400; x_wconf 88' lang='lat' dir='ltr'><strong>regni</strong></span> <span class='ocrx_word' id='word_1_592' title='bbox 2554 4329 2998 4401; x_wconf 88' lang='lat' dir='ltr'><strong>suspicionibus</strong></span> <span class='ocrx_word' id='word_1_593' title='bbox 3031 4330 3237 4398; x_wconf 83' lang='lat' dir='ltr'><strong>fuisse,</strong></span> <span class='ocrx_word' id='word_1_594' title='bbox 3278 4349 3394 4403; x_wconf 92' lang='lat' dir='ltr'><strong>quo</strong></span> <span class='ocrx_word' id='word_1_595' title='bbox 3453 4349 3522 4388; x_wconf 89' lang='lat' dir='ltr'><strong>ex</strong></span> <span class='ocrx_word' id='word_1_596' title='bbox 3576 4335 3737 4390; x_wconf 83' lang='lat' dir='ltr'><strong>fonte</strong></span> 
     </span>
    </p>
   </div>
   <div class='ocr_carea' id='block_1_92' title="bbox 2078 4418 3736 4493">
    <p class='ocr_par' dir='ltr' id='par_1_92' title="bbox 2078 4418 3736 4493">
     <span class='ocr_line' id='line_1_92' title="bbox 2078 4418 3736 4493; baseline 0.004 -21"><span class='ocrx_word' id='word_1_597' title='bbox 2078 4418 2362 4473; x_wconf 87' lang='lat' dir='ltr'><strong>malorum</strong></span> <span class='ocrx_word' id='word_1_598' title='bbox 2402 4418 2691 4485; x_wconf 91' lang='lat' dir='ltr'><strong>omnium,</strong></span> <span class='ocrx_word' id='word_1_599' title='bbox 2740 4436 2866 4492; x_wconf 61' lang='lat' dir='ltr'><strong>qua;</strong></span> <span class='ocrx_word' id='word_1_600' title='bbox 2925 4424 3064 4475; x_wconf 91' lang='lat' dir='ltr'><strong>tunc</strong></span> <span class='ocrx_word' id='word_1_601' title='bbox 3121 4425 3212 4475; x_wconf 86' lang='lat' dir='ltr'><strong>est</strong></span> <span class='ocrx_word' id='word_1_602' title='bbox 3273 4439 3510 4493; x_wconf 89' lang='lat' dir='ltr'><strong>passus,</strong></span> <span class='ocrx_word' id='word_1_603' title='bbox 3543 4437 3736 4480; x_wconf 75' lang='lat' dir='ltr'><strong>causae</strong></span> 
     </span>
    </p>
   </div>
   <div class='ocr_carea' id='block_1_93' title="bbox 2078 4507 3740 4582">
    <p class='ocr_par' dir='ltr' id='par_1_93' title="bbox 2078 4507 3740 4582">
     <span class='ocr_line' id='line_1_93' title="bbox 2078 4507 3740 4582; baseline 0.004 -21"><span class='ocrx_word' id='word_1_604' title='bbox 2078 4508 2374 4564; x_wconf 86' lang='lat' dir='ltr'><strong>ﬂuxerint.</strong></span> <span class='ocrx_word' id='word_1_605' title='bbox 2407 4507 2482 4563; x_wconf 93' lang='lat' dir='ltr'><strong>Ut</strong></span> <span class='ocrx_word' id='word_1_606' title='bbox 2504 4525 2641 4580; x_wconf 86' lang='lat' dir='ltr'><strong>ergo</strong></span> <span class='ocrx_word' id='word_1_607' title='bbox 2674 4508 2853 4564; x_wconf 89' lang='lat' dir='ltr'><strong>limen</strong></span> <span class='ocrx_word' id='word_1_608' title='bbox 2887 4511 3056 4581; x_wconf 88' lang='lat' dir='ltr'><strong>quasi</strong></span> <span class='ocrx_word' id='word_1_609' title='bbox 3096 4515 3522 4582; x_wconf 75' lang='lat' dir='ltr'><strong>prrestruamus</strong></span> <span class='ocrx_word' id='word_1_610' title='bbox 3553 4512 3740 4569; x_wconf 82' lang='lat' dir='ltr'><strong>histo-</strong></span> 
     </span>
    </p>
   </div>
   <div class='ocr_carea' id='block_1_94' title="bbox 311 4576 1963 4685">
    <p class='ocr_par' dir='ltr' id='par_1_94' title="bbox 311 4576 1963 4685">
     <span class='ocr_line' id='line_1_94' title="bbox 311 4576 1963 4648; baseline 0.007 -19"><span class='ocrx_word' id='word_1_611' title='bbox 311 4579 524 4646; x_wconf 76' lang='lat' dir='ltr'><strong>praeter</strong></span> <span class='ocrx_word' id='word_1_612' title='bbox 551 4591 773 4631; x_wconf 89' lang='lat' dir='ltr'><strong>morem</strong></span> <span class='ocrx_word' id='word_1_613' title='bbox 807 4576 874 4647; x_wconf 88' lang='lat' dir='ltr'><strong>V,</strong></span> <span class='ocrx_word' id='word_1_614' title='bbox 910 4578 1008 4648; x_wconf 90' lang='lat' dir='ltr'><strong>qui</strong></span> <span class='ocrx_word' id='word_1_615' title='bbox 1041 4577 1149 4633; x_wconf 91' lang='lat' dir='ltr'><strong>hoc</strong></span> <span class='ocrx_word' id='word_1_616' title='bbox 1180 4595 1413 4636; x_wconf 89' lang='lat' dir='ltr'><strong>comma</strong></span> <span class='ocrx_word' id='word_1_617' title='bbox 1458 4583 1738 4639; x_wconf 87' lang='lat' dir='ltr'><strong>transilit.</strong></span> <span class='ocrx_word' id='word_1_618' title='bbox 1787 4587 1963 4640; x_wconf 84' lang='lat' dir='ltr'><strong>Antea</strong></span> 
     </span>
     <span class='ocr_line' id='line_1_95' title="bbox 316 4662 1840 4685; baseline 0 0"><span class='ocrx_word' id='word_1_619' title='bbox 316 4682 340 4685; x_wconf 92' lang='lat'>_</span> <span class='ocrx_word' id='word_1_620' title='bbox 403 4665 512 4685; x_wconf 84' lang='lat' dir='ltr'><strong>nnn</strong></span> <span class='ocrx_word' id='word_1_621' title='bbox 638 4666 649 4682; x_wconf 60' lang='grc' dir='ltr'><strong>ς</strong></span> <span class='ocrx_word' id='word_1_622' title='bbox 757 4662 800 4685; x_wconf 56' lang='lat'><strong>9‘</strong></span> <span class='ocrx_word' id='word_1_623' title='bbox 871 4664 885 4685; x_wconf 75' lang='grc' dir='ltr'><strong><em>Ἰ</em></strong></span> <span class='ocrx_word' id='word_1_624' title='bbox 1072 4667 1085 4685; x_wconf 85' lang='grc'><strong>1</strong></span> <span class='ocrx_word' id='word_1_625' title='bbox 1262 4668 1275 4685; x_wconf 80' lang='grc'><strong><em>1</em></strong></span> <span class='ocrx_word' id='word_1_626' title='bbox 1342 4674 1379 4685; x_wconf 62' lang='grc' dir='ltr'>’Ἰ</span> <span class='ocrx_word' id='word_1_627' title='bbox 1507 4667 1528 4685; x_wconf 55' lang='grc' dir='ltr'>ς</span> <span class='ocrx_word' id='word_1_628' title='bbox 1583 4669 1598 4685; x_wconf 87' lang='lat'><strong><em>\</em></strong></span> <span class='ocrx_word' id='word_1_629' title='bbox 1815 4668 1840 4685; x_wconf 68' lang='grc' dir='ltr'>ορ</span> 
     </span>
    </p>
   </div>
   <div class='ocr_carea' id='block_1_95' title="bbox 2080 4576 3738 4685">
    <p class='ocr_par' dir='ltr' id='par_1_95' title="bbox 2080 4596 3738 4669">
     <span class='ocr_line' id='line_1_96' title="bbox 2080 4596 3738 4669; baseline 0.004 -18"><span class='ocrx_word' id='word_1_630' title='bbox 2080 4596 2177 4652; x_wconf 61' lang='lat' dir='ltr'><strong>ria:</strong></span> <span class='ocrx_word' id='word_1_631' title='bbox 2201 4613 2379 4669; x_wconf 88' lang='lat' dir='ltr'><strong>quam</strong></span> <span class='ocrx_word' id='word_1_632' title='bbox 2413 4597 2774 4653; x_wconf 90' lang='lat' dir='ltr'><strong>illustratum</strong></span> <span class='ocrx_word' id='word_1_633' title='bbox 2809 4601 2988 4666; x_wconf 90' lang='lat' dir='ltr'><strong>imus,</strong></span> <span class='ocrx_word' id='word_1_634' title='bbox 3024 4605 3158 4655; x_wconf 90' lang='lat' dir='ltr'><strong>ante</strong></span> <span class='ocrx_word' id='word_1_635' title='bbox 3191 4601 3392 4656; x_wconf 89' lang='lat' dir='ltr'><strong>omnia</strong></span> <span class='ocrx_word' id='word_1_636' title='bbox 3423 4600 3738 4658; x_wconf 88' lang='lat' dir='ltr'><strong>elaboran-</strong></span> 
     </span>
    </p>
   </div>
   <div class='ocr_carea' id='block_1_96' title="bbox 314 4662 1974 4747">
    <p class='ocr_par' dir='ltr' id='par_1_96' title="bbox 314 4662 1974 4747">
     <span class='ocr_line' id='line_1_97' title="bbox 314 4662 1974 4747; baseline 0.005 -29"><span class='ocrx_word' id='word_1_637' title='bbox 314 4682 371 4732; x_wconf 90' lang='lat' dir='ltr'><strong>p.</strong></span> <span class='ocrx_word' id='word_1_638' title='bbox 403 4665 531 4720; x_wconf 85' lang='lat'>299.</span> <span class='ocrx_word' id='word_1_639' title='bbox 581 4666 689 4736; x_wconf 78' lang='grc' dir='ltr'>μήν</span> <span class='ocrx_word' id='word_1_640' title='bbox 754 4662 812 4719; x_wconf 73' lang='grc' dir='ltr'>δὲ</span> <span class='ocrx_word' id='word_1_641' title='bbox 868 4664 1173 4742; x_wconf 76' lang='grc' dir='ltr'><strong>ἐφειστήκει</strong></span> <span class='ocrx_word' id='word_1_642' title='bbox 1215 4668 1310 4722; x_wconf 86' lang='grc' dir='ltr'><strong>τότ</strong></span> <span class='ocrx_word' id='word_1_643' title='bbox 1342 4667 1647 4741; x_wconf 79' lang='grc' dir='ltr'><strong>Γαμηλιὼε</strong></span> <span class='ocrx_word' id='word_1_644' title='bbox 1701 4692 1751 4743; x_wconf 86' lang='grc' dir='ltr'><strong>ν,</strong></span> <span class='ocrx_word' id='word_1_645' title='bbox 1804 4668 1974 4747; x_wconf 78' lang='grc' dir='ltr'>ἤγετο</span> 
     </span>
    </p>
   </div>
   <div class='ocr_carea' id='block_1_97' title="bbox 315 4748 1975 4832">
    <p class='ocr_par' dir='ltr' id='par_1_97' title="bbox 315 4748 1975 4832">
     <span class='ocr_line' id='line_1_98' title="bbox 315 4748 1975 4832; baseline 0.008 -27"><span class='ocrx_word' id='word_1_646' title='bbox 315 4748 375 4806; x_wconf 73' lang='grc' dir='ltr'><strong>δὲ</strong></span> <span class='ocrx_word' id='word_1_647' title='bbox 425 4755 460 4821; x_wconf 85' lang='grc' dir='ltr'>ἠ</span> <span class='ocrx_word' id='word_1_648' title='bbox 517 4757 616 4807; x_wconf 79' lang='grc' dir='ltr'><strong>τοῦ</strong></span> <span class='ocrx_word' id='word_1_649' title='bbox 661 4753 852 4826; x_wconf 74' lang='grc' dir='ltr'>τιμίου</span> <span class='ocrx_word' id='word_1_650' title='bbox 924 4760 1157 4829; x_wconf 79' lang='grc' dir='ltr'>σταυροῦ</span> <span class='ocrx_word' id='word_1_651' title='bbox 1209 4757 1394 4832; x_wconf 72' lang='grc' dir='ltr'>ἑορτὴ,</span> <span class='ocrx_word' id='word_1_652' title='bbox 1458 4761 1672 4818; x_wconf 81' lang='lat' dir='ltr'><strong>festum</strong></span> <span class='ocrx_word' id='word_1_653' title='bbox 1757 4763 1975 4818; x_wconf 87' lang='lat' dir='ltr'><strong>exalta-</strong></span> 
     </span>
    </p>
   </div>
   <div class='ocr_carea' id='block_1_98' title="bbox 312 4842 1974 4917">
    <p class='ocr_par' dir='ltr' id='par_1_98' title="bbox 312 4842 1974 4917">
     <span class='ocr_line' id='line_1_99' title="bbox 312 4842 1974 4917; baseline 0.005 -19"><span class='ocrx_word' id='word_1_654' title='bbox 312 4842 494 4899; x_wconf 90' lang='lat' dir='ltr'><strong>tionis</strong></span> <span class='ocrx_word' id='word_1_655' title='bbox 524 4848 580 4900; x_wconf 84' lang='lat'><strong>8.</strong></span> <span class='ocrx_word' id='word_1_656' title='bbox 638 4844 841 4899; x_wconf 89' lang='lat' dir='ltr'><strong>Crucis</strong></span> <span class='ocrx_word' id='word_1_657' title='bbox 892 4846 958 4899; x_wconf 85' lang='grc'><strong>14</strong></span> <span class='ocrx_word' id='word_1_658' title='bbox 1021 4846 1388 4917; x_wconf 83' lang='lat' dir='ltr'><strong>Septembris</strong></span> <span class='ocrx_word' id='word_1_659' title='bbox 1447 4848 1623 4905; x_wconf 91' lang='lat' dir='ltr'><strong>etiam</strong></span> <span class='ocrx_word' id='word_1_660' title='bbox 1685 4867 1718 4905; x_wconf 88' lang='lat' dir='ltr'><strong>a</strong></span> <span class='ocrx_word' id='word_1_661' title='bbox 1759 4851 1974 4907; x_wconf 78' lang='lat' dir='ltr'><strong>Graecis</strong></span> 
     </span>
    </p>
   </div>
   <div class='ocr_carea' id='block_1_99' title="bbox 312 4932 1970 5007">
    <p class='ocr_par' dir='ltr' id='par_1_99' title="bbox 312 4932 1970 5007">
     <span class='ocr_line' id='line_1_100' title="bbox 312 4932 1970 5007; baseline 0.006 -21"><span class='ocrx_word' id='word_1_662' title='bbox 312 4932 703 4989; x_wconf 88' lang='lat' dir='ltr'><strong>celebratum.</strong></span> <span class='ocrx_word' id='word_1_663' title='bbox 726 4937 1024 4991; x_wconf 88' lang='lat' dir='ltr'><strong>Consueta</strong></span> <span class='ocrx_word' id='word_1_664' title='bbox 1055 4940 1113 4990; x_wconf 92' lang='lat' dir='ltr'><strong>et</strong></span> <span class='ocrx_word' id='word_1_665' title='bbox 1145 4935 1225 4990; x_wconf 90' lang='lat' dir='ltr'><strong>ibi</strong></span> <span class='ocrx_word' id='word_1_666' title='bbox 1269 4938 1438 4992; x_wconf 92' lang='lat' dir='ltr'><strong>codd.</strong></span> <span class='ocrx_word' id='word_1_667' title='bbox 1501 4940 1836 5007; x_wconf 90' lang='lat' dir='ltr'><strong>admonent,</strong></span> <span class='ocrx_word' id='word_1_668' title='bbox 1870 4941 1970 4996; x_wconf 88' lang='lat' dir='ltr'><strong>sed</strong></span> 
     </span>
    </p>
   </div>
   <div class='ocr_carea' id='block_1_100' title="bbox 311 5020 1824 5099">
    <p class='ocr_par' dir='ltr' id='par_1_100' title="bbox 311 5020 1824 5099">
     <span class='ocr_line' id='line_1_101' title="bbox 311 5020 1824 5099; baseline 0.006 -23"><span class='ocrx_word' id='word_1_669' title='bbox 311 5020 462 5077; x_wconf 90' lang='lat' dir='ltr'><strong>satis</strong></span> <span class='ocrx_word' id='word_1_670' title='bbox 492 5037 561 5076; x_wconf 85' lang='lat' dir='ltr'><strong>ex</strong></span> <span class='ocrx_word' id='word_1_671' title='bbox 593 5021 726 5078; x_wconf 83' lang='lat' dir='ltr'><strong>festi</strong></span> <span class='ocrx_word' id='word_1_672' title='bbox 758 5025 1055 5079; x_wconf 89' lang='lat' dir='ltr'><strong>mentione</strong></span> <span class='ocrx_word' id='word_1_673' title='bbox 1088 5024 1439 5097; x_wconf 88' lang='lat' dir='ltr'><strong>intelligitur</strong></span> <span class='ocrx_word' id='word_1_674' title='bbox 1464 5027 1824 5099; x_wconf 88' lang='lat' dir='ltr'><strong>September.</strong></span> 
     </span>
    </p>
   </div>
   <div class='ocr_carea' id='block_1_101' title="bbox 392 5129 1973 5213">
    <p class='ocr_par' dir='ltr' id='par_1_101' title="bbox 392 5129 1973 5213">
     <span class='ocr_line' id='line_1_102' title="bbox 392 5129 1973 5213; baseline 0.005 -30"><span class='ocrx_word' id='word_1_675' title='bbox 392 5129 546 5184; x_wconf 74' lang='lat'><strong>093</strong></span> <span class='ocrx_word' id='word_1_676' title='bbox 579 5129 1114 5188; x_wconf 73' lang='grc' dir='ltr'><strong>ΕΛΑΦΗΒΟΛῙΩΝ.</strong></span> <span class='ocrx_word' id='word_1_677' title='bbox 1160 5150 1294 5206; x_wconf 87' lang='lat' dir='ltr'><strong>pag.</strong></span> <span class='ocrx_word' id='word_1_678' title='bbox 1354 5135 1480 5190; x_wconf 66' lang='grc'>394.</span> <span class='ocrx_word' id='word_1_679' title='bbox 1543 5131 1973 5213; x_wconf 77' lang='grc' dir='ltr'>Ἐλαφηϐολιῶ-</span> 
     </span>
    </p>
   </div>
   <div class='ocr_carea' id='block_1_102' title="bbox 313 5214 1974 5294">
    <p class='ocr_par' dir='ltr' id='par_1_102' title="bbox 313 5214 1974 5294">
     <span class='ocr_line' id='line_1_103' title="bbox 313 5214 1974 5294; baseline 0.008 -24"><span class='ocrx_word' id='word_1_680' title='bbox 313 5236 411 5270; x_wconf 90' lang='grc' dir='ltr'><strong>νοσ</strong></span> <span class='ocrx_word' id='word_1_681' title='bbox 439 5214 568 5291; x_wconf 64' lang='grc' dir='ltr'>ἕκτῃ</span> <span class='ocrx_word' id='word_1_682' title='bbox 602 5218 800 5290; x_wconf 84' lang='grc' dir='ltr'>μηνός.</span> <span class='ocrx_word' id='word_1_683' title='bbox 835 5220 1192 5293; x_wconf 87' lang='lat' dir='ltr'><strong>Suggerunt,</strong></span> <span class='ocrx_word' id='word_1_684' title='bbox 1227 5228 1292 5278; x_wconf 91' lang='lat' dir='ltr'><strong>ut</strong></span> <span class='ocrx_word' id='word_1_685' title='bbox 1329 5223 1540 5294; x_wconf 90' lang='lat' dir='ltr'><strong>solent,</strong></span> <span class='ocrx_word' id='word_1_686' title='bbox 1587 5227 1759 5283; x_wconf 91' lang='lat' dir='ltr'><strong>codd.</strong></span> <span class='ocrx_word' id='word_1_687' title='bbox 1812 5227 1854 5282; x_wconf 87' lang='grc' dir='ltr'>Β</span> <span class='ocrx_word' id='word_1_688' title='bbox 1914 5232 1974 5283; x_wconf 90' lang='lat' dir='ltr'><strong>et</strong></span> 
     </span>
    </p>
   </div>
   <div class='ocr_carea' id='block_1_103' title="bbox 315 5305 1968 5390">
    <p class='ocr_par' dir='ltr' id='par_1_103' title="bbox 315 5305 1968 5390">
     <span class='ocr_line' id='line_1_104' title="bbox 315 5305 1968 5390; baseline 0.005 -28"><span class='ocrx_word' id='word_1_689' title='bbox 315 5308 362 5362; x_wconf 88' lang='lat' dir='ltr'><strong>A</strong></span> <span class='ocrx_word' id='word_1_690' title='bbox 394 5305 456 5362; x_wconf 86' lang='lat' dir='ltr'><strong>in</strong></span> <span class='ocrx_word' id='word_1_691' title='bbox 489 5309 754 5380; x_wconf 88' lang='lat' dir='ltr'><strong>margine</strong></span> <span class='ocrx_word' id='word_1_692' title='bbox 786 5310 1065 5366; x_wconf 88' lang='lat' dir='ltr'><strong>Latinum</strong></span> <span class='ocrx_word' id='word_1_693' title='bbox 1097 5313 1320 5368; x_wconf 88' lang='lat' dir='ltr'><strong>mensis</strong></span> <span class='ocrx_word' id='word_1_694' title='bbox 1365 5330 1578 5370; x_wconf 91' lang='lat' dir='ltr'><strong>nomen</strong></span> <span class='ocrx_word' id='word_1_695' title='bbox 1608 5309 1968 5390; x_wconf 83' lang='grc' dir='ltr'>Ὀκτώϐριον,</span> 
     </span>
    </p>
   </div>
   <div class='ocr_carea' id='block_1_104' title="bbox 317 5395 1967 5473">
    <p class='ocr_par' dir='ltr' id='par_1_104' title="bbox 317 5395 1967 5473">
     <span class='ocr_line' id='line_1_105' title="bbox 317 5395 1967 5473; baseline 0.007 -23"><span class='ocrx_word' id='word_1_696' title='bbox 317 5395 646 5463; x_wconf 88' lang='lat' dir='ltr'><strong>Octobrem,</strong></span> <span class='ocrx_word' id='word_1_697' title='bbox 680 5414 856 5470; x_wconf 90' lang='lat' dir='ltr'><strong>quem</strong></span> <span class='ocrx_word' id='word_1_698' title='bbox 890 5404 947 5455; x_wconf 89' lang='lat' dir='ltr'><strong>et</strong></span> <span class='ocrx_word' id='word_1_699' title='bbox 967 5399 1094 5472; x_wconf 88' lang='lat' dir='ltr'><strong>ipse</strong></span> <span class='ocrx_word' id='word_1_700' title='bbox 1123 5399 1289 5456; x_wconf 90' lang='lat' dir='ltr'><strong>locus</strong></span> <span class='ocrx_word' id='word_1_701' title='bbox 1316 5417 1420 5473; x_wconf 90' lang='lat' dir='ltr'><strong>per</strong></span> <span class='ocrx_word' id='word_1_702' title='bbox 1458 5418 1520 5458; x_wconf 89' lang='lat' dir='ltr'><strong>se</strong></span> <span class='ocrx_word' id='word_1_703' title='bbox 1555 5402 1796 5473; x_wconf 88' lang='lat' dir='ltr'><strong>indicat,</strong></span> <span class='ocrx_word' id='word_1_704' title='bbox 1832 5422 1967 5462; x_wconf 90' lang='lat' dir='ltr'><strong>cum</strong></span> 
     </span>
    </p>
   </div>
   <div class='ocr_carea' id='block_1_105' title="bbox 319 5485 1967 5564">
    <p class='ocr_par' dir='ltr' id='par_1_105' title="bbox 319 5485 1967 5564">
     <span class='ocr_line' id='line_1_106' title="bbox 319 5485 1967 5564; baseline 0.008 -25"><span class='ocrx_word' id='word_1_705' title='bbox 319 5485 381 5540; x_wconf 90' lang='lat' dir='ltr'><strong>in</strong></span> <span class='ocrx_word' id='word_1_706' title='bbox 420 5501 487 5541; x_wconf 90' lang='lat' dir='ltr'><strong>eo</strong></span> <span class='ocrx_word' id='word_1_707' title='bbox 543 5485 873 5543; x_wconf 79' lang='lat' dir='ltr'><strong>afﬁrmetur</strong></span> <span class='ocrx_word' id='word_1_708' title='bbox 929 5489 1352 5561; x_wconf 67' lang='lat' dir='ltr'><strong>praecedentem</strong></span> <span class='ocrx_word' id='word_1_709' title='bbox 1411 5490 1632 5564; x_wconf 82' lang='grc' dir='ltr'>ἀμέσως</span> <span class='ocrx_word' id='word_1_710' title='bbox 1704 5511 1967 5551; x_wconf 88' lang='lat' dir='ltr'><strong>mensem</strong></span> 
     </span>
    </p>
   </div>
   <div class='ocr_carea' id='block_1_106' title="bbox 384 5647 1643 5728">
    <p class='ocr_par' dir='ltr' id='par_1_106' title="bbox 384 5647 1643 5728">
     <span class='ocr_line' id='line_1_107' title="bbox 384 5647 1643 5728; baseline 0.003 -24"><span class='ocrx_word' id='word_1_711' title='bbox 605 5648 864 5728; x_wconf 64' lang='lat' dir='ltr'><strong>Qlossar.</strong></span> <span class='ocrx_word' id='word_1_712' title='bbox 890 5650 1051 5728; x_wconf 80' lang='lat' dir='ltr'><strong>alter.</strong></span> <span class='ocrx_word' id='word_1_713' title='bbox 1085 5667 1124 5704; x_wconf 87' lang='lat' dir='ltr'><strong>v</strong></span> <span class='ocrx_word' id='word_1_714' title='bbox 1181 5651 1643 5728; x_wconf 73' lang='grc' dir='ltr'>Μαιμακτῃριὼν.</span> 
     </span>
    </p>
   </div>
   <div class='ocr_carea' id='block_1_107' title="bbox 384 5719 1610 5789">
    <p class='ocr_par' dir='ltr' id='par_1_107' title="bbox 384 5719 1610 5789">
     <span class='ocr_line' id='line_1_108' title="bbox 384 5719 1610 5789; baseline 0.008 -15"><span class='ocrx_word' id='word_1_715' title='bbox 384 5719 482 5789; x_wconf 64' lang='grc' dir='ltr'><strong>(η)</strong></span> <span class='ocrx_word' id='word_1_716' title='bbox 510 5719 596 5778; x_wconf 84' lang='lat' dir='ltr'><strong>Cf.</strong></span> <span class='ocrx_word' id='word_1_717' title='bbox 626 5721 888 5780; x_wconf 87' lang='lat' dir='ltr'><strong>Glossar.</strong></span> <span class='ocrx_word' id='word_1_718' title='bbox 920 5723 1173 5780; x_wconf 87' lang='lat' dir='ltr'><strong>alterum</strong></span> <span class='ocrx_word' id='word_1_719' title='bbox 1195 5741 1251 5781; x_wconf 78' lang='grc' dir='ltr'><strong>ν.</strong></span> <span class='ocrx_word' id='word_1_720' title='bbox 1279 5719 1610 5784; x_wconf 81' lang='grc' dir='ltr'>Ποσειδὲών.</span> 
     </span>
    </p>
   </div>
   <div class='ocr_carea' id='block_1_108' title="bbox 2082 4686 3736 4762">
    <p class='ocr_par' dir='ltr' id='par_1_108' title="bbox 2082 4686 3736 4762">
     <span class='ocr_line' id='line_1_109' title="bbox 2082 4686 3736 4762; baseline 0.004 -22"><span class='ocrx_word' id='word_1_721' title='bbox 2082 4686 2224 4741; x_wconf 91' lang='lat' dir='ltr'><strong>dum</strong></span> <span class='ocrx_word' id='word_1_722' title='bbox 2257 4686 2429 4742; x_wconf 90' lang='lat' dir='ltr'><strong>nobis</strong></span> <span class='ocrx_word' id='word_1_723' title='bbox 2459 4691 2549 4742; x_wconf 88' lang='lat' dir='ltr'><strong>est</strong></span> <span class='ocrx_word' id='word_1_724' title='bbox 2579 4687 2637 4742; x_wconf 91' lang='lat' dir='ltr'><strong>in</strong></span> <span class='ocrx_word' id='word_1_725' title='bbox 2693 4688 3103 4743; x_wconf 90' lang='lat' dir='ltr'><strong>constituendo</strong></span> <span class='ocrx_word' id='word_1_726' title='bbox 3164 4689 3403 4760; x_wconf 66' lang='lat' dir='ltr'><strong>praecise</strong></span> <span class='ocrx_word' id='word_1_727' title='bbox 3444 4694 3736 4762; x_wconf 89' lang='lat' dir='ltr'><strong>tempore,</strong></span> 
     </span>
    </p>
   </div>
   <div class='ocr_carea' id='block_1_109' title="bbox 2081 4775 3736 4847">
    <p class='ocr_par' dir='ltr' id='par_1_109' title="bbox 2081 4775 3736 4847">
     <span class='ocr_line' id='line_1_110' title="bbox 2081 4775 3736 4847; baseline 0.003 -17"><span class='ocrx_word' id='word_1_728' title='bbox 2081 4791 2197 4846; x_wconf 88' lang='lat' dir='ltr'><strong>quo</strong></span> <span class='ocrx_word' id='word_1_729' title='bbox 2229 4775 2405 4847; x_wconf 86' lang='lat' dir='ltr'><strong>coepit</strong></span> <span class='ocrx_word' id='word_1_730' title='bbox 2435 4776 2778 4832; x_wconf 87' lang='lat' dir='ltr'><strong>Theodorus</strong></span> <span class='ocrx_word' id='word_1_731' title='bbox 2813 4777 3079 4832; x_wconf 89' lang='lat' dir='ltr'><strong>Lascaris</strong></span> <span class='ocrx_word' id='word_1_732' title='bbox 3115 4778 3325 4834; x_wconf 89' lang='lat' dir='ltr'><strong>Junior</strong></span> <span class='ocrx_word' id='word_1_733' title='bbox 3346 4778 3610 4835; x_wconf 90' lang='lat' dir='ltr'><strong>habenas</strong></span> <span class='ocrx_word' id='word_1_734' title='bbox 3631 4780 3736 4835; x_wconf 87' lang='lat' dir='ltr'><strong>im-</strong></span> 
     </span>
    </p>
   </div>
   <div class='ocr_carea' id='block_1_110' title="bbox 2082 4864 3810 4938">
    <p class='ocr_par' dir='ltr' id='par_1_110' title="bbox 2082 4864 3810 4938">
     <span class='ocr_line' id='line_1_111' title="bbox 2082 4864 3810 4938; baseline 0.004 -20"><span class='ocrx_word' id='word_1_735' title='bbox 2082 4864 2227 4935; x_wconf 89' lang='lat' dir='ltr'><strong>perii</strong></span> <span class='ocrx_word' id='word_1_736' title='bbox 2250 4868 2520 4920; x_wconf 90' lang='lat' dir='ltr'><strong>tractare.</strong></span> <span class='ocrx_word' id='word_1_737' title='bbox 2557 4865 3003 4938; x_wconf 83' lang='lat' dir='ltr'><strong>Negligentibus</strong></span> <span class='ocrx_word' id='word_1_738' title='bbox 3036 4867 3096 4921; x_wconf 89' lang='lat' dir='ltr'><strong>in</strong></span> <span class='ocrx_word' id='word_1_739' title='bbox 3156 4867 3266 4923; x_wconf 93' lang='lat' dir='ltr'><strong>hoc</strong></span> <span class='ocrx_word' id='word_1_740' title='bbox 3313 4868 3648 4924; x_wconf 80' lang='lat' dir='ltr'><strong>definiendo</strong></span> <span class='ocrx_word' id='word_1_741' title='bbox 3680 4873 3740 4925; x_wconf 87' lang='lat' dir='ltr'><strong>et</strong></span> <span class='ocrx_word' id='word_1_742' title='bbox 3807 4865 3810 4868; x_wconf 71' lang='grc'><strong>’</strong></span> 
     </span>
    </p>
   </div>
   <div class='ocr_carea' id='block_1_111' title="bbox 2082 4953 3733 5030">
    <p class='ocr_par' dir='ltr' id='par_1_111' title="bbox 2082 4953 3733 5030">
     <span class='ocr_line' id='line_1_112' title="bbox 2082 4953 3733 5030; baseline 0.003 -21"><span class='ocrx_word' id='word_1_743' title='bbox 2082 4955 2252 5026; x_wconf 89' lang='lat' dir='ltr'><strong>quasi</strong></span> <span class='ocrx_word' id='word_1_744' title='bbox 2285 4956 2356 5010; x_wconf 89' lang='lat' dir='ltr'><strong>de</strong></span> <span class='ocrx_word' id='word_1_745' title='bbox 2387 4971 2493 5010; x_wconf 91' lang='lat' dir='ltr'><strong>suo</strong></span> <span class='ocrx_word' id='word_1_746' title='bbox 2525 4956 2765 5010; x_wconf 89' lang='lat' dir='ltr'><strong>nomine</strong></span> <span class='ocrx_word' id='word_1_747' title='bbox 2795 4953 3349 5030; x_wconf 72' lang='grc' dir='ltr'><strong>παραχυμερὲστερον</strong></span> <span class='ocrx_word' id='word_1_748' title='bbox 3379 4958 3535 5014; x_wconf 78' lang='lat'><strong>694</strong></span> <span class='ocrx_word' id='word_1_749' title='bbox 3564 4959 3733 5015; x_wconf 85' lang='lat' dir='ltr'><strong>vide-</strong></span> 
     </span>
    </p>
   </div>
   <div class='ocr_carea' id='block_1_112' title="bbox 2079 5043 3727 5122">
    <p class='ocr_par' dir='ltr' id='par_1_112' title="bbox 2079 5043 3727 5122">
     <span class='ocr_line' id='line_1_113' title="bbox 2079 5043 3727 5122; baseline 0.004 -24"><span class='ocrx_word' id='word_1_750' title='bbox 2079 5047 2180 5098; x_wconf 88' lang='lat' dir='ltr'><strong>tur</strong></span> <span class='ocrx_word' id='word_1_751' title='bbox 2210 5048 2409 5100; x_wconf 89' lang='lat' dir='ltr'><strong>noster</strong></span> <span class='ocrx_word' id='word_1_752' title='bbox 2424 5043 2743 5100; x_wconf 88' lang='lat' dir='ltr'><strong>historicus</strong></span> <span class='ocrx_word' id='word_1_753' title='bbox 2765 5045 3096 5101; x_wconf 81' lang='lat' dir='ltr'><strong>defunctus.</strong></span> <span class='ocrx_word' id='word_1_754' title='bbox 3123 5046 3236 5101; x_wconf 92' lang='lat' dir='ltr'><strong>Sed</strong></span> <span class='ocrx_word' id='word_1_755' title='bbox 3257 5046 3550 5105; x_wconf 88' lang='lat' dir='ltr'><strong>habemus</strong></span> <span class='ocrx_word' id='word_1_756' title='bbox 3576 5065 3727 5122; x_wconf 89' lang='lat' dir='ltr'><strong>quos</strong></span> 
     </span>
    </p>
   </div>
   <div class='ocr_carea' id='block_1_113' title="bbox 2080 5133 3727 5208">
    <p class='ocr_par' dir='ltr' id='par_1_113' title="bbox 2080 5133 3727 5208">
     <span class='ocr_line' id='line_1_114' title="bbox 2080 5133 3727 5208; baseline 0.004 -20"><span class='ocrx_word' id='word_1_757' title='bbox 2080 5133 2468 5188; x_wconf 88' lang='lat' dir='ltr'><strong>adhibeamus</strong></span> <span class='ocrx_word' id='word_1_758' title='bbox 2527 5133 2794 5189; x_wconf 90' lang='lat' dir='ltr'><strong>subsidio</strong></span> <span class='ocrx_word' id='word_1_759' title='bbox 2852 5133 3173 5206; x_wconf 86' lang='lat' dir='ltr'><strong>locupletes</strong></span> <span class='ocrx_word' id='word_1_760' title='bbox 3230 5139 3499 5194; x_wconf 88' lang='lat' dir='ltr'><strong>auctores</strong></span> <span class='ocrx_word' id='word_1_761' title='bbox 3552 5139 3727 5208; x_wconf 89' lang='lat' dir='ltr'><strong>duos,</strong></span> 
     </span>
    </p>
   </div>
   <div class='ocr_carea' id='block_1_114' title="bbox 2079 5221 3732 5298">
    <p class='ocr_par' dir='ltr' id='par_1_114' title="bbox 2079 5221 3732 5298">
     <span class='ocr_line' id='line_1_115' title="bbox 2079 5221 3732 5298; baseline 0.004 -20"><span class='ocrx_word' id='word_1_762' title='bbox 2079 5221 2393 5295; x_wconf 87' lang='lat' dir='ltr'><strong>Georgium</strong></span> <span class='ocrx_word' id='word_1_763' title='bbox 2427 5221 2823 5292; x_wconf 83' lang='lat' dir='ltr'><strong>Acr0politam</strong></span> <span class='ocrx_word' id='word_1_764' title='bbox 2854 5227 2912 5278; x_wconf 90' lang='lat' dir='ltr'><strong>et</strong></span> <span class='ocrx_word' id='word_1_765' title='bbox 2941 5222 3334 5294; x_wconf 89' lang='lat' dir='ltr'><strong>Nicephorum</strong></span> <span class='ocrx_word' id='word_1_766' title='bbox 3367 5225 3686 5298; x_wconf 87' lang='lat' dir='ltr'><strong>Gregoram</strong></span> <span class='ocrx_word' id='word_1_767' title='bbox 3718 5244 3732 5284; x_wconf 91' lang='lat'><strong>:</strong></span> 
     </span>
    </p>
   </div>
   <div class='ocr_carea' id='block_1_115' title="bbox 2080 5309 3726 5387">
    <p class='ocr_par' dir='ltr' id='par_1_115' title="bbox 2080 5309 3726 5387">
     <span class='ocr_line' id='line_1_116' title="bbox 2080 5309 3726 5387; baseline 0.003 -20"><span class='ocrx_word' id='word_1_768' title='bbox 2080 5327 2330 5384; x_wconf 88' lang='lat' dir='ltr'><strong>quorum</strong></span> <span class='ocrx_word' id='word_1_769' title='bbox 2365 5309 2523 5382; x_wconf 91' lang='lat' dir='ltr'><strong>prior</strong></span> <span class='ocrx_word' id='word_1_770' title='bbox 2544 5310 3026 5368; x_wconf 84' lang='lat' dir='ltr'><strong>accuratissimus</strong></span> <span class='ocrx_word' id='word_1_771' title='bbox 3050 5317 3105 5367; x_wconf 89' lang='lat' dir='ltr'><strong>et</strong></span> <span class='ocrx_word' id='word_1_772' title='bbox 3127 5329 3386 5384; x_wconf 66' lang='lat' dir='ltr'><strong>praesens</strong></span> <span class='ocrx_word' id='word_1_773' title='bbox 3407 5313 3726 5387; x_wconf 89' lang='lat' dir='ltr'><strong>inspector,</strong></span> 
     </span>
    </p>
   </div>
   <div class='ocr_carea' id='block_1_116' title="bbox 2078 5401 3739 5476">
    <p class='ocr_par' dir='ltr' id='par_1_116' title="bbox 2078 5401 3739 5476">
     <span class='ocr_line' id='line_1_117' title="bbox 2078 5401 3739 5476; baseline 0.002 -20"><span class='ocrx_word' id='word_1_774' title='bbox 2078 5417 2228 5474; x_wconf 90' lang='lat' dir='ltr'><strong>quas</strong></span> <span class='ocrx_word' id='word_1_775' title='bbox 2259 5402 2479 5466; x_wconf 88' lang='lat' dir='ltr'><strong>narrat,</strong></span> <span class='ocrx_word' id='word_1_776' title='bbox 2515 5415 2708 5454; x_wconf 89' lang='lat' dir='ltr'><strong>rerum</strong></span> <span class='ocrx_word' id='word_1_777' title='bbox 2737 5417 2786 5455; x_wconf 92' lang='lat' dir='ltr'><strong>c.</strong></span> <span class='ocrx_word' id='word_1_778' title='bbox 2819 5401 2890 5455; x_wconf 87' lang='lat'><strong>52</strong></span> <span class='ocrx_word' id='word_1_779' title='bbox 2928 5402 3066 5457; x_wconf 78' lang='lat' dir='ltr'><strong>Hist.</strong></span> <span class='ocrx_word' id='word_1_780' title='bbox 3103 5403 3319 5474; x_wconf 87' lang='lat' dir='ltr'><strong>prioris</strong></span> <span class='ocrx_word' id='word_1_781' title='bbox 3363 5420 3498 5476; x_wconf 87' lang='lat' dir='ltr'><strong>pag.</strong></span> <span class='ocrx_word' id='word_1_782' title='bbox 3539 5405 3611 5458; x_wconf 82' lang='grc'><strong>56</strong></span> <span class='ocrx_word' id='word_1_783' title='bbox 3642 5407 3739 5460; x_wconf 89' lang='lat' dir='ltr'><strong>ed.</strong></span> 
     </span>
    </p>
   </div>
   <div class='ocr_carea' id='block_1_117' title="bbox 2080 5487 3741 5566">
    <p class='ocr_par' dir='ltr' id='par_1_117' title="bbox 2080 5487 3741 5566">
     <span class='ocr_line' id='line_1_118' title="bbox 2080 5487 3741 5566; baseline 0 -20"><span class='ocrx_word' id='word_1_784' title='bbox 2080 5490 2220 5561; x_wconf 83' lang='lat' dir='ltr'><strong>Reg.</strong></span> <span class='ocrx_word' id='word_1_785' title='bbox 2271 5489 2358 5545; x_wconf 82' lang='lat' dir='ltr'><strong>sic</strong></span> <span class='ocrx_word' id='word_1_786' title='bbox 2421 5487 2685 5546; x_wconf 80' lang='lat' dir='ltr'><strong>scribit:</strong></span> <span class='ocrx_word' id='word_1_787' title='bbox 2743 5489 3053 5560; x_wconf 79' lang='grc' dir='ltr'>Ἐτεθνήκει</span> <span class='ocrx_word' id='word_1_788' title='bbox 3139 5488 3394 5566; x_wconf 77' lang='grc' dir='ltr'>βασιλεὺς</span> <span class='ocrx_word' id='word_1_789' title='bbox 3481 5491 3741 5562; x_wconf 77' lang='grc' dir='ltr'>Ἰωάννης</span> 
     </span>
    </p>
   </div>
  </div>
