4072 6422
266 435 404 497 1157

1668 430 2292 489 CHRONOLOGICUS.

3546 439 3684 495 1158

266 562 448 637 polita
476 560 700 625 scribit,
735 577 791 632 ρ.
832 561 939 616 57:
983 557 1256 635 Πὲφθακεν
1322 556 1350 610 ὁ
1408 557 1757 633 πατριάρχης
1797 556 1966 622 Μαι-λ

2077 572 2103 610 o
2136 554 2263 628 ipso
2296 555 2446 625 quod
2482 556 3002 627 przesignificatam
3028 559 3127 615 illa
3167 560 3369 632 eclipsi
3401 563 3688 620 Theodori

270 650 451 721 νουὴλ
514 648 709 723 μικρόν
767 670 817 702 τι
873 652 969 701 τοῖ’)
1026 646 1296 723 βασιλέως
1326 646 1579 703 Ἰωάννου
1628 662 1928 718 προτεΛευ·

270 748 455 811 τῆσιι·
509 739 733 798 Manuel
776 738 1095 810 patriarcha
1150 736 1326 809 paulo
1374 742 1500 793 ante
1542 736 1770 793 Joannis
1821 736 1933 789 Au-

284 833 437 902 gusti
463 841 695 886 mortem
727 829 1046 884 decesserat.
1081 833 1466 882 Accesserunt
1497 823 1934 881 deliberationis

278 920 338 974 in
374 915 687 989 querendo
720 914 898 987 digno
953 926 1148 981 morae,
1180 918 1237 970 et
1287 920 1419 986 post
1466 913 1931 985 designationem

275 1006 588 1077 Nicephori
642 1004 980 1060 Blemmidm
1025 1004 1207 1073 hujus
1258 1002 1569 1070 recusatio,
1622 998 1731 1057 sub
1784 1000 1935 1055 hanc

281 1095 640 1152 consultatio
673 1108 819 1151 DOVa
846 1104 859 1148 :
893 1096 949 1148 et
982 1098 1115 1165 post
1145 1093 1362 1147 multos
1395 1090 1695 1163 sigillatim
1727 1105 1934 1161 expen-

280 1202 402 1251 ses,
448 1181 547 1256 qui
598 1178 778 1239 variis
824 1184 888 1238 de
957 1178 1152 1237 causis
1218 1198 1333 1236 non
1402 1178 1749 1252 placuerunt
1790 1194 1935 1233 novo

282 1271 555 1347 principi,
588 1272 793 1329 electio
854 1270 1123 1327 monachi
1156 1270 1386 1326 Arsenii
1445 1270 1820 1340 evocatioque
1867 1280 1934 1322 ex

280 1362 638 1420 monasterio
662 1360 772 1417 sito
796 1361 868 1415 ad
902 1358 1305 1432 Apolloniadis
1345 1360 1558 1423 lacum,
1582 1356 1719 1413 inde
1758 1354 1937 1425 hujus

285 1468 583 1510 sacrorum
616 1451 886 1505 ordinum
920 1449 1175 1520 expertis
1238 1448 1492 1503 initiatio
1525 1462 1628 1519 per
1659 1448 1874 1518 gradus
1907 1460 1939 1500 a

282 1544 590 1599 diaconatu
624 1540 696 1596 ad
748 1538 1209 1610 patriarchatum
1261 1553 1378 1591 una
1427 1534 1794 1592 hebdomade
1835 1536 1939 1590 de-

286 1634 616 1704 properata.
642 1632 773 1684 Haec
823 1627 993 1683 facile
1022 1632 1209 1682 totum
1258 1623 1643 1682 Novembrem
1678 1630 1939 1696 partem-

288 1733 404 1791 que
431 1718 761 1776 decembris
786 1716 1205 1786 tenuerunt,ita
1231 1722 1295 1771 ut
1336 1717 1634 1771 coronatio
1657 1711 1939 1770 solemnis

292 1810 423 1865 novi
478 1809 725 1881 Augusti
774 1820 878 1880 per
934 1816 1147 1861 novum
1210 1804 1605 1878 patriarcham
1660 1803 1769 1859 rite
1808 1819 1939 1875 per-

291 1898 507 1971 petrari
552 1898 643 1953 vix
691 1895 949 1968 potuerit
995 1900 1130 1949 ante
1174 1894 1323 1950 festa
1369 1892 1666 1957 Natalitia,
1717 1894 1776 1948 et
1812 1906 1940 1947 cre-

292 1988 472 2043 dibile
497 1989 588 2043 est
615 1986 745 2058 ipso
796 1984 1015 2042 Christi
1057 1983 1266 2051 Natali,
1319 1999 1435 2055 quo
1466 1980 1559 2038 die
1589 1981 1945 2054 auspicalior

296 2076 537 2150 reperiri
572 2077 724 2132 alius
757 2074 1050 2146 nequiret,
1082 2084 1301 2129 sacram
1336 2073 1507 2127 istam
1540 2072 1945 2127 caeremoniam

298 2170 618 2240 peractam.

367 2291 456 2347 IV.
492 2290 594 2347 His
640 2289 720 2346 ita
770 2288 995 2361 positis,
1037 2305 1166 2361 quae
1219 2285 1432 2359 partim
1484 2286 1812 2343 certissima
1862 2285 1951 2342 di-

306 2386 467 2439 serta
522 2380 937 2436 testiﬁcatione
992 2378 1338 2450 Acr0politae
1413 2383 1554 2432 tune
1604 2377 1849 2432 viventis
1897 2379 1954 2432 et

304 2469 611 2543 praesentis
665 2486 731 2525 ac
786 2472 1050 2539 Gregorae
1107 2466 1577 2538 compertissima
1624 2482 1692 2522 ex
1730 2464 1951 2520 recenti

308 2559 595 2616 memoria
624 2556 961 2624 scribentis,
998 2555 1234 2627 partim,
1288 2555 1443 2626 quod
1496 2554 1703 2611 attinet
1737 2557 1804 2610 ad
1840 2555 1952 2611 cir-

298 2647 718 2706 cumstantiam
778 2644 892 2701 diei
958 2644 1176 2701 Christi
1239 2644 1454 2701 Natalis
1528 2645 1598 2699 ad
1669 2644 1955 2700 Theodori

303 2740 743 2796 coronationem
812 2737 1004 2804 electi,
1035 2736 1095 2792 in
1173 2735 1408 2792 silentio
1469 2735 1826 2808 scriptorum
1885 2751 1953 2791 ex

305 2822 455 2886 serie
506 2827 761 2884 naturali
819 2843 1015 2883 rerum
1071 2824 1502 2881 verisimillima
1567 2829 1728 2893 sunt,
1789 2826 1958 2881 offert

307 2918 477 2974 nobis
518 2918 759 2989 quidam
811 2914 1032 2987 alioqui
1076 2913 1494 2987 perintricatus
1553 2918 1609 2969 et
1666 2913 1958 2969 obscurus

308 3002 681 3078 Pacbymeris
709 3003 895 3061 nostri
934 3002 1100 3058 locus
1133 3001 1497 3058 occasionem
1523 3000 1766 3058 minime
1797 3018 1958 3074 sper-

309 3095 566 3151 nendam
615 3092 975 3168 insigniendi
1014 3090 1314 3148 luculento
1365 3088 1584 3148 caelesti
1624 3091 1960 3148 charactere

315 3182 567 3241 frontem
599 3182 749 3239 hanc
783 3184 973 3256 ipsam
1021 3186 1079 3237 et
1110 3176 1279 3254 quasi
1337 3178 1643 3252 capitalem
1678 3178 1958 3253 epocham

308 3274 489 3345 hujus
524 3290 701 3346 quam
744 3271 976 3328 edimus
1008 3266 1274 3327 historia.
1310 3264 1478 3326 Ponit
1508 3274 1713 3326 auctor
1741 3274 1959 3341 noster,

308 3359 351 3420 l.
381 3380 420 3431 ι,
454 3379 503 3418 c.
538 3360 625 3431 13,
656 3359 778 3416 haec
808 3356 938 3433 ipsa
964 3359 1136 3432 plane
1157 3361 1332 3416 verba
1362 3360 1435 3415 de
1479 3359 1736 3431 quodam
1761 3358 1962 3431 eclipsi

313 3451 460 3508 solis
509 3467 636 3523 qua:
686 3450 974 3506 Theodori
1019 3453 1435 3521 praematurum
1481 3447 1706 3504 obitum
1753 3465 1972 3521 praesa—

318 3534 632 3613 gierit:"0
692 3530 758 3607 δὴ
816 3536 904 3592 καὶ
965 3536 1312 3611 προεσήμαινὲ
1362 3557 1414 3591 τι
1474 3538 1702 3608 σημεῖον
1736 3555 1748 3568 °
1807 3533 1971 3605 ἥλιος

316 3626 422 3705 γὰρ
480 3625 793 3682 ἒκλελοῖπει
850 3622 934 3705 ἐφ’
984 3624 1125 3701 ὥραν
1181 3626 1371 3701 τρίτην
1403 3627 1502 3696 τῆς
1551 3622 1715 3696 ἕκτης
1742 3624 1973 3701 ἡμέρας,

319 3712 412 3773 καῖ
462 3714 595 3790 βαθὺ
627 3714 817 3778 σκότος
844 3715 908 3770 τὸ
933 3716 1037 3769 πᾶν
1085 3711 1430 3792 κατειλήφει,
1491 3710 1631 3769 ὥστε
1685 3714 1773 3769 καὶ
1809 3710 1978 3791 ἄστρα

323 3810 557 3885 φανῆναι
610 3805 729 3861 κατ’
784 3800 1035 3879 οὖρανόν.
1088 3802 1195 3859 Καὶ
1255 3801 1323 3872 δὴ
1382 3803 1676 3875 ἀρπάζεται
1732 3802 1823 3858 καὶ
1874 3804 1979 3879 πρὸ

325 3892 474 3968 ὥρας
534 3893 669 3969 ἀνὴρ
734 3892 1034 3970 βασιλικῶς
1096 3890 1190 3966 μὲν
1244 3890 1336 3948 καὶ
1394 3890 1671 3968 γεννηθεὶς
1718 3890 1805 3947 καὶ
1850 3910 1981 3966 τρα-

328 3982 472 4062 φείς,
505 3991 616 4041 etc.
651 3978 782 4040 Haec
815 3982 885 4041 ad
919 3984 1158 4039 verbum
1201 3980 1726 4055 scrupulosissime
1757 3982 1871 4038 ﬁde
1902 3983 1984 4040 sic

330 4071 537 4132 Latine
588 4079 840 4131 sonant:
888 4066 974 4147 (P.
1033 4072 1161 4146 491)
1219 4072 1369 4144 Quod
1424 4084 1476 4129 et
1529 4072 1987 4143 prasigniﬁeavit

331 4166 556 4236 signum
605 4163 895 4236 quoddam.
948 4160 1039 4219 Sol
1105 4162 1257 4221 enim
1334 4162 1609 4234 defecerat
1666 4161 1736 4217 ad
1793 4160 1989 4218 horam

330 4253 561 4309 tertiam
602 4256 760 4309 sexta
808 4252 948 4322 diei,
1010 4261 1060 4308 et
1111 4250 1298 4309 densae
1347 4252 1582 4308 tenebrae
1620 4259 1814 4307 cuncta
1843 4268 1988 4307 com-

331 4339 761 4416 prehenderent,
788 4341 927 4397 adeo
955 4346 1014 4397 ut
1057 4344 1389 4414 apparerent
1435 4337 1615 4398 stella
1634 4357 1734 4412 per
1771 4340 1989 4397 caelum.

335 4432 524 4505 Itaque
547 4426 885 4504 praeripilur
922 4432 1125 4486 acerba
1169 4439 1341 4487 morte
1378 4431 1466 4486 vir
1510 4431 1663 4501 regie
1692 4428 1914 4502 quidem
1945 4432 1995 4486 ct

340 4524 506 4577 nalus
535 4525 585 4577 et
632 4522 1029 4590 educatus,etc.
1080 4520 1212 4576 Haec
1260 4518 1317 4575 in
1366 4523 1604 4593 exerpta
1629 4537 1733 4575 sua
1773 4518 1994 4592 Pachy-

2039 650 2284 700 mortem
2336 646 2587 713 asserit;
2621 649 2688 701 ad
2740 649 2896 718 quod
2953 666 3189 705 necesse
3248 652 3358 705 fuit
3389 652 3687 725 ecclipsim

2041 739 2225 789 morte
2256 732 2436 790 fuisse
2489 736 2765 805 priorem.
2827 738 3070 793 Errandi
3122 742 3492 797 occasionem
3548 743 3689 799 viris

2040 821 2199 878 hisce
2234 825 2463 896 magnis
2488 830 2871 899 Pachymeres
2906 829 3157 900 praebuit
3206 832 3600 902 perfunctorie
3623 850 3687 888 ac

2040 910 2312 985 perplexe
2368 914 2691 987 deliquium
2742 916 2901 971 istud
2963 918 3105 974 solis
3155 936 3513 986 memorans,
3560 922 3690 978 sine

2043 1007 2202 1057 certa
2233 1001 2394 1069 anui,
2431 1004 2674 1075 mensis,
2709 1005 2848 1074 dici,
2882 1011 2947 1061 ut
2978 1008 3036 1061 in
3071 1008 3163 1063 his
3192 1008 3427 1076 assolet,
3468 1010 3690 1066 indica-

2043 1090 2221 1155 tione,
2270 1092 2407 1161 quin
2457 1093 2635 1148 etiam
2690 1093 2879 1150 alieno
2925 1096 2980 1150 id
3026 1096 3149 1153 loco
3186 1098 3464 1169 referens,
3507 1105 3564 1155 et
3593 1101 3690 1170 ju-

2044 1183 2195 1234 stam
2221 1178 2504 1249 objiciens
2535 1180 2745 1248 legenti
2774 1200 3009 1239 causam
3053 1186 3333 1256 opinandi
3368 1186 3510 1241 illud
3546 1205 3691 1260 pau-

2046 1267 2129 1324 cis
2155 1268 2362 1324 diebus
2393 1275 2709 1342 antequam
2743 1273 3084 1329 Theodorus
3120 1281 3445 1330 moreretur
3475 1277 3690 1347 visum,

2046 1372 2177 1413 cum
2211 1356 2449 1414 aliunde
2480 1367 2847 1432 compertum
2881 1364 2954 1418 sit
2987 1362 3212 1418 nullam
3259 1369 3380 1419 toto
3408 1364 3507 1423 illo
3539 1383 3692 1421 anno

2046 1446 2205 1510 1259,
2234 1462 2345 1516 quo
2377 1452 2532 1503 certo
2574 1454 2803 1504 constat
2851 1451 3065 1507 obiisse
3119 1454 3514 1525 Theodorum,
3549 1454 3694 1510 solis

2044 1533 2310 1606 eclipsim
2343 1534 2546 1593 Nicaeae
2578 1538 2846 1596 autlocis
2880 1540 3151 1597 ﬁnitimis
3199 1542 3378 1598 videri
3410 1544 3693 1616 potuisse.

2048 1624 2235 1689 Quare
2268 1642 2380 1681 non
2410 1627 2707 1684 immerito
2758 1629 2968 1685 Setbus
3016 1630 3303 1687 Calvisius
3342 1633 3400 1687 in
3432 1633 3695 1689 Chrono-

2046 1710 2203 1787 logia
2232 1713 2526 1772 Wolﬁana
2573 1734 2728 1773 anno
2755 1717 2968 1775 Christi
3021 1721 3159 1774 1255
3190 1722 3566 1794 Pacbymeris
3598 1740 3697 1779 ex-

2048 1809 2246 1875 cerpta
2278 1804 2405 1860 falsi
2438 1806 2652 1878 arguit,
2687 1823 2812 1879 quae
2852 1807 3229 1880 reprehensio
3261 1811 3395 1881 etsi,
3428 1817 3494 1867 ut
3525 1813 3698 1869 modo

1973 1920 2023 1991 Β
2052 1892 2275 1991 intebar
2304 1892 2499 1991 ipsum
2534 1896 2910 1966 amplectitur
2939 1898 3380 1968 Pachymerem,
3409 1909 3600 1957 tamen
3628 1918 3701 1958 ne

2057 1981 2261 2052 injusti
2296 1984 2508 2052 simus,
2541 1990 2765 2056 partem
2813 1987 2941 2057 ejus
2974 1987 3088 2058 ipsi
3134 2005 3370 2060 quoque
3401 2007 3569 2045 suam
3601 1993 3698 2047 de-

2056 2071 2264 2128 bemus
2300 2073 2504 2131 Wolfio
2557 2093 2887 2149 aspergere,
2939 2080 3038 2152 qui
3068 2081 3168 2135 sub
3196 2081 3402 2137 obitum
3428 2083 3704 2139 Theodori

2058 2162 2338 2219 defecisse
2387 2162 2569 2221 solem
2602 2166 2675 2221 de
2706 2184 2811 2222 suo
2844 2168 3079 2239 adjecit,
3114 2186 3247 2225 eum
3283 2171 3341 2225 id
3383 2171 3704 2244 Pachyme-

2060 2267 2152 2307 res
2187 2269 2300 2307 non
2342 2252 2666 2325 scripserit.
2702 2254 2846 2311 Nam
2881 2257 3035 2327 quod
3076 2274 3146 2312 ex
3175 2260 3481 2315 occasione
3510 2260 3705 2317 obitus

2060 2340 2348 2397 Theodori
2398 2343 2735 2399 meminerit
2780 2346 3116 2402 istiusmodi
3161 2346 3420 2420 eclipsis,
3465 2350 3564 2421 qui
3590 2367 3707 2406 non

2059 2430 2216 2485 videt
2263 2448 2442 2504 quam
2493 2432 2799 2488 infirmum
2850 2445 3264 2507 argumentum
3305 2439 3383 2493 sit
3429 2438 3709 2510 cpinandi

2061 2535 2188 2576 eam
2220 2525 2361 2576 tunc
2390 2521 2573 2578 visam
2595 2522 2623 2577 ?

2132 2646 2200 2700 V.
2229 2647 2346 2718 Ego
2378 2663 2510 2702 vero
2541 2647 2677 2703 dum
2707 2653 2976 2704 cauterem
3010 2649 3263 2706 indolem
3306 2652 3576 2725 lucifugae
3605 2670 3707 2709 cu-

2059 2736 2321 2807 jusdam,
2375 2735 2727 2807 ambagiosa
2776 2754 2842 2793 ao
2904 2734 3604 2815 σκοτοδασυπυκνότριχος,
3649 2748 3713 2799 ut

2064 2824 2329 2882 Gelliano
2360 2830 2417 2880 et
2450 2826 2871 2898 Aristophaneo
2896 2829 3091 2885 verbis
3124 2834 3271 2886 utar.
3309 2831 3713 2904 Pachymeria-

2066 2932 2154 2970 nae
2184 2914 2459 2970 dictionis
2492 2917 2706 2989 cogito,
2743 2918 3003 2989 dumque
3056 2924 3335 2991 praeterea
3366 2926 3561 2976 mente
3587 2938 3716 2977 am-

2068 3004 2274 3077 plexus
2303 3004 2483 3060 simul
2516 3011 2726 3063 cuncta
2755 3022 2888 3079 quae
2913 3008 3008 3064 hic
3047 3009 3381 3065 referuntur
3411 3010 3716 3081 sigillatim

2066 3108 2322 3164 expensa
2349 3092 2585 3166 colligo,
2634 3095 2781 3150 mihi
2826 3095 3028 3153 videor
3074 3098 3533 3154 animadvertere
3564 3099 3719 3154 indi-

2070 3180 2177 3237 uiis
2205 3182 2363 3237 haud
2386 3183 2551 3238 vanis
2598 3183 2857 3240 voluisse
2901 3190 3172 3243 nostrum
3228 3188 3565 3243 historicum
3602 3187 3720 3243 sal-

1992 3282 2035 3356 C
2072 3275 2193 3325 tem
2225 3271 2473 3326 obscure
2520 3272 2786 3343 innuere,
2819 3274 2869 3330 si
2931 3275 3129 3331 minus
3182 3275 3332 3332 clare
3382 3278 3718 3348 praedicare,

2076 3359 2406 3432 deliquium
2441 3362 2653 3433 solare,
2686 3364 2843 3434 quod
2876 3364 2985 3421 hoc
3039 3365 3165 3421 loco
3205 3370 3513 3433 memorat,
3548 3366 3722 3438 longe

2081 3455 2216 3506 ante
2242 3450 2351 3505 hoc
2409 3456 2665 3523 tempus,
2700 3452 2756 3507 in
2792 3470 2909 3525 quo
2952 3456 3243 3511 narrando
3290 3460 3576 3525 versatur,
3622 3469 3727 3526 pa-

2080 3544 2303 3595 tratum
2335 3544 2392 3596 et
2420 3546 2744 3613 spectatum
2781 3544 2982 3600 fuisse.
3016 3547 3445 3617 Argumentum
3478 3546 3564 3601 sic
3593 3559 3730 3601 sen-

2083 3628 2263 3683 tiendi
2290 3628 2544 3700 primum
2564 3645 2736 3686 sumo
2756 3648 2823 3687 ex
2848 3629 3424 3704 plusquamperfecto
3472 3637 3736 3704 tempore

2085 3717 2237 3786 quod
2267 3715 2328 3771 in
2358 3719 2533 3773 verbo
2566 3718 2657 3775 his
2677 3719 3065 3789 ati'ectat,non
3113 3721 3379 3778 scribens
3417 3718 3739 3775 ἐκλέλοιπεν

2086 3801 2271 3872 ἥλιοςς
2300 3806 2402 3861 sed
2424 3802 2757 3875 ἐκλελοίπει,
2792 3812 2849 3864 et
2877 3810 3078 3865 statim
3113 3814 3267 3880 post,
3318 3807 3511 3871 σκότος
3538 3809 3602 3863 τὸ
3631 3811 3737 3863 πᾶν

2089 3892 2408 3971 κατείληφε,
2453 3896 2553 3951 sed
2593 3894 2937 3971 κατειλήφει.
2988 3897 3295 3969 Defecerat,
3358 3897 3576 3972 inquit,
3637 3899 3738 3969 sol,

2094 4000 2207 4038 non
2233 3990 2434 4040 autum
2468 3995 2599 4041 tunc
2629 3986 2864 4057 defecit;
2898 3994 2951 4042 et
2982 3988 3233 4044 tenebrae
3266 3988 3541 4044 universa
3579 3988 3743 4044 obdu-

2091 4081 2314 4145 xerant,
2364 4071 2549 4129 multo
2599 4072 2821 4130 scilicet
2870 4075 3053 4146 prius,
3098 4093 3212 4131 non
3242 4084 3437 4131 autem
3483 4085 3612 4131 tunc
3649 4078 3745 4132 ob-

2095 4161 2392 4218 duxerunt.
2426 4162 2589 4227 Quod
2613 4164 2662 4219 si
2696 4164 2830 4235 quis
2857 4169 3079 4236 quaerat
3099 4165 3305 4235 quanti
3336 4164 3618 4235 temporis
3650 4164 3748 4218 in-

2099 4248 2411 4307 tervallum
2445 4251 2567 4309 haec
2598 4253 2771 4309 verbo
2813 4250 3072 4310 indicata
3121 4253 3432 4325 praecessio
3465 4252 3745 4326 postulet,

2100 4346 2335 4414 reputet
2359 4359 2627 4413 quaenam
2648 4347 2852 4399 eventa
2869 4344 3223 4414 praesignata
3255 4343 3438 4399 fuisse
3467 4342 3579 4398 isto
3611 4360 3748 4415 por-

2101 4432 2264 4487 tento
2288 4434 2490 4487 auctor
2537 4437 2791 4489 censeat.
2828 4433 2978 4489 Satis
3031 4433 3157 4489 fuse
3207 4449 3273 4488 ac
3304 4432 3579 4487 distincte
3608 4448 3750 4504 per-

2106 4524 2345 4576 secutus
2379 4520 2531 4575 mala
2563 4538 2689 4593 quae
2740 4521 3023 4578 Theodori
3077 4521 3472 4594 principatum
3504 4520 3752 4577 infesta-

342 4610 612 4667 meriana
642 4624 966 4684 congerens
990 4604 1242 4666 Wolﬁus
1276 4608 1360 4665 sic
1401 4606 1606 4665 eii‘ert:
1640 4608 1748 4664 Sub
1786 4608 1999 4664 obitum
2028 4656 2075 4684 η
2107 4617 2244 4665 runt
2274 4609 2543 4665 morbum
2577 4627 2759 4683 prope
2788 4612 3159 4679 continuum,
3201 4609 3566 4683 suspiciones
3594 4625 3756 4666 acres

2028 4656 2076 4721 D

340 4696 606 4756 Theodori
632 4699 886 4758 Lascaris
915 4707 1069 4755 sexto
1106 4694 1199 4755 die
1228 4696 1310 4754 sol
1338 4714 1436 4770 per
1456 4698 1645 4753 horam
1675 4699 2000 4753 obscuratae
2030 4694 2075 4721 υ
2110 4704 2167 4755 et
2198 4698 2466 4767 miseras,
2502 4700 2865 4755 eversionem
2898 4700 3232 4772 principum
3277 4700 3347 4755 ab
3379 4698 3531 4772 ipso,
3560 4698 3758 4754 brevi-

339 4792 439 4859 est,
474 4784 818 4862 tenebraeque
846 4790 1184 4861 operuerunt
1214 4788 1423 4853 omnia,
1466 4786 1596 4842 adeo
1628 4795 1689 4842 ut
1719 4784 1902 4842 stellae
1930 4787 1990 4842 in

336 4880 470 4935 creto
500 4883 833 4951 apparerent
872 4879 1158 4935 Henricus
1185 4876 1542 4950 Spondanus
1581 4874 1644 4933 in
1697 4877 1997 4933 continua.

336 4970 501 5025 tione
530 4969 845 5026 Annalium
891 4964 1124 5025 Baronii
1156 4968 1225 5023 ad
1285 4985 1423 5024 ann.
1478 4964 1635 5034 1259,
1692 4983 1854 5023 num.
1907 4964 1996 5034 15,

342 5058 552 5115 scribit
578 5059 689 5115 sub
717 5059 945 5115 obitum
977 5057 1270 5114 Theodori
1310 5055 1578 5112 Lascaris
1622 5055 1888 5111 Junioris
1918 5071 2000 5110 so-

343 5150 452 5205 lem
482 5166 582 5220 per
621 5149 817 5205 horam
861 5150 1211 5206 obscuratum
1265 5163 1400 5216 esse,
1446 5146 1531 5203 ila
1585 5150 1647 5201 ut
1674 5147 1853 5203 διειιάε
1890 5163 1999 5219 ap-

341 5247 629 5313 parerent.
662 5238 927 5311 Sumpsit
957 5238 1014 5294 id
1049 5234 1327 5294 nimirum
1368 5252 1437 5291 ex
1466 5234 1684 5293 Wilfio.
1720 5234 2001 5293 Odoricus

348 5327 670 5385 Bainaldus
717 5344 877 5384 num.
919 5327 989 5384 54
1037 5345 1173 5383 ann.
1224 5325 1380 5397 1259,
1433 5328 1681 5381 mortem
1712 5323 2003 5381 Theodori

350 5415 632 5486 referens,
683 5418 949 5489 ejusdem
1000 5415 1268 5473 meminit
1309 5413 1568 5485 eclipsis,
1629 5430 1809 5485 quam
1842 5419 2005 5471 sexto

349 5509 427 5563 ab
476 5507 606 5577 ejus
652 5507 813 5561 obitu
866 5505 959 5560 die
1009 5504 1333 5576 contigisse
1377 5502 1526 5557 697
1574 5501 1677 5569 ait,
1709 5508 2006 5560 auctorem

347 5594 600 5651 laudans
634 5593 1069 5665 Pachymerem.
1104 5594 1174 5647 At
1201 5590 1317 5662 hic,
1369 5587 1507 5645 licet
1536 5588 1652 5645 dici
1680 5597 1847 5645 sestae
1883 5608 2007 5647 me-

347 5684 612 5753 minerit,
661 5684 818 5739 haud
866 5687 1063 5738 tamen
1094 5698 1222 5737 eam
1275 5679 1707 5737 numerandam
1757 5678 1905 5735 dixit
1936 5680 2007 5737 ab

349 5772 516 5831 obitu
566 5772 878 5845 Theodori,
929 5771 1028 5828 sed
1062 5769 1262 5844 potius
1305 5767 1588 5827 indicavit
1617 5768 2005 5846 contrarium,

2111 4790 2289 4844 tatem
2314 4789 2485 4859 epatii
2515 4789 2817 4845 educendo
2850 4790 2909 4846 in
2935 4790 3234 4846 robustam
3269 4794 3501 4846 aetatem
3542 4787 3760 4843 hieredi

2106 4870 2304 4933 locum
2337 4883 2674 4949 negantem,
2703 4883 2910 4951 praeter
2939 4884 3180 4935 caeteros
3212 4876 3609 4934 tumultuosos
3633 4892 3761 4931 mo-

2110 4971 2206 5022 tus
2234 4962 2620 5022 rebellionum
2678 4972 2735 5023 et
2792 4966 3084 5023 bellorum
3134 4972 3254 5027 toto
3286 4966 3382 5024 illo
3442 4983 3548 5023 nec
3590 4964 3760 5038 pleno

2110 5053 2497 5126 quadriennio
2546 5072 2778 5128 semper
2835 5056 3099 5128 undique
3131 5056 3541 5128 coorientium,
3572 5059 3765 5111 totum

2111 5142 2170 5199 id
2204 5144 2660 5201 infortuniorum
2684 5149 2910 5201 textum
2930 5144 3169 5200 relativo
3201 5141 3231 5198 ὅ
3259 5143 3767 5217 indignitavitPa-

2113 5232 2441 5305 cbymeres,
2462 5233 2605 5288 dum
2639 5233 2845 5289 scribit
2873 5230 2901 5286 ὃ
2925 5229 2992 5301 δὴ
3024 5230 3117 5287 καὶ
3147 5234 3353 5308 προεσή
3367 5253 3521 5305 pave,
3547 5232 3692 5304 quod
3721 5239 3776 5287 et

2111 5323 2593 5395 praesigniﬁcavit.
2614 5324 2758 5379 Cum
2782 5338 2917 5378 vero
2948 5322 3029 5378 sit
3051 5323 3434 5380 manifestum
3466 5320 3773 5395 praesigni-

2118 5411 2451 5468 ﬁcationem
2477 5410 2806 5467 necessario
2830 5410 3185 5467 anteriorem
3216 5427 3346 5469 esse
3377 5428 3439 5468 re
3469 5408 3774 5484 praesigni-

2121 5498 2314 5569 ﬁcata,
2349 5498 2484 5572 quis
2510 5517 2627 5555 non
2650 5501 2932 5574 intelligit
2962 5501 3297 5573 oportuisse
3346 5501 3583 5573 signum
3613 5499 3773 5555 istud

2119 5590 2274 5647 circa
2304 5590 2435 5662 ipsa
2464 5588 2673 5661 imperi
2704 5590 2997 5646 Theodori
3028 5591 3180 5646 698
3214 5590 3503 5662 principia
3532 5603 3781 5658 conspe-

2120 5685 2279 5737 ctum
2304 5679 2331 5734 ‘I
2354 5677 2502 5746 Quid
2538 5677 2637 5735 illa
2666 5684 2842 5736 sextae
2874 5680 2989 5737 dici
3023 5681 3243 5737 mentio
3265 5680 3292 5735 ?
3323 5680 3526 5735 Nonne
3548 5678 3781 5735 eviden-

2122 5774 2213 5827 ter
2240 5768 2420 5842 exigit
2439 5768 2732 5843 insignem
2763 5770 3023 5843 aliquam
3076 5771 3234 5827 unde
3264 5772 3610 5827 numeretur
3638 5782 3777 5841 epo-
