4072 6390
350 1018 691 1095 scriptores,
721 1029 821 1097 qui
854 1034 996 1088 solis
1029 1040 1294 1110 eclipsim
1359 1063 1505 1116 pene
1565 1055 1805 1111 totalem
1860 1063 2005 1117 refe-

348 1113 489 1164 runt
517 1113 589 1166 ad
621 1129 842 1173 annum
878 1120 1091 1180 Christi
1140 1132 1269 1185 :259
1316 1135 1371 1189 in
1442 1150 1625 1197 morte
1687 1146 2000 1223 Theodori,

348 1199 773 1223 ___,a-LhI-,,
833 1212 841 1223 -
990 1213 999 1222 -
1264 1222 1269 1223 ν

1760 1199 1768 1200 “
1824 1199 2000 1223 “’“⁷“”,

346 1214 463 1252 non
494 1199 730 1258 tabulas
760 1212 1129 1285 astromicas,
1177 1222 1274 1273 sed
1338 1233 1632 1285 auctorem
1690 1237 2000 1307 Pachyme-

342 1300 466 1343 rem
487 1300 832 1360 sequuntur.
862 1298 947 1352 Ita
987 1304 1147 1359 enim
1192 1308 1477 1369 Odoricus
1530 1298 1866 1381 Raynaldus
1926 1330 1994 1383 ad

341 1392 566 1433 annum
598 1378 814 1439 Christi
848 1389 1005 1457 1259,
1041 1405 1278 1453 narrata
1330 1378 1638 1463 Theodori—ﬂ
1672 1378 1863 1467 morte
1934 1419 1993 1473 in

338 1482 543 1525 mense
570 1476 864 1547 Augusto,
897 1482 980 1535 ait
1011 1492 1380 1560 paragrapho
1414 1496 1479 1548 54
1507 1514 1526 1551 :
1552 1500 1717 1556 Sexta
1765 1507 1833 1560 ab
1875 1510 1995 1574 eius

337 1556 495 1612 obitu
525 1559 616 1616 die
642 1565 818 1620 tradit
846 1556 1218 1643 Paclaymeres
1250 1556 1523 1652 insignem
1571 1591 1700 1645 solis
1728 1556 1991 1665 defectio-

335 1662 463 1702 nem
495 1650 690 1721 fuisse,
722 1655 858 1711 adeo
904 1670 962 1715 ut
993 1663 1161 1719 unius
1218 1668 1365 1725 horae
1420 1679 1594 1745 spatio
1641 1682 1993 1746 densissimas

382 2738 477 2795 Sic
508 2740 819 2815 Calvisius,
852 2764 921 2804 ex
960 2759 1125 2823 parte
1158 2759 1397 2829 quidem
1430 2781 1584 2838 vere,
1615 2775 1680 2825 ut
1732 2774 1803 2828 ab
1863 2793 1963 2831 au-

311 2829 475 2884 ctore
499 2828 558 2884 in
593 2832 770 2891 rebus
801 2845 1213 2903 astronomicis
1241 2849 1386 2907 bene
1412 2866 1661 2929 versato,
1727 2866 1829 2919 sed
1897 2884 1967 2923 ex

308 2921 477 2986 parte
508 2926 713 2980 contra
736 2923 996 2984 historiae
1020 2934 1325 2993 veritatem
1350 2944 1664 3003 manifeste
1694 2968 1959 3023 pugnan-

307 3004 410 3061 tia.
436 3007 673 3066 Certum
708 3014 866 3070 enim
899 3024 990 3075 est
1014 3022 1137 3091 jam
1172 3027 1348 3097 paulo
1372 3036 1506 3088 ante
1530 3004 1820 3104 prolatum
1851 3047 1959 3096 Pa~

308 3094 644 3167 chymerem
679 3100 839 3174 loqui
870 3108 940 3162 de
968 3110 1127 3166 obitu
1160 3094 1449 3175 'l‘beodori
1489 3094 1549 3177 in
1583 3141 1785 3184 mense
1839 3139 1958 3187 Au-

302 3191 500 3254 gusto,
534 3205 709 3259 anno,
742 3199 806 3248 ut
839 3196 960 3266 ipse
989 3200 1088 3269 ait,
1116 3204 1187 3258 ad
1223 3210 1573 3267 autumnum
1601 3215 1953 3291 inclinante;

304 3289 419 3344 quo
452 3292 564 3331 non
591 3281 841 3349 quadrat
877 3302 1034 3343 mors
1065 3290 1334 3363 Joannis,
1368 3314 1496 3369 quae
1548 3302 1605 3358 in
1664 3306 1733 3360 30
1780 3281 1956 3365 Octo;

303 3362 427 3418 bris
459 3365 728 3437 incurrit,
765 3378 827 3426 ut
859 3376 1036 3432 etiam
1099 3384 1268 3452 paulo
1320 3390 1589 3458 superius
1622 3395 1955 3456 docuimus.

300 3914 416 3969 que
437 3900 693 3972 eclipsis,
729 3923 857 3976 quae
889 3913 1134 3983 contigit
1162 3916 1232 3970 30
1262 3919 1354 3973 die
1413 3921 1776 3996 Decembris,
1834 3933 1948 3988 dici

296 3992 797 4059 potestaccidisse
827 4005 990 4053 sexto
1036 4002 1130 4057 die
1190 4014 1321 4075 post
1382 4019 1624 4069 mortem
1677 4018 1945 4088 Joannis,

296 4077 399 4146 qui
430 4079 557 4134 vitaa
588 4082 741 4137 diem
771 4091 1095 4144 extremum
1132 4095 1339 4151 habuit
1368 4099 1436 4153 30
1466 4101 1733 4163 Octobris
1766 4112 1788 4163 Ρ

372 4177 495 4232 Haec
524 4177 706 4250 igitur
730 4183 963 4239 Calvisii
1009 4189 1439 4251 animadversio
1475 4218 1587 4255 non
1637 4206 1788 4261 tollit
1844 4216 1946 4266 aut

290 4263 513 4322 minuit
544 4271 885 4340 quaestionis
913 4275 1348 4350 difﬁcultatem,
1381 4290 1483 4343 sed
1516 4300 1691 4363 auget
1749 4301 1942 4368 potius

289 4360 348 4409 et
380 4355 461 4410 ita
490 4355 757 4428 implicat
796 4368 860 4416 ut
892 4363 1270 4426 insolubilem
1304 4375 1491 4432 facere
1524 4355 1805 4443 videatur.

362 4454 457 4509 Sic
504 4455 682 4527 igitur
731 4459 1145 4533 Pachymerem
1182 4469 1625 4543 intelligendum
1667 4484 1939 4551 arbitror,

289 4548 356 4597 ut
386 4559 585 4600 revera
616 4553 868 4605 mortem
911 4552 1205 4611 Theodori
1239 4563 1556 4633 describat,
1608 4548 1941 4646 factamque

284 4647 423 4686 vere
472 4643 700 4691 asserat
732 4637 1053 4698 inclinante
1094 4647 1165 4700 ad
1194 4655 1548 4709 autumnum
1610 4675 1783 4727 anno,
1843 4667 1943 4720 sed

286 4719 556 4790 eclipsim
582 4725 725 4781 solis
756 4728 1024 4801 designet
1054 4750 1166 4788 non
1200 4753 1327 4808 quae
1353 4740 1407 4794 in
1452 4744 1612 4799 obitu
1673 4719 1939 4818 ejusdem

283 4809 691 4885 Tbeodori[P.
738 4817 862 4888 494]
898 4820 1051 4876 facta
1090 4823 1165 4877 sit
1219 4827 1303 4893 (id
1363 4831 1518 4885 enim
1575 4809 1770 4894 textus
1826 4859 1942 4898 non

284 4897 469 4967 dicit;
504 4907 557 4955 et
586 4908 789 4975 inepta
819 4924 884 4962 ea
915 4915 1073 4965 esset
1103 4915 1173 4967 ad
1209 4918 1841 4997 praesigniﬁeationem,
1874 4933 1945 4987 de

283 5002 407 5057 qua
436 4987 496 5044 in
528 5006 594 5047 eo
628 4995 848 5051 mentio
880 4999 1014 5065 est),
1043 5001 1144 5056 sed
1180 5020 1307 5075 quae
1338 5007 1507 5065 initio
1532 5011 1763 5085 imperii
1788 5020 1943 5089 ejus-

284 5075 416 5131 dem
443 5078 749 5151 Theodori,
783 5087 953 5155 quasi
989 5094 1318 5159 praenuntia
1349 5097 1543 5154 brevis
1576 5075 1635 5157 et
1693 5075 1943 5166 infelicis

282 5164 416 5233 ejus
446 5170 629 5239 regni.
664 5175 819 5242 quod
854 5193 971 5230 non
1004 5178 1192 5235 multo
1236 5181 1370 5253 plus
1396 5187 1650 5246 triennio
1680 5196 1861 5266 stetit,
1888 5206 1945 5254 et

284 5251 346 5307 in
381 5256 677 5312 continuis
714 5263 855 5317 701
892 5265 1027 5319 belli
1081 5251 1338 5327 motibus
1392 5281 1450 5329 et
1508 5281 1695 5334 morbi
1762 5251 1941 5343 mole-

274 5341 538 5398 stissimi
571 5363 724 5417 smpe
770 5354 1034 5419 repetitis
1091 5360 1459 5427 gravissimis
1517 5370 1941 5434 tentationibus

278 5436 478 5487 actum
511 5450 645 5490 cum
670 5437 785 5491 vita
814 5440 1051 5499 finitum
1076 5452 1162 5501 est
1192 5465 1345 5505 anno
1360 5454 1550 5507 aetatis
1573 5455 1645 5509 36
1675 5465 1939 5524 nondum

280 5523 603 5591 completo.

360 5612 499 5676 Quae
513 5617 708 5671 tamen
735 5634 869 5673 cum
890 5638 1003 5677 non
1028 5626 1173 5682 satis
1195 5629 1939 5715 distinguatPachymeres,

285 5704 348 5759 et
367 5701 569 5758 statim
606 5712 737 5775 post
764 5711 1115 5783 descriptam
1151 5701 1411 5776 mortem‘
1430 5701 1719 5784 Theodori
1750 5701 1943 5796 de

570 5823 840 5888 ΡΑι-ιοῐ..
889 5829 1001 5890 Gn.
1040 5831 1303 5900 CXLIII.

1789 403 2411 480 CHRONOLOGICUS.

3642 470 3783 525 1162

3325 579 3493 639 initio
3552 588 3784 661 imperii

2956 628 2965 634 ,
3325 628 3492 639 __.-.,,
3552 628 3779 661 ,ωνσιη

2122 628 2736 714 signiﬁeans,justam
2766 660 2919 710 certe
2950 674 3066 714 non
3118 662 3279 721 aliud
3333 675 3779 739 attendentibus

2118 724 2331 778 erroris
2355 745 2594 789 causam
2626 738 2805 795 dedit.
2832 750 2905 798 At
2934 748 2984 800 si
3020 751 3153 820 quis
3186 771 3305 811 rem
3339 765 3557 820 attente
3581 773 3780 826 consi-

2118 808 2403 869 deraverit
2426 825 2481 874 et
2504 839 2634 878 cum
2663 826 2909 889 historia
2942 835 3100 894 illius
3134 845 3417 916 temporis
3438 857 3770 930 contulerit,

2118 896 2170 930 in
2207 899 2550 930 Ηηιη--μημ
2607 913 2616 930 1
2818 921 2829 930 .
2996 926 3007 930 -

3200 896 3415 916 πρ-.-
3439 896 3769 930 “manu”,

2116 896 2174 950 in
2206 899 2274 955 iis
2305 906 2560 965 tenebris
2604 913 2787 973 lucem
2814 921 3087 983 inveniet.
3126 931 3217 987 Sic
3255 943 3452 995 autem
3484 959 3611 1000 eam
3674 966 3769 1003 ex-

2116 988 2288 1054 piico.

2185 1080 2518 1143 Theodorus
2549 1092 2777 1151 vivendi
2812 1100 2984 1158 ﬁnem
3021 1108 3159 1165 fecit
3181 1129 3336 1170 anno
3359 1117 3573 1177 Christi
3597 1127 3754 1191 1259,

2116 1182 2314 1225 mense
2344 1176 2625 1243 Augusto.
2659 1189 2927 1245 HlStOI‘iéB
2964 1198 3138 1253 totius
3170 1202 3291 1258 haec
3322 1207 3467 1263 fides
3514 1218 3622 1281 est,
3685 1218 3758 1272 de

2116 1271 2221 1281 τ-ηη
2262 1259 2416 1281 -ἱ-μιρη
2708 1274 2742 1281 “”
2886 1280 2905 1281 7'

3373 1259 3464 1263 ν---
3517 1259 3622 1281 νυν,
3686 1259 3754 1272 “‘4

2111 1271 2225 1323 qua
2258 1259 2524 1321 dubitare
2560 1287 2669 1326 non
2706 1274 2857 1333 licet.
2884 1280 3265 1356 Pachymeres
3291 1293 3345 1349 id
3364 1301 3593 1371 asserit,
3619 1321 3754 1360 cum

2111 1344 2185 1371 ιιξῦ
2227 1348 2369 1371 ιίινοιυ
2400 1370 2407 1371 ί
2706 1368 2712 1371 “
2798 1366 2809 1371 ’

3039 1344 3058 1356 υ
3218 1344 3223 1345 ⁷
3250 1344 3258 1345 7
3292 1344 3303 1345 ί
3323 1344 3345 1349 ”
3366 1344 3593 1371 ν”“’“¹’“¹⁵·¹υ,
3620 1344 3754 1360 υυιιι

2109 1344 2189 1398 ait
2225 1348 2441 1407 factum
2484 1368 2753 1431 vergente
2795 1366 2853 1422 in
2905 1378 3252 1435 autumnum
3314 1402 3487 1454 anno,
3545 1409 3756 1465 nempe

2109 1431 2513 1465 ίηῧΛνιηηιλιξιὲη
2688 1456 2719 1465 .-

3315 1431 3487 1454 μην,
3545 1431 3751 1465 nempe

2108 1431 2518 1498 intersolstitiu
2534 1465 2582 1501 m
2602 1456 2865 1511 :estivum
2882 1465 3366 1533 etmquinoctium
3388 1480 3751 1539 autumnale.

2103 1522 2439 1587 Theodorus
2464 1536 2695 1596 initium
2718 1552 2998 1615 regnandi
3017 1522 3164 1611 fecit
3185 1575 3337 1615 anno
3355 1564 3565 1621 Christi
3593 1572 3753 1638 1255,

3595 1617 3748 1638 --νυς

2103 1617 2266 1681 patre
2298 1627 2525 1679 mortuo
2558 1630 2667 1683 sub
2701 1633 2874 1690 ﬁnem
2925 1639 3215 1713 Octobris,
3280 1668 3390 1706 non
3455 1656 3748 1716 declarato

2144 1701 2220 1758 lio
2249 1723 2607 1785 successore,
2642 1723 2739 1789 qui
2765 1724 2893 1781 ideo
2927 1732 3151 1788 tardius
3184 1736 3425 1808 electus,
3487 1745 3745 1805 elevatus

2083 2510 2244 2577 regni
2276 2510 2505 2570 infestis
2536 2518 2705 2578 hellis
2738 2532 2937 2583 contra
2968 2532 3254 2605 Bulgaros
3312 2547 3367 2596 et
3418 2510 3731 2607 Thessalos

2079 2611 2265 2665 usque
2297 2603 2369 2654 ad
2412 2605 2540 2661 vitae
2591 2610 2805 2667 exitum
2862 2617 3174 2679 infeliciter
3222 2638 3543 2702 occupatus
3588 2646 3675 2693 est
3713 2659 3727 2696 :

3271 2682 3542 2702 ,ηρ-κ-
3588 2682 3675 2693 ιν.
3713 2684 3725 2696 .

2073 2682 2443 2746 difﬁcillimis
2476 2699 2749 2766 negotiis,
2785 2704 3147 2777 implicatus,
3173 2721 3614 2788 suspicionibus
3668 2736 3727 2785 et

2072 2772 2318 2831 humore
2350 2781 2775 2845 melancholico
2792 2795 2861 2847 ad
2887 2802 3153 2865 quaedam
3174 2822 3277 2860 sua
3307 2812 3614 2878 majestate
3638 2819 3723 2873 in-

2071 2862 2249 2935 digna
2270 2868 2443 2924 etiam
2477 2875 2759 2934 adversus
2783 2862 3005 2942 aulicos
3036 2891 3321 2961 dignitate
3359 2862 3421 2953 etd
3450 2904 3559 2956 ﬁde
3583 2921 3721 2976 erga

2068 2968 2202 3007 eum
2234 2964 2576 3025 praestantes
2609 2975 2997 3038 perpetranda
3030 2980 3342 3055 adductus,
3367 2990 3510 3046 vixit
3542 2994 3719 3051 mise-

2067 3042 2347 3100 rabiliter.
2382 3049 2725 3111 Theodorus
2758 3059 2931 3133 longa
2973 3070 3207 3125 tandem
3272 3042 3456 3132 macie
3523 3087 3716 3139 confe-

2065 3134 2216 3199 ctus,
2253 3138 2369 3189 toto
2397 3153 2633 3209 corpore
2666 3152 2967 3220 exsangui,
2998 3156 3214 3214 frustra
3252 3167 3491 3223 tentatis
3532 3176 3718 3227 omni-

1988 3254 2030 3321 Ο
2068 3219 2180 3274 bus
2213 3221 2491 3282 humanis
2519 3236 2815 3303 remediis,
2850 3257 3011 3298 excra
3032 3248 3273 3318 regiam,
3294 3254 3352 3307 in
3373 3259 3529 3325 gravi
3554 3260 3719 3317 luctu

2074 3309 2427 3377 pmnitentiae
2456 3322 2513 3371 et
2546 3320 2749 3378 habitu
2785 3309 3317 3401 religioso,dolens
3352 3309 3528 3413 quuod—
3550 3309 3716 3405 Chri-

2070 3402 2226 3453 stum
2260 3403 2641 3476 deseruisset,
2670 3430 2848 3485 regno
2873 3420 3050 3477 simul
3085 3431 3141 3480 et
3172 3428 3287 3485 vita
3332 3434 3596 3504 privatur
3652 3441 3709 3495 in

2768 3925 2771 3926 ,
3236 3925 3552 3951 ——o------~',
3587 3925 3704 3953 ιιι-ν’

2056 3925 2210 3983 brevi
2246 3932 2506 4002 dejectus
2537 3946 2644 4010 est,
2679 3947 2901 4019 relicto,
2960 3958 3378 4020 testamentum
3440 3972 3706 4028 condidit

2052 4014 2111 4069 in
2138 4019 2390 4087 gratiam
2408 4028 2621 4086 tutoris
2646 4032 2807 4091 illius
2830 4039 3172 4118 Muzalonis,
3210 4068 3381 4121 quem
3405 4057 3696 4117 Romana-

2050 4121 2182 4160 rum
2214 4126 2409 4167 rerum
2443 4116 2744 4178 dominum
2781 4132 3190 4204 constituebat,
3216 4147 3406 4211 quoad
3439 4148 3596 4205 ﬁlius
3625 4153 3698 4206 ad

2050 4196 2362 4264 perfectam
2388 4206 2645 4263 venisset
2674 4219 2927 4285 aetatem,
2963 4238 3091 4279 cum

2055 4558 2249 4611 status
2288 4558 2590 4619 eluctuosa
2645 4574 2852 4629 mortis
2905 4581 3183 4655 conditio,
3238 4604 3414 4659 quam
3467 4594 3702 4654 brevius

2055 4642 2441 4716 Nicephorus,
2478 4653 2666 4712 fusius
2695 4661 3029 4733 Acropolita
3061 4673 3361 4742 describit,
3406 4686 3506 4751 qui
3567 4702 3701 4742 cum

2850 4730 2861 4733 _
3350 4730 3360 4742 ι
3412 4730 3506 4751 1"'
3569 4730 3701 4742 '““‘

2053 4730 2613 4809 imperiilogotheta
2669 4749 2961 4820 existeret,
3025 4760 3300 4832 frequens
3360 4766 3704 4841 imperatori

2053 4822 2277 4877 ratione
2306 4829 2483 4882 ofﬁcii
2516 4833 2737 4908 aderat,
2760 4846 2817 4895 et
2845 4859 2972 4913 quae
2996 4822 3253 4917 praesens
3307 4822 3706 4919 ﬁerirvidebat

2055 4925 2269 4981 magna
2300 4914 2413 4971 ﬁde
2444 4924 2499 4974 et
2531 4922 2839 4996 diligentia
2870 4914 3091 4992 narrat.

2128 5018 2213 5071 VI.
2250 5019 2378 5077 Haec
2410 5025 2592 5096 igitur
2621 5034 2804 5093 voluit
2829 5040 3130 5101 insinuare
3152 5052 3702 5126 Pacbymeres,cum

2053 5105 2288 5177 scripsit
2320 5110 2570 5173 infelicis
2606 5124 2767 5193 regni
2797 5132 2850 5183 et
2882 5129 3136 5190 luctuosi
3170 5105 3364 5198 obith
3415 5105 3711 5205 Theodori

2055 5199 2444 5264 praenuntiam
2468 5208 3163 5281 exstitissedefectionem
3181 5228 3321 5285 solis
3338 5232 3704 5307 horribilem,

2057 5300 2181 5307 ____
2215 5288 2315 5307 HL
2358 5290 2369 5299 .
2779 5303 2789 5307 -

2054 5300 2182 5353 quae
2212 5288 2322 5341 sub
2357 5290 2588 5351 initium
2626 5303 2791 5371 regni
2822 5307 2952 5375 ejus
2984 5312 3135 5369 facta
3185 5324 3294 5387 est,
3358 5288 3529 5381 76πῂ
3559 5288 3707 5383 hora

2053 5374 2228 5427 tertia
2261 5386 2391 5445 post
2422 5386 2750 5454 meridiem,
2776 5374 2938 5451 scito
2971 5401 3083 5467 die,
3119 5374 3390 5466 videlicet
3422 5420 3556 5483 post
3577 5416 3708 5485 ejus

2051 5466 2487 5525 coronationem
2523 5480 2581 5528 et
2610 5481 2948 5542 unctionem
2978 5490 3325 5553 solemnem.

2124 5571 2374 5645 Etenim,
2407 5577 2457 5632 si
2490 5585 2842 5655 conjecturae
2874 5611 2991 5650 non
3022 5597 3399 5672 improbabili
3420 5610 3581 5668 locus
3605 5614 3709 5669 da-

2052 5662 2167 5728 tur,
2203 5662 2434 5721 videtur
2459 5668 2609 5728 facta
2641 5684 2944 5739 coronatio
2973 5686 3259 5750 Theodori
3292 5696 3422 5769 ipsa
3453 5700 3708 5758 solemni

2053 5747 2263 5769 p-~lg,,'l
2314 5759 2323 5769 ι
2402 5757 2444 5769 ιι
2495 5760 2527 5769 ,ι
2573 5762 2606 5769 .γ
2685 5766 2695 5769 -

2053 5747 2364 5810 festivitate
2402 5757 2733 5824 Nativitatis
2762 5770 2978 5831 Christi
3024 5747 3280 5851 Domini,
3315 5747 3462 5843 rsive
3526 5799 3580 5846 ut
3641 5809 3711 5849 ex

3351 5908 3423 5965 37
