4072 6440
327 434 466 489 1163

1359 437 1421 488 Ρ.
1462 433 1739 489 POSSINI
1774 433 2396 494 OBSERVATIONUM
2433 441 2567 496 LIB.
2611 443 2711 498 III.

3608 451 3752 510 1164

325 559 455 614 luce
482 559 594 613 diei
621 559 1013 614 celeberrimae
1044 556 1238 612 aditus
1271 557 1337 609 ad
1398 555 1712 628 imperium
1766 554 1976 611 clarior
2005 557 2061 622 Α
2093 556 2244 628 sitis,
2268 577 2398 616 cum
2431 563 2542 620 hac
2573 565 2957 638 inscriptione
2990 587 3004 624 ε
3039 572 3198 627 'lnter
3251 573 3479 647 eclipse:
3506 578 3748 634 exorior.

330 649 654 714 exsisteret,
689 649 810 702 sive
837 648 1052 701 utinde
1085 645 1370 701 lelicitntis
1405 651 1720 715 augurium
1778 661 1971 700 sume-

333 744 421 792 ret
452 739 788 809 imperator,
821 737 974 807 quod
998 733 1279 805 regnandi
1322 733 1678 806 principium
1739 736 1978 789 duceret

333 828 404 882 ab
434 844 499 882 eo
520 832 779 897 tempore
813 841 927 896 quo
958 824 1224 878 Christus
1259 822 1491 878 initium
1527 824 1756 879 vivendi
1810 824 1979 880 fecis-

333 923 421 971 set
454 933 466 979 ;
502 933 616 986 quo
645 931 784 969 sane
817 915 985 968 modo
1019 922 1072 966 et
1105 913 1325 968 ratione
1357 923 1556 984 gentes
1601 917 1658 968 et
1710 913 1979 970 Ecclesiae

333 1005 714 1060 nobilissimae
737 1004 875 1059 anni
907 1004 1211 1058 exordium
1245 1021 1278 1058 a
1300 1003 1514 1058 Christi
1542 1003 1847 1059 Natalibus
1879 1023 1983 1062 au-

336 1095 660 1164 spicantur.

404 1191 543 1246 Utut
573 1191 649 1244 sit
677 1191 750 1245 de
783 1191 912 1262 ipsa
944 1202 1137 1246 meme
1196 1192 1592 1262 imperatoris,
1638 1197 1794 1247 certe
1852 1195 1984 1263 eius

334 1279 581 1335 consilia
612 1296 727 1334 non
759 1280 1129 1334 mediocriter
1160 1281 1397 1336 turbare
1428 1281 1550 1335 visa
1597 1287 1684 1335 est
1739 1282 1984 1336 deiectio

336 1369 478 1423 solis
503 1374 618 1423 tam
652 1368 937 1439 insolens,
962 1373 1083 1424 tam
1104 1369 1218 1424 cito
1247 1375 1521 1441 posteJus
1549 1372 1985 1426 coronationem

334 1459 504 1512 facta.
538 1457 678 1513 Visa
699 1463 788 1512 est
817 1459 974 1512 enim
999 1460 1170 1528 juxta
1188 1458 1426 1513 tabulas
1445 1460 1870 1515 astronomicas
1895 1461 1988 1516 die

335 1548 405 1600 3t)
434 1547 788 1602 Decembris.
822 1547 960 1602 Visa
992 1564 1196 1602 sereno
1229 1547 1393 1611 ccelo,
1420 1552 1594 1618 prout
1619 1549 1889 1604 innuitur
1921 1567 1989 1605 ex

339 1640 541 1691 notata
563 1635 634 1690 ab
659 1635 939 1691 historico
962 1637 1329 1707 apparitione
1352 1637 1826 1694 stellarum.Visa
1847 1639 1991 1694 hora

339 1730 473 1798 post
503 1726 802 1780 meridiem
836 1725 1122 1797 tertia,[P.
1156 1726 1280 1797 495]
1325 1731 1461 1781 ante
1522 1727 1664 1784 solis
1713 1745 1988 1784 occasum

342 1817 460 1871 fere
489 1815 716 1888 integra
745 1816 874 1870 luce
904 1817 1227 1887 deﬁciente,
1262 1817 1447 1874 stellis
1470 1819 1526 1872 in
1560 1818 1702 1873 cmlo
1734 1818 1892 1874 velut
1930 1819 1989 1874 in

341 1906 630 1976 profunda
664 1910 829 1961 nocte
851 1911 972 1962 toto
1005 1908 1336 1978 crepusculi
1360 1913 1620 1979 tempore
1677 1909 1736 1962 in
1796 1909 1994 1963 densis
2021 1930 2069 1994 B

341 2001 508 2050 terra:
532 1995 786 2050 tenebris
820 1997 1406 2066 apparentibusNisa
1439 1997 1684 2067 insuper
1713 2001 1800 2051 est
1831 2000 1994 2052 sexta

340 2086 433 2140 die
468 2089 598 2154 post
627 2085 1001 2155 imperatoris
1035 2085 1494 2150 coronationcm,
1523 2102 1638 2156 quo
1699 2086 1991 2156 priscique

337 2179 599 2245 tempore
631 2175 702 2227 de
733 2189 799 2227 eo
831 2173 1076 2228 consilia
1133 2180 1189 2228 et
1237 2173 1432 2228 omina
1486 2174 1662 2226 futuri
1724 2178 1986 2241 eventus,

337 2281 453 2318 non
485 2263 614 2318 sine
645 2261 830 2318 multo
859 2263 915 2316 in
948 2279 1181 2318 omnem
1215 2268 1440 2334 partem
1474 2277 1760 2328 sermone,
1798 2263 1987 2333 agita-

339 2353 576 2406 bantur.

408 2441 527 2496 VlI.
560 2441 631 2496 Et
664 2440 797 2496 hinc
828 2445 988 2511 patet
1011 2441 1394 2513 quamobrem
1434 2441 1817 2513 Pachymeres
1857 2458 1986 2497 eam

338 2529 603 2602 eclipsim
641 2535 706 2584 ut
739 2532 1035 2585 funestum
1083 2531 1314 2602 imperii
1370 2535 1706 2602 portentum
1763 2532 1821 2585 in
1860 2531 1990 2600 ipso

339 2619 524 2687 aditu,
555 2619 610 2674 id
641 2624 730 2674 est
760 2625 922 2674 sexta
943 2621 1035 2674 die
1060 2625 1188 2690 pest
1209 2620 1496 2676 Theodori
1529 2619 1989 2690 coronationem,

341 2709 830 2764 considerandam
863 2710 1109 2779 dederit,
1147 2715 1210 2764 ut
1238 2710 1409 2781 quasi
1459 2727 1525 2765 ex
1577 2711 1817 2764 funerea
1865 2710 1991 2765 face

343 2803 635 2866 praeeunte
659 2815 775 2853 non
799 2799 1062 2854 diuturni
1082 2799 1313 2869 imperii
1340 2800 1490 2855 male
1513 2799 1782 2854 ominosa
1803 2797 1988 2870 signi-

341 2887 534 2943 ﬁcatio
556 2891 865 2958 caperetur
890 2905 903 2954 ;
929 2887 1122 2958 qualis
1145 2888 1550 2959 augurationis
1573 2893 1630 2942 et
1653 2887 1988 2959 exemplum

340 2976 401 3031 in
433 2976 849 3032 vetustioribus
882 2977 1178 3033 historicis
1209 2977 1594 3047 Pacbymeres
1637 2995 1752 3032 non
1803 2994 1988 3032 unum

340 3063 570 3132 habuit,
605 3069 661 3120 et
689 3066 1043 3122 recentiores
1074 3083 1304 3138 quoque
1324 3066 1478 3121 idem
1502 3068 1771 3122 videmus
1795 3065 1989 3121 imita-

339 3153 498 3209 tione
519 3153 868 3222 celebrasse,
891 3155 1096 3211 saltem
1118 3157 1254 3211 dum
1271 3157 1543 3211 exoflicio
1561 3156 1988 3225 referuntjudi-

339 3243 430 3298 cia
491 3241 652 3314 vulgi
714 3242 1022 3299 hominum
1075 3245 1134 3299 in
1184 3244 1331 3300 tales
1377 3245 1494 3299 fere
1549 3245 1989 3315 praesagitiones

339 3331 531 3402 proni,
555 3331 786 3403 quoties
819 3333 992 3388 istius
1023 3334 1254 3404 generis
1287 3334 1544 3388 caelestia
1573 3338 1843 3403 portenta
1877 3332 1988 3387 sub

345 3421 742 3492 principatum
767 3423 1033 3492 auspicia
1062 3423 1397 3476 incurrunt.

414 3519 493 3574 Ex
523 3519 632 3575 hoc
664 3524 803 3574 sunt
842 3537 1051 3590 genere
1101 3537 1228 3590 quae
1281 3520 1434 3590 apud
1485 3518 1711 3574 Juliurn
1757 3517 1991 3589 Capito-

341 3609 488 3663 lium
518 3607 581 3663 in
603 3609 899 3664 Gordiano
932 3608 1102 3662 tertio
1134 3608 1427 3680 leguntur.
1473 3607 1579 3663 Ubi
1613 3609 1769 3663 enim
1832 3607 1988 3662 hunc

344 3696 586 3768 cmpisse
617 3697 906 3765 imperare
938 3694 1139 3750 retulit
1169 3696 1504 3765 historicus,
1542 3701 1739 3751 statim
1775 3698 1986 3768 adjun-

340 3790 456 3860 git:
481 3787 583 3842 Sed
614 3785 884 3840 indicium
917 3801 1031 3838 non
1060 3784 1158 3839 diu
1188 3786 1530 3852 imperaturi
1579 3786 1844 3843 Gordiani
1892 3789 1989 3844 hoc

337 3877 468 3948 fuit,
502 3875 645 3948 quod
672 3874 895 3946 eclipsis
915 3876 1050 3929 solis
1072 3876 1223 3945 facta
1252 3880 1353 3944 est,
1385 3885 1444 3930 ut
1470 3891 1599 3931 mox
1645 3877 1989 3947 crederetur,

335 3983 512 4038 neque
531 3969 651 4021 sine
681 3964 990 4020 luminibus
1012 3965 1256 4020 accensis
1285 3966 1586 4036 quidquam
1634 3969 1734 4038 agi
1779 3978 1982 4038 posset.

335 4058 424 4112 Ita
453 4056 570 4124 ille,
605 4055 746 4111 solis
779 4055 1167 4111 defectionem
1202 4055 1457 4110 innuens
1479 4072 1604 4126 quae
1639 4074 1792 4111 anno
1825 4057 1982 4113 Chri-

334 4147 407 4204 sti
439 4149 567 4216 237,
601 4147 670 4201 12
693 4145 933 4218 Aprilis,
967 4145 1161 4200 Romae
1193 4145 1315 4200 viso
1348 4144 1639 4216 hodieque
1665 4162 1732 4200 ex
1765 4147 1984 4204 tabulis

331 4235 813 4308 deprehenditur.
847 4239 1054 4289 Sextus
1086 4234 1227 4288 item
1261 4233 1533 4288 Aurelius
1575 4233 1776 4288 Victor
1829 4253 1983 4292 anno

331 4325 398 4382 U.
427 4327 488 4382 Ο.
523 4326 684 4392 1062,
717 4341 850 4378 cum
877 4328 1177 4378 narrasset
1226 4339 1431 4392 pacem
1481 4323 1635 4377 inter
1681 4326 1981 4393 Augustos

329 4414 778 4472 Constantinum
803 4417 858 4467 et
890 4412 1179 4466 Licinium
1215 4413 1448 4480 factam,
1482 4412 1683 4467 ascitis
1735 4413 1792 4467 in
1843 4431 1979 4469 con-

328 4507 576 4562 sortium
609 4502 837 4573 imperii
863 4506 1154 4555 Caesarum
1179 4500 1413 4554 nomine
1448 4503 1757 4572 utriusque
1778 4502 1979 4560 liberis

328 4595 533 4666 Crispo
565 4597 623 4648 et
651 4589 1057 4656 Constantino,
1093 4590 1229 4646 filiis
1274 4590 1662 4657 Constantini,
1713 4598 1770 4647 et
1822 4594 1975 4649 Lici-

327 4686 504 4741 niano
549 4683 672 4739 filio
719 4681 946 4746 Licinii,
993 4681 1302 4753 adjungit:
1343 4683 1493 4750 Quod
1560 4683 1816 4754 equidem
1880 4688 1976 4741 vix

323 4777 654 4832 diuturnum
683 4789 858 4844 neque
904 4773 990 4826 his
1038 4771 1135 4843 qui
1181 4774 1606 4828 assumebantur
1645 4776 1789 4845 felix
1833 4779 1972 4848 fore,

321 4867 536 4936 defectu
564 4864 696 4920 solis
719 4863 924 4926 fmdalo
953 4861 1153 4916 iisdem
1183 4864 1465 4917 mensibus
1488 4863 1578 4918 die
1605 4867 1971 4934 patefactum.

321 4956 576 5028 Contigit
595 4972 662 5010 ea
681 4953 914 5024 eclipsis
932 4969 1085 5007 anno
1107 4952 1503 5008 veteriChristi
1521 4955 1720 5019 317,20
1743 4956 1974 5012 Decem-

325 5045 470 5101 bris.
506 5046 589 5100 lta
618 5045 788 5100 etiam
845 5060 961 5098 non
1020 5042 1105 5097 ita
1153 5042 1331 5097 veteri
1365 5048 1597 5114 patrum
1633 5051 1971 5102 nostrorum

326 5136 614 5191 memoria
655 5138 970 5191 observant
1013 5133 1303 5189 historica:
1363 5134 1595 5189 Gallicae
1657 5137 1972 5208 scriptores

324 5242 478 5280 anno
509 5225 722 5280 Christi
759 5225 916 5291 1544,
949 5241 1063 5295 quo
1095 5233 1268 5278 natus
1321 5229 1410 5278 est
1468 5225 1812 5281 Franciseus
1870 5233 1970 5284 Se-
2056 5257 2060 5262 ι

319 5316 546 5374 cundus
566 5313 859 5379 Valesius,
893 5317 1100 5384 quarto
1125 5314 1275 5369 703
1321 5318 1452 5385 post
1509 5315 1638 5385 ejus
1695 5317 1972 5372 nativita-

320 5413 436 5462 tem
472 5405 565 5459 die
596 5402 934 5456 horribilem
971 5403 1114 5458 solis
1163 5403 1429 5474 eclipsim
1483 5405 1820 5476 contigisse,
1882 5423 1972 5461 eo-

319 5500 572 5566 demque
604 5508 758 5546 anno
792 5495 910 5545 tres
933 5491 1084 5545 lunae
1117 5493 1379 5564 insignes
1408 5495 1764 5550 defectiones
1792 5495 1966 5566 visas,

318 5600 504 5656 eaque
537 5579 802 5652 prodigia
836 5596 1113 5648 magnum
1163 5582 1397 5637 dedisse
1445 5584 1753 5654 astrologis
1803 5585 1965 5653 judi-

318 5673 494 5730 candi
541 5675 597 5726 et
654 5668 948 5724 scribendi
1003 5675 1440 5740 argumentum.
1525 5672 1685 5728 Unde
1763 5679 1966 5729 natum

318 5761 582 5832 ejusdem
615 5757 896 5831 principis
926 5756 1238 5824 emblcma,
1272 5758 1460 5816 tribus
1490 5759 1595 5816 lilii
1655 5763 1898 5820 ﬂoribus
1937 5780 1967 5819 e

318 5855 474 5905 terra
503 5847 961 5921 emergentibus,
1007 5846 1127 5903 sole
1179 5847 1430 5918 desuper
1473 5853 1528 5904 et
1585 5850 1725 5907 luna
1781 5868 1967 5924 oppo-

2157 648 2270 703 Sed
2307 651 2434 718 jam
2488 659 2724 726 tempus
2775 668 2862 712 est
2919 659 3354 718 demonstrandi
3407 665 3618 736 positis
3680 683 3751 722 ex

2089 741 2212 828 arte
2242 743 2635 799 astronomica
2663 745 2908 803 calculis
2946 765 3125 819 quam
3166 756 3299 823 apte
3356 756 3425 809 ad
3469 755 3526 809 id
3583 757 3745 828 quod

2089 825 2480 886 indicavimus
2537 837 2770 906 tempus
2841 837 3069 894 accidat
3123 840 3281 896 istud
3335 825 3663 900 indicatum
3717 863 3751 902 a

2092 913 2446 988 Pachymere
2477 921 2805 994 deliquium
2830 926 3040 985 solare.

2088 1013 2238 1103 Vlll.
2305 1017 3051 1103 Epilogismui_de[ectt:oni
3123 1028 3255 1103 solis
3333 1045 3452 1101 quae
3521 1032 3752 1103 contigit

2161 1090 2558 1171 ann7o707h7risti
2607 1090 2893 1171 4255,7207
2929 1099 3264 1166 Decembris,
3302 1090 3476 1171 juxta
3530 1090 3750 1159 tabulas

2163 1159 2544 1241 {indoli/binas
2584 1159 2956 1241 subsidiarias
3003 1171 3227 1241 Kepleri
3251 1159 3336 1228 ἀἃ
3381 1174 3754 1232 meridianum

2163 1230 2449 1286 Niccenum
2482 1235 2540 1288 in
2575 1238 2836 1307 Bithynia
2869 1230 3168 1298 revocatus.

2618 1325 2958 1377 Navilunium
2988 1331 3232 1380 medium.

3123 1395 3183 1442 υ.
3314 1395 3358 1444 Η

2320 1447 2622 1513 Decembris
3127 1460 3188 1506 29
3320 1461 3374 1506 15
3507 1462 3564 1510 18
3690 1463 3751 1513 45

2208 1566 2240 1576 77
2389 1509 2625 1574 Tempus
2654 1515 2916 1576 proximas
2945 1518 3286 1582 apogaeitatis
3314 1520 3461 1571 solis.

2095 1567 2250 1646 99.93?
2312 1633 2343 1646 ..
2523 1567 2540 1574 ’
2654 1567 2684 1646 ἶ.
2773 1637 2781 1645 .
2961 1567 2996 1646 ,ἶ
3051 1567 3280 1646 “713m
3319 1567 3460 1633 λῖθ’
3506 1589 3564 1634 58
3693 1591 3754 1638 26

2096 1633 2440 1683 intervallum
2479 1648 2510 1684 a
2540 1637 2821 1687 novilunio
2851 1641 3032 1691 medio
3097 1645 3187 1725 1§5
3318 1649 3377 1725 23
3505 1633 3564 1697 97
3693 1633 3750 1701 41

2097 1761 2274 1825 motus
2290 1758 2586 1825 intervallo
2617 1765 2952 1821 respondens
3128 1719 3190 1819 δέ»
3534 1773 3566 1822 Ο
3692 1776 3754 1825 32

2100 1819 2372 1890 tollendus
2404 1836 2435 1869 a
2465 1819 2826 1890 loco77apogaai
2858 1830 2984 1879 solis
3161 1838 3188 1881 2
3317 1819 3376 1883 20
3507 1819 3564 1886 50
3694 1819 3750 1887 Ῑῆ

2099 1883 2322 1951 primus
2335 1883 2486 1951 locus
2516 1883 2667 1951 solis
2727 1883 2754 1890 ν
3163 1898 3192 1944 9
3323 1901 3380 1947 16
3507 1883 3567 1947 49

2099 1941 2322 2015 [P.7496]
2354 1947 2522 2015 prima
2567 1947 2824 2000 distantia
2865 1953 3096 2006 lumina-

2163 2009 2300 2054 rium
2334 2009 2444 2075 so_l_e
2479 2011 2689 2072 longius
2721 2027 3000 2075 progresso
3161 2022 3188 2066 0
3351 2023 3378 2069 5
3505 2025 3566 2072 32
3693 2028 3751 2075 2O

2385 2070 2619 2134 Tempus
2649 2070 2908 2135 proximae
2933 2081 3271 2189 apogsegatis
3301 2083 3462 2192 lanae.

2095 2204 2125 2259 a
2156 2192 2325 2250 prima
2354 2192 2437 2240 die
2467 2194 2731 2256 Januarii,
2770 2202 2869 2246 etc.
3095 2204 3185 2253 385
3319 2209 3373 2253 18
3503 2210 3560 2258 20
3723 2213 3750 2260 4

2095 2255 2432 2324 intervallum
2463 2272 2491 2304 a
2520 2260 2808 2324 7novilunio
2838 2261 3016 2312 medio
3157 2270 3183 2315 4
3344 2272 3371 2317 4
3500 2273 3560 2320 34
3687 2276 3749 2322 52

2096 2321 2275 2384 motus
2293 2319 2587 2384 intervallo
2616 2324 2951 2384 respondens
3138 2328 3192 2376 S.
3323 2332 3378 2377 (ἰ.

2094 2379 2374 2445 addendus
2469 2444 2475 2445 7
2513 2444 2516 2445 7
2707 2379 2724 2384 “
3158 2395 3186 2440 4
3315 2393 3375 2442 21
3505 2397 3561 2442 l5
3693 2398 3752 2445 39

2096 2440 2242 2512 locus
2273 2444 2481 2512 apogaai
2511 2444 2653 2512 lunas
3157 2457 3184 2501 7
3316 2440 3373 2504 20
3509 2440 3559 2504 vl
3693 2440 3753 2506 i0

2095 2508 2302 2564 primus
2334 2509 2493 2570 locus
2515 2508 2654 2556 lunae
3161 2517 3189 2563 9
3319 2520 3368 2564 11
3509 2521 3564 2566 17
3694 2523 3753 2570 25

2098 2571 2308 2678 ιεῗὲἓὲ
2333 2569 2906 2682 piqsthapibzerestécum
2925 2574 3234 2627 addendum
3257 2579 3535 2630 uovilunio
3557 2569 3754 2640 medio,

2643 2729 2980 2782 Novilum'um
3013 2750 3210 2786 verum.

2349 2853 2656 2903 Decembris
3126 2864 3185 2911 30
3345 2865 3373 2912 3
3533 2869 3562 2915 0
3689 2869 3752 2919 40

2780 2920 3074 2972 Correctio.

3138 2985 3192 3035 S.
3321 2987 3384 3037 G.

2098 3038 2369 3104 secundus
2385 3039 2552 3104 locus
2580 3042 2708 3104 solis
3159 3052 3188 3100 9
3318 3054 3376 3100 16
3506 3055 3566 3103 52
3693 3056 3753 3104 43

2099 3102 2338 3166 secunda
2369 3101 2623 3166 distantia
2656 3104 3004 3157 luniinarium
3508 3101 3566 3164 3i
3698 3101 3754 3166 i8

2099 3164 2231 3228 |7una7
2255 3163 2466 3228 longius
2503 3179 2785 3228 progressa

2103 3227 2238 3272 104
2271 3225 2456 3293 tertius
2487 3225 2638 3293 locus
2670 3229 2800 3278 solis
3166 3239 3194 3284 9
3324 3240 3380 3287 16
3508 3242 3567 3288 49
3697 3244 3754 3293 55

2021 3279 2063 3344 C
2103 3287 2371 3354 secundus
2399 3288 2548 3336 locus
2577 3289 2720 3339 lunae
2823 3353 2828 3354 7
3697 3279 3746 3354 vi

2101 3351 2398 3417 secundum
2416 3355 2639 3417 tempus
2670 3353 3096 3417 prosthaphaare-
3317 3363 3383 3410 ll.

2161 3412 2325 3478 ticum
2357 3412 2685 3478 tollendum'
2896 3412 2910 3417 “
3351 3428 3370 3473 1
3535 3429 3562 3476 3
3691 3432 3754 3478 50

2096 3475 2287 3521 tertius
2310 3475 2634 3540 7locus77lunae
2755 3539 2758 3540 7
3158 3485 3187 3532 9
3316 3489 3374 3536 16
3507 3475 3566 3538 49
3694 3475 3751 3540 55

2097 3539 2358 3603 correctio
2395 3539 2533 3587 tollit
2563 3554 2593 3587 a
2622 3539 2902 3590 novilunio
2932 3556 3061 3593 vero
3351 3553 3371 3597 1
3537 3553 3564 3600 3
3691 3539 3751 3603 50

2097 3601 2330 3662 aequatio
2359 3614 2488 3650 vero
2518 3603 2774 3664 temporis
3533 3617 3562 3664 7
3691 3601 3752 3666 53

2168 3697 2504 3749 Novilunium
2536 3715 2710 3750 verum
2741 3707 3040 3764 correctum,
3068 3709 3116 3755 et
3142 3711 3370 3771 perfecte
3395 3715 3674 3775 aquatum.

3125 3780 3186 3827 D.
3313 3783 3378 3829 H.

2344 3833 2649 3883 Decembris
3313 3816 3330 3829 ⁵
3500 3848 3558 3894 18
3687 3851 3748 3899 58

2217 3897 2448 3958 Tempus
2477 3912 2619 3947 verae
2650 3899 2841 3962 synodi
2871 3901 2926 3948 in
2961 3903 3260 3953 meridiano
3296 3907 3618 3958 tabularum.

2094 4020 2400 4095 Decembris
2429 4021 2514 4071 die
2562 4085 2625 4095 ω
3023 3966 3087 4078 ut.
3181 4032 3241 4080 48
3335 4031 3395 4079 58
3414 4035 3746 4095 postmerid.

2095 4084 2161 4132 ad
2183 4084 2542 4133 meridianum
2562 4085 2840 4137 Nictenum

2155 4147 2326 4209 magis
2354 4147 2670 4196 Orientalem
3062 4157 3080 4201 1
3185 4156 3242 4203 54
3371 4156 3402 4205 Ο

2089 4284 2212 4320 vera
2237 4209 2683 4334 syiigditfisNicaaaa
2875 4278 2933 4324 30
3063 4281 3091 4327 3
3187 4281 3246 4329 22
3344 4284 3401 4330 58

2277 4334 2589 4383 Decembris
2623 4336 2709 4383 die

2637 4433 2796 4481 Locus
2824 4449 2955 4483 verse
2983 4439 3191 4550 synodsi.
3308 4505 3348 4550 G

3150 4567 3177 4614 9
3308 4567 3366 4614 16
3492 4570 3552 4618 39
3681 4573 3742 4621 55

2368 4682 2378 4692 ,
2677 4681 2686 4690 ,
2848 4689 2857 4692 _
3243 4628 3401 4679 Grad.

2334 4689 2450 4745 ejus
2483 4689 2726 4732 ascensio
2753 4689 2898 4733 recta
3275 4693 3365 4738 228
3496 4695 3553 4743 l6
3715 4699 3743 4746 0

2085 4806 2276 4856 Nicaeae
2310 4812 2432 4870 post
2462 4807 2739 4857 meridiem
3490 4817 3553 4867 22
3680 4818 3744 4870 58

2084 4932 2684 5002 quibusleSpoudetin
2715 4935 3023 5002 aequatione
3489 4944 3549 4991 43
3709 4945 3742 4993 0

2082 4992 2254 5061 iisque
2286 4992 2364 5058 [P.
2387 4992 2498 5061 497]
2521 4992 2810 5061 additisad
2842 5012 3024 5046 ascen-

2146 5057 2353 5106 sionem
2385 5057 2582 5106 rectam
2611 5058 2770 5108 modo
2795 5061 3023 5120 positam

2145 5135 2240 5182 pro
2259 5121 2376 5168 loco
2394 5134 2535 5169 verse
2552 5122 2828 5183 synodi,ﬁt
2843 5137 3025 5172 ascen-

2143 5184 2222 5232 sio
2255 5188 2399 5231 recta
2429 5185 2611 5244 puncti
2643 5183 2992 5234 culminantis
3297 5192 3354 5238 G.

2144 5245 2400 5308 eclipticm
2423 5260 2513 5308 seu
2538 5244 2796 5294 nieridimi
2821 5246 3013 5297 Nicaeae
3265 5253 3355 5301 338
3482 5255 3542 5304 59
3705 5260 3733 5306 0

2081 5307 2606 5370 hujus’ascensionis
2628 5315 2883 5370 punctum
2906 5311 3015 5358 cul-

2142 5373 2355 5420 minaus
2375 5372 2487 5420 sive
2518 5370 2774 5421 meridies
2801 5374 2856 5421 in
2887 5375 3016 5422 ecli-
3112 5376 3165 5425 S.
3293 5378 3352 5424 G.

2144 5434 2285 5495 ptica
3108 5441 3156 5486 Η
3322 5440 3350 5485 -ι
3483 5443 3537 5489 15
3670 5444 3732 5492 56

2078 5496 2240 5560 hujus
2260 5497 2443 5558 puncti
2466 5495 2761 5560 declinatio
2775 5497 3023 5560 australis
3327 5504 3355 5550 8
3482 5503 3542 5551 53
3702 5509 3729 5555 0

2077 5558 2260 5607 addita
2288 5558 2573 5606 elevationi
2607 5559 2715 5619 poli
2747 5558 2938 5607 Nicena;
3297 5568 3347 5612 ll
3481 5569 3541 5614 26
3701 5571 3730 5617 0

2079 5621 2169 5668 dat
2184 5623 2490 5669 distantiam
2515 5622 3012 5683 puneticulminan-

2141 5688 2206 5732 tis
2237 5684 2491 5746 eclipticaa
2520 5681 2552 5731 a
2582 5681 2781 5732 vertice
2847 5745 2856 5746 7
3293 5691 3351 5737 50
3487 5692 3538 5738 l9
3701 5695 3728 5741 0

2078 5747 2306 5804 angulus
2337 5745 2586 5808 ecliptieaa
2613 5749 2667 5795 et
2693 5745 2881 5794 merid.
3292 5749 3351 5800 68
3510 5757 3536 5800 7
3696 5754 3729 5804 0

2078 5808 2334 5871 distantia
2405 5810 2588 5871 puncti
2663 5809 3012 5860 culminantis
3107 5811 3160 5860 S.

2139 5870 2418 5935 eclipticae’
2435 5886 2467 5921 a
2494 5885 2626 5922 vera
2653 5871 2861 5935 synodo
3134 5879 3156 5924 1
3285 5876 3345 5926 ιο
3473 5878 3531 5927 25
3663 5881 3719 5929 41
