2036 3194
216 232 287 261 1169

213 295 344 321 distantia
357 295 430 321 lunae
445 302 460 320 a
474 294 573 321 vertice
724 295 760 320 SZ
824 295 855 320 66
933 296 947 320 9

213 327 330 363 angulus
386 327 482 363 parall‘.
818 326 850 351 67

231 358 339 383 arallax.
356 359 489 390 longitud.
913 359 942 382 21
1025 359 1038 382 0

211 365 252 421 ΓΡ,
264 389 320 420 502]
338 390 425 419 (tertia
442 390 573 421 parallax.

242 421 377 452 longitud.

210 452 358 484 (porterior
375 454 494 484 tempore
510 455 584 476 motu

210 482 400 513 (decrescente
411 482 438 508 in
447 484 598 515 quadrante
912 484 942 507 24
1007 484 1036 508 19

210 515 385 547 (occidentali
400 515 529 547 eclipticaa

210 545 364 570 diﬂ'erentia
453 545 460 547 “
927 546 941 569 3
1006 545 1036 570 19

226 577 344 602 tollenda
358 577 391 602 ab
406 577 514 603 horario

225 607 295 633 lunas
310 616 373 634 vero
910 607 939 632 28
1003 607 1033 631 57

207 641 292 665 restat
306 640 432 665 horarius
444 640 516 665 lunae
532 647 665 672 apparens
909 640 938 663 24
1002 640 1032 663 38

504 681 580 706 Unde
597 680 734 712 trianguli.

347 724 363 749 Ζ
383 735 385 737 .

808 791 840 816 G.

615 830 686 879 tit;
707 822 747 878 ρὲ
809 824 840 878 ξῗ
903 822 933 878 ῗὲ
1012 820 1028 877 3

707 885 746 910 CS
809 887 839 910 46
902 887 933 910 56
1012 886 1025 908 0

706 917 745 941 ΝΖ
808 916 839 940 46
902 916 931 940 31
1011 917 1024 940 0

703 947 745 972 NG
809 947 839 972 16
901 949 931 972 23
1011 948 1024 971 0

703 979 745 1004 NS
808 979 838 1004 63
905 979 934 1003 19
1016 977 1031 1002 0

216 1048 448 1095 Νχὲ]
471 1048 487 1071 s

201 1114 331 1141 distantia
344 1115 416 1141 inme
432 1124 448 1142 a
461 1116 563 1142 vertice
710 1117 747 1142 SZ
809 1116 838 1141 7t
904 1116 935 1140 60
1016 1117 1032 1141 0

204 1147 320 1179 angulus
335 1147 353 1179 S
372 1148 466 1179 parall.
812 1148 843 1172 49
906 1148 936 1172 44
1016 1148 1031 1172 0

203 1178 332 1209 parallax.
348 1178 481 1210 longitud.
906 1179 938 1203 36
1015 1179 1031 1203 0

205 1210 301 1242 (tertia
317 1211 411 1241 parall.
428 1211 559 1242 longitud.

205 1241 294 1272 (prior
307 1243 437 1273 tempore,
453 1245 528 1267 motu

221 1275 356 1297 crescente
371 1274 399 1298 in
429 1274 560 1298 uadrante
905 1274 935 1298 24
1000 1273 1029 1298 19

204 1273 379 1333 ἕοεοὶάθῐιιαιί
389 1281 527 1333 θὲίβιίοεε.

204 1312 379 1333 (οεοιαεῐιιωι
389 1312 527 1336 θαιιριιοεε.

203 1334 357 1360 diﬂerentia
906 1337 933 1360 ίί
998 1336 1027 1360 41

204 1366 337 1395 (tollenda
347 1369 379 1391 ab
389 1367 498 1392 horario

202 1397 288 1427 (lnnm
304 1405 367 1422 vero
902 1398 932 1422 27
996 1398 1027 1422 57

201 1430 283 1454 restat
296 1429 423 1453 horarius
438 1429 510 1454 lunae
524 1435 658 1461 apparens
830 1459 837 1461 _
877 1460 881 1461 ν
904 1431 932 1454 Π
998 1429 1028 1455 16

329 1461 346 1485 1
354 1462 369 1484 ί
376 1462 394 1484 ι
412 1461 535 1491 onalogia
543 1459 549 1461 ’
561 1459 570 1461 “
779 1459 901 1491 analogia

303 1494 334 1516 ut
349 1492 390 1521 24,
407 1492 446 1516 58.
463 1493 496 1516 ad
511 1491 573 1516 3600
701 1493 730 1516 ut
744 1491 782 1515 17.
799 1492 837 1516 16.
854 1491 887 1515 ad
901 1491 964 1517 3600

200 1522 381 1555 itarlcrupula
391 1523 487 1548 mediis
498 1523 586 1555 dura-7
654 1523 828 1555 itarscrupula
843 1523 1027 1555 mediaardura-

233 1554 326 1579 tionis'
504 1554 543 1580 30.
576 1554 592 1579 9
684 1554 766 1580 tionis
938 1554 977 1579 30.
1011 1556 1026 1579 9

279 1616 313 1641 ad
329 1617 385 1642 4451
404 1585 467 1641 ι1Ῑ14
486 1616 524 1641 11.
715 1617 746 1641 ad
762 1585 899 1641 62861144
916 1616 947 1641 46

262 1650 370 1680 tempus
383 1647 539 1673 incidentia
680 1650 788 1680 tempus
803 1649 963 1673 emersionis

457 1687 526 1712 Tota
537 1687 647 1720 Vduratio
661 1688 768 1720 eclipsis

524 1719 554 1744 Η.
570 1721 594 1745 2⁵
609 1721 648 1745 58.
665 1722 704 1745 57.

231 1760 259 1784 in
277 1759 428 1784 meridiano
444 1759 507 1783 dato
612 1759 654 1785 lin
665 1761 814 1785 meridiano
823 1760 931 1785 Nicasno

230 1791 336 1816 duabus
349 1791 423 1815 horis
436 1792 499 1815 ante
513 1789 600 1815 Nice-
611 1789 732 1816 Iduabus
741 1792 814 1816 horis
820 1791 933 1815 redditis

230 1829 295 1847 num
310 1821 368 1847 visa
384 1822 504 1854 synodus
523 1828 600 1854 accu-
611 1821 746 1854 [medium
757 1822 801 1847 die
815 1823 854 1851 30,
867 1823 934 1847 hora

229 1856 287 1878 rata
316 1853 372 1878 sive
398 1852 509 1884 eclipsis
536 1852 620 1884 viseal
950 1853 979 1877 18
1012 1854 1025 1877 8

229 1884 361 1909 medium.

197 1916 351 1941 Decembris
382 1916 425 1941 die
455 1915 500 1944 30,
532 1914 600 1940 hora

491 1947 552 1971 2.16
586 1946 732 1972 8linitium
819 1947 886 1972 hora
917 1946 932 1971 3
966 1948 977 1970 1
997 1947 1025 1971 51

227 1978 290 2003 tolle
305 1986 353 2010 pro
370 1978 491 2004 inciden-

227 2010 264 2034 tia
306 2009 313 2010 ί
490 2009 597 2033 11411

196 2041 304 2066 initium
314 2041 357 2065 die
367 2040 503 2069 30,horat
540 2042 548 2065 1
569 2039 619 2069 571
688 2040 749 2065 ﬁnis
803 2040 871 2066 hora
919 2042 933 2066 6
965 2039 981 2065 0
997 2041 1027 2065 54

230 2072 299 2097 adde
318 2079 368 2104 pro
388 2079 473 2097 emer-

230 2104 305 2128 sione
491 2105 500 2127 1
521 2104 551 2129 44
570 2103 601 2127 46

228 2104 305 2128 sione

197 2134 259 2159 ﬁnis
270 2135 314 2160 die
329 2136 368 2163 30,
379 2135 446 2159 hora
491 2136 506 2159 4
540 2137 553 2160 0
570 2135 600 2159 54

231 2169 291 2197 post
307 2165 459 2191 meridiem.

434 2205 473 2238 [P
488 2204 555 2262 503g
570 2205 653 2237 Typu:
666 2206 792 2243 eclipreoa

557 2239 692 2262 ententrio

557 2239 692 2268 eptentrio

674 2137 734 2167 post
750 2134 900 2160 meridiem.

268 2414 450 2424 Α...

286 2334 288 2338 ’
556 2333 557 2357 ξ
577 2334 587 2352 ii
604 2331 621 2357 [ἕ
672 2354 673 2359 η
687 2355 688 2358 η

286 2414 451 2445 7’72:
465 2404 742 2447 ":‘:1:Lc.;;*7‘;.-
819 2439 846 2443 _.
885 2438 887 2440 τ

310 2461 331 2484 IS
350 2457 369 2481 ti
511 2441 689 2486 ικῗῒίίιῖἷηιδῖίθ·
707 2467 711 2482 r
838 2453 857 2478 (ἶ
879 2452 897 2476 Ω

297 2487 385 2511 (lncus
484 2518 489 2522 _
498 2483 527 2521 "Lf!
809 2487 927 2510 Occidens

286 2542 347 2565 an
373 2560 376 2561 ν
504 2521 564 2571 uti"
578 2521 629 2564 Ἐλέέῖ
813 2549 908 2565 ,Ἰν

512 2574 595 2604 “ltili
619 2578 636 2605 μ
657 2571 680 2592 ηῗ“¹

223 2439 257 2519 \\
310 2461 331 2484 ῖς
350 2457 369 2481 υ

297 2487 369 2511 (lucu

297 2487 385 2511 Uncus

254 2522 376 2565 ,κω

425 2662 449 2686 Η
545 2631 671 2657 Meridies
889 2665 910 2690 Η

227 2692 341 2717 emersio
356 2693 398 2718 BD
432 2695 441 2718 1
476 2694 506 2719 44
539 2694 571 2718 46
654 2694 801 2721 incidentia
818 2696 860 2721 BC
894 2698 906 2721 1
941 2697 954 2721 4
990 2697 1017 2721 11

435 2734 561 2760 Probatio
575 2742 624 2767 per
637 2735 778 2767 quadrata.

727 2776 803 2809 radix
856 2777 1017 2809 qualratum

769 2808 830 2833 1848
866 2808 986 2834 ⁷3415104

784 2841 830 2865 349
896 2841 985 2866 143641

771 2901 830 2926 1809
879 2902 985 2927 3271463

629 2932 707 2963 cujus
722 2933 796 2957 radix
811 2935 851 2958 est
867 2933 906 2959 30.
941 2936 955 2959 9

193 2959 266 2986 idem
280 2967 362 2993 supra
376 2962 520 2993 probatum
533 2969 582 2995 per
596 2959 771 2995 logarithmos
786 2965 814 2989 in
830 2964 977 2990 doretione.

194 2803 239 2829 AC
253 2810 357 2829 summa
371 2804 485 2830 semidd.
581 2805 611 2831 30
675 2807 705 2831 48

193 2836 235 2861 ΑΒ
249 2842 327 2860 arcus
342 2836 413 2861 inter
427 2839 520 2862 centra
596 2837 612 2862 6
677 2840 704 2863 t9

195 2866 255 2892 tolle
271 2866 360 2899 minus
373 2867 534 2899 quadratum

225 2904 241 2922 a
255 2898 350 2930 majori
365 2901 447 2924 restat

920 233 1232 261 CHRONOLOGICUF.

1859 234 1929 261 1170

1026 295 1042 334 ρ
1057 296 1083 328 Α
1136 296 1210 324 713
1226 296 1258 323 X.
1277 297 1316 325 Ex
1331 297 1507 334 epilogismo
1529 297 1617 333 hujus
1633 296 1753 332 eclipsis
1766 298 1826 325 tam
1842 305 1927 324 accu-

1093 342 1154 367 rate
1183 343 1211 368 et
1234 350 1285 377 per
1304 342 1423 378 singula
1453 342 1543 378 quasi
1560 344 1713 369 momenta
1741 341 1925 374 examinate,

1092 385 1282 413 manifestum
1300 389 1345 414 est
1360 395 1424 414 eam
1437 387 1531 422 ipsam
1544 395 1609 414 esse
1623 394 1713 422 quam
1726 385 1921 421 Pachymeres

1090 429 1267 466 designavit,
1284 433 1313 458 et
1323 432 1387 467 jam
1404 436 1503 467 patere
1519 440 1622 459 omnes
1640 431 1706 457 illas
1723 430 1921 457 circumstan-

1089 474 1156 507 tias,
1174 483 1237 510 quas
1264 476 1292 503 in
1322 477 1386 511 ejus
1412 476 1610 511 descriptione
1637 476 1771 503 obscuras
1787 475 1861 502 adeo
1886 477 1916 502 et

1089 518 1403 555 incomprehensibiles
1417 521 1602 549 videbantur.

1126 585 1158 613 In
1190 585 1293 621 primis
1322 587 1402 614 enim
1433 589 1544 614 certum
1563 589 1606 614 est
1622 595 1686 614 eam
1702 586 1808 614 factam
1836 593 1914 613 anno

1091 630 1197 658 Christi
1213 631 1292 664 1255,
1308 631 1418 659 mensis
1447 631 1616 659 Decembris
1631 631 1678 659 die
1701 631 1747 664 30,
1778 630 1913 666 proinde-

1091 683 1148 711 que
1162 683 1219 702 non
1237 676 1384 711 pertinere
1405 676 1440 704 ad
1457 676 1603 704 Theodori
1625 675 1757 704 Lascaris
1791 675 1918 707 obitum,

1094 720 1144 755 qui
1159 728 1259 748 mense
1274 720 1407 756 Augusto
1428 720 1506 748 circa
1534 723 1711 748 autumnum
1740 727 1817 747 anno
1833 718 1918 746 Chri-

1089 765 1126 792 sti
1146 764 1217 792 1259
1232 765 1364 801 contigit,
1382 766 1433 793 sed
1449 766 1484 793 ad
1500 766 1565 800 eius
1581 765 1742 793 solemnem
1758 764 1917 800 inaugura-

1080 809 1190 837 tionem
1208 812 1258 837 aut
1273 810 1503 846 coronationem,
1520 818 1584 846 quas
1599 810 1676 837 facta
1691 811 1736 837 est
1749 809 1804 837 sub
1822 808 1911 836 tinem

1081 854 1149 882 anni
1166 854 1245 883 1255.

1114 916 1202 944 Facta
1217 919 1261 944 est
1276 917 1379 945 Nicaeae
1394 918 1424 945 in
1446 917 1583 954 Bithynia
1600 918 1678 944 circa
1693 917 1799 944 horam
1817 925 1833 944 a
1851 925 1915 945 me-

1046 970 1070 1002 B
1085 961 1159 989 ridie
1171 961 1298 995 tertiam,
1315 964 1344 989 et
1358 970 1504 997 apparens
1514 963 1578 996 ejus
1593 961 1711 989 initium
1723 969 1780 988 non
1796 961 1914 989 duabus

1086 1005 1211 1041 integris
1242 1006 1365 1033 minutis
1394 1006 1497 1034 horam
1526 1006 1644 1034 tertiam
1670 1008 1912 1041 praetergressum

1085 1052 1138 1077 est.
1167 1050 1255 1077 Facta
1283 1053 1328 1077 est
1343 1051 1399 1078 sub
1429 1051 1516 1078 ﬁnem
1529 1050 1586 1078 diei
1602 1053 1690 1078 sextas
1707 1053 1774 1086 post
1789 1059 1912 1078 corona-

1083 1094 1192 1122 tionem
1214 1094 1368 1122 Theodori.
1398 1095 1438 1122 Ex
1464 1095 1634 1130 conjectura
1663 1095 1742 1122 enim
1769 1093 1913 1130 probabili

1084 1147 1172 1175 supra
1189 1148 1204 1166 a
1219 1139 1306 1167 nobis
1321 1140 1454 1175 exposita
1478 1139 1652 1167 Theodorus
1689 1141 1735 1167 est
1758 1142 1915 1166 coronatus

1083 1183 1243 1219 imperator
1262 1184 1327 1219 ipso
1356 1184 1403 1211 die
1429 1183 1523 1211 natali
1551 1183 1660 1211 Christi
1690 1183 1815 1216 Domini,
1833 1186 1913 1211 utex

1084 1228 1199 1263 gemina
1213 1228 1382 1256 celebritate
1397 1228 1459 1256 dies
1475 1228 1569 1263 magis
1584 1228 1726 1256 solemnis
1749 1230 1886 1263 ageretur
1904 1236 1911 1261 ;

1082 1276 1109 1299 et
1125 1274 1190 1306 post
1206 1272 1269 1300 dies
1284 1281 1335 1300 sex
1351 1273 1462 1300 mensis
1475 1273 1644 1300 Decembris
1658 1273 1693 1299 30
1702 1273 1777 1300 facta
1793 1271 1911 1308 eclipsis

1081 1316 1190 1344 idcirco
1207 1317 1316 1344 dicitur
1340 1318 1376 1344 ab
1405 1317 1545 1345 historico
1561 1317 1597 1344 de
1622 1319 1703 1345 sexta
1728 1316 1908 1352 contigisse:

1081 1369 1176 1397 neque
1191 1361 1269 1389 enim
1285 1361 1362 1389 alius
1377 1363 1499 1398 apparet
1514 1362 1587 1394 dies,
1605 1361 1653 1396 qui
1679 1363 1779 1389 sextus
1806 1361 1907 1389 haberi

1081 1407 1173 1442 possit
1187 1405 1232 1433 vel
1249 1405 1360 1434 mensis
1388 1406 1433 1433 vel
1449 1406 1651 1440 hebdomadas,
1665 1405 1906 1441 quandoquidem

1079 1450 1156 1478 facta
1168 1452 1212 1478 est
1222 1451 1341 1486 eclipsis
1358 1450 1405 1478 die
1421 1451 1528 1486 quinto
1549 1450 1751 1482 hebdomadas,
1768 1458 1801 1477 eo
1830 1458 1908 1477 anno

1079 1494 1158 1530 cyclo
1173 1495 1246 1523 solis
1260 1495 1287 1528 4,
1301 1494 1397 1523 liltera
1415 1494 1590 1523 Dominicali
1606 1495 1636 1523 Ο.
1657 1495 1739 1522 Adde
1754 1495 1835 1530 quod
1854 1496 1909 1521 Pa-

1080 1540 1233 1575 chymeres
1244 1540 1321 1567 diem
1337 1539 1459 1567 Veneris
1475 1548 1532 1568 non
1547 1537 1628 1574 ἕκτην
1651 1537 1769 1576 ἡμέραν,
1791 1540 1842 1567 sed
1857 1548 1910 1565 πα-

1078 1583 1225 1621 ρασκευὴν.
1243 1584 1390 1620 appellare
1406 1584 1510 1612 solitus
1527 1586 1580 1612 est.

1043 1648 1065 1681 (ἶ
1121 1661 1268 1689 Tenebras
1279 1662 1377 1689 autem
1392 1661 1434 1689 ita
1450 1661 1611 1697 profundas
1623 1662 1656 1688 ut
1670 1660 1909 1688 suaobscuritate

1079 1705 1179 1733 omnia
1194 1708 1326 1741 tegerent
1342 1708 1370 1734 et
1382 1705 1485 1734 stellas
1501 1705 1529 1733 in
1546 1705 1617 1733 ccelo
1647 1705 1822 1741 conspicuas
1839 1705 1908 1732 red-

1079 1750 1191 1783 derent,
1220 1749 1289 1778 fecit
1319 1759 1375 1778 non
1407 1752 1466 1778 tam
1491 1749 1663 1785 magnitudo
1693 1748 1822 1785 eclipsis,
1838 1757 1902 1785 quze

1079 1794 1187 1830 digitos
1216 1794 1316 1822 decem
1346 1803 1405 1823 non
1439 1794 1546 1830 attigit,
1564 1802 1653 1829 quam
1671 1795 1789 1829 tempus
1806 1801 1903 1821 serum

1079 1847 1137 1874 quo
1154 1838 1231 1866 facta
1246 1840 1300 1873 est,
1317 1847 1424 1875 nempe
1446 1839 1524 1866 circa
1552 1838 1624 1866 solis
1652 1846 1809 1866 occasum:
1827 1846 1904 1865 acce-

1080 1883 1167 1910 dente
1180 1883 1257 1910 enim
1275 1884 1312 1911 ad
1324 1884 1434 1911 diurnae
1450 1884 1525 1911 lucis
1536 1883 1774 1911 imminutionem
1792 1882 1853 1911 sole
1869 1883 1905 1910 ad

1079 1926 1260 1955 horizontem
1272 1928 1538 1963 appropinquante,
1552 1928 1665 1955 defectu
1683 1927 1805 1955 luminis
1830 1927 1906 1955 sola-

1080 1971 1120 1999 ris
1136 1974 1165 1999 et
1179 1971 1255 1999 lunae
1270 1971 1505 2008 interpositione,
1522 1972 1602 1999 circa
1617 1972 1689 2000 solis
1714 1980 1865 2005 occasum,
1876 1974 1905 2000 et

1080 2018 1141 2043 toto
1161 2017 1292 2051 tempore
1308 2016 1438 2044 consueti
1457 2016 1632 2052 crepusculi,
1659 2016 1722 2044 visa
1748 2019 1793 2044 est
1816 2017 1905 2044 etiam

1081 2060 1227 2097 profunda
1243 2069 1298 2088 nox
1313 2060 1355 2096 [P.
1371 2061 1436 2096 504]
1452 2060 1606 2088 advenisse
1622 2062 1651 2088 et
1662 2061 1828 2088 obscuritas
1845 2069 1913 2088 om-

1082 2106 1131 2133 nia
1153 2108 1251 2141 tegere
1275 2114 1342 2133 cum
1367 2105 1447 2133 clara
1480 2105 1631 2132 stellarum
1659 2105 1911 2139 manifestatione,

1083 2151 1159 2186 quod
1185 2150 1282 2186 ipsum
1310 2150 1520 2187 Pachymerius
1552 2150 1649 2178 innuit
1677 2158 1744 2177 cum
1761 2150 1802 2178 ait
1817 2150 1910 2178 solem

1082 2196 1158 2223 circa
1172 2195 1277 2223 horam
1289 2196 1409 2223 tertiam
1426 2195 1484 2223 diei
1501 2197 1588 2223 sextae
1603 2203 1655 2231 per
1676 2195 1778 2222 horam
1805 2195 1911 2223 obscu-

1082 2242 1193 2268 ratum.

1119 2311 1201 2340 Unde
1213 2312 1299 2348 vulgo
1310 2312 1513 2340 existimatum
1529 2314 1574 2340 est
1588 2311 1721 2347 eclipsim
1738 2319 1790 2346 per
1804 2311 1907 2339 horam

1080 2356 1227 2384 duntaxat
1242 2357 1376 2389 durasse,
1390 2357 1460 2392 quia
1475 2356 1593 2384 nonnisi
1610 2364 1662 2392 per
1678 2356 1780 2384 horam
1804 2356 1905 2384 Nicaea:

1078 2399 1140 2428 visa
1155 2403 1209 2434 est,
1228 2401 1366 2429 inchoata
1377 2401 1599 2436 circaZtertiam,
1620 2403 1649 2428 et
1668 2400 1729 2428 sole
1755 2400 1906 2429 occidente

1078 2445 1166 2480 paulo
1183 2448 1250 2473 ante
1266 2448 1401 2481 quartam
1415 2445 1444 2473 in
1461 2445 1609 2473 horizonte
1629 2444 1758 2478 Nicaano,
1773 2445 1823 2472 ubi
1848 2445 1905 2472 mi-

1078 2490 1178 2517 nimus
1194 2498 1279 2518 arcus
1292 2491 1417 2517 diurnus
1434 2498 1491 2517 non
1519 2489 1643 2517 multum
1674 2489 1785 2517 excedit
1815 2490 1904 2518 horas

1077 2535 1142 2561 octo
1159 2534 1236 2562 circa
1252 2534 1414 2562 solstitium
1435 2534 1580 2567 brumale,
1593 2533 1652 2569 poli
1667 2534 1824 2562 altitudine
1852 2543 1902 2562 su-

1076 2586 1131 2614 pra
1144 2578 1327 2607 horizontem
1343 2579 1490 2615 graduum
1509 2578 1705 2614 quadraginta
1729 2579 1819 2607 unius
1834 2588 1902 2608 cum

1077 2622 1211 2657 dimidio,
1228 2623 1331 2651 eadem
1347 2631 1435 2659 prope
1451 2630 1519 2651 cum
1536 2623 1680 2650 Romana.

1111 2694 1147 2722 Et
1162 2694 1298 2730 quamvis
1314 2694 1369 2722 alio
1394 2694 1557 2722 meridiano
1574 2702 1664 2729 quam
1689 2694 1807 2722 Nicmno
1831 2703 1903 2723 usus

1074 2738 1131 2766 sim
1148 2739 1183 2766 ad
1201 2738 1296 2774 magis
1310 2738 1454 2774 integram
1470 2741 1499 2766 et
1514 2741 1648 2767 exactam
1677 2739 1793 2774 eclipsis
1821 2739 1903 2767 inve-

1073 2783 1274 2819 stigationem,
1286 2783 1420 2811 calculus
1439 2785 1539 2811 tamen
1557 2784 1660 2812 eodem
1688 2791 1778 2818 prope
1806 2784 1900 2818 redit;

1073 2836 1126 2855 nee
1141 2828 1305 2855 descrimen
1323 2827 1409 2856 illum
1421 2828 1552 2857 notabile
1568 2827 1680 2856 invehit
1709 2827 1780 2855 levis
1801 2827 1901 2864 aliqua

1073 2872 1197 2900 mutatio
1213 2871 1378 2901 latitudinis
1393 2872 1483 2906 lunae,
1499 2875 1531 2901 ut
1562 2881 1656 2909 neque
1675 2871 1830 2907 pnrallaxis
1847 2874 1900 2900 aut

1072 2917 1256 2945 refractionis
1271 2917 1299 2944 in
1316 2918 1457 2945 distantia
1483 2919 1519 2945 ab
1537 2917 1695 2945 horizonie.
1713 2917 1807 2948 Quare
1823 2917 1896 2945 satis

1071 2961 1209 2990 convenit
1235 2962 1377 2996 reductio,
1398 2970 1488 2997 quam
1514 2962 1637 2990 adhibui
1654 2960 1723 2989 dati'
1740 2962 1898 2989 meridiani
