4072 6388
242 344 376 399 1171

1288 349 1352 399 Ρ.
1393 343 1669 398 POSSINI
1708 342 2319 402 OBSERVATIONUM
2357 350 2488 403 LIB.
2533 351 2629 404 III.

3522 346 3665 402 1172

245 471 318 525 ad
373 468 698 536 Niczenum,
734 473 797 523 ut
844 468 1206 540 intelligatur
1265 468 1457 537 qualis
1518 473 1639 522 tota
1696 466 1898 521 Nicaaae
1926 469 1981 535 Α
2014 470 2256 526 minime
2284 474 2649 529 fortunatum
2683 474 3078 545 portendisse,
3112 489 3245 528 cum
3279 471 3443 529 dixit.
3488 516 3504 543 ,
3535 470 3565 525 ὃ
3596 467 3666 539 δὴ

248 559 463 631 partim
496 559 619 613 visa
642 559 853 630 partim
891 558 1078 613 latens
1109 558 1416 613 exstiterit.

324 678 476 732 714
507 677 607 731 ΧΙ.
642 677 923 731 Caeterum
959 682 1023 730 ut
1082 674 1226 727 nihil
1282 674 1489 727 merito
1541 673 1906 727 desideretur

250 766 319 821 ad
355 767 670 837 perfectam
705 782 907 820 eorum
941 781 1063 833 qua;
1096 765 1163 817 ad
1202 762 1355 817 hanc
1405 762 1672 832 eclipsim
1728 762 1902 833 perti-

248 864 390 911 nent
419 856 895 925 intelligentiam,
946 859 1131 909 restat
1182 853 1713 908 demonstrandum
1773 850 1905 905 nul-

248 945 374 999 lum
408 946 589 1000 alium
639 944 783 999 solis
834 944 1127 998 defectum
1162 943 1318 997 circa
1347 941 1575 997 obitum
1619 939 1906 995 Theodori

253 1034 599 1105 contigisse,
654 1034 749 1087 cui
802 1031 1180 1102 Pachymeris
1232 1031 1549 1102 descriptio
1600 1028 1907 1085 convenire

256 1123 462 1196 possit.
497 1122 566 1177 Et
597 1122 705 1177 hoc
740 1122 977 1193 quidem
1014 1124 1097 1176 sic
1130 1121 1593 1177 demonstratur.

328 1241 563 1295 Certum
582 1245 671 1294 est
704 1256 773 1293 ex
802 1238 1033 1311 legibus
1066 1237 1479 1294 astronomicis
1514 1253 1665 1292 anno
1696 1233 1910 1291 Christi

259 1329 418 1395 1259,
445 1346 558 1400 quo
590 1328 934 1383 Theodorus
957 1329 1111 1384 diem
1142 1326 1375 1396 clausit,
1397 1331 1723 1381 extremum
1752 1340 1911 1380 men-

255 1436 316 1474 se
349 1422 611 1488 Augusto
642 1418 1011 1473 novilunium
1050 1422 1170 1473 tam
1206 1418 1467 1472 medium
1504 1432 1679 1487 quam
1710 1430 1909 1469 verum

255 1508 573 1579 contigisse
596 1512 763 1563 nocte
786 1507 981 1562 media
1009 1506 1165 1561 inter
1183 1506 1485 1561 decimum
1504 1521 1726 1559 nonum
1746 1507 1803 1558 et
1830 1502 1911 1556 vi-

255 1598 541 1652 cesimum
558 1598 710 1651 diem
726 1597 992 1666 ejusdem
1010 1596 1266 1663 mensis;
1292 1600 1348 1649 et
1362 1592 1631 1665 quamvis
1655 1591 1910 1646 interdiu

257 1686 597 1752 exstitisset,
629 1685 965 1756 eclipticum
998 1690 1193 1738 tamen
1211 1702 1327 1738 non
1361 1684 1594 1749 luisset,
1628 1681 1767 1751 quia
1790 1696 1910 1735 me-

260 1778 394 1832 dius
427 1786 623 1832 motus
672 1776 1003 1831 latitudinis
1037 1774 1189 1829 lunae
1220 1774 1372 1845 sign.
1405 1774 1438 1825 3
1467 1773 1533 1827 G.
1571 1774 1654 1839 11,
1688 1773 1780 1840 36,
1819 1771 1913 1839 51,

263 1866 609 1939 longissime
639 1865 926 1921 terminos
959 1864 1260 1936 eclipticos
1294 1861 1792 1934 praetergreditur.

333 1985 575 2040 Constat
605 1999 841 2054 quoque
863 1982 1037 2052 juxta
1064 1982 1301 2036 easdem
1344 1978 1501 2050 leges
1529 1977 1689 2033 aliud
1748 1975 1908 2032 novi-

266 2072 496 2128 lunium
529 2071 863 2143 eclipticum
888 2072 1093 2128 eodem
1127 2086 1281 2125 anno
1312 2074 1447 2123 ante
1478 2083 1741 2123 mensem
1783 2068 1909 2120 Au-

264 2167 502 2235 gustum
536 2160 884 2217 etTheodori
906 2164 1157 2216 mortem
1190 2158 1420 2213 nullum
1444 2155 1740 2211 exstitisse
1767 2171 1912 2226 prae-

260 2257 530 2323 terquam
578 2251 640 2307 in
685 2266 887 2306 mense
924 2248 1107 2320 Aprili
1138 2248 1231 2302 die
1258 2248 1351 2313 23,
1386 2246 1580 2301 medio
1612 2248 1773 2299 motu
1822 2242 1913 2297 la-

259 2340 714 2397 titudinislunaa
738 2341 797 2395 S.
830 2338 896 2394 Ο.
935 2338 1002 2394 G.
1038 2339 1128 2405 15,
1179 2338 1231 2403 4,
1278 2338 1371 2405 22,
1424 2336 1581 2389 intra
1629 2333 1914 2388 terminos

260 2431 595 2503 possibiles.
655 2429 821 2494 Quod
873 2428 1051 2483 etiam
1106 2427 1242 2499 quia
1300 2426 1505 2480 Nicaeae
1551 2422 1724 2494 paulo
1782 2426 1915 2476 ante

259 2519 513 2576 mediam
570 2522 801 2574 noctem
852 2516 1215 2573 celebratum
1267 2520 1377 2582 est,
1440 2512 1579 2567 solis
1625 2512 1916 2566 defectum

257 2607 555 2665 visibilem
609 2624 727 2663 non
783 2605 1068 2662 exhibuit.
1132 2603 1525 2669 Quamobrem
1588 2599 1788 2655 nullus
1851 2616 1918 2655 eo

262 2715 415 2755 anno
443 2696 588 2754 solis
620 2697 887 2752 defectus
918 2701 1091 2767 aptus
1107 2694 1217 2749 fuit
1250 2694 1321 2749 ad
1343 2690 1795 2762 signiﬁcandam
1820 2693 1923 2743 aut

265 2787 655 2842 nuntiandam
707 2785 997 2840 Theodori
1047 2788 1296 2839 mortem
1331 2799 1344 2835 :
1399 2780 1586 2836 multo
1620 2779 1837 2845 minus,
1871 2778 1923 2832 si

266 2878 401 2948 quis
431 2875 741 2947 contigerit
761 2874 935 2929 annis
966 2872 1394 2944 superioribus,
1424 2868 1536 2924 nisi
1559 2868 1608 2923 is
1636 2868 1925 2921 duntaxat

268 2966 371 3037 qui
406 2966 466 3020 in
500 2965 667 3020 aditu
697 2965 829 3034 ejus
860 2962 1093 3034 imperii
1126 2980 1160 3017 a
1188 2961 1545 3032 Pachymere
1574 2960 1924 3027 assumptus

268 3061 327 3112 et
385 3061 502 3111 tam
557 3054 888 3110 horrendus
940 3053 1291 3124 designatus
1345 3056 1454 3121 est,
1487 3048 1584 3121 qui
1616 3046 1924 3102 etanobis

268 3146 367 3201 hic
400 3144 525 3201 suis
557 3144 734 3200 certis
757 3144 1199 3199 characteribus
1232 3140 1550 3214 insignitus
1579 3136 1717 3193 etad
1744 3136 1921 3192 tinem

271 3234 409 3290 anni
437 3237 572 3306 post
602 3233 901 3290 Christum
936 3233 1077 3288 1255
1109 3233 1359 3305 positus.

334 3352 421 3408 Ad
455 3350 626 3423 cujus
648 3349 1040 3422 chronologias
1092 3347 1598 3403 conﬁrmationem
1653 3348 1780 3399 tuto
1834 3356 1927 3395 re-

267 3442 400 3498 ferri
448 3444 700 3513 possunt
731 3439 855 3494 alia:
877 3440 1006 3494 dure
1056 3438 1210 3508 apud
1259 3435 1656 3507 Nicephorum
1706 3433 1926 3500 Grego-

270 3546 394 3585 ram
425 3530 465 3585 l.
501 3547 558 3584 1x
587 3528 727 3584 Ηίἐι.
762 3544 811 3581 c.
848 3526 1058 3581 ultimo
1114 3524 1435 3579 observata;
1486 3521 1734 3592 eclipses
1774 3518 1930 3574 circa

268 3623 515 3674 mortem
566 3615 889 3671 Andronici
938 3612 1213 3682 senioris,
1264 3613 1451 3667 altera
1498 3610 1649 3665 lunm
1705 3625 1770 3663 eo
1798 3607 1928 3678 ipso

271 3709 364 3765 die
416 3722 531 3777 quo
580 3720 715 3759 eum
766 3703 916 3758 mori
965 3702 1235 3773 contigit,
1280 3700 1348 3756 12
1412 3698 1712 3756 Februarii
1774 3714 1928 3753 anno

273 3794 485 3851 Christi
510 3794 674 3865 1332,
734 3792 919 3848 altera
964 3790 1129 3857 solis,
1163 3809 1291 3865 qua;
1322 3795 1409 3847 tot
1436 3789 1643 3846 diebus
1678 3790 1928 3843 mortem

272 3881 645 3956 imperatoris
694 3880 1016 3953 praecessit,
1067 3886 1212 3951 quot
1262 3882 1389 3952 ipse
1448 3880 1621 3935 annis
1672 3879 1733 3933 in
1782 3875 1931 3931 vivis

276 3977 482 4031 fuerat.
516 3971 928 4041 Ἐπισκὸτησις,
975 3969 1407 4043 ἱι](]ι]ἰῖ,ἡλιακή
1466 3967 1730 4026 τοσαύτας
1786 3963 1931 4036 ἡμὲ-

273 4085 370 4140 ρας
418 4062 791 4140 προειληφυῖα
846 4062 943 4131 τὴν
1001 4060 1165 4115 αὐτοῦ
1214 4060 1494 4128 τελευτὴν,
1560 4058 1659 4113 ὅσα
1689 4057 1777 4111 καὶ
1830 4055 1933 4107 αὖ·

272 4154 365 4215 τὸς
431 4153 497 4222 ἧν
548 4148 641 4222 ἔτη
700 4151 767 4206 τὰ
812 4150 988 4205 πάντα
1039 4145 1323 4225 βεϐιωκώς
1368 4152 1504 4208 Dies
1565 4144 1929 4221 agnoscendi

274 4249 416 4303 sunt
442 4246 555 4299 74:
602 4243 849 4299 totidem
899 4241 1057 4298 enim
1102 4241 1473 4296 Andronicus
1524 4255 1712 4295 annos
1767 4233 1932 4304 vixit,

275 4336 375 4409 qui
404 4336 474 4391 50
506 4333 623 4389 fere
657 4331 1344 4405 rcgnavit.Septuaginta
1366 4334 1565 4385 autem
1590 4334 1646 4384 et
1677 4328 1935 4398 quatuor

275 4425 401 4482 dies
436 4425 589 4479 inter
620 4422 752 4477 illas
779 4421 1028 4492 eclipses
1073 4420 1577 4475 intercesserunt:
1610 4433 1744 4473 nam
1791 4411 1933 4468 solis

276 4513 522 4587 quidem
556 4513 711 4567 facta
760 4514 852 4566 est
880 4511 951 4564 30
1007 4510 1101 4563 die
1137 4509 1484 4565 Novembris
1535 4524 1688 4563 anno
1719 4499 1933 4559 Christi

294 4562 429 4660 1331
463 4605 523 4659 in
556 4602 881 4671 novilunio,
934 4600 1092 4671 quod
1136 4562 1573 4665 tunc-exstitit,
1622 4596 1774 4651 lunae
1800 4600 1939 4649 vero
1968 4567 2017 4629 Β
2049 4562 2245 4637 generi

280 4695 341 4749 in
370 4692 718 4767 plenilunio,
753 4691 911 4761 quod
943 4687 1191 4760 contigit
1221 4704 1373 4743 anno
1404 4691 1687 4757 sequente
1719 4686 1788 4739 12
1826 4684 1930 4740 Fe-

282 4783 530 4841 bruarii.
571 4784 645 4839 Et
692 4781 775 4836 ita
812 4796 915 4836 eas
971 4776 1185 4833 tabulas
1228 4781 1441 4833 nostra:
1487 4778 1928 4847 repraesentant.

283 4878 352 4929 Et
397 4871 685 4929 Calvisius
730 4870 790 4926 in
835 4865 1227 4939 Chronologia
1277 4882 1430 4921 anno
1461 4864 1673 4921 Christi
1708 4864 1841 4919 1331
1876 4866 1935 4918 et

288 4964 427 5019 1332
484 4963 738 5034 priorem
798 4960 1071 5015 observat
1124 4957 1193 5011 30
1248 4956 1594 5013 Novembris
1652 4956 1747 5012 die
1785 4958 1931 5014 festo

284 5053 344 5107 S.
378 5054 635 5121 Andreas,
668 5054 725 5106 et
750 5052 885 5123 post
915 5048 1040 5103 dies
1066 5047 1137 5101 74
1185 5050 1452 5101 secutam
1499 5046 1581 5101 ait
1621 5047 1929 5103 Andronici

282 5145 531 5197 mortem
558 5141 652 5195 die
676 5142 746 5194 12
779 5136 1105 5205 Februarii,
1151 5134 1316 5191 nulla
1346 5136 1647 5192 mentione
1694 5136 1931 5208 eclipsis

278 5232 430 5287 lunae
491 5230 715 5296 habita,
778 5246 913 5284 cum
968 5232 1166 5283 tamen
1207 5225 1601 5296 Nicephorum
1630 5232 1928 5283 auctorem

279 5322 499 5387 laudet,
525 5319 626 5390 qui
660 5317 969 5387 utriusque
1001 5317 1219 5371 diserte
1237 5315 1583 5370 meminitet
1615 5321 1930 5389 utramque

280 5410 443 5483 ponit
490 5409 643 5463 inter
705 5408 872 5477 signa
919 5409 1169 5461 mortem
1224 5406 1597 5476 imperatoris
1645 5405 1927 5460 divinitus

280 5496 761 5574 praenuntiantia,
796 5510 932 5549 cum
961 5494 1061 5562 ait,
1121 5498 1459 5567 προσημεῖαι
1510 5491 1717 5547 παλλαὶ
1764 5513 1927 5569 προε-

286 5592 524 5664 μήνυσαν
592 5604 707 5660 quo
765 5581 1041 5639 similiter
1099 5584 1271 5639 modo
1329 5583 1715 5653 Pacbymeres
1744 5584 1930 5641 voluit

283 5680 579 5735 delectum
604 5677 745 5734 solis
779 5692 811 5730 a
841 5689 903 5729 se
934 5672 1319 5740 descriptum,
1351 5676 1408 5725 et
1430 5689 1459 5725 a
1484 5673 1652 5727 nobis
1686 5674 1923 5729 affixum

284 5770 344 5823 in
408 5770 566 5823 aditu
630 5763 858 5838 imperii
919 5760 1405 5827 Thcodori,115
1466 5761 1635 5816 breve
1692 5763 1840 5818 illud
1872 5768 1931 5820 et

2012 560 2369 630 προεσήμηνέ
2393 581 2443 613 τι
2477 566 2728 633 σημεῖον.
2762 560 2960 619 ’Ἥλιος
2988 560 3111 635 γάρ,
3143 567 3252 617 etc.

2086 667 2206 723 XII.
2252 670 2331 724 Ex
2381 688 2499 742 qua
2549 674 2799 727 duorum
2851 676 3181 739 auctorum,
3230 687 3481 742 quorum
3527 668 3669 725 ecli-

2016 772 2152 826 pses
2183 762 2447 831 exposui,
2510 762 2580 817 de
2614 779 2817 817 earum
2865 761 3296 834 significatione
3354 760 3670 827 sententia,

2016 855 2102 924 [Ρ.
2134 856 2260 928 505]
2294 861 2365 913 ad
2400 859 2617 915 calcem
2652 859 3110 915 dissertationis.
3146 858 3205 912 in
3238 875 3355 929 qua
3386 858 3673 913 hactenus

2016 944 2365 1003 historicum
2396 954 2452 1003 et
2479 956 2785 1005 astronum
2819 966 2989 1021 agere
3023 965 3115 1004 me
3157 949 3440 1019 oportuit,
3467 963 3668 1020 quasso

2017 1039 2083 1088 ut
2112 1036 2256 1090 mihi
2290 1037 2462 1093 liceat
2492 1039 2781 1110 tantisper
2802 1056 2971 1109 agere
3002 1039 3363 1109 theologum,
3405 1043 3463 1093 et
3510 1037 3669 1091 circa

2018 1124 2484 1195 significationes
2538 1128 2934 1184 defectionum
2984 1128 3295 1199 utriusque
3348 1125 3668 1182 luminaris

2019 1213 2262 1270 deﬁnire
2292 1218 2564 1288 breviter,
2599 1222 2657 1273 at
2688 1216 2896 1285 solide,
2931 1218 3067 1289 quid
3096 1217 3469 1273 Christianus
3494 1217 3672 1271 homo

2020 1303 2229 1359 debeat
2256 1311 2358 1360 aut
2381 1306 2674 1377 possitvel
2709 1307 2928 1362 sentire
2963 1306 3221 1377 legitime
3254 1306 3344 1361 vel
3377 1307 3437 1360 in
3493 1321 3668 1360 usum

2020 1393 2299 1449 adhibere
2328 1395 2454 1450 sine
2484 1395 2623 1451 vitio
2654 1396 2990 1451 timiditatis
3022 1402 3123 1451 aut
3171 1397 3299 1451 sine
3358 1413 3506 1451 noxa
3562 1413 3669 1451 su-

2023 1484 2409 1554 perstitionis,
2443 1502 2691 1555 quorum
2720 1485 2972 1540 alterum
3010 1486 3280 1541 humanae
3312 1483 3667 1553 fortitudini,

2022 1573 2273 1628 alterum
2299 1574 2642 1628 Christiana:
2676 1574 2945 1646 religioni
2977 1579 3283 1646 repugnat.

2098 1688 2286 1744 Unum
2319 1689 2503 1759 igitur
2535 1689 2643 1744 hoc
2678 1689 3016 1761 pronuntio,
3049 1690 3300 1761 eclipses
3326 1690 3469 1745 solis
3502 1691 3552 1745 ei
3583 1688 3669 1743 lu-

2025 1795 2110 1832 nae
2144 1794 2272 1833 esse
2317 1779 2581 1833 defectus
2642 1779 2963 1846 naturales,
3023 1780 3115 1834 vel
3174 1779 3418 1834 luminis
3449 1779 3508 1833 in
3540 1778 3671 1851 ipsa

2021 1866 2159 1922 luna
2191 1867 2248 1921 in
2280 1869 2554 1923 umbram
2597 1874 2761 1923 terrae
2814 1869 3174 1938 incurrente,
3225 1867 3314 1923 vel
3367 1868 3669 1923 radiorum

2020 1956 2161 2012 solis
2193 1956 2251 2011 in
2283 1959 2460 2021 terra,
2494 1956 2632 2011 luna
2679 1974 2740 2013 se
2794 1958 2948 2011 inter
3000 1963 3321 2027 utrumque
3353 1957 3673 2027 injicieute.

2020 2047 2164 2100 Tam
2197 2045 2498 2101 naturales
2528 2050 2720 2101 autem
2736 2051 2793 2101 et
2824 2048 3104 2102 ordinatae
3139 2052 3276 2101 sunt
3305 2045 3678 2115 conjunctio-

2020 2152 2122 2190 nes
2154 2140 2212 2190 et
2239 2135 2637 2204 oppositiones
2662 2135 3151 2205 eclipticaa,quam
3180 2140 3322 2188 sunt
3345 2134 3454 2203 ipsi
3476 2138 3671 2187 motus

2018 2224 2408 2279 luminarium
2441 2228 2497 2277 et
2526 2223 2766 2294 syzygia:
2799 2240 2914 2278 non
2946 2223 3247 2294 ecliptica,
3303 2228 3483 2293 quam
3516 2226 3661 2276 sum

2022 2313 2145 2368 dies
2176 2318 2233 2367 et
2263 2315 2482 2379 noctes,
2510 2328 2685 2381 quam
2720 2310 2975 2366 solstitia
2999 2316 3055 2366 et
3083 2310 3459 2382 aequinoctia,
3494 2326 3673 2381 quam

2024 2419 2255 2458 menses
2315 2406 2372 2456 et
2421 2400 2595 2456 anni:
2628 2402 2886 2472 pendent
2916 2402 3071 2455 enim
3105 2400 3228 2454 haec
3258 2400 3462 2455 omnia
3495 2398 3677 2454 simili

2026 2494 2197 2548 modo
2230 2509 2263 2546 a
2285 2489 2619 2562 primalege
2647 2494 2703 2545 et
2734 2488 3101 2545 ordinatione
3133 2488 3675 2558 conditoris,quam

2026 2581 2185 2637 caelis
2234 2586 2292 2635 et
2348 2580 2644 2634 sideribus
2701 2577 3062 2649 praescripsit
3106 2579 3178 2633 ab
3232 2577 3397 2632 initio
3449 2576 3683 2633 molitor

2031 2672 2206 2736 Deus,
2258 2685 2438 2739 quam
2480 2669 2668 2740 legem
2717 2673 3084 2723 constantem
3135 2672 3192 2724 et
3221 2666 3567 2722 inviolatam
3591 2682 3684 2721 res

2031 2764 2239 2815 creataa
2298 2762 2682 2825 conservant;
2744 2774 2871 2828 qua;
2931 2774 3114 2812 causa
3165 2762 3255 2812 est
3295 2773 3402 2811 cur
3433 2756 3685 2827 eclipses

2034 2845 2863 2919 praedicanturinfaillibilitsr
2895 2863 2929 2901 a
2985 2846 3186 2917 peritis
3250 2861 3381 2899 cum
3434 2844 3687 2899 circum-

2040 2937 2277 2991 stantiis
2336 2935 2764 3009 magnitudinis
2825 2942 2882 2990 et
2934 2934 3290 3001 durationis,
3321 2932 3525 2989 habita
3554 2948 3690 2987 exa-

2037 3025 2308 3080 ctissima
2338 3026 2568 3081 ratione
2589 3032 2925 3095 temporum
2958 3027 3015 3079 et
3046 3022 3336 3088 locorum,
3368 3022 3428 3077 in
3471 3021 3692 3093 quibus

2038 3114 2151 3169 illae
2170 3114 2539 3184 contingunt.
2575 3114 2808 3168 Accedit
2840 3114 2998 3184 quod
3046 3129 3332 3168 numerus
3383 3110 3693 3182 eclipsium

1952 3199 1995 3265 C
2034 3220 2287 3275 magnus
2319 3204 2396 3257 sit
2425 3208 2483 3257 et
2510 3219 2792 3257 occursus
2824 3203 3145 3272 frequens:
3179 3207 3461 3272 quatuor,
3511 3200 3697 3255 inter-

2036 3294 2179 3347 dum
2204 3295 2261 3345 et
2290 3290 2487 3361 plures
2519 3306 2623 3361 per
2648 3289 2918 3361 singulos
2971 3307 3159 3345 annos
3191 3290 3365 3359 fiunt,
3398 3293 3457 3344 et
3502 3289 3629 3359 jam
3663 3305 3697 3343 a

2038 3382 2246 3437 mundi
2277 3380 2511 3435 exordio
2544 3379 2677 3451 plus
2710 3396 2891 3451 quam
2926 3381 3171 3437 vicesies
3205 3380 3367 3437 mille
3391 3379 3695 3436 numerari

2038 3474 2307 3544 possunt.

2108 3579 2321 3633 Eadem
2364 3592 2535 3647 porro
2590 3576 2985 3647 Providentia,
3046 3592 3174 3648 quis
3207 3577 3340 3633 fecit
3378 3576 3439 3632 in
3468 3577 3691 3633 mundo

2036 3668 2155 3723 duo
2206 3666 2327 3721 hac
2379 3666 2694 3721 luminaria
2738 3681 2975 3737 magna,
3026 3665 3308 3722 lnminare
3363 3667 3564 3738 majus,
3632 3672 3697 3720 ut

2036 3763 2289 3829 praeesset
2316 3754 2449 3819 diei,
2483 3757 2535 3808 et
2564 3753 2843 3810 luminare
2864 3754 3071 3819 minus,
3098 3763 3159 3809 ut
3215 3758 3482 3826 praeesset
3522 3754 3692 3824 nocti,

2036 3851 2097 3902 ut
2124 3848 2366 3901 lacerent
2393 3859 2559 3915 super
2588 3847 2796 3899 terram
2822 3847 2873 3898 et
2902 3842 3212 3899 dividerent
3248 3846 3424 3899 lucem
3454 3859 3489 3898 α
3540 3846 3694 3898 tene-

2041 3938 2153 3992 bris
2184 3936 2337 4006 (Gen.
2379 3937 2438 4003 1),
2472 3934 2677 3989 eadem
2726 3932 2951 4004 pariter
3014 3950 3121 3989 sua
3168 3933 3433 3989 bonitate
3493 3937 3549 3989 et
3602 3948 3698 3988 sa-

2038 4024 2258 4097 pientia
2287 4026 2480 4078 motus
2514 4037 2715 4077 eorum
2747 4026 2805 4077 et
2831 4021 3252 4078 conversiones
3302 4021 3592 4077 ordinavit
3622 4021 3696 4075 ad

2040 4114 2265 4170 felicem
2298 4112 2501 4168 mundi
2543 4111 3058 4183 gubernationem,
3112 4114 3184 4168 ad
3224 4112 3546 4168 electorum
3596 4127 3695 4167 sa-

2040 4204 2221 4259 lutem
2257 4206 2314 4257 et
2345 4218 2512 4256 suam
2548 4200 2795 4271 gloriam
2832 4221 2845 4269 ;
2881 4217 2987 4255 nec
3046 4200 3291 4257 dubium
3337 4201 3480 4273 quin
3530 4201 3694 4271 ipsas

2041 4290 2485 4363 conjunctiones
2509 4289 3022 4360 etoppositiones,
3055 4290 3197 4347 solis
3229 4296 3286 4346 et
3328 4290 3477 4346 luna:
3536 4288 3699 4345 defe-

2041 4388 2171 4439 ctus
2201 4384 2258 4436 et
2287 4377 3173 4446 illuminationes,constituerit
3194 4380 3250 4433 in
3274 4394 3699 4449 numero,pon-

2043 4476 2179 4529 dere
2208 4474 2264 4526 et
2290 4485 2589 4537 mensura,
2624 4483 2805 4539 quam
2840 4465 3068 4525 sciebat
3098 4474 3154 4525 et
3179 4469 3412 4525 volebat
3442 4469 3702 4525 humano

2273 4561 2344 4617 ad
2376 4558 2627 4614 salutem
2652 4562 2709 4613 et
2741 4558 3077 4616 felicitatem
3110 4560 3497 4632 profuturam.

2110 4670 2261 4725 XIII.
2308 4668 2391 4723 Ex
2420 4666 2530 4721 hoc
2562 4682 2679 4721 uno
2736 4666 3117 4737 pronuntiato
3174 4666 3401 4722 tollitur
3442 4664 3697 4723 admira-

2041 4759 2240 4815 bilitas
2280 4761 2336 4813 et
2365 4754 2524 4827 vulgi
2546 4756 2786 4826 quidam
2821 4759 3048 4827 stupor,
3076 4756 3174 4827 qui
3207 4757 3456 4828 eclipses
3487 4773 3697 4813 conse-

2042 4849 2288 4920 quitur:
2349 4844 2539 4900 oritur
2591 4843 2747 4899 enim
2809 4860 2878 4900 ex
2901 4844 3233 4916 ignorantia
3272 4861 3407 4900 cum
3440 4847 3697 4917 quadam

2043 4938 2295 4993 novitate
2325 4938 2384 4991 et
2408 4934 2646 4989 raritate
2678 4934 2830 5004 apud
2865 4950 2964 4988 eos
2995 4935 3095 5005 qui
3124 4950 3229 4990 nec
3260 4951 3460 4991 earum
3483 4952 3695 4991 causas

2040 5026 2383 5097 intelligunt
2413 5039 2518 5078 nec
2548 5038 2647 5077 eas
2680 5022 2895 5093 saepius
2940 5023 3341 5091 observarunt,
3384 5040 3517 5081 cum
3550 5041 3694 5080 con-

2039 5121 2131 5173 tra
2162 5114 2460 5187 sapientes
2491 5114 2547 5166 et
2576 5111 2731 5166 docti
2766 5126 2867 5167 eas
2918 5112 3046 5169 suis
3084 5114 3453 5186 temporibus
3501 5112 3692 5169 securi

2039 5210 2397 5277 exspectent,
2448 5206 2505 5257 et
2534 5201 2841 5257 occasione
2890 5202 2948 5257 in
2980 5205 3352 5259 commodum
3410 5219 3695 5259 conversa

2039 5297 2247 5351 effectu
2284 5294 2431 5349 bene
2494 5295 2756 5356 utantur,
2790 5294 2847 5345 et
2904 5291 3247 5362 perniciem,
3276 5293 3325 5347 si
3358 5310 3476 5364 qua
3505 5292 3695 5348 credi-

2040 5390 2136 5440 tur
2165 5382 2499 5450 imminere,
2536 5383 2720 5434 totam
2753 5379 2811 5433 in
2835 5380 3035 5436 hostes
3067 5382 3345 5437 derivem.

2113 5500 2201 5555 Ita
2227 5498 2366 5553 olim
2418 5496 2707 5569 Sulpitius
2758 5493 2979 5564 Gallus,
3034 5500 3098 5551 ut
3145 5498 3408 5553 referunt
3468 5498 3691 5567 Livius,

2042 5589 2083 5643 Ι.
2116 5605 2267 5646 xmv.
2300 5590 2354 5643 et
2388 5586 2537 5642 Plut.
2573 5586 2631 5641 in
2668 5584 2839 5643 Paulo
2863 5584 3114 5656 Ai‘milio,
3145 5586 3217 5642 de
3246 5585 3467 5660 insigni
3497 5587 3691 5644 defec-

2037 5678 2195 5733 tione
2256 5677 2429 5745 lunm,
2492 5692 2667 5747 quam
2724 5672 3062 5745 praeviderat
3121 5676 3270 5731 746
3319 5676 3377 5731 in
3430 5676 3686 5733 exercitu

2040 5767 2327 5833 Romano,
2358 5766 2419 5821 in
2451 5782 2567 5837 quo
2597 5764 2878 5819 tribunus
2914 5765 3025 5819 sub
3083 5763 3435 5837 imperatore
3454 5765 3685 5827 (Emilio
