4072 6384
401 412 543 470 1173

1836 415 2456 471 CHRONOLOGICUS.

3688 406 3824 459 1174

396 539 578 596 Paulo
614 538 931 606 militabat,
963 539 1243 597 concione
1281 541 1484 596 habita
1514 557 1655 597 suos
1685 542 1756 595 ad
1790 556 2049 613 pugnam
2086 548 2139 609 Α
2169 540 2485 613 perniciem
2519 539 2757 603 creavit,
2789 541 2855 592 ut
2888 534 3237 591 Plutarchus
3270 540 3471 589 narrat
3492 534 3551 588 in
3574 534 3701 603 ejus
3722 532 3821 587 Vi-

397 628 683 684 instruxit
740 627 1059 699 docuitque
1119 645 1328 684 causas
1386 628 1697 699 eclipsium
1753 633 1810 683 et
1865 633 2054 683 certos

397 721 642 772 eventus
690 717 817 772 suis
866 719 1236 789 temporibus
1296 718 1684 784 necessarios,
1735 722 1854 773 tam
1901 717 2056 772 felici

397 811 606 861 eventu
645 811 711 861 ut
737 807 809 861 ab
842 806 927 861 eis
958 807 1270 862 abstulerit
1300 825 1513 862 vanum
1565 808 1733 862 illum
1780 808 2052 862 timorem

393 896 493 965 qui
515 913 583 951 ex
607 899 686 950 rei
711 896 967 952 novitate
1000 901 1056 951 et
1086 896 1400 952 inscientia
1430 897 1568 952 oriri
1596 896 1743 952 solet
1773 897 2051 968 ignoran-

392 986 576 1051 tibus,
628 990 685 1039 et
728 1002 862 1040 eum
913 987 1215 1057 pugnandi
1267 988 1534 1041 ardorem
1579 986 1802 1041 edoctis
1840 993 1895 1040 et
1924 987 2049 1041 vin~

392 1074 564 1129 cendi
593 1075 826 1146 cupidis
858 1075 1080 1147 injecit,
1112 1092 1180 1130 ex
1211 1092 1327 1146 quo
1362 1075 1535 1146 plena
1567 1072 1807 1130 victoria
1840 1076 2054 1130 Roma-

392 1163 486 1218 nis
537 1164 747 1232 evenit,
783 1163 917 1219 cum
962 1170 1168 1219 contra
1198 1165 1253 1220 in
1288 1164 1495 1219 castris
1530 1165 1915 1220 Macedonum
1950 1182 2050 1218 no—

388 1252 537 1308 vitas
569 1257 627 1307 et
666 1253 1002 1325 ignorantia
1034 1254 1233 1309 fecerit
1266 1270 1356 1309 res
1386 1258 1451 1308 ut
1480 1270 1546 1308 ea
1580 1254 1831 1325 prodigii
1870 1255 2053 1309 instar

384 1341 724 1407 haberetur,
758 1346 812 1397 et
845 1342 1082 1413 eclipsis
1113 1343 1239 1397 visa
1270 1343 1605 1398 existimata
1650 1343 1728 1397 sit
1773 1360 2049 1413 praenun—

385 1430 473 1485 tia
519 1430 669 1502 fugaa
713 1436 771 1486 et
821 1432 1168 1487 defectionis
1217 1432 1434 1502 Persei,
1468 1449 1643 1503 quam
1696 1432 2048 1487 Macedonia:

388 1518 585 1575 clades
616 1526 706 1575 est
736 1526 1072 1576 consecuta.

456 1620 544 1673 Ita
575 1633 764 1687 nuper
806 1618 1268 1691 Christophorus
1303 1621 1630 1676 Columbus
1679 1638 1832 1676 anno
1881 1620 2047 1676 Chri-

383 1707 459 1764 sti
489 1707 652 1776 1493,
681 1724 816 1763 cum
867 1707 1285 1765 alimentorum
1336 1710 1538 1782 inopia
1591 1710 1907 1777 laboraret,
1943 1725 2045 1765 nec

383 1800 584 1868 posset
605 1813 638 1851 a
662 1796 1157 1867 Jamaicensibus,
1177 1800 1330 1870 apud
1360 1817 1506 1871 quos
1529 1799 1736 1855 classis
1761 1799 2042 1869 Hispana,

2162 634 2224 685 ta
2253 640 2306 685 et
2336 630 2521 684 Thuc.
2556 627 2596 682 l.
2631 644 2730 683 vu.

2238 718 2486 774 Felicius
2562 717 2916 790 Agathocles
2984 722 3040 771 et
3120 715 3375 784 acutius,
3445 713 3587 767 dum
3664 711 3818 767 clas-

2164 824 2285 863 sem
2323 809 2380 862 in
2413 808 2662 862 Africam
2691 806 2985 877 trajiceret
3032 810 3089 860 et
3130 803 3422 859 horrenda
3454 802 3596 856 solis
3626 802 3818 856 defec-

2162 897 2242 952 tio
2284 898 2688 964 intercederet,
2717 897 2843 951 suis
2876 898 3035 950 metu
3066 893 3330 960 dejectis,
3364 891 3449 946 nil
3480 891 3813 945 timendum

2162 1003 2195 1041 a
2226 986 2491 1057 prodigio
2524 987 2826 1056 professus
2860 990 2949 1039 est
2979 984 3051 1038 iis
3083 983 3181 1054 qui
3208 984 3333 1053 jam
3380 983 3439 1035 in
3491 997 3669 1035 cursu
3719 995 3818 1033 es-

2160 1079 2292 1129 sent
2317 1093 2328 1128 :
2354 1075 2401 1130 si
2435 1075 2762 1146 deliquium
2797 1078 3111 1143 antequam
3139 1075 3305 1137 portu
3336 1069 3654 1124 solvissent
3674 1084 3816 1122 con—

2158 1164 2407 1235 tigisset,
2456 1165 2785 1219 timendum
2840 1165 2982 1218 forte
3022 1162 3227 1229 videri,
3280 1161 3380 1215 sed
3431 1158 3705 1213 euntibus
3756 1160 3814 1211 et

2159 1258 2440 1325 prseterea
2466 1254 2660 1308 minus
2687 1251 2998 1309 fortunatis
3023 1249 3236 1305 Siculis
3265 1248 3411 1303 nihil
3434 1246 3665 1302 adversi
3690 1262 3811 1300 me-

2156 1344 2482 1410 tuendum;
2516 1342 2591 1397 iis
2622 1346 2818 1398 autem
2852 1342 2921 1396 ad
2956 1358 3102 1412 quos
3128 1340 3342 1402 ibatur,
3376 1341 3431 1392 et
3462 1336 3811 1391 ﬂorentibus

2154 1432 2742 1503 Carthaginiensibus
2774 1433 3019 1485 fortuna:
3054 1428 3466 1495 mutationem,
3500 1425 3546 1480 si
3580 1442 3698 1496 qua
3740 1441 3810 1479 ex

2156 1522 2371 1578 talibus
2428 1522 2615 1595 signis
2674 1521 3155 1592 portendebatur,
3210 1534 3337 1574 esse
3386 1515 3806 1587 pertimescen-

2153 1612 2312 1667 dam.

2225 1703 2351 1759 Non
2398 1706 2609 1758 nocent
2648 1701 2914 1772 eclipses,
2943 1699 3057 1755 nisi
3091 1698 3245 1770 quod
3280 1700 3528 1752 noceant
3557 1695 3807 1767 opinan-

2150 1792 2349 1861 tibus;
2402 1791 2545 1846 nihil
2581 1809 2647 1847 ex
2678 1809 2735 1846 se
2768 1790 2906 1846 mali
2957 1790 3215 1845 fundunt
3246 1786 3333 1843 sol
3359 1790 3415 1842 et
3440 1786 3581 1841 luna
3613 1784 3802 1856 magis

382 1886 475 1941 cui
525 1890 790 1957 praeerat,
843 1887 1166 1959 appulerat,
1207 1889 1264 1943 vi
1314 1894 1369 1944 et
1420 1890 1692 1961 precibus
1750 1888 2031 1944 auxilium
2066 1907 2113 1973 Β
2150 1881 2210 1936 in
2234 1880 2705 1953 opposilionibus
2728 1886 2784 1935 et
2808 1879 3050 1951 synodis
3083 1893 3258 1950 quam
3292 1881 3449 1931 extra
3480 1874 3632 1929 illas.
3658 1880 3803 1928 Con-

379 1976 717 2046 impetrare,
746 1993 892 2031 usus
932 1982 1022 2032 est
1071 1978 1317 2034 scientia
1366 1980 1644 2050 proximae
1686 1979 1942 2049 eclipsis,
1978 1983 2036 2033 et

381 2064 648 2119 barbaris
697 2067 827 2135 ejus
876 2067 1100 2137 ignaris
1148 2073 1368 2139 pestem
1419 2069 1882 2139 impendentem,
1921 2067 2035 2122 nisi

381 2169 549 2225 opem
580 2154 817 2222 ferrent,
854 2160 1115 2211 minatus
1165 2157 1320 2212 diem
1354 2161 1410 2212 et
1442 2158 1645 2213 horam
1694 2157 2037 2212 defectionis

380 2244 535 2299 lunae
566 2246 768 2315 edixit,
796 2263 908 2317 quo
951 2246 1037 2301 illi
1083 2248 1346 2318 prodigio
1392 2248 1643 2320 perculsi
1693 2253 1750 2303 et
1801 2248 2040 2320 gravius

381 2333 602 2405 aliquid
626 2340 954 2391 metuentes
977 2336 1048 2391 ad
1074 2337 1423 2393 Columbum
1451 2338 1615 2408 quasi
1642 2355 1750 2394 sua
1771 2338 2043 2393 inhuma-

383 2422 561 2479 nitate
615 2424 905 2480 oﬂ'ensum
952 2426 1183 2496 copioso
1228 2426 1502 2482 instructi
1535 2432 1864 2483 commeatu
1899 2444 2040 2499 sup-

383 2511 567 2584 plices
587 2519 892 2581 venerunt,
921 2518 979 2569 et
1002 2516 1231 2570 veniam
1267 2515 1495 2572 facilius
1519 2533 1695 2589 quam
1724 2517 2043 2587 sperabant

381 2618 490 2657 sua
519 2600 871 2657 liberalitate
906 2603 982 2656 im
995 2609 1316 2674 petrarunt.

454 2700 536 2770 [P.
566 2700 717 2771 506.]
752 2702 837 2757 Ita
880 2702 1161 2757 Claudius
1211 2703 1547 2775 imperator,
1580 2708 1646 2758 ut
1694 2704 1871 2759 habet
1919 2703 2041 2769 Dio,

386 2786 427 2842 l.
453 2804 534 2856 v1,
564 2805 700 2844 cum
723 2796 1021 2847 vereretur
1042 2808 1113 2847 ne
1136 2792 1277 2847 solis
1306 2793 1551 2849 defectio
1585 2794 1782 2848 futura
1812 2792 1905 2847 die
1937 2808 2044 2847 suo

386 2876 575 2933 natali
606 2896 760 2935 anno
794 2879 1025 2951 imperii
1058 2880 1262 2953 quinto
1307 2883 1629 2937 tumultum
1664 2883 1852 2938 Roma:
1880 2896 2045 2950 pare-

392 2972 482 3023 ret
523 2985 591 3023 ex
635 2968 967 3040 ignorantia
988 2975 1043 3026 et
1071 2973 1327 3027 novitate
1350 2973 1563 3043 juncta
1583 2988 1732 3027 vano
1764 2970 1957 3026 timori
1991 2974 2048 3026 et

382 3056 1031 3131 Opinionivulgi,quod
1078 3077 1145 3117 ea
1202 3060 1371 3133 signa
1424 3065 1622 3117 essent
1682 3060 2047 3132 principibus

386 3146 673 3213 infausta,
707 3147 945 3219 publico
986 3149 1175 3204 edicto
1208 3156 1413 3206 notum
1443 3150 1629 3205 voluit
1660 3154 1795 3205 ante
1826 3148 2051 3219 aliquot

391 3235 516 3291 dies
551 3235 880 3307 deliquium
932 3237 1077 3293 illud
1128 3238 1417 3306 futurum,
1446 3239 1691 3309 insuper
1729 3242 1785 3293 et
1836 3254 2045 3293 causas

392 3326 544 3395 ejus,
595 3327 986 3395 quantitatem
1020 3337 1072 3383 et
1107 3329 1480 3385 durationem
1512 3328 1781 3399 exposuit
1811 3332 1932 3382 tam
1964 3325 2044 3382 di-

388 3414 602 3470 stincte
635 3420 693 3470 et
720 3415 1195 3487 intelligibiliter,
1231 3423 1294 3473 ut
1324 3436 1390 3473 eo
1423 3417 1546 3473 viso
1598 3434 1767 3474 nemo
1818 3418 2053 3472 timeret

390 3508 493 3559 aut
524 3504 871 3571 minaretur,
905 3522 1109 3561 omnes
1156 3507 1528 3578 imperatoris
1570 3507 1921 3578 sapientiam
1954 3522 2049 3562 ve-

391 3597 761 3649 uerarentur.

465 3691 618 3748 XIV.
651 3692 906 3748 Tollitur
934 3696 1214 3764 praeterea
1254 3693 1450 3749 inanis
1498 3693 1599 3749 illa
1644 3692 1859 3763 opinio,
1896 3693 2046 3763 quod

391 3779 641 3852 eclipses
671 3782 796 3837 orbi
852 3788 1121 3847 noceant,
1151 3783 1305 3854 quod
1340 3782 1555 3852 clades,
1584 3787 1779 3853 pestes
1810 3786 1866 3837 et
1896 3782 2050 3837 bella

391 3868 591 3941 regnis
624 3871 964 3942 important,
996 3872 1149 3940 quod
1181 3871 1514 3926 vastitatem
1545 3877 1603 3926 et
1632 3871 2047 3927 subversiones

390 3957 776 4030 imperiorum
810 3976 875 4015 ac
908 3959 1208 4032 religionis
1242 3960 1329 4015 vel
1361 3960 1619 4016 efﬁciant
1648 3962 1736 4016 vel
1770 3977 2046 4032 praenun-

388 4046 557 4103 tient.
605 4048 899 4103 Damnum
954 4049 1112 4105 enim
1164 4050 1556 4121 quodcunque
1605 4054 1763 4105 creat
1809 4047 2046 4121 eclipsis

387 4134 447 4189 in
501 4136 731 4192 modica
776 4138 1011 4207 jactura
1060 4138 1209 4194 lucis
1242 4143 1299 4194 et
1330 4139 1571 4194 benefici
1624 4140 1881 4194 inﬂuxus
1930 4154 2043 4193 non

389 4225 696 4281 admotum
744 4227 1024 4283 diuturna
1054 4229 1343 4285 consistit.
1381 4229 1515 4284 Plus
1545 4244 1696 4301 saepe
1728 4229 1902 4284 unica
1933 4244 2048 4283 nox

388 4319 492 4369 aut
524 4315 649 4370 dies
682 4315 920 4385 pluvius
952 4320 1175 4373 mundo
1217 4318 1366 4374 lucis
1410 4320 1610 4375 amicae
1659 4323 1717 4374 et
1762 4319 2046 4389 benigna-

391 4421 521 4459 rum
559 4404 1007 4461 inﬂuentiarum
1039 4408 1215 4479 eripit
1245 4426 1423 4479 quam
1456 4407 1701 4480 eclipses
1734 4410 1957 4476 decem,
1991 4412 2049 4463 et

388 4493 689 4563 sapienter
714 4493 878 4550 visus
933 4500 1022 4551 est
1071 4511 1243 4567 agere
1289 4498 1563 4565 Pericles,
1596 4499 1879 4554 referente
1912 4496 2045 4553 Plu-

389 4581 589 4637 tarcho
633 4581 693 4637 in
744 4584 872 4655 ejus
904 4584 1046 4651 vita,
1079 4585 1177 4656 qui
1210 4586 1376 4642 navis
1408 4586 1800 4658 imperatorias
1828 4588 2044 4659 guber—

2150 1970 2271 2025 dita
2321 1973 2461 2024 sunt
2518 1969 2639 2023 haec
2697 1969 2892 2023 sidera
2923 1985 2954 2022 a
2986 1968 3138 2021 bono
3194 1964 3439 2021 Domino
3472 1968 3530 2018 et
3559 1967 3799 2034 parente

2145 2059 2402 2113 universi
2425 2058 2914 2125 clementissimo;
2939 2058 3343 2130 gubernantur
3363 2070 3541 2109 manu
3565 2052 3794 2122 sapien-

2145 2148 2379 2203 tissime
2410 2148 2480 2202 ad
2512 2147 2767 2202 filiorum
2801 2146 3107 2201 commoda
3128 2150 3184 2199 et
3205 2144 3479 2199 salutem.
3504 2141 3791 2197 Defectio-

2148 2255 2253 2293 nes
2285 2237 2520 2308 quando
2548 2236 2918 2307 contingunt,
2953 2231 3252 2289 naturales
3285 2236 3424 2286 sunt
3444 2229 3792 2287 etinnoxiae.

2148 2330 2273 2381 Non
2301 2328 2492 2396 pestes
2521 2328 2825 2395 generant,
2858 2339 2973 2377 non
3025 2319 3177 2375 bella
3227 2319 3400 2387 cient,
3435 2334 3547 2372 non
3581 2320 3801 2371 mortes

2150 2415 2486 2488 principum
2519 2413 2896 2477 annuntiant,
2924 2428 3041 2466 non
3073 2415 3406 2480 temporum
3431 2405 3802 2463 calamitates

2151 2510 2253 2561 aut
2286 2520 2599 2575 regnorum
2629 2501 3041 2558 conversiones
3075 2499 3399 2553 minantur.

2220 2603 2307 2657 Ab
2338 2601 2465 2673 ipso
2500 2600 2708 2655 mundi
2749 2598 2984 2654 exordio
3037 2596 3307 2667 eclipses,
3340 2597 3405 2649 ut
3432 2595 3604 2648 modo
3637 2594 3805 2656 ﬁunt,

2153 2692 2474 2760 eademque
2502 2689 2630 2760 lege
2674 2694 2731 2744 et
2780 2687 2984 2743 ordine
3017 2690 3073 2741 et
3103 2701 3347 2740 numero
3381 2683 3636 2750 fiebant;
3668 2686 3725 2737 et
3755 2680 3806 2736 si

2154 2779 2396 2851 Keplero
2427 2780 2709 2846 creditur,
2737 2777 2823 2834 sol
2857 2778 2982 2848 ipse
3032 2775 3161 2830 fons
3209 2773 3360 2828 lucis
3410 2776 3465 2827 et
3514 2772 3803 2827 bonorum

2156 2869 2444 2937 omnium,
2477 2868 2684 2923 mundi
2734 2867 2939 2922 oculus
2970 2865 3291 2929 beneﬁcus,
3325 2862 3597 2917 conditus
3625 2859 3804 2915 estin

2154 2959 2359 3030 eclipsi
2418 2958 2685 3027 subjecta
2735 2956 2876 3011 luna
2908 2956 2965 3009 in
3001 2953 3188 3026 primo
3248 2952 3429 3024 gradu
3487 2948 3714 3015 Cancri,
3746 2949 3807 3003 in

2155 3048 2357 3105 aestivo
2380 3046 2631 3102 solstitio
2656 3045 2857 3101 multis
2878 3045 3075 3099 Africae
3097 3042 3437 3114 regionibus
3461 3039 3601 3094 solis
3635 3055 3809 3110 aspe-

2156 3143 2317 3194 ctum
2348 3137 2704 3207 impediente
2732 3152 2743 3188 :
2768 3136 2903 3205 quis
2936 3134 3019 3187 ita
3048 3132 3309 3187 sentiens
3343 3130 3539 3185 credat
3560 3128 3809 3199 eclipses

2158 3226 2381 3291 noxias,
2403 3231 2460 3280 et
2480 3224 2664 3279 solem
2687 3225 2883 3295 ipsum
2905 3223 2965 3277 in
2991 3226 3156 3276 tanta
3186 3220 3277 3275 sui
3300 3225 3358 3274 et
3381 3218 3585 3274 mundi
3611 3215 3809 3272 infeli-

2158 3316 2330 3371 citate
2362 3315 2432 3369 ab
2465 3314 2683 3385 optimo
2715 3316 2955 3384 parente
2986 3312 3102 3367 Deo
3132 3313 3390 3364 creatum
3412 3308 3438 3361 εἰ

2228 3413 2343 3468 XV.
2372 3414 2534 3468 Certe
2561 3420 2691 3467 ante
2734 3411 2885 3466 bella
2928 3415 2984 3465 et
3027 3416 3220 3481 pestes
3271 3407 3489 3461 ﬁebant
3536 3404 3806 3475 eclipses,

2159 3506 2293 3559 ante
2308 3504 2675 3575 regesnatos,
2694 3504 2825 3555 ante
2850 3498 3282 3571 provinciarum
3307 3500 3364 3551 et
3389 3509 3703 3566 regnorum
3727 3492 3813 3546 di-

2155 3593 2440 3648 visionem
2466 3591 2525 3647 in
2548 3590 2649 3646 illa
2680 3588 3252 3644 antediluvianorum
3286 3583 3674 3655 longaevitate,
3710 3598 3812 3652 pa-

2155 3699 2219 3737 ce
2241 3686 2297 3737 et
2318 3682 2569 3737 sanitate
2589 3686 2709 3735 tam
2740 3680 3023 3733 diuturna
3053 3676 3301 3746 eclipses
3333 3674 3570 3739 fiebant,
3594 3676 3650 3726 et
3669 3676 3813 3727 tunc

2155 3774 2324 3825 erant
2372 3771 2738 3825 innocentes.
2776 3768 2937 3824 Unde
2968 3772 3025 3822 et
3057 3766 3293 3837 quando
3329 3763 3513 3819 noxia:
3539 3777 3664 3817 esse
3695 3777 3809 3815 cm-

2155 3860 2417 3931 perunt?
2450 3859 2604 3913 unde
2637 3857 2931 3929 malignos
2962 3857 3242 3925 inﬂuxus,
3277 3870 3426 3925 quos
3457 3856 3662 3924 postea
3688 3856 3808 3905 tam

2152 3948 2488 4019 frequentes
2516 3947 2813 4015 afﬂarunt,
2849 3962 3121 4016 accepere
3143 3944 3169 3998 ‘I

2222 4047 2420 4102 Prima
2448 4044 2736 4114 omnium,
2771 4061 2897 4115 quae
2929 4044 2989 4097 in
3021 4047 3217 4096 Graeca
3248 4039 3497 4095 historia
3528 4037 3816 4093 describi-

2150 4142 2248 4193 tur
2296 4135 2530 4206 eclipsis
2581 4134 2745 4197 solis,
2780 4136 3016 4188 narrata
3046 4132 3115 4186 ab
3148 4130 3422 4185 Herodot.
3458 4128 3497 4184 l.
3530 4128 3573 4197 Ι,
3609 4127 3812 4183 Medos

2152 4232 2208 4282 et
2238 4227 2427 4298 Lydos
2459 4228 2790 4296 pugnantes
2836 4222 3058 4277 invenit
3086 4226 3144 4276 et
3173 4218 3524 4274 conciliavit.
3557 4216 3813 4272 Alexan-

2153 4318 2258 4372 dro
2292 4316 2653 4371 faustissima
2677 4314 2788 4367 fuit
2808 4312 3046 4382 eclipsis
3078 4310 3252 4378 lunas,
3278 4325 3404 4379 quae
3427 4313 3560 4362 ante
3584 4311 3811 4376 postre—

2154 4424 2312 4462 mam
2345 4408 2471 4475 cjus
2503 4407 2574 4460 de
2606 4403 2780 4459 Dario
2812 4402 3112 4457 victoriam
3140 4398 3403 4469 contigit.
3435 4396 3659 4451 Profuit
3686 4395 3809 4449 Ca:-

2155 4496 2269 4552 sari
2306 4496 2447 4550 solis
2493 4495 2596 4549 illa
2646 4512 2771 4565 quaa
2820 4493 2875 4547 in
2928 4491 3180 4547 transitu
3206 4486 3545 4555 Rubiconis,
3580 4484 3706 4540 alca
3736 4484 3808 4537 de

2154 4586 2403 4657 imperio
2453 4583 2759 4638 retinendo
2802 4583 2986 4653 jacta,
3012 4581 3163 4635 facta
3194 4582 3302 4642 est,
3332 4577 3396 4647 [P
3425 4575 3550 4645 507]
3586 4575 3656 4628 de
3688 4589 3807 4644 qua

393 4676 660 4727 nntorem
713 4654 917 4744 eclipsi
960 4654 1109 4730 solis
1153 4675 1444 4743 territum,
1478 4654 1538 4731 in
1572 4676 1764 4732 medio
1794 4654 2045 4731 victoriae
2077 4654 2126 4716 D
2155 4654 2260 4731 Dio
2293 4674 2330 4730 l.
2365 4692 2440 4740 IV,
2473 4673 2696 4729 Profuit
2728 4676 2784 4727 et
2812 4672 2913 4727 illa
2943 4688 3070 4741 quae
3099 4666 3495 4724 Pharsalicam
3542 4678 3802 4735 pugnam

389 4776 570 4815 cursu
606 4777 801 4818 moras
833 4762 1188 4831 trahentem,
1222 4764 1529 4835 chlamyde
1576 4764 1836 4829 involvit,
1868 4768 1922 4820 et
1955 4764 2042 4819 in-

388 4851 714 4921 terrogavit
743 4869 818 4907 an
852 4853 995 4925 quid
1020 4870 1087 4909 ex
1116 4869 1182 4909 eo
1212 4854 1501 4910 velamine
1532 4854 1778 4909 sentiret
1818 4854 2044 4909 incom-

393 4939 571 5005 modi,
626 4955 812 5011 eoque
870 4947 1122 5013 negante
1181 4942 1367 4998 ullum
1411 4960 1473 4998 se
1522 4943 1802 5012 sensisse,
1845 4943 2047 4998 docuit

390 5025 619 5083 nullum
648 5029 841 5100 majus
864 5047 896 5085 a
918 5028 1038 5086 sole
1068 5047 1171 5103 per
1199 5030 1402 5088 lunam
1435 5032 1841 5103 interpositam
1860 5030 2045 5087 velato

387 5116 724 5174 timendum
758 5135 907 5188 esse,
941 5124 999 5176 et
1032 5122 1205 5191 paulo
1264 5123 1500 5194 quidem
1548 5123 1744 5193 majus
1774 5138 1904 5177 esse
1929 5138 2044 5177 cca—

386 5204 508 5261 lum
553 5208 602 5261 ei
656 5208 1060 5266 diuturniores
1093 5211 1211 5266 fore
1243 5212 1539 5280 tenebras,
1574 5213 1676 5267 sed
1707 5212 1891 5268 solem
1930 5228 2046 5266 non

392 5297 586 5351 multo
639 5302 772 5365 post
818 5316 925 5355 suo
988 5300 1288 5371 splendori
1337 5303 1466 5358 sine
1513 5300 1627 5357 alio
1674 5302 2048 5357 incommodo

390 5384 693 5440 redditum
752 5386 865 5457 iri;
929 5390 1087 5459 quod
1147 5407 1283 5445 cum
1329 5392 1549 5446 factum
1598 5394 1775 5457 esset,
1808 5406 2046 5446 cursum

390 5472 600 5529 classis
638 5474 865 5532 felicem
896 5483 1071 5534 nacta
1100 5485 1212 5534 est.

458 5572 586 5629 Non
640 5573 713 5629 ita
761 5575 960 5632 Nicias
992 5581 1095 5633 aut
1123 5577 1334 5635 doctus
1363 5581 1464 5635 aut
1495 5578 1653 5644 felix,
1687 5578 1789 5651 qui
1819 5578 1908 5634 vel
1940 5545 2049 5634 im-

385 5662 599 5735 peritia
628 5663 715 5718 vel
744 5666 1169 5736 superstitione
1210 5667 1283 5725 ab
1330 5668 1536 5741 eclipsi
1585 5668 1737 5723 luna:
1786 5668 2047 5737 territus,

385 5749 605 5808 veritus
657 5752 907 5810 classem
954 5760 1122 5826 portu
1179 5758 1445 5825 educere,
1486 5760 1627 5813 717
1667 5758 1777 5813 sibi
1808 5760 2052 5828 suisque

2154 4763 2489 4836 praecessit;
2524 4779 2647 4830 qua:
2672 4762 2720 4817 si
2743 4761 3017 4831 Pompeio
3050 4760 3283 4813 funesta
3312 4756 3665 4821 dicitur,cur
3686 4766 3801 4806 non

2153 4870 2319 4924 aeque
2349 4853 2557 4908 Caesari
2584 4854 2884 4908 fortunata
2913 4849 3159 4905 dicenda
3187 4844 3323 4902 est?

2226 4951 2353 5006 Non
2401 4950 2615 5005 occidit
2662 4953 2994 5021 Augustum
3026 4944 3262 5015 eclipsis
3293 4942 3468 5011 luna},
3499 4957 3627 5012 qua;
3661 4955 3805 5009 qua-

2158 5040 2430 5112 draginta
2447 5044 2580 5112 post
2596 5041 2722 5110 ejus
2743 5048 2990 5095 mortem
3014 5037 3223 5092 diebus
3244 5034 3370 5088 visa
3396 5036 3512 5100 est;
3538 5032 3655 5085 imo
3680 5031 3809 5100 ejus

2158 5130 2466 5186 occasione
2517 5130 2744 5185 Drusus
2792 5127 3141 5183 rebellantes
3172 5124 3232 5179 in
3263 5122 3566 5178 Pannonia
3596 5120 3810 5173 Roma-

2160 5236 2268 5275 nas
2327 5220 2583 5289 legiones
2618 5220 2687 5273 ad
2726 5219 2899 5273 ﬁdem
2928 5220 2984 5273 et
3016 5213 3366 5285 obsequium
3401 5209 3715 5267 revocavit.
3747 5207 3815 5261 Et

2160 5310 2212 5366 si
2245 5310 2379 5380 quis
2412 5310 2711 5365 advertere
2739 5307 2899 5376 velit,
2931 5307 3130 5378 plures
3164 5305 3310 5359 forte
3343 5318 3476 5358 eum
3505 5298 3815 5356 eventibus

2160 5400 2476 5455 fortunatis
2533 5415 2709 5469 quam
2740 5415 2871 5454 cum
2903 5395 3162 5452 sinistris
3192 5393 3441 5465 eclipses
3471 5391 3817 5459 conjunctas

2160 5488 2514 5546 numerabit.

2235 5580 2296 5633 In
2334 5577 2464 5634 fatis
2495 5577 2727 5633 Romuli
2762 5578 3060 5651 prosperis
3099 5580 3157 5633 et
3203 5573 3376 5630 Urbis
3406 5568 3680 5627 felicitate
3711 5581 3813 5637 po-

2162 5667 2287 5723 sitae
2322 5671 2459 5723 sunt
2498 5668 2744 5739 eclipses
2778 5671 2904 5723 duae
2939 5668 3181 5731 solares,
3213 5666 3272 5718 in
3305 5662 3587 5731 conceptu
3648 5654 3811 5711 illius

2162 5775 2299 5828 una,
2335 5757 2391 5812 in
2441 5758 2619 5828 hujus
2672 5758 3073 5813 fundamentis
3104 5754 3253 5809 718
3286 5752 3467 5807 altera
3497 5745 3584 5801 vel
3618 5746 3807 5799 invec-
