4072 6386
282 375 427 429 1175

1318 400 1379 449 Ρ.
1422 401 1697 457 POSSINI
1737 404 2351 465 OBSERVATIONUM
2390 418 2523 470 LIB.
2566 422 2667 475 III.

3560 436 3703 492 1176

284 501 357 551 ta
387 500 477 555 vel
509 501 763 559 afﬂicta.
792 511 872 561 Ita
902 511 1174 568 videlicet
1204 517 1546 577 innocentes
1579 525 1859 597 ecclipses
1887 530 1944 583 et
1969 530 2025 595 Α
2133 534 2281 588 719
2317 540 2393 592 Ex
2422 539 2599 596 dictis
2661 543 3011 617 intelligitur
3066 567 3195 623 qua
3255 554 3401 612 ﬁdes
3432 556 3706 619 habenda

291 588 699 623 inditf‘nnnntnn
740 594 1010 623 k..L.:4..a..
1067 611 1197 623 ---ξι
1322 612 1331 623 .
1426 609 1483 623 ι..
1555 612 1577 623 ,.
1693 620 1699 623 Α
2088 621 2097 623 -

1729 588 1743 597 _
1969 588 2025 595 __
2360 588 2598 596 __---.-
2664 588 2999 617 "nun-emus
3066 588 3195 623 Ὶυω
3256 588 3401 612 uuca
3434 588 3700 619 uuueuuu

291 588 701 647 inditferentes
738 594 1012 653 habitata
1064 611 1224 673 sunt,
1277 612 1340 661 ut
1388 609 1521 665 aliis
1552 612 1779 681 fausta,
1815 616 1947 672 aliis
2050 621 2129 674 sit
2158 625 2590 697 astrologorum
2634 634 2790 701 genti
2835 637 2990 693 circa
3042 641 3351 714 eclipsium
3401 647 3700 708 diritatem

299 678 484 714 mni...
520 686 566 714 οι
607 681 892 714 malm...“
934 696 1268 714 ,ψη---μευ
1350 698 1399 714 --
1558 705 1566 714 -
1735 705 1766 714 --
2093 713 2097 714 ν
2178 711 2212 714 ’-

299 678 484 733 noxia
519 686 574 734 et
606 681 896 739 malorum
928 696 1276 758 praenuntia
1306 698 1683 769 viderentur;
1734 705 1813 760 ita
1844 723 1946 762 eas

298 768 547 841 quisque
580 772 648 825 ad
684 789 793 828 sua
822 781 952 831 vota
984 785 1288 840 convertit.

302 982 593 1037 mortibus
636 982 1079 1057 imperatorum,
1126 996 1325 1065 plures
1357 1007 1488 1071 post
1519 1010 1765 1061 mortem
1800 1012 1857 1063 et
1884 1009 1943 1063 in

297 1070 550 1125 exordiis
611 1074 801 1128 notari
862 1083 1223 1151 potuerunt;
1260 1070 1461 1145 multa
1521 1102 1949 1163 praecesserunt

295 1158 492 1212 clades
526 1175 866 1231 regnorum,
900 1169 1211 1229 vasistates
1243 1179 1617 1249 populorum,
1654 1183 1943 1241 bellorum

296 1252 353 1301 et
385 1250 724 1305 morborum
788 1258 1128 1329 perniciem,
1164 1264 1360 1333 plures
1404 1278 1726 1326 consecuta
1758 1280 1897 1330 sunt
1929 1292 1942 1329 ε

294 1341 473 1406 atque
509 1342 572 1391 ut
602 1353 1030 1413 consequentes
1071 1366 1261 1408 causa
1294 1373 1409 1411 non
1443 1359 1721 1416 dicantur
1760 1364 1945 1419 bono-

294 1440 426 1479 rum
460 1442 586 1497 qua
620 1429 839 1487 ﬁnibus
893 1436 1181 1495 malorum
1235 1460 1463 1502 annexa
1494 1454 1654 1514 sunt,
1713 1452 1791 1506 ita
1840 1470 1947 1509 nec

289 1517 687 1584 pracedentes
721 1520 922 1578 haberi
948 1526 1162 1584 debent
1189 1532 1375 1589 fontes
1401 1537 1694 1593 malorum
1732 1542 1815 1596 vel
1853 1542 1945 1597 in-

290 1603 470 1670 dices,
516 1606 565 1661 si
599 1625 726 1678 qua
751 1627 884 1667 cum
919 1613 1037 1671 illis
1087 1630 1461 1679 concurrant.
1497 1629 1668 1683 Medii
1704 1637 1840 1685 sunt
1882 1633 1943 1687 hi

286 1692 675 1751 luminarium
707 1700 967 1759 defectus
1000 1705 1154 1762 inter
1179 1712 1327 1765 bona
1348 1717 1406 1768 et
1434 1716 1589 1771 mala
1614 1734 1806 1774 rerum
1834 1721 1941 1775 hu-

287 1799 638 1853 manarum;
676 1789 870 1845 nullos
905 1792 962 1845 in
996 1809 1095 1850 eas
1140 1797 1397 1857 inﬂuxus
1426 1804 1686 1870 habent;
1720 1825 1944 1864 conne-

2051 713 2107 765 et
2136 711 2454 771 effectuum
2488 735 2556 773 ex
2596 721 2667 776 iis
2705 729 3192 797 consequentium
3244 735 3699 807 malignitatem.

2048 804 2195 855 Sunt
2227 804 2327 874 qui
2360 806 2655 867 maleﬁcae
2684 829 2886 870 earum
2919 819 3070 875 vires
3101 823 3414 892 provinciis
3446 832 3502 882 et
3531 831 3695 885 urbi-

2051 889 2161 945 bus
2222 896 2554 964 specialiter
2612 904 2938 976 ascribunt,
2998 914 3057 964 et
3101 889 3414 969 duodecim
3472 919 3698 976 zodiaci

2051 981 2238 1051 signis
2290 984 2347 1039 in
2400 996 2653 1058 quatuor
2699 997 3056 1065 quadrantes
3107 1001 3441 1061 distributis
3491 1024 3701 1066 nocere

2049 1071 2262 1125 volunt
2281 1075 2527 1145 eclipses
2558 1080 2629 1135 iis
2666 1085 2956 1156 pracipue
2988 1091 3193 1145 mundi
3236 1095 3522 1163 partibus,
3568 1116 3700 1169 qua

2051 1162 2331 1231 subjecta
2378 1173 2520 1222 sunt
2548 1169 2718 1241 signo
2750 1176 2922 1244 cujus
2955 1176 3015 1231 in
3044 1162 3279 1250 regione
3309 1162 3545 1256 eclipsis
3576 1162 3702 1258 fiat,

2050 1256 2107 1305 et
2134 1253 2450 1311 affectuum
2476 1260 2616 1315 vitia
2640 1279 2742 1332 pro
2773 1266 3010 1337 eclipsis
3034 1253 3440 1342 magnitudine
3468 1277 3541 1332 ad
3568 1253 3703 1348 plu;

2052 1354 2144 1393 res
2177 1358 2409 1399 menses
2435 1350 2613 1417 atque
2644 1351 2822 1406 etiam
2853 1370 3042 1410 annos
3069 1360 3409 1416 extendunt.

2123 1437 2273 1493 Sunt
2329 1442 2427 1511 qui
2483 1444 2542 1498 in
2602 1446 2921 1519 eclipsibus
2984 1453 3271 1511 rationem
3325 1458 3701 1529 planetarum

2051 1527 2407 1598 pracipuam
2444 1531 2643 1589 haberi
2671 1536 2900 1605 volunt,
2935 1547 2992 1595 et
3024 1542 3095 1598 iis
3155 1527 3408 1603 maxime
3434 1548 3710 1616 homini-

2049 1613 2161 1670 bus
2196 1616 2385 1673 labem
2418 1620 2743 1679 timendam
2777 1628 3093 1699 afﬁrmant,
3130 1650 3383 1705 quorum
3432 1637 3492 1692 in
3526 1640 3701 1695 horo-

2049 1719 2224 1774 scopo
2277 1707 2359 1777 [P.
2410 1709 2538 1782 508]
2587 1713 2762 1769 iidem
2795 1718 2897 1787 qui
2950 1718 3271 1792 eclipsibus
3314 1725 3702 1784 dominantur

2048 1791 2315 1863 planeta,
2337 1802 2662 1869 praesrtim
2693 1804 2743 1858 si
2774 1791 3148 1878 malignioris
3181 1817 3406 1869 natura
3436 1820 3600 1883 sunt,
3634 1822 3702 1872 ut

288 1876 531 1927 ctuntur
577 1876 816 1945 quidem
850 1896 984 1937 cum
1016 1883 1157 1953 illis,
1192 1892 1291 1943 sed
1327 1908 1491 1963 casu,
1524 1912 1639 1951 non
1673 1898 1933 1955 efticien-
1966 1896 2014 1962 B
2050 1881 2205 1938 Mars
2237 1889 2295 1939 et
2324 1889 2635 1959 Saturnus»
2683 1897 2741 1948 et
2791 1911 2825 1948 ⁸
2870 1895 3035 1968 Jove)
3066 1897 3289 1957 Venere
3319 1907 3376 1958 et
3407 1903 3697 1961 Mercurio

290 1959 390 2027 tia,
428 1977 589 2017 mera
619 1966 1043 2043 contingentia,
1076 1992 1192 2031 non
1228 1981 1598 2040 necessitate.

368 2087 721 2145 Necessaria
745 2099 886 2149 sunt
907 2113 1113 2155 omnes
1138 2102 1420 2175 ecclipses
1451 2107 1595 2164 solis
1616 2117 1673 2165 et
1695 2112 1867 2180 luna,
1891 2119 1949 2170 et

300 2179 648 2235 necessariis
670 2180 992 2241 intervallis
1015 2189 1328 2261 distincta,
1362 2197 1643 2254 ordinata
1668 2201 1821 2257 inter
1850 2220 1946 2258 se-

299 2282 380 2334 se,
411 2271 468 2322 et
497 2268 576 2323 ita
607 2272 1044 2341 quodammodo
1065 2285 1454 2339 concatenata
1490 2291 1553 2341 ut
1583 2289 1701 2345 sint
1734 2290 1945 2347 infalli-

303 2446 477 2515 bella,
510 2454 729 2508 mortes
760 2454 1091 2529 principum
1142 2462 1310 2531 plane
1361 2446 1744 2539 contigentes-
1771 2476 1827 2526 et
1857 2446 1949 2528 so;

301 2536 439 2592 luta
468 2539 763 2597 coharent
786 2546 1189 2605 accidentibus
1212 2560 1268 2607 et
1294 2554 1783 2630 circumstantiis,
1821 2578 1948 2634 qua

304 2632 370 2680 ut
399 2644 467 2682 ex
492 2627 803 2687 hominum
836 2633 1020 2692 libera
1048 2639 1345 2697 voluntate
1378 2650 1436 2699 et
1466 2646 1706 2704 fortuito
1746 2627 1950 2706 causa-

302 2734 434 2773 rum
466 2736 758 2777 concursu
811 2729 1069 2797 pendent
1116 2730 1196 2786 ita
1253 2736 1564 2792 mutationi
1595 2745 1734 2794 sunt
1765 2743 1951 2797 obno-

299 2806 429 2873 xia,
462 2814 520 2864 et
552 2813 836 2868 anteverti
868 2816 955 2870 vel
989 2817 1263 2889 impediri
1289 2832 1558 2894 possunt.
1593 2828 1779 2892 Quam
1815 2846 1952 2903 ergo

300 2896 693 2968 incongruum
725 2905 782 2956 et
812 2903 1151 2964 irrationale
1207 2910 1396 2967 facere
1445 2932 1539 2972 res
1588 2920 1951 2976 necessarias

302 2991 358 3039 et
389 2985 788 3047 immutabiles
837 3009 1049 3052 causas
1098 2999 1413 3058 affectuum
1449 3007 1865 3079 contigentium
1899 3016 1955 3066 et

303 3075 683 3133 mutabilium
701 3078 729 3134 ?

368 3189 506 3246 XVI.
530 3192 671 3248 Tam
704 3195 871 3253 facile
892 3200 1006 3257 dici
1033 3208 1231 3273 posset
1255 3212 1451 3263 ortum
1486 3210 1629 3267 solis
1654 3217 1756 3267 aut
1784 3230 1953 3270 occa-

300 3294 435 3334 sum
458 3280 608 3336 luna
631 3299 870 3341 causam
894 3304 1022 3344 esse
1043 3291 1380 3363 jurgiorum
1403 3301 1460 3352 et
1480 3302 1946 3374 contentionum,

302 3384 427 3440 qua
471 3371 559 3426 vel
582 3371 844 3430 interdiu
876 3377 964 3433 vel
994 3386 1169 3435 noctu
1197 3384 1570 3457 contingunt,
1604 3405 1783 3459 quam
1808 3371 1947 3445 ccli;

301 3475 434 3530 pses
494 3462 833 3519 morborum
897 3472 955 3520 et
1011 3470 1439 3541 calamitatum,
1472 3491 1599 3544 qua
1633 3484 1768 3548 post
1813 3479 1947 3535 illas

299 3548 468 3603 fiunt.
493 3548 666 3605 Certe
689 3553 1056 3623 aquinoctiis
1090 3564 1145 3611 et
1179 3558 1471 3626 solstitiis,
1498 3580 1624 3634 qua
1649 3571 1858 3636 quater
1886 3568 1944 3624 in

298 3653 454 3691 anno
477 3638 603 3708 lege
626 3645 784 3693 certa
809 3640 958 3695 ﬁunt
990 3643 1040 3696 ei
1068 3649 1401 3717 temporum
1432 3650 1583 3708 vices
1623 3671 1733 3711 sua
1763 3657 1945 3714 diver-

297 3724 467 3779 sitate
496 3726 750 3782 formant
772 3733 825 3783 et
852 3730 1250 3803 distinguunt,
1295 3753 1473 3795 causa
1502 3749 1702 3812 posset
1732 3747 1945 3803 ascribi

295 3828 400 3867 cur
449 3819 642 3883 pestes
673 3821 730 3871 et
760 3816 932 3889 bella,
968 3836 1073 3875 cur
1103 3823 1301 3881 clades
1334 3844 1648 3901 regnorum
1684 3844 1739 3890 et
1786 3838 1946 3892 sedi-

293 3901 484 3956 tiones
507 3903 860 3974 populorum
882 3910 1172 3967 eveniant.
1193 3914 1334 3970 Tam
1360 3917 1702 3979 innocentes
1725 3924 1945 3982 haben-

294 3990 380 4046 da
411 3999 549 4047 sunt
582 3993 1031 4062 conjunctiones
1062 4001 1205 4058 solis
1236 4010 1291 4059 et
1326 4005 1480 4063 luna
1513 4011 1944 4071 defectionibus

290 4080 573 4151 obnoxia,
606 4098 782 4153 quam
815 4102 946 4157 qua
977 4094 1114 4145 sunt
1143 4091 1215 4146 ab
1262 4094 1347 4150 eis
1378 4096 1697 4155 immunes.
1735 4103 1945 4160 Omnia

290 4169 530 4240 quidem
555 4170 883 4242 plenilunia
908 4181 963 4231 et
988 4179 1288 4237 novilunia
1312 4201 1557 4257 magnas
1577 4189 1862 4248 invehunt
1884 4195 1940 4249 in

293 4258 495 4313 orbem
529 4262 912 4330 mutationes,
973 4268 1075 4321 sed
1126 4275 1493 4330 necessarias
1523 4286 1577 4331 et
1608 4280 1680 4333 ad
1712 4279 1942 4337 felicem

290 4347 497 4402 mundi
527 4353 754 4405 statum
807 4354 1107 4424 sapienter
1136 4374 1169 4412 a
1199 4358 1315 4415 Deo
1344 4365 1634 4421 ordinata.
1669 4367 1801 4437 Ver,
1834 4386 1943 4426 as-

290 4440 404 4503 tas,
437 4442 782 4509 autumnus,
814 4440 1004 4498 hiems
1026 4461 1095 4500 ex
1116 4448 1258 4503 solis
1280 4454 1336 4505 et
1355 4450 1507 4507 luna
1532 4454 1777 4513 diversis
1804 4475 1942 4515 con-

290 4526 662 4584 versionibus
691 4529 985 4603 oriuntur,
1032 4539 1090 4589 et
1134 4536 1206 4591 iis
1247 4543 1593 4598 necessariis
1627 4547 1697 4601 ad
1725 4551 1942 4620 tempo-

283 4630 416 4670 rum
468 4618 948 4676 commoditatem
977 4626 1034 4678 et
1063 4624 1377 4684 hominum
1412 4631 1777 4705 felicitatem,
1809 4618 1936 4709 qua
1967 4633 2014 4699 D

281 4720 515 4776 semper
543 4707 744 4763 eadem
800 4708 948 4782 lege,
1001 4729 1177 4783 quam
1226 4716 1391 4775 initio
1443 4737 1639 4779 rerum
1669 4727 1935 4782 conditor

280 4795 608 4861 constituit,
635 4813 876 4853 cursum
910 4805 1230 4859 tenuerunt
1260 4811 1318 4861 et
1349 4810 1652 4867 tenebunt.
1680 4816 1821 4879 Quis
1838 4834 1932 4872 sa-

277 4883 446 4951 piens
478 4883 550 4939 iis
573 4886 830 4942 ascribat
861 4889 1211 4948 saculorum
1234 4896 1647 4956 calamitates?
1677 4905 1811 4975 quis
1832 4923 1934 4962 eo-

280 4985 413 5026 rum
446 4973 878 5046 malignitatem
938 4979 997 5035 in
1058 4982 1303 5040 adversa
1352 5004 1667 5059 regnorum
1696 4994 1934 5054 fortuna

281 5065 566 5115 accusat?
620 5064 754 5133 quis
809 5067 1182 5139 proditionis,
1219 5075 1354 5145 quis
1407 5074 1559 5135 lasa
1602 5084 1931 5154 majestatis

282 5149 688 5206 condemnat?

350 5264 714 5321 Excusentur
744 5269 927 5340 igitur
956 5277 1165 5345 synodi
1198 5281 1582 5342 luminiarum
1624 5288 1929 5361 ecliptica,

278 5369 407 5424 qua
441 5370 557 5408 non
593 5354 791 5411 minus
822 5366 1166 5420 necessaria
1218 5386 1406 5441 neque
1459 5374 1656 5431 minus
1716 5380 1783 5434 ad
1823 5381 1927 5438 bo-

274 5533 552 5603 opinione
584 5533 1011 5607 maleficentia,
1058 5558 1176 5612 qua
1225 5564 1339 5603 non
1373 5552 1508 5621 plus
1538 5554 1926 5627 malignitatis

272 5620 513 5688 habent,
548 5640 672 5692 qua
722 5640 835 5678 non
879 5624 1013 5694 plus
1063 5632 1274 5688 virium
1308 5620 1389 5692 ad,
1418 5643 1801 5702 mutationem
1838 5665 1928 5705 ae-

274 5709 353 5763 ris
389 5714 442 5764 et
476 5711 794 5767 humerum
830 5715 1047 5771 sortita
1084 5726 1241 5773 sunt.

2054 1971 2141 2026 vis
2172 1990 2371 2030 eorum
2406 1978 2691 2036 maleﬁcia
2725 1999 2837 2038 non
2870 1986 3247 2059 refringatur.

2124 2071 2269 2125 Sunt
2300 2074 2401 2144 qui
2461 2093 2563 2146 pro
2621 2080 2798 2136 variis
2856 2084 3173 2141 domnibus
3217 2088 3576 2155 coelestibus,
3637 2091 3698 2146 in

2055 2159 2273 2230 quibus
2305 2162 2551 2234 eclipses
2584 2167 2752 2237 fiunt,
2785 2170 3164 2243 distinguunt
3196 2176 3484 2233 malorum
3538 2179 3699 2235 varia

2060 2264 2273 2319 genera
2303 2268 2710 2323 personarum,
2744 2259 2964 2329 quibus
3021 2277 3090 2317 ea
3146 2265 3302 2319 mala
3333 2266 3698 2337 impendent.

2056 2339 2119 2391 In
2154 2354 2308 2394 nona
2338 2342 2510 2397 domo
2541 2344 3041 2416 signiﬁcationem
3091 2353 3451 2410 seditionum
3483 2364 3537 2411 et
3569 2374 3703 2411 mu-

2056 2426 2308 2483 tationes
2340 2429 2690 2503 religionum
2724 2436 2849 2492 ﬁeri
2882 2448 3189 2499 asserunt:
3225 2443 3284 2496 in
3308 2444 3518 2514 quinta
3539 2461 3708 2516 agro-

2059 2533 2189 2571 rum
2224 2518 2587 2590 sterilitates,
2620 2524 2801 2579 fames
2834 2530 2892 2580 et
2921 2533 3117 2599 pestes
3150 2533 3441 2602 portendi,
3497 2533 3705 2589 aulicis

2060 2605 2304 2661 fortuna
2334 2607 2612 2676 ludibria,
2636 2616 3077 2685 pragnantibus
3110 2619 3342 2676 feminis
3379 2628 3585 2692 partus
3614 2623 3708 2678 in-

2056 2693 2396 2752 felicitatem
2438 2701 2726 2769 nuntiari;
2759 2704 2818 2758 in
2867 2711 3078 2776 quarta
3136 2709 3310 2765 domo
3361 2711 3618 2768 Saturno
3650 2720 3708 2768 et

2061 2783 2247 2841 Marte
2277 2803 2412 2843 cum
2470 2790 2673 2863 eclipsi
2724 2796 3209 2854 convenientibus
3256 2801 3568 2858 vastitates
3601 2819 3703 2858 ur-

2060 2873 2224 2929 bium
2276 2881 2333 2931 et
2388 2879 2764 2936 dominorum
2822 2886 3207 2942 mutationem
3259 2888 3602 2960 significari.
3639 2893 3707 2948 Et

2061 2962 2183 3017 hac
2215 2964 2475 3036 quidem,
2508 2968 2738 3040 aliaque
2770 2987 2886 3027 non
2919 2973 3184 3043 meliora,
3216 2980 3378 3032 tanta
3408 2978 3713 3035 conﬁden-

2060 3052 2142 3107 tia
2173 3054 2411 3123 quidam
2444 3059 2851 3131 pronuntiant,
2885 3063 3055 3134 quasi
3088 3070 3243 3123 certo
3277 3068 3712 3138 futuraessent,

2061 3145 2119 3195 et
2149 3144 2266 3195 tam
2298 3148 2467 3198 certa
2499 3161 2699 3201 eorum
2733 3164 2923 3204 causa
2978 3152 3049 3207 iis
3100 3156 3442 3225 creduntur,
3478 3162 3543 3212 ut
3574 3174 3711 3229 per-

2066 3246 2243 3285 sonas
2273 3231 2450 3286 etiam
2482 3233 2814 3306 singulares
2845 3254 3011 3309 sexu,
3045 3244 3409 3311 professione
3439 3250 3497 3301 et
3527 3246 3716 3319 digni-

2063 3322 2180 3372 tate
2231 3317 2484 3390 aliisque
2515 3324 2768 3394 propriis
2801 3327 3243 3387 conditionibus
3294 3317 3625 3406 designent,
3658 3342 3718 3393 et

2057 3406 2204 3478 ipsis
2233 3408 2577 3466 nominibus
2607 3411 2927 3486 appellare,
2969 3417 3019 3472 si
3070 3423 3197 3475 tuto
3229 3430 3493 3493 possent,
3526 3426 3711 3497 proﬁ-

2055 3500 2308 3551 teantur.

2128 3597 2304 3651 XVII.
2340 3596 2400 3653 In
2434 3597 2543 3655 hoc
2572 3615 2784 3672 genere
2816 3604 3195 3675 praﬁdentia
3241 3617 3443 3682 peccat
3490 3613 3550 3669 in
3582 3614 3706 3686 pri-

2056 3686 2169 3743 mis
2199 3688 2529 3760 Cyprianus
2551 3690 2841 3750 Leovitius
2871 3694 2930 3750 in
2963 3697 3357 3769 descriptione
3387 3707 3441 3757 et
3469 3704 3705 3775 pictura

2052 3775 2347 3848 eclipseon
2398 3795 2527 3849 qua
2574 3781 2645 3835 ab
2694 3798 2846 3838 anno
2880 3785 3015 3839 1554
3049 3803 3237 3858 usque
3267 3791 3337 3844 ad
3372 3792 3512 3847 1605
3559 3809 3703 3848 con-

2052 3865 2335 3937 tigerunt,
2370 3867 2467 3922 ubi
2500 3885 2701 3925 earum
2732 3872 3222 3944 signiﬁcationem
3271 3878 3442 3950 plane
3489 3897 3701 3937 secun-

2054 3955 2191 4009 dum
2227 3956 2457 4027 regulas
2490 3959 2819 4032 astrologia
2839 3963 3175 4032 judiciaria
3205 3967 3505 4026 describit.
3534 3973 3699 4038 Quod

2052 4048 2109 4097 et
2140 4050 2419 4115 prastant
2449 4052 2580 4117 post
2609 4048 2991 4107 Ptolemaeum
3015 4054 3340 4127 Gardanus,
3363 4060 3699 4133 Junctinus,

2052 4132 2365 4204 Origanus,
2397 4139 2453 4190 et
2482 4135 2579 4191 alii
2612 4138 3054 4209 ephemeridum
3091 4145 3530 4218 scriptores,‘ut
3554 4132 3699 4209 artis

2044 4220 2374 4290 judiciaria
2445 4226 2808 4294 professores
2884 4230 3142 4302 plerique
3199 4251 3424 4293 omnes.
3484 4243 3699 4297 Contra

2051 4326 2202 4380 quos
2233 4310 2380 4365 nihil
2412 4328 2517 4384 ego
2550 4316 2743 4372 modo.
2777 4318 3045 4375 Sufﬁciat
3076 4324 3231 4393 quod
3264 4325 3336 4382 de
3380 4327 3702 4400 eclipsibus

2050 4394 2146 4451 hic
2195 4401 2594 4469 pronuntiavi,
2643 4419 2742 4459 eas
2772 4421 2842 4460 ex
2872 4411 3203 4466 necessario
3234 4417 3291 4467 et
3320 4432 3353 4468 a
3384 4419 3496 4471 Deo
3529 4416 3699 4472 ordi-

2051 4490 2189 4541 nato
2221 4485 2365 4543 solis
2396 4492 2454 4544 et
2481 4489 2635 4546 luna
2665 4508 2915 4550 occursu
2971 4497 3060 4552 vel
3110 4502 3480 4572 oppositione
3526 4505 3703 4562 inno-

2051 4575 2204 4629 centi
2228 4577 2480 4647 prodire;
2509 4595 2759 4650 quarum
2799 4588 3099 4642 auctorem
3124 4595 3405 4647 accusant
3444 4592 3485 4647 ii
3516 4593 3701 4666 impie

2046 4664 2147 4734 qui
2181 4680 2277 4720 eas
2309 4669 2395 4721 tot
2426 4667 2719 4726 malorum
2772 4687 2984 4729 causas
3034 4674 3235 4733 haberi
3284 4679 3512 4751 volunt,
3545 4664 3696 4741 etse

2045 4750 2206 4823 ipsos
2236 4753 2537 4823 impietate
2586 4757 2728 4813 artis
2770 4758 3010 4815 infamis
3042 4766 3099 4816 et
3132 4763 3407 4823 humanis
3442 4768 3695 4826 divinis-

2045 4858 2158 4913 que
2187 4841 2417 4915 legibus
2449 4844 2769 4902 interdicta
2801 4850 3226 4910 contaminant.

2120 4941 2309 4996 Liceat
2364 4941 2726 5013 infidelibus,
2761 4951 2864 5002 aut
2920 4949 3060 5019 quid
3119 4953 3196 5008 sit
3253 4953 3492 5028 eclipsis
3525 4957 3693 5032 igno-

2044 5030 2337 5097 rantibus,
2374 5030 2547 5101 luna,
2584 5037 2648 5088 ut
2676 5038 2906 5105 putant,
2940 5037 3241 5097 laboribus
3272 5030 3571 5116 opitulari:
3607 5049 3696 5103 Li—

2042 5124 2170 5175 ceat
2229 5120 2647 5178 tintinnabulis
2704 5128 2761 5179 et
2817 5126 2948 5183 aris
2992 5144 3137 5185 sono
3207 5148 3386 5203 quam
3442 5143 3694 5208 possunt

2040 5208 2559 5264 vehementissimo
2612 5214 2830 5268 terrere
2887 5215 3222 5289 draconem,
3259 5222 3359 5292 qui
3391 5240 3521 5281 cum
3552 5226 3697 5284 luna

2041 5300 2440 5370 congreditur.
2473 5298 2672 5356 Liceat
2701 5301 3068 5362 mulierculis
3108 5310 3265 5381 sagis
3296 5316 3352 5368 et
3382 5313 3693 5392 maleﬁcis,

2041 5403 2167 5458 qua
2197 5388 2347 5443 luna
2384 5405 2612 5445 amores
2671 5391 2937 5448 ambiunt
2996 5400 3099 5452 aut
3146 5402 3407 5459 vendunt
3438 5388 3691 5480 favores,

2039 5492 2166 5531 eam
2204 5493 2232 5532 e
2264 5477 2521 5533 tenebris
2566 5488 2961 5551 emergentem
3008 5483 3098 5540 vel
3148 5487 3403 5548 salutare
3435 5477 3693 5552 redeun;

2037 5568 2155 5620 tem
2231 5565 2318 5621 vel
2403 5566 2769 5638 proclamare
2843 5570 3164 5631 victricem.
3222 5578 3573 5640 Christianis
3634 5591 3697 5643 et

2039 5655 2221 5709 Deum
2256 5655 2607 5711 timentibus
2637 5662 2694 5713 et
2723 5660 2973 5716 eruditis
3004 5665 3168 5720 nefas
3196 5683 3469 5727 accusare
3506 5674 3690 5734 Deum

2040 5746 2096 5799 in
2144 5745 2421 5816 operibus
2476 5750 2597 5801 tam
2658 5749 2923 5818 pralaris
2979 5756 3037 5808 et
3093 5754 3374 5818 beneﬁcis
3429 5762 3574 5821 solis
3630 5771 3693 5824 et
