4072 6448
264 518 403 576 1177

1663 508 2283 569 CHRONOLOGICUS.

3540 487 3680 543 1178

265 644 444 710 lunae,
486 641 878 699 existimando
926 646 1147 697 temere
1200 640 1353 696 τεο
1402 640 1658 710 synodos
1706 651 1910 692 eorum
1942 636 1995 701 Α
2104 631 2248 686 ’121
2291 631 2477 699 Atque
2517 626 2589 680 de
2649 621 2797 695 ipsis
2855 619 3198 710 eclipsibus,
3258 632 3403 710 quas
3448 613 3685 684 gemina

269 735 450 789 etiam
500 732 805 804 eclipticas
846 732 937 786 vel
977 730 1210 787 efﬁcere
1258 730 1346 785 vel
1379 728 1651 784 nuntiare
1681 725 1922 781 calami-

272 829 423 879 tates
474 823 633 877 orbis
685 826 1002 889 terrarum,
1041 818 1127 873 vel
1163 835 1365 875 omnes
1390 816 1483 872 vel
1518 816 1764 871 maxime
1794 830 1923 886 per-

268 911 553 969 nieiosas.

347 1001 459 1057 Sed
494 999 695 1072 negari
727 1015 843 1053 non
885 1002 1076 1071 potest
1106 997 1251 1068 quin
1286 995 1454 1051 multi
1490 995 1754 1050 defectus
1786 991 1927 1047 solis

272 1096 329 1147 et
360 1090 517 1145 lunae
556 1105 691 1144 cum
734 1088 1166 1143 calamitatibus
1191 1086 1441 1157 publicis
1471 1092 1528 1141 et
1561 1088 1743 1139 morte
1768 1082 1929 1153 prin-

274 1180 478 1251 cipum
535 1194 685 1248 saepe
715 1182 1089 1233 concurrant.
1122 1176 1230 1231 Sed
1267 1175 1662 1231 conﬁtendum
1697 1187 1931 1244 quoque

282 1268 457 1340 longe
507 1266 705 1338 plures
756 1272 813 1321 et
856 1266 1107 1338 eclipses
1151 1266 1279 1320 sine
1319 1264 1392 1319 iis
1433 1263 1668 1319 casibus
1690 1268 1748 1317 et
1781 1261 1930 1316 inle-

274 1357 421 1413 liees
473 1372 671 1411 rerum
730 1360 975 1411 eventus
1029 1354 1157 1409 sine
1212 1352 1534 1425 eclipsibus
1587 1350 1928 1422 contigisse.

276 1446 615 1503 Concursus
647 1443 977 1500 admittitur
1006 1443 1066 1498 in
1099 1442 1419 1514 aliquibus,
1452 1440 1511 1496 in
1546 1439 1725 1496 nullis
1757 1453 1934 1493 causa

276 1535 583 1609 probatur,
638 1533 697 1588 in
745 1534 1028 1589 omnibus
1074 1531 1476 1604 contingentia
1523 1535 1580 1586 et
1609 1545 1805 1586 merus
1837 1545 1933 1584 ca-

281 1640 386 1680 sus
419 1624 825 1693 agnoscendus
857 1626 968 1678 est.

348 1728 551 1785 XVIII.
602 1731 676 1783 At
722 1727 863 1798 quid
901 1726 1170 1798 prohibet
1194 1726 1378 1782 Deum
1413 1727 1482 1781 ad
1528 1724 1933 1780 incutiendum

286 1817 630 1873 nominibus
671 1834 788 1871 suae
839 1818 1165 1887 majestatis
1198 1816 1515 1871 salutarem
1553 1814 1933 1870 reverentiam

280 1906 534 1978 eclipses
594 1905 916 1976 adhibere,
966 1922 1185 1977 easque
1252 1905 1407 1960 velut
1456 1905 1610 1960 faces
1668 1904 1936 1958 funereas

282 2001 602 2062 ostentare,
650 1995 700 2051 si
741 2012 855 2051 non
915 2012 1147 2063 causas,
1180 1993 1389 2051 saltem
1424 1992 1786 2065 praenuntias
1812 1992 1933 2047 cla-
1963 1999 2013 2064 Β

281 2085 448 2140 dium
480 2083 865 2157 generalium,
898 2090 954 2139 et
984 2085 1159 2139 tubas
1180 2082 1495 2149 bellorum,
1516 2082 1729 2152 quibus
1755 2097 1929 2134 mun-

279 2175 421 2229 dum
473 2174 733 2245 afﬂigere
782 2179 840 2229 et
870 2174 1158 2245 corrigere
1189 2172 1540 2228 constituit?
1571 2171 1662 2226 Nil
1694 2170 1930 2242 quidem

279 2263 337 2317 id
392 2262 513 2317 ﬁeri
566 2262 856 2333 prohibet,
904 2262 1003 2317 sed
1064 2266 1122 2316 et
1170 2260 1313 2315 nihil
1376 2262 1725 2331 persuadet;
1776 2265 1833 2315 et
1882 2258 1930 2313 si

275 2352 517 2423 quando
561 2350 620 2406 id
670 2352 824 2407 Deus
857 2351 1079 2418 fecerit,
1124 2351 1254 2421 quis
1287 2351 1500 2406 audeat
1539 2350 1661 2416 ubi,
1701 2348 1932 2418 quando

272 2447 330 2497 et
389 2440 619 2512 quoties
682 2440 837 2495 Deus
882 2440 935 2493 id
995 2440 1213 2494 efﬁciat
1268 2438 1576 2510 proﬁteri?
1623 2438 1723 2491 Cui
1785 2438 1933 2491 Deus

276 2546 453 2585 suum
480 2546 549 2584 ea
581 2531 652 2584 de
684 2545 742 2583 re
779 2528 1090 2583 consilium
1126 2527 1383 2597 aperuit?
1416 2527 1525 2581 Res
1558 2527 1729 2597 plane
1762 2525 1931 2593 mira,

278 2636 383 2674 nec
438 2617 639 2673 divino
699 2616 951 2673 consilio
1019 2624 1215 2681 vacat,
1270 2616 1422 2685 quod
1489 2616 1542 2668 in
1599 2620 1715 2669 tota
1768 2630 1930 2667 sacra

277 2708 578 2779 Scriptura
622 2706 841 2761 nullius
892 2705 1133 2761 omnino
1183 2704 1649 2774 eclipsismentio
1682 2704 1765 2767 ﬁt,
1796 2718 1929 2757 cum

287 2803 485 2852 tamen
547 2797 605 2850 in
656 2795 873 2867 populo
923 2795 1023 2849 Dei
1068 2810 1173 2849 nec
1206 2798 1422 2848 mortes
1455 2791 1785 2864 principum
1828 2807 1932 2846 nec

277 2887 439 2942 bella
482 2902 588 2941 nec
614 2886 978 2940 calamitates
1009 2885 1298 2938 deessent.
1336 2882 1458 2938 Non
1492 2883 1693 2936 deerat
1719 2897 1931 2935 sensus

292 2975 685 3038 miseriarum,
740 2991 855 3028 non
908 2974 1148 3027 deerant
1175 2972 1324 3027 oculi
1347 2973 1415 3026 ad
1451 2973 1698 3042 eclipses
1728 2971 1934 3025 viden-

290 3065 396 3119 das
416 3080 551 3120 cum
594 3062 844 3135 publicis
875 3062 1142 3117 cladibus
1174 3064 1755 3132 conjunctas.Deerat
1787 3060 1934 3115 forte

289 3152 697 3219 Providentia,
756 3169 875 3206 sua:
932 3151 1125 3223 gentis
1183 3150 1390 3205 salutis
1449 3150 1752 3221 negligens
1816 3164 1931 3203 non

290 3243 645 3299 admonebat
690 3240 990 3296 attendere
1026 3247 1095 3295 ad
1149 3240 1318 3311 signa
1351 3245 1465 3295 tam
1500 3238 1777 3303 visibilis,
1808 3254 1934 3308 quae

289 3334 413 3387 tam
449 3334 717 3402 patenter
746 3346 925 3400 quam
979 3334 1136 3383 certo
1168 3346 1285 3383 suis
1318 3328 1632 3382 iracundiae
1665 3333 1721 3382 et
1747 3326 1934 3381 homi-
1966 3367 2009 3434 Ο

288 3437 432 3474 num
479 3418 850 3489 castigationi
912 3417 1351 3489 praeminebat?
1380 3418 1705 3472 Profuisset
1730 3417 1786 3471 id
1810 3417 1936 3487 qui-

290 3510 425 3565 dem
456 3508 791 3563 Judaeorum
828 3508 1009 3578 genti,
1040 3512 1097 3561 et
1124 3505 1475 3563 Christianis
1524 3523 1638 3561 non
1688 3507 1942 3562 obesset.

286 3599 401 3655 Sed
434 3597 750 3654 consilium
787 3597 883 3653 Dei
916 3597 1323 3652 absconditum
1360 3614 1392 3651 a
1426 3596 1681 3665 saeculis,
1714 3601 1768 3651 et
1798 3596 1944 3668 ipsis

288 3687 593 3760 prophetis
646 3704 758 3743 non
799 3687 1148 3755 revelatum,
1192 3702 1286 3741 ars
1328 3685 1643 3755 judiciaria
1676 3690 1945 3757 penetra-

289 3778 375 3832 vit
421 3776 669 3841 scilicet,
706 3781 764 3832 et
815 3776 874 3831 in
927 3775 1069 3831 coelo
1110 3777 1394 3846 scriptum
1429 3775 1621 3841 docet,
1655 3774 1754 3829 sed
1789 3775 1939 3829 dun-

287 3870 457 3921 taxat
486 3864 851 3921 intellectum
886 3865 1077 3936 legere
1127 3863 1451 3918 scientibus
1472 3863 1500 3917 ?
1531 3863 1711 3934 Nugae
1741 3862 1943 3918 merae!

294 3956 361 4009 In
412 3954 524 4009 hoc
577 3971 714 4025 ergo
769 3953 957 4024 pietas
1013 3958 1069 4007 et
1123 3951 1409 4024 sapientia
1446 3951 1775 4007 Christiana
1805 3968 1946 4007 con-

293 4041 565 4113 quiescit,
599 4042 752 4112 quod
784 4040 1033 4110 eclipses
1055 4039 1174 4094 sint
1204 4040 1465 4094 defectus
1487 4039 1784 4094 naturales
1807 4037 1948 4095 solis

300 4135 361 4188 et
410 4131 582 4201 lunae,
617 4147 744 4202 quae
798 4129 1020 4185 nullam
1053 4128 1309 4184 habeant
1346 4128 1428 4199 [P.
1466 4128 1591 4200 509]
1628 4146 1738 4184 non
1774 4129 1947 4185 modo

294 4225 541 4289 certam,
574 4220 673 4275 sed
713 4236 781 4275 ne
809 4220 1047 4291 quidem
1084 4217 1446 4287 probabilem
1478 4218 1827 4286 efﬁcientia,
1859 4217 1948 4274 vel

296 4308 753 4381 significationis
825 4325 957 4363 cum
1028 4307 1285 4379 publicis
1354 4307 1794 4363 calamitatibus
1851 4311 1952 4363 aut

295 4405 487 4455 morte
547 4399 880 4471 principum
931 4398 1379 4466 connexionem,
1412 4397 1719 4469 multoque
1752 4397 1950 4455 minus

293 4505 432 4544 cum
463 4489 700 4543 fortuna
726 4492 783 4543 et
811 4487 1122 4543 eventibus
1150 4486 1351 4541 liberis
1379 4487 1758 4557 privatorum.

364 4601 484 4651 Hoc
537 4599 733 4649 autem
790 4610 1073 4666 magnum
1121 4593 1499 4649 commodum
1530 4593 1778 4663 eclipses
1810 4594 1954 4650 solis

289 4689 349 4741 et
380 4684 533 4739 lunae
560 4682 621 4738 in
654 4682 960 4738 historiam
1020 4688 1354 4753 temporum
1400 4682 1739 4752 important,
1796 4683 1951 4753 quod

294 4792 366 4830 ex
396 4791 599 4830 earum
635 4774 890 4830 tenebris
923 4790 1031 4829 sua
1062 4771 1190 4844 ipsa
1221 4772 1580 4827 obscuritate
1620 4772 1952 4829 manifestis

292 4864 394 4919 lux
444 4880 656 4935 magna
707 4879 859 4934 sazpe
904 4862 1081 4917 rebus
1112 4861 1297 4933 gestis
1320 4862 1621 4917 accedant.
1655 4861 1757 4916 Vix
1788 4861 1944 4916 enim

298 4952 649 5007 melioribus
703 4951 939 5007 indiciis
997 4951 1169 5005 initia
1223 4967 1562 5023 regnorum,
1614 4951 1949 5007 nativitates

298 5041 670 5113 principum,
726 5041 976 5097 Victoriae
1036 5039 1329 5107 illustres,
1393 5040 1623 5111 aliaque
1680 5040 1833 5095 scitu
1892 5044 1950 5096 et

300 5131 816 5186 commendatione
895 5128 1255 5202 posteritatis
1328 5130 1508 5201 digna
1585 5128 1947 5201 probantur},

295 5235 478 5291 quam
520 5218 861 5290 eclipsibus.
916 5217 1305 5290 Chronologia
1355 5235 1557 5291 regum
1611 5219 1949 5288 Persarum,

296 5308 428 5380 Cyri
467 5312 525 5364 et
552 5307 863 5363 Alexandri
895 5306 1257 5375 monarchia,
1293 5315 1350 5363 et
1382 5308 1662 5364 connexio
1696 5308 1950 5379 profanae

296 5398 561 5454 historia:
594 5414 728 5452 cum
768 5414 936 5452 sacra
994 5396 1248 5452 maxime
1297 5396 1632 5453 illustratur
1680 5414 1780 5469 per
1811 5396 1952 5453 ecli-

298 5503 482 5559 pseon
532 5491 722 5541 certos
772 5491 1036 5541 eventus.
1083 5485 1230 5541 Tota
1259 5486 1440 5541 series
1490 5485 1751 5541 historiae
1797 5486 1952 5542 Grae-

300 5591 530 5642 corum,
590 5581 648 5630 et
702 5576 967 5631 fundatio
1029 5575 1305 5629 Romanis
1362 5574 1736 5644 reipublicae,
1788 5580 1851 5630 ut
1899 5579 1957 5632 et

298 5669 503 5740 gestas
530 5663 675 5720 Julii
702 5650 968 5735 Caesaris,
1004 5663 1253 5736 Augusti
1283 5668 1340 5719 et
1366 5664 1616 5720 aliorum
1639 5664 1954 5736 imperato-

308 5770 444 5810 rum
476 5751 625 5811 nihil
656 5753 875 5809 habent
904 5751 1120 5808 certius
1148 5769 1325 5823 quam
1352 5753 1507 5825 quod
1532 5753 1956 5810 defectionibus

308 5840 456 5901 solis
484 5847 588 5900 aut
617 5840 771 5899 lunas
805 5840 1207 5900 constituitur.

2027 718 2442 776 dissertatione
2514 711 2891 785 epilogismis
2935 708 3213 769 deﬁnivi,
3258 706 3364 761 hoc
3441 716 3685 775 possum

2028 808 2237 865 merito
2272 805 2552 878 proﬁteri,
2585 820 2683 859 eas
2719 802 2961 855 fundare
3007 794 3365 853 solidissime
3394 791 3679 847 rationem

2029 904 2363 970 temporum
2425 894 2579 949 circa
2636 908 2758 960 quae
2791 887 3185 960 contigerunt,
3227 900 3354 955 quae
3407 881 3534 935 sine
3561 878 3682 932 illis

2031 969 2281 1044 obscura
2334 983 2653 1040 admodum
2704 983 2794 1035 est
2842 982 2897 1033 et
2950 975 3179 1048 magnis
3230 969 3681 1027 difﬁcultatibus

2034 1076 2354 1145 implicata.
2412 1072 2580 1127 Unde
2639 1071 2748 1125 hoc
2806 1068 2935 1139 ipso
2995 1063 3234 1120 nomine
3292 1059 3482 1134 gratia
3530 1055 3690 1112 Patri

2030 1165 2329 1222 luminum
2382 1169 2439 1217 et
2489 1157 2858 1215 immortales
2908 1154 3212 1211 habendas
3245 1166 3392 1219 reor,
3428 1147 3582 1220 quod
3616 1145 3685 1199 de

2033 1254 2293 1310 tenebris
2352 1251 2544 1307 lucem
2602 1249 2880 1320 proterat,
2912 1248 2969 1301 et
3026 1260 3094 1299 ex
3122 1241 3266 1299 solis
3313 1256 3379 1295 ac
3408 1237 3564 1292 lunae
3593 1236 3690 1291 de‘

2040 1343 2389 1401 factionibus
2437 1340 2732 1397 historica:
2779 1335 3043 1393 veritatis
3072 1333 3271 1388 lumen
3305 1330 3534 1386 educat.
3573 1326 3688 1396 Ipsi

2037 1436 2223 1508 gloria
2253 1435 2312 1490 in
2356 1432 2570 1489 saecula
2625 1429 2997 1488 saeculorum.
3046 1427 3248 1482 Amen.
3307 1423 3575 1477 Hactenus
3622 1420 3686 1471 Ρ.

2041 1526 2351 1583 Grantami.

2678 1685 2914 1742 CAPUT
2945 1683 3040 1739 IV.

2041 1815 2331 1870 Statuitur
2356 1817 2566 1885 tempus
2596 1807 3127 1885 mortisiTheotlori,
3173 1800 3548 1885 coronationis
3579 1804 3695 1885 Pa:

2114 1886 2361 1957 (aeologi,
2417 1871 2650 1956 receptae
2698 1902 2739 1957 re
2778 1883 3007 1957 Latinis
3068 1871 3588 1946 constantinopolis,
3647 1871 3697 1924 et

2114 1955 2508 2014 excwralt'onis
2527 1956 2733 2029 pupilli
2761 1955 3011 2011 Joannis.

2118 2105 2162 2157 Ι.
2223 2103 2341 2157 Erit
2397 2102 2506 2158 hoc
2543 2102 2613 2157 de
2646 2118 2762 2173 quo
2788 2100 3077 2155 hactenus
3108 2101 3227 2151 tam
3261 2090 3464 2147 multis
3495 2090 3690 2143 actum

2048 2197 2159 2258 est,
2195 2190 2388 2247 solare
2418 2189 2771 2261 deliquium,
2803 2186 3129 2259 insigniens
3161 2181 3381 2238 illustri
3404 2179 3695 2234 characte-

2050 2298 2110 2335 re
2165 2280 2482 2336 articulum
2543 2279 2739 2350 ipsum
2796 2276 3101 2348 temporis,
3135 2272 3292 2328 unde
3340 2271 3545 2325 nostra
3574 2264 3696 2318 haec

2048 2368 2441 2440 proﬁciscitur
2488 2368 2756 2431 historia,
2797 2364 2927 2434 erit,
2979 2364 3247 2435 inquam,
3294 2356 3464 2413 nobis
3510 2354 3699 2409 instar

2048 2458 2162 2512 alte
2193 2457 2541 2512 collucentis
2572 2456 2737 2528 phari
2771 2460 3001 2526 portum
3037 2453 3193 2507 unde
3223 2448 3507 2504 solvimus
3530 2458 3701 2497 mon-

2046 2548 2313 2613 strantis,
2348 2563 2523 2616 quem
2557 2545 2709 2599 inter
2766 2544 3027 2599 eundum
3079 2538 3463 2609 respicientes
3506 2528 3698 2588 metiri

2047 2635 2295 2689 subinde
2320 2651 2669 2706 progressum
2684 2650 2735 2687 m
2762 2633 2953 2704 spatia
2967 2644 3252 2701 queamus
3265 2631 3544 2681 etcursus
3561 2618 3694 2673 uni-

2046 2723 2196 2779 versi
2248 2740 2526 2778 numcros
2571 2723 2834 2793 exsequi,
2881 2737 2995 2774 non
3029 2715 3458 2773 contemnendo
3501 2710 3587 2765 vel
3622 2708 3694 2762 ad

2045 2812 2313 2868 solatium
2350 2818 2725 2882 fructumque
2756 2808 2937 2865 animi
2962 2807 3050 2863 vel
3082 2807 3151 2860 ad
3184 2802 3398 2861 erroris
3431 2814 3695 2872 praecau-

2043 2903 2264 2958 tionem
2316 2918 2447 2955 usu.
2502 2901 2972 2972 Experimentum
3025 2912 3231 2968 capere
3265 2893 3519 2964 primum
3553 2888 3698 2943 libet

2043 2992 2104 3047 in
2154 2991 2442 3045 Theodori
2477 2996 2666 3045 morte
2715 2995 2772 3045 et
2802 2987 2965 3059 regni
2997 2986 3209 3058 spalio,
3245 2985 3316 3037 de
3348 2981 3563 3052 quibus
3599 2995 3697 3031 ac~

2045 3080 2465 3135 curatissimus
2521 3078 2861 3150 Acropolita
2916 3076 3003 3131 sic
3041 3075 3329 3145 scriptum
3364 3066 3607 3138 reliquit
3638 3065 3698 3120 in

2044 3171 2184 3224 Hist.
2233 3186 2290 3239 p.
2325 3168 2395 3222 85
2452 3169 2544 3222 ed.
2577 3172 2741 3239 Reg.:
2804 3166 3044 3224 Ἐκεῖνος
3078 3162 3171 3235 μὲν
3226 3157 3317 3214 οὖν
3376 3156 3516 3211 οὕτω
3574 3153 3703 3229 βιώο

2046 3279 2161 3328 σας,
2212 3254 2301 3310 καὶ
2355 3257 2523 3326 μήπω
2580 3255 2745 3317 ὅλους
2793 3254 3050 3326 τέτταρας
3099 3246 3375 3308 ἐνιαυτοὺς
3436 3244 3705 3316 αὐτοκρα-

2044 3347 2305 3419 minim“,
2361 3346 2498 3399 κατά
2553 3340 2861 3417 Νοέμῦριον
2921 3342 3022 3418 γὰρ
3085 3337 3244 3414 ἄρξας
3305 3335 3355 3391 ἐν
3412 3331 3702 3409 Αὐγούστῳ

2057 3435 2185 3509 μηνὶ
2232 3435 2294 3489 τὸ
2324 3432 2487 3498 τέλος
2534 3428 2739 3508 ἔσχηκε
2765 3435 2879 3505 ζτῆς
2911 3436 3073 3500 ζωῆς
3118 3431 3289 3485 Vides
3320 3426 3397 3482 ibi
3431 3423 3703 3480 testimo-

2054 3529 2151 3581 nio
2206 3526 2315 3581 viri
2373 3525 2729 3596 gravissimi,
2792 3523 3098 3579 referentis
3130 3537 3258 3591 quae
3283 3531 3538 3589 prasens
3570 3527 3704 3582 spe-

2056 3619 2331 3681 ctaverat,
2387 3614 2762 3670 Theodorum
2823 3613 2980 3668 solos
3041 3613 3292 3680 quatuor
3344 3620 3449 3660 nec
3499 3601 3703 3673 plenos

2056 3720 2244 3759 annos
2305 3703 2651 3775 imperasse.
2714 3701 3120 3758 Acclamatum
3180 3695 3333 3753 enim
3394 3687 3707 3747 Novembri

2056 3792 2515 3856 mense,vivendi
2550 3792 2770 3864 pariter
2797 3796 2853 3847 et
2886 3787 3214 3862 imperandi
3240 3787 3413 3840 ﬁnem
3447 3783 3709 3851 Augusto

2057 3897 2257 3935 mense
2319 3879 2546 3936 fecisse.
2585 3880 2770 3951 Igitur
2821 3896 2956 3935 cum
2991 3882 3147 3934 certo
3198 3874 3276 3931 sit
3305 3871 3521 3929 certius
3555 3885 3707 3923 anno

2055 3986 2185 4025 eum
2248 3968 2468 4024 Christi
2529 3970 2667 4023 1256
2718 3974 2949 4023 mortuo
2999 3966 3169 4021 tertio
3195 3962 3317 4017 Kal.
3350 3958 3707 4015 Novembres

2054 4057 2267 4115 Joanni
2331 4057 2482 4128 patri
2533 4058 2943 4129 subrogatum,
3004 4067 3313 4126 procerum
3357 4056 3415 4103 et
3447 4046 3705 4101 militum

2058 4148 2480 4204 acclamatione
2532 4146 3027 4216 subvectioneque
3082 4144 3143 4198 in
3198 4140 3438 4212 clypeo,
3497 4132 3709 4191 deinde

2058 4238 2165 4293 sub
2224 4237 2400 4292 ﬁnem
2459 4236 2797 4292 Decembris
2844 4231 3093 4290 solemni
3146 4230 3261 4285 ritu
3317 4247 3350 4285 a
3409 4241 3556 4281 novo
3604 4240 3708 4293 pa-

2057 4326 2318 4383 triarcha
2349 4326 2586 4382 Arsenio
2618 4329 2985 4392 coronatum,
3020 4321 3401 4378 manifestum
3433 4319 3522 4370 est
3553 4328 3707 4367 anno

2057 4432 2192 4471 eum
2226 4416 2441 4473 Christi
2478 4417 2616 4471 1259
2644 4416 2833 4471 vivere
2864 4413 3043 4470 simul
3077 4415 3134 4467 et
3164 4422 3406 4481 regnare
3439 4402 3704 4461 desiisse.

2058 4506 2161 4561 Hic
2193 4505 2347 4561 enim
2385 4523 2581 4561 annus
2615 4522 2645 4560 a
2678 4505 2819 4561 1255
2848 4507 3096 4578 quartus
3128 4505 3236 4557 est.

2131 4595 2201 4649 ῐΙ.
2256 4597 2379 4661 Quo
2423 4596 2564 4651 anni
2595 4599 2857 4666 tempore
2884 4591 3225 4656 decesserit,
3260 4587 3405 4643 satis
3434 4583 3711 4654 exprimit

2062 4685 2471 4757 Pachymeres,
2504 4685 2647 4740 dum
2704 4684 2763 4739 id
2796 4683 3060 4739 evenisse
3089 4682 3173 4735 ait
3215 4680 3311 4731 τοῦ
3338 4673 3544 4750 χρόνου
3574 4668 3713 4744 πρὸς

2059 4771 2121 4827 τὸ
2152 4773 2551 4849 φθινοπωρινὸν
2588 4766 3003 4841 ἀποκλίνοντος,
3045 4770 3352 4825 inclinante
3404 4767 3459 4820 in
3497 4766 3712 4818 autum-

2058 4880 2192 4919 num
2243 4880 2421 4933 anno,
2464 4862 2573 4919 hoc
2597 4868 2705 4933 est,
2743 4880 2843 4935 per
2874 4866 3131 4918 aestatem
3159 4858 3420 4931 quidem,
3455 4853 3555 4911 sed
3582 4852 3711 4922 jam

2060 4958 2466 5011 senescentem
2498 4959 2555 5010 et
2606 4953 2940 5010 adventanti
2976 4945 3712 5015 autumnofconcedentem

2060 5041 2304 5099 sensim.
2358 5043 2619 5107 Quadrat
2666 5060 2734 5099 ea
2781 5047 2915 5099 nota
2946 5039 3228 5112 temporis
3256 5045 3384 5107 apte
3416 5036 3472 5089 in
3509 5040 3712 5102 Augu-

2061 5135 2221 5186 stum
2287 5148 2572 5200 mensem;
2607 5150 2721 5202 quo
2782 5150 2843 5188 re
2872 5133 2995 5203 ipsa
3053 5129 3402 5185 exstinctum
3446 5122 3713 5179 Theodo-

2063 5238 2195 5276 rum
2239 5221 2709 5293 Acropolitafnt
2760 5222 3039 5291 diximus,
3079 5219 3356 5275 afﬁrmat.
3390 5218 3449 5271 Id
3483 5212 3715 5268 duobus

2063 5312 2404 5382 exceptione
2437 5312 2762 5383 majoribus
2793 5316 2849 5368 et
2880 5311 3269 5367 concordibus
3304 5309 3601 5362 ﬁrmatum
3626 5307 3715 5357 te-

2065 5400 2255 5456 stibus
2287 5419 2389 5473 pro
2444 5402 2557 5457 ﬁxo
2589 5407 2642 5457 et
2677 5402 3007 5457 indubitate
3040 5401 3212 5455 debet
3242 5397 3463 5454 haberi.
3495 5392 3713 5451 Seditio

2066 5495 2269 5545 secuta
2314 5491 2603 5547 exercitus
2645 5491 2793 5547 722
2839 5495 2897 5546 et
2924 5489 3297 5546 Muzalonum
3332 5486 3517 5542 caedes
3550 5483 3710 5552 Mag-

2067 5579 2243 5635 nesiae
2275 5578 2331 5633 in
2366 5578 2585 5651 templo
2618 5581 3072 5650 Sosandrorum,
3106 5580 3247 5635 dum
3282 5578 3368 5650 [P.
3401 5572 3715 5644 5l0]justa

2065 5668 2368 5724 Theodoro
2418 5668 2607 5724 eidem
2668 5669 2940 5726 funebria
2996 5668 3446 5742 persolvuntur,
3509 5676 3715 5735 perpe-

2066 5761 2242 5825 trata,
2297 5773 2452 5813 nona
2496 5762 2626 5830 post
2671 5762 2922 5815 mortem
2982 5758 3270 5815 Theodori
3301 5756 3396 5812 die
3443 5750 3711 5823 contigit.

2066 5844 2232 5904 Clare
2263 5844 2373 5904 hoc
2404 5845 2691 5920 Gregoras
2723 5853 2780 5906 et
2810 5848 3197 5922 Pachymeres
3226 5851 3521 5906 asserunt.
3550 5846 3716 5904 Prior
