4120 6392
411 447 555 505 1179

1451 453 1513 502 Ρ.
1555 448 1829 502 POSSINI
1869 446 2485 502 OBSERVATIONUM
2530 452 2655 502 LIB.
2698 454 2795 503 IlI.

3702 450 3845 508 1180

411 573 452 627 l.
489 589 577 641 ιιι,
613 590 670 644 p.
726 574 794 627 30
845 573 937 629 ed.
971 571 1149 627 Basil.
1186 571 1270 625 sic
1323 570 1589 641 loquitur
1635 570 1705 625 de
1737 570 1848 625 ista
1880 569 2071 623 cede:
2105 570 2159 636 Α
2191 573 2247 624 et
2303 570 2373 625 ad
2407 578 2639 627 nostras
2691 578 2892 629 exacte
2923 575 3179 631 rationes
3228 575 3556 646 quadrante
3593 574 3843 633 calculo.

415 661 657 730 Ἐννάτη
726 662 817 732 μὲν
878 660 979 735 γὰρ
1028 659 1210 734 ἡμέρα
1250 665 1428 731 παρῆν
1489 658 1622 729 μετᾶ
1667 658 1769 726 τὴν
1816 656 2077 725 τελευτὴν

425 754 521 803 τοῦ
585 748 878 821 βασιλέως.
932 751 1035 804 Cui
1086 765 1418 805 consonans
1467 758 1666 803 noster
1700 749 1865 801 initio
1900 764 1948 801 c.
1988 748 2073 817 19³

420 840 459 894 1.
493 858 510 864 ’
550 840 745 900 ;Τέως
782 835 826 891 δ’
887 836 1004 908 οὖν,
1066 838 1280 908 inquit,
1314 839 1347 905 ἡ
1408 836 1531 911 περῖ
1590 841 1667 906 τῷ
1716 836 2077 910 ἁποιχομένῳ

426 928 611 998 ἐννάτη
667 928 907 999 κειμένῳ
958 934 1157 1001 παρῆν,
1215 936 1325 983 etc.
1376 928 1443 982 Et
1488 927 1597 981 hoc
1643 944 1778 998 ergo
1815 945 1913 997 pro
1938 944 2077 982 con-

425 1019 603 1073 stanti
666 1019 1011 1084 tencndum,
1064 1017 1200 1071 licet
1256 1016 1587 1088 Acropolita
1640 1018 1710 1070 de
1740 1016 1831 1071 die
1864 1021 2074 1086 taceat,

418 1125 570 1163 nono
634 1112 766 1178 post
820 1112 1070 1161 mortem
1102 1106 1355 1161 Thedori
1388 1107 1481 1161 die
1513 1104 1848 1161 Muzalones
1883 1106 2078 1159 furore

418 1196 680 1250 militum
712 1211 986 1267 opressos
1036 1196 1094 1250 in
1141 1195 1361 1266 templo
1406 1201 1463 1250 et
1515 1196 1899 1250 obtruncatos
1950 1211 2076 1263 per-

418 1285 579 1341 iisse.
639 1284 995 1339 Deliberatio
1056 1285 1192 1339 inde
1221 1286 1292 1339 de
1344 1283 1529 1339 tutela
1556 1284 1720 1355 pueri
1772 1283 2075 1354 principis,

422 1372 624 1429 electio
672 1376 737 1428 ad
791 1373 845 1428 id
898 1374 1199 1429 Michaelis
1242 1372 1567 1443 Paleolugi,
1604 1374 1784 1443 hujus
1818 1390 1920 1443 per
1951 1389 2077 1443 gra-

415 1463 527 1517 dus
582 1464 649 1517 ad
686 1462 1000 1533 imperium
1036 1462 1326 1533 adreptio,
1382 1463 1522 1517 dum
1575 1466 1828 1533 primum
1868 1460 2065 1534 magni

416 1551 584 1605 ducis
615 1551 787 1606 titulo
822 1550 1383 1623 insignitur,deinde
1415 1556 1693 1620 tanquam
1728 1551 1796 1604 ad
1832 1551 2076 1605 deman-

420 1640 621 1694 datum
652 1657 867 1694 munus
902 1642 1008 1694 rite
1040 1642 1365 1709 gerendum
1419 1640 1749 1695 necessaria
1802 1643 2081 1710 potestate

421 1729 676 1800 despote
728 1736 991 1784 ornatur.
1046 1729 1305 1797 Denique
1328 1728 1550 1799 pupillo
1576 1729 1825 1799 principi
1858 1728 2081 1800 collega

424 1818 482 1872 in
518 1817 763 1889 imperio
812 1817 1165 1873 decernitur.
1203 1822 1356 1883 Hec,
1390 1817 1658 1888 inquam,
1692 1822 1748 1872 et
1785 1816 1957 1872 varie
1990 1818 2077 1871 in-

2190 658 2263 713 Ut
2321 676 2512 715 annus
2582 663 2788 717 mundi
2848 681 2970 717 ere
3029 665 3286 735 vulgaris
3357 666 3698 721 Grecorum
3764 668 3838 720 ad

2188 748 2402 803 Christi
2448 768 2668 805 annuin
2718 752 3038 823 redigatur,
3092 759 3373 824 perpetua
3418 754 3692 809 methodo
3734 754 3845 809 tol-

2190 838 2345 893 lendi
2379 857 2447 894 ex
2482 858 2713 897 summa
2753 847 2895 897 sunt
2923 845 3083 897 5508.
3122 845 3308 917 Igitur
3339 862 3531 899 annus
3563 846 3634 900 ad
3664 847 3843 900 Acro-

2188 928 2372 999 poiita
2404 928 2698 985 indicatus
2751 932 2955 987 mundi
3004 934 3147 987 6769
3179 933 3332 988 idem
3373 934 3483 989 fuit
3521 950 3657 988 cum
3690 951 3847 989 anno

2188 1035 2311 1073 ere
2346 1022 2557 1074 nostre
2609 1019 2951 1077 Christiane
3003 1024 3159 1077 1261.
3214 1024 3313 1079 Est
3344 1024 3439 1079 hic
3473 1022 3694 1095 periodi
3744 1022 3848 1077 Ju-

2188 1106 2356 1163 liane
2389 1108 2553 1171 5971,
2586 1126 2713 1180 que
2747 1128 2986 1167 summa
3014 1112 3200 1168 divisa
3230 1129 3333 1184 per
3363 1113 3701 1183 quindecim
3736 1112 3846 1168 dat

2189 1214 2506 1252 numerum
2558 1198 2903 1256 indictionis
2962 1207 3259 1272 quartum.
3305 1203 3570 1275 Spatium
3603 1217 3842 1273 quoque

2191 1286 2439 1341 detentae
2474 1304 2505 1341 a
2539 1287 2760 1343 Latinis
2792 1290 2955 1345 urbis
2986 1291 3354 1346 adamussim
3386 1296 3554 1346 recte
3590 1291 3843 1345 chrono-

2190 1374 2354 1447 logie
2388 1380 2657 1431 exactum
2686 1379 2757 1432 ab
2815 1379 3149 1451 Acropolita
3210 1381 3499 1451 proditur.
3555 1379 3839 1451 Superius

2190 1465 2404 1536 quippe
2436 1482 2484 1519 c.
2517 1465 2552 1518 2
2578 1466 2836 1522 vidimus
2876 1473 3103 1539 captam
3157 1486 3190 1524 a
3236 1470 3460 1526 Latinis
3513 1469 3843 1525 Constanti-

2191 1554 2450 1624 nopolim
2485 1572 2638 1610 anno
2668 1555 2884 1612 Christi
2917 1558 3089 1625 1203;
3122 1575 3254 1614 cum
3299 1564 3491 1615 autem
3539 1576 3697 1614 nunc
3742 1559 3842 1614 de-

2191 1641 2469 1697 ﬁniamus
2498 1649 2790 1715 receptam
2824 1663 2857 1701 a
2887 1646 3103 1702 Grecis
3125 1648 3391 1704 eamdem
3427 1648 3608 1703 fuisse
3639 1648 3842 1702 urbem

2192 1748 2345 1787 anno
2389 1732 2602 1787 Christi
2657 1735 2814 1802 1261,
2847 1736 2945 1806 qui
2969 1753 3035 1791 ex
3063 1738 3128 1790 61
3163 1739 3196 1791 3
3228 1736 3606 1803 subtraxerit,
3648 1741 3844 1792 exacte

2191 1822 2444 1893 reperiet
2499 1824 2569 1877 58
2627 1841 2814 1879 annos
2868 1825 3116 1881 dominii
3185 1826 3529 1882 Latinorum
3590 1827 3649 1881 in
3685 1825 3845 1896 regia

422 1907 595 1961 terim
657 1924 689 1961 a
750 1906 1073 1979 Paleologo
1134 1912 1190 1961 et
1245 1906 1424 1977 hujus
1480 1907 1765 1962 studiosis
1813 1908 2077 1963 exercite
2109 1932 2158 1998 Β
2192 1911 2525 1967 Grecorum
2571 1913 2820 1969 civitate.

419 1995 766 2051 ambitionis
793 2006 947 2052 artes
980 1997 1109 2051 istis
1140 1996 1463 2051 honoribus
1491 2014 1524 2051 a
1556 1999 1708 2052 clero
1740 2002 1798 2052 et
1830 1996 2076 2068 patriar-

426 2084 557 2151 cha,
599 2103 633 2140 a
663 2090 869 2140 senatu
920 2091 977 2139 et
1006 2085 1224 2157 populo
1250 2085 1682 2154 eblandiendis,
1711 2084 1878 2140 facile
1906 2085 2080 2139 trium

425 2179 488 2228 et
536 2175 690 2244 quod
736 2177 986 2229 excurrit
1035 2175 1330 2230 mensium
1374 2174 1634 2245 spatium
1668 2175 1933 2245 exigunt,
1964 2190 2081 2244 quo

429 2264 542 2317 sub
573 2264 747 2318 ﬁnem
778 2264 1118 2319 Decembris
1150 2264 1453 2335 impetrari
1504 2264 1769 2319 omnium
1802 2263 2078 2318 ordinum

431 2367 724 2407 consensu
750 2353 1005 2423 potucrit
1035 2357 1100 2407 ut
1122 2353 1179 2407 in
1209 2353 1505 2424 proximas
1529 2352 1821 2407 Kalendas
1859 2353 2078 2407 Janua-

433 2442 552 2496 rias
598 2441 959 2496 indiceretur
1016 2444 1148 2497 novi
1208 2442 1581 2513 imperatoris
1640 2440 1944 2497 Michaelis
1973 2442 2080 2497 Pa-

426 2529 657 2601 leologi
707 2530 1050 2586 acclamatio
1096 2531 1398 2589 solemnis.
1460 2532 1579 2587 Hoc
1612 2532 1696 2587 sic
1754 2535 1954 2586 noster
1983 2547 2084 2586 ex-

421 2620 628 2691 primit
684 2620 795 2675 sub
866 2620 1040 2675 ﬁnem
1075 2621 1286 2692 capitis
1344 2620 1509 2687 29,1.
1554 2637 1641 2676 ii:
1701 2621 1925 2692 ’Ώριστο
1985 2618 2080 2689 μὲν

420 2705 513 2761 οὖν
560 2711 595 2777 ἡ
650 2710 835 2784 ἡμέρα
887 2716 987 2778 τῆς
1044 2709 1392 2785 ἀναρρήσεως
1447 2704 1895 2781 ἑκατομϐαιῶνος
1954 2730 2083 2763 νου-

425 2796 594 2870 μηνία
647 2805 751 2867 τῆς
805 2798 930 2853 τότε
993 2798 1305 2873 τρεχούσης
1364 2796 1613 2872 δευτέρας
1668 2798 2079 2872 ἐπινεμήσεως·

425 2889 726 2958 Prae/inita
778 2895 857 2944 est
888 2888 1002 2944 dies
1050 2889 1465 2945 acclamationis
1495 2890 1749 2944 Kalendas
1779 2889 2085 2946 Januariae

422 2979 698 3035 currentis
727 2988 861 3034 tunc
914 2980 1173 3037 secundae
1232 2979 1580 3035 indictionis.
1616 2980 1749 3034 Fuit
1806 2979 1901 3034 hic
1957 2979 2082 3035 dies

426 3066 653 3137 primus
702 3066 839 3123 anni
898 3068 1116 3124 Christi
1180 3070 1339 3135 1260,
1372 3068 1473 3140 qui
1536 3085 1669 3123 cum
1724 3068 1803 3123 sit
1855 3067 2080 3139 periodi

420 3155 667 3212 Juliane
700 3157 864 3222 5973,
889 3158 1230 3213 indictionis
1262 3174 1566 3214 numerum
1592 3157 1801 3213 habuit
1822 3158 2079 3225 tertium,

424 3247 525 3301 sed
560 3263 591 3301 a
619 3248 945 3317 Septembri
964 3250 1253 3303 duntaxat
1273 3248 1697 3304 inchoandum.
1725 3246 1887 3301 Unde
1918 3251 2074 3300 recte

420 3337 694 3392 convenit
732 3337 889 3408 quod
942 3338 1180 3407 scripsit
1211 3345 1406 3392 noster
1434 3335 1771 3405 historicus,
1804 3334 2073 3388 indictio-

424 3441 559 3480 nem
592 3428 732 3481 tunc
764 3426 957 3481 adhuc
980 3426 1300 3481 secundam
1333 3424 1688 3480 cucurrisse.

494 3548 596 3604 III.
664 3550 805 3605 Post
857 3552 1204 3603 coronatum
1255 3545 1665 3617 Paleologum,
1695 3546 1797 3617 qui
1829 3546 2083 3602 maxime

432 3637 681 3693 illustris
749 3642 991 3692 eventus
1040 3636 1306 3707 contigit,
1356 3634 1467 3690 fuit
1514 3637 1877 3707 recuperatio
1910 3638 2080 3708 regie

426 3725 593 3780 urbis
673 3726 899 3779 dudum
959 3728 1252 3795 occupate
1331 3723 1688 3796 insesseque
1743 3744 1776 3780 a
1834 3726 2079 3781 Latinis.

431 3815 617 3877 Quare
648 3813 830 3884 digna
861 3817 948 3868 est
988 3829 1080 3868 res
1130 3813 1298 3883 cujus
1331 3817 1576 3885 patrate
1623 3818 1860 3887 tempus
1907 3814 2083 3886 paulo

424 3902 768 3975 diligentius
818 3903 1168 3975 exploretur.
1223 3904 1436 3959 Narrat
1495 3904 1660 3959 illam
1722 3912 1918 3961 noster
1946 3905 1985 3959 l.
2020 3923 2082 3976 ιι,

428 4009 479 4047 c.
521 3993 756 4061 26—38,
792 4011 906 4065 pre
940 3994 1170 4048 cunctis
1192 3993 1322 4048 aliis
1359 3993 1418 4048 in
1441 3995 1550 4049 isto
1584 4001 1935 4067 argumento
1958 4012 2085 4050 ver-

430 4082 576 4138 satis
606 4083 842 4155 cOpiose
873 4101 939 4139 ac
972 4083 1308 4154 diligenter.
1344 4088 1421 4138 De
1454 4089 1719 4155 tempore
1751 4084 1869 4139 beo
1892 4084 2085 4139 solum

433 4171 615 4228 tradit
672 4172 782 4228 sub
845 4174 1018 4228 ﬁnem
1079 4189 1128 4229 c.
1186 4173 1273 4239 27,
1309 4177 1541 4245 captam
1577 4174 1779 4228 urbem
1813 4190 1846 4227 a
1876 4173 2086 4228 Cesare

429 4258 630 4314 Alexio
663 4259 1070 4331 Strategopulo
1103 4259 1196 4314 die
1238 4263 1454 4315 sanctae
1505 4261 1682 4315 Anne
1718 4260 1921 4316 matris
1953 4260 2085 4315 Dei-

430 4364 581 4418 pare
630 4365 797 4403 sacra
848 4348 1055 4419 quinta
1088 4352 1144 4403 et
1173 4348 1451 4403 vicesima
1483 4350 1709 4404 mensis
1738 4350 1912 4416 Julii;
1944 4366 2083 4405 nam

424 4454 493 4493 eo
527 4439 620 4494 die
654 4439 835 4494 Graeci
876 4446 935 4494 8.
995 4442 1174 4494 Anne
1235 4440 1598 4507 memoriam,
1663 4439 1847 4509 pridie
1906 4456 2083 4511 quam

430 4527 615 4581 Latini
650 4528 904 4598 soleant,
952 4528 1171 4583 colunt.
1215 4534 1452 4583 Annum
1494 4529 1770 4600 exprimit
1799 4529 2087 4600 Georgius

426 4615 784 4687 Acropolita,
848 4616 1020 4687 cujus
1051 4616 1109 4669 in
1163 4616 1272 4671 hoc
1331 4621 1541 4672 eventu
1592 4617 1772 4673 ﬁnem
1826 4616 2085 4673 historias

2263 2036 2355 2091 Ν.
2390 2037 2582 2092 Restat
2616 2036 2890 2092 ultimum
2941 2054 3008 2092 ex
3048 2038 3364 2109 propositis
3406 2045 3581 2109 caput
3610 2038 3882 2109 epoche'

2188 2129 2358 2181 certe
2391 2124 2740 2196 illigandum
2790 2126 3095 2181 excecatio
3149 2128 3314 2198 pueri
3372 2129 3637 2182 Joannis.
3698 2128 3841 2181 Eam

2187 2218 2387 2269 noster
2433 2230 2536 2284 pro
2588 2214 2862 2270 facinoris
2894 2215 3199 2271 atrocitate
3248 2216 3469 2287 tragice
3521 2214 3841 2286 deplorans

2186 2300 2288 2355 lib.
2324 2318 2409 2370 ιιι,
2443 2318 2498 2358 c.
2558 2303 2643 2370 10,
2702 2303 2932 2358 unicam
2992 2304 3275 2374 temporis
3332 2303 3850 2359 circumstantiam

2187 2394 2369 2456 notat,
2399 2391 2537 2445 dum
2566 2396 2688 2445 tam
2717 2392 3041 2447 immanem
3083 2392 3283 2446 carnifi
3297 2391 3495 2447 cinam
3524 2391 3583 2445 in
3620 2390 3850 2461 pupillo

2186 2477 2518 2546 innocente,
2541 2496 2642 2549 pro
2665 2480 3013 2550 imperatore
3032 2482 3436 2537 Romanorum
3453 2482 3581 2551 jam
3617 2479 3847 2550 agnito,

2188 2568 2501 2623 exercitam
2552 2567 2842 2624 horrendo
2886 2587 3033 2625 ausu
3087 2574 3375 2625 memorat
3422 2569 3518 2624 die
3568 2569 3840 2623 omnium

2189 2658 2589 2725 sanctissima,
2622 2659 3024 2715 anniversaria
3054 2658 3321 2714 videlicet
3349 2657 3573 2713 Natalis
3606 2656 3845 2715 Christi.

2186 2748 2423 2802 Annum
2484 2747 2839 2817 investigare
2868 2764 2974 2802 nos
3002 2752 3249 2818 oportet.
3285 2748 3350 2817 [P
3378 2748 3507 2818 511]
3540 2746 3611 2801 Ut
3666 2763 3849 2817 quam

2188 2836 2455 2908 proxime
2484 2840 2616 2908 post
2646 2838 2875 2892 initium
2909 2854 2943 2892 a
2974 2835 3255 2892 Michaele
3285 2834 3606 2908 Paleologo
3659 2835 3853 2907 impe-

2188 2925 2344 2981 rium
2396 2926 2454 2980 id
2504 2927 2820 2996 opinemur
2877 2926 3122 2990 factum,
3174 2925 3402 2994 subigit
3450 2924 3577 2996 ipse
3627 2924 3857 2996 Pachy-

2188 3031 2397 3084 meres,
2430 3016 2533 3085 qui
2587 3032 2723 3071 cum
2757 3016 2928 3071 modo
2961 3015 3198 3070 laudato
3248 3032 3295 3069 c.
3336 3016 3424 3079 10,
3493 3013 3533 3069 l.
3587 3031 3673 3081 ιιι,
3709 3014 3855 3070 scri-

2186 3103 2369 3175 pserit
2394 3108 2682 3159 Joannem
2723 3104 3013 3160 Theodori
3068 3102 3442 3175 imperatoris
3510 3102 3806 3158 heredem
3831 3145 3845 3168 ,

2186 3193 2421 3263 quando
2453 3198 2777 3247 excaecatus
2821 3197 2930 3262 est,
2994 3194 3175 3248 fuisse
3233 3188 3451 3245 παιδίον
3487 3188 3699 3245 ἁπαλὸν
3766 3190 3853 3245 καὶ

2104 3295 2149 3364 C
2192 3277 2361 3351 μηδὲν
2394 3276 2471 3331 ἔτι
2508 3276 2705 3352 σχεδὸν
2738 3279 2940 3339 τελέως
2970 3278 3005 3347 ἢ
3048 3279 3112 3334 τὸ
3161 3279 3373 3355 χαίρειν
3405 3280 3441 3349 ἢ
3474 3280 3534 3333 τὸ
3568 3280 3860 3334 λυπεῖσθαι

2200 3367 2390 3439 μαΟὸν,
2449 3366 2539 3421 καί
2590 3368 2643 3440 γ’
2700 3366 2751 3422 ἐν
2815 3365 2914 3439 ἴσῳ
2964 3369 3248 3440 τιθέμενον
3307 3370 3370 3423 τό
3425 3370 3475 3422 τ’
3514 3366 3706 3444 ἄρχειν
3768 3368 3861 3423 καὶ

2193 3457 2480 3530 ἄρχεσθαι,
2539 3463 2595 3514 et
2654 3458 2827 3530 paulo
2882 3460 3133 3515 inferius
3200 3462 3297 3512 τοῦ
3359 3458 3594 3535 βρέφους
3658 3460 3860 3534 μικρὸν

2197 3540 2571 3622 ὑπερϐεϐηκὸς
2634 3543 2870 3601 παιδίον.
2925 3549 3058 3604 Jam
3090 3552 3287 3604 tamen
3318 3548 3357 3604 Ι.
3413 3566 3453 3620 I,
3489 3566 3540 3615 c,
3576 3551 3663 3617 13,
3698 3551 3860 3605 afﬁr-

2196 3642 2457 3693 maverat
2488 3639 2786 3709 eumdem,
2820 3655 2954 3693 cum
3014 3642 3103 3694 est
3133 3641 3261 3709 ejus
3294 3643 3461 3710 pater
3506 3638 3860 3695 Theodorus

2197 3731 2489 3793 mortuus,
2548 3727 2729 3783 fuisse
2783 3744 3131 3783 novennem.
3192 3727 3339 3783 Huic
3399 3727 3555 3782 enim
3611 3729 3773 3783 etati
3807 3728 3854 3783 si

2197 3819 2315 3871 tres
2348 3819 2672 3885 quatuorve
2704 3815 2839 3870 anni
2874 3816 3238 3879 accederent,
3262 3815 3386 3885 jam
3424 3816 3477 3871 is
3510 3832 3690 3887 prope
3750 3834 3859 3889 pu-

2196 3905 2487 3960 bertatem
2539 3904 2854 3974 attigisset,
2909 3905 3147 3974 quando
3187 3910 3277 3959 est
3342 3910 3693 3969 excecatus,
3755 3921 3863 3961 nec

2200 4012 2342 4051 sane
2374 3996 2516 4049 dicit
2545 4001 2744 4065 posset
2775 3994 3059 4065 puerulus
3088 3994 3326 4065 paulum
3348 3997 3520 4050 modo
3542 3995 3862 4051 infantiam

2201 4084 2507 4139 excedens:
2564 4095 2620 4138 et
2680 4084 3035 4155 imperandi,
3098 4100 3163 4137 ac
3222 4084 3492 4154 parendi,
3556 4085 3865 4155 gaudendi

2201 4172 2557 4242 dolendique
2589 4171 2907 4227 discrimen
2944 4172 3247 4243 ignorans.
3276 4177 3399 4227 [mo
3422 4172 3467 4228 si
3493 4178 3646 4227 recte
3678 4173 3865 4227 ratio-

2202 4277 2307 4317 nes
2340 4259 2633 4332 ponimus,
2680 4265 3208 4332 quantumcunque
3265 4261 3611 4316 festinemus
3656 4262 3717 4315 in
3768 4278 3860 4316 re-

2203 4350 2611 4421 presentando
2667 4349 2886 4405 crudeli
2942 4350 3081 4419 regii
3148 4350 3308 4421 pueri
3386 4349 3725 4422 supplicio,
3772 4350 3864 4404 vix

2204 4439 2532 4509 poterimus
2562 4438 2797 4509 assequi
2851 4445 2917 4493 ut
2959 4439 3277 4494 verisimile
3328 4440 3646 4495 reddamus
3702 4440 3863 4512 quod

2205 4527 2277 4582 de
2321 4531 2441 4581 tam
2493 4527 2809 4582 immatura
2866 4528 3261 4583 teneritudine
3306 4527 3556 4597 pueruli,
3616 4529 3859 4598 quando

2205 4621 2294 4671 est
2350 4620 2714 4686 excaecatus,
2773 4617 3103 4671 affirmatur
3160 4635 3193 4671 a
3250 4622 3486 4671 nostro.
3535 4617 3862 4689 Fingamus

430 4664 784 4687 -_---,-_--_,
850 4664 1109 4687 --υ---η
1163 4664 1270 4671 --ν
1334 4664 1541 4672 πη-..
1592 4664 1772 4673 ..---.._
1827 4664 2083 4673 ..-μνη
2208 4664 2293 4671 η-
2353 4664 2714 4686 ---π-ηη
2775 4664 3093 4671 _-----.._-..-
3161 4664 3193 4671 ν
3250 4664 3486 4671 ..----ν-
3535 4664 3860 4689 --.Ὃκ-η-

430 4721 549 4759 sue
610 4704 918 4776 deﬁgentis
977 4704 1155 4759 verba
1213 4704 1334 4759 hec
1392 4704 1674 4777 leguntur
1733 4723 1791 4777 p.
1856 4708 1957 4760 100
1991 4706 2082 4762 ed.
2118 4664 2166 4727 Β
2196 4704 2352 4761 enim
2387 4704 2472 4760 vel
2509 4704 2696 4777 primo
2725 4704 2851 4776 ipso
2880 4706 2973 4760 sui
3007 4706 3373 4777 principatus
3404 4723 3558 4761 anno
3590 4709 3860 4762 sevitum

431 4794 614 4864 Reg.:
687 4791 790 4847 Καὶ
864 4793 897 4861 ἡ
969 4791 1377 4847 Κωνσταντίνου
1444 4793 1677 4867 προνοίᾳ
1748 4796 1882 4847 Θεοῦ
1940 4790 2091 4855 αὖθις

428 4880 532 4934 ὑπὸ
591 4886 754 4957 χεῖρα
785 4886 881 4936 τοῦ
916 4879 1185 4958 βασιλέως
1228 4886 1334 4937 τῶν
1368 4881 1659 4953 Ῥωμαίων
1694 4881 1904 4957 ἐγένετο
1956 4883 2092 4937 κατά

429 4966 600 5043 λόγον
651 4967 862 5025 δίκαιόν
918 4992 977 5025 τε
1032 4971 1123 5025 καὶ
1179 4973 1529 5045 προσήκοντα
1561 4970 1799 5027 Ἰουλίου
1832 4972 2086 5041 εἰκοστὴν

427 5057 519 5111 καὶ
577 5060 835 5131 πέμπτην
899 5058 1171 5136 ἄγοντος,
1228 5057 1397 5129 οὔσης
1462 5058 1834 5132 ἐπινεμήσεως
1895 5061 2089 5136 τετάρ-

426 5166 549 5217 της,
607 5148 696 5201 καὶ
758 5149 863 5203 ἀπὸ
923 5151 1184 5225 γενέσεως
1241 5148 1451 5222 κόσμου
1511 5144 1661 5211 ἔτους
1694 5146 2088 5225 ὅντος,,ςψξο’,

434 5236 536 5289 ὑπὸ
594 5240 703 5291 τῶν
766 5237 979 5314 ἐχθρῶν
1042 5240 1387 5314 κρατουμένη
1461 5240 1696 5315 χρόνους
1753 5242 2091 5311 πεντήκοντα

430 5323 521 5378 καὶ
558 5323 729 5383 ὀκτώ,
762 5329 825 5383 Et
879 5330 1379 5400 Constantinopolis
1417 5330 1772 5400 providentia
1820 5332 1918 5386 Dei
1957 5349 2088 5386 rur-

430 5432 523 5471 sus
549 5416 647 5471 sub
706 5432 878 5472 manu
935 5420 1287 5489 imperatoris
1349 5420 1720 5474 Romanorum
1758 5420 1895 5489 fuit,
1929 5429 2092 5490 prout

434 5506 586 5562 728
625 5506 843 5577 justum
892 5511 943 5561 et
984 5509 1309 5563 conveniens
1358 5518 1495 5575 erat,
1549 5510 1694 5564 Julii
1748 5512 1956 5565 mensis
2003 5510 2093 5565 die

428 5594 622 5665 quinto
655 5599 708 5650 et
738 5597 1018 5663 vicesimo,
1054 5596 1363 5652 indictione
1389 5605 1611 5668 quarta,
1656 5615 1805 5653 anno
1849 5599 1914 5653 ab
1966 5599 2093 5654 orbe

430 5685 645 5737 σοηάιίο
674 5685 837 5753 6769,
866 5689 1149 5755 postquam
1180 5683 1240 5739 in
1286 5690 1559 5755 potestate
1594 5687 1835 5741 hostium
1896 5690 2093 5758 fuisset

433 5770 606 5824 armis
636 5772 1043 5842 quinquaginta
1092 5775 1224 5827 octo.
1278 5771 1373 5827 Sic
1412 5773 1766 5844 Acropolita,
1818 5782 2091 5832 accurato

2202 4799 2321 4850 tam
2373 4794 2646 4849 atrociter
2702 4794 3045 4850 aMichaele
3096 4794 3419 4867 Paleologo
3454 4795 3508 4849 in
3563 4795 3861 4867 pupillum

2202 4884 2522 4939 insontem.
2553 4888 2699 4939 Cum
2733 4883 2782 4939 is
2807 4901 3018 4949 annus,
3045 4888 3111 4938 ut
3132 4884 3414 4953 diximus,
3450 4885 3624 4939 fuerit
3644 4882 3862 4939 Christi

2204 4973 2365 5041 1260,
2397 4972 2446 5027 si
2481 4974 2606 5041 jam
2637 4977 2786 5037 tum,
2819 4974 3057 5044 quando
3091 4974 3434 5029 Theodorus
3463 4974 3710 5029 Joannis
3754 4989 3863 5045 pu-

2203 5062 2326 5133 pilli
2360 5070 2521 5133 pater
2548 5064 2808 5129 Augusto
2835 5079 3038 5118 mense
3059 5062 3198 5117 anni
3234 5062 3375 5117 1259
3418 5063 3610 5119 vivere
3660 5064 3859 5128 desiit,

2202 5150 2328 5221 ipse
2352 5151 2477 5220 jam
2506 5149 2788 5206 novennis
2826 5151 3035 5220 fuerat,
3069 5155 3132 5206 ut
3191 5150 3573 5223 Pachymeres
3614 5152 3854 5218 asserit,

2205 5238 2409 5309 utique
2441 5238 2511 5291 25
2541 5239 2877 5295 Decembris
2904 5238 2996 5294 die
3031 5238 3167 5293 anni
3206 5239 3362 5307 1260,
3415 5245 3577 5295 sexto
3626 5239 3859 5294 decimo

2202 5328 2473 5383 videlicet
2505 5331 2633 5396 post
2666 5345 2887 5395 mense,
2923 5327 3286 5383 undecennis
3321 5328 3502 5383 fuisse
3551 5328 3863 5397 debuerat,

2203 5418 2375 5487 cujus
2406 5417 2595 5471 etatis
2638 5418 2822 5486 pueri,
2858 5418 3183 5489 praesertim
3216 5418 3448 5472 educati
3483 5417 3660 5489 regie,
3697 5417 3860 5472 haud

2202 5505 2395 5562 solent
2424 5506 2576 5561 724
2609 5507 2901 5575 gaudendi
2944 5505 3298 5576 dolendique
3329 5506 3595 5577 ignorare
3642 5505 3862 5561 discri-

2203 5611 2360 5650 men.
2394 5593 2522 5649 Hec
2553 5595 2699 5650 mihi
2731 5612 2910 5651 causa
2940 5595 3219 5666 Opinandi
3250 5603 3339 5650 est.
3391 5612 3598 5666 parum
3655 5599 3862 5650 exacte

2204 5685 2496 5756 proditim
2558 5702 2590 5739 a
2649 5685 3002 5755 Pachyniere
3056 5684 3302 5740 Joannis
3335 5684 3499 5755 pueri
3529 5690 3762 5747 etatem
3796 5684 3858 5739 in

2205 5772 2388 5844 patris
2424 5778 2630 5829 morte.
2665 5774 2982 5845 Potiusque
3011 5774 3301 5830 assentior
3323 5773 3569 5846 Georgio
3598 5775 3859 5844 Acropo-
