4120 6408
256 448 394 507 1181

1694 447 2309 503 CHRONOLOGICUS.

3538 445 3677 503 1182

252 572 393 638 lite,
427 571 529 642 qui
560 588 609 627 c.
641 570 714 624 75
745 586 863 627 suae
895 568 1365 636 Hi:toriae,relata
1394 572 1581 622 morte
1611 568 1903 625 Theodori
1937 574 1991 637 Α
2024 587 2155 626 nem
2201 572 2329 640 ejus
2373 575 2595 642 patrem
2646 570 2900 626 moriens
2948 569 3265 641 reliquerat
3311 572 3568 625 viduam.
3602 571 3675 625 Ac

253 665 327 719 de
386 663 496 717 hoc
556 663 686 731 ejus
746 660 867 715 ﬁlio
924 658 1169 725 scribit;
1213 658 1274 713 Ὁ
1336 657 1434 728 μὲν
1492 657 1607 718 υἱὸς
1663 661 1759 711 τοῦ
1823 658 1919 730 βα-

252 749 453 811 σιλέως
506 747 798 824 Θεοδώρου
846 750 872 802 ὁ
935 749 1189 817 Ἰωάννης
1250 745 1388 800 πάνυ
1438 746 1640 823 ἀφῆλιξ
1686 745 1915 821 ἐτύγχα-

252 862 342 895 νεν
399 840 473 894 ὣν
527 838 579 892 ἐν
651 843 732 910 τῷ
788 843 964 912 καιρῷ
1020 844 1122 906 τῆς
1172 835 1431 904 τελευτῆς
1490 840 1586 890 τοῦ
1648 834 1917 911 βασιλέως

257 931 349 986 καὶ
409 931 654 1005 πατρός·
717 928 860 982 οὕτω
916 929 1017 1002 γὰρ
1070 926 1296 982 τελείων
1351 925 1608 981 ἐνιαυτῶν
1670 927 1918 1000 ὑπῆρχεν

258 1021 426 1075 ὀκτώ·
462 1024 533 1076 Ac
574 1021 729 1091 ﬁlius
776 1018 997 1090 quidem
1044 1018 1399 1089 imperatoris
1452 1018 1717 1073 Theodori
1738 1023 1916 1074 Joan-

248 1128 348 1167 nes
380 1111 539 1166 valde
567 1114 889 1164 immatura
917 1109 1026 1177 fuit
1077 1109 1286 1175 aetatis,
1344 1108 1562 1177 quando
1610 1106 1921 1178 imperator

250 1205 376 1270 eius
408 1205 579 1271 pater
628 1207 708 1254 est
763 1206 1018 1253 mortuus
1082 1214 1095 1252 :
1146 1213 1362 1252 annum
1419 1198 1616 1267 quippe
1672 1196 1919 1251 nondum

249 1296 507 1348 octavum
534 1288 879 1360 impleverat.
916 1287 1000 1341 Ita
1024 1285 1267 1341 ille.Hoc
1300 1287 1539 1341 omnino
1572 1286 1913 1341 tenendum.

254 1384 490 1435 Certum
526 1394 698 1450 porro
729 1381 820 1432 est
840 1379 976 1431 ante
1007 1380 1298 1447 receptam
1340 1375 1912 1445 Constantinopolim

252 1474 311 1526 et
340 1468 665 1524 solemnem
699 1464 1001 1521 Michaelis
1032 1463 1341 1535 Palaeologi
1387 1465 1630 1535 Augusti
1692 1464 1749 1518 in
1783 1481 1913 1519 eam

256 1560 618 1630 ingressum,
651 1557 752 1627 qui
785 1556 878 1610 die
910 1556 979 1608 15
1010 1554 1232 1609 mensis
1279 1555 1529 1624 Augusti
1586 1570 1740 1608 anno
1773 1554 1907 1607 1261

254 1651 532 1720 peractus
563 1650 674 1713 est,
729 1661 843 1699 non
884 1644 1067 1698 fuisse
1119 1659 1366 1713 puerum
1413 1643 1703 1697 Joannem
1736 1658 1911 1697 excae-

252 1742 477 1793 catum.
508 1734 693 1790 Multa
724 1734 883 1788 enim
915 1750 1040 1803 quae
1070 1732 1456 1803 Pacbymeres
1490 1751 1522 1787 a
1554 1750 1603 1786 c.
1640 1731 1910 1798 33,1ib.1|,

250 1827 323 1881 ad
353 1826 411 1895 9,
440 1824 545 1879 lib.
577 1840 662 1889 ιιι,
690 1823 1250 1890 memorat,omnino
1286 1827 1415 1890 post
1446 1826 1677 1891 captam
1705 1823 1911 1876 urbem

2028 660 2077 714 si
2108 660 2301 729 spatia
2331 662 2507 716 rebus
2537 678 2605 716 ea
2635 662 2942 716 occasione
2994 661 3141 716 actis
3201 676 3462 730 congrua
3492 659 3684 715 dime-

2029 750 2231 818 timur,
2261 756 2436 805 'certe
2484 750 2887 822 intelligemus
2955 767 3070 805 non
3135 750 3401 821 potuisse
3450 749 3684 803 Arsenii

2026 841 2380 896 evectionem
2399 844 2469 897 ad
2487 843 2880 913 patriarchatu
2894 859 2946 897 m
2964 847 3099 896 ante
3117 858 3377 898 mensem
3397 843 3527 911 ejus
3545 840 3687 895 anni

2028 928 2303 984 ultimum
2341 930 2487 985 ﬁeri.
2524 931 2669 987 Nam
2719 931 3046 1003 penultimo
3102 929 3417 985 Novembri
3477 946 3681 999 perso-

2025 1016 2167 1072 Iutis
2200 1019 2492 1074 decessori
2552 1020 2779 1089 parenti
2838 1020 3145 1074 funeribus
3194 1019 3401 1089 justis,
3459 1018 3681 1073 delibe-

2024 1108 2175 1162 ratio
2208 1108 2280 1162 de
2309 1108 2649 1179 patriarcha
2678 1108 2826 1163 inita
2870 1114 2961 1164 est
2992 1126 3025 1163 a
3055 1109 3382 1163 Theodoro.
3419 1107 3680 1163 Primum

2025 1213 2139 1267 que
2171 1197 2374 1252 multis
2406 1198 2853 1270 circumspectis
2884 1198 2944 1252 in
2974 1197 3296 1268 Nicephoro
3328 1198 3677 1265 Blemmida,

2024 1302 2135 1355 quo
2166 1286 2554 1359 philosophiae
2592 1288 2874 1360 magistro
2925 1304 3112 1342 novus
3162 1288 3491 1357 imperator
3533 1302 3681 1342 usus

2025 1376 2234 1445 fuerat,
2265 1376 2595 1448 designatio
2629 1375 2912 1431 consedit.
2946 1376 3157 1431 Verum
3204 1376 3327 1444 illo,
3361 1381 3679 1447 postquam

2021 1464 2196 1536 longe
2227 1467 2441 1521 absens
2491 1466 2775 1522 invitatus
2824 1470 2914 1521 est
2963 1482 3064 1537 per
3103 1466 3364 1527 nuntios,
3398 1466 3677 1520 honorem

2021 1555 2408 1619 detrectante,
2443 1571 2594 1610 nova
2622 1554 2931 1627 inquisitio
2955 1554 3114 1623 digni
3148 1554 3248 1609 tali
3280 1553 3405 1610 loco
3435 1554 3544 1608 viri
3577 1556 3680 1609 de-

2020 1644 2115 1699 siit
2141 1644 2200 1699 in
2249 1645 2530 1715 Arsenio;
2582 1647 2679 1714 qui
2729 1645 2984 1700 oblatam
3036 1644 3383 1715 dignitatem
3430 1643 3681 1698 libenter

2020 1734 2340 1789 admittens
2384 1752 2452 1789 ex
2498 1735 2854 1790 monasterio
2918 1735 2989 1789 ad
3036 1734 3231 1789 lacum
3276 1731 3680 1804 Apolloniadis

2018 1824 2152 1889 sito,
2187 1824 2287 1879 ubi
2320 1824 2498 1879 vitam
2527 1824 2859 1895 religiosam
2889 1823 3216 1889 exercebat,
3262 1821 3515 1877 Nicaeam
3542 1838 3675 1892 pro-

255 1918 315 1969 et
360 1917 494 1968 ante
535 1911 820 1968 Joannem
869 1914 1218 1965 excaecatum
1263 1910 1585 1980 contigisse
1633 1910 1908 1981 oportuit.
1943 1930 1990 1994 Β
2021 1913 2229 1984 fectus,
2266 1913 2344 1968 ibi
2395 1913 2584 1984 spatio
2638 1913 3027 1968 hebdomadis
3079 1911 3258 1967 unius
3307 1911 3448 1983 (non
3500 1911 3677 1966 unius

259 2002 411 2066 Quia
437 2018 572 2057 vero
603 2018 711 2056 nec
745 2016 991 2055 numero
1024 2016 1128 2054 nec
1159 2015 1371 2070 genere
1427 1999 1526 2053 illa
1580 1998 1721 2052 talia
1775 2002 1916 2053 sunt

254 2082 324 2145 ut
356 2091 547 2160 majus
578 2089 997 2161 quadrimestri
1031 2087 1292 2158 spatium
1328 2087 1558 2157 exigere
1582 2087 1911 2156 videantur,

253 2181 427 2251 plane
459 2196 672 2235 censeo
701 2179 881 2247 hujus
906 2178 1172 2247 ejusdem
1207 2177 1345 2230 anni
1384 2177 1514 2229 1261
1564 2176 1659 2229 die
1715 2179 1913 2229 octavo

250 2271 380 2325 Kal.
415 2268 755 2337 Januarias,
788 2267 1002 2321 Christi
1040 2270 1342 2337 nempe,ut
1373 2264 1759 2336 Pachymeres
1791 2267 1913 2318 tra-

253 2359 360 2426 dit,
395 2358 770 2427 natali,jussu
807 2357 1055 2411 barbaro
1078 2355 1292 2409 tutoris
1315 2359 1371 2409 et
1400 2354 1633 2425 collega
1658 2353 1909 2409 Michae-

252 2448 329 2504 lis
379 2447 683 2519 Palezologi
729 2449 1008 2501 Joannem
1057 2451 1386 2515 Augustum
1441 2461 1684 2514 puerum
1740 2442 1912 2513 paulo

259 2538 543 2608 majorem
573 2537 825 2591 novenni
866 2536 1043 2589 fuisse
1090 2534 1415 2587 luuiinil'ius
1463 2535 1728 2586 orbatum;
1768 2537 1821 2585 et
1850 2530 1906 2583 in

260 2631 539 2681 aeternam
594 2624 923 2681 custodiam
977 2623 1127 2677 arcis
1179 2622 1504 2692 Daegbitza:
1585 2622 1908 2684 CundJum,

261 2719 423 2770 sexto
455 2731 610 2769 anno
637 2717 896 2767 vertente
928 2713 999 2765 ali
1055 2710 1507 2779 inauguratione
1550 2709 1732 2778 patris
1782 2710 1909 2778 ejus

261 2804 571 2872 Theodori,
612 2802 734 2869 tali,
770 2808 833 2855 ut
865 2801 1143 2865 vidimus,
1203 2801 1293 2853 die
1343 2800 1528 2853 sacris
1580 2800 1637 2851 in
1691 2797 1908 2868 templo

255 2892 621 2948 caeremoniis
654 2894 905 2962 peracta.

917 3012 1148 3068 CAPUT
1188 3013 1253 3065 V.

264 3112 633 3184 Chronologia
662 3112 1163 3184 patriarcharum,_
1192 3113 1224 3184 ._4
1238 3109 1435 3184 monii,
1477 3108 1821 3184 _Nz'oopliori,_
1858 3112 1910 3163 et

330 3180 803 3243 iterum'Ars'onii.
837 3183 936 3255 qui
964 3184 1061 3237 sub
1094 3182 1353 3237 Michaele
1386 3182 1701 3251 PaL-rologo
1729 3180 1908 3235 sedem

325 3256 1013 3327 Conslanlinopolitanam
1041 3258 1362 3309 tenuerunt.

324 3373 367 3428 Ι.
402 3372 588 3428 Multa
619 3376 757 3426 sunt
801 3372 859 3425 in
902 3375 1164 3440 tempore
1212 3369 1539 3439 ingressus,
1601 3368 1811 3437 exitus,
1841 3366 1901 3421 in

248 3463 458 3534 spatiis
489 3462 617 3516 vita:
641 3478 705 3515 ac
740 3460 896 3515 sedis
924 3460 1133 3513 borum
1168 3458 1634 3528 patriarcharum
1671 3457 1749 3511 ita
1768 3473 1907 3511 con-

249 3551 403 3619 fusa,
420 3552 486 3605 ut
514 3548 654 3604 viris
686 3548 862 3603 etiam
898 3546 1130 3618 magnis
1160 3564 1273 3600 non
1308 3546 1676 3600 occasionem
1709 3546 1903 3614 modo,

246 3641 351 3695 sed
386 3637 801 3694 necessitatem
835 3635 1066 3691 errandi
1102 3634 1438 3704 objecerint.
1477 3634 1649 3703 Atqui
1694 3651 1809 3687 non
1842 3638 1908 3687 ut

247 3728 358 3800 illi,
391 3728 604 3784 horum
640 3744 766 3797 quae
812 3725 1070 3797 primum
1125 3723 1300 3777 modo
1356 3723 1689 3793 produntur
1719 3721 1906 3776 desti-

249 3817 364 3873 tuti
393 3818 524 3872 luce
566 3821 1104 3880 monumentorum,
1155 3813 1300 3866 citra
1340 3810 1571 3882 culpam
1623 3815 1679 3865 et
1709 3826 1904 3879 repre—

251 3905 557 3962 hensionis
582 3907 758 3976 justas
812 3903 1088 3959 meritum
1143 3903 1200 3955 in
1238 3900 1330 3954 his
1393 3900 1671 3954 titubasse
1703 3904 1904 3967 potue-

251 4001 412 4061 runt,
468 3993 637 4050 nobis
697 3996 861 4060 item,
911 3992 960 4047 si
1012 3991 1151 4063 quid
1206 3990 1645 4056 offenderimus,
1694 3987 1905 4042 similis

250 4085 431 4141 veniae
459 4082 713 4138 conditio
749 4098 811 4136 ac
846 4098 981 4152 spes
1013 4080 1358 4135 ostenditur.
1397 4080 1603 4147 Quare,
1638 4077 1751 4131 nisi
1801 4078 1907 4131 de-

252 4178 389 4231 bere
420 4172 691 4227 volumus
727 4171 953 4242 [R512]
990 4169 1233 4224 multam
1256 4168 1622 4239 negligentia:
1648 4166 1904 4234 nomine,

254 4262 642 4320 annitendum
676 4265 765 4314 est
798 4260 967 4314 nobis
1004 4264 1059 4314 et
1093 4275 1195 4329 pro
1229 4257 1376 4313 virili
1432 4257 1904 4312 contendendum

252 4353 315 4407 in
351 4354 461 4407 isto
492 4348 673 4406 semel
706 4348 791 4403 sic
824 4349 1124 4419 purgando
1159 4347 1303 4411 loco,
1354 4354 1416 4400 ut
1468 4363 1601 4401 eum
1635 4345 1907 4415 deinceps

251 4441 341 4496 vel
374 4438 687 4495 mediocris
720 4435 965 4492 attentio
999 4435 1247 4506 legentis
1289 4436 1573 4490 inoffenso
1606 4440 1783 4507 queat
1811 4450 1905 4489 ve-

252 4531 429 4601 stigio
462 4529 792 4583 decurrere.
824 4525 942 4581 Hoc
975 4525 1252 4596 deinceps
1283 4524 1649 4581 conabimur.
1698 4524 1908 4579 Sedem

249 4614 960 4686 Constantinopolitanam
992 4613 1319 4683 imperante
1360 4612 1639 4669 Michaele
1684 4612 1900 4669 Palteo-

2021 2001 2157 2071 diei,
2223 2007 2286 2056 ut
2361 2019 2663 2074 perperam
2728 2002 2970 2073 ponitur
3025 2001 3179 2072 apud
3237 2000 3673 2072 Spondanum),

2022 2090 2222 2157 unius,
2250 2089 2514 2159 inquam,
2550 2090 2934 2145 hebdomadis
2983 2091 3173 2161 spatio
3232 2089 3538 2155 diaconus,
3576 2107 3674 2143 sa-

2020 2180 2225 2233 cerdos
2255 2185 2312 2234 et
2346 2180 2681 2249 patriarcha
2712 2180 3018 2234 ordinatus
3067 2183 3177 2232 est.
3230 2178 3511 2247 Idemque
3540 2194 3677 2231 mox

2020 2268 2235 2324 ritibus
2265 2268 2327 2322 in
2357 2268 2604 2323 ecclesia
2634 2268 2933 2324 consuetis
2979 2268 3353 2323 Theodorum
3400 2267 3673 2321 eumdem

2021 2358 2429 2429 imperatorem
2463 2358 2780 2413 coronavit.

2094 2482 2162 2536 ll.
2199 2482 2379 2536 Nemo
2430 2500 2543 2537 non
2576 2483 2731 2537 videt
2780 2483 2834 2536 in
2890 2483 2983 2537 his
3034 2482 3202 2537 facile
3255 2481 3523 2537 consumi
3574 2481 3673 2536 de-

2021 2572 2179 2625 [λῆθε
2208 2591 2218 2623 ι
2244 2571 2612 2624 ίίὶίιιΓνίιΗυῐἸῖ
2659 2573 3256 2643 sesquimenstruum,
3305 2576 3370 2624 ut
3420 2570 3509 2623 vix
3543 2577 3669 2623 tan-

2019 2662 2147 2712 dem
2186 2660 2578 2713 8υ1·›ῑηοάίυῐῐ]
2613 2660 2983 2713 Decembrem
3040 2658 3467 2730 possessionem
3504 2658 3664 2711 adire

2018 2747 2449 2818 patriarchatus
2498 2749 2779 2802 Arsenius
2836 2748 3108 2817 potuerit.
3165 2746 3309 2811 Quia
3370 2762 3562 2817 porro,
3598 2749 3665 2800 ut

2019 2842 2181 2890 notat
2228 2836 2578 2906 Acropolita,
2626 2837 2970 2892 Theodorus
3015 2837 3336 2906 imperator
3384 2840 3658 2889 evocatus

2018 2925 2458 2996 Adrianopolim
2489 2925 2853 2980 instantibus
2903 2926 3123 2985 causis.
3169 2924 3440 2994 eXpedire
3474 2940 3535 2977 se
3565 2923 3668 2978 Ni-

2018 3030 2143 3067 caea:
2195 3014 2506 3068 festinabat
2556 3014 2891 3069 necessaria
2947 3014 3291 3069 caremonia
3349 3013 3668 3082 inaugura-

2020 3102 2191 3157 tionis
2223 3120 2362 3166 suze,
2397 3119 2521 3172 quas
2556 3102 2746 3174 prima
2776 3103 2825 3158 ei
2860 3108 2994 3173 apta
3030 3120 3090 3157 se
3132 3101 3348 3157 obtulit
3380 3102 3502 3155 dies
3536 3100 3672 3170 (fuit

2018 3208 2086 3245 ea
2114 3190 2326 3247 Christi
2366 3191 2619 3259 natalis),
2654 3191 2713 3245 in
2746 3208 2813 3247 ea
2844 3191 3029 3246 sacris
3081 3192 3335 3262 primum
3389 3194 3668 3260 operante

1935 3315 1976 3379 Ο
2023 3280 2352 3352 patriarcha
2377 3280 2696 3335 solemnem
2754 3280 2813 3335 in
2867 3279 3085 3351 templo
3135 3279 3564 3333 coronationem
3601 3294 3666 3332 ac

2016 3372 2169 3441 cepit
2199 3370 2292 3424 die
2322 3370 2392 3423 25
2440 3371 2795 3435 Decembris,
2830 3387 2863 3424 a
2894 3386 3011 3440 qua
3054 3368 3167 3434 die,
3225 3385 3351 3439 quae
3386 3373 3547 3423 sexta
3578 3370 3665 3421 est

2012 3465 2338 3524 numerata,
2397 3459 2736 3514 Decembris
2793 3461 2863 3513 30
2920 3460 3214 3514 horrenda
3261 3458 3406 3512 solis
3458 3456 3665 3526 eclipsi

2010 3548 2120 3603 fuit
2153 3548 2733 3620 insignis.Habemus
2756 3564 2824 3601 ex
2855 3547 2944 3602 his
2977 3548 3211 3601 initium
3245 3546 3403 3601 sedis
3432 3544 3663 3599 Arsenii

2011 3638 2171 3693 omni
2223 3638 2503 3694 ﬁrmitate
2547 3638 2930 3693 constitutum
3003 3636 3060 3692 in
3113 3653 3312 3691 mense
3364 3625 3669 3690 Decembri

2012 3727 2147 3781 anui
2185 3727 2387 3782 1255a
2430 3727 2663 3781 Christo
2715 3732 2871 3782 nato.
2928 3725 3320 3781 Perseveravit
3375 3724 3514 3777 inde
3565 3722 3665 3777 ille

2010 3816 2068 3870 in
2121 3815 2446 3886 tranquilla
2497 3816 2792 3871 fonctione
2849 3815 3284 3886 patriarchatus
3350 3829 3541 3883 usque
3593 3812 3664 3866 ad

2012 3911 2257 3959 mortem
2293 3905 2581 3958 Theodori
2614 3905 3145 3975 imperatoris,qute
3179 3918 3380 3959 mense
3404 3905 3666 3971 Augusto

2011 3995 2146 4050 anni
2173 3994 2387 4049 Christi
2422 3994 2559 4046 1259
2589 3993 2803 4060 evenit,
2839 4009 3064 4047 necnon
3098 4009 3287 4063 usque
3319 3994 3389 4045 ad
3412 3992 3662 4045 evectio-

2011 4098 2144 4138 nem
2172 4083 2229 4137 in
2256 4083 2566 4153 imperium
2591 4080 2891 4137 Michaelis
2908 4080 3421 4151 Palaeologi,quem
3453 4084 3513 4133 et
3532 4095 3663 4133 coro

2011 4172 2252 4237 navit,et
2282 4172 2517 4242 quidem
2549 4171 2977 4237 solum,contra
3007 4187 3181 4240 quam
3219 4173 3507 4225 statutum
3536 4169 3662 4221 fue—

2012 4266 2139 4331 rat;
2173 4262 2327 4333 quod
2363 4261 2472 4315 fuit
2504 4259 2735 4326 initium
2761 4258 3071 4329 dejiciendi
3096 4259 3165 4313 ab
3187 4258 3333 4329 spei
3364 4256 3655 4327 r.periire-

2014 4351 2367 4423 digendique
2398 4350 2454 4404 in
2490 4350 2752 4406 ordinem
2778 4348 3028 4403 infelicis
3062 4348 3227 4421 pueri
3254 4345 3503 4402 Joannis
3530 4346 3652 4411 jam

2010 4440 2282 4511 Augusti.
2317 4438 2761 4495 Coronationem
2810 4438 2987 4493 istam
3039 4436 3343 4505 Palwologi
3379 4434 3653 4505 probabi-

2013 4531 2142 4585 liter
2173 4530 2532 4585 conferimus
2562 4528 2622 4583 in
2657 4528 3039 4583 Februarium
3084 4526 3222 4581 anni
3270 4523 3485 4582 Christi
3520 4524 3659 4577 1260

2011 4624 2137 4674 Non
2170 4618 2343 4690 longo
2374 4622 2507 4689 post
2536 4633 2663 4673 eam
2695 4622 2958 4688 tempore
3013 4615 3295 4671 Arsenius
3357 4631 3487 4669 sora
3545 4613 3657 4666 du-

250 4709 385 4780 logo
417 4706 680 4777 quinque
711 4703 952 4759 omnino
1013 4702 1307 4773 patriarcae
1364 4706 1720 4772 tenuerunt;
1752 4718 1895 4773 quo-
1931 4693 2139 4763 Delus
2189 4707 2528 4779 poenitentia
2576 4705 2876 4762 facilitatis
2937 4724 3076 4771 suae,
3139 4723 3256 4777 qua
3310 4702 3657 4775 permiserat

249 4813 382 4853 rum
417 4811 573 4850 unus
604 4794 783 4848 etiam
810 4791 1090 4847 Arsenius
1116 4791 1199 4845 illi
1233 4792 1497 4847 Ecclesia:
1531 4792 1619 4848 bis
1647 4792 1898 4863 praefuit.

250 4887 513 4943 Priorem
586 4884 762 4954 hujus
830 4881 1297 4952 patriarchatum
1367 4883 1440 4937 ab
1479 4899 1633 4937 anno
1683 4881 1900 4938 Christi

253 4977 394 5031 1255
434 4973 745 5047 procedere
799 4978 920 5026 tam
978 4976 1201 5026 certum
1254 4975 1363 5036 est,
1415 4988 1592 5043 quam
1634 4971 1733 5026 illo
1773 4970 1901 5043 ipso

250 5082 407 5122 anno
456 5062 828 5119 Theodorum
894 5060 1187 5115 Lascarim
1250 5060 1553 5116 Juniorem
1612 5060 1903 5132 imperare

251 5153 537 5225 ccepisse;
573 5151 726 5222 quod
776 5148 1068 5221 capitibus
1114 5149 1247 5205 libri
1304 5152 1482 5220 hujus
1532 5150 1701 5206 tertio
1750 5151 1895 5208 725

243 5251 309 5302 et
337 5249 545 5317 quarto
576 5239 1139 5295 demonstravimus.
1176 5240 1499 5307 Etenim,ut
1530 5240 1748 5297 diserte
1769 5257 1901 5296 ocu-

247 5336 410 5391 latus
437 5332 607 5387 testis
637 5335 696 5383 et
723 5334 927 5383 auctor
958 5329 1218 5398 cujusvis
1252 5328 1331 5384 rei
1376 5328 1676 5401 loocuples
1722 5332 1899 5385 Acro-

248 5425 433 5497 polita
463 5420 748 5490 Georgius
778 5418 975 5481 tradit,
1011 5423 1370 5473 acclamatus
1403 5419 1722 5491 imperator
1749 5420 1902 5475 The-

243 5515 466 5570 odorus
492 5516 620 5582 post
644 5505 824 5579 patris
847 5507 1088 5562 Joannis
1120 5514 1523 5580 mortem,quaa
1554 5508 1656 5563 illo
1687 5508 1901 5563 Christi

242 5618 401 5661 anno
434 5601 574 5656 1125
605 5596 777 5652 tertio
811 5595 930 5649 Kal.
975 5596 1336 5653 Novembres
1367 5597 1633 5670 contigit,
1695 5613 1898 5654 curam

247 5691 519 5749 omnium
570 5686 822 5759 primam
872 5684 1071 5754 posuit
1117 5685 1176 5741 in
1215 5686 1573 5759 providendo
1633 5686 1899 5743 Ecclesiae

246 5783 505 5857 pastore,
541 5791 717 5848 quam
752 5770 1080 5846 patriarcha
1110 5773 1342 5831 Manuel
1366 5774 1540 5847 paulo
1571 5780 1706 5832 ante
1726 5775 1899 5833 Joan-

2011 4797 2199 4852 omitti
2235 4796 2668 4852 coronationem
2714 4794 2920 4866 pupilli
2974 4795 3256 4866 principis
3299 4796 3426 4864 ejus
3473 4791 3654 4863 potis-

2011 4886 2228 4942 simum
2277 4885 2411 4940 ﬁdei
2462 4900 2497 4938 a
2547 4888 2711 4955 patre
2757 4884 3042 4939 moriente
3082 4881 3494 4948 commendati,
3552 4881 3656 4936 Ni-

2011 4992 2126 5031 caea
2158 4975 2389 5045 fugiens
2418 4974 2476 5028 in
2500 4973 2927 5029 monasterium
2960 4974 3182 5027 dictum
3230 4969 3531 5027 Paschasii
3564 4986 3658 5023 se-

2012 5064 2208 5130 cessit,
2241 5062 2439 5133 ibique
2471 5062 2754 5134 privatam
2786 5078 2959 5132 agere
3005 5061 3183 5117 vitam
3230 5060 3504 5116 instituit.
3542 5059 3657 5114 Hoc

2010 5153 2239 5208 videtur
2268 5153 2485 5207 factum
2521 5168 2722 5207 mense
2754 5151 2959 5205 Martio
2992 5151 3129 5206 dicti
3161 5151 3295 5205 anni
3334 5148 3656 5203 1260.Nam

2012 5244 2140 5313 ejus
2172 5241 2253 5297 rei
2288 5241 2529 5296 nuntius
2551 5241 2815 5311 perlatus
2848 5242 2916 5295 ad
2953 5241 3367 5312 imperatorem
3401 5238 3654 5295 Michae-

2010 5332 2124 5388 lem
2157 5330 2391 5397 dicitur,
2427 5347 2541 5402 quo
2568 5334 2833 5400 tempore
2864 5330 2913 5384 is
2949 5331 3098 5385 726
3130 5331 3399 5398 trajicere
3430 5328 3656 5383 Helles-

2010 5426 2257 5494 pontum
2318 5419 2564 5491 parabat
2619 5419 2690 5473 ad
2735 5421 3033 5475 visendam
3083 5419 3400 5491 Selybriam
3449 5435 3483 5479 a
3531 5417 3656 5472 suis

2010 5515 2239 5581 captam
2280 5509 2456 5580 paulo
2489 5512 2644 5563 ante.
2690 5508 2775 5563 Ita
2804 5508 3211 5580 Pachymeres,
3270 5508 3310 5562 l.
3368 5525 3431 5575 ιι,
3480 5522 3531 5561 c.
3560 5507 3651 5561 15.

2011 5601 2184 5656 Recte
2213 5599 2323 5654 hoc
2358 5597 2607 5670 quadrat
2637 5596 2697 5651 in
2730 5597 3086 5670 principium
3133 5598 3370 5669 Aprilis,
3413 5612 3651 5651 vernam

2009 5689 2293 5744 nimirum
2341 5690 2777 5758 tempestatem,
2815 5704 2935 5759 qua
2976 5706 3146 5762 reges
3176 5687 3368 5745 solent
3396 5686 3468 5743 ad
3500 5684 3653 5741 bella

2008 5777 2339 5851 procedere,
2391 5780 2457 5833 ut
2502 5775 2804 5848 Scriptura
2841 5775 3122 5851 loquitur.
3166 5779 3337 5849 Nam,
3386 5787 3451 5841 ut
3496 5774 3649 5833 locet
