4120 6392
440 434 581 491 1183

1472 440 1537 491 Ρ.
1576 436 1855 492 POSSINI
1900 435 2510 494 OBSERVATIONUM
2546 440 2679 493 LIB.
2722 441 2800 494 III

3719 431 3865 489 1184

437 561 594 617 idem
628 559 1559 632 historicus,Constantinopoleos
1588 561 2089 633 oppugnationem
2117 564 2173 628 Α
2204 561 2610 627 triarchatum,
2643 562 2843 618 Alexio
2874 560 3281 633 Strategopulo
3314 558 3549 627 Cesari,
3606 558 3708 632 qui
3755 574 3861 615 nr-

438 649 652 705 Mihael
676 650 870 706 animo
902 652 1189 718 versabat,
1220 665 1398 721 quam
1449 667 1509 705 re
1550 650 1680 722 ipsa
1737 654 1827 704 est
1855 666 2091 723 aggres-

438 756 541 794 sus
575 740 907 810 insequenti
941 743 1159 795 aestate.
1213 740 1378 793 Tunc
1429 744 1623 794 autem
1658 740 1707 794 is
1756 740 1964 794 itinere
1995 756 2095 794 co-

437 828 621 897 gitato
653 831 1067 899 supersedens,
1099 830 1261 883 dedit
1303 846 1540 899 operam
1592 830 1768 884 rebus
1801 830 2090 895 Ecclesiae,

437 919 656 973 ibidem
688 918 785 972 ubi
821 923 957 971 tunc
988 924 1114 972 erat
1146 918 1447 990 Nymphzsi
1470 919 1813 989 persistens,
1848 935 2089 990 congre-

438 1008 632 1075 ganda
664 1007 885 1078 synodo
940 1023 1072 1077 qua:
1116 1008 1186 1061 de
1237 1007 1465 1062 Arsenii
1514 1024 1747 1063 secessu
1784 1012 2088 1063 statueret.

440 1096 713 1163 Synodus
748 1096 1008 1150 Nicetam
1043 1096 1359 1166 quemdam
1395 1097 1480 1167 [P.
1520 1098 1645 1164 543]
1677 1098 1745 1152 ad
1780 1098 2090 1152 Arsenium

442 1183 640 1239 mittil.
677 1184 731 1237 Is
761 1184 833 1237 ab
866 1184 1111 1238 Arsenio
1160 1184 1461 1239 renuntiat
1513 1186 1718 1241 cedere
1772 1186 1939 1241 illum
1990 1203 2091 1257 pa-

440 1272 755 1327 triachatu.
790 1272 893 1326 Hic
921 1272 1056 1327 finis
1091 1273 1201 1327 fuit
1233 1273 1444 1343 prioris
1476 1274 1702 1329 Arsenii
1749 1275 1926 1330 sedis.
1960 1276 2091 1338 Quae

443 1378 579 1416 cum
611 1361 850 1416 desierit
876 1362 1059 1431 Aprili
1091 1362 1230 1416 anni
1278 1362 1418 1417 4260
1460 1367 1517 1417 et
1564 1364 1802 1434 coeperit
1848 1364 2094 1419 Decem-

444 1451 531 1504 bri
566 1450 703 1505 anni
738 1451 897 1517 4255,
932 1456 1186 1521 quatuor
1215 1468 1504 1507 annorum
1548 1457 1607 1507 et
1656 1458 1936 1523 praeterea
1958 1455 2094 1509 toti-

445 1541 578 1594 dem
611 1540 729 1595 fere
762 1539 1055 1595 mensium
1090 1540 1263 1596 fuerit
1292 1546 1541 1613 oportet.

519 1647 616 1701 IlI.
646 1650 709 1701 In
743 1648 870 1717 ejus
902 1646 1093 1702 locum
1144 1648 1501 1704 substitutus
1543 1649 1741 1705 statim
1788 1655 1878 1704 est
1929 1650 2096 1707 Nice-

449 1735 670 1806 phorus
701 1742 841 1791 tunc
872 1737 1083 1808 Ephesi
1118 1738 1505 1809 metropolita.
1540 1738 1655 1792 Cur
1687 1739 1885 1794 statim
1918 1738 1975 1793 id
2011 1740 2093 1794 fa-

450 1834 609 1878 ctum
644 1826 879 1879 credam
929 1842 1109 1881 causa
1152 1830 1259 1895 est,
1305 1827 1445 1898 quia
1496 1828 1810 1882 festinabat
1863 1828 1923 1883 in
1961 1846 2095 1900 pro-

2200 650 2334 706 bem
2366 657 2619 722 ceperat,
2654 651 2904 706 eximius
2938 654 2994 706 et
3027 650 3198 721 plane
3222 648 3723 705 extraordinarius
3746 648 3861 702 ho-

2200 756 2306 795 nos
2338 746 2430 795 est
2461 740 2724 808 habitus,
2752 746 2816 794 ut
2846 739 3044 795 statim
3080 743 3212 811 post
3242 742 3536 810 Augustos
3564 737 3662 808 qui
3688 753 3858 792 coro-

2201 830 2517 897 nabantur,
2553 830 2659 885 hoc
2688 838 2775 885 est
2804 829 3147 885 Michaelem
3174 828 3565 898 Palaaologum
3583 832 3641 882 et
3662 826 3858 881 Theo-

2201 918 2405 973 c’oram
2436 921 2566 989 ejus
2598 920 2929 990 conjugem,
2984 918 3391 973 nominaretur
3448 916 3505 970 in
3562 914 3857 987 synaptis,

2201 1007 2311 1062 hoc
2360 1012 2449 1063 est
2482 1007 2542 1062 in
2574 1008 2795 1063 litaniis
2844 1018 2894 1063 et
2929 1007 3206 1079 procibus
3248 1005 3526 1079 publicis.
3587 1005 3859 1060 Refertur

2201 1096 2312 1153 hoc
2344 1114 2376 1151 a
2407 1097 2782 1170 Pachymere,
2820 1099 2855 1152 Ι.
2891 1114 2975 1163 ιιι,
3009 1113 3059 1152 c.
3095 1100 3129 1151 2
3160 1097 3271 1152 sub
3306 1096 3505 1164 finem,
3540 1093 3639 1149 ubi
3703 1097 3862 1149 recte

2202 1186 2471 1241 observat
2505 1186 2820 1243 historicus
2868 1186 3051 1242 fuisse
3108 1186 3260 1240 hanc
3313 1183 3619 1256 quamdam
3670 1199 3862 1238 exau-

2203 1276 2587 1332 ctorationem
2623 1276 2830 1348 pupilli
2864 1276 3132 1337 Joannis,
3191 1273 3546 1330 astutissimi
3595 1272 3854 1344 impera-

2201 1365 2345 1419 toris
2378 1365 2683 1421 blanditiis
2710 1372 2766 1421 et
2796 1365 3023 1421 artibus
3080 1365 3459 1436 impetratam
3502 1379 3534 1415 a
3593 1360 3856 1431 simplici

2203 1453 2453 1509 nimium
2486 1455 2837 1526 patriarcha,
2874 1472 2989 1509 non
3024 1454 3363 1526 providente
3410 1457 3535 1507 tum
3585 1450 3863 1506 videlicet

2203 1559 2319 1614 quo
2350 1544 2470 1600 hinc
2503 1545 2882 1616 pertinerent.
2917 1546 2979 1599 In
3010 1560 3125 1616 quo
3158 1548 3221 1598 ut
3273 1543 3441 1597 fucus
3488 1541 3651 1596 fieret
3706 1540 3859 1611 seni,

2205 1638 2271 1688 ut
2300 1651 2367 1688 ex
2399 1634 2621 1689 caeteris
2651 1642 2910 1706 apparet,
2946 1632 3261 1706 suspicaci,
3282 1636 3340 1688 et
3358 1630 3451 1687 cui
3472 1629 3636 1686 salus
3662 1628 3860 1702 digni-

2203 1725 2416 1794 tasque
2441 1722 2646 1795 pupilli
2668 1722 3069 1793 Joannis,ejus
3088 1721 3366 1794 peculiari
3385 1737 3538 1776 curae
3559 1718 3858 1783 commisi,

2205 1816 2351 1879 erat,
2381 1818 2447 1867 ut
2478 1813 2737 1884 oportuit
2768 1818 2824 1867 et
2854 1828 2946 1868 res
2978 1812 3193 1867 deinde
3223 1813 3655 1877 monstrarunt,
3681 1807 3859 1877 longe

451 1912 646 1968 cinctu
699 1914 770 1968 ad
816 1914 1244 1984 expeditionem
1294 1921 1599 1987 urgentem
1644 1897 2004 1989 imperatori;
2046 1922 2104 1974 et
2132 1918 2179 1983 B
2210 1901 2581 1967 OhaPiSSima»
2615 1902 2749 1972 (ἶυίε
2784 1919 2897 1957 non
2930 1902 3089 1957 νίάθί
3120 1901 3303 1957 “lisse
3326 1916 3561 1957 necesse
3584 1904 3644 1989 ul
3668 1897 3862 1989 31:9“?

447 2001 574 2072 ipse
588 2002 955 2075 Nicephorus
976 2004 1359 2075 cupidissime
1376 2006 1707 2061 assentiens
1727 2006 1952 2062 nullam
1968 2024 2095 2064 mo-

445 2107 569 2146 ram
595 2092 947 2163 interposuit
977 2091 1243 2149 electioni
1275 2094 1752 2150 suaa.Narrantur
1791 2096 1911 2151 haec
1943 2114 1993 2152 c.
2027 2098 2096 2153 45

443 2183 502 2235 et
534 2182 620 2235 46.
656 2180 693 2234 l.
729 2182 895 2246 u,ubi
919 2186 977 2238 et
1005 2182 1221 2237 dicitur
1250 2185 1453 2238 eodem
1486 2188 1748 2255 temporc
1769 2186 2093 2242 decessisse

446 2269 763 2342 Nymphaeo
795 2271 1203 2342 imperatorem
1247 2273 1485 2343 quidem
1531 2272 1861 2345 Callipolim
1889 2292 2091 2330 versus

443 2374 577 2413 cum
609 2359 866 2414 exercitu
900 2361 968 2414 ad
1004 2361 1574 2433 Constantinopolim
1608 2364 2088 2433 oppugnandam,

442 2464 661 2503 novum
678 2464 814 2503 vero
837 2449 1231 2519 patriarcham
1257 2451 1652 2523 Nicephorum
1680 2452 2091 2523 Nicaam,quzs

446 2554 580 2592 cum
612 2542 770 2594 esset
803 2544 941 2593 tunc
972 2540 1112 2595 urbs
1145 2540 1324 2611 regia,
1357 2540 1581 2595 Latinis
1610 2542 2095 2611 ConstantinOpo-

446 2625 552 2681 lim
588 2628 1010 2695 tenentibus,in
1043 2645 1111 2685 ea
1141 2629 1354 2685 solitus
1384 2636 1510 2685 erat
1538 2630 1771 2686 Graecus
1803 2631 2092 2687 Constan-

442 2716 866 2788 tinopolitanus
898 2717 1234 2789 patriarcha
1255 2718 1804 2775 diversari.Initium
1840 2721 2092 2791 patriar-

450 2805 661 2861 chatus
686 2805 992 2877 Nicephori
1021 2806 1414 2863 verisimiliter
1457 2809 1757 2863 confertur
1801 2809 1859 2863 in
1914 2809 2091 2863 finem

441 2896 658 2966 Aprilis
699 2900 801 2951 aut
848 2897 1087 2953 initium
1153 2897 1287 2953 Maii
1348 2898 1487 2953 anni
1547 2915 1727 2970 supra
1784 2898 2095 2954 memorati

442 2985 605 3039 4260.
639 2985 848 3041 Narrat
875 2985 1011 3042 inde
1051 2988 1451 3059 Pachymeres,
1506 2988 1545 3044 l.
1612 3005 1676 3053 ιι,
1708 3005 1757 3043 c.
1813 2990 1906 3055 ‘20,
1958 2989 2093 3043 diu-

440 3078 681 3129 turnam
708 3079 765 3130 et
788 3074 1014 3131 irritam
1042 3076 1548 3147 oppugnationem
1600 3076 1839 3145 Galatae,
1890 3077 1949 3131 in
1977 3092 2095 3148 qua

442 3163 762 3235 imperator
808 3167 1180 3236 consumpsit
1224 3169 1509 3222 aestatem.
1568 3167 1765 3238 quue
1826 3167 1897 3221 ad
1956 3181 2093 3221 eum

443 3252 808 3325 Nicephorus
837 3254 1187 3325 patriarcha,
1223 3258 1505 3327 pertaesus
1534 3255 2093 3325 Nicaeensium,quo-
2127 3260 2172 3323 ο

447 3357 576 3396 rum
609 3343 853 3398 Arsenio
885 3344 1256 3399 addictorum
1292 3343 1426 3399 odia
1456 3344 1514 3398 in
1547 3360 1610 3399 se
1638 3343 1875 3413 irasque
1931 3340 2095 3395 nulla

447 3429 705 3487 delinere
735 3437 861 3487 arte
892 3436 1184 3503 potuerat,
1220 3448 1282 3487 se
1311 3430 1693 3501 contulit,spe
1723 3429 2093 3499 ingrediendi

446 3537 579 3576 cum
613 3521 741 3591 ipso
796 3524 1063 3592 Augusto
1117 3521 1322 3574 urbem
1383 3536 1541 3587 mox,
1600 3524 1665 3573 ut
1721 3518 2094 3584 credebatur,

443 3608 811 3679 capiendam.
841 3609 949 3663 Sed
982 3624 1117 3664 cum
1167 3607 1537 3663 obsidionem
1587 3607 1813 3663 solvere
1861 3612 2097 3663 coactus

444 3697 768 3768 imperator
806 3697 1194 3769 Nymphaeum
1226 3713 1287 3752 se
1321 3699 1663 3769 recepisset,
1690 3704 1929 3753 secutus
1962 3714 2097 3753 eum

445 3784 590 3838 illuc
625 3784 986 3857 Nicephorus
1021 3785 1097 3840 ibi
1130 3790 1220 3841 est
1248 3790 1515 3842 mortuus
1548 3788 1658 3843 sub
1692 3791 2095 3857 autummum,

452 3876 517 3925 ut
547 3878 812 3943 apparet,
846 3879 953 3929 aut
980 3873 1193 3930 hiemis
1222 3875 1455 3931 initium
1484 3877 1751 3946 ejusdem
1778 3876 1916 3931 anni
1943 3876 2099 3930 4268.

453 3962 641 4026 Quare
669 3960 827 4017 illius
864 3963 1294 4034 patriarchatus
1326 3964 1485 4020 haud
1520 3965 1640 4020 fere
1669 3964 1902 4036 longior
1922 3964 2102 4035 septi-

455 4048 655 4103 mestri
710 4054 811 4105 aut
869 4051 1190 4107 octimsstri
1250 4052 1380 4107 fuit.
1440 4052 1591 4107 Hinc
1645 4055 1868 4108 vacavit
1939 4054 2105 4108 sedes

454 4155 675 4193 annum
755 4139 1005 4211 circiter,
1067 4140 1238 4196 anxie
1314 4140 1676 4198 deliberante
1755 4143 2108 4212 imperatore

455 4244 629 4299 quem
664 4230 737 4284 ad
768 4229 1023 4286 rationes
1075 4232 1370 4287 meditata:
1429 4232 1840 4303 expunctionis
1897 4230 2107 4302 pupilli

458 4319 966 4375 accommodatum
1006 4320 1058 4375 ei
1114 4322 1453 4392 praeﬁceret,
1511 4322 1699 4392 quoad
1763 4320 1995 4375 tandem
2047 4320 2107 4373 in

462 4406 681 4462 Arsenii
715 4409 1140 4464 revocationem
1192 4410 1512 4477 consensit,
1548 4411 1720 4480 cujus
1750 4410 1809 4463 in
1851 4407 2108 4478 praeteri-

460 4495 617 4551 tione
648 4497 1043 4553 coronationis
1073 4497 1319 4555 Joannis
1343 4499 1506 4570 pueri
1539 4498 1879 4571 patientiam
1902 4512 2111 4569 exper-

465 4588 562 4640 tus
594 4586 855 4657 speravit
884 4587 1061 4641 etiam
1113 4604 1179 4641 eo
1211 4588 1370 4644 facili
1404 4604 1644 4644 usorum
1679 4587 1738 4643 in
1770 4591 2109 4642 exauctora-

460 4673 620 4730 tioue
648 4690 829 4745 quam
863 4677 1109 4746 parabat
1138 4678 1426 4747 ejusdem.
1448 4677 1705 4748 Contigit
1728 4676 1963 4732 interim
1981 4674 2111 4746 capi

465 4765 692 4833 urbem,
737 4769 794 4820 et
850 4765 1264 4838 imperatorem
1322 4767 1383 4822 in
1430 4784 1559 4823 eam
1620 4766 1814 4822 invehi
1860 4765 2107 4822 solemni

463 4870 699 4925 pompa,
733 4854 930 4926 ibique
950 4855 1063 4911 ﬁxo
1085 4856 1212 4927 jam
1242 4856 1558 4913 domicilio.
1584 4857 1892 4912 Arsenium
1917 4857 2111 4911 denuo

463 4941 715 4999 electum
751 4962 784 4999 a
814 4945 1037 5017 synodo
1068 4946 1269 5002 missis
1294 4946 1501 5017 legatis
1531 4946 1814 5002 invitasse
1844 4947 1913 5002 ad
1944 4962 2111 5001 resu-

468 5034 740 5088 mendam
770 5034 1116 5090 melioribus
1149 5035 1428 5106 auspiciis
1458 5036 1787 5091 addicatam
1823 5035 1962 5091 olim
2009 5050 2109 5105 po-

468 5126 758 5179 testatem.
790 5124 1014 5188 Quibus
1045 5125 1141 5181 ille
1172 5125 1502 5182 assentiens
1532 5127 1592 5182 in
1625 5128 1831 5183 urbem
1861 5126 2020 5183 venit
2055 5128 2113 5181 et

467 5212 625 5267 sedis
682 5214 1094 5281 patriarchalis
1162 5218 1596 5288 possessionem
1682 5234 1891 5273 rursus
1970 5214 2115 5271 adiit

469 5299 508 5358 1.
543 5318 630 5369 ιιι,
665 5320 714 5358 c.
748 5306 801 5360 2.

544 5411 690 5467 727
727 5410 818 5466 IV.
851 5414 1071 5469 Arsenii
1104 5414 1537 5471 restitutionem
1572 5433 1688 5471 non
1740 5415 1928 5470 multo
1983 5416 2116 5487 post

470 5506 700 5573 captam
735 5502 941 5557 urbem
973 5504 1287 5573 contigisse
1326 5504 1461 5559 inde
1505 5508 1921 5576 argumentum
1979 5501 2115 5557 duci

472 5595 685 5663 potest,
734 5592 892 5662 quod
954 5591 1010 5644 in
1071 5594 1329 5647 secunda
1385 5593 1760 5649 coronatione
1816 5591 2118 5648 Michaelis

477 5681 548 5732 ab
578 5681 819 5735 Arsenio
850 5678 1095 5735 delinito
1153 5680 1324 5735 donis
1383 5690 1441 5736 et
1498 5682 1820 5737 honoribus
1868 5680 2121 5736 libenter

476 5770 783 5835 celebrata,
815 5768 1082 5839 proxima
1112 5766 1418 5824 Dominica
1449 5776 1578 5839 post
1608 5775 1976 5840 resumptum
2018 5785 2117 5839 pa-

2213 1992 2470 2063 ﬂagrans
2499 1991 2681 2046 Alexii
2712 1991 2981 2059 Caesaris,
3011 1991 3068 2045 in
3127 1989 3536 2046 recentissima
3593 1985 3867 2042 videlicet

2210 2079 2492 2135 memoria
2522 2079 2739 2135 heroici
2772 2079 3046 2134 facinoris
3079 2095 3193 2149 quo
3226 2095 3347 2133 rem
3382 2078 3702 2132 Romanam
3746 2075 3864 2129 im-

2207 2168 2350 2233 perii
2381 2168 2686 2240 metropoli
2738 2168 3137 2239 recuperanda
3192 2162 3635 2234 incomparabili
3684 2164 3867 2217 bene-

2206 2257 2331 2311 ﬁcis
2362 2257 2471 2312 sibi
2506 2256 2885 2325 devinxisset,
2932 2256 3188 2311 rationes
3247 2253 3477 2327 pupulli
3542 2250 3859 2324 principis,

2204 2347 2299 2401 cui
2332 2346 2764 2416 praeferebatur,
2809 2351 2866 2400 et
2895 2344 3112 2400 multas
3146 2344 3291 2399 alias
3336 2348 3450 2397 tam
3500 2342 3862 2396 inusitatum

2203 2434 2456 2490 homicis
2510 2452 2625 2490 non
2685 2434 3030 2505 imperantis
3086 2434 3368 2488 honorem
3443 2430 3865 2485 dissuadentes

2206 2523 2707 2578 considerationes
2737 2523 3093 2577 eluctaretur
3122 2522 3149 2575 ‘I
3174 2520 3357 2592 Igitur
3378 2535 3515 2575 cum
3543 2518 3749 2572 urbem
3785 2517 3862 2571 ab

2204 2612 2401 2668 Alexio
2433 2617 2663 2684 captam
2699 2611 3073 2667 statuerimus
3106 2610 3200 2665 die
3228 2611 3318 2677 ‘25,
3360 2607 3499 2663 Julii
3533 2606 3671 2662 anni
3718 2606 3855 2659 1261

2204 2702 2539 2773 ingressum
2571 2717 2703 2756 vero
2754 2717 2883 2756 eam
2941 2698 3185 2755 solemni
3246 2714 3461 2769 pompa
3512 2695 3861 2750 Michaelem

2205 2792 2532 2861 Augustum
2561 2791 2627 2844 48
2651 2789 2752 2845 Kal
2776 2791 3070 2859 Septemb.
3096 2789 3359 2860 ejusdem
3387 2786 3547 2853 anni,
3573 2785 3668 2839 die
3687 2799 3859 2839 sacro

2205 2879 2464 2951 Deiparaa
2493 2883 2811 2950 assumpta:
2843 2880 3047 2933 doceat
3076 2876 3406 2948 AcrOpolita
3450 2892 3501 2931 c.
3535 2874 3626 2941 88,
3668 2874 3867 2928 dicere

2206 2967 2793 3023 valdeverisimiliter
2824 2983 3143 3038 possumus
3191 2968 3563 3035 resumptum
3624 2962 3695 3018 ab
3754 2963 3867 3016 Ar-

2208 3059 2371 3113 senio
2396 3057 2657 3129 regimen
2684 3054 3095 3127 patriarchalis
3120 3054 3276 3110 sedis
3291 3054 3399 3109 sub
3415 3052 3590 3107 ﬁnem
3606 3049 3861 3121 Augusti

2210 3146 2431 3201 mensis
2463 3150 2520 3200 et
2543 3144 2843 3199 Michaelis
2863 3144 3300 3199 coronationem
3326 3142 3435 3196 sub
3456 3140 3694 3195 initium
3719 3139 3856 3209 Sep-

2212 3233 2457 3288 tembris
2490 3232 2869 3286 celebratum.
2906 3233 2968 3286 In
3003 3248 3120 3302 quo
3147 3231 3196 3286 si
3229 3230 3365 3301 quis
3395 3229 3734 3300 vitilitigare
3764 3242 3862 3281 ve-

2209 3322 2296 3387 lit,
2331 3325 2527 3375 tamen
2562 3320 2716 3374 idem
2751 3321 2808 3373 id
2842 3320 2899 3373 in
2934 3320 3175 3391 longum
3210 3320 3445 3374 differre
3477 3335 3591 3373 non
3627 3316 3864 3388 poterit.

2203 3410 2346 3465 Cum
2380 3409 2535 3464 enim
2570 3413 2726 3463 certo
2754 3408 3161 3464 deﬁnierimus
3193 3407 3488 3480 superius,
3522 3423 3574 3462 c.
3628 3407 3682 3471 4,
3714 3422 3770 3462 n.
3809 3405 3869 3475 4,

2203 3498 2489 3554 Joannem
2522 3502 2606 3570 (P.
2638 3498 2767 3569 514)
2810 3502 3146 3570 Augustum
3208 3513 3452 3568 puerum
3509 3500 3868 3551 excaecatum

2206 3588 2411 3655 fuiss3,
2437 3589 2529 3644 die
2558 3587 2772 3643 Christi
2799 3586 2988 3643 Natali
3030 3587 3211 3658 hujus
3242 3586 3379 3641 anni
3428 3587 3586 3655 4264,
3619 3588 3677 3639 et
3735 3600 3870 3639 ma-

2208 3677 2487 3734 nifestum
2522 3678 2599 3733 sit
2628 3677 2781 3732 inter
2810 3677 3247 3733 coronationem
3269 3674 3567 3731 Michaelis
3589 3678 3645 3729 et
3675 3689 3865 3728 excae-

2210 3768 2496 3823 cationem
2557 3766 2804 3823 Joannis
2863 3766 3140 3821 idoneum
3203 3764 3525 3835 quodpiam
3577 3761 3870 3832 temporis

2212 3857 2495 3927 spatium,
2526 3856 2959 3925 intercessisse,
2996 3855 3153 3909 haud
3197 3853 3401 3923 utique
3459 3850 3645 3906 multo
3711 3849 3883 3906 ultra

2214 3947 2386 4000 fixam
2420 3962 2453 3999 a
2482 3945 2650 4000 nobis
2680 3945 2810 3999 initi
2843 3944 3172 4000 secundum
3226 3942 3297 3997 ab
3328 3941 3575 3996 Arsenio
3617 3940 3875 4011 patriar-

2214 4035 2421 4090 chatus
2451 4034 2735 4105 epocham
2770 4032 2972 4088 licebit
3001 4031 3403 4103 quamtumvis
3425 4035 3633 4102 arguto
3666 4030 3873 4098 conje-

2217 4127 2312 4178 ctu
2322 4124 2401 4178 ris
2422 4121 2671 4194 evagari.

2287 4250 2350 4306 V.
2384 4249 2683 4303 Habemus
2713 4247 2950 4303 initium
2975 4246 3215 4303 secundi
3237 4245 3671 4319 patriarchatus
3694 4250 3874 4300 Arse-

2218 4336 2319 4392 nii.
2356 4337 2557 4391 Restat
2586 4336 2722 4391 finis
2772 4335 3037 4405 ejusdem
3087 4334 3480 4405 indagandus.
3526 4334 3737 4389 Narrat
3772 4333 3879 4387 Pa-

2219 4428 2543 4499 chymeres,
2579 4428 2619 4481 ι.
2652 4445 2738 4495 ιιι,
2774 4445 2823 4483 c.
2860 4428 2946 4492 14,
2979 4427 3293 4482 Arsenium
3328 4424 3724 4497 patriarcham
3769 4440 3874 4478 au—

2219 4517 2341 4573 dita
2370 4517 2614 4572 Joannis
2643 4516 3029 4572 excaecatione
3061 4516 3372 4571 anathema
3404 4515 3465 4571 in
3497 4515 3624 4584 ejus
3678 4516 3878 4569 aucto-

2221 4624 2343 4662 rem
2379 4606 2719 4662 Michaelem
2756 4609 3089 4678 Augustum
3133 4606 3463 4660 intorsisse.
3526 4605 3585 4659 Id
3649 4603 3874 4658 factum

2223 4695 2479 4769 oportuit
2510 4695 2663 4751 circa
2692 4694 2923 4749 initium
2957 4696 3095 4750 anni
3128 4694 3342 4750 Christi
3383 4694 3535 4760 I263,
3583 4708 3715 4747 cum
3754 4690 3877 4762 pri-

2222 4801 2381 4839 mum
2420 4800 2628 4856 nempe
2661 4783 2899 4855 vulgata
2929 4783 3085 4838 fama
3115 4788 3205 4838 est
3236 4782 3374 4837 facti
3431 4781 3668 4837 atrocis.
3728 4781 3875 4849 Cap.

2222 4874 2432 4929 deinde
2464 4874 2530 4928 49
2563 4873 2780 4928 dicitur
2811 4872 3179 4941 Michaelem,
3226 4876 3542 4942 postquam
3600 4868 3878 4924 videlicet

2221 4963 2563 5034 aliquandiu
2598 4962 2985 5033 ignominiam
3020 4960 3414 5015 meritissima?
3441 4976 3625 5031 poenae
3653 4959 3875 5014 tacitus

2220 5052 2458 5117 tulerat,
2491 5052 2729 5122 petiisse
2761 5048 3087 5122 supplicem
3121 5050 3191 5104 ab
3224 5049 3469 5104 Arsenio
3513 5048 3873 5104 solutionem

2223 5141 2639 5208 anathematis,
2673 5156 2778 5195 nec
2810 5144 3030 5206 tamen,
3064 5139 3201 5193 licet
3230 5139 3325 5193 diu
3377 5142 3435 5193 et
3493 5138 3876 5193 vehementer

2220 5230 2559 5300 institisset,
2590 5230 2903 5301 impetrare
2933 5227 3214 5299 potuisse.
3246 5226 3428 5282 Multa
3485 5226 3695 5284 dehinc
3745 5242 3881 5281 nar-

2224 5325 2429 5379 rantur
2460 5338 2664 5377 novem
2694 5319 2937 5391 reliquis
2972 5320 3263 5391 capitibus
3321 5319 3456 5375 libri
3511 5320 3690 5386 tertii,
3741 5336 3876 5390 quas

2224 5411 2323 5468 illo
2353 5410 2660 5467 intervallo
2694 5412 2909 5466 frustra
2928 5409 3116 5480 petita:
3139 5408 3529 5464 absolutionis
3549 5410 3619 5465 ab
3643 5426 3881 5465 excom-

2228 5501 2626 5557 municatione
2662 5499 2811 5556 728
2842 5499 3233 5569 contigerunt.
3267 5497 3400 5553 Hzec
3442 5503 3614 5570 prout
3668 5497 3722 5553 in
3783 5516 3884 5568 sy-

2227 5591 2395 5662 nopsi
2431 5589 2841 5661 chronologica
2865 5587 3245 5659 digessimus.
3290 5587 3456 5643 facile
3478 5587 3657 5643 trium
3691 5604 3889 5644 anno-

2228 5696 2359 5735 rum
2393 5680 2651 5751 spatium
2683 5678 2937 5750 explent.
2972 5675 3212 5741 Quando
3236 5677 3362 5747 jam
3396 5677 3715 5748 desperans
3771 5677 3890 5732 Mi-

2229 5769 2390 5825 chael
2425 5769 2746 5841 quidquam
2779 5783 2884 5823 sua
2911 5782 3092 5821 causa
3135 5764 3422 5821 facturum
3460 5766 3773 5821 Arsenium
3810 5767 3890 5823 ad
