4120 6418
265 446 414 503 1185

1661 439 2283 499 CHRONOLOGICUB.

3539 446 3677 500 1186

265 571 577 645 episcopos
608 569 679 624 de
709 570 868 623 statu
902 583 1097 623 rerum
1140 585 1384 624 suarum
1416 583 1543 623 eam
1588 567 1914 623 orationem
1945 567 1998 634 Α
2030 579 2158 617 vem
2191 560 2443 616 duravit.
2497 561 2565 617 Ut
2605 561 2790 616 semel
2849 562 3223 619 absolvemus
3284 566 3352 621 de
3410 568 3676 625 Arsenio.

269 660 498 729 habuit,
532 675 662 730 quae
691 674 739 713 c.
779 659 829 727 1,
867 656 904 710 Ι.
940 674 999 711 1v
1032 658 1334 714 recitatur.
1372 659 1432 712 In
1465 674 1533 712 ea
1573 655 1742 727 quasi
1793 656 1921 710 fun-

272 753 553 807 damenta
575 748 737 818 jacta
770 750 911 801 sunt
943 746 1330 817 depositionis
1358 746 1588 801 Arsenii
1627 746 1712 801 Ad
1743 760 1921 816 quam

275 845 343 895 ut
363 852 710 911 processum
747 835 923 889 fuerit
955 836 1161 890 docere
1184 836 1501 890 historicus
1537 834 1741 904 incipit
1773 833 1811 887 l.
1846 850 1922 900 ιν,

276 947 324 984 c.
360 930 394 983 3
426 927 525 982 ubi
558 925 859 980 accusatio
889 923 950 978 in
984 925 1379 995 patriarcham
1404 924 1614 996 cupide
1632 925 1700 977 ab
1735 923 1925 993 impe-

276 1023 470 1074 ratore
518 1017 757 1086 accepta
807 1018 1189 1069 memoratur.
1239 1013 1548 1068 Damnatio
1587 1012 1816 1067 Arsenii
1871 1016 1928 1066 et

275 1102 917 1174 exauctoratiojudicio
949 1103 1155 1175 synodi
1208 1104 1443 1159 decreta
1492 1102 1741 1156 refertur
1770 1118 1819 1156 c.
1851 1102 1924 1170 6;

281 1194 542 1251 executio
574 1209 746 1265 porro
780 1192 1084 1247 sententiae
1117 1195 1173 1248 et
1226 1192 1429 1262 ejectio
1472 1190 1705 1246 Arsenii
1736 1209 1765 1246 e
1796 1192 1934 1247 sede

279 1291 336 1342 et
368 1289 512 1341 urbe
545 1282 932 1355 perscribitur
962 1299 1014 1337 c.
1046 1284 1111 1351 8;
1144 1281 1349 1351 oratio,
1393 1282 1463 1336 de
1504 1298 1620 1353 qua
1650 1280 1928 1349 diximus,

281 1372 661 1447 imperatoris
692 1372 899 1427 habita
928 1370 1161 1427 videtur
1191 1372 1301 1426 sub
1334 1370 1565 1426 initium
1600 1369 1738 1425 anni
1768 1370 1929 1437 4263,

284 1481 418 1520 cum
453 1464 579 1534 jam
639 1478 743 1533 per
790 1477 976 1516 annos
1028 1465 1147 1515 tres
1200 1459 1785 1528 excomunicationis,
1818 1473 1935 1528 qua

286 1554 497 1609 fuisset
527 1550 790 1622 illigatus
824 1549 1023 1605 statim
1056 1554 1190 1621 post
1218 1548 1660 1604 excrecationem
1688 1546 1933 1603 Joannis

284 1642 476 1715 pueri,
529 1640 884 1696 solutionem
941 1638 1343 1709 nequidquam
1394 1638 1735 1710 ﬂagitasset.
1797 1640 1935 1693 Post

285 1731 606 1786 orationem
640 1728 825 1799 illam,
859 1745 986 1799 qua:
1016 1727 1175 1782 velut
1198 1727 1500 1800 clarigatio
1534 1728 1799 1798 quadam
1825 1726 1935 1781 fuit

285 1820 579 1887 terrendo,
608 1818 658 1873 si
691 1817 817 1872 ﬁeri
852 1820 1071 1888 posset,
1105 1816 1450 1888 patriarcha
1485 1816 1808 1887 praemissa,
1842 1832 1932 1871 se-

284 1915 430 1966 cuta:
489 1912 627 1963 sunt
676 1906 1131 1962 deliberationes
1195 1908 1603 1977 episcoporum
1647 1912 1705 1961 et
1743 1905 1936 1961 oificia

290 1999 609 2055 multorum
666 2013 734 2051 ex
765 1996 911 2067 ipsis
957 1996 1024 2050 ad
1068 1995 1459 2067 patriarcham
1512 2012 1613 2066 pro
1664 1998 1932 2066 Augusto

291 2086 575 2159 supplice,
608 2089 735 2140 tum
770 2084 982 2139 ultima
1015 2085 1191 2154 hujus
1209 2084 1451 2156 Josephi
1474 2086 1565 2139 sui
1590 2083 1934 2138 confessarii

288 2179 359 2232 ad
384 2174 693 2231 Arsenium
727 2173 1017 2246 allegatio.
1045 2176 1179 2238 Quae
1211 2190 1345 2228 cum
1390 2172 1534 2228 nihil
1561 2173 1932 2245 proficerent,

291 2267 526 2321 tandem
560 2264 671 2319 sub
706 2262 939 2323 initium
970 2262 1187 2333 Aprilis
1216 2263 1460 2318 Arsenio
1512 2261 1585 2316 lis
1618 2268 1709 2317 est
1740 2261 1935 2315 inten-

289 2361 431 2420 tata,
476 2353 671 2410 oblato
704 2357 909 2408 contra
958 2352 1125 2407 illum
1167 2352 1386 2408 libello.
1422 2352 1501 2408 De
1532 2352 1641 2407 hac
1672 2369 1732 2407 re
1762 2352 1938 2407 verba

291 2442 666 2515 Pacbymeris
699 2442 957 2497 notanda
987 2445 1125 2496 sunt
1156 2458 1204 2496 c.
1239 2440 1338 2497 illo
1371 2443 1424 2509 3,
1460 2443 1496 2499 l.
1548 2458 1625 2511 ιν,
1674 2442 1757 2496 sic
1791 2440 1937 2496 scri-

293 2533 484 2590 bentis
530 2550 542 2587 :
593 2530 730 2586 Τότε
785 2530 966 2583 τοίνυν
1032 2526 1450 2604 βοηδρομιῶνος
1496 2528 1790 2601 ἱσταμένου
1848 2527 1938 2582 καὶ

292 2622 536 2691 συνήθων
588 2622 850 2687 νηστειῶν
893 2614 1242 2690 τελουῴνων
1292 2618 1487 2693 ἑορτῆς
1538 2618 1812 2692 ἀγομένης
1869 2619 1935 2685 ἣν

292 2709 577 2775 ἀκάθιστον
613 2707 837 2778 σύνηθες
885 2707 1190 2779 ὀνομάζειν·
1227 2712 1369 2764 Tunc
1420 2708 1603 2781 igitur
1648 2710 1770 2764 sub.
1823 2708 1939 2763 im—

297 2802 421 2858 tiun
454 2801 661 2872 Aprilis
690 2801 950 2855 solemnis
999 2798 1201 2868 ieiunii
1253 2803 1516 2868 tempore,
1578 2799 1706 2853 dum
1741 2801 1941 2869 festum

297 2899 552 2962 ageretur
580 2889 721 2961 quod
750 2889 1092 2943 Acathistum
1142 2886 1309 2956 vulgo
1358 2890 1675 2943 nominant.
1726 2892 1939 2942 Datum

300 2986 506 3035 contra
536 2976 935 3050 patriarcham
968 2974 1231 3031 libellum
1264 2976 1699 3031 accusatorium
1737 2991 1942 3031 conse-

297 3073 540 3141 quenter
572 3071 757 3122 narat.
792 3065 1060 3121 Diximus
1110 3064 1170 3118 in
1215 3064 1511 3119 Glossario
1558 3065 1730 3119 verbo
1778 3063 1944 3117 Ἀκά-

296 3169 501 3224 Οιστος,
536 3158 751 3212 festum
780 3154 927 3210 illud
960 3154 1199 3209 solitum
1242 3154 1424 3209 fuisse
1472 3153 1753 3209 celebrari
1798 3154 1944 3208 Sab-

298 3249 433 3302 bato
494 3246 712 3317 quintae
773 3243 1154 3299 hebdomadas
1224 3245 1386 3297 verni
1441 3243 1653 3314 jejunii
1713 3243 1945 3298 dierum

2030 654 2117 723 [P.
2150 651 2275 721 51.5]
2313 649 2518 705 mortis
2540 651 2670 720 ejus
2688 649 2843 705 diem
2867 651 3189 709 historicus
3222 658 3421 711 noster
3445 672 3685 728 expres-

2031 742 2127 811 sit,
2186 740 2224 795 1.
2282 757 2339 806 ν,
2390 756 2439 795 c.
2490 740 2580 803 20,
2636 739 2728 793 his
2788 740 3026 796 verbis:
3065 742 3398 817 Ἐπράττετο
3454 745 3550 816 μὲν
3585 744 3677 801 οὖν

2027 832 2195 883 ταῦτα
2224 822 2674 904 ἐλαφηϐολιῶνος
2721 824 2852 902 ἕκτῃ
2890 830 3062 901 μηνὸς
3091 834 3188 885 τοῦ
3220 831 3467 895 ἐπιόντος
3499 829 3680 906 ἔτους,

2028 922 2125 972 τοῦ
2178 918 2520 992 πατριάρχου
2568 915 2853 991 Ἀρσενίου
2903 917 3166 993 πρότερον
3314 926 3480 977 ταῦτα
3534 925 3683 1000 γενέ-

2031 1019 2152 1071 σθαι
2210 1009 2434 1080 ἡμερῶν
2483 1002 2536 1075 ἓξ
2587 1006 2723 1060 κατὰ
2770 1006 2870 1074 τήν
2899 1008 3063 1074 νῆσον
3123 1009 3526 1082 μεταλλάξαντο
3586 1014 3682 1067 εἴτ’

2035 1095 2125 1151 οὖν
2169 1098 2465 1172 τριακοστῇ
2519 1096 2881 1171 γαμηλιῶνος
2934 1098 3128 1168 μηνός’
3192 1106 3296 1158 Hae
3353 1114 3503 1170 gesta
3552 1110 3682 1161 sunt

2040 1190 2269 1260 (nempe
2302 1186 2699 1259 ignominiosa
2750 1188 3042 1243 traductio
3103 1190 3393 1263 Holoboli}
3448 1192 3684 1250 ineunte

2036 1292 2181 1332 anno
2212 1276 2306 1345 (ob
2338 1276 2570 1330 initium
2621 1275 2888 1331 videlicet
2947 1278 3285 1333 indictionis
3342 1297 3376 1335 a
3417 1282 3681 1353 Septem-

2037 1366 2147 1437 bri)
2180 1364 2281 1420 die
2308 1368 2463 1419 sexta
2492 1364 2743 1422 Octobris
2769 1367 3089 1435 patriarcha
3133 1368 3368 1422 Arsenio
3397 1386 3491 1426 sex
3520 1375 3683 1442 prius

2036 1455 2225 1510 diebus
2255 1471 2420 1525 quam
2477 1454 2595 1510 haec
2648 1455 2844 1523 ﬂerent
2875 1455 2937 1509 in
2970 1457 3159 1510 insula
3188 1467 3435 1513 mortuo.
3476 1460 3538 1514 In
3590 1460 3684 1517 his

2042 1544 2241 1600 nullus
2274 1548 2516 1615 apparet
2545 1544 2846 1599 character
2879 1546 3019 1601 certi
3053 1547 3211 1602 anni.
3264 1550 3452 1615 Quare
3501 1552 3571 1606 ad
3607 1552 3684 1606 il-

2036 1634 2152 1689 lius
2182 1634 2604 1705 indigationem
2638 1633 2752 1687 alia
2783 1637 3172 1705 grassandum
3205 1641 3293 1692 est
3324 1638 3435 1693 via.
3468 1644 3681 1695 Narra-

2045 1724 2303 1778 veratibi
2325 1722 2708 1795 l’achymeres
2741 1740 2978 1779 causam
3014 1726 3261 1796 primam
3296 1726 3393 1782 ira;
3424 1728 3684 1800 impera-

2041 1812 2187 1867 toris
2218 1811 2277 1865 in
2310 1810 2657 1867 Holobolum
2691 1813 2987 1868 exstitisse
3044 1829 3113 1868 ex
3163 1814 3343 1885 hujus
3402 1818 3685 1890 praecipiti

2044 1902 2296 1972 quadam
2344 1899 2648 1970 eruptione
2704 1902 3123 1972 indignationis
3156 1904 3214 1957 in
3250 1907 3686 1977 imperatorem,

2043 1998 2135 2053 cui
2167 2015 2301 2053 cum
2334 1997 2613 2053 inservire
2644 1998 2917 2069 coepisset
2957 2000 3016 2054 in
3069 2002 3300 2073 negotio
3326 2004 3688 2061 conciliatio-

2042 2088 2132 2144 nis
2191 2086 2594 2153 ecclesiarum,
2655 2089 3040 2159 suggerendis
3072 2106 3141 2144 ex
3172 2090 3419 2148 historia
3466 2098 3568 2149 aut
3608 2094 3686 2150 le-

2043 2177 2233 2231 ctione
2264 2176 2503 2231 Patrum
2537 2177 2898 2244 argumentis
2923 2178 2993 2232 ad
3018 2194 3145 2232 eam
3171 2181 3535 2237 suadendam
3583 2201 3685 2255 ap-

2041 2265 2141 2332 tis,
2176 2270 2414 2336 repente
2446 2265 2785 2319 institutum
2836 2271 2894 2320 et
2944 2267 3299 2325 sententiam
3349 2273 3685 2328 mutaverit.

2044 2355 2304 2410 offensus
2336 2355 2490 2425 quod
2524 2353 2583 2409 in
2617 2355 2869 2426 quodam
2905 2360 3075 2423 coetu,
3115 2358 3196 2411 uti
3228 2358 3359 2413 aliis
3408 2360 3692 2418 sessionis

2044 2446 2327 2498 honorem
2358 2443 2677 2506 imperator
2711 2444 3032 2510 tribuisset,
3064 2446 3262 2516 ipsum
3320 2447 3512 2504 solum
3557 2450 3689 2506 reli-

2044 2532 2271 2603 quisset
2294 2538 2568 2586 stantem.
2598 2532 2756 2588 Unde
2802 2532 2901 2587 ille
2944 2534 3338 2605 interrogatus
3369 2538 3441 2591 de
3472 2555 3532 2593 re
3565 2556 3691 2611 quae

2045 2620 2427 2687 tractabatur,
2458 2626 2844 2691 praeterquam
2872 2624 3120 2693 speratis
3154 2629 3209 2678 et
3232 2625 3399 2694 prius
3435 2629 3691 2685 ostensis

2046 2709 2336 2765 contraria
2366 2710 2565 2764 omnia
2596 2710 2921 2780 respondit,
2954 2711 3128 2766 etiam
3174 2714 3434 2783 Augusto
3485 2732 3692 2787 expro-

2047 2798 2236 2854 bravit
2257 2798 2698 2854 excaeationem
2736 2798 2900 2870 pueri
2930 2799 3198 2856 Joannis.
3233 2801 3397 2857 Unde
3444 2803 3694 2877 impera-

2047 2894 2170 2944 tore
2202 2887 2720 2942 vehementissimo
2743 2894 3060 2954 commoto,
3085 2889 3401 2947 Holobolus
3428 2894 3539 2949 sibi
3573 2912 3696 2951 me-

2050 2984 2222 3034 tuens
2282 2978 2341 3032 in
2401 2977 2627 3050 asylum
2679 2978 2937 3034 ecclesiae
2997 2980 3342 3052 confugerit,
3402 2984 3504 3038 sed
3560 2985 3697 3041 inde

2050 3076 2283 3132 blandis
2315 3077 2685 3148 imperatoris
2718 3076 3096 3133 suasionibus
3125 3084 3444 3149 extractus,
3477 3082 3703 3155 relega-

2053 3171 2150 3221 tus
2181 3164 2433 3220 Nicaaani
2454 3164 2633 3220 fuerit
2655 3165 2712 3219 in
2736 3166 3161 3222 monasterium
3185 3166 3514 3240 Hyacinthi.
3546 3172 3699 3227 Scri-

2054 3255 2141 3309 bit
2171 3258 2369 3309 autem
2405 3253 2619 3308 ibidem
2653 3253 3058 3326 Pachymeres,
3093 3256 3164 3311 ab
3196 3257 3310 3313 ista
3346 3257 3698 3331 relegatione

296 3325 714 3398 ειυαάταείηιεν
746 3325 1039 3413 sexdecim
1073 3324 1284 3379 diebus
1316 3328 1449 3413 ant?
1499 3323 1743 3379 P350b3-
1793 3327 1939 3413 Cum
1971 3326 2013 3392 C
2058 3343 2319 3398 nondum
2354 3359 2506 3397 anno
2535 3341 2783 3413 expleto,
2812 3323 3078 3398 vocatum
3142 3344 3332 3402 Nicaea
3362 3323 3699 3404 Convstanti-

296 3420 526 3481 autem,
561 3418 627 3469 ut
660 3412 1064 3480 manifestum,
1115 3429 1233 3467 non
1284 3412 1549 3482 quolibet
1606 3428 1759 3467 anno
1804 3412 1948 3466 Sab-

292 3507 495 3560 batum
532 3503 750 3574 quintae
783 3502 1174 3557 hebdomadis
1206 3502 1752 3573 quadragesimaein
1775 3502 1947 3573 Apri-

296 3595 369 3649 lis
401 3593 640 3649 initium
689 3592 994 3659 incideret,
1039 3596 1285 3661 apparet
1314 3592 1408 3645 his
1440 3593 1631 3646 verbis
1663 3590 1949 3647 contineri

294 3683 696 3738 characterem
724 3680 863 3736 anni
889 3696 1062 3751 quem
1091 3680 1430 3751 quaerimus.
1460 3679 1614 3735 Ordo
1628 3697 1824 3735 rerum
1850 3696 1947 3751 ge-

298 3778 526 3826 starum
544 3770 601 3825 in
616 3769 851 3842 synopsi
869 3785 1164 3840 expensus
1179 3769 1341 3823 ducit
1358 3785 1463 3823 nos
1478 3769 1549 3823 ad
1564 3768 1950 3824 annumChri-

299 3860 375 3915 sti
402 3861 566 3927 1266;
614 3876 749 3914 nam
772 3858 864 3913 hic
896 3875 1088 3913 annus
1134 3858 1247 3911 fuit
1268 3857 1484 3928 periodi
1511 3857 1754 3912 Julianaz
1784 3858 1947 3921 5979,

296 3950 441 4021 cycli
477 3951 622 4004 solis
650 3950 735 4017 15,
766 3948 908 4020 cycli
934 3948 1085 4001 luam
1112 3948 1198 4001 11.
1233 3947 1452 4001 Horum
1486 3945 1782 4017 cyclorum
1814 3962 1946 4001 cer-

300 4039 537 4095 tissimo
570 4037 788 4092 indicio
820 4037 1107 4090 habemus
1140 4035 1365 4089 Pascha
1413 4035 1513 4091 illo
1564 4053 1715 4090 anno
1768 4035 1949 4091 fuisse

296 4127 514 4199 Aprilis
534 4127 627 4194 {8;
674 4127 827 4180 unde
850 4126 1261 4180 retrocedendo
1286 4129 1353 4179 ad
1381 4125 1700 4180 Sabbatum
1734 4125 1949 4193 quinta:

303 4216 683 4272 hebdomadas
715 4214 1184 4285 Quadragesimae
1209 4232 1275 4269 ac
1318 4218 1528 4269 l'estum
1560 4214 1948 4284 Acathistum,

301 4305 631 4376 reperimus
654 4304 710 4357 id
736 4302 1018 4358 incidisse
1058 4303 1113 4357 in
1138 4304 1378 4358 tertium
1424 4303 1665 4373 Aprilis,
1694 4303 1793 4374 qui
1826 4304 1950 4357 dies

302 4394 611 4465 aptissime
641 4393 913 4464 congruit
957 4392 1015 4445 in
1067 4392 1227 4447 illam
1272 4393 1626 4448 mentionem
1659 4391 1951 4463 ἱσταμένου

306 4480 753 4557 βοηδρομιῶνος,
791 4481 1129 4553 incipientis
1158 4481 1395 4552 Aprilis.

376 4607 473 4663 VI.
499 4605 881 4677 Morajudicii
907 4606 1090 4660 totius
1110 4605 1348 4675 aprima
1372 4605 1665 4661 delatione
1687 4608 1756 4661 ad
1782 4623 1949 4662 exse-

2054 3431 2310 3503 nopolim
2345 3429 2690 3485 Holobolum
2726 3431 2797 3486 ab
2826 3431 3179 3503 imperatore
3227 3436 3295 3490 ad
3332 3436 3525 3492 dirum
3553 3454 3699 3510 sup-

2055 3521 2296 3592 plicium
2324 3520 2524 3574 fuisse.
2542 3519 2726 3590 Igitur
2745 3521 2793 3576 si
2818 3523 3184 3592 potuerimus
3207 3524 3697 3598 definiretempus

2053 3610 2217 3667 illius
2249 3614 2596 3676 conventus,
2630 3625 2747 3680 quo
2778 3627 2947 3665 suam
2994 3627 3227 3682 gravem
3268 3614 3325 3668 in
3379 3615 3699 3686 perniciem

2057 3707 2177 3761 ruit
2205 3706 2525 3760 Holobolus
2571 3707 3023 3776 intemperantia
3066 3709 3163 3765 iraa
3196 3715 3254 3766 et
3300 3711 3532 3784 linguae,
3581 3718 3699 3769 sta-

2057 3800 2221 3850 tuere
2244 3794 2442 3848 licebit
2472 3795 2542 3850 de
2570 3811 2702 3851 vero
2727 3800 2986 3867 tempore
3020 3814 3153 3855 cum
3178 3800 3454 3872 supplicii
3487 3803 3558 3858 de
3588 3808 3703 3859 Ho-

2055 3884 2246 3939 lobolo
2272 3885 2493 3954 sumpti
2518 3888 2643 3938 tum
2678 3887 2882 3940 mortis
2913 3888 3165 3943 Arsenii.
3196 3891 3365 3961 Atqui
3394 3908 3704 3963 speramus

2055 3972 2229 4028 istius
2280 3971 2519 4043 quidem
2567 3973 2681 4027 voti
2734 3990 2840 4027 nos
2875 3974 2995 4029 fore
3024 3982 3349 4047 compotes.
3386 3979 3529 4034 Nam
3566 3998 3704 4036 con-

2053 4068 2263 4117 ventus
2290 4062 2399 4117 iste
2419 4061 2651 4115 videtur
2676 4061 2774 4117 ille
2796 4061 2951 4117 idem
2982 4064 3165 4120 fuisse
3187 4083 3359 4136 quem
3388 4069 3705 4141 descripsit

2055 4152 2468 4223 Pachymeres,
2501 4167 2550 4204 c.
2588 4154 2653 4204 12
2683 4151 2817 4205 libri
2850 4152 3117 4221 ejusdem
3144 4172 3197 4219 v,
3232 4156 3331 4209 ubi
3392 4158 3572 4212 tradit
3616 4159 3706 4213 in-

2057 4247 2283 4297 tentum
2317 4241 2730 4311 imperatorem
2788 4242 3149 4297 adducendis
3181 4245 3239 4298 in
3274 4262 3439 4300 suam
3467 4248 3537 4301 de
3570 4264 3709 4317 pace

2057 4332 2315 4387 ineunda
2348 4346 2482 4385 cum
2521 4329 2723 4384 Latina
2749 4330 3011 4386 Ecclesia
3055 4334 3431 4401 sententiam,
3488 4336 3707 4392 aversis

2056 4422 2129 4476 ab
2162 4437 2226 4476 eo
2261 4418 2508 4475 consilio
2544 4418 2893 4490 praesulibus
2913 4420 3150 4488 Graecis,
3175 4429 3524 4497 congregato
3549 4427 3704 4496 apud

2054 4527 2118 4565 se
2150 4508 2481 4581 patriarcha
2512 4524 2640 4562 cum
2678 4507 2966 4579 episcopis
2990 4514 3046 4565 et
3070 4512 3380 4583 praecipuis
3415 4530 3483 4568 ex
3530 4514 3707 4583 clero,

2056 4597 2344 4653 institisse
2367 4604 2429 4650 ut
2448 4596 2505 4650 in
2528 4612 2655 4651 eam
2670 4596 3134 4652 conciliationem
3154 4617 3459 4656 assensum
3478 4603 3708 4672 darent,

300 4698 599 4754 cutionem
629 4695 937 4751 sententiae
968 4699 1035 4749 et‘
1068 4694 1532 4764 deportationem
1580 4696 1843 4750 damnati
1877 4697 1947 4750 ad
1981 4688 2031 4749 D
2062 4685 2385 4753 ἃῑιθέἔᾶηάίε
2433 4686 2761 4740 “limitibus
2808 4702 2954 4756 quas
3002 4688 3054 4743 6i
3105 4696 3523 4761 suggesserant
3553 4693 3708 4750 docti

303 4786 563 4842 insulam
596 4786 849 4839 duorum
887 4783 997 4838 fuit
1030 4783 1143 4837 fere
1174 4782 1470 4837 mensium
1521 4782 1815 4854 siquidem
1848 4785 1948 4839 do-

301 4883 394 4932 cet
434 4875 840 4946 Pachymeres,
867 4872 905 4926 1.
932 4889 1007 4939 IV,
1032 4889 1082 4927 c.
1107 4872 1162 4938 8,
1196 4877 1499 4926 extrusum
1525 4890 1626 4943 per
1648 4872 1950 4929 ministros

304 4963 679 5037 imperatoris
729 4961 1107 5033 patriarchali
1155 4960 1374 5033 palatio
1423 4963 1733 5017 Arsenium
1785 4968 1950 5019 nocte

298 5054 522 5111 circiter
551 5057 803 5108 extrema
832 5051 1040 5106 mensis
1077 5052 1241 5106 Maii.
1276 5048 1386 5119 Νὺξ
1433 5049 1501 5118 ἦν
1560 5049 1682 5126 περί
1732 5071 1836 5105 που
1883 5051 1951 5105 τὰ

298 5141 587 5198 τελευταῖα
627 5144 987 5200 πυαντιῶνος.
1039 5140 1132 5194 Sic
1182 5139 1388 5194 scribit
1426 5139 1535 5194 hoc
1582 5140 1708 5195 loco
1754 5145 1952 5197 noster

300 5234 462 5288 istud
505 5248 740 5297 nomen,
803 5247 934 5286 cum
993 5229 1135 5284 alibi
1210 5234 1546 5283 constanter
1600 5231 1951 5301 πυανεψιῶνα

301 5322 520 5379 Maium
552 5326 735 5377 vocet.
770 5321 882 5375 Sed
916 5323 1220 5389 utcunque
1263 5319 1451 5374 variet
1505 5319 1801 5391 scriptura
1848 5336 1948 5375 vo-

300 5411 520 5482 cabuli,
555 5428 646 5466 res
678 5415 767 5465 est
798 5409 1035 5480 quidem
1066 5407 1197 5479 ipsa
1243 5406 1487 5462 minime
1517 5408 1697 5463 dubia
1730 5409 1949 5464 Maium

301 5502 396 5557 hic
432 5499 700 5555 indicari.
734 5500 882 5555 729
920 5498 1108 5561 Quare
1141 5499 1297 5551 certo
1330 5512 1397 5551 ex
1427 5496 1518 5552 his
1543 5497 1677 5553 licet
1708 5498 1949 5553 deﬁnire

302 5589 562 5662 spatium
590 5586 830 5643 secundi
856 5585 1284 5658 patriarchatus
1312 5586 1559 5654 Arsenii,
1578 5586 1677 5658 qui
1699 5604 1950 5642 amense

300 5678 631 5751 Septembri
694 5677 831 5733 anni
888 5676 1104 5732 Christi
1156 5676 1288 5730 1261
1327 5676 1395 5729 ad
1431 5677 1606 5732 linem
1646 5678 1778 5733 Maii
1810 5678 1951 5732 4266

296 5785 405 5843 per
435 5784 624 5827 annos
654 5773 913 5841 quatuor
943 5771 1003 5823 et
1030 5781 1267 5823 menses
1283 5773 1564 5838 praeterea
1590 5768 1821 5825 circiter
1850 5784 1954 5826 no-

2070 4776 2363 4845 homines,
2398 4774 2849 4830 archidiaconus
2880 4776 3259 4847 Meliteniota,
3293 4780 3576 4854 Georgius
3604 4788 3706 4857 Cy-

2061 4865 2223 4935 prius
2257 4863 2784 4935 protapostolarius
2814 4869 2870 4920 et
2902 4865 3100 4921 rhetor
3148 4869 3405 4925 ecclesia
3453 4871 3706 4928 Holobo-

2059 4952 2174 5023 lus,
2204 4952 2305 5024 qui
2331 4969 2537 5007 omnes
2569 4955 2832 5021 aderant,
2862 4971 2964 5025 pro
3012 4972 3074 5011 se
3106 4957 3356 5029 quisque
3406 4962 3706 5033 negotium

2055 5045 2353 5115 juvantes,
2386 5059 2769 5114 quamquam,
2802 5049 2867 5098 ut
2910 5045 2989 5099 ibi
3024 5046 3340 5103 submonet
3370 5048 3706 5121 historicus,

2059 5140 2379 5197 Holobolus
2409 5141 2646 5211 quidem
2683 5159 2797 5197 non
2833 5157 2901 5197 ex
2932 5143 3115 5198 animi
3145 5148 3235 5199 sui
3268 5149 3580 5215 sententia,
3605 5152 3707 5206 sed

2059 5231 2117 5285 in
2151 5230 2407 5302 speciem
2441 5232 2722 5285 duntaxat
2747 5246 2852 5285 nec
2885 5232 3081 5287 studio
3106 5234 3355 5290 sincero.
3382 5237 3522 5293 Esse
3550 5238 3709 5295 hunc

2061 5320 2273 5374 ccelum
2329 5320 2603 5374 eumdem
2659 5321 2870 5374 suadet
2923 5336 3311 5392 personarum
3343 5325 3623 5383 identitas
3653 5334 3712 5385 et

2061 5410 2141 5466 rei
2179 5414 2436 5465 tractatae
2469 5408 2528 5462 in
2564 5414 2811 5479 utroque
2845 5426 2857 5463 :
2893 5426 3028 5466 nam
3064 5410 3443 5484 Meliteniota,
3466 5419 3710 5488 Cyprius

2060 5506 2116 5554 et
2141 5497 2460 5554 Holobolus
2492 5497 2802 5569 ulrobique
2836 5505 3238 5557 memorantur
3267 5505 3419 5559 730
3462 5504 3711 5561 adhibiti

2060 5588 2456 5659 adjuvandum
2492 5587 2905 5660 imperatorem
2936 5588 2993 5643 in
3027 5591 3440 5648 convincendis
3464 5594 3711 5649 fautori-

2060 5678 2171 5732 bus
2201 5675 2563 5731 schismatis.
2593 5675 2710 5732 Nec
2742 5678 2936 5732 obstat
2987 5682 3143 5751 quod
3184 5680 3284 5737 illo
3324 5698 3372 5737 c.
3414 5683 3484 5736 20
3518 5688 3709 5754 poste-

2062 5765 2232 5823 rioris
2246 5766 2530 5839 temporis
2549 5766 2897 5825 memoriam
2928 5771 3454 5842 exsequiturznam
3490 5772 3709 5832 diserte
