4120 6388
450 437 589 495 1187

1478 424 1541 477 Ρ.
1583 418 1861 476 POSSINI
1898 409 2517 469 OBSERVATIONUM
2554 410 2687 462 LIB.
2730 412 2829 462 III.

3726 408 3868 465 1188

450 562 671 618 ibidem
693 559 989 621 admonet,
1017 552 1172 624 quod
1201 547 1283 605 ibi
1314 546 1536 613 narrat,
1570 546 1765 597 actum
1799 535 2097 609 superius,
2128 532 2185 599 Α
2214 530 2526 587 manifesto
2558 530 2819 603 periculo
2850 530 3103 603 publicae
3131 532 3370 603 quietis,
3402 535 3467 588 ut
3493 548 3737 590 necesse
3758 533 3869 589 ha-

453 653 554 709 sed
580 650 661 705 ibi
693 644 1007 703 memorari
1038 643 1110 698 ob
1128 635 1578 695 similitudinem
1600 645 1818 686 rerum.
1844 627 2101 683 Conven-

452 746 549 797 tus
600 755 771 812 porro
814 735 933 790 illic
966 750 1014 787 c.
1050 732 1115 785 12
1162 731 1435 783 narratus
1466 720 1840 795 significatur
1881 715 2100 770 ibidem

454 805 715 895 habitus,
750 837 1036 897 posquam
1088 816 1261 889 legati
1294 812 1554 885 Gregorii
1590 812 1646 865 X
1668 805 1961 881 pontiﬁcis
1991 807 2101 858 Ro-

456 920 615 976 mani
633 895 1200 981 Constantinopolim
1228 905 1607 960 advenerant.
1635 899 1762 954 Non
1787 895 2105 967 potuerunt

456 1016 652 1066 autem
710 1005 796 1058 illi
854 1019 920 1057 eo
977 997 1315 1071 pervenisse
1363 993 1527 1064 prius
1572 1003 1750 1060 quam
1780 987 1889 1041 sub
1922 983 2100 1037 ﬁnem

456 1098 595 1155 anni
639 1095 800 1163 1272,
833 1090 1125 1160 siquidem
1178 1085 1383 1141 litterae
1433 1097 1581 1151 quas
1612 1077 1696 1133 eis
1728 1073 2102 1147 perferendas

455 1189 526 1244 ad
557 1184 897 1240 Michaelem
942 1179 1354 1248 imperatorem
1403 1171 1453 1225 is
1495 1166 1759 1241 pontifex
1799 1163 1980 1230 dedit,
2011 1176 2102 1214 re-

453 1278 646 1332 citatas
669 1290 701 1327 a
733 1269 1029 1342 Raynaldo
1069 1264 1167 1319 illo
1220 1279 1373 1318 anno
1399 1279 1454 1315 n.
1487 1260 1579 1328 25,
1623 1255 1851 1325 scriptas
1902 1253 2037 1305 sunt
2068 1249 2102 1302 9

452 1366 578 1421 Kal.
613 1340 893 1418 Novemb.
927 1357 1055 1427 ejus
1107 1369 1280 1424 quem
1330 1349 1448 1404 dixi
1499 1346 1637 1402 anni
1688 1343 1841 1413 apud
1896 1340 2101 1395 urbem

452 1459 731 1519 veterem,
766 1448 865 1504 ubi
925 1443 1238 1515 Gregorius
1288 1445 1428 1495 tunc
1484 1439 1627 1492 erat.
1687 1434 1806 1488 Sub
1865 1430 2098 1485 initium

453 1545 632 1617 igitur
663 1539 802 1595 anni
838 1537 974 1592 1273
1002 1533 1178 1589 fuerit
1220 1529 1458 1585 habitus
1506 1527 1555 1579 is
1602 1528 1807 1587 enatus,
1831 1536 1948 1590 quo
1976 1534 2104 1590 gra-

450 1608 594 1690 tiam
630 1630 785 1702 apud
818 1629 1233 1697 imperatorem
1266 1633 1435 1673 suam
1466 1611 1785 1670 Holobolus
1819 1608 2098 1679 perdidit.

454 1725 535 1779 Ex
568 1736 680 1792 quo
713 1724 975 1786 tempore
1006 1711 1267 1767 nondum
1316 1722 1470 1762 anno
1522 1703 1773 1770 evoluto,
1812 1701 2102 1753 retractus

454 1784 1025 1876 Constantinopolim
1058 1805 1177 1855 tam
1222 1798 1383 1852 diras
1415 1793 1495 1848 ibi
1528 1793 1682 1863 (qua:
1713 1806 1762 1844 c.
1794 1788 1865 1841 2O
1890 1784 2105 1876 descri-

2208 624 2403 678 buerit
2432 623 2754 694 imperator
2784 623 2963 694 longa
2993 639 3121 679 eam
3151 630 3210 679 et
3251 628 3530 680 accurata
3579 625 3866 681 concione

2209 728 2585 784 compescere
2634 713 2866 768 conari.
2920 712 3185 785 Denique
3231 719 3431 768 narrat
3480 714 3673 769 datam
3732 730 3865 770 esse

2208 818 2445 873 operam
2483 807 2546 857 ut
2580 802 2792 874 reliqui
2822 802 3148 858 Orientales
3178 803 3553 875 patriarcha,
3610 802 3865 859 Alexan-

2208 893 2414 947 drinus
2446 897 2503 946 et
2532 892 2957 961 Antiochenus,
2990 893 3334 962 ejectionem
3377 892 3607 948 Arsenii
3647 895 3864 964 proba-

2209 985 2355 1049 rent;
2382 998 2555 1051 quam
2608 982 2679 1037 ad
2714 998 2832 1037 rem
2865 981 3183 1037 verisimile
3234 982 3311 1037 sit
3340 981 3593 1037 missum
3626 983 3700 1037 ad
3761 998 3864 1038 eos

2208 1070 2290 1124 rei
2321 1070 2484 1125 factae
2512 1071 2877 1140 nuntium,et
2911 1075 3313 1142 exspectatum
3343 1070 3620 1126 videlicet
3649 1087 3859 1126 eorum

2208 1175 2558 1230 responsum
2590 1176 2651 1214 re
2682 1159 2875 1215 adhuc
2910 1158 3139 1230 integra
3188 1164 3321 1215 ante
3374 1160 3854 1232 subrogationem

2208 1247 2339 1303 novi
2371 1248 2717 1319 patriarcha:
2744 1248 2799 1302 in
2852 1248 3045 1304 locum
3092 1248 3342 1320 expulsi.
3400 1248 3497 1304 llis
3542 1249 3614 1303 de
3664 1251 3857 1305 causis

2208 1339 2630 1408 propenderem
2665 1338 2943 1408 equidem
3003 1338 3074 1392 ad
3135 1338 3519 1393 differendam
3579 1338 3857 1394 Germani

2207 1426 2554 1482 electionem
2589 1427 2643 1480 in
2681 1444 2900 1481 annum
2936 1432 3303 1498 sequentem;
3360 1427 3515 1498 quod
3571 1443 3671 1497 per
3721 1428 3861 1483 cha-

2208 1520 2488 1571 racterem
2523 1517 2632 1571 hoc
2680 1515 2806 1571 loco
2855 1526 3245 1571 memoratum
3293 1516 3446 1571 licet.
3501 1517 3649 1573 Nam
3694 1532 3860 1587 asque

2208 1604 2306 1660 illo
2340 1621 2494 1659 anno
2514 1605 2738 1661 Christi
2774 1606 2930 1673 1267,
2964 1622 3098 1661 cum
3146 1604 3346 1676 cyclus
3381 1605 3523 1660 solis
3580 1606 3761 1661 fuerit
3795 1605 3861 1659 16

2209 1692 2443 1749 etlunaa
2479 1699 2565 1764 11,
2594 1696 2693 1761 qui
2718 1696 2861 1750 dant
2907 1694 3129 1750 Pascha
3180 1696 3246 1748 17
3295 1694 3535 1766 Aprilis,
3580 1699 3862 1750 Penteco-

2211 1787 2300 1838 ste
2330 1783 2611 1855 pertingit
2643 1784 2699 1837 in
2748 1800 3012 1839 mensem
3060 1783 3332 1851 Junium,
3393 1784 3667 1855 quintum
3730 1784 3864 1853 ejus

451 1898 697 1968 buntur)
729 1872 1113 1949 contumacia:
1151 1904 1271 1943 suae
1316 1899 1518 1956 poenas
1549 1880 1774 1969 dederit
1816 1881 1977 1969 sexta
2007 1875 2101 1969 die
2132 1904 2179 1969 Β
2212 1872 2365 1969 diem
2400 1889 2716 1943 occupans.
2750 1873 2899 1936 Quia
2926 1877 3146 1936 tamen,
3206 1873 3362 1943 quod
3394 1872 3597 1927 statim
3658 1877 3860 1927 osten-

452 1964 721 2045 Octobris
753 1984 889 2038 anni
925 1980 1086 2045 1273,
1111 1980 1338 2032 mortuo
1371 1977 1508 2027 ante
1539 1986 1637 2025 sex
1660 1968 1787 2022 dies
1815 1966 1875 2020 in
1905 1964 2101 2019 insula

453 2084 623 2143 Oxea,
657 2073 759 2129 ubi
808 2072 1031 2126 dudum
1084 2065 1375 2122 exulabat.
1435 2058 1703 2122 Arsenio,
1737 2072 1913 2126 quem
1966 2054 2100 2107 inde

452 2165 837 2236 intelligimus
892 2164 1020 2232 post
1076 2172 1246 2213 suam
1305 2170 1335 2208 e
1392 2149 1651 2206 secundo
1703 2143 2096 2217 patriarchatu

453 2255 796 2329 ejectionem
827 2249 1039 2305 vixisse
1079 2244 1249 2301 annis
1302 2246 1551 2312 septem,
1585 2242 1641 2293 et
1671 2240 1884 2308 quator
1934 2232 2097 2287 insu-

454 2363 557 2418 per
587 2340 913 2400 mensibus.

1094 2476 1321 2536 CAPUT
1361 2475 1455 2530 Vl.

455 2586 828 2658 Chronologia
848 2579 1303 2658 patriarcharum
1356 2570 1636 2657 Germani,
1661 2566 1982 2658 losepiz_i,_'et
2004 2566 2100 2658 ilo-

522 2636 904 2719 av'mis'iv’e‘cc‘i,
930 2654 1026 2724 qui
1055 2654 1171 2722 post
1202 2649 1512 2724 Arsenium,
1548 2636 1863 2724 imperante
1894 2636 2101 2692 Micha-

522 2713 604 2787 ele
636 2713 970 2795 Ραιεεοιορὁ,
1003 2713 1197 2795 sedem,
1220 2713 1891 2795 Constantinopolitanam
1917 2718 2104 2765 (enue-

524 2807 675 2859 runt.
710 2788 934 2869 Tempus
958 2788 1150 2851 'missae
1180 2788 1475 2863 legationis
1504 2789 1580 2842 ad
1609 2803 1837 2857 papam.

527 2922 612 2990 [P.
643 2920 770 2987 516]
805 2918 855 2970 1.
879 2916 1014 2969 Post
1044 2914 1308 2966 amotum
1347 2904 1663 2962 Arsenium
1689 2902 2017 2957 Germanus
2037 2913 2106 2952 ex

452 3011 530 3067 Ad
543 3005 956 3079 rianipolitana
970 3002 1107 3058 sede
1121 3000 1179 3054 in
1193 2993 1900 3063 Constantinopolitanam
1919 2994 2107 3043 trans-

457 3102 613 3155 latus
645 3076 715 3152 et—
733 3092 1064 3168 patriarcha
1118 3088 1455 3145 declaratus
1486 3087 1575 3139 est
1604 3097 1794 3136 mense
1823 3076 1989 3134 Junio
2020 3077 2109 3130 die

449 3192 589 3261 festo
619 3166 798 3242 sancti
829 3182 1094 3254 Spiritus,
1127 3183 1193 3233 ut
1231 3176 1491 3247 loquitur
1521 3170 1929 3240 Pachymeres,
1961 3166 2000 3219 1.
2028 3182 2103 3261 nr,

449 3250 501 3336 t3.
537 3278 603 3332 13
629 3295 640 3332 :
667 3250 1374 3343 Μηνὸς-μαιμακτηριῶνος
1406 3262 1459 3316 ἐν
1490 3262 1558 3332 τῇ
1588 3262 1687 3312 τοῦ
1732 3256 1889 3329 ἁγίου
1930 3250 2100 3308 ΙῙνεύ-
2133 3270 2174 3334 C

452 3386 625 3440 ματος
682 3364 867 3436 ἑορτῇ.
927 3360 1198 3415 Libenter
1255 3355 1366 3409 hoc
1427 3351 1720 3407 differrem
1775 3346 1833 3398 in
1879 3357 2098 3398 annum

449 3429 997 3526 sequentem'Nam
1027 3447 1183 3500 inter
1213 3436 1747 3497 exauctorationem
1793 3429 2020 3486 Arsenii
2045 3431 2103 3482 et

452 3518 883 3619 promotionem
912 3533 1185 3591 Germani
1205 3529 1392 3585 multa
1412 3526 1836 3581 commemorat
1856 3518 2103 3588 Paschy-

456 3606 647 3688 ineres
674 3626 965 3699 enpitibus
981 3624 1035 3686 9,
1080 3621 1146 3673 10
1177 3624 1234 3673 et
1257 3617 1344 3685 11,
1377 3615 1417 3669 l.
1453 3629 1531 3679 iv,
1556 3628 1682 3683 qua)
1714 3609 1774 3663 in
1798 3606 2105 3678 angustias

450 3696 949 3793 paucissimorum
973 3709 1202 3764 dierum
1236 3706 1387 3759 inter
1417 3707 1741 3757 extremum
1787 3696 2003 3752 Maium
2051 3699 2109 3749 et

449 3783 690 3863 :lunium
727 3801 1025 3855 ineuntem
1056 3791 1547 3849 intercedentium
1572 3787 1877 3859 mgerrime
1910 3783 2103 3839 viden-

452 3902 550 3950 tur
584 3906 756 3965 posse
786 3885 1105 3958 compingi.
1168 3884 1322 3948 Fuit,
1384 3886 1445 3936 ut
1475 3879 1755 3941 diximus,
1788 3876 1897 3929 huc
1929 3889 2104 3938 anno,

457 3962 693 4056 quo-est
724 3980 1138 4035 exauctoratus
1182 3971 1486 4036 Arsenius,
1523 3967 1744 4023 Pascha
1775 3965 1843 4019 18
1874 3962 2105 4034 Aprilis,

454 4079 513 4129 et
541 4072 967 4140 consequenter
997 4066 1353 4128 Pentecoste,
1388 4076 1567 4129 quam
1600 4056 1695 4111 hic
1725 4060 1894 4111 vocat
1912 4058 2111 4107 noster

459 4161 654 4237 ἑορτὴν
714 4161 812 4213 τοῦ
870 4154 1023 4231 ἁγίου
1081 4150 1415 4225 Πνεύματος.
1475 4149 1510 4202 6
1565 4144 1749 4202 Junii.
1810 4141 2108 4197 Sententia

461 4230 849 4323 depositionis
904 4230 1125 4318 perlata
1182 4242 1240 4296 in
1303 4238 1611 4293 Arsenium
1672 4240 1727 4289 et
1784 4230 2107 4287 executioni

464 4341 742 4397 mandata
775 4340 864 4392 est
918 4332 1043 4405 περί
1101 4351 1207 4384 που
1259 4327 1327 4382 τὰ
1379 4325 1792 4380 τελευταῖοιτοῦ
1836 4322 2107 4374 πυαντιῶ-

459 4450 574 4499 νος,
602 4428 826 4483 circiter
855 4433 1104 4480 rxtrema
1124 4422 1330 4475 mensis
1351 4416 1519 4481 Maii,
1540 4420 1604 4470 ut
1635 4413 1788 4468 clare
1811 4411 1986 4465 tradit
2006 4426 2109 4464 no-

461 4525 583 4576 ster
613 4535 663 4572 c.
691 4519 747 4583 8,
792 4516 830 4570 l.
884 4531 958 4568 iv.
1006 4511 1333 4567 Germanus
1382 4522 1554 4576 porro
1586 4504 1976 4572 inauguratus
2007 4516 2112 4571 pa-

462 4607 741 4671 triarcha,
774 4621 840 4659 ex
872 4603 1077 4657 eodem
1132 4603 1391 4664 auctore,
1445 4599 1534 4649 est
1585 4592 1679 4646 die
1719 4592 2111 4658 Pentecostes,
2145 4632 2190 4697 Β

462 4698 571 4753 hoc
602 4701 711 4764 est,
745 4699 906 4748 sexto
964 4688 1145 4745 Junii.
1204 4685 1463 4743 Medium
1525 4681 1783 4753 spatium
1836 4696 1947 4733 non
1984 4677 2115 4749 plus

465 4791 595 4842 octo
646 4788 747 4839 aut
792 4783 991 4837 decem
1028 4778 1256 4833 dierum
1299 4775 1483 4829 fuisse
1513 4770 1787 4843 oportuit.
1819 4768 1886 4822 Et
1918 4773 2113 4822 tamen

464 4877 635 4931 docet
665 4871 938 4928 indicatis
969 4868 1115 4923 locis
1162 4864 1545 4936 Pachymeres
1595 4859 1847 4932 primum
1880 4857 2112 4911 electio-

466 4982 599 5021 nem
633 4961 965 5019 successuri
1017 4955 1261 5012 Arsenio
1309 4952 1513 5007 liberis
1560 4948 1857 5019 suffragiis
1909 4946 2115 5018 synodi

468 5054 730 5108 relictam
761 5052 833 5106 ab
863 5050 1235 5120 imperatore,
1270 5043 1426 5098 unde
1456 5042 1534 5095 sit
1568 5040 1711 5093 ’131
1753 5052 2118 5107 consequens

471 5157 700 5195 moram
761 5140 1147 5209 congregatos
1211 5132 1410 5187 Patres
1457 5133 1701 5183 matura:
1748 5123 2119 5197 inquisitioni

472 5230 738 5284 idoneam
766 5227 1118 5298 sumpsisse.
1154 5222 1371 5277 Deinde
1417 5218 1513 5273 ubi
1568 5215 1847 5285 suffragia
1889 5216 1947 5269 in
1981 5213 2119 5269 Ger-

468 5332 710 5373 manum
768 5316 1202 5375 convenissent,
1250 5324 1555 5365 recusasse
1585 5306 1782 5376 ipsum
1817 5304 2122 5359 admittere

471 5408 778 5467 honorem,
828 5420 933 5457 nec
991 5402 1105 5457 nisi
1163 5399 1518 5472 urgentibus
1549 5401 1606 5450 et
1650 5394 1865 5465 saepius
1896 5394 2123 5448 iteratis

466 5492 841 5566 imperatoris
869 5508 1002 5545 eum
1037 5491 1107 5545 ad
1143 5491 1250 5544 hoc
1283 5485 1545 5559 quotidie
1588 5483 1861 5540 adeuntis
1894 5484 2124 5537 instan-

464 5583 566 5637 tiis
597 5584 853 5653 denique
887 5578 1237 5633 inclinatum
1285 5576 1634 5631 assensisse.
1678 5577 1965 5627 Praeterea
2004 5589 2123 5627 me-

466 5672 644 5726 minit
674 5673 754 5726 ibi
787 5674 993 5727 auctor
1025 5665 1299 5720 factionis
1333 5664 1536 5718 valinae
1573 5663 1838 5719 conﬂata:
1879 5662 2126 5716 Arsenio

466 5759 812 5832 faventium,
874 5772 1002 5827 quae
1060 5759 1181 5809 tam
1212 5753 1589 5808 vehementer
1649 5750 2124 5807 invalueritcum

2211 1962 2441 2027 demus,
2478 1966 2631 2017 certo
2664 1967 2895 2017 constat
2925 1963 3281 2016 Germanum
3315 1962 3588 2016 eumdem
3612 1960 3863 2031 patriar-

2209 2049 2380 2103 chatu
2414 2051 2666 2104 cessisse
2698 2050 2792 2103 die
2842 2050 2906 2103 14
2946 2050 3312 2120 Septembris
3362 2050 3544 2117 hujus
3600 2049 3868 2118 ejusdem

2207 2138 2345 2191 anni
2378 2139 2534 2203 1267,
2568 2138 2722 2192 unde
2760 2142 2915 2192 esset
2961 2152 3332 2205 consequens
3373 2152 3489 2191 non
3542 2137 3679 2206 plus
3717 2152 3860 2190 eum

2207 2226 2396 2280 tribus
2430 2227 2736 2281 mensibus
2759 2241 2893 2281 cum
2927 2225 3172 2280 dimidio
3209 2225 3270 2279 in
3311 2225 3448 2279 sede
3500 2223 3861 2295 perstitise,

2206 2313 2257 2370 si
2331 2331 2505 2385 quem
2582 2318 2744 2371 tanta
2806 2313 3246 2385 patriarchatus
3320 2313 3597 2369 Germani
3671 2312 3861 2367 offen-

2208 2408 2326 2480 det,
2359 2405 2650 2477 poteritis
2682 2422 2783 2476 per
2808 2422 2902 2461 me
2920 2405 3156 2460 credere
3207 2404 3404 2459 Patres
3455 2403 3687 2475 synodi,
3741 2418 3865 2474 quo

2207 2506 2471 2574 tempore
2497 2496 2726 2553 Arsenii
2755 2511 2995 2552 causam
3020 2492 3867 2565 cognoverunt,disquisivisse

2210 2590 2388 2647 simul
2422 2590 2492 2644 de
2521 2600 2885 2653 successore,
2919 2584 2969 2639 si
2992 2583 3159 2648 forte,
3193 2582 3349 2653 quod
3400 2597 3651 2651 pronum
3700 2580 3865 2635 factu

2213 2679 2553 2753 apparebat,
2586 2674 2685 2730 ille
2710 2677 3101 2740 amoveretur;
3132 2688 3315 2743 quare
3356 2672 3560 2726 statim
3608 2686 3674 2724 ac
3723 2685 3861 2725 sen-

2212 2769 2457 2825 tentiam
2490 2766 2549 2821 in
2580 2763 2896 2819 Arsenium
2941 2760 3223 2830 tulerunt,
3268 2759 3552 2831 suffragia
3606 2758 3666 2814 in
3716 2758 3858 2815 Ger-

2213 2858 2373 2914 mani
2404 2855 2746 2912 electionem
2777 2853 2918 2907 dare
2948 2850 3264 2922 potuerint.
3292 2854 3368 2904 De
3400 2848 3652 2904 conﬂato
3685 2849 3856 2904 Arse-

2214 2951 2527 3005 nianorum
2557 2944 2881 3000 schismate
2909 2942 3062 3013 quod
3095 2944 3390 3008 narratur,
3427 2938 3775 2994 inchoatum
3805 2938 3862 2993 id

2214 3041 2503 3112 pendente
2520 3035 2746 3105 judicio
2772 3033 3024 3099 Arsenii,
3058 3036 3333 3087 caeterum
3367 3030 3638 3085 factionis
3669 3045 3863 3084 corro-

2213 3128 2577 3185 borationem
2611 3140 2794 3195 usque
2834 3123 2905 3177 ad
2954 3121 3281 3193 periculum
3337 3118 3661 3190 publicum,
3727 3118 3853 3173 licet

2216 3222 2347 3289 post
2378 3215 2651 3270 Germani
2683 3211 3038 3266 evectionem
3081 3210 3389 3278 exstiterit,
3436 3225 3506 3264 ex
3554 3208 3861 3264 occasione

2217 3321 2313 3375 per
2345 3301 2660 3374 prolepsim
2709 3304 2883 3353 antea
2927 3316 2961 3353 a
3008 3298 3366 3369 Pachymere
3423 3296 3695 3352 relatam.
3756 3298 3865 3352 Po-

2209 3396 2427 3447 stremo
2460 3389 2676 3443 missos
2707 3386 2947 3458 quidem
2980 3386 3181 3441 statim
3216 3387 3458 3441 nuntios
3499 3384 3864 3441 indicaturos

2208 3478 2630 3550 depositionem
2666 3474 2899 3530 Arsenii
2933 3474 3004 3529 ad
3043 3473 3505 3529 Alexandrinum
3557 3478 3614 3529 et
3659 3475 3863 3530 Antio-

2208 3572 2459 3624 chenum
2492 3564 2879 3638 patriarchas,
2915 3563 3015 3618 sed
3048 3579 3250 3619 eorum
3300 3563 3560 3618 reditum
3608 3563 3862 3618 minime

2208 3662 2632 3731 exspectatum.
2666 3655 2791 3710 Non
2814 3654 2968 3709 enim
2999 3652 3083 3707 illi
3118 3653 3467 3724 patriarchae
3496 3654 3723 3709 habere
3759 3670 3864 3726 pu-

2210 3749 2487 3805 tabantur
2516 3747 2573 3800 in
2607 3744 2708 3800 tali
2740 3744 2972 3813 negotio
3006 3743 3109 3813 jus
3160 3742 3464 3814 suffragii:
3508 3742 3743 3813 alioqui
3795 3758 3866 3798 ne

2211 3836 2511 3893 damnatio
2542 3834 2781 3905 quidem
2813 3836 2949 3886 ante
2998 3836 3205 3886 nutum
3257 3847 3461 3886 eorum
3505 3832 3867 3904 praecipitari

2212 3927 2532 3992 debuisset,
2567 3923 2719 3995 quod
2755 3922 2972 3976 factum
3004 3925 3202 3976 tamen
3235 3925 3483 3976 constat.
3517 3921 3777 3977 Summa
3798 3921 3873 3977 sit

2212 4016 2271 4072 in
2300 4016 2493 4071 medio
2527 4011 2734 4082 reliqui
2769 4028 2801 4065 a
2823 4027 2916 4065 me
2948 4010 3261 4082 ceperitne
3294 4011 3375 4082 [P.
3417 4011 3545 4080 517]
3593 4010 3871 4067 Germani

2215 4103 2651 4179 patriarchatus
2683 4117 2837 4156 anno
2873 4100 3011 4154 1266
3042 4116 3115 4153 an
3154 4098 3465 4170 sequenti;
3502 4102 3872 4171 propendere

2216 4201 2414 4250 tamen
2449 4191 2640 4262 magis
2670 4190 2728 4243 in
2758 4205 2937 4260 quam
2972 4188 3290 4244 maximam
3325 4188 3483 4243 sedis
3512 4188 3646 4258 ejus
3681 4189 3869 4245 brevi-

2216 4287 2415 4347 tatem,
2454 4280 2655 4350 utique
2687 4278 2747 4332 in
2781 4295 2895 4349 qua
2930 4276 3164 4331 facilius
3192 4276 3482 4333 rationem
3514 4276 3753 4333 invenio
3773 4293 3876 4333 cur

2218 4375 2290 4428 ab
2336 4388 2403 4426 eo
2458 4369 2687 4425 volente
2741 4371 2799 4422 et
2857 4371 3060 4437 parato
3111 4366 3433 4438 imperator
3499 4367 3879 4424 anathemate

2220 4462 2364 4519 solvi
2398 4477 2459 4516 se
2490 4475 2605 4513 non
2638 4456 2948 4513 curaverit.

2298 4587 2368 4641 ll.
2399 4585 2596 4638 Finem
2628 4580 3060 4653 patriarchatus
3090 4580 3369 4635 Germani
3396 4581 3669 4649 ejusdem
3719 4579 3875 4653 ponit

2228 4672 2821 4745 Pachymeres,l.1v,c.
2857 4673 2946 4736 21,
2967 4669 3057 4723 die
3089 4668 3234 4724 festo
3266 4668 3641 4725 exaltationis
3662 4675 3875 4725 sancta:

2224 4764 2427 4820 Crucis
2451 4776 2650 4815 mense
2662 4758 3132 4828 Septembri;quo
3151 4758 3243 4811 die
3260 4756 3525 4812 aitillum
3542 4758 3875 4826 celebratis,

2227 4858 2291 4908 ut
2321 4849 2667 4907 solemnitas
2694 4847 2991 4917 poscebat,
3026 4845 3245 4900 divinis
3268 4846 3327 4899 in
3376 4847 3594 4917 templo
3646 4847 3875 4908 ofﬁciis,

2227 4942 2338 4997 sub
2370 4953 2673 5010 vesperam
2709 4934 3061 5007 patriarchio
3093 4935 3421 5000 cedentem,
3452 4936 3525 4989 ad
3561 4952 3705 4991 suas
3737 4950 3879 5006 quas

2232 5032 2382 5087 732
2415 5028 2671 5084 habebat
2701 5026 2759 5079 in
2793 5023 3104 5094 Manganis
3155 5021 3402 5077 cellulas
3452 5040 3516 5077 se
3568 5026 3878 5095 recepisse,

2232 5138 2336 5177 nec
2368 5123 2567 5191 postea
2599 5114 2736 5170 ullis
2761 5130 2823 5169 se
2846 5112 3057 5167 adduci
3088 5112 3361 5183 precibus
3375 5112 3581 5169 sivisse
3601 5115 3673 5169 ad
3698 5112 3877 5168 ullum

2231 5227 2404 5268 usum
2423 5207 2705 5263 abdicatae
2719 5204 2878 5274 digni
2891 5201 3215 5257 tatis.Uude
3233 5201 3304 5256 ad
3320 5202 3682 5258 successoris
3698 5200 3880 5273 inqui-

2233 5301 2503 5359 sitionem
2521 5309 2813 5351 conversaa
2838 5308 2969 5346 cum
2998 5291 3373 5362 imperatoris
3396 5296 3521 5345 tum
3551 5291 3876 5347 antistitum

2233 5406 2385 5446 curae
2417 5389 2699 5454 suntiquo
2730 5381 2955 5435 aunoid
2974 5379 3284 5450 contigerit
3304 5395 3373 5435 ex
3388 5379 3749 5436 successoris
3770 5378 3881 5434 ele-

2236 5479 2427 5535 ctione
2457 5473 2617 5529 brevi
2654 5476 2785 5542 post
2814 5474 3016 5525 secuta
3064 5468 3523 5539 intelligendum
3576 5478 3704 5535 est;
3754 5481 3879 5538 qum

2234 5584 2394 5632 cum,
2432 5570 2497 5618 ut
2546 5578 2680 5617 mox
2729 5557 3254 5623 demonstrabitur,
3285 5562 3522 5628 paracta
3571 5556 3747 5611 fuerit
3791 5555 3880 5609 die

2237 5662 2304 5712 28
2338 5651 2679 5711 Decembris
2711 5648 2850 5703 anni
2878 5646 3203 5701 desinentis
3242 5662 3275 5699 a
3306 5645 3537 5702 Christo
3570 5652 3705 5701 nato
3732 5644 3882 5711 1267,

2241 5762 2342 5821 pro
2373 5737 2669 5798 constanti
2692 5739 2782 5793 est
2803 5734 3141 5789 habendum
3177 5734 3508 5805 perstitisse
3532 5735 3882 5791 Germanum
