4120 6424
289 407 431 465 1189

301 625 579 694 quartum
612 617 903 673 decimum
936 616 1295 688 Septembris
1331 616 1470 672 anni
1522 617 1657 670 1267
1710 633 1811 688 per
1850 632 1958 670 an-

300 727 444 767 num
479 725 663 762 unum
700 711 756 762 et
780 723 1012 761 menses
1045 710 1321 779 praeterea
1345 710 1599 776 quatuor
1620 722 1754 760 cum
1781 704 1956 760 dimi-

297 802 417 867 dio,
450 798 539 853 vel
571 814 603 850 a
635 796 843 867 quinto
875 795 1037 850 Junii
1069 796 1206 849 anni
1260 796 1397 849 1267
1448 796 1515 848 ad
1576 795 1643 848 14
1688 795 1956 865 Septem-

297 891 463 945 brem
500 887 766 957 ejusdem
803 887 941 939 anni
974 901 1075 956 per
1105 900 1340 939 menses
1370 890 1488 939 tres
1509 889 1565 938 et
1583 885 1705 938 dies
1727 899 1954 937 novem.

300 984 555 1047 Postque
588 976 780 1045 ipsius
827 980 1212 1045 spontaneam
1267 973 1697 1028 abdicationem
1758 973 1958 1027 sedem

296 1082 536 1123 vacasse
568 1064 758 1119 tribus
791 1062 1097 1117 mensibus
1129 1068 1183 1116 et
1214 1063 1423 1116 diebus
1476 1066 1759 1133 praeterea
1808 1075 1957 1129 qua-

301 1155 653 1222 tuordecim,
690 1168 877 1223 usque
909 1152 979 1207 ad
1028 1151 1497 1223 designationem
1550 1148 1910 1205 successoris
1944 1165 1960 1218 ;

305 1242 725 1317 septemdecim
754 1257 885 1296 vero
915 1256 1102 1311 usque
1134 1241 1204 1295 ad
1252 1240 1517 1310 ejusdem
1566 1237 1965 1309 inauguratio-

299 1351 461 1403 nem,
496 1348 626 1404 qua:
648 1329 925 1385 Kalendis
956 1327 1254 1384 Januariis
1283 1329 1424 1383 anni
1474 1328 1614 1383 1258
1666 1328 1964 1383 celebrata

305 1424 415 1479 rite
436 1426 545 1489 est,
580 1425 755 1492 prout
784 1420 1080 1490 Fdeinceps
1136 1419 1537 1473 ostendemus.
1592 1416 1806 1472 Scribit
1855 1432 1962 1470 no-

302 1522 442 1580 ster,
472 1528 524 1565 c.
556 1512 647 1577 23,
683 1509 721 1563 l.
764 1526 841 1578 1v,
863 1508 1183 1579 Josephum
1212 1507 1553 1563 monasterii
1579 1506 1795 1562 Galesii
1821 1523 1962 1578 pras-

305 1604 524 1657 t'ectum
554 1598 984 1654 confessarium
1018 1597 1395 1667 imperatoris
1433 1596 1695 1667 legitimo
1756 1595 1968 1650 suifra-

302 1691 532 1763 giorum
598 1703 840 1742 numero
914 1686 1161 1741 electum
1233 1688 1516 1757 probante
1574 1702 1639 1740 ac
1695 1686 1968 1741 studente

305 1777 941 1847 maximeimperatore,
955 1776 1366 1845 designantum
1381 1774 1561 1829 fuisse
1576 1774 1965 1846 patriarcham

309 1867 484 1940 μηνὸς
538 1863 1006 1941 σκιῤῥοφοριῶνος
1075 1862 1295 1936 εἷκοστῇ
1365 1860 1532 1937 ὀγδοῇ
1584 1869 1685 1930 τῆς
1740 1860 1970 1933 δεκάτης

303 1956 680 2028 ἐπινεμήσεως
706 1957 804 2007 τοῦ
862 1954 1023 2025 ,ςψοέ
1052 1946 1227 2019 ἔτους,
1265 1956 1471 2008 mensis
1510 1953 1831 2007 Decembris
1886 1955 1964 2008 vi-

303 2049 509 2103 cesima
531 2050 749 2109 octava,
784 2043 1009 2097 decima:
1041 2042 1386 2109 indz’cnonis,
1423 2044 1563 2096 anni
1592 2043 1759 2111 6775;
1800 2059 1965 2097 mox-

306 2153 427 2206 que
457 2134 618 2190 addit
660 2133 845 2188 fuisse
900 2132 1239 2185 ordinatum
1292 2130 1413 2185 Kal.
1470 2130 1771 2187 Januariis
1826 2130 1965 2185 anni

316 2223 644 2296 sequentis,
669 2214 1113 2292 ἑκατομϐαιῶνος
1171 2216 1227 2272 δὲ
1256 2217 1527 2292 νουμηνίᾳ
1557 2217 1966 2292 χειροτονηθεὶς

312 2312 401 2375 εἷς
430 2310 720 2386 ἀρχιερέας
750 2306 1083 2363 τετέλεσται.
1117 2311 1324 2363 Annus
1378 2326 1504 2363 aerea
1559 2309 1765 2364 mundi
1822 2310 1968 2364 Gree-

312 2419 518 2458 corum
551 2400 857 2456 reducitur
884 2400 954 2453 ad
986 2398 1287 2468 vulgarem
1321 2415 1450 2452 teras
1495 2401 1708 2452 nostrae
1757 2398 1967 2453 Christi

316 2491 680 2547 detractione
711 2490 874 2547 5508.
907 2488 1039 2542 Fuit
1069 2504 1206 2558 ergo
1239 2488 1287 2541 is
1319 2504 1510 2541 annus
1551 2487 1766 2541 Christi
1805 2488 1963 2555 1267,

320 2582 546 2656 periodi
578 2597 713 2636 vero
749 2578 997 2634 Julianaz
1020 2578 1162 2631 5980
1192 2594 1203 2631 :
1257 2577 1359 2646 qui
1407 2593 1691 2631 numerus
1740 2577 1969 2632 divisus

314 2672 375 2726 in
406 2669 741 2741 quindecim
773 2668 996 2723 indicat
1019 2666 1403 2721 indictionem
1435 2666 1561 2736 ejus
1588 2666 1726 2720 anni
1763 2665 1967 2720 chara-

316 2760 699 2827 cteristicam,
733 2757 1045 2825 decimam,
1081 2760 1255 2828 prout
1290 2754 1670 2827 Pachymeres
1724 2756 1965 2810 notavit.

319 2850 484 2907 Unde
516 2847 762 2903 dubium
797 2862 926 2901 esse
956 2862 1069 2900 non
1106 2848 1298 2916 potest
1342 2845 1485 2915 quin
1537 2843 1969 2914 patriarchatus

318 2938 559 3011 Josephi
593 2936 809 2993 Galesii
841 2953 871 2989 a
903 2935 1023 2991 Cal.
1064 2934 1332 2990 Januarii
1374 2935 1513 2988 anni
1559 2933 1775 2989 Christi
1833 2935 1971 2989 1268

319 3030 617 3101 procedat.

390 3154 489 3209 IlI.
525 3152 631 3208 Ubi
657 3151 918 3217 desierit,
951 3151 1125 3205 modo
1165 3150 1462 3204 deﬁniam.
1517 3149 1711 3204 Refert
1757 3148 1971 3220 Pachy-

328 3260 539 3309 meres,
572 3241 610 3298 l.
646 3258 695 3296 c.
730 3258 783 3310 ν,
816 3242 902 3308 17,
926 3238 1274 3309 Josepbum,
1308 3239 1411 3308 qui
1473 3255 1534 3293 se
1582 3239 1974 3309 promulgatis

324 3332 516 3404 palam
549 3330 759 3386 litteris
803 3330 1193 3400 jurejurando
1245 3328 1659 3384 obstrinxisset
1700 3328 1771 3381 ad
1825 3344 1974 3382 nun-

322 3438 499 3492 quam
534 3419 974 3476 assentiendum
1008 3416 1407 3473 conciliationi
1440 3434 1574 3472 cum
1626 3417 1871 3483 Latinis,
1906 3416 1978 3472 ab

324 3510 676 3582 imperatore
706 3524 856 3580 aegre
886 3508 941 3561 id
966 3507 1185 3562 ferente
1212 3522 1564 3577 persuasum
1600 3506 1852 3576 migrare
1885 3523 1982 3577 pa-

323 3599 744 3655 triarchalibus
784 3598 1030 3661 aedibus,
1076 3598 1389 3651 secessisse
1444 3598 1498 3650 in
1553 3596 1979 3651 monasterium

325 3687 661 3758 Periblepti.
714 3686 1039 3757 pollicitum
1093 3702 1152 3740 se
1202 3685 1680 3740 renuntiaturum
1733 3685 1979 3754 patriar-

327 3779 552 3843 ohatui,
587 3778 636 3832 si
667 3777 739 3831 de
761 3775 1074 3831 concordia
1106 3774 1503 3829 Ecclesiarum
1549 3775 1736 3828 Romae
1773 3790 1980 3827 conve-

327 3870 552 3925 niretur
581 3884 614 3920 a
642 3865 850 3937 legatis
884 3881 949 3919 eo
986 3865 1058 3919 ad
1092 3864 1200 3918 hoc
1234 3863 1473 3929 missis;
1526 3862 1763 3917 interim
1812 3861 1982 3932 quasi

326 3958 621 4030 privatum
658 3956 972 4010 victurum.
1009 3954 1215 4008 Postea
1247 3970 1380 4008 cum
1409 3951 1586 4024 legati
1636 3968 1776 4021 pace
1825 3968 1982 4006 com-

328 4046 522 4119 posita
582 4043 910 4112 redissent,
960 4043 1292 4113 judicatum
1352 4057 1482 4096 esse
1538 4040 1720 4095 videri
1781 4041 1979 4095 sedem

328 4151 557 4203 vacare,
588 4134 852 4189 cessione
885 4131 1289 4187 conditionata
1318 4129 1560 4201 Josephi
1586 4131 1710 4199 jam
1737 4130 1793 4183 in
1814 4131 1986 4185 abso-

326 4225 515 4280 lutam
547 4226 920 4290 transeunte,
952 4221 1245 4292 positione
1277 4220 1634 4275 conditionis
1667 4220 1821 4274 unde
1846 4236 1983 4290 pen-

327 4316 524 4369 debat.
557 4312 842 4376 Quocirca
876 4312 1026 4365 itum
1060 4311 1119 4364 in
1152 4310 1435 4379 suffragia
1463 4326 1623 4364 novae
1656 4310 1983 4364 electionis.

330 4406 444 4460 Iste
476 4418 746 4458 secessus
781 4400 1127 4471 patriarcha:
1159 4399 1401 4471 Josephi
1428 4399 1767 4469 contigit,ut
1790 4403 1988 4455 noster

327 4494 409 4548 ibi
446 4490 722 4546 distincte
754 4489 957 4556 tradit,
992 4488 1084 4543 die
1132 4489 1189 4541 11
1235 4486 1530 4557 Januarii,
1583 4488 1857 4542 secundae
1905 4488 1987 4542 in-

329 4582 629 4650 dictionis,
664 4578 803 4635 anni
831 4579 995 4647 6782,
1029 4572 1284 4649 ἑνδεκάτῃ
1324 4576 1495 4649 μηνὸς
1541 4562 1983 4649 ἑκατομϐαιῶνος

333 4668 584 4740 δευτέρας
644 4668 1018 4739 ἐπινεμήσεως
1079 4669 1174 4718 τοῦ
1234 4666 1417 4739 ,ςψπβ
1466 4663 1638 4724 ἔτους.
1702 4666 1835 4720 Fuit
1894 4638 2065 4720 hicD

332 4778 525 4816 annus
554 4759 770 4815 Christi
807 4759 965 4825 1264,
1000 4772 1119 4827 per.
1153 4757 1273 4811 Jul.
1299 4758 1463 4825 5987,
1496 4757 1596 4827 qui
1646 4772 1843 4810 revera
1877 4774 1986 4810 nu-

334 4850 580 4905 meravit
611 4847 989 4903 indictionem
1024 4847 1175 4901 733
1208 4847 1552 4914 secundam,
1586 4845 1821 4916 qualem
1855 4845 1987 4900 nul-

334 4940 429 4994 lus
486 4955 556 4993 ex
614 4935 1058 5010 quatuordecim
1116 4935 1581 5006 praecedentibus
1637 4940 1694 4989 et
1748 4934 1987 4989 totidem

334 5024 554 5079 secutis
579 5024 793 5079 habere
827 5022 1034 5094 potuit,
1077 5027 1138 5076 ut
1162 5021 1491 5093 periculum
1526 5021 1757 5076 nullum
1808 5022 1885 5076 sit
1917 5038 1989 5077 ne

338 5131 532 5168 annus
564 5118 685 5167 tarn
714 5112 827 5184 ipsi
862 5110 1097 5184 propria
1130 5111 1450 5183 insignitus
1501 5116 1637 5165 nota
1688 5128 1819 5165 cum
1875 5111 1986 5168 alio

336 5202 614 5274 quopiam
653 5201 1047 5256 confundatur
1077 5204 1181 5256 aut
1208 5204 1488 5257 mutetur.
1542 5204 1604 5256 In
1650 5200 1768 5255 ista
1816 5218 1986 5271 porro

332 5289 723 5361 suspensione
745 5305 837 5343 res
870 5290 1109 5342 fuerunt
1141 5291 1320 5343 ferme
1353 5305 1456 5357 per
1497 5304 1740 5353 annum,
1794 5289 1987 5356 quoad

331 5379 547 5451 legatis
582 5395 783 5450 pacem
819 5396 851 5432 a
878 5377 1138 5432 Romano
1170 5378 1445 5448 pontifice
1485 5383 1831 5433 conventam
1882 5376 1989 5431 sti-

336 5469 714 5541 pulatamque
748 5467 1409 5536 referentibus,comitia
1440 5473 1580 5521 sunt
1602 5467 1821 5523 indicta
1844 5483 1990 5522 novo

336 5558 588 5614 creando
624 5555 965 5629 patriarchze
1036 5556 1196 5619 Quod
1251 5575 1364 5611 non
1415 5556 1661 5628 contigit
1706 5561 1842 5612 ante
1894 5573 1987 5611 se-

335 5652 617 5718 quentem
651 5648 965 5709 annum,ut
996 5645 1165 5701 docet
1188 5664 1294 5702 nos
1317 5645 1583 5702 historici
1611 5646 1798 5702 nostri
1827 5645 1990 5703 locus

336 5738 513 5794 modo
545 5734 1030 5792 considerandus.

1691 382 2313 460 cuaonomeicus.

292 533 355 588 in
389 527 789 603 patriarcham
825 526 909 583 vel
953 544 986 582 a
1044 532 1207 584 sexto
1260 526 1421 582 Junii
1484 526 1623 583 anni
1674 527 1813 581 1266
1869 527 1943 581 ad
1975 527 2030 593 Α

3570 408 3718 467 1190

2130 525 2223 581 IV-
2259 526 2338 583 De
2358 528 2607 584 Joannis
2638 530 2804 585 Vecci
2825 530 3085 603 Josepho
3110 530 3416 603 subrogati
3444 532 3724 590 electione

2063 632 2244 686 quam
2279 622 2336 670 et
2362 616 2562 672 statim
2597 619 2931 674 inchoatam
2976 626 3104 692 post
3152 620 3475 694 legatorum
3539 624 3722 680 Roma

2065 705 2317 759 reditum
2351 711 2406 760 et
2438 707 2704 763 celeriter
2736 712 3093 765 transactam
3128 715 3391 783 apparet,
3446 713 3532 766 sic
3573 714 3719 768 scri-

2065 794 2151 848 bit
2207 795 2620 867 Pachymeres,
2674 813 2722 852 c.
2757 798 2847 863 24,
2882 797 2919 851 1.
2971 814 3051 852 v:
3112 798 3169 850 Ὀ
3228 799 3432 860 Βέκκος
3497 798 3719 874 εἰκοστῇ

2070 884 2163 954 μὲν
2213 883 2302 935 καὶ
2369 879 2499 957 ἕκτῃ
2562 888 2946 958 Πυανεψιῶνος
3017 888 3189 958 μηνὸς
3247 890 3349 960 [Ρ.
3408 891 3537 963 518]
3588 892 3725 945 κατὰ

2063 972 2161 1038 τήν
2196 971 2388 1046 ἑορτὴν
2421 974 2526 1026 τῶν
2559 972 2729 1047 ἁγίων
2783 975 3034 1051 Πατὲρων
3090 980 3197 1029 τῶν
3259 976 3313 1031 ἐν
3372 978 3567 1049 Νικαίᾳ
3621 1001 3728 1035 πα-

2064 1064 2337 1136 τριάρχης
2385 1057 2785 1137 προϐέϐληται.
2838 1065 3069 1136 Δευτὲρᾳ
3114 1061 3171 1118 δὲ
3220 1072 3724 1141 Μαιμακτηριῶνος

2066 1149 2135 1220 τῇ
2194 1147 2418 1223 ἐπιούσῃ
2470 1154 2726 1225 κυριακῇ,
2776 1150 2827 1204 ἐν
2876 1150 3135 1225 ἐπισήμῳ
3186 1153 3368 1229 ἡμέρᾳ
3425 1159 3521 1209 τοῦ
3556 1155 3720 1210 Ilvati-

2072 1259 2287 1310 ματος,
2346 1240 2412 1293 τὰ
2466 1244 2564 1293 τοῦ
2641 1241 2954 1314 Πνεῦματος
3015 1240 3233 1316 δέχεται
3278 1244 3364 1297 καὶ
3414 1249 3726 1300 τελειοῦται

2070 1326 2378 1402 ἀρχιερεύς’
2416 1332 2605 1387 Vaccus
2633 1337 2793 1386 sexta
2824 1336 2874 1387 et
2902 1333 3169 1387 vicesima
3202 1335 3333 1389 Maii
3381 1336 3609 1403 mensis,
3660 1338 3722 1391 in

2069 1422 2209 1489 festo
2234 1426 2555 1477 sanctorum
2588 1429 2829 1479 Patrum
2859 1424 3227 1479 Nicazensium
3266 1425 3589 1496 patriarcha
3617 1428 3724 1482 elc-

2069 1514 2188 1564 ctus
2238 1519 2337 1565 est.
2387 1511 2643 1565 Secunda
2685 1527 2804 1566 vero
2844 1512 3004 1568 Junii
3034 1514 3321 1569 llomim’ca
3342 1514 3716 1570 hebdomadis

2071 1601 2578 1667 vcrtcntit,z’nsigni
2607 1600 2697 1654 die
2726 1600 2908 1655 sancti
2934 1601 3181 1672 Spiritus
3208 1605 3451 1672 gratiam
3484 1602 3726 1674 Spiritus

2070 1689 2335 1758 percepit,
2367 1688 2664 1743 ordinatus
2704 1688 2811 1743 rite
2858 1691 3198 1761 patriarcha.
3237 1691 3305 1745 Hi
3357 1691 3727 1749 characteres

2075 1776 2246 1830 unice
2286 1776 2599 1847 designant
2658 1794 2880 1832 annum
2914 1777 3135 1833 Christi
3172 1780 3329 1846 1275,
3366 1780 3585 1851 periodi
3619 1780 3723 1835 Ju-

2077 1864 2244 1919 lianaa
2278 1864 2435 1931 4988,
2473 1881 2587 1936 quo
2619 1866 2818 1937 cyclus
2852 1866 2992 1921 solis
3027 1873 3374 1923 numeratus
3405 1873 3496 1923 est
3522 1869 3615 1937 24,
3641 1869 3729 1925 lit.

2076 1954 2457 2008 Dominicalis
2492 1954 2602 2008 fuit
2635 1956 2693 2022 F,
2729 1955 2926 2025 cyclus
2957 1956 3108 2011 lunae
3168 1958 3439 2012 currebat
3495 1959 3552 2024 3,
3603 1974 3730 2028 qua:

2075 2048 2225 2097 notae
2254 2042 2469 2097 festum
2504 2044 2730 2099 Paschze
2768 2046 3073 2099 conferunt
3103 2046 3162 2099 in
3205 2047 3271 2100 14
3322 2047 3555 2118 Aprilis,
3608 2047 3727 2102 Do-

2078 2131 2351 2185 minicam
2381 2147 2514 2186 vero
2548 2131 2918 2187 Pentecostes
2950 2134 3009 2186 in
3041 2134 3073 2186 2
3103 2134 3285 2189 Junii.
3320 2133 3480 2189 Unde
3514 2141 3674 2207 patet
3696 2153 3728 2190 a

2076 2222 2266 2292 prima
2298 2221 2667 2277 successione
2695 2221 2932 2293 Josephi
2969 2223 3038 2276 ad
3072 2222 3284 2277 initum
3310 2242 3341 2278 ει
3384 2224 3570 2280 Vecco
3624 2241 3730 2295 pa-

2075 2309 2465 2365 triarchatum
2490 2310 2897 2366 intercessisse
2920 2327 3154 2366 menses
3181 2310 3403 2367 solidos
3436 2313 3731 2368 sexdecim

2077 2416 2211 2454 eum
2246 2399 2455 2455 diebus
2504 2400 2852 2455 octodecim.
2895 2402 3061 2455 Anno
3109 2401 3461 2471 praecedenti
3512 2400 3730 2456 Christi

2078 2490 2214 2543 1274
2260 2489 2308 2543 si
2360 2489 2495 2559 quis
2557 2488 2850 2560 suspicari
2908 2488 3077 2544 vellet
3138 2490 3303 2545 Vecci
3375 2491 3730 2547 creationem

2078 2578 2316 2643 factam,
2349 2580 2567 2632 frustra
2599 2584 2751 2633 esset
2776 2577 2847 2631 ob
2879 2578 3246 2633 characteres
3268 2579 3729 2635 diversissimos:

2080 2683 2212 2720 nam
2246 2666 2437 2735 cyclos
2461 2666 2510 2721 is
2543 2683 2731 2721 annus
2765 2667 2971 2721 habuit
3004 2665 3143 2722 solis
3172 2669 3262 2735 23,
3317 2668 3467 2722 lunae
3517 2669 3573 2738 2,
3630 2668 3732 2739 qui

2080 2755 2222 2808 dant
2254 2754 2535 2809 Paschat
2583 2753 2741 2825 April
2773 2771 2798 2807 s
2841 2758 2898 2809 et
2941 2758 3323 2810 Pentecosten
3372 2757 3441 2810 2O
3485 2757 3643 2823 Maii,
3675 2761 3732 2812 et

2078 2843 2272 2898 littera
2302 2843 2685 2898 Dominicalis
2716 2843 2976 2913 ejusdem
2996 2843 3135 2897 anni
3158 2844 3206 2899 G
3227 2844 3378 2899 diem
3397 2846 3726 2899 secundum

2080 2933 2240 2988 Junii
2273 2934 2411 2987 facit
2439 2933 2925 2989 Sabhatumcum
2960 2932 3320 2988 Dominicam
3346 2933 3527 2988 fuisse
3560 2950 3734 3003 opor-

2082 3023 2257 3076 tuerit
2280 3039 2395 3093 quo
2427 3038 2581 3076 anno
2612 3027 2701 3076 est
2728 3022 2949 3076 Veccus
2978 3022 3037 3075 in
3087 3021 3539 3091 patriarchalem
3584 3023 3736 3077 Con~

2083 3110 2547 3181 stantinopoleos
2592 3115 2826 3165 evectus
2876 3112 3098 3165 sedem.
3147 3110 3335 3180 Hujus
3384 3111 3538 3177 ﬁnis,
3589 3126 3734 3181 quo-

2085 3200 2242 3254 niam
2272 3199 2567 3256 Michaelis
2618 3198 2924 3270 Palmologi
2979 3200 3183 3254 funere
3234 3200 3524 3272 posterior
3574 3204 3735 3255 extra

2007 3280 2048 3345 C
2080 3289 2258 3360 hujus
2290 3289 2547 3344 historiae
2578 3288 2827 3343 limitem
2862 3288 2999 3355 exit,
3052 3294 3263 3343 nostrae
3315 3288 3733 3344 consideratio-

2086 3379 2178 3435 nis
2200 3396 2357 3433 nunc
2390 3379 2629 3449 quidem
2663 3395 2779 3432 non
2814 3383 2924 3433 est.

2157 3505 2224 3561 V.
2259 3506 2463 3561 Restat
2495 3504 2767 3559 ultimum
2805 3505 2961 3576 quod
3011 3505 3429 3577 proposuimus
3479 3503 3576 3560 hic
3618 3508 3737 3560 tra-

2087 3598 2389 3652 ctandum.
2440 3597 2697 3668 Tempus
2761 3613 2875 3668 quo
2926 3595 3111 3650 missa
3156 3599 3399 3650 Romam
3434 3599 3523 3650 est
3561 3612 3593 3650 a
3641 3595 3743 3648 Mi-

2087 3687 2287 3740 chaele
2316 3688 2582 3757 Augusto
2621 3685 2875 3757 insignis
2926 3685 3135 3755 legatio
3187 3685 3258 3739 ad
3312 3683 3736 3739 absolvendum

2086 3775 2390 3845 negotium
2422 3775 2855 3831 conciliationis
2888 3774 3307 3841 Ecclesiarum,
3341 3790 3458 3845 qua
3499 3777 3741 3829 Germa-

2086 3880 2199 3918 nus
2231 3863 2638 3933 expatriarcha
2668 3869 2725 3918 et
2770 3863 3062 3934 Georgius
3111 3863 3447 3934 Acropolita
3496 3863 3748 3919 feliciter

2086 3951 2272 4007 functi
2304 3958 2464 4021 sunt,
2496 3951 2833 4006 charactere
2858 3968 2975 4006 non
3007 3952 3185 4007 dubio
3221 3952 3575 4023 insignitum
3601 3951 3744 4023 legi-

2086 4046 2184 4095 tur
2213 4058 2261 4096 c.
2295 4042 2387 4110 21,
2420 4040 2459 4094 l.
2494 4057 2548 4095 v.
2582 4040 2676 4095 Ait
2702 4040 2820 4094 illic
2860 4039 3182 4095 historicus
3225 4039 3469 4094 solvisse
3514 4040 3747 4095 duabus

2088 4132 2425 4187 triremibus
2447 4132 2671 4203 legatos
2703 4131 2829 4201 paci
2864 4147 2968 4185 con
2983 4130 3241 4184 ficiendze
3273 4129 3741 4200 destinatos,pa-

2090 4222 2377 4292 ratisjam
2403 4222 2473 4275 ad
2510 4236 2637 4276 eam
2672 4238 2740 4275 ex
2770 4224 2936 4290 parte
2959 4220 3292 4276 Graecorum
3333 4218 3629 4274 omnibus.
3672 4218 3741 4273 Hi

2091 4311 2348 4376 fuerunt,
2383 4315 2447 4363 ut
2478 4325 2529 4363 c.
2562 4310 2628 4363 17
2660 4308 2938 4380 superius
2990 4307 3238 4377 dixerat,
3290 4305 3504 4376 partim
3555 4304 3740 4361 eccle-

2090 4399 2335 4467 siastici,
2369 4398 2585 4470 partim
2615 4396 2915 4453 senatorii.
2951 4395 3180 4451 Priores
3204 4398 3534 4449 Germanus
3556 4411 3746 4466 nuper

2091 4487 2427 4560 patriarcha
2472 4492 2529 4542 et
2574 4486 2882 4558 episcopus
2932 4484 3132 4540 Nicaea:
3190 4483 3602 4555 Theophanes,
3647 4482 3746 4539 alii

2098 4594 2348 4649 magnus
2375 4576 2675 4649 logotheta
2697 4574 3051 4646 Acropolita,
3086 4590 3301 4645 praeses
3326 4573 3585 4627 vestiarii
3638 4578 3745 4628 Pa-

2100 4673 2341 4722 naretus
2390 4672 2447 4720 et
2496 4681 2746 4735 magnus
2805 4665 3095 4734 interpres
3144 4663 3499 4719 Berrhceota.
3557 4662 3749 4716 Trire-

2101 4758 2287 4811 mium
2318 4758 2471 4811 734
2520 4754 2761 4810 alteram
2810 4754 3280 4809 conscenderunt
3329 4752 3649 4807 Panaretus
3699 4754 3756 4806 et

2100 4846 2437 4899 Berrhaaota
2468 4861 2603 4898 cum
2638 4842 2810 4898 donis
2843 4841 3216 4912 imperatoris
3264 4841 3336 4895 ad
3391 4840 3754 4910 pontiﬁcem,

2100 4936 2157 4989 in
2192 4934 2374 4989 altera
2424 4935 2537 4988 duo
2592 4931 2852 5003 episcopi
2903 4947 3039 4986 cum
3103 4928 3437 5000 Acropolita
3494 4928 3753 4997 fuerunt,

2098 5023 2299 5078 Altum
2344 5022 2656 5093 petierunt.
2686 5020 2767 5075 ait
2798 5019 2922 5074 loco
2958 5017 3196 5073 laudato
3251 5020 3451 5072 noster
3500 5033 3548 5070 c.
3584 5016 3680 5083 2t,
3713 5016 3755 5073 1.

2099 5130 2151 5178 v,
2184 5110 2416 5185 Κρονίου
2469 5107 2787 5184 ἀρχομένου
2840 5104 3032 5179 μηνός.
3083 5107 3181 5161 Est
3238 5107 3393 5160 haud
3454 5105 3627 5161 dubie
3657 5105 3758 5160 Pa-

2099 5201 2357 5273 chymeri
2414 5198 2640 5273 Κρόνιος
2703 5197 2969 5261 Martius,
3022 5198 3197 5265 prout
3227 5200 3316 5249 est
3345 5194 3528 5265 hujus
3558 5194 3599 5250 l.
3635 5210 3688 5249 c.
3726 5194 3752 5247 1

2100 5292 2592 5345 demonstratum.
2626 5286 2823 5357 Pergit
2853 5286 3044 5339 dicere
3091 5284 3453 5338 conﬂictatos
3503 5299 3603 5339 eos
3649 5299 3754 5353 pa-

2100 5396 2230 5434 rum
2268 5394 2549 5449 prospera
2578 5378 2927 5444 tempestate
2961 5390 3051 5444 pet
3067 5373 3296 5430 venisse
3324 5372 3384 5426 in
3419 5372 3619 5427 sinum
3651 5376 3761 5426 La-

2100 5469 2392 5532 conicum,
2430 5466 2529 5521 ubi
2562 5469 2649 5520 est
2701 5460 3171 5535 promontorium
3218 5461 3435 5531 Maleae,
3487 5459 3758 5532 λήγοντος

2097 5554 2193 5610 τοῖ’)
2228 5555 2427 5629 μηνὸς,
2460 5555 2569 5610 hoc
2599 5558 2688 5609 est
2717 5553 2921 5609 eodem
2957 5567 3159 5606 mense
3190 5551 3514 5618 desinente,
3542 5549 3753 5604 ultima

2099 5649 2229 5719 ejus
2260 5646 2497 5701 decade:
2526 5648 2731 5699 notum
2765 5648 2851 5697 est
2880 5641 3035 5697 enim
3070 5641 3299 5697 Graecos
3342 5640 3548 5712 partiri
3583 5656 3743 5694 men-

2102 5754 2195 5794 ses
2226 5737 2287 5792 in
2339 5740 2460 5792 tres
2518 5735 2793 5789 decadas.
2852 5732 3107 5788 Primam
3165 5738 3373 5787 vocant
3432 5727 3762 5803 ἀρχομένου
