4120 6388
429 376 562 434 1191

1459 362 1524 413 Ρ.
1561 355 1840 412 POSSINI
1876 345 2486 406 OBSERVATIONUM
2522 350 2655 404 LIB.
2699 354 2798 407 III.

3706 349 3847 406 1192

428 504 550 563 sive
612 495 905 569 ἱσταμένου
940 532 956 561 ,
1011 488 1342 546 secundum
1422 483 1714 555 μεσοῦντος
1752 520 1766 548 ,
1845 472 2079 530 tertiam

2197 468 2536 569 Palaeologe
2577 472 2933 569 solutionem
2990 474 3389 532 anathematis
3438 491 3556 547 quo
3614 474 3841 530 dudum

430 561 717 668 φθίνοντος
745 561 896 653 ἐίνθ,
930 582 993 636 ut
1024 578 1119 633 hic
1152 578 1371 642 noster,
1406 568 1679 644 λήγοντος
1716 561 1906 637 μηνός,
1959 561 2074 668 gd-

550 678 632 734 ibi
663 652 989 732 vehementi
1012 669 1271 739 jactatas
1297 659 1549 734 procella
1579 658 1851 712 triremes
1874 652 2079 708 ambas

428 770 685 843 primum
719 758 1067 816 dissociatas
1097 754 1150 808 vi
1174 750 1327 806 venti
1356 748 1558 816 fuisse,
1591 743 1804 800 deinde
1834 740 2077 795 alteram

427 830 686 919 illarum,
721 868 839 923 qua
881 849 1204 901 Panaretus
1262 843 1319 893 et
1372 836 1708 891 Berrhmota
1764 830 2077 894 vehebant,

428 948 641 1002 misere
671 919 912 996 fractam
947 939 1005 990 et
1034 932 1427 997 submersam,
1448 924 1624 980 aliam
1654 919 1875 977 salvam
1900 934 2080 990 appu-

427 1035 566 1090 lisse
601 1032 672 1087 ad
702 1026 993 1085 Mathonis
1024 1024 1282 1093 portum;
1310 1018 1487 1087 idque
1519 1011 1836 1083 contigisse
1857 1007 2079 1079 πέμπτῃ

431 1118 661 1198 μεγάλῃ,
696 1119 806 1172 hoc
837 1118 926 1170 est
979 1111 1123 1166 feria
1155 1107 1363 1180 quinla
1395 1101 1781 1159 hebdomadas
1814 1096 2076 1198 majoris,

433 1184 548 1285 qua
580 1184 745 1265 ciens
779 1201 1007 1259 Domini
1041 1198 1367 1254 celebratur
1414 1194 1485 1249 ab
1530 1189 1806 1246 Ecclesia.
1854 1188 1935 1241 Ex
1986 1184 2079 1239 his

430 1273 689 1375 oportuit
719 1295 819 1351 illo
853 1308 1006 1348 anno
1040 1288 1243 1343 feriam
1276 1285 1543 1357 quintam
1567 1281 1627 1335 in
1660 1294 1822 1334 coena
1844 1273 2078 1331 Domini

433 1364 635 1446 mense
665 1385 870 1440 Martio
904 1381 1107 1449 fuisse,
1140 1382 1196 1432 et
1227 1375 1464 1447 quidem
1496 1371 1694 1441 aliquo
1724 1368 1817 1422 die
1844 1364 2078 1421 decadis

431 1480 654 1537 ultimis
686 1472 909 1530 mensis
949 1468 1146 1523 istius.
1181 1465 1307 1520 Non
1340 1461 1531 1534 potuit
1564 1458 1660 1512 ille
1711 1472 1902 1509 annus
1948 1468 2078 1507 esse

431 1570 583 1624 alius
617 1566 688 1621 ab
722 1578 875 1618 anno
908 1555 1121 1612 Christi
1150 1556 1319 1625 juxta
1349 1551 1651 1622 vulgarem
1688 1560 1862 1600 seram
1918 1542 2075 1597 1273.

431 1657 809 1714 Manifestum
844 1651 951 1705 hoc
982 1650 1071 1702 est
1097 1663 1165 1699 ex
1195 1642 1342 1699 serie
1365 1643 1736 1695 narratarum
1762 1635 1869 1687 hac
1900 1632 2077 1686 histo-

430 1750 518 1803 ria
546 1760 762 1809 rerum;
795 1757 932 1794 nam
986 1732 1273 1807 superiori
1333 1728 1545 1786 Christi
1592 1726 1730 1780 1272
1772 1722 1945 1794 coepit
1990 1738 2077 1776 se-

2187 559 2378 616 fuerat
2408 561 2479 616 ab
2509 563 2755 619 Arsenio
2810 564 3119 621 devinctus
3159 565 3233 621 ob
3287 574 3634 621 exerecatum
3668 564 3847 620 Joan-

2183 664 2314 703 nem
2351 648 2668 721 pupillum,
2699 651 2925 722 scribit,
2960 653 3230 726 inquam,
3264 654 3322 709 in
3372 654 3530 708 hunc
3562 654 3794 708 modem
3824 668 3837 708 :

2185 736 2330 791 Κατὰ
2387 742 2580 792 τοῦτον
2635 739 2725 794 τὸν
2786 738 2987 815 χρόνον
3040 741 3397 811 ἐπεσκότησεν
3447 744 3482 811 ἡ
3513 740 3718 811 σελήνη
3751 740 3846 795 τὸν

2183 823 2346 894 ἥλιον
2377 826 2497 901 ἅρτι
2527 827 2625 895 τήν
2652 831 2760 882 τῶν
2811 824 3063 900 Διδύμων
3113 828 3373 901 τετάρτην
3427 826 3845 903 παραλλάττον-

2181 935 2267 986 τα,
2328 916 2453 989 περὶ
2503 916 2648 991 ὥραν
2676 917 2782 990 πρὸ
2836 912 3183 994 μεσημϐρίας
3229 918 3420 993 τρίτην
3457 923 3556 986 τῆς
3586 917 3845 985 εἶκοστῆς

2183 1005 2439 1078 πέμπτης
2499 1006 2710 1081 ἡμέρας
2766 1011 2863 1060 τοῦ
2935 1005 3121 1080 μοι’ἷου,
3177 1011 3275 1062 τοῦ
3332 1009 3492 1081 Ιςψοε¹
3538 1001 3709 1067 ἔτους.
3744 1007 3846 1062 Ἠν

2188 1095 2282 1167 μὶν
2339 1093 2429 1148 οὖν
2458 1097 2493 1163 ἡ
2543 1100 2686 1149 πᾶσα
2734 1093 2980 1169 ἔκλειψις
3033 1094 3313 1151 δακτύλων
3348 1093 3571 1171 ἔγγιστα
3602 1093 3845 1149 ὃυωκαί-

2185 1181 2333 1254 δεκα,
2395 1188 2655 1240 τοσοῦτον
2715 1182 2771 1239 δὲ
2828 1186 2967 1241 κατὰ
3017 1187 3107 1241 τὸν
3169 1185 3329 1260 μέσον
3386 1193 3486 1255 τῆς
3543 1179 3845 1257 ἕκλείψεως

2184 1273 2384 1349 χρόνον
2420 1273 2652 1349 ἐγεγόνει
2684 1275 2746 1329 τὸ
2773 1276 2966 1337 σκότος
2997 1276 3121 1349 περὶ
3152 1276 3252 1345 τήν
3299 1282 3402 1350 γῆν
3436 1276 3509 1336 ὡς
3559 1274 3649 1329 καὶ
3699 1273 3841 1341 πολ-

2186 1365 2321 1428 Λοὺς
2347 1369 2456 1418 τῶν
2489 1365 2726 1438 ἀστέρων
2771 1373 3025 1438 φανῆναι.
3081 1368 3194 1423 Sub
3242 1371 3343 1422 hoc
3390 1369 3601 1438 tempus
3646 1367 3842 1420 obscu-

2182 1457 2335 1510 ranit
2369 1455 2506 1511 tuna
2535 1457 2701 1511 solem
2736 1466 2995 1527 quartum
3046 1456 3402 1513 Geminorum
3448 1456 3840 1511 transmitten-

2182 1552 2297 1600 tem
2341 1545 2594 1616 gradum,
2647 1548 2796 1600 circa
2844 1547 3038 1601 horam
3092 1549 3228 1602 ante
3275 1545 3567 1601 meridiem
3613 1548 3843 1599 tertiam

2185 1635 2396 1705 quinta?
2425 1644 2475 1689 et
2496 1634 2778 1691 vicesima?
2798 1633 2916 1689 diei
2947 1634 3101 1704 Maii,
3128 1635 3269 1689 anni
3315 1634 3478 1689 6785.
3512 1633 3638 1687 Fuit
3675 1646 3841 1702 porro

2185 1727 2293 1778 tota
2351 1724 2571 1794 eclipsis
2631 1724 2945 1796 digitorum
2997 1724 3251 1796 proxime
3298 1721 3607 1778 duodecim.
3658 1723 3843 1777 Tan/ae

430 1838 566 1891 dere
596 1830 912 1903 Gregorius
943 1826 1011 1890 X,
1047 1824 1144 1897 qui
1181 1820 1409 1894 primus
1441 1816 1797 1872 mentionem
1833 1827 2074 1867 concor-
2106 1828 2154 1893 B
2185 1817 2371 1868 autem
2413 1814 2513 1869 sub
2556 1812 2808 1895 znedium
2864 1813 3096 1885 deliquit
3150 1816 3362 1884 tempus
3411 1811 3647 1868 tedebraz
3693 1812 3847 1866 circa

428 1926 536 1979 dia:
570 1902 868 1984 intulerat,
899 1919 1213 1988 postquam
1238 1910 1297 1964 in
1317 1907 1483 1980 Syria
1504 1905 1755 1960 electum
1779 1917 1841 1957 se
1863 1902 2075 1956 absen-

430 2020 548 2070 tem
582 2030 615 2067 a
646 2006 1048 2065 cardinalibus
1079 1998 1369 2072 cognovit.
1407 1995 1622 2050 Deinde
1663 1995 1787 2062 jam
1840 2006 2078 2065 corona-

431 2109 528 2158 tus
554 2101 775 2172 legatos
807 2087 1375 2161 Constantinopolim
1420 2086 1489 2139 ad
1526 2085 1577 2138 id
1632 2080 1930 2150 negotium
1981 2096 2077 2132 ur-

432 2192 690 2264 gendum
735 2187 995 2241 miserat.
1046 2180 1116 2235 Hi
1170 2184 1408 2233 strenue
1468 2189 1588 2228 rem
1650 2173 1912 2241 egerunt,
1976 2183 2079 2239 pro

428 2257 581 2336 virili
640 2279 904 2349 Augusto
962 2272 1345 2341 cooperante;
1402 2281 1529 2336 quas
1580 2262 1914 2316 referuntur
1969 2257 2078 2312 hoc

431 2370 584 2424 libro
617 2345 817 2421 ac.'1l
860 2362 930 2418 ad
967 2360 1053 2415 17.
1090 2363 1219 2412 Haec
1262 2370 1481 2410 annum
1519 2350 1688 2406 facile
1738 2346 1998 2419 Gregorii
2033 2345 2077 2413 Ι,

436 2456 655 2514 Christi
714 2455 853 2509 1272
889 2497 903 2517 ,
951 2448 1350 2519 expleverunt.
1412 2439 1727 2512 Dispositis
1781 2442 2081 2506 utcunque

433 2548 709 2604 omnibus
741 2560 809 2598 ex
841 2546 1003 2613 parte
1034 2539 1369 2594 Graecorum
1403 2531 1570 2587 missi
1604 2534 1743 2585 sunt
1774 2526 1971 2596 legati,
2012 2526 2083 2579 de

432 2638 651 2709 quibus
683 2632 939 2705 agimus,
973 2630 1129 2683 circa
1150 2624 1385 2680 initium
1419 2620 1580 2689 anni,
1605 2616 1865 2688 Gregorii
1893 2614 2085 2685 ponti-

439 2708 646 2781 ficatus
680 2717 945 2787 secundi,
982 2716 1193 2773 Chriin
1231 2714 1410 2780 1273;
1443 2727 1547 2767 nec
1599 2708 1827 2763 tardius
1878 2709 2086 2776 potue-

440 2820 598 2870 runt:
633 2810 851 2882 alioqui
876 2805 1222 2879 Gregorium
1250 2819 1361 2857 non
1386 2791 2087 2870 reperissentRomae,qui

442 2905 549 2960 hoc
566 2918 721 2958 anno
741 2900 875 2955 inde
901 2895 1175 2951 discessit
1193 2908 1398 2947 versus
1422 2888 1763 2952 Galliam,ut
1783 2884 1863 2938 ibi
1888 2883 2086 2938 conci—

440 2993 581 3049 lium
605 2986 1031 3046 mcumenicum
1065 2981 1336 3052 Lugduni
1371 2979 1707 3034 celebraret.
1744 2974 1956 3044 [P519]
1987 2973 2089 3025 Ha-

443 3083 632 3137 bitum
665 3079 720 3132 id
753 3074 1069 3132 concilium
1102 3080 1190 3127 est
1216 3086 1368 3126 anno
1401 3065 1667 3138 sequenti
1693 3061 1905 3119 Christi
1930 3061 2087 3126 1274,

445 3174 729 3242 praesente
760 3165 875 3220 illic
901 3162 1194 3235 pontiﬁce,
1227 3166 1285 3215 et
1333 3158 1541 3251 legatis
1587 3153 1914 3251 Graecorum
1963 3151 2081 3220 jam
2117 3186 2159 3251 Ο

444 3241 578 3314 cum
609 3255 869 3312 Ecclesia
899 3256 1158 3309 Romana
1188 3246 1630 3304 conciliatorum
1680 3241 1898 3296 ibidem
1949 3255 2085 3293 con-

442 3347 804 3420 parentibus.
841 3343 976 3407 Qua;
998 3337 1332 3396 conciliatio
1365 3352 1498 3389 cum
1533 3349 1634 3403 per
1661 3330 1812 3384 hanc
1845 3325 2088 3397 legatio—

443 3413 578 3491 nem
616 3437 945 3506 perpetrata
979 3428 1174 3491 fuerit,
1199 3425 1436 3480 evidens
1467 3430 1553 3475 est
1583 3435 1709 3474 eam
1762 3416 1925 3486 prius
1964 3413 2088 3469 obi-

443 3530 561 3580 tam
596 3504 653 3577 et
685 3519 1083 3576 renuntiatam
1132 3507 1633 3577 Constantinopoli
1683 3504 1861 3558 fuisse
1910 3519 2089 3573 quam

444 3629 613 3670 sacra
641 3610 901 3680 synodus
946 3601 1210 3674 Lugduni
1248 3599 1642 3654 inchoaretur.
1676 3593 1933 3658 Quadrat
1986 3608 2090 3646 au-

442 3710 560 3760 tem
594 3703 765 3756 unice
796 3699 863 3753 ad
903 3699 1009 3751 hoc
1038 3694 1236 3765 ipsum
1278 3691 1579 3745 character
1612 3688 1719 3743 hoc
1766 3686 1891 3742 loco
1938 3686 2091 3741 indi-

442 3795 610 3847 catus
644 3788 797 3842 ἴθι-ἰῶ
829 3784 1053 3856 quintae
1090 3782 1333 3851 majoris
1364 3777 1748 3833 hebdomadis
1778 3775 2091 3831 incidentis

443 3882 503 3934 in
564 3882 892 3948 postremos
925 3873 1049 3927 dies
1102 3869 1341 3933 Martii,
1400 3867 1691 3938 siquidem
1750 3865 1840 3919 hic
1900 3882 2092 3919 annus

442 3966 659 4022 Christi
702 3964 842 4019 1273
901 3962 1012 4017 fuit
1071 3959 1291 4031 periodi
1349 3956 1593 4011 Julianze
1649 3955 1812 4019 5986,
1863 3953 2088 4026 cyclum

442 4055 586 4111 solis
617 4055 841 4109 habens
866 4049 1191 4122 22,cyclum
1218 4063 1350 4103 vero
1381 4045 1533 4100 lunae
1562 4045 1679 4098 sive
1704 4059 1947 4097 aureum
1981 4059 2088 4095 nu-

445 4161 673 4200 merum
706 4144 761 4211 2,
794 4141 1056 4196 litteram
1092 4136 1443 4193 Domiealem
1476 4139 1550 4187 A:
1601 4149 1728 4203 quae
1786 4137 1935 4186 notae
1983 4131 2089 4185 Pa-

442 4235 585 4290 scha
616 4232 776 4287 illius
811 4230 951 4286 anni
985 4229 1251 4299 deﬁgunt
1281 4226 1339 4279 in
1364 4225 1431 4277 26
1458 4222 1673 4277 Martii.
1696 4222 1826 4275 Fuit
1850 4236 1987 4290 ergo
2010 4220 2091 4273 fe-

443 4325 530 4378 ria
560 4323 766 4393 quinla
794 4320 850 4374 in
886 4322 1057 4374 Ccena
1092 4315 1320 4371 Domini
1353 4314 1445 4368 die
1475 4313 1545 4365 23
1577 4310 1771 4364 Martii
1803 4310 2089 4378 ejusdem.

441 4416 628 4477 Quare
650 4425 827 4464 verax
839 4412 895 4462 et
916 4409 1114 4461 exacta
1131 4400 1590 4474 deprehenditur
1608 4397 1869 4452 historici
1893 4414 2090 4452 narra-

443 4500 548 4571 tio,
582 4502 640 4554 et
664 4494 1036 4564 chronologia
1067 4499 1267 4547 nostra
1290 4490 1693 4545 conﬁrmatur.

988 4653 1134 4709 785
1170 4650 1400 4707 CAPUT
1434 4650 1559 4705 VII.

451 4772 527 4823 De
558 4763 758 4836 eclipsi
799 4760 935 4836 solis
967 4776 999 4815 a
1024 4762 1271 4836 Gregora
1302 4759 1658 4836 _memorata,_
1691 4773 1803 4827 qua
1848 4757 2097 4814 stabilita

789 4835 1049 4891 hactenus
1078 4828 1438 4900 chronologia
1470 4830 1753 4900 ﬁrmatur.

521 4980 563 5035 l.
619 4979 917 5034 Hactenus
963 4972 1407 5045 chronologiam
1455 4979 1716 5027 nostram
1760 4971 2035 5027 indicatis
2067 4989 2101 5027 a

448 5069 806 5140 Pachymere
836 5064 1305 5129 characteribus,
1321 5066 1610 5134 quantum
1645 5061 1829 5131 licuit,
1851 5062 2099 5117 munivi-

456 5174 609 5212 mus.
640 5161 765 5211 Non
788 5160 875 5209 est
898 5159 1090 5209 autem
1114 5152 1465 5224 negligenda
1488 5151 1898 5223 opportunitas
1922 5167 2100 5222 quam

454 5245 627 5300 nobis
657 5244 975 5315 benignam
1009 5244 1177 5298 offert
1205 5241 1459 5314 insignis
1492 5240 1801 5313 Nicephori
1836 5241 2100 5312 Gregoraa

457 5336 621 5388 locus
650 5334 913 5403 ejusdem
946 5334 1167 5388 caelesti
1201 5348 1431 5403 quoque
1461 5330 1670 5386 solaris
1714 5330 1952 5385 maximi
2003 5330 2102 5385 de-

455 5422 623 5493 liquii
656 5421 933 5492 suffragio
966 5422 1325 5477 roborandae.
1352 5420 1568 5475 Scribit
1596 5418 1648 5474 is
1676 5425 1879 5474 auctor
1907 5419 2103 5475 Histo-

455 5513 551 5567 riae
579 5530 697 5567 suae
725 5513 758 5566 Ι.
792 5529 868 5581 ιν,
902 5529 955 5582 p.
988 5512 1053 5565 51
1089 5512 1179 5565 ed.
1217 5510 1419 5576 Basil.,
1473 5514 1787 5581 postquam
1849 5509 2107 5564 narravit

455 5601 886 5657 abdicationem
922 5599 1219 5667 Germani,
1249 5600 1489 5670 Josephi
1535 5599 2011 5672 subragationem
2045 5599 2103 5654 in

456 5688 584 5758 ejus
615 5691 899 5761 locum,et
926 5690 997 5746 ab
1029 5689 1138 5745 hoc
1163 5687 1447 5745 indultum
1473 5689 1813 5762 imperatori
1835 5689 2105 5747 Michaeli

2124 4539 2171 4599 D

2184 1908 2393 1958 terram
2440 1906 2802 1970 exstiterunt,
2852 1911 2913 1957 ut
2941 1903 3203 1957 etmultz
3250 1902 3545 1958 stellarum
3599 1916 3845 1971 appare-

2187 1996 2327 2047 rent.
2363 1992 2450 2046 lta
2478 1996 2764 2063 Gregoras
2795 1991 3078 2046 describit
3127 1991 3422 2062 insignem
3483 2006 3724 2060 prorsus
3782 1992 3846 2045 et

2187 2080 2539 2136 horrendam
2590 2079 2731 2133 solis
2779 2078 3163 2133 defectionem
3211 2077 3717 2146 Constantinopoli
3752 2076 3838 2130 vi-

2188 2186 2313 2224 sam
2350 2168 2517 2240 paulo
2548 2182 2861 2238 antequam
2892 2170 3371 2222 exauctoraretur
3410 2166 3752 2230 Germanus,
3780 2169 3843 2219 et

2187 2257 2481 2328 Josephus
2512 2256 2568 2311 in
2602 2257 2731 2326 ejus
2761 2255 2951 2309 locum
3009 2254 3458 2309 substituendus
3507 2252 3845 2321 eligeretur.

2189 2348 2349 2411 Quod
2384 2350 2701 2415 utrumque
2734 2344 2831 2399 illo
2857 2360 3010 2398 anno
3043 2361 3074 2398 a
3118 2344 3377 2415 Gregora
3428 2342 3687 2396 indicato
3719 2340 3849 2396 εει-ω

2189 2441 2516 2490 Graecorum
2577 2435 2741 2499 6785,
2802 2434 2912 2487 hoc
2966 2438 3055 2487 est
3099 2436 3311 2486 nostrae
3370 2431 3527 2495 1257,
3581 2429 3852 2487 evenisse

2194 2541 2300 2580 nos
2326 2540 2558 2595 quoque
2589 2521 2962 2577 ostendimus
2993 2521 3286 2592 superius,
3322 2537 3381 2573 n.
3411 2520 3467 2584 2,
3502 2535 3552 2573 c.
3577 2521 3630 2571 6.
3657 2520 3852 2583 Quare

2196 2614 2244 2667 si
2278 2615 2680 2668 demonstrare
2712 2609 3081 2681 potuerimus
3116 2609 3228 2663 fide
3272 2608 3611 2663 tabularum
3662 2612 3720 2662 et
3752 2625 3852 2663 ra—

2197 2702 2455 2758 tioniciis
2487 2698 2900 2755 astronomieis
2930 2696 3066 2753 tolis
3100 2696 3422 2767 deliquium
3447 2702 3564 2751 tam
3592 2695 3851 2751 notabile

2197 2791 2256 2845 in
2292 2791 2434 2845 urbe
2464 2795 2579 2844 tam
2616 2785 2904 2859 frequenti
2939 2785 3093 2841 circa
3134 2784 3439 2840 meridiem
3491 2790 3852 2855 spectatum,

2199 2897 2331 2934 cum
2368 2879 2642 2934 omnibus
2676 2876 3014 2932 memoratis
3065 2874 3552 2939 circumstantiis,
3612 2874 3712 2929 illo
3764 2891 3853 2929 re-

2199 2985 2334 3022 vera
2367 2968 2549 3021 fuisse
2572 2964 2959 3019 commissum
2992 2979 3166 3027 anno,
3200 2979 3372 3017 nemo
3394 2980 3509 3017 non
3542 2962 3701 3017 videt
3733 2979 3854 3017 ma-

2200 3074 2380 3129 gnum
2417 3057 2550 3110 inde
2582 3056 3019 3108 firmamentum
3046 3069 3419 3107 accessurum
3445 3058 3503 3106 et
3525 3052 3852 3107 ratiociniis

2201 3145 2421 3200 nostris
2453 3149 2509 3198 et
2540 3143 2675 3197 ﬁdei
2726 3141 3142 3196 historicorum
3195 3157 3447 3212 quorum
3499 3142 3847 3197 auctoritate

2199 3233 2467 3287 nitimur.
2503 3231 2632 3284 Haec
2665 3246 2756 3283 me
2788 3246 2919 3299 spes
2954 3229 3193 3301 impulit
3236 3230 3308 3284 ad
3361 3230 3692 3302 rogandum
3758 3246 3857 3301 per

2196 3320 2423 3374 litteras
2447 3319 2514 3373 R.
2548 3319 2608 3372 Ρ.
2634 3316 2920 3371 Jacobum
2952 3317 3257 3372 Grantami
3283 3319 3582 3374 societatis
3603 3323 3841 3383 nostrae,

2198 3408 2437 3464 Lutetiae
2464 3405 2820 3461 Parisiorum
2856 3406 3261 3476 degentem,ut
3292 3408 3640 3479 dignaretur
3666 3407 3851 3463 istius

2197 3497 2433 3567 eclipsis
2464 3494 2718 3549 calculos
2749 3510 2983 3564 ponere.
3018 3495 3177 3549 Fecit
3200 3494 3299 3549 ille
3323 3513 3426 3567 pro
3478 3513 3585 3551 sua
3610 3502 3667 3551 et
3722 3514 3858 3553 eru—

2198 3587 2419 3643 ditione
2450 3590 2506 3641 et
2526 3584 2887 3639 humanitate
2921 3585 3337 3655 praestantibus
3368 3585 3855 3657 diligentissime,

2199 3682 2373 3749 prout
2402 3692 2470 3730 ex
2498 3675 2626 3745 ejus
2657 3673 2729 3727 ad
2764 3689 2855 3727 me
2888 3672 3092 3739 missa,
3140 3690 3317 3744 quam
3376 3672 3471 3729 hic
3530 3674 3860 3743 ascribam,

2200 3764 2608 3823 exercitatione
2638 3761 3032 3817 astronomica
3063 3762 3303 3832 patebit.

2275 3856 2339 3911 ll.
2370 3852 2572 3910 Jacobi
2606 3851 2913 3907 Grantami
2946 3868 2977 3906 e
3008 3851 3286 3907 societate
3307 3852 3449 3907 Jesu
3470 3852 3868 3926 epilogismus

2199 3943 2483 4002 novilunii
2517 3941 2769 4013 ecliptici
2807 3958 2959 3995 anno
2989 3940 3202 3995 Christi
3238 3942 3395 4009 1267,
3428 3944 3497 3995 25
3526 3943 3867 4014 Maii,juxta

2198 4032 2433 4089 tabulas
2478 4029 2867 4085 subsidiarias
2920 4027 3284 4094 Rudoltinas,
3335 4031 3407 4085 ad
3459 4031 3862 4088 meridianum

2199 4119 2813 4189 Constinopolitanum
2865 4125 3183 4174 revocatas.
3219 4127 3423 4176 Annus
3469 4121 3521 4176 is
3568 4130 3656 4177 est
3711 4140 3864 4178 com-

2202 4212 2421 4281 munis,
2457 4226 2569 4264 non
2605 4206 2950 4262 bissextilis.

2486 4377 2637 4432 736
2671 4375 2756 4447 [P.
2787 4376 2916 4446 520]
2934 4375 3284 4433 Novilinium
3306 4378 3572 4435 medium.

2452 4571 2579 4622 Maii
3261 4513 3325 4623 204
3420 4512 3480 4624 iii
3605 4576 3672 4625 50
3803 4578 3859 4627 13

2204 4710 2416 4761 tempus
2447 4712 2603 4761 apog.
2635 4695 2732 4746 sol.
2764 4696 2888 4746 Jun.
3612 4701 3677 4750 32
3831 4701 3864 4751 7

2206 4762 2545 4811 intervallum
2574 4775 2606 4810 a
2635 4759 2893 4808 novilum.
3268 4763 3322 4811 21
3453 4761 3485 4811 Ο
3611 4764 3672 4811 41
3804 4765 3864 4811 54

2206 4762 2545 4813 intervallum
2574 4775 2606 4810 ο,
2635 4761 2893 4808 novilum.
3268 4763 3322 4811 21
3453 4761 3485 4811 Ο
3611 4764 3672 4813 41
3804 4765 3865 4815 54

2206 4830 2382 4876 motus
2413 4823 2699 4873 intervallo
2728 4821 3067 4884 respondens
3094 4822 3199 4872 101-
3266 4823 3319 4873 S.
3418 4824 3484 4874 G.

2269 4887 2462 4937 lendus
2580 4946 2590 4956 _
3302 4890 3329 4935 0
3427 4887 3488 4937 20
3618 4892 3678 4939 15
3806 4890 3865 4937 38

2206 4952 2359 5001 locus
2387 4960 2593 5012 apogaai
2623 4946 2752 5012 solis
3302 4948 3333 4996 3
3458 4948 3490 4999 0
3647 4953 3676 5001 1
3805 4950 3866 5001 36

2209 5009 2598 5078 primus:_locus
2611 5009 2754 5078 solis
2804 5072 2813 5078 _
2925 5070 2935 5078 _
3132 5070 3145 5078 _
3300 5012 3330 5059 2
3456 5012 3488 5061 9
3614 5015 3677 5063 45
3806 5012 3866 5063 58

2211 5070 2383 5141 prima
2405 5072 2661 5141 distantia
2690 5070 3033 5120 luminarium
3068 5070 3181 5122 sole

2271 5138 2487 5200 longius
2516 5147 2801 5200 progresso
3268 5134 3334 5200 ‘0
3457 5136 3489 5185 5
3616 5140 3677 5187 27
3808 5136 3867 5186 13

2211 5197 2426 5273 tempus
2458 5198 2677 5273 apogtei
2697 5197 2887 5273 lu_nze_
3252 5198 3331 5273 nl};
3428 5200 3493 5273 ΗΔ

2274 5259 2582 5326 proximum
2617 5259 2900 5307 novilunio
3248 5264 3333 5309 165
3461 5261 3492 5310 7
3622 5265 3675 5312 51
3812 5264 3867 5310 27

2215 5323 2557 5373 intervallum
3300 5326 3328 5371 7
3458 5323 3490 5372 6
3618 5327 3674 5373 21
3809 5325 3867 5372 22

2212 5332 2557 5375 intervallum
3300 5332 3328 5371 7
3458 5332 3478 5372 ε

2212 5395 2391 5438 motus
2421 5383 2708 5433 intervallo
2746 5383 3079 5446 respondens
3265 5384 3316 5433 S.
3416 5385 3478 5434 G.

2214 5449 2497 5500 addendus
3302 5447 3333 5496 3
3460 5453 3486 5499 0
3615 5451 3675 5497 43
3808 5446 3865 5497 112

2213 5515 2364 5563 locus
2394 5510 2598 5572 apogaei
2634 5509 2774 5557 luna:
3287 5514 3338 5559 11
3471 5514 3497 5559 3
3625 5511 3683 5559 34
3810 5509 3868 5559 33

2214 5577 2420 5639 primus
2451 5574 2597 5621 locus
2612 5572 2769 5639 _|uu_aa
2895 5634 2903 5639 _
3314 5575 3342 5621 2
3440 5577 3494 5639 ’ᾖ
3626 5572 3684 5620 18
3810 5574 3865 5621 15

2214 5634 2429 5699 tempus
2459 5634 3032 5698 prosthaphasreticum
3439 5636 3502 5699 Η.

2218 5694 2529 5752 addendum
2683 5694 2698 5697 ’
3466 5698 3491 5749 1
3620 5698 3675 5747 -11
3813 5694 3868 5747 10
