4120 6392
436 538 575 600 1195

955 728 1027 775 Tal
1042 737 1153 788 egra
1179 721 1369 769 duratio
1428 766 1473 788 ﬁ,
1797 708 1856 763 1.1

476 852 489 898 ἕ
516 850 673 897 :itium
1431 839 1493 888 25
1646 838 1675 885 εἰ)
1797 836 1861 886 δὲ
1984 828 2044 898 23

474 926 483 953 ἶ
511 908 688 956 ,ιῖιιξυω
715 907 914 968 eclipsis
946 902 1050 951 tiaii
1431 900 1495 968 ξς
1801 898 1859 968 -1

476 971 584 1017 ξἠίδ
818 958 830 968 ’
1430 961 1492 1008 23
1623 960 1676 1007 l0
1800 958 1862 1007 32
1985 959 2047 1003 10

474 1026 887 1095 tomimtinopoii
917 1032 1023 1087 post
1052 1024 1261 1073 mediam
1281 1030 1493 1072 noctem.

574 1214 696 1287 β’
940 1234 941 1237 ‘

624 1132 836 1178 emersio
864 1134 896 1175 A
910 1129 947 1177 υ
1119 1122 1402 1190 Septen'trio
1586 1124 1855 1175 incidentia
1875 1123 1952 1172 At}

1233 1465 1787 1556 Wa

1123 1802 1354 1855 Meridies

1061 1924 1100 1974 1'
1106 1936 1228 1986 ypus
1247 1921 1476 1985 ectlpsgos

784 2015 832 2062 in
858 2012 1107 2081 triangulo
1135 2012 1255 2064 ΑΒΕ
1276 2010 1570 2080 rectangulo
1594 2010 1645 2081 i_n_
1669 2014 1724 2063 Α.

479 2054 1724 2137 Εκςυωτηι’έὲπὶὶίᾇίὲῖέῐτότῐῶ’·””“’⁰”’ξι*
1775 2071 1838 2137 _t_t
1965 2068 2037 2137 pg
2090 2054 2136 2118 B

479 2137 603 2183 mite
621 2148 783 2184 arcum
811 2131 939 2183 inter
959 2140 1124 2203 centra
1282 2194 1293 2205 ι
1616 2134 1648 2179 2
1760 2131 1834 2179 22
1953 2131 2039 2241 Ag

479 2197 631 2241 Lahm
650 2197 909 2241 scnunulos
935 2199 1111 2241 media
1134 2195 1421 2241 durationis-
1593 2195 1661 2241 ω-
1780 2193 1842 2241 55
1964 2194 2005 2241 Δ

478 2197 631 2246 ωας
650 2197 909 2271 occupatos
935 2195 1111 2245 media
1134 2194 1421 2246 durationis-
1593 2195 1661 2243 ω·
1780 2193 1842 2243 55
1964 2194 2005 2248 Δ

490 2389 589 2445 ΙΙΙ.
622 2389 703 2445 Ex
731 2388 843 2445 hoc
874 2388 1222 2462 epilogismo
1255 2388 1750 2460 clarissimumlfit
1772 2388 1847 2459 iin
1870 2386 2073 2459 eclipsi

421 2478 710 2551 descripta
742 2479 983 2551 reperiri
1014 2478 1380 2535 characteres
1408 2495 1440 2534 a
1463 2478 1786 2550 Nicephoro
1820 2476 2075 2547 Gregora

418 2567 776 2639 designatos,
809 2583 1030 2623 annum
1074 2584 1107 2623 a
1156 2568 1376 2623 mundo
1431 2567 1664 2623 condito
1694 2567 1855 2634 6775,
1892 2566 1947 2620 id
1982 2570 2073 2620 est

407 2655 625 2712 Christi
661 2658 820 2727 1267,
857 2655 987 2712 Maii
1033 2656 1187 2712 diem
1214 2657 1306 2725 25,
1341 2656 1547 2711 horam
1579 2661 1713 2711 ante
1761 2654 2070 2710 meridiem

407 2746 463 2810 3,
498 2749 554 2800 et
594 2745 810 2817 digitos
860 2761 1040 2816 prope
1095 2746 1182 2814 12,
1216 2746 1370 2801 unde
1422 2748 1584 2801 tanta
1632 2745 1963 2800 obscuritas
2011 2743 2069 2799 in

412 2835 555 2889 741
596 2837 754 2889 terra
800 2838 865 2889 ut
914 2833 1095 2889 stella
1128 2834 1187 2889 in
1222 2833 1363 2890 calo
1411 2839 1780 2906 apparerent.
1813 2836 1885 2889 At
1924 2833 2070 2888 deﬁ-

405 2921 485 2977 cit
518 2939 636 2978 una
670 2921 946 2987 illustris,
982 2928 1120 2979 nota
1160 2922 1271 2978 loci
1314 2922 1457 2978 solis
1490 2924 1547 2978 in
1580 2920 1869 2979 Zodiaco:
1904 2922 2070 2994 ponit

405 3011 562 3067 enim
606 3010 973 3083 Nicephorus
1026 3013 1275 3085 gradum
1325 3013 1358 3067 4
1407 3013 1813 3083 Geminorum,
1869 3016 2069 3067 noster

407 3104 603 3156 autem
636 3099 899 3156 calculus
934 3102 1020 3156 10.
1046 3102 1157 3157 Sed
1182 3102 1242 3156 in
1265 3118 1331 3157 eo
1354 3102 1719 3173 Nicephorus
1753 3100 2065 3156 manifeste

408 3187 830 3260 hallucinatur,
899 3194 1137 3246 secutus
1205 3207 1320 3246 non
1386 3190 1813 3247 astronomicos
1878 3189 2059 3260 leges,

1478 546 1538 599 P.
1581 542 1853 601 POSSINI
1890 545 2507 604 OBSERVATIONUM
2545 551 2679 606 LIB.
2724 554 2821 606 III.

2108 678 2165 745 Α
2195 670 2267 726 Et
2300 686 2433 727 vero
2484 677 2708 743 quanta
2755 688 2823 730 ea
2871 673 3071 741 fuerit,
3111 673 3182 731 ad
3230 674 3408 730 fidem
3459 673 3717 731 historia
3750 680 3857 732 aut

3725 551 3864 608 1196

2192 760 2477 831 temporis
2508 761 2794 819 rationem
2838 762 2989 820 nihil
3030 764 3229 833 refert,
3277 764 3543 836 probatis
3574 763 3706 821 aliis
3735 782 3862 822 cer-

2190 848 2441 904 tissimis
2474 851 2648 906 notis.
2678 851 2894 908 Verum
2924 870 2996 909 ne
3028 869 3096 909 ea
3118 854 3189 909 ad
3223 853 3522 925 integrum
3550 858 3858 911 exactum-

2190 952 2304 1008 que
2361 938 2778 1012 epilogismum
2838 942 3224 1009 desideretur,
3277 959 3491 1015 magna
3550 943 3862 1016 diligentia

2191 1043 2317 1083 eam
2353 1030 2720 1101 consignavi.
2756 1036 2829 1087 Et
2870 1047 2942 1088 ne
2974 1033 3108 1103 quis
3138 1032 3484 1088 brevitatem
3533 1049 3649 1089 non
3701 1033 3860 1090 inte-

2190 1133 2305 1188 gra
2346 1117 2500 1173 hora
2551 1119 2610 1173 in
2659 1120 2864 1193 eclipsi
2911 1138 3092 1193 prope
3141 1121 3310 1178 totali
3359 1122 3605 1177 nimiam
3658 1138 3862 1195 repre-

2194 1206 2429 1275 hendat,
2481 1208 2922 1266 velocissimum
2972 1211 3125 1266 luna
3189 1215 3417 1267 motum
3476 1217 3859 1283 apparentem

2192 1295 2347 1351 circa
2376 1297 2410 1351 3
2440 1297 2800 1368 parallaxem
2830 1299 3244 1372 longitudinis,
3278 1304 3400 1355 tam
3442 1299 3502 1356 in
3532 1300 3859 1357 incidentia

2192 1388 2507 1443 crescendo
2556 1388 2723 1444 valde
2766 1389 2827 1445 in
2861 1392 3188 1462 quadrante
3218 1389 3501 1447 Orientali
3551 1389 3859 1462 ecliptica,

2190 1490 2369 1545 quam
2410 1477 2469 1531 in
2501 1479 2833 1536 emersione
2882 1480 3139 1535 multum
3191 1480 3584 1536 decrescendo
3616 1480 3676 1536 in
3709 1497 3858 1553 qua-

2191 1564 2398 1620 drante
2454 1567 2831 1636 Occidentali,
2866 1572 3091 1642 [quaso
3152 1573 3215 1623 ut
3273 1585 3505 1624 mecum
3566 1570 3856 1625 attendat.

2187 1659 2273 1720 [Ρ.
2306 1655 2434 1724 525]
2464 1661 2521 1711 et
2574 1658 2804 1713 desinet
2853 1658 3079 1715 mirari.
3113 1657 3245 1713 Hac
3294 1657 3353 1712 in
3399 1656 3649 1729 gratiam
3686 1657 3754 1715 R.
3788 1661 3855 1712 Ρ.

2188 1744 2449 1814 Possini;
2485 1746 2584 1816 qui
2617 1745 2725 1801 viri
2760 1748 2934 1804 amici
2977 1748 3236 1803 laborem
3269 1752 3528 1819 gratum,
3563 1748 3613 1803 si
3644 1747 3857 1819 placet,

2186 1832 2447 1904 habebit,
2481 1840 2539 1891 et
2569 1852 2703 1891 eum
2731 1837 2847 1893 Deo
2874 1838 2933 1892 in
2962 1837 3089 1893 suis
3119 1837 3489 1893 orationibus
3516 1840 3575 1893 et
3603 1836 3856 1893 sanctis-

2185 1924 2358 1981 simis
2389 1927 2698 1983 sacriﬁciis
2730 1929 3213 1985 commendatum
3244 1927 3505 1983 habebit.

2258 2014 2347 2070 IV.
2383 2015 2680 2071 Hactenus
2731 2017 2798 2071 Β.
2832 2021 2895 2071 Ρ.
2928 2016 3188 2073 Jacobus
3232 2015 3559 2071 Grantami.
3590 2015 3694 2071 Cui
3746 2014 3856 2069 ad-

2184 2102 2436 2175 jungam
2462 2106 2612 2176 quod
2638 2107 2947 2161 consultus
2969 2122 3004 2160 a
3023 2121 3117 2161 me
3140 2105 3209 2160 de
3232 2104 3436 2175 eclipsi
3460 2104 3661 2159 eadem
3688 2103 3753 2157 Β.
3778 2106 3854 2158 Ρ.

2188 2193 2445 2250 Joannes
2494 2195 2760 2265 Baptista
2807 2193 3124 2260 Ricciolus,
3155 2192 3357 2247 statim
3408 2191 3850 2246 humanissime

2187 2284 2491 2356 respondit
2521 2283 2683 2338 hisce
2715 2283 2886 2354 plane
2914 2281 3133 2338 verbis.

2256 2378 2383 2429 Afra
2449 2372 3098 2442 Constantinopolitana
3174 2370 3461 2443 supponit
3522 2368 3857 2439 completos

2186 2463 2368 2518 fuisse
2418 2462 2623 2517 mundi
2673 2478 2861 2517 annos
2904 2461 3047 2515 5508
3098 2466 3234 2515 ante
3292 2459 3574 2514 usitatam
3635 2456 3859 2514 Christi

2182 2569 2380 2607 aram.
2414 2552 2601 2615 Quare
2634 2568 2827 2606 annus
2854 2551 2999 2603 6775
3029 2566 3154 2604 ara
3178 2545 3854 2618 Constantinopolitanae

2181 2650 2270 2697 est
2304 2658 2427 2696 ara
2460 2639 3000 2708 Cbristianaf§1267.

2255 2732 2404 2787 742
2434 2732 2600 2785 Anno
2632 2728 2849 2786 Christi
2884 2728 3022 2782 1267
3068 2726 3267 2800 cyclus
3298 2725 3455 2782 luna
3485 2742 3589 2782 seu
3622 2740 3843 2781 aureus

2178 2837 2462 2877 numerus
2494 2820 2605 2874 fuit
2636 2820 2723 2885 14,
2764 2823 2969 2889 epacta
2994 2818 3047 2885 3,
3080 2816 3452 2872 novilunium
3487 2815 3657 2870 civile
3692 2814 3848 2870 inter

2173 2913 2244 2965 25
2288 2916 2344 2966 et
2388 2911 2459 2964 26
2506 2908 2664 2967 Maii.
2716 2907 2926 2979 Cyclus
2976 2905 3121 2962 solis
3174 2906 3287 2961 fuit
3340 2906 3430 2973 16,
3488 2904 3687 2960 littera
3744 2905 3850 2959 do-

2174 2999 2465 3056 minicalis
2494 2999 2557 3069 B,
2593 3002 2650 3053 et
2676 2997 2902 3069 dies,,25
2933 2996 3069 3052 Maii
3103 2996 3313 3051 incidit
3338 2994 3397 3049 in
3433 2994 3639 3050 feriam
3672 3010 3826 3067 quar

2174 3097 2316 3147 tam.

2241 3182 2407 3233 Anno
2446 3178 2649 3232 eodem
2686 3177 2844 3243 1267,
2879 3176 2973 3230 die
3020 3175 3091 3229 25
3134 3174 3295 3241 Maii,
3329 3172 3709 3229 novilunium
3745 3191 3835 3231 ve-

405 3280 506 3334 βοά
559 3278 903 3351 popularem
950 3280 1197 3351 putandi
1232 3280 1517 3335 rationem
1568 3285 1624 3335 et
1683 3293 2059 3333 communem
2169 3284 2301 3323 rum
2346 3264 2854 3335 Constantinopoli
2906 3264 3018 3319 fuit
3066 3263 3420 3334 sesquihora
3470 3267 3606 3319 ante
3653 3265 3850 3320 meri-

403 3384 660 3424 crrorem
716 3368 1095 3441 jungentium
1155 3369 1575 3441 aquinoctium
1632 3382 1902 3432 vernum,
1952 3381 2053 3419 seu

2179 3356 2333 3410 diem
2370 3369 2385 3423 ;
2419 3355 2518 3410 sed
2554 3354 2626 3409 ob
2660 3351 3005 3425 parallaxim
3041 3351 3436 3422 longitudinis
3475 3353 3587 3407 fuit
3619 3354 3770 3409 hora
3798 3354 3854 3419 3,

406 3458 666 3532 primum
714 3424 967 3530 ἑπαξυω
1017 3424 1253 3527 Arietis:
1288 3475 1424 3514 cum
1473 3458 1539 3513 21
1581 3456 1771 3512 Martii
1810 3473 1823 3511 ε
1859 3424 2065 3525 (ιύθω-
2098 3424 2140 3490 C
2184 3443 2431 3499 minutis
2461 3443 2516 3513 5,
2549 3446 2683 3498 ante
2712 3440 3019 3495 meridiem
3053 3439 3178 3496 sole
3205 3444 3264 3496 et
3296 3440 3441 3496 luna
3470 3442 3849 3498 versantibus

409 3549 732 3604 admodum
778 3549 900 3619 jam
935 3566 969 3603 a
998 3547 1247 3603 concilio
1296 3546 1528 3602 Nicano
1577 3546 1636 3600 in
1685 3562 1795 3599 usu
1835 3544 1892 3599 id
1927 3548 2073 3611 erat,

407 3654 525 3692 non
557 3637 887 3706 observato,
921 3636 1129 3691 saltem
1176 3653 1291 3692 non
1321 3640 1600 3704 correcto,
1632 3633 1774 3689 vitio
1808 3639 2075 3690 anteces-

413 3725 599 3779 sionis
658 3723 994 3793 aquinoctii
1044 3740 1249 3779 versus
1300 3724 1537 3779 initium
1585 3724 1851 3780 Januarii
1899 3722 2076 3778 unius

412 3812 526 3867 diei
562 3828 661 3881 per
691 3816 925 3866 centum
972 3813 1214 3885 triginta
1263 3812 1493 3869 circiter
1525 3830 1736 3869 annos.
1774 3814 1879 3880 Qui
1914 3830 2078 3868 error

418 3904 620 3971 postea
672 3906 971 3957 correctus
1023 3908 1113 3958 est
1162 3920 1315 3959 anno
1364 3904 1581 3959 Christi
1631 3904 1789 3971 1582,
1824 3902 2077 3958 sublatis

414 3990 479 4045 10
531 3990 763 4055 diebus,
804 3990 1022 4062 quibus
1070 3991 1310 4048 initium
1358 3992 1571 4048 Arietis
1619 3992 1810 4047 Martii
1866 3990 2078 4045 vicesi-

406 4095 570 4134 mum
623 4079 883 4151 primum
935 4085 1334 4153 pracesserat.
1370 4081 1441 4136 Et
1496 4097 1695 4136 revera
1744 4098 1778 4136 a
1828 4079 2075 4136 concilio

405 4169 641 4225 Nicano
674 4168 874 4224 habito
927 4186 1080 4225 anno
1130 4169 1348 4226 Christi
1375 4171 1483 4225 325
1515 4186 1702 4241 usque
1734 4170 1804 4224 ad
1839 4174 2078 4240 tempus

410 4258 593 4327 hujus
637 4256 877 4330 eclipsis
926 4275 1080 4314 anno
1130 4258 1349 4314 Christi
1402 4260 1538 4314 1267
1593 4259 1731 4314 anni
1780 4260 2078 4313 ﬂuxerunt

410 4348 540 4413 942,
577 4364 681 4419 pro
731 4348 953 4419 quibus
1000 4347 1367 4420 Nicephorus
1398 4366 1500 4404 sex
1539 4349 1761 4420 gradus
1811 4357 2074 4402 anteces-

412 4435 600 4492 sionis
632 4436 1017 4492 Geminorum
1060 4437 1390 4509 usurpavit,
1426 4455 1561 4493 cum
1606 4437 1815 4493 merito
1848 4441 2073 4508 septem

408 4526 673 4596 integros
724 4541 1033 4581 numerare
1082 4527 1394 4598 potuisset.
1443 4526 1658 4583 Sethus
1685 4525 1974 4581 Calvisius
2016 4526 2072 4580 in

403 4614 758 4686 Chronolog.
810 4632 966 4670 anno
997 4614 1214 4671 Christi
1248 4617 1384 4671 1267
1417 4616 1568 4672 hanc
1613 4614 2076 4688 eclipsim'nota-

397 4701 501 4769 vit,
537 4702 741 4758 eodem
792 4718 947 4757 anno
978 4706 1036 4757 et
1066 4702 1158 4757 die
1204 4720 1317 4774 quo
1368 4703 1765 4775 Nicephorus;
1817 4720 2075 4775 eumque

2183 3535 2240 3590 in
2272 3533 2459 3606 gradu
2505 3533 2571 3587 12
2620 3530 3027 3587 Geminorum.
3060 3530 3335 3586 Latitudo
3380 3529 3533 3586 luna
3588 3531 3847 3587 borealis

2184 3629 2240 3681 et
2288 3640 2426 3678 vera
2479 3621 2592 3677 fuit
2642 3620 3013 3675 minutorum
3047 3620 3135 3688 19,
3169 3621 3232 3688 8;
3285 3620 3386 3675 sed
3441 3636 3746 3691 apparens
3789 3621 3859 3677 ob

2184 3708 2531 3782 parallaxim
2564 3706 2901 3763 latitudinis
2932 3706 3046 3761 fuit
3074 3705 3353 3761 australis
3377 3711 3436 3762 et
3473 3707 3847 3764 minutorum

2182 3802 2235 3869 3,
2270 3802 2333 3869 8;
2365 3814 2603 3855 summa
2635 3801 2830 3852 autem
2876 3794 3457 3851 semidiametrorum
3492 3795 3637 3852 solis
3676 3802 3740 3853 et
3773 3796 3861 3851 lu-

2183 3909 2270 3946 na
2318 3890 2427 3944 fuit
2480 3887 2849 3942 minutorum
2893 3886 2985 3951 30,
3016 3885 3115 3949 ΙιΟς
3148 3888 3206 3939 et
3249 3884 3393 3939 solis
3444 3884 3743 3941 diameter
3771 3885 3859 3940 in-

2182 3986 2347 4051 tegra
2395 3978 2759 4033 minutorum
2794 3976 2885 4045 31,
2915 3975 3015 4042 38;
3068 3973 3318 4045 ideoque
3373 3974 3542 4045 digiti
3592 3974 3856 4046 ecliptici

2184 4072 2271 4135 11,
2304 4070 2392 4122 25.
2428 4068 2536 4122 Sed
2570 4082 2638 4121 eo
2672 4065 2828 4137 quod
2878 4063 3027 4119 radii
3075 4063 3217 4119 solis
3261 4061 3503 4134 oblique
3535 4062 3595 4118 in
3631 4068 3851 4120 terram

2182 4158 2510 4213 incidentes
2541 4153 2826 4209 aliorsum
2876 4151 3077 4224 procul
3112 4169 3145 4207 a
3174 4152 3390 4207 vertice
3432 4152 3849 4209 Constantino-

2162 4230 2334 4318 polis
2366 4245 2827 4310 reﬂecterentur,
2861 4258 2969 4297 nec
3015 4241 3271 4297 multum
3304 4257 3496 4297 aerem
3531 4259 3720 4315 supra
3751 4261 3849 4316 po-

2184 4338 2363 4392 situm
2395 4335 2783 4402 illustrarent,
2812 4334 2938 4387 visa
2971 4336 3060 4387 est
3090 4330 3328 4403 eclipsis
3362 4347 3509 4403 pene
3541 4332 3767 4401 totalis,
3797 4335 3852 4387 et

2184 4425 2361 4483 stella
2393 4422 2684 4479 horizonti
2725 4422 3029 4495 propiores
3062 4420 3311 4492 aliaque
3341 4421 3603 4493 conspici
3638 4426 3846 4494 potuev

2182 4521 2338 4662 miti:
2373 4621 2506 4661 mea
2535 4602 2905 4676 Geographie
2946 4602 3266 4659 reformata
3317 4616 3587 4674 suppono
3640 4600 3841 4657 altitu~

2183 4699 2380 4753 dinem
2414 4694 2530 4767 poli
2585 4691 3127 4764 Constantinopolis
3178 4707 3307 4747 esse
3347 4690 3513 4763 grad.
3550 4690 3641 4758 42,
3674 4691 3765 4756 56,
3798 4692 3852 4743 et

394 4791 551 4846 circa
602 4789 635 4845 4
683 4790 937 4862 gradum
996 4791 1376 4848 Geminorum
1428 4794 1567 4863 jure
1626 4794 1865 4863 corrigit
1908 4809 1920 4849 :
1964 4794 2063 4849 sed
2100 4791 2143 4855 D
2178 4786 2609 4859 longitudinem
2665 4801 2697 4839 a
2742 4782 2944 4837 Palma
2992 4781 3190 4838 insula
3240 4780 3703 4837 Fortunatarum
3754 4794 3841 4851 gr.

396 4878 715 4951 contigisse
751 4879 833 4935 ait
872 4881 1015 4936 hora
1048 4882 1137 4950 11,
1158 4882 1213 4936 9.
1236 4882 1327 4951 21,
1355 4888 1488 4953 post
1520 4883 1773 4938 mediam
1807 4888 2062 4952 noctem,

393 4968 626 5025 tardius
673 4968 861 5026 multo
909 4987 1090 5042 quam
1121 4970 1262 5026 velit
1292 4971 1656 5044 Nicephorus
1697 4972 1797 5044 qui
1845 4974 1879 5027 3
1929 4978 2066 5029 ante

395 5058 698 5116 meridiem
749 5061 981 5130 scribit;
1015 5079 1152 5118 cum
1185 5079 1299 5134 quo
1350 5063 1501 5120 belle
1551 5064 1816 5119 calculus
1868 5070 2067 5120 noster

394 5148 685 5205 convenit.
718 5149 1001 5207 Numerat
1041 5158 1236 5208 autem
1269 5152 1561 5209 Calvisius
1594 5154 1813 5226 digitos
1850 5154 2064 5210 obscu-

395 5237 643 5294 rationis
677 5239 767 5310 11,
796 5240 886 5308 52,
921 5241 1040 5296 fere
1070 5246 1135 5296 ut
1166 5259 1274 5298 nos
1306 5248 1363 5298 et
1408 5243 1771 5314 Nicephorus
1802 5243 2063 5316 proxime

395 5328 465 5385 ad
498 5327 777 5397 totalem;
812 5329 1020 5386 feriam
1054 5346 1291 5403 quoque
1322 5340 1599 5403 quartam
1633 5332 1740 5388 rite
1767 5334 2060 5405 designat,

392 5422 451 5474 et
500 5416 709 5490 probat
766 5417 967 5490 cyclus
1016 5419 1160 5475 solis
1216 5421 1304 5490 16,
1338 5420 1534 5477 littera
1581 5421 1646 5476 Β.
1679 5421 1969 5492 Keplorus
2001 5423 2059 5477 in

392 5506 614 5563 tabulis
666 5506 999 5563 Rudolﬁnis
1031 5526 1087 5580 p.
1119 5509 1190 5563 98
1237 5510 1503 5579 ejusdem
1556 5510 1845 5582 eclipseos
1897 5527 2058 5566 men-

392 5596 617 5653 tionem
650 5596 808 5664 facit,
841 5601 899 5651 et
929 5598 1190 5652 ostendit
1239 5605 1396 5654 recte
1427 5616 1458 5654 a
1490 5599 1739 5655 Calvisio
1767 5600 2055 5671 Nicepho-

394 5702 525 5741 rum
585 5686 955 5757 reprehendi,
1017 5692 1074 5741 et
1122 5703 1257 5742 cum
1309 5704 1375 5743 eo
1435 5690 1600 5759 ponit
1649 5690 1814 5760 grad.
1870 5689 2057 5759 10,59

389 5774 795 5840 Geminorum,
857 5775 1034 5847 paulo
1088 5775 1388 5831 liberalior
1436 5776 1496 5831 in
1551 5778 1821 5834 minutis.
1880 5780 2057 5833 Porro

384 5862 456 5917 de
488 5862 797 5918 duratione
838 5864 1021 5935 hujus
1050 5865 1289 5936 eclipsis
1322 5881 1514 5935 neque
1554 5866 1923 5938 Nicephorus
1956 5882 2057 5923 ne-

387 5966 502 6023 que
546 5948 834 6009 Calvisius
882 5957 985 6010 aut
1025 5953 1311 6026 Keplerus
1355 5953 1685 6025 quidquam
1735 5956 2055 6014 afﬁrmant.

2174 4879 2265 4945 5i,
2297 4878 2385 4931 36.

2247 4967 2394 5032 Quid
2425 4964 2539 5021 sibi
2570 4963 2708 5019 velit
2736 4963 3049 5035 Gregoras,
3082 4965 3183 5018 aut
3213 4960 3431 5033 quibus
3463 4976 3535 5015 ex
3563 4959 3843 5032 epheme-

2176 5057 2407 5112 ridibus
2434 5054 2701 5110 hauserit
2734 5052 2915 5109 solem
2950 5053 3132 5108 fuisse
3157 5056 3297 5106 tunc
3327 5051 3385 5105 in
3413 5054 3624 5123 quarto
3657 5048 3838 5121 gradu

2176 5164 2276 5201 seu
2311 5149 2476 5217 parte
2507 5144 2917 5211 Geminorum,
2952 5141 3187 5213 penitus
3227 5141 3451 5212 ignoro.
3493 5140 3650 5194 Licet
3684 5138 3839 5194 enim

2174 5234 2385 5292 tabula
2439 5232 2846 5289 astronomica
2898 5230 3227 5302 insignium
3280 5228 3837 5285 mathematicorum

2172 5325 2377 5398 paucis
2408 5322 2634 5395 aliquot
2682 5320 2935 5377 minutis
2982 5319 3273 5375 dissidere
3306 5317 3539 5390 possint
3587 5334 3623 5372 a
3671 5314 3836 5377 meis,

2172 5414 2379 5471 multis
2408 5420 2606 5469 tamen
2638 5411 2921 5484 gradibus
2949 5407 3332 5465 nulla.Certe
3358 5407 3517 5464 enirn
3550 5422 3707 5462 anno
3739 5404 3835 5458 illo

2173 5508 2309 5562 1267
2342 5504 2428 5561 sol
2462 5502 2907 5576 ingrediebatur
2953 5502 3012 5556 in
3063 5500 3235 5572 signa
3283 5498 3519 5555 Zodiaci
3568 5492 3835 5551 diebusO

2170 5602 2271 5652 aut
2306 5596 2371 5651 10
2402 5594 2577 5650 cilius
2618 5609 2795 5665 quam
2852 5607 3009 5647 nunc
3059 5594 3192 5662 post
3240 5587 3665 5643 correctionem
3696 5587 3830 5637 Gre-

2170 5686 2473 5758 gorianam
2508 5681 2861 5739 Kalendarii.
2895 5680 3059 5736 Nunc
3115 5683 3312 5735 autem
3364 5674 3694 5745 ingreditur
3724 5672 3827 5726 Ge-

2171 5775 2361 5830 minos
2404 5773 2499 5828 die
2528 5774 2597 5827 22
2625 5780 2720 5827 aut
2749 5772 2820 5825 23
2849 5768 3005 5825 Maii.
3043 5768 3161 5839 Ego
3211 5772 3352 5823 tunc
3402 5766 3497 5821 die
3530 5764 3595 5818 13
3626 5766 3730 5817 aut
3761 5759 3824 5813 14

2170 5864 2419 5921 circiter.
2452 5866 2641 5934 Atque
2674 5862 2818 5916 adeo
2850 5860 2941 5917 die
2970 5860 3042 5915 25
3073 5858 3206 5914 Maii
3238 5861 3362 5913 erat
3390 5856 3509 5928 jam
3544 5852 3602 5907 in
3638 5851 3697 5905 11
3734 5846 3820 5903 vel

2170 5955 2238 6012 12
2266 5953 2454 6028 gradu
2485 5951 2892 6010 Geminorum.
