4120 6386
284 554 426 611 1197
1683 557 1968 613 CHRONO

2076 556 2302 610 GICUS.
3561 553 3699 614 1198

354 680 485 735 Haec
507 679 625 753 ille,
645 680 1071 753 Habes,lcctor,
1086 680 1623 737 eruditissimorum
1646 681 1941 737 hominum
1971 683 2026 748 Α
2056 683 2310 752 quatuor
2338 682 2394 735 et
2423 680 2635 753 viginti
2669 682 2819 754 patri
2874 681 3145 739 morienti
3202 676 3581 741 successiée.
3641 682 3705 740 Si

281 771 339 825 et
396 771 804 841 praestantium
864 777 1310 829 astonomorum
1361 772 1515 827 circa
1571 770 1841 842 eclipsim
1905 788 1935 825 a
2045 771 2199 825 enim
2233 770 2282 824 is
2316 779 2475 842 patre
2495 773 2621 842 jam
2653 772 2999 844 imperante,
3032 777 3089 827 et
3114 774 3352 844 quidem
3404 774 3702 831 secundus

282 858 611 931 Nicephoro
638 860 894 933 Gregora
927 866 1309 917 memoratam
1365 860 1588 931 judicia
1618 865 1675 915 et
1706 860 1939 915 ratioci-
2047 865 2177 931 post
2209 859 2535 915 Manuelem
2561 862 2619 916 in
2674 862 2920 917 infantia
2977 866 3301 933 mortuum,
3364 867 3536 920 natus
3590 870 3701 935 est,

283 948 403 1014 nia,
437 965 565 1020 quas
597 953 821 1005 tantam
851 953 979 1022 ejus
1020 951 1289 1006 notitiam
1314 951 1699 1022 suppeditant
1722 954 1941 1020 quanta
2049 966 2182 1004 cum
2216 949 2484 1015 Michael,
2518 956 2583 1006 ut
2613 956 2702 1007 est
2741 953 3233 1022 demonstratum,
3265 952 3560 1023 imperare
3591 972 3702 1010 cce-

284 1039 475 1108 optari
510 1038 630 1094 fere
670 1044 884 1111 potest,
918 1044 1073 1095 certe
1132 1058 1259 1111 quae
1294 1040 1528 1095 abunde
1582 1040 1813 1094 sufﬁcis
1870 1040 1941 1093 ad
2050 1040 2197 1109 perit
2228 1039 2346 1093 Kal.
2398 1041 2640 1096 Januar.
2702 1043 2836 1097 anni
2897 1040 3110 1096 Christi
3166 1043 3325 1106 1260,
3387 1043 3586 1099 venire
3644 1046 3703 1099 in

287 1145 460 1185 usum
496 1133 763 1183 nostrum
796 1130 1155 1202 insigniendi
1180 1131 1316 1184 anni
1342 1146 1457 1201 quo
1477 1130 1767 1185 Germano
1786 1128 1943 1184 abdi-
2047 1128 2236 1183 lucem
2276 1146 2388 1183 non
2421 1131 2776 1202 potuitgante
2801 1148 3020 1186 annum
3047 1130 3260 1186 Christi
3282 1132 3443 1199 1261,
3474 1133 3708 1206 imperii

286 1224 458 1274 caute
490 1218 788 1291 Josephus
820 1220 1156 1291 patriarcha
1197 1220 1311 1292 est:l
1332 1224 1589 1285 creatus,
1624 1224 1744 1274 tam
1776 1219 1944 1273 lucu-
2052 1218 2356 1289 Palmologi
2401 1222 2728 1275 secundum
2767 1240 2780 1287 ;
2842 1226 2899 1275 et
2956 1226 3402 1293 consequenter,
3474 1224 3707 1293 quando

284 1307 442 1363 lento
502 1308 859 1377 charactere,
897 1313 961 1363 ut
1012 1309 1069 1363 in
1106 1325 1172 1364 eo
1220 1326 1253 1364 a
1307 1308 1534 1365 caeteris
1593 1308 1946 1363 dicernendo

285 1397 403 1453 labi
432 1396 708 1470 deinceps
741 1404 842 1454 aut
880 1399 971 1454 vel
1003 1398 1264 1455 titubare
1302 1400 1617 1471 quisquam
1675 1403 1943 1469 nequeat.

904 1541 1141 1598 CAPUT
1175 1541 1321 1596 VIII.

288 1629 618 1705 Andronici,
659 1633 757 1705 qui
810 1630 1081 1688 Michaeli
1129 1633 1375 1705 Augusto
1409 1634 1834 1703 primogenitus,
1889 1632 1947 1705 in

358 1702 594 1772 imperio
623 1702 826 1774 collega
856 1708 907 1759 et
933 1708 1056 1775 post
1081 1702 1437 1772 eius'obiturn
1486 1720 1768 1760 successor
1812 1704 1948 1775 fuit,

360 1780 500 1832 astas
564 1776 812 1847 conjugii
869 1785 922 1831 et
970 1776 1264 1831 evectionis
1296 1778 1354 1830 in
1380 1777 1671 1847 imperium
1713 1786 1949 1847 tempus,

359 1856 795 1919 cameraruqu
824 1849 943 1918 ejus
972 1857 1215 1903 actorum
1248 1848 1622 1919 chronologza.

2053 1308 2207 1361 idem
2247 1309 2618 1379 Palaaologus
2653 1308 2902 1364 Michael
2928 1326 3105 1375 anno,
3138 1314 3203 1364 ut
3258 1326 3386 1382 cap.
3440 1312 3711 1384 sequenti

2053 1396 2578 1467 demonstrabitur,
2611 1397 2827 1453 Christi
2858 1396 2999 1452 4284
3031 1404 3297 1453 mortuus
3336 1402 3445 1467 est,
3489 1401 3710 1456 Andro-

2054 1487 2225 1542 nicus
2256 1504 2372 1543 non
2404 1489 2521 1543 nisi
2551 1504 2844 1544 annorum
2869 1488 3045 1543 unius
3072 1491 3129 1543 et
3158 1487 3365 1560 viginti
3420 1506 3551 1546 esse
3610 1507 3712 1562 po—

2055 1576 2281 1633 tuisset.
2315 1582 2543 1648 Pugnat
2575 1578 2630 1633 id
2679 1578 2857 1633 etiam
2919 1592 3049 1635 cum
3113 1593 3179 1633 eo
3236 1579 3387 1649 quod
3426 1582 3714 1651 Gregoras

2056 1667 2261 1722 scribit
2319 1666 2359 1721 l.
2422 1666 2515 1735 IV,
2575 1685 2634 1739 p.
2693 1668 2783 1735 40,
2837 1666 3204 1737 Michaelem,
3255 1682 3390 1723 cum
3466 1668 3717 1725 solemni

2056 1774 2272 1829 pompa
2303 1755 2873 1828 Constantinopolim
2902 1774 2935 1811 a
2965 1757 3092 1812 suis
3159 1762 3567 1829 recuperatam
3626 1758 3717 1815 in-

2057 1862 2297 1917 gressus
2327 1850 2434 1912 est,
2466 1847 2866 1901 Andronicum
2887 1846 3217 1916 ﬁliumjam
3257 1852 3383 1902 tum
3429 1848 3721 1905 bimulum

2058 1935 2333 1989 duxisse:
2367 1932 2670 2009 Ἰἐναιπρὸς
2692 1935 2792 2003 τὴν
2843 1931 3099 2009 βασιλίδα
3172 1938 3282 1988 τῶν
3334 1933 3552 1990 πόλεων
3611 1937 3725 2009 ἅμα

2058 2026 2127 2096 τῇ
2161 2022 2377 2097 σοζῦγῳ
2428 2020 2685 2089 δεσποῖνη
2735 2024 2824 2077 καὶ
2870 2028 2947 2095 τῷ
2987 2025 3090 2096 υἱῷ
3137 2022 3468 2100 Ἀνδρονίχώ
3510 2029 3592 2098 τῷ
3618 2025 3727 2100 νὲῳ

2066 2111 2283 2187 βασι).Ξῖ
2327 2110 2574 2187 δεύτερον
2632 2108 2752 2174 ἔτος
2810 2111 2991 2188 ἄγοντι
3050 2120 3151 2182 τῆς
3206 2114 3450 2184 ἠΛικίας.
3508 2116 3726 2173 Certis-

362 1976 404 2029 Ι.
440 1973 708 2029 Michaeli
748 1973 1075 2046 Palisologo
1135 1975 1237 2046 qui
1270 1974 1562 2030 successit
1593 1974 1651 2029 in
1704 1973 1953 2046 imperio

293 2064 683 2133 Andronicus,
708 2065 905 2121 senior
931 2066 1005 2120 ab
1035 2065 1333 2122 historicis
1364 2065 1795 2138 posterioribus
1827 2065 1948 2120 dic-
1982 2049 2030 2113 Β

293 2158 393 2209 tus
422 2170 491 2209 ex
516 2154 955 2225 comparatione
985 2172 1117 2211 cum
1156 2155 1345 2226 ipsius
1384 2160 1591 2226 nepote
1622 2153 1957 2209 Andronico

286 2244 547 2315 juniore,
570 2244 660 2299 avi
692 2244 753 2299 in
783 2245 1035 2316 imperio
1066 2244 1310 2317 collega,
1346 2244 1588 2316 quicum
1636 2244 1790 2298 748
1827 2260 1958 2315 gra-

295 2350 395 2390 ves
452 2336 509 2389 et
536 2332 621 2389 rei
676 2334 953 2390 Romanae
1031 2334 1565 2405 perniciosissimas
1614 2332 1960 2388 inimicitias

296 2424 577 2485 exercuit,
605 2423 665 2478 in
697 2423 1014 2478 Cantazeni
1040 2423 1365 2495 praesertim
1393 2422 1640 2478 historia
1672 2430 1959 2491 narratas,

299 2512 384 2585 [P.
416 2514 540 2580 526]
582 2512 967 2579 Andronicus,
1002 2513 1269 2583 inquam,
1304 2512 1499 2567 senior
1530 2510 1835 2567 Michaelis
1869 2512 1962 2566 Pa-

294 2600 520 2675 laaologi
546 2602 760 2673 prioris
786 2602 1238 2673 primogenitus,
1258 2601 1488 2672 imperii
1510 2602 1733 2671 collega
1755 2607 1810 2655 et
1833 2604 1963 2671 post

302 2690 485 2761 patris
537 2695 781 2747 mortem
824 2707 1156 2755 successor,
1189 2691 1426 2761 quando
1480 2696 1653 2744 natus
1713 2690 1810 2756 sit,
1846 2706 1962 2759 qua

297 2784 464 2835 astate
496 2796 735 2835 uxorem
786 2780 1019 2835 duxerit
1078 2797 1194 2850 quo
1257 2796 1409 2835 anno
1444 2779 1738 2851 particeps
1773 2780 1961 2832 factus

296 2870 473 2925 fuerit
506 2872 780 2940 Auguste.
824 2869 1157 2939 potestatis,
1192 2870 1485 2927 incertum
1533 2868 1757 2923 faciunt
1788 2868 1960 2922 variae

291 2975 359 3015 ac
402 2960 552 3013 male
603 2960 759 3013 inter
805 2975 933 3013 sese
983 2958 1344 3014 cohaerentes
1393 2975 1525 3014 cum
1587 2958 1960 3029 Pachymeris

292 3054 420 3103 tum
440 3049 708 3121 Gregoraa
740 3053 797 3103 et
812 3048 1063 3104 aliorum
1098 3048 1199 3120 qui
1234 3049 1304 3103 de
1335 3047 1473 3104 illus
1502 3050 1676 3104 rebus
1709 3048 1960 3119 scripse-

287 3143 429 3193 runt
476 3138 918 3193 affirmationes.
975 3141 1165 3202 Quare
1196 3154 1380 3207 operas
1433 3138 1684 3209 pretium
1741 3154 1833 3191 me
1885 3138 1963 3191 fa-

304 3234 543 3283 cturum
576 3228 775 3285 statui.
800 3229 849 3283 si
882 3230 1213 3283 evolvenda:
1244 3244 1313 3283 ex
1330 3229 1680 3300 ambagibus
1698 3232 1755 3283 et
1784 3231 1961 3297 certo,

292 3318 484 3390 quoad
518 3316 735 3383 licebit,
780 3316 1114 3389 digerendae
1148 3319 1352 3373 ordine
1396 3335 1593 3373 rerum
1635 3317 1824 3388 ipsius
1858 3318 1964 3373 hac

298 3407 549 3463 historia
580 3414 1042 3463 memoratarum
1078 3407 1469 3479 chronologiaa
1519 3407 1730 3479 capitis
1780 3407 1959 3479 hujus
1988 3404 2031 3470 C

301 3513 542 3569 operam
575 3496 1001 3569 impenderem.
1034 3497 1230 3552 Prima
1252 3499 1516 3552 omnium
1541 3498 1855 3551 statuenda
1874 3506 1961 3553 est

298 3587 520 3657 epocha
550 3585 763 3641 natalis
778 3586 1093 3641 Andronici
1120 3585 1321 3655 hujus,
1340 3585 1628 3656 perplexis
1652 3586 1960 3657 Pachyme-

300 3674 384 3730 ris
405 3680 461 3730 et
483 3675 769 3746 Crasgorae
788 3673 1225 3729 assertionibus
1250 3678 1487 3727 nutans.
1503 3672 1718 3727 Scribit
1739 3672 1959 3745 Pachy-

301 3780 516 3833 meres,
548 3763 587 3819 1.
629 3779 718 3829 ιιι,
745 3780 795 3818 c.
827 3762 884 3828 7,
907 3762 1273 3818 Theodoram
1323 3761 1627 3818 Michaelis
1659 3762 1962 3832 Palaeologi

306 3870 572 3922 uxorem,
608 3870 741 3908 cum
776 3853 1161 3922 comperisset
1188 3852 1375 3907 virum
1404 3868 1576 3906 suum
1607 3851 1862 3922 cogitare
1893 3853 1964 3907 de

300 3961 363 3999 se
389 3943 759 4014 repudianda
789 3942 1250 4013 asciscendaque
1269 3940 1395 3996 loco
1417 3942 1545 4011 ejus
1567 3940 1624 3995 in
1650 3941 1961 4012 conjugem

300 4039 472 4088 Anna
504 4032 791 4087 Alamana
810 4030 1057 4087 Joannis
1078 4036 1325 4086 Batatzas
1339 4030 1477 4085 olim
1496 4031 1744 4101 Augusti
1768 4031 1964 4095 vidua,

303 4122 580 4191 graviter,
607 4125 672 4176 ut
695 4125 959 4193 pareret,
981 4121 1037 4175 id
1066 4122 1343 4176 ferentem
1378 4119 1781 4192 expostulasse
1812 4122 1963 4192 quod

304 4226 367 4267 se
407 4216 748 4267 coronatam
781 4211 901 4281 jam
926 4213 1252 4282 Augustam
1286 4211 1412 4266 sine
1434 4209 1551 4265 ulla
1582 4227 1761 4265 causa
1790 4211 1971 4282 impe-

306 4304 469 4357 rator
499 4299 674 4355 vellet
700 4299 993 4370 dimitere,
1019 4305 1330 4371 postquam
1356 4300 1551 4370 etiam
1584 4303 1851 4371 Augusto
1872 4316 1969 4371 pe-

308 4390 565 4463 perisset
597 4389 771 4460 ﬁlios,
805 4389 1061 4461 primum
1096 4391 1331 4461 quidem
1364 4389 1820 4461 Manuelemzqui
1852 4389 1971 4446 cito

312 4479 596 4552 perierat,
628 4479 841 4534 deinde
870 4496 1003 4534 vero
1033 4479 1434 4535 Andronicum
1468 4478 1658 4534 adhuc
1687 4480 1976 4550 supersti-

310 4574 452 4635 tem,
489 4584 665 4641 quem
707 4573 872 4640 pater
911 4567 1067 4639 regie
1095 4568 1414 4635 nutriebat,
1450 4568 1703 4638 denique
1735 4568 1971 4622 tertium

312 4664 633 4730 postquam
656 4657 718 4712 in
754 4658 961 4712 urbem
985 4656 1551 4729 ConstantinOpolim
1588 4673 1618 4711 ο
1638 4656 1862 4712 Latinis
1892 4672 1974 4711 re-

2065 2202 2216 2257 simo
2249 2202 2404 2258 enim
2450 2203 2769 2259 statuimus
2801 2204 3077 2275 superius
3163 2204 3499 2276 ingressum
3574 2209 3730 2262 744

2067 2292 2409 2348 Michaelem
2446 2292 2839 2363 Palaaolcgum
2869 2294 3076 2348 urbem
3111 2293 3285 2365 paulo
3319 2296 3484 2365 prius
3516 2313 3549 2351 a
3603 2295 3729 2352 suis

2067 2390 2297 2455 captam
2332 2386 2421 2439 die
2462 2386 2525 2437 15
2558 2385 2807 2455 Augusti
2840 2385 2977 2440 anni
3003 2383 3217 2441 Christi
3248 2387 3405 2454 1264,
3427 2402 3541 2457 quo
3564 2391 3720 2442 tem-

2068 2491 2204 2546 pore
2235 2480 2296 2528 ut
2328 2476 2578 2528 duorum
2615 2491 2904 2529 annorum
2942 2491 3085 2545 puer
3116 2476 3490 2531 Andronicus
3522 2476 3717 2543 fuerit,

2064 2564 2321 2634 oportuit
2350 2580 2481 2615 cum
2520 2563 2943 2617 natumsaltem
2971 2563 3139 2618 initio
3165 2564 3534 2620 anuiChristi
3562 2567 3717 2620 1260.

2063 2652 2223 2715 Quod
2259 2652 2372 2707 dici
2400 2652 2619 2722 nequit,
2654 2668 2790 2707 cum
2817 2656 2953 2707 ante
2983 2652 3152 2707 illum
3174 2654 3324 2724 patri
3349 2655 3474 2725 jam
3537 2654 3724 2726 impe-

2064 2741 2217 2796 ranti
2249 2747 2423 2796 natus
2458 2741 2630 2795 fuerit
2683 2741 3115 2813 primogenitus
3172 2743 3322 2813 ejus,
3386 2743 3614 2798 Manuel
3656 2743 3717 2799 in

2064 2831 2233 2885 cunis
2270 2836 2557 2885 mortuus.
2593 2830 2934 2885 Necessario
2965 2830 3148 2901 igitur
3179 2834 3553 2902 agnoscenda
3582 2830 3721 2906 πρό-

2065 2918 2232 2992 ληψις
2259 2920 2432 2975 estin
2467 2918 2585 2974 illis
2615 2920 2808 2975 verbis
2868 2917 2955 2971 ὑπ’
3015 2914 3170 2993 ἀνδρὶ
3224 2924 3302 2991 τῷ
3362 2919 3598 2994 βατιλεῖ,
3659 2926 3724 2977 ut

2065 3026 2440 3081 nequaquam
2465 3009 2770 3063 'l‘heodora
2801 3008 3137 3080 signiﬁcare
3177 3009 3428 3065 voluerit
3484 3027 3546 3065 se
3594 3010 3720 3065 viro

2066 3116 2173 3154 suo
2202 3102 2325 3167 jam
2362 3098 2676 3170 imperanti
2700 3097 3031 3154 Manuelem
3066 3106 3120 3152 et
3159 3100 3560 3154 Andronicum
3616 3117 3718 3171 pe-

2067 3190 2289 3260 perisse
2321 3207 2337 3253 ;
2370 3189 2469 3242 sed
2502 3188 2932 3258 appelationem
2964 3187 3358 3260 imperatoris,
3420 3205 3547 3259 quae
3611 3206 3719 3245 suo

2068 3279 2273 3333 marito
2305 3282 2445 3331 tunc
2475 3293 2607 3332 cum
2642 3276 2744 3331 illa
2774 3275 2895 3331 hmc
2929 3277 3161 3332 dicebat
3191 3278 3551 3345 conveniret,
3609 3279 3715 3333 tri-

2068 3368 2288 3430 buisse,
2322 3366 2459 3421 licet
2488 3366 2589 3421 illa
2620 3383 2734 3420 non
2759 3367 3073 3437 pertineret
3103 3369 3172 3420 ad
3200 3367 3257 3421 id
3307 3372 3543 3439 tempus
3600 3384 3717 3439 quo

2071 3458 2171 3512 illa
2206 3455 2532 3511 Manuelem
2557 3458 2611 3510 et
2639 3455 3036 3510 Andronicum
3065 3456 3235 3510 enixo
3268 3456 3479 3512 fuerat.

2141 3583 2231 3637 llI.
2261 3583 2370 3638 Sed
2403 3581 2621 3652 aliquid
2654 3582 2873 3637 eertius
2907 3582 2977 3636 de
3014 3599 3168 3637 anno
3185 3583 3365 3638 natali
3397 3584 3719 3639 Andronici

2069 3671 2318 3728 seniorls
2350 3676 2611 3727 statuere
2641 3670 2838 3726 licebit
2869 3688 2937 3726 ex
2967 3675 3229 3743 tempore
3254 3673 3444 3745 ipsius
3492 3674 3720 3730 obitus.

2069 3760 2257 3817 sicubi
2285 3760 2623 3815 sutis'certo
2680 3760 2735 3814 id
2800 3760 3107 3815 deﬁnitum
3170 3762 3422 3831 reperire
3468 3762 3725 3834 potueri-

2070 3867 2223 3905 mus.
2294 3849 2569 3919 Legimus
2654 3850 2810 3918 apud
2883 3850 3171 3905 Joannem
3250 3851 3724 3908 Cantacuzenum

2070 3940 2132 4012 (l.
2166 3956 2229 4006 ιι,
2261 3955 2308 3993 c.
2342 3939 2433 4005 20,
2468 3955 2523 4009 p.
2557 3937 2662 3990 228
2693 3939 2762 3991 ed
2797 3938 2965 4009 Reg.)
2994 3939 3146 3994 hunc
3172 3942 3597 4005 Andronicum,
3622 3959 3726 4015 qui

2071 4028 2338 4085 abdicato
2370 4026 2615 4098 imperio
2644 4031 2834 4081 tactus
2858 4029 3181 4084 monachus
3212 4029 3449 4085 Antonii
3508 4047 3723 4086 nomen

2074 4122 2496 4187 assumpserat,
2530 4118 2588 4171 in
2625 4116 2981 4173 monasterio
3015 4123 3312 4174 mortuum
3355 4136 3485 4175 esse
3541 4137 3725 4176 mense

2076 4207 2399 4269 Februario,
2432 4205 2736 4261 indictione
2791 4208 2877 4271 15,
2907 4223 3057 4262 αηηο
3095 4208 3515 4279 quadragesimo
3552 4226 3725 4281 supra

2073 4300 2248 4355 sexies
2276 4296 2638 4351 millesimum
2659 4299 2709 4350 et
2730 4296 3287 4368 cctingeniissimum,
3320 4302 3513 4353 natum
3555 4315 3728 4355 annos

2076 4388 2421 4461 septuaginta
2444 4385 2603 4440 duos.
2636 4384 2694 4440 Si
2724 4401 2790 4440 ex
2832 4402 3076 4441 numero
3129 4387 3272 4441 6840
3319 4406 3613 4444 annorum
3658 4389 3731 4442 72

2078 4480 2282 4533 demas
2314 4493 2519 4542 annos,
2555 4474 2845 4545 supererit
2867 4493 3060 4532 annus
3093 4494 3216 4531 aeris
3239 4477 3569 4533 Graecorum
3591 4478 3734 4533 6768

2081 4585 2196 4639 quo
2229 4568 2414 4621 fuisse
2446 4570 2648 4619 natum
2683 4565 2945 4636 oportuit
2979 4582 3113 4621 eum
3146 4566 3245 4637 qui
3281 4567 3452 4623 anuis
3502 4568 3735 4623 duobus

2083 4656 2274 4726 major
2320 4654 2770 4726 septuagenario
2829 4671 2983 4709 anno
3040 4657 3183 4711 6848
3259 4657 3415 4712 diem
3499 4656 3737 4712 obierit.

310 4753 542 4822 ceptam
577 4748 898 4820 imperator
928 4746 1307 4820 migraverat,
1340 4746 1463 4802 illic
1493 4747 1549 4801 in
1588 4764 1847 4819 purpura
1875 4764 1969 4801 na-
2004 4775 2049 4839 Β
2084 4751 2166 4815 (Ρ.
2198 4746 2326 4815 527)
2357 4746 2459 4799 Est
2490 4744 2586 4798 hic
2618 4761 2808 4799 annus
2839 4745 2981 4799 6768
3026 4746 3232 4800 mundi
3288 4746 3459 4818 juxta
3513 4750 3743 4802 Graecos

315 4843 444 4895 tum
480 4837 939 4894 Constantinum
964 4836 1221 4905 nomine,
1244 4841 1628 4908 cognomento
1653 4836 1971 4907 Porphyro-

312 4928 583 5001 genitum
619 4945 633 4983 :
666 4927 732 4982 Ἡ
799 4924 1017 5000 βασιλὶς
1065 4922 1327 4998 Θεοδώρα
1360 4923 1623 4998 χαλεπῶς
1660 4924 1806 4999 εἶχεν
1838 4923 1981 4996 ἐνέγ-

311 5036 433 5079 και,
468 5014 513 5068 εἰ
575 5011 838 5068 δέσποινα
891 5014 1195 5087 ἱστεμμὲνη
1245 5014 1376 5067 οὖσα
1428 5012 1517 5067 καὶ
1569 5013 1767 5087 γνησία
1822 5012 1982 5086 γυνὴ,

330 5102 419 5157 ὑπ’
453 5100 608 5178 ἀνδρί
638 5123 697 5158 τε.
724 5107 803 5175 τῷ
838 5102 1055 5179 βασιλεῖ
1100 5106 1329 5158 τεκοῦσα
1354 5100 1573 5169 παῖδας,
1624 5101 1714 5156 καὶ
1767 5104 1982 5175 πρῶτον

327 5193 426 5267 μὶν
485 5191 861 5268 ἀποιχόμενον
924 5191 1124 5261 ἄλλον,
1181 5192 1271 5246 τὸν
1334 5192 1624 5262 Maeonii),
1668 5192 1779 5246 εἶτα
1811 5190 1868 5245 δὲ
1896 5187 1986 5243 καὶ

314 5282 409 5336 τὸν
442 5280 702 5356 περιόντα
734 5279 1097 5357 Ἀνδρόνικον,
1138 5280 1195 5335 ’ὀν
1251 5280 1556 5355 βασιλικῶς
1589 5282 1616 5334 ὁ
1649 5281 1831 5354 πατὴρ
1861 5278 1987 5349 τρέ-

320 5390 439 5447 φοι.
476 5372 557 5427 Ex
590 5370 683 5427 his
714 5372 945 5427 videtur
989 5387 1162 5443 posse
1192 5370 1386 5443 colligi
1444 5371 1705 5426 sensisse
1766 5368 1989 5439 Pachy-

325 5476 551 5516 merem
603 5460 1028 5528 Andronicum,
1064 5461 1179 5515 imo
1231 5464 1290 5514 et
1342 5464 1619 5531 praeterea
1662 5458 1989 5515 Manuelem

326 5548 498 5622 prius
532 5554 858 5618 mortuum,
888 5556 1023 5622 post
1057 5549 1274 5604 initum
1309 5549 1649 5604 aMichaelo
1673 5547 1994 5617 Paleaologo

322 5639 651 5710 imperium
685 5646 856 5694 natos
886 5645 952 5693 ut
980 5639 1064 5694 sic
1095 5638 1227 5708 illos
1262 5644 1449 5693 mater
1478 5655 1680 5693 eorum
1726 5638 1997 5693 Theodo-

323 5744 391 5783 ra
430 5728 552 5783 viro
578 5727 704 5798 jam
739 5728 1071 5801 imperanti,
1107 5724 1261 5801 ἀνδρῖ
1293 5731 1374 5799 τῷ
1411 5722 1995 5801 βασιλεῖ,’ρθρθιοθῐιὶῐ.

401 5816 471 5872 II.
503 5817 682 5889 Atqui
739 5817 849 5873 hoc
908 5817 1148 5889 quidem
1205 5824 1496 5890 repugnat
1550 5817 1673 5889 ipsi
1736 5817 1996 5890 primum

326 5905 677 5977 Paehymeri
710 5906 1032 5965 afﬁrmanti
1076 5907 1486 5965 Andronicum
1548 5925 1733 5965 annos
1790 5913 2000 5965 nutum

2085 4836 2240 4889 idem
2268 4850 2439 4904 quem
2494 4849 2599 4888 nos
2649 4832 2707 4887 in
2768 4848 2879 4887 aera
2935 4834 3288 4890 Christiania
3364 4852 3747 4892 numeramus

2092 4925 2230 4978 1260
2249 4940 2270 4985 ;
2304 4922 2403 4995 qui
2436 4921 2565 4989 fuit,
2600 4926 2663 4976 ut
2692 4922 3213 4993 vidimus,primus
3236 4924 3465 4996 imperii
3495 4926 3749 4983 Michae-

2092 5012 2212 5067 liis.
2245 5012 2385 5082 Ejus
2409 5010 2544 5065 anni
2584 5010 2867 5082 principio
2899 5011 2947 5066 si
2981 5011 3173 5067 editus
3205 5012 3263 5067 in
3296 5012 3485 5069 lucem
3518 5016 3753 5071 Andro-

2095 5101 2265 5155 nicus
2298 5107 2407 5169 est,
2441 5099 2654 5154 habere
2683 5100 2875 5156 locum
2914 5106 3209 5171 utcunque
3238 5107 3429 5173 potest
3470 5106 3623 5177 quod
3686 5124 3757 5161 cx

2096 5196 2352 5263 Gregora
2415 5188 2750 5256 retulimus,
2810 5206 2876 5244 co
2931 5189 3176 5255 bimulo,
3235 5191 3355 5247 sive
3425 5195 3755 5251 secundum

2100 5280 2290 5335 astatis
2323 5295 2543 5333 annum
2576 5284 2805 5349 agente,
2831 5274 3077 5353 δεύτερον
3111 5274 3233 5343 ἔτος
3263 5279 3449 5354 ἄγοντι
3475 5289 3576 5352 τῆς
3628 5282 3761 5352 ἡλι-

2098 5367 2243 5433 κίεις,
2277 5368 2601 5436 contigisse
2633 5368 2967 5437 ingressum
3001 5368 3425 5441 triumphalem
3458 5373 3765 5429 Michaelis

2102 5463 2232 5527 ejue
2266 5456 2447 5528 patris
2485 5457 2537 5508 in
2575 5457 2781 5509 urbem
2818 5457 3043 5527 regiam
3077 5459 3253 5529 paulo
3278 5466 3412 5515 ante
3444 5461 3513 5516 de
3546 5461 3771 5517 Latinis

2108 5553 2429 5619 receptam.
2462 5546 2569 5599 Sed
2606 5563 2719 5599 non
2756 5550 2947 5617 potest
2978 5564 3110 5602 cum
3144 5548 3255 5605 hoc
3280 5551 3567 5621 quadrare
3614 5551 3771 5622 quod

2110 5638 2315 5692 scribit
2349 5636 2736 5707 Pachymeres
2788 5636 2846 5690 in
2909 5639 3152 5693 Historia
3196 5641 3426 5710 imperii
3471 5640 3777 5698 Andronici

2108 5729 2149 5783 1.
2185 5744 2222 5793 1,
2258 5744 2308 5791 c,
2348 5731 2394 5795 at,
2432 5742 2561 5780 cum
2598 5726 2834 5796 quando
2858 5726 3008 5797 patri
3042 5729 3346 5797 successit,
3380 5746 3566 5784 annos
3585 5732 3773 5787 astatis

2113 5832 2458 5870 numerasse
2489 5830 2743 5885 quatuor
2772 5832 2950 5887 supra
2979 5815 3205 5889 viginti.
3266 5817 3450 5874 Verba
3504 5824 3643 5874 sunt
3699 5822 3772 5877 de

2112 5905 2213 5963 illo
2250 5904 2623 5977 Pachymeris
2663 5904 2786 5962 hac
2817 5906 2991 5978 ipsa:
3050 5905 3233 5979 Τῷτοι
3291 5904 3382 5959 καὶ
3436 5902 3556 5970 νέος
3612 5904 3685 5962 ὣν
3738 5911 3767 5966 ὁ
