4120 6390
415 511 554 568 1199

1451 512 1513 563 Ρ.
1555 503 1832 565 POSBINI
1870 497 2489 555 OBSERVATIONUM
2527 499 2661 553 LIB.
2702 501 2801 557 Ill.

3705 506 3849 563 1200

415 633 769 713 ὑπολειφθεὶς
856 630 1157 708 βασιλεὺς,
1217 628 1309 701 ἔτη
1369 628 1609 707 γεγονὼς
1701 618 2033 713 τέσσαραπᾉρὲ

2147 675 2155 689 _
2186 637 2317 677 rum
2351 621 2479 678 vitae
2512 622 2725 713 ipsius,
2758 626 2823 679 ut
2853 624 3095 698 scripsit
3150 626 3460 701 Gregoras,
3517 629 3693 687 tacite
3746 631 3848 687 hic

411 730 493 785 οἷς
552 711 721 778 εἷ’κὸσι
774 718 1051 792 τηνικάδε.
1098 721 1245 776 Nam
1307 736 1440 775 cum
1504 720 1573 774 ab
1644 732 1796 773 anno
1854 711 2073 769 Christi

413 816 554 869 1260
579 816 649 869 ad
701 814 863 879 4282,
928 827 1181 882 quorum
1238 809 1417 882 priori
1481 808 1729 881 coepisse
1783 806 2073 875 imperare

413 901 721 973 posteriori
781 901 997 955 abiisse
1055 898 1396 954 Michaelem
1457 896 1849 966 Palasologum
1912 893 2069 946 certo

410 990 948 1048 demonstravimus
980 988 1357 1043 manifestum
1389 988 1465 1042 sit
1497 986 1856 1042 intercedere
1882 996 2067 1037 annos

413 1083 697 1137 duntaxat
739 1081 889 1135 duos
943 1085 999 1134 et
1055 1078 1288 1149 viginti,
1363 1082 1521 1148 patet
1599 1072 2064 1147 promovendum

408 1170 656 1225 ulterius
686 1174 803 1224 toto
838 1167 1072 1223 biennio
1099 1166 1353 1222 natalem
1381 1164 1699 1220 Andronici
1738 1159 2066 1217 necessario

400 1276 547 1327 esse,
584 1260 629 1315 si
664 1275 797 1313 vera
829 1260 896 1312 de
928 1258 1141 1329 ipsius,
1177 1256 1413 1327 quando
1457 1253 1771 1327 capessivit
1830 1249 2063 1321 imperii

398 1349 658 1403 habenas
691 1347 876 1414 solus,
912 1350 1079 1401 aetate
1102 1345 1496 1418 Pachymeres
1527 1342 1850 1415 scripserit.
1914 1340 2061 1394 Nam

400 1438 553 1508 quod
587 1437 741 1492 idem
776 1452 824 1491 c.
862 1434 964 1491 ult.
1001 1435 1041 1491 l.
1074 1452 1151 1502 v1,
1187 1435 1367 1504 hujus
1404 1449 1581 1504 quam
1618 1448 1772 1487 nunc
1827 1430 2060 1485 edimus

392 1527 657 1582 Historiae
688 1524 1031 1581 Michaelem
1067 1523 1457 1594 Palasologum
1490 1522 1682 1593 Etradit
1711 1521 2063 1592 jimperasse

392 1614 789 1687 annisviginti
823 1618 1098 1685 quatuor,
1134 1612 1505 1667 accomodari
1568 1613 1716 1666 forte
1776 1609 1847 1663 ad
1906 1607 2059 1661 veri-

390 1709 573 1761 tatem
607 1704 664 1759 id
698 1708 899 1775 posset
929 1702 1018 1757 vel
1053 1719 1119 1757 ea
1151 1701 1376 1757 ratione
1438 1717 1615 1771 quam
1677 1700 2058 1762 disseremus,

390 1811 439 1850 c.
475 1810 563 1865 sq.
591 1811 648 1848 n.
684 1793 737 1859 3,
772 1791 859 1847 vel
896 1790 1275 1861 intelligendo
1309 1794 1683 1844 numeratum
1745 1787 1868 1842 illic
1922 1786 2053 1856 ejus

388 1882 702 1955 imperium
737 1884 807 1937 ab
832 1883 959 1951 ejus
995 1880 1211 1935 celebri
1244 1878 1624 1951 praedictione
1658 1894 1839 1950 quam
1874 1876 2060 1931 Thes-

2185 726 2465 766 revocans
2488 714 2640 784 quod
2678 712 2800 770 alas
2833 714 3082 784 dixerat,
3128 718 3553 787 Andronicum,
3606 723 3845 791 quando

2182 819 2315 857 cum
2348 803 2517 858 Patre
2539 804 2797 874 primum
2826 806 3130 877 ingressus
3146 811 3234 861 est
3251 807 3847 882 Constantinopolim,

2179 894 2502 948 secundum
2537 895 2727 950 artatis
2747 912 2970 950 annum
2995 898 3188 969 egisse
3222 917 3237 967 ;
3270 915 3405 954 cum
3440 916 3509 955 ex
3533 901 3643 957 hoc
3684 904 3839 972 quod

2177 999 2335 1037 nunc
2358 999 2426 1037 ex
2458 984 2687 1038 certiori
2709 985 3047 1041 testimonio
3064 987 3343 1055 affirmat,
3365 989 3749 1046 manifestum
3766 992 3847 1047 sit

2176 1072 2290 1142 ipsi
2324 1076 2463 1127 tunc
2497 1078 2774 1144 quartum
2809 1075 2997 1130 aetatis
3026 1077 3099 1131 ab
3130 1076 3358 1149 aliquot
3384 1081 3508 1151 jam
3533 1081 3841 1139 mensibus

2175 1178 2407 1217 currere
2432 1161 2699 1233 coepisse,
2733 1164 2951 1235 quippe
2981 1164 3041 1219 in
3092 1164 3282 1222 lucem
3334 1168 3490 1223 edito
3540 1169 3694 1225 circa
3725 1171 3840 1226 ini-

2173 1252 2319 1305 tium
2352 1252 2487 1307 anni
2522 1252 2739 1308 Christi
2783 1254 2944 1311 1258.
2980 1254 3044 1309 id
3079 1257 3233 1327 quod
3265 1275 3381 1313 non
3433 1275 3637 1331 parum
3691 1278 3838 1331 prte-

2171 1345 2328 1396 terea
2354 1342 2742 1397 confirmatur
2790 1360 2856 1399 ex
2923 1349 3185 1417 tempore
3244 1349 3583 1420 nuptiarum
3647 1349 3839 1407 Theo-

2171 1431 2323 1485 dora:
2348 1432 2555 1486 matris
2589 1433 2905 1489 Andronici
2946 1451 3080 1490 cum
3114 1436 3243 1506 ejus
3304 1443 3470 1509 patre
3529 1439 3833 1509 Michaele,

2170 1521 2240 1575 ab
2269 1522 2603 1592 Acropolita
2634 1526 2852 1578 notato.
2890 1524 2991 1578 Hic
3022 1526 3177 1580 enim
3212 1526 3469 1582 historias
3512 1546 3630 1583 suae
3681 1547 3732 1586 c.
3764 1531 3831 1586 51

2169 1610 2345 1664 refert
2376 1611 2657 1666 Joannem
2692 1616 2909 1667 Ducam
2934 1614 3021 1684 (P.
3060 1614 3187 1686 528)
3231 1615 3646 1688 imperatorem
3701 1619 3832 1675 col-

2166 1700 2392 1754 locasse
2441 1699 2713 1755 Michaeli
2774 1701 3121 1776 Palazologo,
3183 1705 3244 1760 in
3298 1706 3550 1776 gratiam
3600 1713 3832 1780 recepto

2168 1790 2497 1845 interventu
2532 1790 2823 1847 Manuelis
2848 1793 3217 1866 patriarchae,
3242 1795 3612 1853 Theodoram
3634 1799 3832 1855 fratris

2168 1879 2257 1933 sui
2313 1878 2451 1934 olim
2503 1880 2767 1936 defuncti
2811 1882 3018 1937 Isaacii
3085 1883 3257 1938 Daca
3346 1885 3830 1945 sebastocratoris

389 1972 659 2029 salonicze
694 1972 908 2026 bienno
954 1975 1089 2026 ante
1138 1972 1461 2039 acceperat,
1497 1984 1636 2023 voce
1693 1968 1927 2038 Marpou
1987 1967 2055 2023 de
2089 1987 2134 2051 Β
2169 1970 2369 2025 ﬁliam.
2432 1969 2682 2025 Necesse
2724 1975 2814 2027 est
2863 1972 3056 2027 dicere
3088 1973 3307 2029 factum
3362 1974 3417 2029 id
3481 1976 3664 2033 fuisse
3716 1979 3829 2033 sub

386 2062 529 2117 conlo
565 2062 764 2130 missa,
802 2064 866 2115 ut
900 2063 1169 2115 narratar
1199 2058 1237 2112 l.
1267 2077 1307 2125 1,
1342 2074 1390 2113 c.
1425 2060 1485 2112 11
1521 2077 1535 2126 ;
1564 2057 1662 2112 sed
1691 2056 1799 2112 hoc
1823 2058 1892 2111 ad
1918 2062 2053 2111 aeta-

378 2158 497 2207 tem
535 2149 849 2205 Andronici
882 2148 1039 2204 trahi
1077 2164 1194 2202 non
1230 2152 1439 2217 potest,
1475 2163 1580 2202 nec
1613 2146 1881 2200 excusari
1942 2145 2054 2199 ali-

380 2248 470 2296 ter
502 2241 573 2295 ab
607 2256 803 2295 errore
858 2237 1265 2309 Pachymeres,
1334 2236 1481 2290 745
1546 2235 1593 2290 si
1654 2251 1785 2289 vere
1846 2238 2051 2291 natum

376 2346 515 2386 cum
549 2328 780 2401 putavit
813 2344 926 2399 quo
961 2344 1116 2381 anno
1151 2325 1324 2397 caapit
1372 2325 1667 2396 imperare
1710 2328 1880 2395 pater
1909 2324 2049 2395 ejus

444 2454 536 2510 IV.
571 2454 850 2510 Existimo
884 2457 1081 2509 tamen
1105 2468 1239 2508 vera
1270 2450 1390 2505 illic
1422 2450 1838 2522 Pachymerem
1873 2454 1929 2505 et
1959 2467 2044 2505 ex.

373 2550 531 2600 certa
557 2544 912 2616 publicaque
965 2542 1175 2597 notitia
1234 2541 1565 2612 scripsisse,
1628 2557 1855 2595 errasse
1914 2558 2048 2596 vero

378 2636 848 2691 Cantacuzenum
900 2631 958 2685 in
1022 2629 1428 2686 subducendis
1484 2629 1655 2684 annis
1730 2630 2049 2684 Andronici

377 2724 653 2793 senioris,
684 2722 785 2794 qui
817 2720 1005 2776 aetatis
1040 2737 1154 2775 non
1186 2720 1277 2786 72,
1314 2724 1379 2773 ut
1411 2717 1508 2774 ille
1540 2720 1819 2785 affirmat,
1846 2720 1945 2774 sed
1977 2721 2047 2775 74

374 2813 507 2867 vita;
541 2812 713 2867 finem
748 2810 1055 2865 invenerit.
1110 2809 1297 2879 Hujus
1363 2808 1711 2863 ascertionis
1758 2807 2045 2865 habemus

374 2908 673 2957 auctorem
697 2901 887 2955 eidem
917 2898 1245 2953 Andronico
1280 2897 1817 2952 familiarissimum
1853 2904 2040 2953 extre-

374 2991 491 3045 mis
520 2991 649 3044 vitaa
682 2988 1047 3060 temporibus
1079 2986 1473 3058 Nicephorum
1509 2987 1852 3053 Gregoram,
1884 2989 2039 3058 apud

375 3096 549 3151 quem
585 3096 718 3134 cum
748 3077 1015 3151 legamus
1048 3094 1099 3133 c.
1134 3076 1241 3132 ult.
1278 3076 1319 3131 Ι.
1358 3094 1433 3142 IX,
1478 3093 1533 3147 p.
1595 3076 1700 3129 209
1759 3076 1850 3130 ed.
1906 3078 2037 3132 Bas.

370 3168 737 3225 confabulari
770 3186 829 3224 se
858 3168 1122 3239 quotidie
1153 3184 1286 3223 cum
1320 3165 1659 3222 Andronico
1718 3169 1859 3219 tunc
1919 3182 2036 3219 mo-

368 3260 556 3314 nacho
596 3258 955 3315 otiosissime
986 3258 1225 3314 solitum
1275 3262 1449 3327 atque
1487 3256 1628 3310 adeo
1676 3254 1803 3325 ipsa
1863 3262 2033 3309 nocte

370 3365 484 3420 qua
516 3353 605 3403 est
629 3353 899 3403 mortuus
926 3346 1143 3402 multas
1175 3346 1349 3400 horas
1381 3342 1720 3399 suavissimi
1755 3342 2028 3411 colloquii
2066 3347 2107 3411 ί]

370 3456 504 3494 cum
540 3456 606 3493 ea
638 3438 895 3507 duxisse,
930 3436 1097 3491 facile
1128 3436 1362 3490 credere
1395 3448 1709 3504 possumus
1732 3431 2038 3487 rescivisse

373 3545 442 3583 ex
474 3544 540 3581 eo
577 3527 772 3598 ipsum
808 3542 934 3595 qua:
970 3526 1039 3578 de
1071 3522 1233 3576 illius
1260 3537 1548 3575 annorum
1584 3536 1827 3574 numero
1871 3524 2037 3575 nota-

374 3616 460 3670 vit
495 3615 550 3667 in
621 3614 899 3667 monodia
961 3612 1030 3664 de
1079 3610 1397 3664 Andronici
1458 3608 1642 3675 obitu,
1691 3608 1857 3663 initio
1907 3609 1947 3674 l,
1979 3628 2033 3675 x,

376 3720 434 3773 p.
487 3704 615 3770 214,
676 3701 768 3755 his
822 3699 994 3772 plane
1050 3699 1242 3753 verbis
1298 3697 1563 3771 Τέταρτον
1628 3696 1720 3768 μὲν
1778 3694 1886 3767 ἤδη
1943 3699 2032 3752 καὶ

366 3784 780 3860 ἑϐδομηκοστὸν
837 3783 958 3848 ἔτος
1019 3785 1124 3839 ἀπὸ
1182 3787 1442 3860 γενέσεως
1496 3785 1641 3857 αὐτῷ
1698 3783 2033 3842 τελευτιοντι

362 3878 581 3947 ἠνύετο·
620 3880 861 3947 Quartus
902 3884 951 3932 et
1008 3879 1452 3948 septuagesimus
1499 3895 1681 3932 annus
1738 3896 1770 3933 (ι
1828 3880 2032 3936 nativi-

358 3974 477 4024 tale
525 3969 632 4039 ipsi
687 3967 954 4023 moricnli
1006 3967 1412 4022 absolvebalur.
1492 3967 1624 4031 Quae
1676 3968 1853 4022 verba
1914 3986 2026 4024 non

374 4064 607 4113 tantum
642 4057 857 4112 vixisse
886 4057 1051 4111 illum
1087 4057 1257 4111 annis
1286 4056 1379 4125 74,
1413 4057 1513 4111 sed
1542 4056 1714 4111 etiam
1752 4057 1882 4113 illos
1935 4075 2025 4113 ex-

362 4148 616 4220 plevisse
647 4147 1002 4219 significant.
1037 4149 1177 4203 Cum
1203 4152 1395 4201 autem
1434 4146 1511 4200 sit
1541 4152 1809 4201 mortuus
1840 4148 1934 4202 die
1959 4150 2024 4202 12

353 4237 676 4303 Februarii,
708 4242 771 4291 ut
810 4236 964 4290 idem
1026 4236 1311 4307 Gregoras
1373 4235 1631 4290 affirmat
1672 4237 1783 4289 sub
1844 4238 2019 4292 finem

354 4328 391 4380 l.
428 4344 507 4395 ix,
530 4326 624 4381 vel
655 4342 765 4381 xxv.
804 4330 869 4379 ut
894 4341 1222 4397 anonymus
1256 4325 1556 4379 adnotavit
1587 4324 1654 4378 ad
1692 4325 2016 4395 marginem

353 4416 464 4471 loci
497 4414 905 4479 Cantacuzeni,
935 4432 1106 4485 quem
1136 4414 1308 4485 paulo
1342 4418 1474 4467 ante
1534 4412 1867 4478 retulimus,
1929 4432 2017 4469 co-

350 4505 547 4575 gimur
571 4505 761 4559 dicere
794 4508 997 4557 natum
1025 4502 1617 4557 fuisseAndronicum
1646 4504 1753 4557 sub
1780 4503 2011 4558 initium

348 4594 489 4650 anni
523 4593 739 4649 Christi
776 4593 931 4647 1258.
957 4598 1036 4647 Ac
1066 4609 1137 4647 ne
1170 4594 1303 4664 quis
1338 4593 1676 4661 suspicetur
1708 4592 2013 4663 irrepsisse

345 4700 603 4739 errorem
658 4684 714 4737 in
769 4687 939 4737 notas
997 4680 1330 4737 numerales
1364 4683 1517 4753 apud
1548 4685 1885 4753 Gregoram,
1922 4700 2019 4756 qui
2053 4711 2099 4773 Β

341 4778 541 4829 tamen
592 4778 829 4829 extense
862 4789 927 4827 ac
952 4773 1079 4827 sine
1099 4777 1370 4827 notarum
1404 4772 1772 4842 compendiis
1796 4790 2019 4829 annum

342 4862 852 4935 septuagesimum
887 4866 1166 4932 quartum
1203 4860 1391 4915 aetatis
1437 4861 1747 4915 Andronici
1812 4865 1997 4933 expri-

342 4952 468 5018 mit,
505 4952 686 5007 etiam
720 4951 963 5005 aliunde
998 4950 1375 5004 manifestum
1410 4954 1499 5003 ost
1543 4967 1613 5003 ex
1672 4951 1853 5005 animi
1916 4952 2005 5006 sui

342 5047 502 5095 certa
531 5041 823 5095 sententia
857 5041 911 5093 id
947 5039 1276 5094 affirmasse
1310 5038 1475 5093 illum
1534 5044 1851 5094 auctorem.
1912 5041 2006 5095 Ait

341 5129 390 5184 is
425 5130 704 5183 nimirum
742 5129 907 5184 initio
940 5146 989 5184 c.
1019 5128 1124 5183 ult.
1162 5128 1198 5183 l.
1236 5145 1314 5195 ix,
1351 5128 1503 5183 inter
1535 5130 1651 5187 alia
1684 5128 1853 5201 signa
1875 5146 2001 5199 qua:

341 5218 769 5285 portenderunt
798 5219 1027 5273 obitum
1088 5217 1411 5272 Andronici
1481 5218 1753 5284 senioris,
1812 5220 1995 5274 visam

333 5306 479 5363 solis
511 5305 785 5377 eclipsin,
820 5324 947 5378 quas
1008 5307 1253 5363 totidem
1289 5307 1498 5363 diebus
1531 5313 1676 5379 quot
1710 5308 1834 5378 ipse
1858 5309 1997 5364 anni

328 5397 551 5451 vixerat
608 5394 738 5465 ejus
825 5400 1073 5451 mortem
1162 5400 1528 5466 praecesserit
1593 5398 1992 5452 Commissum

328 5490 782 5558 spectatumque
814 5485 977 5539 estid
1001 5486 1370 5541 novilunium
1412 5486 1745 5558 eclipticum
1781 5488 1992 5544 ultimo

326 5576 673 5632 Novembris
697 5573 833 5629 anni
859 5573 1075 5629 Christi
1108 5576 1375 5631 1331.Ex
1437 5593 1550 5647 quo
1612 5577 1661 5632 si
1717 5592 1989 5632 numeres

327 5682 510 5721 unum
564 5670 623 5720 et
674 5664 919 5736 triginta
972 5664 1331 5730 Decembris,
1385 5667 1629 5720 totidem
1705 5668 1983 5736 Januarii,

327 5755 642 5811 duodecim
669 5752 969 5810 Februarii
1001 5753 1146 5824 dies,
1172 5758 1365 5809 exacte
1388 5755 1664 5810 conficies
1689 5772 1986 5812 summam

330 5844 556 5899 dierum
590 5844 961 5916 septuaginta
994 5846 1267 5913 quatuor,
1300 5859 1496 5913 parem
1533 5860 1778 5901 numero
1810 5863 1987 5903 anno-

2165 2059 2341 2113 ﬁnem
2403 2059 2540 2113 anni
2594 2058 2809 2114 Christi
2871 2060 3009 2115 1254
3062 2061 3153 2116 vel
3213 2064 3516 2133 sequentis
3566 2065 3823 2122 initium.

2158 2163 2273 2218 quo
2306 2153 2438 2219 post
2471 2147 2793 2204 multorum
2827 2150 3122 2205 mensium
3158 2151 3501 2222 languorem
3558 2154 3825 2211 Joannes

2158 2238 2456 2309 Augustus
2502 2237 2735 2293 Octobri
2796 2254 2996 2293 mense
3053 2238 3208 2294 diem
3277 2241 3427 2296 746
3488 2241 3652 2296 obiit.
3713 2242 3821 2297 Est

2155 2333 2349 2383 autem
2384 2326 2730 2383 incredibile
2762 2327 3076 2383 fecundam
3112 2327 3332 2400 alioqui
3365 2330 3672 2387 mulierem
3692 2332 3820 2387 viro

2153 2418 2254 2472 aevi
2314 2417 2492 2490 pleni,
2556 2418 2773 2491 quippe
2814 2434 3104 2474 annorum
3167 2419 3611 2493 duodetriginta
3681 2438 3815 2477 cum

2151 2508 2318 2562 duxit
2379 2524 2616 2563 uxorem
2666 2508 2891 2577 juveni,
2952 2524 3050 2563 sex
3099 2509 3242 2564 totis
3290 2508 3499 2579 primis
3558 2510 3823 2584 conjugii

2150 2598 2321 2652 annis
2354 2597 2575 2652 nullam
2610 2598 2833 2668 prolem
2888 2597 3167 2655 edidisse.
3216 2600 3499 2664 Quocirca
3545 2601 3821 2658 existimo

2146 2687 2470 2742 Manuslem
2508 2687 2998 2758 primogenitum,
3032 2688 3132 2758 qui
3167 2688 3381 2743 deinde
3409 2689 3605 2745 infans
3651 2691 3819 2761 obiit,

2146 2776 2293 2849 ipsis
2328 2782 2530 2832 natum
2569 2793 2721 2831 anno
2754 2776 2971 2832 Christi
3006 2778 3165 2843 1256,
3225 2778 3628 2835 Andronicum
3685 2798 3819 2837 vero

2148 2868 2381 2922 biennio
2416 2871 2571 2938 post,
2608 2866 2815 2937 primis
2849 2867 3177 2936 mensibus,
3211 2872 3276 2922 ut
3302 2868 3442 2933 dixi,
3477 2870 3612 2924 anni
3646 2870 3812 2926 Chri-

2147 2958 2217 3012 sti
2256 2958 2413 3009 1258.
2440 2958 2561 3021 Quo
2598 2958 2789 3026 posito
2850 2973 3037 3027 prona
3076 2957 3285 3011 deinde
3344 2957 3623 3014 facilitate
3678 2966 3816 3032 apta

2146 3052 2489 3102 cmterorum
2525 3046 2847 3100 Andronici
2879 3052 3145 3103 actorum
3176 3047 3233 3101 in
3266 3048 3416 3103 serie
3465 3048 3646 3121 hujus
3675 3052 3812 3106 His-

2144 3136 2304 3190 torize
2337 3136 2625 3206 disposito
2654 3135 2935 3190 succedit.
2962 3136 3107 3191 Nam
3143 3138 3298 3207 quod
3359 3143 3497 3193 ante
3556 3141 3809 3196 mentio-

2143 3242 2272 3280 nem
2302 3223 2468 3278 electi
2496 3223 2553 3276 in
2580 3240 2792 3293 papam
2817 3224 3081 3295 Gregorii
3109 3229 3156 3279 X
3192 3227 3370 3281 refert
3400 3244 3446 3282 c.
3482 3229 3577 3295 28,
3628 3229 3668 3284 l.
3728 3248 3805 3301 IV,

2141 3312 2547 3382 Pachymeres,
2584 3311 2920 3367 Andronico
2944 3314 3070 3382 jam
3098 3315 3154 3367 in
3186 3316 3379 3370 virum
3434 3317 3655 3387 adulto,
3700 3320 3809 3374 hoc

2149 3405 2238 3457 est
2268 3402 2324 3455 in
2361 3400 2637 3472 puberem
2682 3406 2738 3457 et
2759 3402 3031 3474 conjugio
3067 3413 3357 3462 maturam
3408 3409 3618 3464 educto
3667 3417 3810 3467 teta-

2146 3498 2286 3560 tem,
2313 3496 2537 3564 patrem
2572 3491 2700 3561 ejus
2738 3507 2975 3547 uxorem
3026 3510 3285 3565 quaerere
3337 3499 3623 3570 cmpisse,
3660 3501 3809 3558 bene

2145 3584 2397 3652 quadrat
2426 3580 2483 3635 in
2523 3598 2744 3636 annum
2776 3581 2993 3637 Christi
3030 3584 3187 3653 1271,
3212 3587 3371 3642 sedis
3388 3591 3651 3647 vacantis
3674 3597 3810 3663 post

2144 3677 2389 3727 mortem
2422 3670 2743 3727 Clementis
2775 3673 2970 3743 quarti
3030 3676 3297 3747 tertium,
3355 3694 3471 3749 quo
3522 3680 3803 3738 nimirum

2144 3760 2509 3816 Andronicus
2532 3761 2803 3833 quintum
2829 3762 3124 3818 decimum
3174 3766 3385 3837 agebat
3442 3770 3634 3825 astatis
3693 3789 3805 3827 au-

2142 3850 2580 3921 num.Nuptias
2630 3850 2789 3922 ipsas
2842 3853 3161 3909 Andronici
3223 3872 3357 3911 cum
3416 3861 3584 3915 Anna
3643 3863 3803 3933 regis

2140 3940 2457 3995 Pannoniae
2484 3941 2628 4007 filia,
2658 3941 2847 4012 capite
2880 3943 3082 3998 eodem
3131 3954 3508 4015 memoratas,
3563 3952 3635 4005 ad
3694 3969 3800 4007 an-

2138 4047 2280 4085 num
2352 4035 2698 4100 sequentem
2778 4030 2990 4087 Christi
3049 4034 3187 4088 1272
3245 4036 3575 4093 referimus.
3636 4040 3803 4098 Unde

2136 4120 2465 4189 assumptio
2495 4119 2812 4174 Andronici
2853 4120 3116 4189 ejusdem
3166 4124 3226 4179 in
3276 4129 3635 4184 consortium
3692 4131 3800 4187 im-

2132 4208 2274 4278 perii
2309 4226 2341 4262 a
2375 4213 2536 4279 patre
2569 4210 2833 4279 Augusto
2857 4210 3027 4277 facta,
3064 4216 3120 4267 et
3150 4213 3435 4272 solemnis
3494 4220 3795 4277 coronatio

2127 4296 2446 4352 Andronici
2472 4300 2529 4351 et
2558 4301 2737 4353 Anna)
2795 4314 3080 4355 novorum
3134 4305 3560 4377 Augustarum,
3610 4326 3789 4380 quam

2128 4386 2515 4457 Pacbymeres
2550 4386 2732 4442 altero
2764 4406 2795 4442 a
2828 4390 3049 4460 nuptiis
3070 4408 3223 4448 anno
3284 4395 3633 4453 celebratam
3687 4400 3795 4456 ibi-

2126 4477 2258 4530 dem
2312 4475 2511 4543 tradit,
2572 4477 2643 4530 ad
2694 4494 2917 4533 annum
2972 4480 3191 4537 Christi
3248 4485 3385 4539 1273
3465 4489 3788 4546 Andronici

2123 4566 2155 4618 d
2168 4565 2556 4620 uodevicesim
2569 4582 2665 4619 um
2696 4567 2970 4636 pertinet.

2784 4691 3019 4747 CAPUT
3057 4693 3129 4747 IX

2134 4788 2412 4876 Statuitur
2466 4791 2681 4859 tempus
2744 4790 2937 4875 obiluos
2978 4792 3281 4876 Michaelis
3352 4801 3663 4876 Palaeofogi
3731 4820 3784 4863 et

2217 4875 2496 4943 numerus
2530 4877 2811 4943 annorum
2863 4869 2980 4943 ejus
3036 4869 3271 4943 imperii
3321 4869 3629 4943 Appendix}
3712 4882 3785 4935 de

2189 4949 2336 4987 anno
2367 4936 2550 5003 captae
2579 4950 2613 4987 α
2642 4934 2825 4989 Persis
2856 4934 3133 4993 Heracleae
3157 4940 3347 4995 Ponti.

2192 5050 2233 5103 l.
2269 5049 2596 5120 Utrumque
2627 5055 2804 5121 caput
2834 5052 2904 5106 ad
2940 5053 3375 5113 discussionem
3419 5058 3515 5116 hic
3567 5080 3781 5138 propo-

2114 5138 2293 5193 situm
2330 5138 2575 5194 molesta
2597 5140 2940 5209 opinionum
2969 5145 3248 5202 varietate
3280 5150 3621 5221 perplexum
3664 5162 3775 5214 est.

2116 5227 2183 5282 Ut
2215 5227 2366 5283 enim
2402 5228 2669 5284 omittam
2704 5232 2970 5301 vulgaria
3027 5234 3325 5306 chronica,
3366 5256 3620 5311 quorum
3681 5246 3775 5302 in-

2108 5317 2465 5389 quibusdam
2496 5318 2611 5372 vidi
2658 5319 3015 5391 principium
3041 5323 3272 5395 imperii
3306 5329 3626 5387 Andronici
3680 5352 3776 5391 se-

2108 5404 2310 5476 nioris,
2346 5406 2501 5476 quod
2532 5407 2736 5462 statim
2770 5426 2803 5463 a
2832 5415 3019 5467 morte
3049 5413 3351 5472 Michaelis
3394 5420 3526 5490 ejus
3583 5425 3775 5494 patris

2106 5494 2786 5587 incepitpconsignatum
2831 5517 2984 5556 anno
3036 5502 3255 5561 Christi
3306 5509 3468 5581 1294,
3536 5517 3594 5568 et
3654 5515 3771 5587 ipsi

2104 5584 2375 5639 Michaeli
2402 5603 2501 5641 sex
2532 5592 2592 5643 et
2624 5587 3126 5664 trigintaimperii
3176 5612 3363 5654 annos
3421 5584 3765 5672 attributes,

2102 5674 2457 5744 Spondanus
2490 5677 2708 5733 obiisse
2749 5679 3092 5738 Michaelem
3152 5702 3305 5743 anno
3356 5688 3572 5747 Christi
3624 5695 3767 5753 1283

2101 5764 2285 5858 ponit,
2317 5770 2374 5858 et
2409 5766 2804 5839 principatum
2858 5773 3117 5830 tenuisse
3172 5778 3312 5832 anni
3369 5779 3577 5853 viginti
3616 5801 3765 5858 qua-

2099 5856 2238 5909 tuor
2270 5856 2451 5911 refert
2470 5872 2538 5912 ex
2569 5858 2849 5932 Gregora,
2885 5865 2951 5918 ut
2981 5863 3097 5936 ait;
3131 5869 3287 5939 apud
3328 5885 3504 5942 quem
3560 5856 3763 5935 tamen
