4120 6398
365 386 500 441 1201

1757 378 2380 436 CHRONOLOGICUS.

3649 385 3799 441 1202

356 510 485 567 loco
519 508 591 565 ab
622 523 689 563 eo
731 506 968 562 laudato
1024 505 1082 561 id
1143 520 1258 560 non
1318 503 1565 576 reperio,
1617 503 1717 559 sed
1777 505 2007 557 tantum
2041 501 2093 568 Α
2126 502 2287 572 dum,
2319 522 2476 561 anno
2501 506 2721 563 Christi
2758 508 2935 577 1282,
2960 507 3051 562 die
3088 509 3147 563 11
3184 508 3522 564 Decembris
3555 510 3798 568 Michao

359 604 663 656 mortuum
702 595 1042 653 Michaelem
1077 612 1231 651 anno
1258 594 1461 649 mundi
1483 593 1654 663 juxta
1678 597 2023 663 computum

357 690 697 746 Graecorum
730 688 898 756 6791,
933 687 1119 741 aetatis
1151 702 1275 740 suae
1322 684 1411 737 58.
1471 681 1532 737 Ὁ
1596 680 1689 753 μὲν
1745 678 1811 748 δὴ
1878 681 2026 753 βασι-

358 775 485 839 λεὺς
517 778 726 850 (verba
758 781 895 832 sunt
949 776 1209 845 Gregorze
1246 775 1317 829 de
1366 770 1649 829 Michaele
1706 770 2026 841 Palmologo

371 866 707 938 scribentis)
733 864 854 939 περῖ
889 862 979 924 οὒς
1012 862 1325 937 εἰρήκειμεν
1384 860 1585 921 τόπους
1642 859 1767 934 παρ’
1824 856 2022 913 ἐλπίδα

356 960 455 1021 τῆς
490 954 699 1017 οἰκείας
733 948 896 1028 ἔτυχε
922 951 1184 1021 τελευτῆς
1232 951 1369 1005 κατὰ
1425 950 1487 1003 τὸ
1546 945 2016 1023 ἐξακισχιλιοστὸν

354 1044 789 1100 ἑπτακοσιοστὸν
841 1042 1192 1112 ἐνενηκοστὸν
1249 1040 1466 1115 πρῶτον
1528 1037 1670 1107 ἔτος,
1724 1038 1868 1091 ὀκτὼ
1927 1036 2016 1091 καὶ

352 1136 698 1205 πεντήκοντα
757 1133 892 1187 ἐτῶν
955 1130 1267 1206 τυγχάνων.
1331 1131 1449 1186 Hoc
1508 1135 1641 1186 est:
1703 1132 2019 1199 Imperator

348 1231 505 1284 circa
536 1226 647 1282 illa
678 1242 795 1297 quae
826 1224 1078 1279 diximus
1107 1225 1222 1279 loca
1266 1224 1477 1294 praeter
1511 1237 1662 1292 spem
1718 1220 1851 1275 vita:
1904 1236 2015 1273 suae

350 1315 519 1385 ﬁnem
551 1318 788 1382 invenit,
822 1331 972 1371 anno
1000 1313 1183 1369 sexies
1213 1312 1510 1368 millesimo
1540 1310 2013 1382 septingentesimo

348 1405 711 1477 nonagesimo
733 1404 941 1477 primo,
976 1421 1142 1475 agens
1173 1404 1357 1458 aetatis
1400 1418 1614 1457 annum
1665 1400 2010 1472 quinquage-

345 1496 551 1553 simum
582 1504 853 1552 octavum.
890 1497 976 1550 Ita
1008 1496 1314 1566 Gregoras.

421 1605 495 1661 II.
530 1606 601 1660 At
634 1607 830 1660 noster
875 1602 1287 1675 Pacbymeres,
1346 1600 1386 1655 1.
1451 1618 1526 1666 v1,
1588 1615 1637 1655 ο.
1700 1598 1769 1651 36
1828 1597 2006 1667 hujus

349 1695 565 1766 operis,
598 1694 682 1749 sic
716 1693 922 1750 scribit
944 1694 1015 1748 de
1044 1692 1137 1748 die
1170 1692 1367 1747 obitus
1416 1688 1714 1744 Michaelis
1749 1705 1761 1746 :
1795 1686 2004 1760 Ἡμέραι

346 1788 411 1854 ἦν
470 1784 784 1857 παρασκευὴ
852 1779 1109 1852 ἑνδεκάτη
1172 1779 1637 1857 σκιρῥοφοριῶνος
1706 1780 1851 1833 747
1904 1779 2001 1830 τοῦ

2136 591 2249 647 lem
2286 595 2679 669 Palaeologum
2701 596 3341 668 vivendietimperandi
3369 598 3540 653 linem
3567 600 3790 656 fecisse-

2132 684 2403 748 Quandiu
2440 686 2815 759 imperaverit
2846 687 3296 758 disquirendum
3334 692 3534 743 restat.
3567 689 3788 745 Diserte

2130 773 2520 848 Pachymeres
2547 777 2691 833 Hist.
2728 795 2776 833 c.
2814 776 3020 833 ultimo
3060 777 3385 849 imperasse
3439 779 3785 835 Michaelem

2128 865 2342 919 asserit
2375 866 2548 922 annis
2579 867 2783 937 viginti
2819 872 3091 938 quatuor;
3124 867 3300 937 idque
3332 869 3552 939 ipsum,
3586 873 3651 924 ut
3682 887 3786 941 pa-

2130 951 2248 1008 lam
2286 959 2512 1023 notum,
2551 960 2722 1011 antea
2757 960 3035 1027 posuerat
3068 972 3115 1011 c.
3150 959 3239 1024 2l,
3274 956 3311 1010 l.
3348 974 3424 1011 1v.
3459 957 3638 1029 Atqui
3672 958 3782 1013 hoc

2126 1044 2367 1115 quidem
2404 1062 2552 1117 aegre
2575 1046 2924 1101 conciliatur
2946 1063 3076 1101 cum
3100 1046 3171 1102 iis
3199 1046 3467 1117 quaejam
3495 1050 3658 1103 omni
3682 1050 3788 1104 fir-

2124 1134 2328 1189 mitate
2361 1136 3088 1203 constituimus,nimirum
3126 1140 3467 1191 coronatum
3500 1154 3634 1192 eum
3667 1139 3782 1193 ritu

2121 1223 2370 1278 solemni
2398 1231 2730 1295 Augustum
2769 1225 3023 1297 primum
3052 1225 3234 1280 fuisse
3264 1224 3534 1281 Kalendis
3554 1226 3775 1281 Janua-

2120 1313 2188 1367 rii
2213 1314 2348 1368 anni
2372 1315 2589 1369 Christi
2616 1315 2975 1381 1260,vivere
2994 1320 3187 1368 autem
3215 1315 3462 1370 desiisse
3486 1318 3543 1370 11
3568 1316 3777 1371 Decem

2117 1404 2238 1458 bris
2272 1404 2406 1459 anni
2441 1404 2655 1459 Christi
2696 1408 2849 1470 1282;
2878 1422 3012 1459 nam
3046 1421 3113 1458 ex
3140 1403 3231 1459 his
3266 1406 3774 1475 apparetmanife-

2114 1500 2269 1549 stum
2289 1494 2608 1566 imperasse
2628 1495 2787 1549 illum
2804 1512 2835 1549 a
2851 1494 3437 1566 dieinaugurationis
3454 1513 3571 1549 suae
3588 1513 3776 1551 annos

2112 1585 2350 1639 omnino
2368 1584 2573 1655 viginti
2601 1586 2947 1647 tres,minus
2967 1583 3170 1655 viginti
3186 1584 3546 1640 diebus.Dici
3567 1590 3763 1640 tamen

2113 1678 2303 1745 potest
2336 1692 2448 1728 non
2473 1691 2899 1746 usquequaque
2921 1675 3228 1729 aberrasse
3253 1690 3431 1729 avero
3453 1674 3771 1745 Pachyme-

2110 1780 2229 1817 rem
2247 1779 2421 1833 quem
2444 1764 2591 1818 748
2612 1762 2926 1819 verisimile
2948 1764 3104 1817 estid
3126 1762 3395 1818 retulisse
3415 1764 3567 1834 quod
3596 1763 3769 1835 vulgo

345 1873 517 1949 ’ςψγσί
548 1868 722 1935 έτους’
759 1874 917 1929 Feria
964 1876 1085 1928 erat
1128 1852 1307 1927 sexta
1350 1852 1640 1925 undecima
1688 1867 1996 1923 Decembris

2110 1853 2585 1907 ferebatur.Solet
2607 1859 2803 1907 autem
2836 1852 3087 1923 populus
3104 1852 3158 1906 in
3178 1852 3561 1908 numerandis
3577 1868 3746 1907 annis

346 1966 487 2020 anni
514 1966 676 2019 6791.
711 1970 794 2021 Ac
829 1964 886 2019 in
948 1980 1100 2018 anno
1146 1963 1385 2034 quidem
1445 1977 1657 2031 magno
1711 1976 1997 2015 consensu

349 2057 655 2129 Gregoras,
688 2061 753 2112 ut
778 2056 1057 2125 vidimus,
1091 2059 1486 2126 prietereaque
1520 2052 1829 2108 Phrantzcs
1862 2067 1994 2105 cum

344 2146 701 2220 Pachymere
728 2146 1108 2211 conveniunt,
1144 2150 1207 2199 ut
1264 2143 1523 2198 dubitari
1584 2143 1655 2197 de
1714 2142 1820 2196 hoc
1880 2157 1996 2194 non

342 2237 571 2307 debeat,
608 2254 742 2293 cum
775 2237 853 2291 sit
884 2241 1079 2291 tamen
1114 2234 1427 2290 vehemens
1460 2249 1640 2287 causa
1685 2229 1995 2285 dubitandi

340 2343 409 2383 ex
431 2327 878 2383 circumstantia
909 2326 1023 2381 diei
1057 2326 1405 2380 Parasceves
1455 2324 1575 2377 sive
1621 2320 1776 2376 feriae
1827 2328 1995 2375 sexta:

342 2416 444 2472 illo
490 2433 645 2472 anno
701 2416 1063 2472 incurrentis
1113 2415 1170 2469 in
1235 2413 1606 2468 undecimam
1654 2409 1995 2465 Decembris

339 2505 628 2561 diem.Est
652 2521 843 2560 annus
866 2522 991 2559 aera:
1024 2503 1231 2557 mundi
1254 2506 1584 2556 Graecorum
1614 2501 1751 2553 6791
1779 2498 1993 2553 Christi

338 2595 499 2663 1283,
534 2594 641 2649 hoc
665 2597 755 2649 est
793 2610 916 2666 per.
948 2593 1068 2648 Jul.
1095 2592 1259 2657 5096,
1280 2608 1395 2663 quo
1422 2590 1534 2644 fuit
1555 2588 1751 2661 cyclus
1784 2588 1923 2641 solis
1939 2588 1990 2653 4,

340 2699 624 2739 numerus
657 2699 872 2738 aureus
918 2684 1001 2749 11,
1064 2680 1305 2735 indictio
1360 2679 1574 2750 pariter
1635 2678 1721 2745 11,
1783 2675 1991 2748 Cyclcs

342 2789 513 2845 porro
546 2772 688 2829 solis
720 2774 754 2826 4
778 2771 1036 2827 litteram
1060 2770 1285 2825 indicat
1323 2768 1691 2824 Dominicam
1755 2770 1813 2834 C,
1868 2784 1991 2836 quae

339 2878 475 2919 cum
511 2861 799 2934 insigniat
828 2862 986 2916 diem
1019 2860 1435 2915 duodecimum
1468 2856 1828 2925 Decembris,
1883 2870 1993 2909 un-

341 2951 609 3006 decimus
653 2951 979 3007 necessaris
1014 2949 1185 3004 fuerit
1216 2948 1558 3013 Sabbatum,
1618 2962 1733 3000 non
1794 2954 1988 2999 autem

334 3044 657 3096 Parasceve
687 3041 809 3097 sive
832 3044 995 3095 sexta
1026 3039 1189 3105 feria,
1251 3040 1333 3108 (P.
1396 3038 1521 3107 529)
1579 3036 1814 3106 qualem
1854 3052 1987 3090 eum

333 3133 534 3185 tamen
570 3128 673 3185 illo
718 3147 872 3185 anno
926 3128 1109 3183 fuisse
1166 3127 1343 3182 tradit
1404 3143 1506 3197 pro
1557 3125 1885 3181 certissimo
1935 3128 1991 3179 et

328 3221 503 3292 vulgo
537 3222 854 3277 notissimo
882 3219 1288 3291 Pachymeres.
1327 3217 1514 3288 Igitur
1567 3232 1720 3271 anno
1771 3214 1985 3270 Christi
2019 3238 2061 3301 ρ

327 3310 472 3366 1283
505 3310 655 3367 mori
704 3310 1047 3365 Michaelem
1080 3307 1474 3379 Palasologum
1530 3305 1806 3378 oportuit,
1870 3322 1986 3375 quo

326 3399 531 3472 cyclus
566 3399 709 3456 solis
741 3401 773 3454 3
806 3399 1065 3454 litteram
1105 3397 1415 3453 Dominicae
1450 3397 1707 3452 indicem
1732 3395 1895 3450 dedit
1921 3395 1987 3449 D:

332 3490 454 3546 haec
485 3490 643 3546 enim
678 3491 873 3546 littera
893 3490 1049 3545 diem
1085 3487 1671 3543 Decembristertium
1697 3484 1990 3539 decimum

332 3579 621 3646 afﬁciens,
657 3580 897 3635 tertium
934 3583 1087 3633 retro
1120 3576 1501 3631 undecimum
1539 3575 1720 3629 fuisse
1766 3578 1991 3628 sextam

334 3669 540 3725 feriam
573 3669 959 3725 demonstrat.
1010 3665 1161 3730 Quid
1219 3664 1406 3736 ergo?
1449 3664 1714 3719 dicemus
1762 3678 1990 3718 errasse

339 3760 567 3814 Graecos
624 3758 935 3814 historicos
976 3757 1034 3811 in
1097 3772 1251 3811 anno
1295 3753 1501 3809 mortis
1560 3751 1881 3817 Michaelis,
1935 3755 1993 3806 et

339 3866 443 3921 pro
474 3850 617 3904 6790
642 3853 986 3920 sequentem
1017 3846 1155 3900 6791
1213 3844 1506 3899 indicasse
1537 3844 1563 3896 7
1598 3842 1677 3899 Ne
1707 3857 1992 3912 cogamur

337 3939 445 3995 hoc
476 3939 690 4008 dicere,
727 3938 942 4010 duplex
974 3936 1151 4007 hujus
1178 3934 1534 4006 explicanda;
1591 3930 1991 4004 perplexitatis

336 4028 600 4100 suppetit
630 4027 797 4083 ratio.
822 4030 893 4081 At
921 4025 1080 4083 enim
1106 4024 1359 4079 labentis
1407 4024 1533 4093 jam
1566 4020 1704 4077 anni
1763 4021 1902 4073 6790
1934 4024 1992 4074 et

337 4133 556 4189 paucos
582 4117 874 4172 duntaxat
903 4114 1146 4172 extremi
1177 4112 1517 4169 Decembris
1560 4111 1682 4166 dies
1733 4109 1991 4180 reliquos

335 4207 629 4264 trahentis
656 4209 945 4263 rationem
980 4223 1096 4263 non
1129 4205 1462 4261 habendam
1497 4201 1752 4275 pepulus
1810 4204 1867 4256 et
1899 4199 1992 4254 hi-

336 4297 536 4353 storici
554 4297 1121 4367 censentes,obitum
1141 4295 1271 4364 ejus
1289 4310 1357 4349 ex
1373 4308 1529 4349 anno
1552 4307 1685 4346 mox
1701 4289 1990 4361 sequenti,

331 4387 498 4453 6791,
527 4403 639 4459 quo
690 4387 740 4441 is
781 4384 1051 4440 videlicet
1085 4383 1368 4452 innotuit,
1401 4380 1844 4452 insigniendum
1885 4395 1993 4450 pu-

332 4479 622 4542 taverunt,
654 4473 918 4547 neglecto
952 4471 1298 4529 discrimine
1332 4470 1554 4527 nullius
1590 4471 1869 4525 momenti
1919 4469 1993 4523 ad

335 4564 568 4621 civilem
619 4563 1088 4629 aestimationem,
1126 4579 1255 4632 quae
1314 4562 1435 4617 fere
1481 4559 1774 4615 minutam
1837 4555 1994 4631 ἀκρί-

335 4648 486 4707 ϐειαν
520 4654 765 4725 respuit.
798 4655 933 4719 Aut,
968 4651 1124 4724 quod
1156 4649 1540 4706 verisimilius
1601 4665 1749 4715 reor,
1804 4664 1992 4703 anno-

336 4760 469 4800 rum
506 4745 714 4800 mundi
746 4748 802 4799 et
832 4759 955 4798 azrze
988 4758 1109 4796 suae
1141 4739 1687 4812 principium,item,
1714 4742 1777 4793 ut
1807 4737 1993 4792 indic-

336 4833 539 4903 tionis,
581 4830 976 4906 aSeptembri
1036 4828 1219 4885 Grazci
1278 4828 1596 4900 repetebat.
1661 4827 1825 4883 Unde
1868 4827 1993 4897 jam

336 4927 462 4980 tum
497 4939 691 4979 annus
744 4921 953 4976 mundi
1002 4921 1175 4990 juxta
1232 4918 1395 4989 ipsos
1451 4918 1589 4971 5791
1654 4920 1906 4987 cmperat
1962 4932 1996 4970 a

338 5028 543 5068 mense
573 5012 691 5067 fere
720 5012 917 5076 tertio,
953 5026 1085 5065 cum
1123 5008 1260 5063 anni
1304 5006 1521 5062 Christi
1580 5007 1715 5061 1282
1773 5004 1994 5061 mensis

337 5104 588 5161 ultimus
647 5104 967 5160 December
1014 5099 1354 5157 volvebatur
1430 5098 1502 5153 Ut
1554 5112 1686 5153 vere
1744 5096 1995 5153 dixerint

337 5193 1044 5265 Pachymeres,Gregoras
1075 5194 1131 5245 et
1161 5188 1480 5243 Phrantzes
1506 5186 1723 5243 obiisse
1747 5185 1993 5242 Michae-

334 5282 450 5340 lem
483 5292 637 5340 anno
662 5284 825 5349 6791,
852 5298 956 5338 nec
985 5296 1118 5336 vere
1152 5284 1348 5335 tamen
1391 5276 1742 5347 scripserint
1801 5276 1991 5347 Spon-

335 5374 529 5428 danus
556 5377 613 5428 et
645 5371 968 5428 Rainaldus
1001 5369 1274 5425 eumdem
1290 5384 1445 5422 anno
1476 5365 1692 5422 Christi
1715 5366 1855 5421 1283
1875 5366 1993 5420 fato

334 5462 771 5529 functum,cum
803 5458 901 5514 illo
923 5473 1077 5513 anno
1108 5455 1233 5511 dies
1268 5454 1600 5509 Decembris
1657 5453 1989 5520 undecima,

334 5567 454 5622 qua
483 5549 703 5606 efﬂavit
735 5549 1017 5617 animam,
1078 5544 1429 5615 Sabbatum,
1478 5560 1594 5600 non
1628 5547 1792 5600 sexta
1848 5541 1994 5598 feria

336 5638 535 5693 fuerit.

412 5744 633 5801 lll.tloc
660 5745 848 5818 igitur
875 5742 1281 5800 existimamus
1305 5757 1411 5813 pro
1442 5738 1772 5795 indubitato
1797 5741 1994 5794 tenen-

2103 1948 2432 1998 accuratam
2468 1946 2523 1997 et
2557 1944 2847 1997 minutam
2882 1943 3183 2013 aspernari
3215 1942 3608 2014 diligentiam;
3661 1959 3769 1997 nec

2105 2032 2221 2087 fere
2254 2032 2485 2086 dubitat
2516 2032 2739 2099 decem,
2764 2032 3012 2102 exempli
3047 2032 3252 2103 gratia,
3287 2031 3337 2085 ei
3372 2031 3619 2102 principi
3651 2049 3756 2086 an-

2104 2138 2209 2175 nos
2244 2122 2522 2190 tribuere,
2556 2139 2731 2192 quem
2758 2126 2989 2176 constet
3014 2138 3226 2175 nonum
3260 2121 3602 2175 excessisse.
3642 2121 3751 2175 Mi-

2104 2210 2264 2265 nime
2323 2210 2464 2265 item
2527 2215 2692 2280 putat
2764 2209 3161 2265 necessarium
3196 2209 3759 2280 abinaugurationis

2103 2299 2196 2353 die
2229 2298 2486 2369 primum
2532 2298 2767 2353 initium
2802 2299 2923 2369 regi
2987 2300 3220 2363 ducere,
3269 2297 3369 2353 ubi
3418 2315 3754 2369 supremam

2104 2394 2454 2458 petestatem
2486 2396 2658 2443 antea
2684 2388 2852 2444 illum
2874 2388 3207 2443 exercuisse
3232 2386 3422 2458 palam
3440 2390 3759 2458 est.1taque

2102 2478 2415 2549 imperium
2448 2476 2752 2532 Michaelis
2782 2477 3089 2547 Palaeologi
3132 2476 3258 2546 jam
3293 2492 3361 2530 ex
3406 2492 3472 2530 eo
3502 2480 3761 2547 tempore

2101 2567 2399 2622 numerari
2433 2568 2625 2637 potuit
2658 2584 2773 2638 quo
2808 2567 2857 2621 is
2894 2571 3053 2621 tutor
3084 2565 3331 2620 Joannis
3358 2570 3447 2620 est
3492 2566 3725 2621 declara

2100 2660 2215 2725 tus;
2250 2657 2403 2728 quod
2438 2657 2687 2725 contigit
2719 2654 2895 2726 paulo
2929 2659 3060 2726 post
3088 2654 3459 2709 Muzalonum
3513 2656 3758 2721 caedem,

2099 2747 2199 2818 qui
2234 2764 2385 2803 nono
2418 2747 2511 2801 die
2545 2748 2614 2801 ab
2656 2747 2817 2802 obitu
2851 2745 3137 2801 Theodori
3187 2745 3436 2817 Augusti
3487 2750 3627 2801 sunt
3673 2746 3757 2799 in-

2099 2836 2348 2893 terfecti.
2385 2837 2539 2891 Mors
2568 2836 2851 2891 Theodori
2887 2852 2955 2889 ex
2984 2835 3314 2906 Acropolita
3346 2834 3400 2889 in
3425 2837 3754 2905 Augustum

2100 2942 2364 2981 mensem
2421 2925 2650 2991 incidit,
2703 2926 2911 2996 Opinor
2965 2923 3329 2979 desinentem
3371 2966 3384 2991 ,
3448 2941 3578 2979 cum
3638 2926 3744 2979 Pa-

2098 3016 2402 3087 chymcres
2462 3031 2591 3069 eam
2655 3015 2917 3068 conferat
2976 3013 3032 3067 in
3085 3013 3339 3068 conﬁnia
3407 3016 3627 3069 aestatis
3695 3019 3753 3069 et

2098 3104 2389 3160 autumni.
2459 3106 2505 3159 A
2570 3102 2901 3175 Septembri
2959 3118 3097 3173 ergo
3144 3102 3285 3157 anni
3336 3101 3556 3157 Christi
3616 3104 3760 3157 1259

2100 3193 2326 3264 imperii
2353 3192 2613 3247 habenas
2635 3189 2876 3245 Michael
2906 3190 3405 3262 sumpserit,quas
3433 3191 3624 3246 tenuit
3649 3193 3757 3247 du-

2102 3284 2184 3339 cis
2214 3282 2436 3354 magni,
2467 3282 2677 3336 deinde
2712 3282 2967 3351 despotae
3002 3280 3389 3347 titulo,donec
3433 3282 3543 3336 sub
3578 3282 3753 3336 ﬁnem

2099 3372 2437 3427 Decembris
2460 3372 2531 3425 ad
2568 3369 2797 3441 imperii
2831 3385 2964 3423 cum
3002 3368 3223 3440 popillo
3257 3368 3571 3441 collegium
3622 3386 3755 3425 eve-

2099 3462 2361 3517 heretur.
2396 3461 2613 3515 Revera
2646 3460 2828 3531 igitur
2857 3457 3164 3528 imperavit
3209 3474 3387 3529 super
3436 3476 3621 3514 annos
3673 3460 3757 3513 vi-

2100 3550 2248 3622 ginti
2273 3555 2391 3605 tres
2425 3549 2683 3621 expletos
2716 3548 2948 3602 duobus
2977 3547 3094 3601 fere
3139 3547 3466 3616 mensibus,
3503 3553 3566 3602 ut
3597 3547 3645 3602 si
3680 3548 3750 3603 de

2102 3640 2274 3695 annis
2304 3638 2591 3694 inchoatis
2624 3653 2814 3693 sermo
2847 3636 2944 3705 sit,
2981 3636 3182 3706 negari
3213 3640 3461 3706 nequeat
3502 3636 3571 3689 24
3622 3639 3751 3706 ejus

2100 3729 2332 3800 imperii
2367 3745 2555 3783 annos
2586 3726 2887 3781 numerari
2922 3725 3202 3795 potuisse.
3238 3725 3299 3779 In
3333 3725 3486 3779 hunc
3507 3727 3749 3782 modum

2100 3819 2513 3887 Pachymerem
2574 3818 2813 3887 quidem
2883 3815 2954 3869 ab
3032 3832 3227 3870 errore
3319 3815 3749 3871 vindicamus:

2100 3906 2579 3976 Phraatzem,qui
2600 3909 2843 3959 mortem
2864 3903 3168 3958 Michaelis
3188 3906 3493 3974 conjungit
3512 3922 3644 3960 cum
3664 3907 3748 3959 in-

2101 3994 2357 4050 dictione
2382 3991 2790 4068 14,ἀλογιστέας
2817 3992 3119 4046 absolvere
3136 4010 3246 4047 non
3274 4000 3753 4064 possumus.Cer-

2100 4085 2403 4140 tissimum
2427 4084 2584 4139 enim
2618 4088 2707 4138 est
2738 4098 2890 4137 anno
2924 4081 3141 4135 Christi
3184 4082 3475 4154 1282,quo
3504 4083 3756 4139 Michae-

2100 4174 2215 4230 lem
2242 4177 2474 4229 constat
2503 4178 2825 4238 mortuum,
2859 4169 3242 4225 indictionem
3298 4171 3365 4224 1O
3423 4171 3607 4226 fuisse
3640 4188 3757 4226 nu-

2103 4270 2413 4321 meratam.

2176 4391 2269 4445 IV.
2305 4390 2599 4446 Hactenus
2630 4391 2847 4446 versati
2882 4387 3295 4460 chronologica
3326 4386 3602 4441 methodo
3657 4403 3757 4441 su-

2104 4498 2236 4536 mus
2267 4480 2323 4535 in
2356 4479 2597 4551 epochis
2621 4480 2800 4551 hujus
2832 4480 3092 4537 historia:
3126 4476 3397 4549 ﬁgendis,
3424 4492 3552 4546 quae
3600 4483 3754 4531 certo

2103 4570 2297 4641 aliquo
2358 4569 2633 4641 insigniri
2691 4570 3028 4626 charactere
3091 4570 3453 4640 potuerunt:
3518 4571 3757 4621 cmteras

2108 4676 2361 4731 quarum
2396 4660 2847 4714 statuendarum
2880 4659 2939 4714 in
2975 4654 3248 4731 prudenti
3272 4654 3610 4724 conjectura
3640 4658 3760 4709 tota

2108 4766 2243 4821 spes
2277 4748 2392 4803 sita
2421 4752 2532 4813 est,
2568 4747 2661 4803 hic
2694 4747 3001 4819 sigillatim
3033 4743 3270 4816 exsequi
3304 4760 3408 4798 nec
3443 4743 3629 4798 otium
3673 4749 3763 4798 est

2109 4854 2215 4893 nec
2248 4855 2436 4909 operte
2469 4837 2642 4892 fuerit
2674 4837 2950 4909 pretium.
2985 4835 3141 4890 Satis
3174 4835 3249 4889 sit
3280 4849 3397 4900 eas,
3435 4832 3516 4886 uti
3550 4838 3606 4887 et
3634 4838 3763 4888 acta

2109 4928 2216 4982 hoc
2256 4943 2429 4997 Opere
2462 4932 2788 4981 memorata
2822 4926 3133 4998 praecipua,
3177 4921 3484 4976 verisimili
3536 4921 3763 4977 ratione

2106 5018 2166 5070 in
2200 5016 2463 5071 ordinem
2494 5015 2777 5087 digestas,
2810 5016 2987 5071 certis
3020 5015 3077 5068 in
3110 5014 3290 5067 abaco
3347 5010 3761 5083 chronologico

2107 5104 2279 5160 annis
2311 5104 2634 5177 assignare.
2670 5106 2832 5170 Quod
2865 5108 3181 5174 antequam
3214 5099 3614 5171 aggredimur,
3658 5102 3763 5156 (1οπ

2108 5196 2479 5252 scribendam
2495 5196 2589 5251 hic
2610 5197 2827 5267 [P530]
2854 5195 2992 5249 duxi
3020 5194 3087 5248 ad
3101 5190 3562 5247 notatiunculam
3588 5191 3759 5249 lecto-

2109 5286 2211 5354 ris,
2248 5289 2311 5339 ut
2340 5291 2605 5356 apparet,
2639 5284 2894 5339 accurali
2956 5282 3274 5353 ascriptam
3326 5280 3383 5334 in
3445 5280 3763 5338 Barberino

2107 5375 2326 5445 Optimo
2360 5374 2558 5430 codice
2590 5375 2660 5429 ad
2696 5390 2858 5429 oram
2892 5372 3261 5436 exteriorem,
3294 5387 3324 5424 e
3358 5369 3596 5441 regione
3640 5388 3762 5425 vcr-

2108 5466 2318 5519 borum
2354 5462 2590 5518 illorum
2626 5480 2676 5533 c,
2709 5464 2850 5529 27,1.
2883 5478 2955 5516 IV:
2984 5462 3108 5516 Τῶν
3139 5460 3344 5532 χωρῶν
3375 5456 3761 5531 κατεχομένων

2105 5557 2223 5616 τοῖς
2255 5552 2709 5627 Πέρσαις,παΛαι
2742 5550 2800 5604 ἂν
2857 5555 2975 5612 ταῖς
3039 5548 3253 5624 χώραις
3311 5548 3401 5601 καὶ
3455 5545 3588 5600 αὐτὰ
3644 5567 3762 5601 συν-

2107 5641 2538 5700 ἀπώλοντο.Αά
2566 5645 2709 5715 hinc,
2752 5643 2924 5715 signo
2957 5643 3149 5698 indice
3201 5639 3493 5713 apposito,
3551 5641 3637 5696 sio
3693 5658 3761 5695 ex

2106 5735 2353 5792 adverso
2387 5734 2677 5807 scriptum
2710 5749 2891 5789 manu
2923 5729 3345 5804 antiquissima
3382 5732 3437 5785 et
3456 5728 3761 5801 scripturae
