4120 6448
275 556 415 614 1219

277 674 3268 704 __._____________——————————-——-—-————-——————————————-—————

1936 808 2036 869 AD

1788 542 2180 598 APPENDIX.

3562 514 3717 604 4220'

3351 678 3703 693 Ἢ

805 985 1322 1136 SPECIMEN
1420 983 2013 1134 SAPIllNl‘l/E
2114 986 2592 1135 lNllOtlUll
2688 989 3181 1136 VETERUM

1523 1248 2471 1346 PROLEGOMENA

953 1489 955 1491 ι
1004 1453 1512 1515 INTERPRETE
1555 1451 1817 1514 PETRO
1864 1449 2218 1524 POSSINO,
2266 1451 2722 1515 SOGIETATIS
2762 1455 2978 1517 JESU.

1634 1803 2264 1866 PROLEGOMENON
2308 1804 2354 1864 Ι.

508 1948 784 2009 Historia
816 1943 1250 2027 deportationis
1282 1963 1357 2004 ex
1388 1941 1567 2003 India
1600 1943 1660 2001 in
1689 1937 2000 2001 Persidem
2035 1938 2186 1999 libri
2206 1943 2303 1999 cui
2341 1936 2551 2000 titulus
2581 1948 2664 2001 est
2695 1964 2716 1999 :
2756 1962 2787 2000 ι
2828 1938 3139 2021 Specimen
3176 1938 3489 2021 sapientiae

1691 2038 1977 2099 Indorum
2013 2047 2305 2098 veterum.

353 2402 396 2455 Ι.
431 2398 739 2463 Chosroes,
779 2399 1091 2449 Persarum
1147 2406 1266 2460 rex,
1302 2388 1401 2459 qui
1451 2390 1508 2443 et
1557 2385 2018 2451 AnasuranusA
2051 2383 2302 2454 toribus,
2360 2384 2502 2440 viris
2562 2385 2812 2457 magnis,
2870 2387 3201 2458 prudentiae
3251 2405 3317 2446 ac
3388 2389 3724 2463 sapientia,

284 2489 628 2544 nominatus
684 2489 794 2551 est,
849 2481 1084 2537 Davidis
1146 2479 1326 2548 filius,
1376 2494 1510 2534 cum
1565 2474 1828 2530 audisset
1874 2474 1944 2528 de

287 2578 544 2649 quodam
578 2574 727 2629 libro
761 2570 1093 2643 conscripto
1125 2570 1181 2623 in
1219 2567 1458 2640 regione
1495 2566 1671 2621 Indiae
1705 2565 1775 2619 ab
1808 2579 1943 2618 eru-

288 2667 428 2722 ditis
453 2670 509 2720 et
533 2663 901 2735 sapientibus
929 2660 1164 2714 illarum
1196 2656 1486 2731 gentium,
1509 2654 1844 2710 continente
1867 2654 1946 2707 fa-

293 2755 461 2812 bulas
493 2753 661 2808 valde
703 2751 879 2807 utiles
931 2748 1092 2804 omni
1136 2746 1445 2803 hominum
1498 2743 1718 2817 generi,
1753 2742 1948 2815 parvis

292 2853 349 2901 et
384 2843 633 2917 magnis,
660 2840 1030 2913 principibus
1063 2842 1119 2892 et
1151 2834 1542 2906 subditis,qui
1569 2832 1949 2888 absconditus

296 2936 629 2988 servaretur
658 2931 716 2984 in
747 2929 907 3000 regio
928 2926 1049 2981 illic
1076 2922 1365 2979 tabulario
1392 2938 1405 2976 :
1431 2922 1502 2975 de
1524 2920 1654 2991 hoc,
1681 2920 1949 2990 inquam,

291 3022 505 3076 certior
528 3019 741 3084 factus,
766 3025 820 3072 et
851 3016 1023 3089 plane
1055 3029 1378 3086 persuasus
1411 3010 1706 3066 salubrem
1738 3008 1853 3064 sibi
1885 3024 1949 3063 ac

297 3110 423 3165 suis
490 3110 734 3163 istorum
797 3103 1178 3177 apologorum
1240 3117 1432 3157 mores
1498 3098 1949 3154 informantium

295 3197 690 3269 cognitionem
744 3195 884 3263 fore,
930 3192 1113 3264 jussit
1170 3189 1391 3261 inquiri
1445 3189 1636 3243 virum
1696 3186 1953 3258 aliquem

297 3289 558 3354 doctum,
605 3286 886 3339 scientem
951 3282 1164 3354 linguae
1223 3279 1453 3345 Indicas,
1506 3278 1601 3332 cui
1651 3281 1805 3331 recte
1857 3276 1956 3329 de-

305 3375 571 3433 mandari
608 3373 907 3446 negotium
958 3374 1160 3443 posset
1189 3369 1318 3440 ejus
1351 3367 1544 3439 operis
1595 3366 1656 3420 in
1706 3379 1956 3437 regnum

299 3472 357 3520 et
415 3480 749 3521 sermonem
808 3461 1110 3516 Persicum
1170 3455 1586 3513 transferendi.
1647 3454 1814 3509 Haud
1878 3453 1960 3508 ita

302 3554 489 3610 multo
521 3558 653 3623 post
681 3552 718 3606 ii
753 3551 971 3624 quibus
997 3550 1145 3603 hanc
1177 3564 1377 3602 curam
1413 3544 1678 3608 dederat,
1706 3542 1959 3597 adduxe-

303 3648 442 3697 runt
494 3642 607 3714 ipsi
656 3640 848 3696 virum
900 3637 1270 3709 prudentem,
1317 3639 1495 3703 atque
1542 3630 1704 3687 omni
1748 3645 1960 3703 genere

2058 2473 2343 2529 facundiae
2377 2490 2611 2546 quoque
2667 2482 2724 2530 et
2772 2476 3125 2534 eruditionis
3173 2480 3499 2551 omnigenis
3551 2480 3731 2539 laude

2056 2564 2410 2635 conspicuis.
2441 2565 2591 2628 Quin
2616 2565 2791 2620 etiam
2819 2567 3247 2639 prazcipuorum
3271 2585 3341 2625 ex
3360 2570 3511 2642 ipsis
3536 2571 3723 2627 maxi-

2056 2669 2261 2723 meque
2302 2652 2625 2708 illustrium
2677 2654 2884 2710 limina
2930 2657 3175 2725 terebat,
3209 2658 3370 2714 domi
3422 2676 3723 2733 quemque

2059 2742 2413 2798 conveniens
2446 2759 2511 2798 ac
2545 2742 2812 2798 salutans
2835 2760 2977 2815 suae,
3001 2749 3057 2801 et
3079 2752 3145 2802 ut
3169 2746 3434 2818 ipsorum
3466 2750 3727 2821 promis-

2058 2848 2167 2887 cuo
2201 2847 2472 2886 sermone
2516 2832 2879 2904 proﬁciebat,
2912 2833 2997 2889 sic
3029 2839 3088 2890 et
3118 2834 3237 2891 illis
3268 2837 3533 2893 vicissim
3565 2837 3728 2893 haud

2060 2920 2359 2991 ingratum
2392 2920 2687 2977 comitatis
2733 2925 2791 2976 et
2839 2922 3021 2978 studii
3069 2925 3373 2997 specimen
3421 2926 3732 2995 exhibens,

2064 3028 2178 3067 non
2222 3027 2397 3081 parva
2442 3027 2552 3067 sua
2600 3010 2796 3067 laude.
2829 3012 3005 3069 Porro
3054 3015 3113 3070 in
3164 3015 3259 3071 his
3310 3016 3736 3089 congressibus

2064 3099 2523 3171 diligentissime
2554 3105 2817 3169 cavebat,
2842 3118 2914 3157 ne
2945 3103 3085 3174 quid
3120 3109 3319 3176 ageret
3352 3112 3453 3161 aut
3486 3105 3733 3174 diceret,

2065 3190 2220 3244 unde
2253 3187 2525 3244 subolere
2572 3189 2850 3261 cuiquam
2884 3196 3084 3263 posset
3113 3192 3345 3250 venisse
3398 3194 3596 3266 ipsum
3631 3212 3734 3251 ex-

2063 3277 2360 3333 scribendi
2409 3294 2589 3334 causa
2635 3276 2793 3345 libri,
2836 3295 3011 3351 quem
3064 3281 3241 3338 Indos
3291 3283 3518 3339 sciebat
3566 3282 3727 3340 nolle

2063 3367 2484 3422 communicari
2528 3368 2801 3437 gentibus
2843 3370 3054 3425 exteris
3085 3387 3098 3424 :
3128 3375 3359 3428 tantum
3396 3390 3513 3445 prae
3542 3390 3603 3429 se
3641 3374 3730 3429 fe-

2064 3459 2230 3514 rebat
2264 3457 2474 3530 ingens
2505 3458 2862 3514 desiderium
2898 3460 3187 3529 discendi,
3221 3462 3516 3520 simulans
3547 3464 3726 3520 etiam

2065 3565 2129 3604 se
2159 3549 2466 3619 ignarum;
2498 3552 2554 3604 et
2584 3552 2747 3604 tanta
2795 3549 3096 3607 docilitate
3145 3553 3394 3610 audiens
3427 3554 3729 3610 interdum

2068 3637 2179 3692 sibi
2215 3641 2375 3705 nota,
2409 3638 2551 3693 dum
2586 3638 2659 3693 ab
2692 3638 2966 3708 exoratis,
3000 3644 3067 3695 ut
3095 3657 3158 3696 se
3191 3658 3308 3698 non
3342 3649 3733 3714 gravarentur

292 3732 703 3827 doctrinarum
751 3726 1072 3827 eruditum,
1107 3728 1230 3827 arte
1261 3739 1327 3778 ac
1360 3722 1725 3823 professione
1775 3720 1961 3775 medi-
1993 3764 2041 3827 B
2072 3726 2428 3798 discipulum
2492 3726 2866 3799 peregrinum
2911 3729 3168 3799 erudire,
3226 3732 3736 3804 gymnosophistis

296 3837 452 3883 cum.
500 3817 738 3873 nomine
789 3816 1080 3870 Perzoem.
1118 3813 1220 3867 Hic
1272 3829 1407 3867 cum
1460 3812 1514 3866 in
1576 3814 1954 3881 conspectum

299 3909 553 3965 venisset
585 3906 760 3977 regis,
787 3902 1221 3959 demississima
1262 3901 1658 3974 prostratione
1698 3899 1957 3971 corporis

304 4014 439 4053 cum
497 3999 828 4064 veneratus,
876 3991 975 4046 ubi
1039 3991 1484 4055 assurrexisset,
1535 3992 1620 4045 sic
1677 3993 1768 4044 est
1823 4003 1957 4041 eum

309 4090 521 4144 affatus
550 4086 836 4143 Chosroes
872 4102 885 4141 :
918 4084 1187 4140 Delatum
1234 4083 1305 4136 ad
1348 4099 1442 4137 me
1471 4086 1561 4137 est
1592 4081 1662 4136 de
1696 4089 1791 4136 tua
1822 4096 1961 4151 pru-

310 4178 531 4242 dentia,
565 4175 891 4230 eruditione
923 4191 989 4229 ac
1015 4173 1252 4227 virtute.
1274 4171 1445 4226 Venit
1478 4187 1649 4243 porro
1680 4170 1738 4224 in
1772 4185 1960 4224 meam

313 4268 578 4324 notitiam
629 4266 786 4320 fama
834 4263 968 4319 libri
1027 4262 1339 4332 cujusdam
1391 4260 1449 4314 in
1511 4258 1698 4329 India“
1725 4259 1960 4323 servati,

314 4360 601 4430 praecepta
641 4370 873 4409 morum
925 4351 1219 4424 praeclara,
1251 4349 1433 4422 gratis
1478 4349 1702 4404 intexta
1751 4365 1963 4403 narra-

314 4444 616 4515 tiunculis,
651 4442 967 4498 utilissime
1018 4439 1324 4495 tradentis.
1360 4439 1548 4509 Hujus
1594 4454 1699 4510 ego
1729 4434 1965 4490 videndi

312 4532 912 4603 communicandique
964 4529 1156 4586 Persis
1203 4528 1348 4583 meis
1381 4528 1601 4600 ingenti
1636 4532 1837 4582 teneor
1866 4526 1968 4580 de-

315 4624 551 4681 siderio.
577 4622 681 4677 Hic
712 4638 843 4676 cum
876 4627 1119 4675 Perzoes
1150 4619 1220 4673 ad
1257 4634 1487 4673 omnem
1526 4633 1759 4688 operam
1793 4620 1971 4686 atque

315 4713 663 4785 obsequium
722 4727 851 4765 sese
911 4713 1252 4781 promptum
1314 4706 1648 4775 obtulisset,
1696 4704 1970 4776 praecepit

316 4820 415 4860 rex
470 4803 522 4858 ei
584 4801 879 4857 numerari
932 4802 1165 4854 tantum
1245 4796 1505 4869 pecunia:
1563 4799 1851 4867 quantum
1910 4794 1971 4849 in

311 4893 594 4949 viaticum
628 4895 685 4946 et
714 4888 1234 4947 commorationem
1277 4887 1335 4941 in
1382 4886 1546 4942 India
1580 4884 1973 4940 necessariam

316 4983 384 5037 ad
420 4998 541 5036 rem
575 4996 701 5051 quas
743 4977 1165 5049 injuugebatur
1204 4975 1438 5030 abunde
1471 4973 1855 5029 suffecturum
1887 4973 1973 5027 vi-

2072 3817 2468 3883 traderentur,
2492 3821 2557 3871 ut
2588 3816 2748 3887 ipsos
2780 3817 3189 3890 magisterium
3218 3819 3535 3877 delectaret
3555 3838 3734 3878 suum

2078 3912 2197 3961 tam
2234 3906 2351 3961 acri
2405 3905 2690 3961 discentis
2739 3907 3061 3964 attentione
3089 3910 3595 3967 commendatum.
3630 3916 3740 3966 Per

2076 3996 2199 4051 hinc
2261 3996 2375 4050 sibi
2431 3994 2750 4051 consilians
2800 4012 3061 4053 amorem
3122 4002 3180 4053 et
3236 3999 3735 4056 existimationem

2071 4084 2416 4150 multorum,
2442 4084 2598 4139 curis
2620 4084 2919 4157 omnibus,
2946 4086 3265 4158 irrequieta
3294 4088 3608 4157 instantia,
3634 4089 3737 4146 sed

2072 4174 2247 4242 clam,
2283 4182 2340 4229 ut
2375 4190 2522 4245 opus
2564 4178 2709 4240 erat,
2742 4178 2798 4229 et
2828 4175 2976 4230 citra
3007 4177 3405 4248 suspicionem
3440 4180 3566 4235 voti
3599 4195 3738 4251 pro-

2074 4264 2207 4337 prii,
2270 4264 2612 4318 mandatum
2675 4263 2787 4318 sibi
2848 4266 3151 4336 negotium
3216 4269 3485 4341 urgebat,
3529 4272 3741 4327 modos

2075 4353 2388 4425 exquirens
2420 4352 2479 4407 in
2511 4352 2769 4409 latebras
2817 4357 3165 4427 penetrandi
3209 4360 3474 4415 conscias
3506 4360 3737 4416 deside-

2076 4441 2358 4497 ratissimi
2405 4440 2691 4498 thesauri.
2726 4442 2873 4507 Quia
2904 4460 3036 4501 vero
3084 4445 3143 4502 id
3188 4448 3469 4505 cernebat
3500 4454 3740 4505 externo

2084 4532 2195 4587 sibi
2229 4530 2565 4603 contingere
2614 4532 2782 4589 aliter
2813 4533 2969 4589 haud
3002 4552 3176 4608 posse
3224 4554 3401 4609 quam
3454 4539 3742 4596 beneﬁcio

2083 4621 2414 4692 cujuspiam
2450 4638 2519 4677 ex
2556 4621 2675 4677 illic
2723 4624 3088 4695 potentibus,
3137 4626 3463 4683 multorum
3508 4627 3623 4684 sibi
3672 4645 3746 4685 ex

2084 4711 2231 4784 ipsis
2263 4727 2467 4782 parare
2501 4711 2824 4768 amicitiam
2847 4714 3042 4769 omnis
3073 4716 3307 4786 generis
3328 4716 3541 4773 ofﬁciis
3570 4734 3744 4774 cura-

2084 4801 2233 4856 bat:
2268 4816 2372 4854 nec
2406 4799 2757 4872 plerumque
2807 4803 3077 4858 frustra:
3132 4820 3268 4860 nam
3319 4810 3384 4860 ut
3430 4811 3572 4862 sunt
3622 4807 3744 4862 fere

2085 4888 2271 4945 animi
2301 4888 2613 4944 hominum
2637 4891 2705 4944 ad
2733 4889 2981 4962 gratiam
3005 4892 3215 4964 teneri,
3240 4910 3274 4949 a
3294 4893 3570 4966 plurimis
3592 4912 3746 4967 quos

2088 4978 2374 5035 demereri
2433 4978 2717 5050 obsequio
2767 4980 3097 5048 studuerat,
3147 4998 3265 5053 qua
3312 4984 3579 5055 privatis,
3630 5001 3751 5056 qua

315 5072 570 5127 daretur.
602 5070 753 5123 Tum
785 5067 899 5140 ipsi
934 5066 1081 5121 dixit
1118 5082 1131 5119 :
1170 5064 1277 5120 Ubi
1310 5063 1432 5118 hinc
1472 5062 1841 5134 expenderiS,
1875 5066 1979 5118 aut
2012 5135 2040 5141 _
2089 5068 2266 5124 etiam
2298 5066 2946 5139 magistratibus,haud
2968 5069 3195 5141 vulgari
3217 5070 3673 5130 existimationis
3690 5078 3749 5130 et

318 5162 851 5234 quomodocunque
913 5161 1153 5230 sumptu
1216 5154 1328 5211 alio
1385 5154 1658 5228 egueris,
1722 5154 1810 5211 fac
1868 5135 2043 5211 nosC
2088 5155 2502 5214 benevolentiae
2544 5135 2975 5229 significatione
3021 5135 3345 5216 coiebatur.
3372 5164 3504 5235 Ipse
3548 5167 3749 5220 autem

317 5253 597 5308 continuo
628 5267 729 5322 per
764 5250 946 5305 ﬁdum
998 5247 1275 5303 nuntium
1324 5245 1621 5301 certiores.
1656 5245 1977 5301 Submitte-

318 5358 452 5396 mus
486 5338 686 5396 statim
727 5338 1016 5411 quidquid
1072 5352 1275 5409 posces
1312 5350 1326 5390 :
1366 5334 1513 5390 nulli
1546 5335 1703 5391 enim
1748 5335 1974 5407 impen-

316 5430 411 5486 dio
437 5437 655 5485 certum
701 5428 870 5484 nobis
901 5415 1012 5493 est,
1037 5443 1154 5497 quo
1202 5430 1321 5481 tam
1358 5424 1518 5480 utilis
1573 5425 1977 5481 commentarii

316 5517 636 5593 participes
670 5517 909 5582 ﬁamus,
943 5532 1203 5586 parcere.

388 5610 457 5665 Il.
492 5609 603 5664 Dat
634 5624 696 5665 se
728 5606 787 5661 in
811 5605 963 5659 viam
990 5605 1100 5659 sub
1131 5604 1253 5659 haec
1287 5603 1549 5671 Perzoes,
1575 5608 1633 5659 et
1664 5605 1722 5659 in
1754 5604 1980 5660 Indiam

318 5696 625 5768 appulsus,
665 5693 740 5748 ibi
788 5693 1165 5763 frequentare
1216 5689 1412 5745 aulam
1461 5690 1682 5761 regiam
1738 5689 1978 5758 institit,

319 5784 698 5856 quotidieque
742 5797 1023 5855 apparere
1059 5781 1115 5834 in
1148 5778 1423 5851 palatinis
1454 5780 1749 5847 exhedris,
1782 5780 1979 5834 confa-

323 5870 583 5929 bulando
616 5888 749 5928 eum
791 5868 1107 5935 ministris,
1144 5868 1303 5940 regni
1345 5867 1689 5940 proceribus
1720 5886 1785 5925 ac
1816 5884 1980 5925 sena-

2087 5252 2153 5303 ut
2194 5244 2417 5301 nullius
2450 5246 2882 5317 aspernabatur
2913 5248 3205 5317 studium,
3241 5249 3319 5305 ita
3360 5250 3471 5307 hoc
3504 5252 3748 5324 potissi-

2086 5353 2252 5392 mum
2285 5334 2518 5407 agebat,
2547 5340 2611 5390 ut
2644 5335 2905 5405 litterati,
2930 5342 2984 5393 et
3012 5337 3363 5409 supellectili
3391 5340 3621 5413 egregie
3654 5341 3747 5396 in-

2086 5424 2291 5483 structi
2326 5422 2568 5479 libraria
2613 5425 2973 5497 cujuspiam,
3010 5426 3399 5484 familiaritati
3429 5445 3492 5484 se
3524 5429 3750 5486 intimas

2087 5517 2391 5580 insereret,
2418 5513 2572 5585 quod
2607 5515 2763 5585 apud
2797 5513 2975 5571 talem
3010 5516 3250 5572 demum
3283 5534 3347 5574 se
3379 5519 3563 5591 optati
3595 5521 3749 5575 scri-

2088 5604 2172 5678 pti
2204 5602 2433 5674 copiam
2469 5602 2729 5660 nancisci
2762 5620 2937 5675 posse
2968 5604 3308 5662 conﬁderet.

2163 5692 2263 5748 III.
2304 5691 2407 5746 Diu
2439 5698 2565 5747 erat
2596 5691 2654 5747 in
2689 5692 2826 5749 talis
2858 5694 2967 5750 viri
2988 5695 3425 5765 conquisitione
3456 5703 3756 5771 versatus,

2090 5798 2225 5838 cum
2263 5781 2467 5836 multis
2500 5782 2737 5839 tandem
2771 5783 3184 5855 experimentis
3217 5786 3484 5857 edoctus,
3510 5803 3754 5859 persua-

2092 5873 2228 5930 dere
2279 5870 2393 5928 sibi
2445 5871 2641 5944 coepit,
2669 5889 2852 5931 unum
2893 5875 3235 5946 quempiam
3282 5875 3437 5935 inter
3483 5892 3759 5951 proceres
