4120 6390
353 500 487 556 1221
1368 503 1730 558 SPECIMEN
1766 499 2171 557 SAPIENTIE
2208 504 2547 566 INDORUM
2582 516 2744 570 VET.
3634 535 3774 591 1222

350 627 627 684 Indorum
682 626 1069 696 humanitate,
1103 626 1437 699 prudentia,
1472 626 1799 682 eruditione
1843 627 2007 720 tanta
2035 623 2091 691 Α
2122 628 2296 683 etiam
2344 631 2656 705 alleganda
2688 645 3045 720 quandoque
3076 648 3287 706 idonea
3330 651 3503 711 istius
3553 657 3775 717 silentii

352 717 781 789 propemodum
838 733 967 772 esse
1010 718 1351 789 praditum,
1377 722 1597 788 quanta
1643 732 1792 787 opus
1841 718 2030 785 esset,
2070 731 2276 789 causa,
2306 720 2583 781 dilueres.
2614 728 2783 786 Nunc
2825 717 3048 805 quonia
3081 754 3137 793 m
3186 740 3493 813 ingressus
3529 747 3685 804 DlllO
3711 755 3775 807 tu

353 811 420 861 ut
453 823 521 862 ex
553 823 618 861 eo
652 806 874 877 sperari
909 806 1092 879 optati
1123 807 1301 861 ofﬁcii
1331 808 1559 863 fructus
1590 805 2005 879 posset.’Hunc

350 912 487 968 ergo
528 895 748 951 institit
794 896 1054 967 quotidie
1102 896 1309 964 visere,
1362 896 1591 952 cunctis
1639 895 1864 950 ambire
1897 895 2005 948 ob-

351 986 599 1059 sequiis,
642 986 929 1058 singulari
979 987 1231 1059 quadam
1283 988 1526 1044 honoris
1575 986 2006 1059 signiﬁcatione

352 1078 708 1146 demulcere,
760 1084 1056 1150 postremo
1114 1079 1303 1151 epulis
1363 1081 1655 1152 excipere;
1709 1078 2005 1134 munerari

354 1167 497 1240 quin
531 1167 732 1237 etiam,
755 1172 811 1224 et
842 1185 968 1239 qua
1018 1169 1132 1240 ipsi
1180 1172 1343 1240 grata
1390 1172 1625 1240 putaret
1652 1169 1795 1234 fore,
1825 1184 2007 1239 quan-

351 1259 503 1316 tovis
555 1264 752 1331 empta
801 1260 988 1330 pretio
1021 1261 1265 1328 donare;
1303 1276 1449 1331 quas
1480 1260 1541 1315 in
1572 1275 1666 1315 res
1715 1276 1830 1313 non
1881 1274 2006 1313 mo-

352 1351 544 1405 dicam
578 1350 835 1421 pecunia
884 1349 1132 1421 allata‘e
1166 1350 1403 1407 Perside
1435 1356 1658 1422 partem
1693 1348 2004 1421 impendit.

354 1439 455 1496 His
484 1439 879 1510 respondebat
917 1438 1013 1494 ille
1045 1439 1284 1511 quidem
1316 1440 1589 1495 comitate
1622 1443 1785 1495 tanta
1814 1455 2007 1510 quan-

353 1534 477 1585 tam
511 1546 544 1583 a
573 1528 983 1584 liberalissimo
1022 1529 1574 1602 gratiosissimoque
1606 1530 1845 1585 homine
1874 1546 2006 1601 spe-

354 1634 484 1675 rare
533 1618 775 1675 Perzoes
825 1618 1159 1690 potuisset:
1203 1623 1475 1675 caterum
1522 1619 1678 1675 idem
1729 1623 2009 1691 praterea

355 1708 679 1765 demiratus
711 1707 1055 1780 aliquandiu
1098 1709 1918 1781 tamginusitataméingeniosi
1950 1714 2008 1765 et

354 1798 742 1855 curiosissimi
765 1800 998 1854 advenae
1023 1799 1428 1855 assiduitatem
1460 1804 1517 1854 et
1547 1799 1909 1871 diligentiam
1945 1800 2006 1855 in

356 1904 418 1944 se
468 1888 734 1958 colendo,
768 1888 1024 1959 denique
1083 1888 1365 1943 divinavit
1409 1890 1564 1960 quod
1622 1905 1714 1943 res
1760 1893 1915 1951 erat;
1950 1893 2007 1944 et

353 1981 557 2036 deesse
609 1996 726 2034 non
776 1996 945 2050 posse
988 1979 1291 2050 judicavit,
1325 1979 1489 2051 quin,
1526 1997 1587 2036 se
1637 1981 1902 2051 adjutore
1944 1998 2008 2035 ac

354 2075 673 2141 sequestro,
708 2069 1002 2141 particeps
1043 2070 1653 2138 arcanorum¥lndica
1706 2071 2005 2141 sapientia
2038 2065 2086 2129 B

356 2163 880 2215 monumentorum
932 2159 1079 2214 ﬁeri:
1110 2160 1349 2215 Perzoes
1404 2160 1667 2232 cupiens,
1719 2160 1779 2214 in
1830 2159 2007 2215 istam

356 2248 721 2304 demerenda
772 2265 891 2303 sua
935 2248 1137 2320 gratia
1189 2249 1563 2305 sedulitatem
1622 2250 2007 2306 incumberel.

352 2343 458 2393 Per
490 2338 646 2392 hunc
680 2333 920 2391 modum
954 2337 1293 2409 proﬁciente
1318 2338 1473 2393 inter
1501 2338 1664 2411 ipsos
1696 2339 2005 2395 familiari-

346 2433 485 2496 tate,
522 2429 875 2501 ﬁduciaque,
909 2432 973 2483 ut
1008 2430 1093 2498 ﬁt,
1120 2430 1308 2484 mutui
1344 2432 1582 2496 amoris,
1622 2432 2005 2503 frequentatis

349 2518 626 2589 utrinque
678 2517 1095 2573 benevolentia
1148 2518 1401 2587 indiciis,
1454 2526 1770 2586 crescente,
1825 2538 2004 2576 ausus

345 2608 663 2678 aliquando
732 2612 975 2663 Perzoes
1043 2608 1230 2662 amico
1290 2608 1346 2662 in
1409 2626 1689 2663 arcanum
1761 2612 2000 2666 seducto

343 2697 616 2753 conclave
649 2697 870 2768 aliquid
918 2699 988 2752 de
1042 2714 1149 2752 suo
1194 2698 1481 2753 desiderio
1514 2699 1703 2764 fateri,
1739 2716 1873 2753 cum
1905 2699 2000 2753 his

343 2789 524 2842 ferme
572 2787 765 2841 verbis
816 2787 1025 2841 affatus
1071 2792 1159 2841 est
1193 2802 1205 2841 :
1241 2791 1380 2841 Eam
1426 2786 1594 2843 video
1651 2787 1997 2843 charitatem

342 2878 399 2932 in
456 2894 569 2943 me,
614 2878 811 2945 frater,
847 2882 1011 2931 tuam
1059 2877 1151 2931 cui
1207 2877 1356 2932 male
1407 2882 1584 2950 atque
1632 2879 1859 2950 ingrate
1908 2896 1998 2935 me

345 2967 699 3039 respondere
756 2967 1097 3034 arbitrarer,
1152 2966 1200 3021 si
1262 2972 1317 3021 te
1365 2966 1614 3022 celarem
1668 2968 1995 3040 quidquam

306 3050 309 3053 ’
345 3057 688 3111 intimorum
725 3057 905 3112 animi
939 3058 1050 3112 mei
1075 3075 1380 3113 sensuum.
1414 3062 1602 3123 Quare
1635 3060 1857 3115 fatebor
1889 3060 1993 3115 tibi

347 3148 637 3218 equidem,
668 3147 723 3201 id
766 3148 921 3218 quod
967 3164 1036 3201 ex
1085 3165 1200 3218 quo
1252 3149 1365 3203 huc
1418 3150 1545 3203 veni
1594 3167 1808 3220 magna
1857 3168 1997 3205 cura

346 3237 623 3291 omnibus
655 3237 957 3303 abscondi,
992 3239 1144 3308 quod
1174 3238 1231 3291 in
1264 3243 1319 3292 te
1342 3239 1634 3310 aquitatis
1664 3257 1730 3294 ac
1760 3241 1995 3311 sapien-

344 3327 443 3382 tia
475 3332 701 3381 tantum
747 3328 1025 3382 exsistere
1070 3329 1439 3383 documentis
1485 3331 1773 3401 perspexi,
1809 3349 1995 3402 quan-

345 3418 469 3468 tum
506 3413 561 3468 in
611 3430 676 3468 eo
717 3413 1035 3469 desiderari
1070 3420 1282 3485 potest,
1316 3431 1490 3486 quem
1527 3434 1872 3472 arcanorum
1906 3420 1991 3473 vel
2027 3426 2070 3491 (ς

344 3502 585 3558 maximi
632 3504 913 3558 momenti
961 3505 1222 3570 prudens
1273 3509 1426 3559 recte
1477 3506 1668 3575 quivis
1718 3508 1999 3565 adhibeat

341 3595 657 3650 arbitrum.

418 3722 509 3777 1V.
539 3725 625 3777 Ita
655 3721 1049 3777 exordientem
1083 3726 1355 3776 Perzoem
1398 3720 1780 3793 interpellans
1812 3724 1993 3780 Indus

344 3813 582 3884 sapiens
615 3829 628 3869 :
664 3814 897 3867 Dudum
950 3812 1227 3881 mirabar,
1269 3812 1484 3881 inquit,
1530 3814 1730 3868 tandiu
1762 3815 1996 3870 differre

342 3908 421 3969 te,
457 3904 609 3974 quod
661 3919 790 3958 sero
841 3918 997 3957 nunc
1027 3902 1262 3956 tandem
1295 3902 1568 3970 inchoas;
1604 3910 1779 3965 atque
1827 3906 1992 3976 adeo,

347 3994 395 4049 si
430 4009 522 4047 me
569 3991 715 4047 sinis
766 3991 927 4063 loqui
960 3990 1160 4058 libere,
1196 3991 1300 4045 tibi
1353 4008 1499 4062 pene
1546 3994 1994 4062 suscensebam,

345 4085 499 4154 quod
536 4082 592 4135 in
627 4081 756 4137 aliis
786 4081 1016 4136 cunctis
1048 4080 1323 4136 amicitia
1352 4080 1562 4135 ofﬁciis
1595 4081 1989 4153 diligentissi-

347 4190 503 4239 mus,
535 4171 594 4226 in
624 4171 732 4226 hoc
781 4171 1047 4225 omnium
1080 4169 1371 4242 pracipuo
1421 4170 1869 4241 aperiendorum
1903 4188 1993 4226 sc-

344 4265 661 4327 cretorum,
694 4257 968 4314 illiberali
1003 4274 1149 4330 pene
1183 4260 1429 4330 quadam
1463 4261 1832 4315 cunctatione
1863 4278 1989 4316 ces-

342 4367 526 4406 sares.
552 4351 896 4420 Quanquam
933 4364 1005 4403 ne
1036 4348 1295 4403 vicissim
1328 4365 1432 4421 ego
1464 4348 1569 4403 tibi
1603 4355 1806 4405 contra
1836 4350 1993 4423 leges

339 4439 459 4494 veri
511 4438 730 4494 amoris
788 4435 1157 4491 dissimulem
1218 4437 1547 4508 quidpiam,
1595 4440 1813 4495 frustra
1860 4457 1989 4494 eras

339 4529 399 4582 in
435 4528 544 4583 hoc
575 4526 769 4583 studio
800 4525 950 4581 clam
993 4541 1085 4579 me
1123 4524 1373 4580 habendi
1404 4531 1606 4580 votum
1642 4526 1809 4597 illud,
1836 4530 1989 4599 quod

340 4634 446 4690 ego
486 4618 713 4672 dudum
764 4614 1062 4688 pellucens
1112 4614 1171 4668 in
1226 4620 1328 4669 tua
1376 4615 1586 4669 intima
1630 4620 1990 4673 conscientia

342 4707 581 4779 perlegi.
619 4706 747 4772 Diu,
781 4707 1044 4776 inquam,
1076 4708 1165 4758 est
1208 4705 1363 4775 quod
1398 4720 1638 4775 menon
1686 4706 1854 4773 fallit,
1887 4724 1987 4762 ve-

2111 805 2238 879 ipse
2270 809 2327 864 in
2361 828 2491 870 eum
2527 833 2860 879 sermonem
2894 842 2977 897 es,
3011 827 3113 899 qui
3142 828 3296 885 viam
3330 835 3613 903 panderet
3644 838 3775 894 ani-

2115 913 2210 953 mo
2266 916 2393 957 meo
2425 907 2696 1000 gestienti
2733 912 3032 972 effundere
3082 934 3146 973 se
3199 935 3393 976 coram
3448 926 3504 980 te
3556 928 3772 1000 totum,

2113 1003 2229 1043 non
2253 994 2449 1061 putavi
2478 997 2891 1071 negligendam
2913 1008 3278 1064 occasionem
3299 1014 3641 1071 ostentandi
3664 994 3775 1074 tibi

2114 1080 2493 1150 sagacitatem
2546 1103 2758 1158 meam,
2792 1108 2970 1164 quam
3020 1096 3202 1152 tantis
3253 1098 3519 1158 artiﬁciis
3574 1121 3772 1163 arcere

2114 1168 2452 1242 nequivisti,
2487 1177 2803 1245 quominus
2838 1182 2895 1237 in
2937 1182 3149 1241 ultimo
3194 1202 3427 1245 recessu
3462 1191 3771 1250 abditissi-

2114 1273 2343 1315 morum
2387 1265 2601 1318 mentis
2646 1271 2759 1323 tua
2810 1274 3203 1341 penetralium
3253 1277 3765 1350 deprehenderet:

2112 1362 2358 1420 scopum
2390 1355 2886 1425 peregrinationis
2916 1362 2987 1417 ad
3013 1379 3121 1420 nos
3151 1367 3269 1421 tua
3300 1382 3416 1424 non
3442 1369 3626 1426 alium
3661 1373 3767 1429 tibi

2115 1438 2292 1497 fuisse
2345 1448 2739 1534 propositum,
2772 1467 2951 1522 quam
3005 1458 3070 1509 ut
3116 1457 3416 1528 specimen
3467 1462 3768 1534 sapientia

2114 1532 2464 1589 nostratium
2498 1536 2803 1594 doctorum
2850 1544 3082 1600 areanis
3113 1547 3267 1617 apud
3304 1565 3411 1605 nos
3460 1532 3763 1609 conditum

2112 1619 2343 1689 litteris,
2379 1625 2738 1685 exscriberes
2790 1630 2946 1698 inde,
2979 1638 3291 1710 vestraque
3336 1636 3542 1711 lingua
3588 1658 3767 1715 expo-

2113 1710 2294 1766 situm
2330 1714 2450 1784 regi
2479 1719 2582 1771 tuo
2615 1717 2846 1775 rediens
2879 1721 3107 1779 offeres.

2180 1839 2246 1893 V.
2284 1842 2358 1896 Ac
2393 1861 2464 1899 ne
2506 1849 2564 1902 te
2609 1848 2823 1906 habeat
2871 1852 3217 1924 sollicitum,
3250 1859 3407 1928 quod
3439 1875 3535 1917 me
3566 1860 3772 1918 subof-

2114 1927 2347 1986 fensum
2380 1935 2787 1996 taciturnitate
2811 1948 2914 1997 tua
2933 1944 3077 2012 dixi,
3099 1927 3284 2001 velim
3302 1964 3376 2003 ne
3399 1949 3483 2005 sis
3510 1950 3769 2021 nescius,

2118 2033 2232 2111 non
2266 2020 2454 2077 solum
2510 2025 2809 2096 ignovisse
2841 2047 2933 2087 me
2963 2032 3069 2088 tibi
3104 2033 3304 2104 facile;
3336 2039 3436 2093 sed
3490 2020 3770 2111 praterea

2119 2108 2297 2162 etiam
2329 2117 2666 2183 suspexisse
2712 2121 3173 2179 moderationem
3231 2124 3286 2179 in
3332 2125 3443 2182 hoc
3488 2108 3675 2200 tuam,
3708 2130 3771 2185 in

2118 2212 2235 2267 qua
2258 2215 2539 2271 magnum
2568 2206 2869 2277 sapientia
2892 2209 3081 2266 instar
3101 2215 3523 2285 agnoscebam;
3548 2233 3769 2288 gnarus

2118 2301 2296 2356 quam
2330 2291 2499 2360 pauci
2527 2294 2804 2351 resistant
2834 2299 3122 2372 prurigini
3146 2303 3433 2373 prodendi
3466 2305 3771 2363 familiari—

2115 2375 2226 2430 bus
2259 2378 2549 2451 quidquid
2599 2388 2792 2440 mente
2823 2394 3078 2456 versant,
3114 2396 3452 2464 quantaque
3498 2396 3770 2453 cautione

2114 2481 2263 2556 opus
2295 2468 2395 2533 sit,
2428 2473 2754 2540 prasertim
2806 2476 3160 2547 degentibus
3211 2496 3450 2553 peregre
3489 2484 3601 2539 sub
3632 2501 3767 2556 rege

2114 2551 2461 2644 legibusque
2493 2560 2937 2630 diversissimis,
2971 2566 3028 2620 in
3065 2571 3219 2624 recte
3250 2551 3763 2644 deli—gendo,que‘m

2109 2643 2341 2697 consilii
2374 2647 2650 2719 ancipitis
2677 2655 2732 2705 et
2754 2652 3179 2712 offensionibus
3212 2656 3332 2713 illic
3364 2643 3621 2729 obnoxii,
3647 2679 3761 2717 non

2109 2731 2392 2790 damnose
2424 2737 2556 2807 quis
2607 2740 2892 2797 arbitrum
2927 2743 3119 2800 faciat.
3158 2746 3328 2818 Ergo,
3365 2753 3431 2804 ut
3459 2753 3617 2821 quod
3670 2769 3763 2807 res

2107 2829 2195 2877 est
2226 2825 2428 2892 fatear,
2463 2843 2528 2882 eo
2581 2833 2635 2883 te
2686 2832 2925 2888 nomine
2972 2835 3163 2907 magis
3212 2838 3423 2906 amavi,
3455 2856 3520 2895 ac
3573 2840 3761 2898 multo

2107 2912 2292 2981 pluris
2326 2913 2453 2969 feci.
2488 2917 2584 2973 Sic
2628 2920 2786 2976 enim
2836 2922 3061 2979 dudum
3114 2925 3261 2981 mihi
3306 2930 3595 3001 persuasi,
3628 2936 3759 2987 octo

2105 3018 2229 3057 esse
2264 3003 2317 3056 in
2352 3006 2569 3074 quibus
2610 3011 3073 3081 experimentum
3124 3015 3339 3071 indolis
3387 3035 3633 3091 magna,
3671 3021 3761 3075 in-

2106 3092 2379 3163 geniique
2411 3094 2605 3152 laudis
2637 3099 2860 3153 eximia
2891 3103 3145 3173 capacis,
3175 3105 3331 3160 sumi
3364 3113 3590 3163 certum
3622 3126 3760 3181 pos-

2106 3182 2184 3236 sit
2213 3199 2226 3236 :
2260 3186 2516 3255 primum
2549 3193 2639 3242 est
2667 3189 2867 3246 mitem
2899 3209 3029 3248 esse
3060 3198 3116 3248 et
3145 3211 3373 3251 comem
3409 3199 3477 3253 ad
3514 3216 3757 3265 omnes;

2106 3271 2349 3328 alterum
2413 3282 2568 3331 recta
2625 3277 2840 3333 intueri
2900 3282 3263 3339 destinatum
3320 3303 3521 3356 suum,
3554 3288 3762 3361 illique

2106 3363 2421 3430 indefesse,
2465 3367 2566 3420 sed
2622 3369 2931 3440 patienter,
2974 3374 3232 3443 urgendo
3283 3374 3588 3445 insistere;
3640 3382 3761 3433 ter-

2108 3452 2281 3516 tium,
2315 3455 2557 3510 subesse
2606 3456 2965 3531 obsequique
3015 3462 3284 3534 regibus;
3326 3469 3632 3537 quartum,
3665 3485 3761 3521 ar-

2107 3560 2253 3598 cana
2285 3543 2546 3614 probatis
2590 3546 2875 3604 duntaxat
2922 3550 3129 3607 amicis
3160 3553 3426 3624 credere;
3460 3556 3759 3627 quintum,

2105 3631 2165 3686 in
2215 3632 2532 3689 comitibus
2583 3635 2920 3708 principum
2954 3640 3037 3694 sic
3081 3657 3360 3713 apparere
3410 3644 3761 3716 sapientem,

2106 3726 2171 3775 ut
2214 3723 2420 3778 odiosa
2454 3722 2709 3780 tristitia
2760 3726 3151 3800 philosophia
3196 3747 3311 3787 non
3362 3733 3665 3805 popularis
3711 3742 3768 3791 et

2105 3811 2503 3881 superciliosa
2551 3813 2909 3884 declinetur;
2944 3822 3202 3887 sextum,
3234 3820 3316 3876 ita
3357 3827 3668 3879 mansuete
3699 3841 3766 3880 ac

2105 3898 2333 3970 placide
2378 3917 2510 3954 cum
2544 3901 2771 3957 vitiosis
2822 3904 2998 3960 etiam
3050 3912 3107 3961 et
3151 3907 3441 3980 improbis
3474 3929 3667 3985 agere,
3703 3918 3767 3968 ut

2104 3990 2174 4043 ad
2208 4006 2306 4043 eos
2334 4005 2406 4044 ne
2428 3990 2687 4059 suspicio
2711 3993 2950 4062 quidem
2974 3994 3148 4049 celari
3172 3998 3600 4067 requirentium
3625 4020 3765 4056 con-

2103 4080 2371 4134 siliorum
2402 4078 2523 4133 ulla
2544 4078 2773 4134 sinatur
2792 4096 3099 4149 emanare;
3126 4091 3472 4155 septimum,
3496 4105 3762 4146 exercere

2103 4167 2430 4225 dominium
2466 4168 2520 4221 in
2550 4167 2839 4239 linguam,
2867 4170 3212 4243 frenareque
3234 4172 3395 4229 illam
3422 4175 3480 4229 in
3504 4178 3762 4233 occasio-

2104 4258 2279 4313 nibus
2327 4256 2549 4329 ingenii
2602 4257 2909 4313 dicacitate
2960 4263 3440 4333 commendendi,
3476 4265 3547 4320 ab
3598 4266 3760 4321 omni

2103 4348 2368 4416 dicterio,
2403 4348 2555 4417 quod
2592 4346 2691 4416 vel.
2728 4347 2964 4419 oblique
3006 4350 3366 4424 perstringat
3397 4355 3762 4426 quempiam.

2102 4439 2381 4494 Octavum
2433 4436 2711 4508 denique,
2746 4438 2805 4491 in
2855 4445 3143 4494 conventu
3185 4441 3444 4499 virorum
3489 4445 3759 4515 gravium

2105 4545 2219 4583 non
2255 4534 2473 4581 temere
2524 4527 2774 4596 prodire.
2813 4543 2879 4582 ac
2911 4532 3055 4584 astu
3108 4530 3461 4589 eruditionis
3510 4534 3763 4590 conscia

2104 4617 2344 4689 provehi
2394 4616 2769 4671 sermonibus
2803 4616 2958 4672 ultra
2988 4634 3169 4690 quam
3222 4626 3424 4691 poscat
3473 4623 3758 4695 propositi

2103 4707 2173 4760 ad
2224 4706 2538 4760 dicendum
2600 4709 2701 4758 aut
2748 4703 3196 4763 deliberandum
3252 4714 3580 4781 argumenti
3640 4713 3761 4767 for-

345 4798 504 4853 nisse
538 4803 591 4852 te
620 4796 681 4851 in
714 4795 941 4851 Indiam
966 4810 1032 4849 eo
1063 4792 1329 4861 consilio,
1356 4798 1420 4847 ut
1451 4799 1663 4849 nostra
1687 4795 1990 4866 sapientia
2022 4794 2070 4859 D
2105 4793 2284 4849 mula.
2319 4794 2420 4847 His
2452 4799 2580 4848 octo
2615 4793 2716 4865 qui
2771 4795 3049 4863 praditus
3081 4797 3321 4853 dotibus
3372 4800 3469 4867 sit,
3504 4818 3590 4855 na
3626 4801 3675 4855 is
3707 4808 3763 4857 et

344 4888 655 4942 thesauros
687 4883 995 4956 expilares,
1030 4900 1494 4954 arcanorumque
1524 4884 1661 4939 inde
1703 4885 1989 4941 librorum

344 4977 570 5049 copiam
614 4980 841 5045 nactus,
875 4991 944 5029 ex
990 4972 1065 5028 iis
1110 4989 1344 5029 crueres
1395 4973 1546 5028 unde
1598 4974 1850 5045 patriam
1902 4993 1988 5031 re-

343 5069 461 5123 dux
508 5066 724 5121 ditares
769 5070 952 5119 tuam.
986 5065 1047 5119 In
1081 5079 1196 5132 quo
1226 5062 1356 5132 etsi,
1395 5068 1457 5117 ut
1501 5063 1642 5133 dixi,
1692 5065 1987 5120 subotfen-

342 5156 518 5211 debat
548 5171 638 5210 me
667 5160 769 5210 tua
808 5152 908 5208 illa
940 5170 1052 5207 non
1103 5152 1248 5207 satis
1301 5151 1609 5208 familiaris
1662 5155 1732 5209 de
1782 5171 1841 5208 re
1890 5154 1993 5210 tali

340 5245 737 5315 taciturnitas,
785 5241 1207 5298 necessitudini
1267 5241 1419 5296 inter
1477 5258 1583 5297 nos
1646 5243 1992 5300 coalescenti

338 5333 665 5391 convicium
715 5333 841 5388 visa
885 5333 1093 5402 facere,
1147 5331 1467 5403 temperavi
1518 5338 1714 5388 tamen
1765 5334 1837 5389 ab
1893 5351 1993 5391 ex-

338 5423 688 5497 postulando
730 5422 802 5477 de
849 5439 918 5477 ea
968 5426 1185 5487 tecum,
1217 5425 1526 5477 contentus
1577 5423 1887 5479 observare
1936 5430 1994 5481 te

336 5515 595 5582 interim,
645 5519 703 5570 et
752 5513 921 5586 quasi
977 5512 1447 5569 dissimulatione
1496 5521 1701 5570 mutua
1752 5515 1991 5584 ulcisci;

340 5607 481 5661 dum
518 5611 577 5660 tu
630 5604 857 5659 cateris
892 5603 1231 5672 virtutibus,
1263 5607 1337 5673 et,
1374 5620 1499 5674 qua
1536 5621 1642 5659 usu
1696 5622 1759 5660 se
1805 5607 1992 5678 magis

341 5696 652 5768 magisque
715 5694 1053 5765 quotidiano
1122 5694 1503 5762 exercebant,
1578 5695 1816 5751 dotibus
1880 5699 1994 5753 tuis

344 5785 640 5859 praclaris
688 5783 1038 5841 eruditionis
1077 5789 1133 5839 et
1179 5783 1421 5855 ingenii,
1473 5784 1664 5841 labem
1718 5784 1875 5842 illam
1935 5789 1993 5843 in

344 5875 732 5934 astimatione
760 5891 890 5932 mea
920 5873 1392 5947 qualemcunque
1425 5890 1863 5949 compensares,
1893 5884 1995 5936 aut

2104 4889 2268 4939 tutus
2298 4882 2410 4937 erit
2441 4899 2474 4936 a
2505 4882 2763 4953 periculo
2797 4884 3150 4939 damnorum
3185 4887 3243 4939 in
3274 4903 3405 4957 qua
3436 4888 3593 4944 haud
3629 4907 3760 4947 raro

2104 4974 2416 5028 incurrunt
2463 4971 2897 5027 inconsiderate
2929 4979 3375 5045 conversantes;
3411 4982 3468 5032 et
3518 4994 3763 5051 compos

2104 5064 2223 5118 fere
2254 5063 2353 5116 ﬁet
2396 5065 2664 5116 votorum
2715 5077 3231 5133 quorumcunque,
3262 5065 3490 5123 cunctis
3541 5068 3612 5122 ad
3658 5068 3760 5124 tali

2105 5151 2418 5207 favendum
2469 5148 2722 5204 naturali
2765 5150 3021 5220 quadam
3071 5151 3455 5210 inclinatione
3506 5173 3761 5229 propen-

2104 5240 2404 5297 dentibus.
2424 5240 2629 5308 Itaque
2652 5239 2809 5309 quod
2832 5238 2939 5294 bas
2962 5239 3020 5293 in
3042 5243 3098 5295 te
3119 5257 3326 5299 omnes
3346 5244 3598 5301 virtutes
3620 5246 3761 5313 vidi,

2105 5334 2415 5403 promptus
2455 5342 2587 5383 ecce
2639 5344 2981 5399 pronusque
3012 5346 3146 5386 sum
3181 5332 3251 5387 ad
3302 5335 3762 5405 gratiﬁcandum

2104 5420 2232 5487 tibi,
2267 5422 2557 5490 quantum
2589 5417 2700 5471 erit
2735 5416 2791 5470 in
2818 5433 2911 5472 me
2938 5418 3144 5487 situm,
3169 5423 3563 5496 quodcunque
3592 5429 3760 5496 opta-

2106 5510 2278 5566 veris.
2304 5514 2507 5564 Moneo
2542 5512 2738 5561 tamen
2790 5505 3028 5563 difﬁcile
3060 5513 3115 5565 te
3144 5512 3447 5583 negotium
3480 5518 3758 5582 tractare;

2107 5619 2171 5658 ac
2198 5615 2313 5671 quo
2346 5595 2535 5668 magis
2569 5595 2759 5650 sentio
2810 5594 2966 5651 haud
3020 5615 3192 5669 posse
3236 5617 3327 5656 me
3355 5601 3414 5655 in
3456 5617 3521 5656 eo
3571 5618 3759 5672 quan-

2108 5699 2232 5749 tum
2262 5687 2491 5753 vellem,
2519 5702 2584 5741 eo
2614 5702 2818 5756 precor
2848 5684 3034 5741 Deum
3078 5687 3386 5756 intentius,
3407 5694 3473 5745 ut
3504 5690 3757 5748 fortunet

2105 5787 2395 5854 coeptum,
2456 5776 2810 5833 amoliendis
2874 5793 3000 5833 sese
3062 5784 3268 5835 contra
3323 5780 3759 5853 objectantibus

2107 5869 2425 5930 obstaculis
2456 5885 2573 5925 non
2612 5866 2835 5940 parvis;
2870 5882 3001 5940 qua
3045 5867 3320 5940 equidem
3352 5871 3494 5928 dum
3525 5875 3756 5947 reputo,
