4120 6386
364 478 502 536 1223

1871 468 2237 524 APPENDIX
2248 512 2259 525 .

3645 470 3793 527 1224

362 605 707 662 cohorresco
772 600 1070 657 interdum
1138 601 1331 664 totus;
1394 592 1613 666 quippe
1672 591 2018 647 observante
2049 598 2101 662 Α
2132 595 2344 652 tertius
2383 602 2598 655 nostrae
2641 596 3007 655 conscientia
3055 596 3366 652 amborum
3414 594 3790 667 adhibeatur,

364 694 551 750 menti
590 708 730 746 meae
762 707 911 744 saeva
948 686 1203 755 imagine
1250 682 1537 738 malorum
1571 697 1700 752 qua;
1732 680 1841 735 hac
1872 680 2019 735 forte

364 783 730 856 deprehensa
760 778 1061 833 molitione
1094 776 1152 828 in
1185 777 1355 828 tuum
1404 770 1547 826 mihi
1578 768 1750 841 longe
1795 768 2021 823 charis-

363 876 583 930 simum
619 870 1016 925 redundarent
1049 867 1242 935 caput.
1272 863 1380 917 Sed
1414 866 1636 916 avertet
1666 858 1931 927 sinistra,
1957 863 2023 913 ut

363 980 557 1036 spero,
585 965 797 1017 cuncta
826 957 1147 1030 propitium
1178 952 1524 1008 innocentiae
1556 955 1671 1006 tua)
1702 953 2023 1019 nostroque

362 1054 547 1110 amori
581 1056 842 1117 Numen;
867 1049 1036 1119 cujus
1061 1045 1194 1100 tecti
1226 1042 1551 1117 patrocinio
1578 1040 2019 1112 (conﬁdendum

358 1150 445 1202 est
476 1142 654 1213 enim)
690 1141 937 1196 adversa
968 1137 1298 1207 infestaque
1332 1132 1564 1188 innoxie
1592 1128 2017 1201 quaelibet'_elu-

359 1234 675 1289 ctabimur.

423 1415 519 1471 VI.
554 1412 722 1469 Varie
754 1409 945 1466 affecit
969 1406 1271 1477 inopinata
1302 1401 1642 1458 haac'oratio
1674 1400 2013 1455 audientem

357 1511 652 1560 Perzoem.
690 1501 939 1556 Miratus
988 1497 1247 1568 primum
1279 1498 1367 1548 est
1407 1490 1703 1547 solertiam
1752 1490 1880 1545 Indi
1915 1506 2017 1543 us-

355 1611 464 1666 que
510 1610 575 1649 eo
626 1589 1051 1664 perspicacem,
1084 1589 1150 1641 ut
1184 1584 1441 1639 latebras
1490 1580 1681 1636 cordis
1733 1579 2013 1650 pervade-

353 1690 458 1739 ret.
484 1682 763 1753 Ejusdem
808 1673 1479 1749 postea'humanitatem
1534 1668 1823 1739 suspexit,
1857 1668 2011 1739 quod

354 1775 412 1827 in
448 1770 729 1827 nonnulla
782 1764 1192 1838 expostulandi
1226 1777 1425 1816 secum
1475 1776 1675 1827 causa,
1701 1756 2016 1825 omniyer—

352 1866 562 1919 borum
597 1858 941 1931 asperitate",
960 1856 1366 1921 temperasset.
1414 1850 1716 1904 Postremo
1750 1845 2012 1918 gratula-

353 1960 451 2008 tus
483 1951 596 2004 sibi
628 1953 738 2015 est,
771 1951 827 2001 et
869 1945 1174 2017 probatam
1220 1938 1601 2007 irrefragabili
1629 1935 2005 2006 jamexperi—
2042 1972 2089 2035 B

356 2046 549 2098 mento
596 2036 767 2093 amici
819 2050 993 2106 quem
1045 2032 1325 2085 hactenus
1381 2027 1799 2097 exploraverat,
1837 2025 2009 2077 ﬁdem

353 2142 777 2203 usquequaque
807 2124 1097 2178 sinceram
1127 2136 1139 2173 :
1178 2124 1236 2173 et
1267 2121 1425 2173 certa
1468 2120 1593 2170 tum
1644 2116 1880 2169 demum
1915 2113 2011 2166 ﬁr-

354 2202 537 2275 mavit
573 2216 837 2271 animum
881 2209 1100 2264 ﬁducia
1131 2205 1527 2277 consequendi
1561 2203 1715 2275 quod
1750 2202 2011 2273 Optabat,

353 2306 569 2365 auxilio
601 2305 808 2374 utique
857 2304 1060 2371 parato
1092 2302 1208 2351 tam
1242 2295 1342 2349 ﬁdi
1395 2310 1461 2349 ac
1501 2292 1758 2347 efﬁcacis
1809 2306 2009 2361 coope-

356 2396 586 2453 ratoris.
622 2393 721 2449 His
770 2392 994 2445 intento
1046 2384 1528 2458 cogitationibus,
1561 2386 1617 2437 et
1664 2380 1830 2435 vultu
1882 2380 2009 2451 qui-

353 2490 485 2543 dem
518 2482 723 2541 fatenti
759 2480 839 2535 sic
871 2495 933 2533 se
964 2492 1085 2532 rem
1122 2476 1336 2530 habere
1362 2477 1427 2528 ut
1456 2472 1686 2527 amicus
1712 2469 2010 2525 divinave-

355 2582 466 2643 rat,
498 2574 749 2630 necdum
773 2574 971 2624 tamen
1003 2563 1332 2637 expedienti
1360 2567 1629 2617 mutuum
1656 2576 2009 2628 sermonem,

355 2671 437 2722 sic
494 2664 696 2727 Indus,
729 2658 889 2715 omni
951 2657 1002 2711 ei
1060 2654 1257 2710 timori
1313 2652 1598 2707 demendo
1657 2651 1871 2705 iterum
1922 2652 2014 2704 est

355 2772 528 2810 orsus
561 2771 575 2809 :
608 2750 841 2807 Miraris
888 2748 947 2801 in
1000 2746 1113 2801 isto
1163 2743 1399 2798 silentio
1442 2743 1689 2795 fortasse
1738 2739 1838 2811 qui
1889 2738 2011 2793 ﬁeri

352 2842 609 2917 potuerit
640 2844 705 2895 ut
733 2842 931 2894 votum
964 2840 1157 2900 tuum,
1180 2832 1289 2886 etsi
1329 2848 1361 2885 a
1391 2835 1447 2885 te
1476 2830 1738 2885 studiose
1768 2832 2012 2893 tectum,

351 2916 709 3003 penetrarim
759 2930 985 2990 tamen;
1039 2922 1124 2977 sic
1179 2920 1351 2986 habe,
1405 2924 1590 2973 artem
1650 2916 1859 2972 callere
1919 2932 2013 2971 me

349 3017 674 3076 insidiandi
706 3013 913 3070 amicis
957 3011 1320 3076 innocenter,
1357 3007 1466 3063 hoc
1516 3012 1604 3063 est
1654 3004 2011 3078 perducendi

351 3128 451 3165 eos
483 3125 598 3163 non
635 3105 807 3160 modo
839 3102 984 3157 citra
1014 3101 1321 3166 damnum;
1348 3098 1447 3153 sed
1484 3096 1657 3151 etiam
1693 3113 1825 3151 cum
1861 3112 2012 3150 com-

354 3199 527 3254 modo
559 3197 824 3268 ipsorum
857 3208 971 3262 quo
1008 3190 1254 3244 minime
1284 3187 1573 3244 valebant.
1611 3185 1682 3240 Ut
1714 3186 1869 3240 enim
1903 3203 2010 3240 au—

351 3305 529 3359 cupes
560 3287 865 3341 observato
900 3286 1076 3353 gustu
1110 3279 1297 3333 aviurr.
1340 3293 1486 3348 quas
1517 3280 1825 3341 venantur,
1853 3274 2005 3343 obji-

2125 690 2228 740 aut
2295 691 2827 761 quomodocunque
2894 687 3247 743 interveniat
3318 686 3558 741 arbiter.
3631 688 3791 742 Inter

2125 776 2273 832 duos
2305 783 2496 849 potest
2536 784 2836 849 utcunque
2866 777 3191 833 consistere
3222 776 3509 831 securitas
3542 775 3790 847 secreti;

2124 866 2276 935 quod
2311 871 2431 921 tres
2488 868 2681 923 sciunt
2728 865 2914 921 teneri
2962 865 3105 937 quin
3155 869 3388 920 emanet
3437 865 3506 918 ad
3564 863 3788 936 plures,

2124 956 2345 1024 nequit.
2389 957 2444 1008 Si
2499 961 2695 1011 autem
2746 953 3390 1024 enotuerit,cooperari
3424 968 3517 1008 me
3566 952 3673 1007 tibi
3728 954 3789 1008 in

2122 1044 2512 1115 exscriptione
2543 1050 2600 1101 et
2640 1045 3047 1117 deportatione
3100 1044 3171 1098 ad
3223 1047 3447 1098 exteros
3481 1058 3787 1098 commen-

2124 1134 2408 1189 tariorum
2452 1134 2835 1203 nostratium,
2863 1138 3063 1188 actum
3092 1136 3162 1187 de
3185 1148 3280 1188 me
3310 1132 3416 1199 sit;
3450 1136 3577 1186 tum
3611 1130 3788 1186 nulla:

2123 1239 2284 1293 opes,
2313 1223 2474 1278 nulla
2507 1223 2852 1294 suffragatio
2884 1226 3061 1295 caput
3094 1238 3286 1277 meum
3322 1224 3642 1277 servarent.
3676 1220 3788 1275 Re-

2123 1326 2252 1382 gem
2287 1310 2578 1368 habemus
2624 1312 2825 1366 saavire
2856 1312 3133 1366 atrociter
3180 1310 3251 1365 ob
3304 1326 3395 1365 res
3445 1308 3613 1363 nihili
3645 1308 3786 1364 soli-

2122 1407 2271 1468 tum,
2305 1416 2410 1456 nec
2445 1400 2805 1471 revocabilis,
2838 1399 2938 1455 ubi
2981 1398 3339 1471 praecipitem
3372 1397 3461 1454 ira
3490 1397 3786 1466 extulerit,

2122 1489 2178 1543 in
2210 1489 2445 1545 mitiora
2474 1489 2814 1545 voluntatis.

2191 1579 2312 1635 VII.
2372 1580 2481 1635 Hic
2540 1584 2782 1635 Perzoes
2839 1578 3058 1650 gratias
3116 1578 3237 1650 egit
3306 1581 3429 1632 tam
3501 1593 3785 1650 generoso

2121 1669 2329 1736 amico,
2361 1673 2535 1739 prout
2584 1686 2687 1740 par
2728 1672 2873 1735 erat,
2912 1683 3181 1738 magnas,
3216 1682 3285 1721 ex
3334 1666 3563 1720 cunctis
3613 1666 3779 1738 sigil-

2119 1758 2284 1813 latim
2317 1756 2781 1812 circumstantiis
2823 1757 3084 1812 beneﬁcii
3136 1757 3264 1826 ejus
3314 1756 3591 1810 meritum
3626 1755 3785 1810 aesti-

2121 1864 2310 1916 mans,
2343 1848 2498 1919 quod
2546 1846 2696 1901 ultro
2748 1846 3094 1917 priusquam
3147 1848 3478 1916 rogaretur,
3513 1846 3668 1915 quod
3720 1844 3781 1898 in

2122 1954 2178 1991 re
2212 1938 2321 1991 sibi
2377 1936 2727 2008 periculosa,
2762 1936 2917 2005 quod
2967 1934 3187 1989 homini
3240 1938 3457 2000 extero,
3491 1937 3612 1988 tam
3648 1950 3785 2005 pro-

2119 2026 2250 2092 lixe,
2305 2031 2417 2079 tam
2465 2025 2722 2095 gratuito
2769 2026 3006 2079 faveret.
3040 2025 3121 2080 De
3171 2027 3416 2087 secreto,
3446 2023 3601 2093 quod
3653 2039 3782 2077 mo-

2119 2119 2348 2179 nuerat,
2376 2132 2581 2169 securu
2596 2113 2938 2185 miomniiex
2969 2118 3134 2185 parte
3157 2113 3343 2183 jussit
3365 2128 3505 2167 esse.
3536 2116 3617 2166 De
3647 2128 3782 2166 mea

2121 2205 2255 2274 ﬁde,
2292 2204 2589 2275 inquiens,
2618 2220 2731 2257 non
2770 2204 2967 2258 minus
3009 2207 3171 2275 potes
3207 2218 3272 2257 ac
3303 2201 3477 2257 debes
3501 2217 3677 2272 quam
3703 2201 3779 2256 de

2118 2299 2221 2349 tua
2252 2294 2442 2366 ipsius
2484 2294 2543 2349 in
2577 2293 2685 2348 hoc
2716 2292 2869 2363 quod
2902 2292 3018 2364 tegi
3053 2291 3361 2362 utriusque
3391 2290 3650 2357 interest,
3685 2294 3779 2345 ta-

2118 2384 2300 2439 cendo
2334 2383 2665 2439 constantia
2698 2388 2755 2437 et
2786 2381 3189 2436 moderatione
3220 2381 3546 2448 conﬁdere;
3572 2396 3781 2451 quare,

2119 2475 2275 2546 quod
2324 2475 2395 2528 ad
2458 2489 2552 2527 me
2601 2472 2831 2536 attinet,
2865 2476 2986 2525 tam
3027 2470 3132 2525 tibi
3192 2474 3355 2526 certa
3405 2467 3783 2525 incolumitas

2118 2568 2219 2618 tua
2260 2567 2367 2630 est,
2403 2579 2581 2634 quam
2616 2562 2771 2633 quod
2822 2560 2880 2615 in
2928 2559 3047 2614 vita
3101 2562 3291 2630 potest
3336 2575 3465 2615 esse
3515 2557 3782 2614 certissi-

2118 2669 2304 2709 mum.
2350 2652 2607 2707 Condam
2670 2668 2762 2706 me
2822 2650 3025 2721 paucis
3078 2649 3308 2713 diebus,
3369 2652 3428 2704 et
3480 2647 3779 2703 celeritate

2118 2760 2353 2799 summa
2386 2741 2541 2813 quod
2592 2740 2763 2813 cupio
2812 2739 3162 2806 exscribam,
3196 2737 3436 2793 interim
3470 2754 3603 2793 cum
3658 2735 3778 2791 alio

2117 2838 2325 2907 praeter
2354 2837 2410 2887 te
2440 2848 2623 2887 unum
2673 2830 3059 2903 congrediens
3103 2829 3355 2885 nemine.
3392 2828 3651 2883 Perfecto
3682 2844 3782 2882 ne-

2118 2923 2275 2995 gotio
2304 2922 2565 2988 evolabo,
2588 2921 2812 2987 statim,
2836 2924 2903 2975 ut
2934 2935 3004 2974 ne
3035 2919 3084 2974 si
3114 2917 3321 2974 vellem
3359 2916 3621 2990 quidem,
3642 2933 3780 2988 pos-

2118 3030 2240 3069 sem
2285 3012 2445 3066 hisce
2492 3011 2766 3082 cuiquam
2801 3010 2859 3065 in
2911 3008 3177 3080 partibus
3226 3007 3412 3062 ullum
3466 3007 3620 3061 inter
3668 3023 3780 3061 nos

2117 3106 2549 3157 transactorum
2608 3099 2893 3153 indicium
2944 3098 3265 3152 effundere.
3312 3095 3403 3152 Me
3454 3096 3588 3150 hinc
3638 3112 3777 3167 pro-

2116 3194 2261 3247 fecto
2294 3197 2353 3244 tu
2404 3188 2703 3261 supereris
2736 3206 2892 3243 unus
2924 3188 3025 3258 qui
3058 3203 3182 3242 rem
3224 3186 3398 3241 scias.
3432 3186 3616 3251 Quam
3652 3190 3780 3240 tuta

2115 3280 2223 3335 tibi
2255 3296 2320 3335 ac
2354 3279 2468 3333 ﬁda
2498 3284 2587 3332 est
2616 3282 2713 3332 tua
2758 3276 2992 3348 propria
3025 3275 3408 3337 conscientia,
3436 3278 3556 3328 tam
3592 3290 3780 3329 remo-

347 3340 508 3433 cturnt
536 3376 620 3431 eis
652 3390 813 3429 escas
845 3340 992 3441 quas
1025 3368 1133 3422 illa;
1166 3340 1471 3437 appetunt,
1504 3369 1560 3419 et
1590 3364 1698 3418 hac
1720 3340 2005 3434 ,illecebra
2036 3340 2077 3405 Ο
2117 3378 2242 3427 tum
2275 3372 2345 3426 ab
2378 3370 2533 3426 omni
2568 3340 2984 3424 etiampﬁbra
3015 3367 3287 3440 periculi,
3320 3367 3500 3436 hujus
3533 3366 3777 3439 quidem

346 3466 622 3522 delinitas
657 3461 1003 3535 pertrahunt
1034 3460 1090 3513 in
1125 3456 1556 3527 laqueosjuxta
1586 3470 1891 3524 expansos,
1918 3452 2003 3508 sic

346 3574 451 3628 ego
482 3553 780 3609 intellecto
825 3556 924 3604 tuo
975 3547 1195 3611 studio,
1231 3544 1572 3613 ingentique
1600 3559 1796 3597 amore
1844 3540 2002 3595 litte-

347 3662 570 3713 rarum,
621 3643 693 3697 de
744 3637 1035 3693 industria
1087 3633 1443 3689 mentionem
1488 3632 1810 3686 inferebam
1866 3649 2001 3687 nos-

347 3733 587 3789 tratium
643 3731 1163 3784 monumentorum
1218 3722 1287 3777 de
1337 3720 1599 3775 moribus
1649 3722 2000 3792 scriptorum

349 3824 636 3883 accurate,
669 3834 787 3888 qua
837 3812 1397 3869 commemoratione
1426 3827 1557 3865 cum
1609 3810 1846 3865 salivam
1897 3812 2004 3865 tibi

348 3910 559 3968 moveri
590 3914 708 3963 tam
743 3904 1017 3976 exquisiti
1052 3902 1188 3971 cibi,
1224 3901 1387 3956 nulla
1418 3900 1561 3956 satis
1592 3906 1694 3955 tua
1716 3901 2003 3956 dissimuo

344 4000 484 4054 latio
542 3998 785 4062 celaret,
845 3994 1049 4049 deveni
1109 3992 1382 4057 tandem,
1445 3990 1730 4045 adhibitis
1797 3990 1999 4045 eodem

346 4089 618 4162 plurimis
648 4086 786 4141 hinc
819 4083 954 4139 inde
987 4081 1118 4137 aliis
1153 4080 1411 4148 indiciis,
1445 4080 1501 4133 in
1538 4080 1808 4134 notitiam
1842 4081 2001 4135 desi—

342 4179 490 4235 derii
520 4178 672 4250 quod
710 4182 765 4229 te
797 4174 915 4228 huc
946 4171 1130 4226 duxit.
1162 4169 1293 4225 Scio
1325 4173 1545 4224 temere
1577 4170 1634 4223 in
1670 4168 1887 4224 talibus
1920 4171 2004 4238 iu-

344 4269 539 4324 dicare
573 4265 813 4323 multos.
852 4263 963 4318 Sed
998 4262 1045 4316 si
1080 4266 1559 4331 argumentorum
1593 4258 1870 4329 opinandi
1903 4260 2002 4313 de-

342 4359 530 4414 lectus
562 4355 659 4426 qui
692 4354 864 4408 debet
892 4351 1200 4417 habeatur,
1229 4364 1360 4403 raro
1390 4340 1671 4402 erraverit
1702 4346 1999 4401 divinatio.

346 4452 425 4503 Ac
488 4447 643 4502 sicut
689 4440 1001 4498 aediﬁcium
1056 4440 1241 4492 ﬁrmis
1292 4437 1551 4491 innitens
1602 4435 2003 4490 fundamentis

348 4542 468 4594 stat
534 4538 953 4590 inconcussum
1020 4530 1298 4583 adversus
1364 4531 1569 4581 ventos
1638 4526 2001 4594 imbresque;

348 4627 500 4683 sicut
530 4627 713 4689 navis,
748 4619 945 4677 carina
976 4618 1185 4673 subtus
1218 4615 1427 4685 solida,
1460 4614 1741 4669 lateribus
1793 4613 2004 4670 validis

2118 3461 2253 3517 facti
2307 3460 2516 3531 gratia,
2550 3464 2605 3513 te
2657 3458 3035 3512 manifestum
3086 3462 3174 3512 est
3220 3456 3357 3511 fore.
3392 3454 3521 3510 Haec
3572 3459 3661 3509 est
3713 3455 3772 3509 in

2114 3568 2242 3606 eam
2277 3549 2628 3605 sententiam
2662 3546 2776 3601 alia
2826 3546 3015 3601 locuto
3072 3547 3261 3601 Perzoi
3313 3543 3543 3615 aperuit
3592 3545 3778 3600 Indus

2115 3640 2349 3711 sapiens
2382 3654 2662 3694 arcanum
2714 3653 2981 3692 muscum
3023 3652 3229 3703 suum;
3266 3636 3346 3689 ibi
3378 3634 3475 3689 ille
3505 3651 3638 3689 cum
3676 3634 3781 3689 bas

2117 3729 2559 3784 dissertationes
2610 3725 2947 3799 quindecim
3008 3723 3508 3796 gymnosophistae
3566 3722 3783 3777 veteris

2116 3820 2185 3872 ad
2237 3835 2431 3890 regem
2484 3814 2964 3880 Abessalomum,
3017 3819 3143 3867 tum
3197 3812 3312 3867 alia
3360 3816 3598 3867 strenue
3648 3827 3781 3880 qua:

2113 3908 2297 3962 voluit
2327 3906 2635 3976 exscripsit
2676 3904 2923 3959 istorum
2958 3903 3171 3958 Indicae
3216 3901 3522 3973 sapientiae
3568 3917 3781 3955 monu-

2117 4002 2471 4052 mentorum.
2504 3993 2745 4048 Interim
2776 3998 2965 4047 autem
3000 3992 3248 4064 pecunia
3279 4007 3458 4061 quam
3492 3989 3778 4045 attulerat

2115 4104 2144 4141 e
2176 4086 2413 4139 Perside
2447 4086 2623 4138 ferme
2648 4084 2771 4152 jam
2797 4098 3074 4153 expensa,
3100 4080 3328 4136 remisit
3357 4096 3424 4135 eo
3457 4080 3639 4134 fidum
3675 4079 3778 4134 ho-

2116 4176 2361 4239 minem,
2390 4174 2486 4245 qui
2522 4173 2640 4243 regi
2666 4175 3009 4226 Anasurano
3042 4170 3363 4237 nuntiaret,
3389 4169 3624 4241 magnis
3655 4173 3781 4223 tan-

2114 4266 2243 4319 dem
2298 4263 2601 4317 laboribus
2636 4278 2696 4315 se
2730 4260 3027 4333 peregisse
3077 4261 3232 4331 quod
3278 4261 3543 4329 jusserat
3577 4275 3590 4313 ε
3625 4257 3778 4313 rela-

2115 4358 2312 4408 turum
2348 4351 2457 4421 ipsi
2508 4350 2707 4404 statim
2763 4366 2891 4422 qua:
2946 4350 3207 4421 optabat,
3241 4348 3343 4404 ubi
3389 4347 3666 4402 viaticum
3703 4348 3777 4401 ad

2115 4442 2365 4497 reditum
2402 4439 2764 4511 suppeditari
2808 4438 2920 4493 sibi
2960 4440 3317 4494 mandasset.
3347 4442 3535 4492 Laetus
3565 4437 3780 4492 nuntio

2114 4548 2212 4586 rex
2246 4548 2358 4585 non
2394 4529 2585 4585 solum
2620 4531 2771 4601 quod
2821 4530 3133 4601 petebatur
3178 4527 3595 4583 liberalissime
3636 4526 3784 4582 sub-

2113 4621 2297 4688 misit,
2326 4621 2425 4675 sed
2460 4619 2706 4675 redditis
2738 4618 3187 4674 bumanissimis
3216 4617 3433 4672 litteris
3452 4633 3631 4687 quam
3666 4615 3783 4670 sibi

349 4733 418 4772 ex
452 4720 576 4771 arte
608 4712 824 4767 affabre
864 4711 1169 4778 compacta
1203 4705 1427 4760 resistit
1474 4703 1647 4757 iratis
1703 4702 2008 4767 fluctibus;

2121 4715 2353 4784 gratum
2389 4726 2454 4764 ac
2480 4709 2817 4778 jucundum
2847 4708 3136 4763 accideret
3168 4707 3396 4762 Perzois
3427 4705 3783 4777 obsequium

347 4806 432 4861 sic
481 4802 679 4876 opinio
731 4817 801 4855 ex
849 4797 1119 4869 prudenti
1172 4794 1607 4865 comparatione
1660 4796 2007 4862 maturaque

349 4892 735 4949 aestimatione
767 4890 1070 4960 signorum
1106 4885 1163 4939 in
1198 4900 1382 4938 unum
1418 4900 1484 4937 ex
1520 4883 1747 4936 diverso
1779 4883 2008 4954 conspi-

349 4984 608 5039 rantium
642 4979 924 5051 plurium,
946 4985 1100 5031 recte
1125 4972 1531 5029 ratiocinantis
1560 4971 1756 5026 animo
1780 4971 2004 5040 innata,

350 5072 589 5143 coargui
616 5087 732 5124 non
765 5068 965 5133 timet;
993 5063 1135 5137 quin
1161 5062 1471 5117 verissima
1501 5060 1849 5133 plerumque
1882 5062 2009 5133 ipsa

348 5161 718 5217 consciorum
788 5155 1158 5212 confessione
1240 5151 1689 5223 comprobatur;
1770 5168 1876 5205 nec
1956 5156 2009 5207 te

350 5267 524 5325 porro
557 5248 837 5321 pmniteat
874 5246 1089 5301 habere
1122 5258 1212 5299 me
1244 5242 1531 5297 arbitrum
1588 5240 1861 5311 ancipitis
1912 5259 2007 5296 ar-

350 5339 512 5407 cani;
545 5340 780 5392 tantum
829 5334 1038 5389 absum
1072 5350 1104 5387 a
1136 5330 1461 5387 deserendo
1491 5334 1570 5394 te,
1604 5333 1670 5384 ut
1717 5329 2007 5401 particeps

347 5430 531 5500 hujus
559 5425 643 5481 tui
670 5424 1067 5497 quodcunque
1098 5424 1186 5476 est
1217 5418 1487 5475 criminis
1507 5418 1659 5473 ultro
1690 5417 1815 5473 ﬁeri
1848 5419 2005 5474 festi-

349 5537 504 5577 nem.
540 5518 653 5586 Sic,
684 5516 947 5585 inquam,
982 5511 1230 5578 decrevi,
1274 5526 1509 5567 omnem
1560 5509 1821 5564 conferre
1865 5527 2006 5581 ope-

348 5626 499 5675 ram,
527 5623 599 5663 ne
632 5606 760 5660 vitae
794 5602 1035 5674 quidem
1078 5616 1143 5654 ac
1176 5600 1349 5671 capiti
1400 5599 1714 5670 parcendo,
1750 5615 1865 5663 quo
1897 5600 2006 5654 tibi

348 5699 651 5769 contingat
704 5695 763 5749 id
812 5691 968 5764 quod
1001 5693 1189 5760 optas.
1223 5689 1438 5743 Verum
1494 5689 1566 5745 ad
1618 5688 1723 5742 hoc
1769 5705 2007 5745 necesse

349 5803 590 5859 prorsus
622 5789 757 5839 ante
781 5778 980 5837 omnia
1002 5782 1113 5847 est,
1148 5782 1213 5831 ut
1244 5776 1623 5831 intendamus
1653 5780 1897 5848 uterque
1924 5780 2006 5832 di-

345 5874 652 5947 ligentiam
705 5868 949 5937 latendi,
984 5866 1527 5935 sollicitissimeque
1576 5881 1887 5922 caveamus
1934 5886 2006 5925 ne

2118 4800 2338 4873 prolixe
2369 4798 2719 4863 declaravit;
2753 4803 2878 4853 tum
2914 4798 3029 4853 Deo
3080 4797 3303 4869 gratias
3355 4812 3559 4868 agens,
3583 4799 3640 4850 et
3666 4796 3780 4862 sibi

2118 4889 2447 4963 gratulans,
2480 4888 2829 4943 hortabatur
2860 4892 2926 4941 ut
2965 4888 3155 4958 quoad
3208 4902 3315 4941 suo
3365 4884 3676 4940 commodo
3709 4884 3784 4938 li-

2120 4985 2295 5047 ceret,
2329 4981 2654 5033 maturaret
2694 4976 2947 5031 reditum
3000 4976 3060 5029 in
3109 4974 3383 5047 patriam,
3418 4972 3518 5028 ubi
3550 4988 3684 5028 eum
3716 4972 3788 5027 ﬁ-

2121 5068 2267 5124 delis
2299 5084 2487 5139 operae
2520 5066 2757 5137 prtemia
2788 5068 3113 5121 manerent.

2191 5156 2346 5212 VIII.
2391 5156 2797 5210 Hac’Perzoes
2845 5154 2998 5209 lecta
3046 5151 3317 5224 epistola,
3353 5150 3662 5208 confestim
3718 5166 3784 5205 se

2121 5248 2220 5301 dat
2250 5246 2308 5299 in
2340 5244 2515 5313 viam,
2548 5260 2614 5298 ac
2645 5260 2772 5299 eam
2812 5242 3059 5299 feliciter
3088 5257 3384 5310 emensus,
3418 5240 3782 5296 incolumem

2121 5352 2181 5390 se
2213 5334 2371 5389 sistit
2400 5332 2675 5402 Chosroi;
2720 5333 2823 5404 qui
2854 5332 3093 5404 quantis
3130 5331 3327 5402 ipsum
3362 5327 3787 5386 benevolentia:

2120 5422 2653 5496 signiﬁcationibus
2684 5422 2999 5494 exceperit,
3026 5421 3185 5475 haud
3219 5419 3390 5475 facile
3423 5419 3501 5474 sit
3530 5418 3784 5474 dicendo

2119 5513 2380 5585 exsequi.
2432 5512 2751 5583 Amplexus
2803 5510 3089 5566 charitate
3146 5509 3554 5565 sincerissima
3603 5508 3785 5561 redu-

2121 5620 2268 5672 cem,
2302 5602 2759 5657 commentarios
2808 5617 2985 5655 manu
3024 5604 3230 5654 tenens
3281 5615 3432 5669 quos
3482 5596 3789 5664 attulerat,

2118 5691 2308 5747 Beasti
2370 5708 2497 5759 nos,
2560 5690 2785 5761 inquit,
2842 5695 2899 5744 et
2954 5688 3071 5743 voti
3128 5692 3432 5759 compotes
3487 5686 3791 5757 antiquis-

2121 5780 2256 5835 simi
2305 5779 2545 5847 faciens,
2596 5786 2879 5835 aeternum
2913 5778 3019 5833 tibi
3069 5777 3402 5843 devinxisti,
3434 5780 3623 5831 macte
3672 5776 3796 5831 ista

2121 5868 2433 5940 industria,
2483 5868 2785 5937 ﬁdelitate,
2838 5867 3175 5940 diligentia;
3230 5865 3510 5922 dabimus
3557 5864 3630 5920 de
3677 5881 3794 5921 cas-
