4120 6396
334 432 471 488 1225

346 565 491 620 tero,
543 558 699 628 quod
759 574 865 612 nos
923 558 1108 625 decet,
1168 573 1427 626 operam,
1493 573 1561 610 ne
1621 555 1833 610 minori
1886 560 1986 610 tuo

335 652 554 714 fructu,
591 664 769 719 quam
803 652 1005 702 nostra
1054 644 1373 717 voluptate,
1427 649 1655 698 tantum
1715 643 1983 699 laborum

339 742 396 792 et
424 736 823 807 periculorum
876 734 1241 790 exhauseris.
1294 734 1415 789 Sub
1466 733 1588 787 haec
1645 733 1801 787 diem
1850 750 1991 787 con-

339 825 482 879 dicit
528 829 867 899 posterum;
919 823 1093 893 cujus
1140 822 1255 876 diei
1309 826 1508 876 notata
1557 822 1703 876 hora
1751 821 1990 887 eruditi,

340 931 489 986 quos
520 914 578 968 in
608 913 889 968 comitatu
924 912 1179 967 habebat
1210 910 1516 982 plurimos,
1544 911 1994 981 omnigenaeque

343 1006 646 1079 sapientiae
697 1004 1123 1059 consultissimi
1190 1003 1299 1058 viri
1369 1002 1750 1058 convenirent
1806 1003 1876 1055 ad
1939 1019 1999 1055 se

342 1112 569 1158 omnes,
603 1094 861 1148 audituri
896 1109 1136 1165 peregre
1168 1094 1442 1147 advectos
1478 1093 1683 1157 libros,
1712 1092 1853 1145 dum
1886 1090 1996 1143 lin-

342 1203 458 1256 gua
489 1184 748 1255 primum
782 1183 1015 1238 Persica
1046 1199 1112 1236 ex
1147 1182 1371 1237 Perzois
1401 1180 1885 1251 interpretatione
1917 1196 2000 1233 re-

342 1276 687 1329 citarentur.
720 1273 1083 1341 Congregato
1128 1276 1277 1324 ccetu
1324 1268 1715 1340 amplissimo,
1768 1267 1998 1321 medius

339 1363 401 1417 in
434 1362 647 1417 throno
680 1378 800 1425 rex,
834 1359 1090 1431 sumptis
1120 1359 1181 1413 in
1215 1374 1426 1412 manus
1454 1364 1511 1412 et
1541 1357 1847 1428 explicatis
1870 1357 1999 1411 Per-

343 1453 463 1507 zois
493 1449 1009 1519 codicibus,jussit
1027 1465 1097 1503 ex
1109 1448 1194 1503 eis
1212 1466 1247 1502 a
1264 1446 1640 1502 vocalissimo
1672 1451 2000 1517 anagnosta

342 1538 712 1612 pronuntiari
746 1556 847 1608 per
880 1538 1055 1591 horas
1097 1537 1386 1607 plurimas
1418 1536 1865 1591 dissertationes
1900 1553 2001 1605 po-

342 1630 641 1685 tissimum
670 1626 1006 1698 quindecim
1041 1626 1543 1698 gymnosophistae
1582 1641 1713 1679 cum
1748 1626 2001 1679 Abessa-

344 1720 501 1775 lomo
531 1736 696 1790 rege;
733 1717 1102 1772 inhiantibus
1133 1717 1299 1771 avide
1330 1716 1582 1779 cunctis,
1606 1720 1663 1769 et
1692 1716 2000 1769 veritatem

348 1815 464 1864 tam
507 1808 662 1879 aptis
720 1823 1059 1877 expressam
1122 1805 1355 1874 fabulis,
1417 1804 1703 1874 effataque
1752 1820 2003 1859 summa:

347 1900 623 1953 humanae
652 1895 953 1967 sapientiae
988 1896 1307 1949 bestiarum
1332 1895 1733 1950 amoenissime
1764 1896 2003 1964 profusa

1350 433 1709 485 SPECIMEN
1747 432 2148 483 SAPIENTI/E
2188 430 2522 485 INUORUM
2560 435 2723 485 VET.

3612 435 3750 488 1226

2018 578 2069 642 Α
2099 573 2429 626 pannorum
2466 557 2597 628 Pagi
2634 557 2934 624 Phuistan,
2985 559 3249 630 amplum
3291 576 3422 615 eum
3471 561 3750 617 vestitum

2106 663 2220 701 non
2256 646 2398 700 mihi
2432 648 2623 701 solum
2656 648 3017 704 indicatione
3069 650 3282 704 favoris
3332 651 3440 717 tui,
3484 652 3587 705 sed
3624 652 3754 705 uni-

2103 752 2279 790 versa:
2326 752 2557 807 quoque
2613 738 2947 807 cognationi
3008 755 3152 792 mea:
3212 746 3374 793 ratus
3424 741 3566 795 fore.
3614 741 3755 794 Inde

2104 840 2236 878 cum
2275 842 2452 895 quam
2476 826 2592 879 dixi
2624 826 2948 897 accepisset
2980 832 3221 882 Perzoes
3253 834 3473 883 vestem
3512 829 3761 899 regiam,

2103 915 2440 985 gratiasque
2471 916 2687 969 iterum
2740 915 3224 985 exquisitissimis
3274 917 3490 989 egisset
3539 919 3756 986 verbis,

2104 1008 2313 1057 cuncta
2342 1003 2392 1057 ei
2427 1022 2701 1075 prospera
2738 1007 3050 1076 faustaque
3104 1024 3137 1060 a
3184 1007 3300 1060 Deo
3345 1024 3751 1078 comprecans,

2105 1093 2532 1146 demississime
2564 1094 2936 1163 signiﬁcavit,
2972 1095 3130 1149 aliud
3183 1096 3487 1165 quidpiam
3532 1097 3756 1150 deside-

2111 1198 2239 1235 rare
2271 1200 2330 1235 se
2363 1200 2395 1235 a
2445 1185 2753 1251 majestate
2803 1184 2951 1253 ejus,
3004 1202 3117 1237 non
3171 1184 3425 1249 difﬁcile,
3488 1202 3590 1238 nec
3643 1202 3760 1238 ma»

2109 1288 2289 1340 gnum
2328 1289 2340 1325 :
2371 1273 2549 1340 quod,
2586 1271 2635 1325 si
2667 1290 2768 1343 per
2798 1290 2932 1326 eum
2970 1272 3187 1340 liceret,
3223 1274 3500 1327 continuo
3548 1291 3759 1344 propo-

2107 1366 2285 1413 neret.
2327 1360 2522 1413 Dicere
2548 1361 2775 1429 jussus,
2810 1361 3062 1431 subjecit
3094 1380 3106 1415 :
3144 1366 3443 1433 Cuperem,
3494 1363 3756 1425 domine,

2108 1453 2169 1501 ut
2201 1450 2489 1518 imperare
2540 1449 2867 1521 dignareris
2916 1452 3187 1521 scriptori
3237 1457 3337 1505 tuo
3391 1452 3546 1521 regio
3602 1457 3760 1505 Pert-

2104 1538 2509 1603 zetzemchari,
2542 1538 2662 1593 ﬁlio
2695 1538 3087 1604 l‘aschetices,
3123 1546 3185 1593 ut
3206 1558 3339 1595 cum
3374 1541 3591 1595 librum
3616 1559 3761 1596 ame

2107 1626 2365 1681 delatum
2398 1644 2467 1681 ex
2496 1628 2663 1682 India
2695 1628 3039 1699 Persiceque
3092 1646 3347 1697 versum,
3401 1648 3553 1698 mox,
3591 1636 3763 1700 prout

2098 1716 2224 1785 jam
2248 1716 2510 1785 jussisti,
2544 1717 2677 1771 edet
2710 1717 2765 1770 in
2800 1717 2991 1772 lucem
3046 1719 3362 1788 publicam,
3410 1737 3761 1774 commemo-

2109 1811 2195 1859 ret
2246 1806 2301 1857 in
2354 1807 2544 1861 fronte
2588 1806 2785 1877 operis
2847 1806 3194 1861 nominatim
3259 1809 3360 1879 qui
3417 1809 3552 1875 sim,
3609 1810 3763 1863 unde

2111 1904 2294 1964 ortus,
2330 1896 2498 1963 cuius
2525 1902 2696 1950 sectae
2748 1913 2813 1950 ac
2866 1897 3068 1961 studii,
3124 1902 3417 1965 postremo
3470 1904 3760 1968 quantum

348 1988 591 2057 linguis,
645 1955 1039 2056 pulcherrimo
1099 1986 1325 2039 intextu
1391 1984 1682 2055 peregrini
1742 1955 1998 2049 artiﬁcii,
2034 1955 2080 2018 Β
2112 1955 2508 2038 contentio-nis
2544 1983 2599 2037 in
2632 1984 2741 2038 hoc
2780 1989 2880 2039 tuo
2928 1955 3206 2039 mandato
3259 1955 3630 2057 defungendo
3663 2004 3757 2041 ex-

347 2075 619 2132 concordi
652 2073 1089 2129 celebrantibus
1120 2074 1429 2145 applausu.
1474 2075 1533 2127 In
1568 2074 1840 2143 digressu
1869 2088 1999 2143 gra-

348 2164 576 2220 vissimi
609 2164 828 2234 quique
861 2168 1200 2218 senatorum
1256 2180 1471 2217 manus
1529 2162 1588 2215 in
1638 2160 1852 2215 ccelum
1886 2159 2000 2213 tol—

348 2254 567 2320 lebant,
599 2250 963 2321 gratulantes
991 2251 1257 2318 Numini,
1290 2251 1447 2320 quod
1479 2250 1594 2304 ista
1626 2249 1746 2319 regi
1778 2252 2000 2314 mente,

348 2345 459 2399 isto
496 2342 692 2397 Perzoi
722 2342 917 2397 studio
950 2357 1351 2411 successuque
1382 2340 1554 2410 ccepti
1606 2338 1865 2393 difficilis
1896 2338 2002 2391 do-

349 2432 565 2497 nando,
594 2430 747 2485 diem
781 2431 1019 2484 demum
1056 2429 1397 2483 illucescere
1430 2428 1833 2482 felicissimam
1866 2443 2001 2481 con-

348 2521 624 2577 cessisset
657 2519 903 2586 Persidi,
939 2518 1119 2572 tantis
1149 2523 1353 2573 exterae
1378 2516 1679 2588 sapientiae
1706 2515 2002 2570 thesauris

343 2612 479 2681 jure
509 2611 785 2679 deinceps
817 2606 1172 2678 gloriatura}.
1224 2608 1376 2662 Hinc
1425 2605 1690 2661 conversi
1742 2605 1812 2659 ad
1868 2610 2002 2659 Per-

353 2716 537 2764 zoem,
567 2697 795 2752 nullum
830 2697 1121 2752 faciebant
1154 2696 1327 2750 ﬁnem
1382 2694 1606 2765 ingenii
1638 2692 1766 2764 eius
1802 2694 2001 2746 facun-

354 2788 602 2858 diaeque,
634 2804 701 2843 ac
728 2786 788 2840 in
821 2786 1003 2841 tantis
1037 2785 1314 2857 periculis
1346 2783 2006 2849 contemnendis,feren-

355 2878 446 2932 dis
476 2877 802 2943 laboribus,
861 2874 1227 2929 fortitudinis
1287 2874 1747 2942 constantiaeque
1805 2870 2007 2941 praedi-

354 2967 551 3021 canda:
582 2985 596 3033 ;
628 2982 744 3037 quo
776 2965 1011 3020 aiebant
1042 2964 1277 3019 nomine
1308 2963 1559 3033 patriam
1587 2962 1701 3033 ipsi
1735 2960 2004 3016 suamim

357 3053 624 3109 mortalis
677 3052 941 3108 beneficii
991 3068 1227 3123 semper
1287 3050 1629 3107 debitricem
1703 3050 1842 3104 fore.
1891 3049 2007 3103 Rex

354 3146 503 3215 ipse,
537 3143 694 3197 haud
726 3158 855 3197 sese
880 3142 1007 3212 jam
1039 3140 1297 3212 capiens,
1332 3141 1513 3212 pandi
1563 3140 1881 3211 apothecas
1912 3154 2006 3190 re—

355 3234 585 3307 giarum
618 3248 796 3303 opum
819 3231 1024 3302 jussit,
1058 3231 1356 3302 ductoque
1388 3246 1590 3285 secum
1625 3230 1777 3283 intro
1811 3226 2007 3282 Perzoi

2109 2072 2426 2127 hauserint.
2455 2074 2530 2127 Eo
2564 2074 2797 2142 cognito
2830 2073 3057 2128 Perzois
3090 2080 3220 2129 voto
3250 2092 3348 2129 rex
3379 2081 3434 2130 et
3490 2093 3759 2145 proceres

2109 2179 2451 2233 generosam
2485 2163 2614 2231 ejus
2649 2163 2999 2233 sapientiam
3034 2180 3367 2235 suspexere,
3413 2166 3510 2234 qui
3543 2166 3758 2236 opibus

2109 2268 2176 2305 ac
2211 2250 2451 2321 pecunia
2482 2250 2857 2321 contemptis,
2901 2256 3181 2307 aeternum
3234 2254 3412 2307 decus
3458 2254 3757 2309 immorta-

2109 2340 2181 2393 lis
2214 2340 2412 2408 gloriae
2448 2358 2629 2394 unum
2664 2341 3005 2395 intueretur.
3048 2343 3236 2405 Quare
3291 2343 3490 2396 statim
3524 2344 3572 2396 ci
3610 2361 3708 2397 rex
3739 2362 3752 2398 :

2108 2429 2380 2492 Dabitur,
2408 2446 2480 2483 ne
2513 2429 2735 2497 dubita,
2770 2431 2924 2500 quod
2977 2431 3125 2501 petis
3179 2448 3191 2485 :
3237 2432 3526 2501 jussoque
3569 2434 3760 2487 confe-

2112 2518 2250 2572 stim
2285 2518 2456 2571 acciri
2488 2518 3027 2584 Pertzetzemchari,
3062 2518 3260 2589 Vides,
3294 2520 3395 2589 ait,
3432 2521 3588 2575 hunc
3622 2522 3757 2575 Per-

2113 2622 2294 2675 zoem,
2329 2605 2485 2660 nosti
2530 2607 2944 2675 eruditionem,
3000 2608 3352 2663 modestiam
3404 2615 3760 2680 caaterasque

2112 2695 2316 2749 laudes
2347 2696 2498 2765 ejus,
2532 2711 2636 2749 nec
2668 2702 2724 2749 te
2757 2696 2906 2766 fugit
2936 2701 3224 2766 quantum
3268 2697 3328 2751 in
3380 2699 3547 2753 nobis
3579 2699 3761 2770 grati-

2115 2784 2341 2838 licando
2375 2784 2766 2854 periculorum
2793 2802 3305 2856 terumnarumque
3328 2787 3524 2842 animo
3549 2787 3764 2841 invicto

2112 2872 2397 2934 subierit;
2435 2878 2711 2943 praeterea
2736 2880 2799 2927 ut
2830 2874 3117 2929 recusarit
3139 2874 3509 2946 amplissima
3530 2877 3767 2947 praemia

2115 2980 2242 3032 qua:
2274 2962 2384 3032 ipsi
2419 2963 2854 3018 merentissimo
2887 2964 3353 3019 decreveramus.
3403 2967 3454 3020 Is
3487 2966 3766 3035 quoniam

2114 3053 2236 3105 vice
2266 3051 2748 3120 omninmjunum
2782 3058 2963 3123 optat,
2999 3057 3063 3107 ut
3093 3052 3244 3109 libro
3268 3071 3440 3125 quem
3474 3060 3563 3109 est
3588 3054 3768 3109 inter-

2116 3143 2379 3211 pretatus
2426 3140 2725 3212 specimen
2780 3142 3061 3197 Indorum
3113 3142 3413 3215 sapientiae
3465 3144 3768 3215 praebenti,

2118 3246 2331 3283 nomen
2365 3228 2554 3300 ipsius
2584 3246 2719 3284 cum
2758 3231 3052 3286 mentione
3085 3248 3272 3302 operae
3314 3232 3472 3287 circa
3495 3249 3626 3287 eum
3662 3250 3769 3287 na-

350 3320 741 3392 jurejurando
772 3318 1142 3374 conﬁrmavit
1170 3320 1504 3374 condonare
1543 3334 1606 3373 se
1636 3316 1750 3388 ipsi
1781 3333 1847 3371 ac
1871 3316 2008 3386 jure
2039 3320 2083 3386 C
2122 3324 2291 3381 vatae,
2326 3322 2452 3372 tum
2486 3321 2702 3373 caetera:
2728 3318 2857 3388 ejus
2890 3318 3214 3391 disciplima
3255 3338 3321 3375 ac
3349 3321 3479 3375 vitee
3512 3321 3772 3377 instituti

352 3413 475 3482 jam
511 3427 669 3465 nunc
700 3426 878 3481 quam
910 3407 1130 3479 optimo
1192 3408 1497 3480 proprium
1548 3408 1778 3462 tradere
1836 3405 2008 3477 quid-

359 3499 502 3572 quid
535 3514 601 3553 ac
640 3501 934 3569 quantum
984 3497 1121 3552 inde
1170 3497 1388 3564 vellet;
1438 3494 1699 3566 eligeret,
1758 3500 2011 3567 caperet,

364 3587 527 3643 nulla
557 3584 930 3653 verecundia,
977 3583 1141 3640 nulla
1190 3584 1552 3657 parcimonia
1609 3585 1849 3639 domum
1910 3601 2015 3638 au-

368 3680 563 3743 ferret,
598 3692 628 3731 e
680 3674 1029 3731 clarissimis
1081 3673 1198 3728 illis
1249 3673 1521 3744 gemmis,
1571 3688 1601 3727 e
1654 3671 2018 3743 pretiosissi-

367 3767 483 3822 mis
514 3767 727 3837 pannis
759 3781 900 3819 auro
924 3764 1102 3819 textis
1132 3769 1188 3818 et
1218 3763 1420 3828 blalta,
1455 3762 1820 3833 reliquisque
1844 3761 2020 3833 regiae

365 3873 519 3929 gazae
551 3855 843 3910 immensa
873 3852 993 3908 illic
1026 3852 1193 3923 copia
1222 3856 1509 3923 congestae
1542 3851 1783 3905 divitiis.

442 3979 533 4035 IX.
580 3983 737 4034 Tunc
788 3978 1101 4050 procidens
1151 3994 1346 4033 coram
1394 3992 1529 4047 rege
1590 3974 2021 4031 demississime

369 4074 613 4124 Perzoes
666 4086 678 4123 :
729 4068 985 4138 Accipio,
1039 4067 1137 4131 ait,
1182 4066 1441 4132 domine,
1490 4064 1669 4119 istum
1730 4063 2017 4133 animum,

368 4158 529 4213 istud
563 4158 634 4213 de
665 4174 758 4211 me
782 4156 1101 4227 judicium,
1134 4171 1200 4211 eo
1233 4154 1476 4227 gratiori
1508 4154 1684 4209 animi
1720 4170 1919 4220 sensu,
1955 4170 2020 4207 eo

368 4246 669 4315 dejectiori
718 4246 1109 4309 veneratione,
1162 4262 1275 4315 quo
1322 4244 1513 4315 magis
1564 4261 1695 4298 sum
1748 4243 2022 4298 conscius

368 4336 516 4392 nihil
548 4334 761 4407 egisse,
796 4340 900 4390 aut
948 4333 1213 4406 potuisse
1263 4351 1356 4389 me
1387 4351 1502 4405 quo
1541 4332 1723 4388 tantis
1774 4352 1807 4388 a
1858 4349 2024 4387 sacra

367 4432 471 4481 tua
502 4424 812 4495 majestate
852 4422 1145 4478 cumulari
1195 4422 1490 4478 favoribus
1540 4440 1816 4477 mererer.
1872 4423 2024 4476 Laus

368 4532 437 4571 ea
469 4529 632 4569 mera
657 4518 748 4569 est
780 4511 1229 4568 humanissimas
1261 4512 1625 4584 dignationis
1673 4518 1807 4581 tuae,
1844 4529 2024 4582 quam

372 4604 515 4675 quia
563 4602 925 4659 remunerari
975 4600 1146 4655 aliter
1196 4617 1373 4670 quam
1426 4601 1575 4655 votis
1626 4617 1877 4672 nequeo,
1922 4618 2023 4655 su-

371 4709 643 4764 premum
693 4690 823 4747 cceli
868 4695 1158 4761 terraeque
1206 4688 1523 4744 Dominum
1578 4689 1843 4760 impense
1894 4706 2025 4757 pre-

370 4800 467 4838 cor
501 4788 566 4838 ut
594 4786 651 4837 te
684 4780 1009 4835 maximum
1056 4794 1252 4850 regem
1284 4783 1341 4833 et
1386 4778 1445 4833 in
1480 4778 1589 4834 hac
1645 4779 1765 4833 vita
1822 4784 2028 4849 pergat

370 4871 534 4927 omni
568 4868 953 4943 prosperitate
986 4869 1305 4933 fortunare,
1353 4873 1411 4923 et
1456 4866 1514 4922 in
1568 4868 1768 4922 futuro
1816 4867 2026 4922 saeculo

371 4961 735 5032 sempiterna
762 4962 1000 5015 coronet
1038 4956 1246 5029 gloria.
1281 4957 1446 5022 Quod
1510 4958 1582 5011 ad
1618 4956 1731 5010 ista
1777 4956 2032 5027 pertinet

371 5068 500 5122 quae
533 5048 867 5120 largissime
900 5048 1073 5102 otI'ers
1104 5046 1349 5117 indigno
1379 5050 1438 5101 et
1469 5044 1662 5099 inutili
1698 5049 1799 5099 tuo
1836 5062 2027 5113 servo,

376 5140 567 5207 liceat,
601 5154 821 5209 quaeso,
856 5154 959 5207 per
991 5144 1045 5191 te
1077 5134 1245 5200 mihi,
1278 5152 1376 5190 rex
1410 5133 2029 5201 illustrissime,libere

374 5227 542 5283 fateri
575 5243 668 5281 me
700 5225 771 5281 iis
805 5242 921 5281 non
956 5226 1240 5295 indigere.
1292 5224 1539 5278 Abunde
1587 5223 1806 5295 quippe
1854 5229 2032 5295 atque

373 5317 565 5371 instar
595 5315 865 5371 omnium
897 5318 1061 5368 tuam
1095 5329 1223 5368 esse
1258 5312 1401 5367 mihi
1433 5311 1683 5384 gratiam
1738 5316 1794 5366 et
1833 5312 2029 5383 splen-

328 5460 335 5465 ,
371 5407 576 5460 dorem
610 5403 1039 5459 redundantem
1074 5402 1131 5456 in
1162 5417 1256 5456 me
1277 5417 1581 5456 summum
1609 5416 1678 5454 ex
1704 5404 1823 5455 tam
1847 5401 2033 5457 hono-

372 5494 536 5548 riﬁco
570 5494 898 5562 majestatis
929 5493 999 5546 de
1032 5508 1126 5545 me
1158 5496 1269 5545 tuae
1311 5489 1653 5545 testimonio
1714 5506 1781 5543 ac
1830 5506 2032 5546 sensu.

370 5582 455 5639 Ne
488 5586 689 5636 tamen
721 5580 922 5635 videar
953 5579 1177 5651 regiam
1211 5579 1390 5634 istam
1414 5582 1578 5632 tuam
1612 5577 2035 5634 liberalitatem

369 5687 669 5742 spernere,
704 5675 805 5724 aut
837 5684 1109 5724 recusare
1143 5668 1201 5722 in
1236 5684 1347 5722 aere
1377 5672 1478 5721 tuo
1536 5682 1685 5733 esse,
1747 5683 1932 5721 unum
1966 5686 2038 5723 ex

376 5760 502 5816 suis
560 5757 1166 5831 magniﬁcentissimis
1218 5757 1468 5812 admitto
1518 5756 1711 5826 donis,
1757 5756 2036 5812 volumen

655 5880 927 5939 eraon.
977 5877 1089 5936 Gn.
1137 5875 1382 5937 CXLIII

2128 3410 2544 3479 prazﬁgeretur,
2577 3405 2850 3462 volumus
2882 3404 3063 3462 illum?
3092 3408 3419 3479 aequissimi
3452 3409 3633 3481 hujus
3656 3410 3774 3465 voti

2129 3513 2233 3567 per
2263 3502 2317 3550 te
2349 3494 2569 3567 prolixe
2592 3501 2921 3569 compotem
2942 3497 3085 3553 fieri.
3121 3500 3317 3568 Itaque
3342 3504 3628 3571 quantum
3655 3505 3775 3555 arte

2131 3585 2525 3657 facundiaque
2568 3584 2750 3654 vales,
2800 3586 2889 3641 fac
2936 3586 2993 3640 in
3045 3604 3111 3642 eo
3155 3593 3525 3659 argumento,
3554 3588 3775 3660 talique

2132 3672 2254 3727 viro
2288 3679 2461 3744 prout
2488 3679 2579 3729 est
2605 3674 2821 3746 dignus
2853 3676 3205 3743 exornando,
3230 3680 3417 3731 totum
3452 3694 3778 3749 expromas;

2131 3762 2189 3815 id
2218 3768 2669 3819 consecuturus.
2705 3769 2769 3818 ut
2798 3765 3030 3820 laudem
3077 3766 3255 3820 etiam
3305 3766 3433 3837 ipse
3483 3769 3779 3837 propriam

2131 3868 2201 3904 ex
2232 3852 2420 3905 alieno
2454 3856 2716 3923 reportes
2748 3854 3105 3917 encomio,et
3138 3858 3313 3910 tanta
3348 3855 3585 3911 virtutis
3610 3857 3785 3927 digne

2132 3940 2871 4009 commendatw‘splendor
2910 3942 2968 3996 in
3017 3948 3182 3999 tuam
3228 3961 3463 4016 quoque
3497 3946 3785 4001 redundet

2132 4028 2481 4083 claritatem.
2517 4029 2669 4083 Vade
2702 4046 2827 4099 age,
2863 4030 3138 4086 incumbe
3169 4033 3225 4087 in
3251 4050 3401 4105 opus
3434 4034 3561 4089 sine
3593 4052 3779 4090 mora:

2134 4121 2192 4171 et
2223 4116 2401 4171 simul
2434 4118 2616 4172 istum
2652 4120 3072 4189 panegyricum
3135 4121 3594 4193 elucubraveris,
3647 4142 3780 4178 cer—

2136 4206 2312 4259 tiores
2364 4222 2470 4259 nos
2516 4206 2642 4273 fac;
2696 4205 2885 4276 placet
2938 4208 3089 4261 enim
3148 4209 3317 4265 nobis
3387 4211 3494 4266 hoc
3544 4212 3673 4283 ipso
3722 4212 3783 4266 in

2138 4301 2311 4360 ccetu,
2341 4294 2493 4364 quod
2526 4294 2832 4365 scripseris
2861 4302 2997 4351 ante
3055 4298 3372 4353 editionem
3421 4300 3685 4370 recitari,
3719 4308 3785 4355 ut

2136 4384 2371 4437 eosdem
2406 4384 2502 4451 qui
2534 4383 3133 4440 Perzoisindustriam
3158 4388 3576 4459 ingeniumque
3600 4391 3787 4445 dilau-

2138 4476 2374 4538 darunt,
2409 4478 2585 4544 gratae
2631 4479 2845 4527 nostrae
2898 4474 2956 4528 in
3005 4492 3138 4529 eum
3190 4475 3531 4548 voluntatis,
3564 4484 3793 4550 tumque

2136 4564 2326 4632 ipsius
2359 4561 2416 4615 in
2454 4562 2620 4617 nobis
2652 4562 3029 4633 obsequendo
3063 4564 3379 4636 diligentiae
3409 4566 3789 4639 eloquentiae-

2062 4688 2107 4749 Β
2140 4669 2252 4722 que
2274 4657 2454 4707 testes
2488 4652 2830 4707 habeamus.

2212 4778 2272 4831 Χ.
2306 4777 2559 4831 Adorato
2610 4776 3108 4833 Pertzetzemchar
3156 4778 3497 4837 humillima
3547 4799 3794 4839 venera~

2140 4866 2297 4919 tione
2329 4880 2483 4937 rege,
2520 4866 2815 4921 facturum
2847 4882 2909 4920 se
2940 4868 3097 4936 quod
3132 4874 3506 4939 praeceperat,
3540 4871 3794 4941 recepit;

2141 4972 2206 5009 ac
2242 4958 2448 5009 Perzoe
2480 4954 2671 5009 denuo
2704 4954 2978 5026 prolapso
3000 4955 3071 5010 ad
3106 4956 3283 5026 pedes
3314 4956 3609 5024 Chosrois,
3650 4975 3792 5030 gra-

2140 5044 2239 5098 tiis
2291 5042 2595 5109 iterandis,
2646 5044 2975 5114 exindeque
3043 5050 3313 5100 venerato
3371 5050 3678 5102 senatores
3730 5066 3797 5103 ac

2142 5132 2296 5187 viros
2328 5131 2624 5203 principes
2656 5136 2892 5188 caeteros
2913 5150 3120 5188 omnes
3151 5134 3250 5204 qui
3284 5135 3797 5203 aderant,solutus

2145 5227 2466 5277 conventus
2516 5225 2622 5276 est.
2698 5224 2764 5275 At
2839 5222 3337 5277 Pertzetzemchar
3402 5225 3615 5281 eximio
3692 5243 3799 5282 suo

2146 5310 2383 5381 ingenio
2417 5327 2483 5364 ac
2518 5310 2795 5366 facultate
2825 5310 3115 5367 scribendi
3141 5312 3420 5383 praeclara
3457 5315 3800 5388 complexus

2150 5400 2553 5472 praescriptum
2588 5406 3029 5471 argumentum,
3063 5401 3388 5458 orationem
3430 5404 3800 5459 elucubravit

2150 5489 2624 5554 disertissimam,
2677 5507 2796 5560 qua
2868 5491 3122 5559 Perzois,
3196 5494 3267 5547 ab
3338 5494 3485 5565 ipsis
3558 5511 3803 5549 exorsus

2152 5577 2362 5649 primis
2412 5578 2742 5649 originibus
2788 5595 2851 5633 ac
2903 5581 3268 5651 crepundiis,
3321 5598 3531 5653 genus,
3585 5588 3807 5652 ortum,

2153 5668 2345 5739 prima
2376 5667 2593 5738 studia,
2640 5685 2854 5735 mores,
2908 5676 3085 5738 artes,
3135 5690 3330 5739 sensa,
3382 5673 3807 5743 professionem

2153 5774 2247 5812 res
2278 5762 2497 5828 gestas,
2533 5774 2723 5829 usque
2752 5759 2825 5813 ad
2858 5761 3389 5832 peregrinationem
3416 5762 3527 5833 ipsi
3564 5764 3805 5818 manda-

3447 5884 3526 5941 39
