4120 6414
348 426 493 479 1227

1873 427 2262 481 APPENDIX.

3637 423 3781 479 1228

350 555 495 618 tam,
531 555 587 606 et
623 550 850 606 felicem
886 552 1139 607 reditum
1173 568 1237 607 ex
1271 551 1455 618 India,
1505 549 1847 621 plenissime
1905 567 2001 604 or—
2033 553 2089 618 Α
2119 548 2318 605 tulans
2351 551 2461 606 sibi
2498 567 2597 607 rex
2629 567 2909 609 successu
2942 566 3172 624 qualem
3205 553 3507 621 optaverat
3532 551 3780 606 manda-

357 640 793 711 natissimeque
840 640 1171 695 celebravit.
1226 640 1350 695 Non
1403 644 1493 696 est
1542 640 1694 711 apud
1747 656 1855 695 nos
1882 639 2009 709 ejus

355 730 553 801 operis
583 730 772 800 copia.
816 730 1014 800 Neque
1062 730 1217 785 enim
1273 729 1442 787 illum
1478 730 1666 786 Arabs
1723 729 2011 798 interpres

355 836 531 889 quem
567 820 760 875 Graece
790 819 1191 889 expressimus
1222 818 1282 874 in
1332 818 1599 874 versione
1645 836 1752 875 sua
1782 827 1999 890 posuit.

363 915 691 966 Possumus
740 914 937 965 tamen
987 911 1115 980 ejus
1172 910 1527 966 desiderium
1576 910 1814 982 aequiori
1862 909 2009 965 ferre

359 999 736 1071 animo,quod
777 1000 1081 1057 materiam
1107 1017 1172 1056 ac
1197 1001 1312 1056 fere
1327 1000 1677 1056 sententiam
1700 1001 1829 1071 ejus
1848 1016 2008 1055 com-

351 1088 624 1144 mentarii
657 1090 869 1159 partim
904 1088 959 1144 in
994 1089 1103 1146 hac
1135 1107 1312 1161 quam
1347 1106 1412 1145 ex
1438 1090 1839 1145 monumentis
1862 1088 2006 1143 hau-

356 1177 548 1232 simus
580 1177 828 1233 Persicis
860 1177 1104 1234 historia
1136 1179 1564 1251 deportationis
1589 1196 1655 1235 ex
1691 1180 1856 1235 India
1887 1180 2006 1234 dis-

360 1266 750 1322 sertationum
810 1267 1021 1323 harum
1083 1268 1576 1339 parabolicarum,
1654 1270 1869 1341 partim
1948 1271 2004 1325 in

350 1357 694 1427 praefatione
745 1356 974 1413 Perzois
1015 1357 1227 1429 ipsius,
1259 1375 1437 1428 quam
1489 1359 1797 1414 Arabicam
1848 1359 2005 1413 nacti

357 1445 551 1500 Graece
578 1463 710 1501 mox
758 1447 1091 1514 reddemus,
1138 1447 1387 1519 reperiet
1429 1448 1736 1505 studiosus
1787 1452 2005 1519 Lector,

361 1534 555 1607 iisque
587 1535 855 1593 videlicet
904 1541 1239 1603 contentus,
1286 1537 1442 1593 haud
1478 1554 1851 1610 magnopere,
1881 1538 2006 1611 epi-

362 1640 490 1691 nor,
524 1625 849 1695 quidquam
898 1625 1053 1681 ultra
1101 1627 1380 1697 requiret.
1426 1628 1767 1683 Convocatis
1795 1628 2007 1683 deinde

360 1730 568 1770 rursus
600 1731 634 1769 a
663 1731 797 1785 rege
824 1715 1182 1786 proceribus,
1217 1716 1346 1789 ipso
1368 1734 1604 1789 quoque
1653 1718 1837 1773 accito
1870 1722 2005 1772 Per-

360 1820 480 1871 zoe,
529 1803 716 1860 lectus
761 1822 955 1861 coram
1001 1806 1280 1861 omnibus
1320 1812 1410 1862 est
1453 1807 2005 1863 Pertsetzemcharis

2118 646 2308 696 tarum
2341 658 2375 696 a
2405 659 2466 698 se
2505 659 2723 711 rerum,
2762 640 2943 714 pandi
2984 640 3296 695 thesauros
3328 638 3517 711 regios
3558 638 3775 694 iterum

2111 728 2316 799 jussit,
2348 732 2697 803 eductisque
2728 732 2863 787 inde
2896 747 3112 802 magna
3141 731 3194 785 vi
3237 728 3365 784 auri
3396 744 3460 784 ac
3509 744 3778 800 gemma~

2117 834 2245 877 rum
2276 819 2552 877 immensi
2590 822 2782 891 pretii,
2812 826 2938 876 tum
2971 820 3154 876 vestis
3185 818 3431 875 attalicsa
3459 819 3775 890 speciosis-

2116 907 2280 964 sima:
2324 926 2569 966 numero
2605 900 2850 982 ingenti,
2884 908 3472 967 Pretzetzemcharem
3516 926 3620 980 pro
3670 926 3775 965 na-

2115 1002 2251 1051 vata
2282 999 2537 1055 ﬁdeliter
2565 1016 2745 1072 opera
2786 1003 3132 1054 muneratus
3182 1002 3273 1053 est
3320 998 3563 1053 Perzoes
3615 999 3774 1070 regis

2118 1085 2177 1140 in
2210 1104 2337 1143 sese
2368 1088 2652 1145 beneﬁcia
2683 1088 2845 1144 omni
2876 1105 2985 1143 sua
3016 1088 3191 1143 etiam
3238 1087 3616 1158 praedicandi,
3674 1104 3775 1143 ne-

2115 1178 2259 1234 dum
2313 1182 2671 1252 rependendi
2705 1180 2979 1235 facultate
3013 1171 3185 1249 longe
3216 1178 3520 1249 superiora
3551 1179 3773 1249 gratis-

2121 1270 2272 1325 sime
2305 1272 2629 1341 professus,
2658 1271 2813 1325 votis
2846 1271 2918 1324 ab
2950 1270 3355 1340 omnipotente
3403 1283 3599 1323 rerum
3656 1272 3771 1321 Do-

2115 1358 2275 1414 mino
2304 1360 2523 1416 institit
2551 1359 3013 1432 religiosissimis
3040 1373 3296 1429 poscere,
3335 1361 3399 1411 ut
3429 1356 3583 1411 vices
3613 1356 3674 1411 in
3707 1370 3775 1411 eo

2115 1465 2258 1505 suas
2290 1449 2595 1522 suppleas,
2628 1466 2743 1505 non
2785 1447 3081 1505 universis
3123 1448 3312 1502 solum
3348 1444 3475 1501 vita;
3507 1445 3778 1501 mortalis

2114 1538 2477 1595 ornamentis
2509 1555 2575 1594 ac
2606 1539 2952 1604 commodis,
2987 1538 3089 1593 sed
3122 1537 3303 1607 gloria
3346 1536 3521 1591 etiam
3557 1541 3778 1592 aeterna

2116 1632 2343 1685 tantam
2359 1645 2487 1701 ejus
2501 1628 2966 1701 begnignitatem
2981 1626 3430 1697 largitatemque
3444 1631 3770 1682 coronaret.

2114 1717 2637 1775 Pertzetzemchari
2672 1719 2886 1773 deinde
2920 1715 3287 1788 amplissima
3338 1718 3459 1770 tam
3508 1714 3778 1769 benevoli

2112 1807 2290 1863 ofﬁcii
2320 1813 2596 1881 precatus
2626 1807 2768 1864 item
2800 1824 2834 1863 a
2862 1808 2979 1863 Deo
3013 1806 3274 1877 praemia,
3307 1819 3655 1859 concessum
3680 1803 3777 1858 de-

356 1893 636 1964 prologus
668 1894 1145 1966 encomiasticus,
1178 1896 1238 1951 in
1271 1913 1385 1967 quo
1417 1913 1550 1952 cum
1583 1902 1743 1956 esset
1771 1898 2003 1953 cunctis
2034 1931 2081 1997 Β
2115 1898 2294 1969 nique
2345 1902 2529 1954 totum
2565 1898 2731 1953 illum
2765 1896 3206 1969 amplissimum
3241 1891 3770 1962 obsequiosissime

351 1981 542 2039 visum
589 1983 914 2039 laudatoris
967 1983 1355 2055 eloquentiam
1411 1987 1633 2042 laudati
1683 1987 2003 2043 virtutibus

349 2088 417 2126 ac
450 2072 674 2129 meritis
704 2090 871 2144 aequa
903 2074 1279 2145 preportione
1312 2070 1684 2147 respondere,
1703 2076 2006 2149 plausibus

354 2166 601 2233 uterque
632 2163 966 2220 celebratus
1000 2163 1191 2232 miris,
1234 2181 1517 2237 magnum
1542 2165 1811 2222 tulerunt
1829 2167 2005 2223 indu-

353 2252 508 2306 striae
541 2269 659 2307 sua:
697 2254 976 2308 fructum.
1012 2252 1129 2308 Prae
1157 2255 1435 2311 omnibus
1468 2255 1707 2328 gavisus
1764 2263 1821 2313 et
1868 2274 2003 2329 gra-

2116 1991 2448 2054 veneratus,
2512 1988 2743 2043 cunctis
2791 1986 2845 2041 ei
2897 1984 3179 2053 vicissim,
3214 1985 3355 2038 dum
3414 1981 3772 2053 assurgitur,

2116 2077 2577 2149 gratulantibus,
2607 2077 2849 2132 domum
2874 2090 3002 2130 sese
3024 2089 3193 2129 suam
3221 2072 3598 2143 triumphans
3619 2085 3773 2141 gau-

2116 2167 2233 2238 dio,
2265 2171 2319 2222 et
2352 2166 2689 2223 cumulatus
2721 2166 2905 2238 gloria
2928 2163 3165 2236 recepit.

1671 2653 2312 2715 PROLEGOMENON
2360 2651 2439 2711 II.

620 2783 928 2864 Praefatio
955 2788 1270 2865 Symcom's
1298 2786 1447 2849 Seth
1483 2788 1682 2849 Graeci
1717 2789 2241 2928 a'nterp;etis,dqua
2273 2786 2463 2846 tradit
2511 2785 2809 2846 rationem
2852 2781 3028 2864 hujus
3060 2779 3211 2841 libri
3256 2778 3491 2841 utiliter

1942 2888 2085 2928 εαξη
2134 2888 2181 2928 ι.

1942 2888 2151 2948 egena:
2164 2911 2181 2929 .

344 3082 478 3138 CAP.
516 3084 557 3137 Ι.
590 3114 657 3121 -
688 3084 1105 3208 Argumentum],
1137 3085 1319 3168 forma
1362 3091 1417 3139 et
1466 3099 1655 3156 scapus
1685 3082 2003 3154 scriptionis

1100 3170 1268 3208 cuius.

1100 3170 1268 3225 cujus.

416 3262 789 3334 Compositus
822 3262 916 3318 hic
944 3262 1091 3318 liber
1114 3268 1201 3318 est
1225 3280 1257 3318 a
1281 3263 1648 3335 sapientibus
1679 3263 1995 3319 artiﬁcioso
2034 3244 2075 3309 Ο

350 3357 624 3407 contextu
658 3351 993 3408 fabularum
1025 3368 1090 3407 ac
1121 3351 1560 3423 parabolarum,
1605 3357 1661 3407 et
1708 3353 2003 3425 excogita-

346 3446 543 3497 tarum
572 3446 632 3497 et
662 3442 1066 3503 ordinatarum
1124 3442 1445 3514 prudenter
1495 3444 1564 3496 ad
1618 3441 2001 3498 directionem

343 3531 491 3587 vitae.
526 3535 730 3586 Locuti
759 3537 959 3587 autem
992 3530 1086 3585 hic
1122 3536 1262 3585 sunt
1292 3534 1563 3587 auctores
1594 3530 1777 3603 hujus
1807 3532 1999 3603 operis

343 3637 446 3690 per
474 3638 574 3675 ora
605 3621 928 3675 bestiarum
972 3623 1028 3673 et
1058 3619 1386 3687 volucrum,
1420 3627 1481 3675 ut
1512 3619 1758 3675 lectores
1790 3621 1999 3677 corda-

344 3716 436 3763 tos
466 3709 527 3762 in
560 3708 913 3763 sententiam
946 3725 1220 3763 arcanam
1270 3713 1666 3779 penetrantes,
1701 3710 2003 3766 erudirent

342 3798 842 3868 instituerentque
876 3798 945 3853 ad
980 3804 1132 3853 recte
1166 3797 1275 3852 sibi
1306 3800 1760 3869 consulendum,
1801 3801 1999 3856 stultis

348 3890 543 3942 autem
574 3888 893 3959 puerisque
927 3888 1111 3943 risum
1147 3893 1464 3959 moverent,
1496 3888 1740 3962 ludique
1763 3890 1909 3963 ipsis
1933 3908 1998 3945 ac

347 3976 720 4032 remissionis
760 3976 948 4047 gratia
1002 3976 1318 4049 placerent.
1365 3980 1604 4050 Oportet
1648 3985 1844 4035 autem
1896 3996 1994 4035 cu-

344 4065 512 4134 pidos
545 4067 822 4121 doctrinae
854 4083 1084 4138 omnes,
1139 4068 1462 4137 praesertim
1491 4067 1757 4138 juvenes,
1788 4069 1908 4123 haec
1941 4074 1997 4124 et

341 4156 679 4211 memoriter
709 4156 988 4227 ediscere,
1023 4160 1080 4211 et
1112 4158 1314 4212 crebro
1345 4158 1547 4213 efferre
1576 4159 1897 4229 recitando,
1932 4164 1996 4217 ut

340 4251 542 4315 postea
573 4264 747 4318 quam
780 4247 838 4301 in
872 4252 1098 4302 aetatem
1132 4246 1360 4302 consilii
1412 4263 1683 4319 capacem
1735 4249 1992 4305 adoleve-

336 4335 475 4406 rint,
511 4335 741 4407 possint
773 4339 1078 4391 latentlum
1101 4336 1210 4391 sub
1237 4337 1327 4392 bis
1354 4344 1775 4410 praeceptorum
1810 4341 1989 4395 ductu

334 4427 667 4496 gubernare
697 4426 880 4481 vitam
915 4427 1233 4499 propriam.
1287 4427 1356 4481 Et
1405 4426 1515 4481 erit
1566 4428 1688 4483 haec
1720 4431 1988 4499 quadam

331 4514 478 4585 ipsis
505 4515 740 4587 provisa
774 4516 1015 4572 moralis
1046 4516 1306 4572 scientiae
1338 4517 1527 4590 copia,
1560 4517 1718 4573 velut
1750 4519 1876 4573 auri
1899 4538 1988 4573 ar-

2114 3082 2247 3138 CAP.
2282 3082 2351 3138 II.
2388 3114 2455 3122 ——
2480 3083 2567 3137 Ad
2590 3079 2872 3137 lectionem
2903 3077 3036 3135 libri
3055 3074 3432 3131 adhibendum
3458 3071 3773 3128 consilium

2184 3156 2441 3224 doctoris,
2493 3152 2797 3209 ostenditur
2846 3149 3109 3224 parabole
3158 3146 3504 3203 invenientis
3536 3161 3775 3216 peregre

2186 3222 2525 3295 thesaurum,
2558 3240 2655 3280 nec
2681 3224 3006 3295 per/arentis
3035 3222 3277 3275 domum.

2185 3351 2422 3423 Oportet
2448 3353 2641 3407 autem
2674 3348 2961 3423 legentem
2994 3344 3152 3401 hunc
3182 3344 3401 3399 librum
3439 3340 3772 3413 intelligere

2118 3459 2228 3496 non
2266 3446 2496 3496 tantum
2550 3440 2669 3494 vim
2729 3437 2995 3493 intimam
3050 3435 3381 3501 verborum,
3441 3432 3543 3485 sed
3587 3431 3771 3487 etiam

2119 3548 2333 3586 causas
2365 3548 2467 3585 cur
2498 3528 2755 3600 quidque
2786 3528 3046 3600 positum
3080 3524 3159 3579 ibi
3198 3524 3316 3578 sit:
3354 3520 3772 3593 percipereque

2114 3623 2609 3699 signiﬁcationem
2632 3617 3118 3694 symbolorumjn
3146 3614 3397 3688 singulis
3420 3611 3780 3668 meditandis

2114 3712 2259 3769 satis
2310 3713 2605 3783 haerendo,
2656 3708 3128 3778 adhibendoque,
3176 3704 3274 3761 ubi
3319 3721 3466 3775 opus
3507 3702 3606 3769 sit,
3641 3718 3770 3755 ma-

2111 3802 2279 3874 gistri
2315 3818 2583 3874 operam;
2645 3798 2861 3869 alioqui
2920 3797 3077 3852 enim
3141 3812 3256 3852 non
3306 3794 3479 3849 modo
3513 3807 3624 3847 non
3659 3791 3777 3845 erit

2107 3892 2270 3947 utilis
2302 3891 2495 3960 lectio,
2521 3891 2620 3945 sed
2646 3889 2823 3945 etiam
2848 3888 3133 3942 damnosa
3155 3884 3410 3940 laborem
3435 3882 3766 3937 infructuo-

2107 3999 2239 4039 sum
2276 3980 2555 4037 subeunti
2592 3978 2734 4050 :qui
2785 3992 2927 4033 sane
2974 3974 3166 4031 simile
3220 3972 3442 4044 aliquid
3503 3970 3765 4042 patietur

2104 4071 2332 4128 homini
2365 4071 2565 4137 stulto,
2620 4069 2718 4140 qui
2752 4084 2885 4122 cum
2939 4080 3179 4137 peregre
3231 4060 3668 4117 conscendisset
3699 4061 3761 4113 in

2107 4163 2421 4235 quemdam
2457 4164 2742 4224 montem,
2776 4162 2832 4211 et
2861 4156 3181 4211 invenisset
3213 4153 3291 4207 ibi
3323 4167 3515 4207 arcam
3569 4148 3760 4204 maxi-

2104 4267 2260 4307 mam
2293 4252 2525 4320 plenam
2554 4263 2695 4302 auro
2728 4250 2783 4300 et
2805 4244 3056 4317 gemmis
3091 4242 3385 4315 pretiosis,
3420 4240 3566 4294 dixit
3598 4238 3756 4310 apud

2101 4358 2162 4397 se
2195 4357 2208 4396 :
2243 4340 2459 4394 Abiens
2502 4336 2876 4407 interrogabo
2927 4334 3237 4405 quemdam
3285 4331 3633 4403 prudentem
3667 4326 3759 4381 vi-

2100 4448 2231 4485 rum
2264 4435 2320 4484 et
2352 4427 2685 4500 perquiram
2720 4443 2787 4481 ex
2814 4426 2942 4496 ipso
3004 4424 3288 4478 rationem
3352 4424 3481 4475 tuto
3540 4419 3757 4488 depor-

2096 4521 2259 4576 tandi
2294 4519 2473 4589 hujus
2504 4516 2767 4572 thesauri
2799 4515 2856 4569 in
2894 4517 3134 4569 domum
3160 4527 3350 4567 meam
3387 4526 3400 4564 :
3434 4509 3588 4580 quod
3614 4523 3754 4562 cum

330 4605 611 4676 gentique
651 4610 921 4675 repertus
950 4606 1107 4660 domi
1140 4605 1437 4677 cumulus,
1487 4624 1662 4679 quem
1715 4614 1987 4679 parentes
2018 4634 2065 4698 Β
2101 4626 2273 4681 agere
2303 4608 2593 4680 cmplsset,
2627 4623 2762 4662 mox
2793 4603 2965 4676 empti
2998 4603 3309 4674 pmnitens,
3331 4602 3375 4655 Ο
3398 4615 3511 4668 me,
3539 4596 3752 4698 inquit,

326 4693 474 4764 ipsis
506 4695 1388 4760 recondiderint,inveniendum
1409 4713 1524 4768 quo
1547 4700 1809 4768 tempore
1833 4715 1983 4769 opus

329 4801 394 4840 eo
427 4785 652 4843 fuerit:
702 4800 885 4856 quem
936 4784 1322 4841 abscondisse
1368 4786 1590 4857 profuit
1639 4804 1712 4843 ne
1765 4788 1981 4860 diripe-

327 4878 493 4929 retur
520 4874 597 4929 ab
629 4875 968 4943 extraneis;
1002 4891 1107 4930 nec
1139 4878 1338 4931 tamen
1371 4879 1489 4930 tam
1525 4875 1639 4931 alte
1658 4877 1979 4945 defodisse,

330 4967 395 5018 ut
423 4980 543 5020 non
571 4964 743 5019 facile
767 4964 1143 5035 detegeretur
1174 4964 1235 5018 in
1283 4965 1591 5020 occasione
1626 4967 1983 5035 utendi,uti-

330 5068 441 5123 que
470 5052 750 5109 latentem
781 5055 887 5109 sub
938 5053 1241 5109 involucro
1282 5070 1394 5109 non
1428 5054 1607 5109 nimis
1638 5056 1840 5124 denso,
1878 5057 1979 5112 sed

319 5139 635 5211 pellucido,
670 5159 775 5199 nec
806 5160 961 5214 agre
1012 5142 1332 5210 amovibili,
1386 5142 1711 5213 signorum,
1747 5160 1813 5199 ex
1844 5162 1981 5217 ope-

323 5230 488 5285 ribus
520 5235 577 5286 et
611 5231 807 5287 verbis
856 5233 1259 5288 indicantibus
1312 5231 1611 5303 quidpiam
1665 5234 1809 5289 satis
1850 5252 1979 5307 per-

322 5320 483 5375 vium
534 5320 937 5392 intelligentiae
986 5321 1244 5378 naturali
1295 5322 1511 5376 mentis
1562 5322 1853 5378 humanae.
1902 5325 1981 5381 Ea

322 5408 478 5464 enim
506 5414 633 5464 arte
661 5410 1043 5465 multiformis
1080 5411 1198 5465 haec
1230 5409 1472 5480 scriptio
1503 5410 1791 5481 symbolis
1829 5412 1980 5483 ﬁgu-

319 5499 520 5568 risque
548 5499 741 5555 omnis
766 5499 999 5571 generis
1020 5499 1319 5568 variegata
1339 5506 1426 5555 est
1445 5514 1480 5553 a
1501 5499 1641 5554 viris
1661 5502 1983 5572 sapientis-

316 5588 490 5643 simis
525 5590 657 5659 ejus
688 5587 1053 5654 auctoribus,
1086 5594 1154 5641 ut
1182 5587 1276 5641 via
1321 5588 1600 5660 radixque
1629 5590 1807 5644 ofﬁCii
1838 5607 1979 5647 con-

320 5678 557 5748 siliique
586 5681 729 5734 recti
762 5680 820 5732 in
852 5678 1013 5731 omni
1044 5678 1179 5732 vita)
1223 5678 1469 5734 articulo
1519 5680 1757 5736 tenendi
1798 5698 1977 5739 amca-

331 5764 423 5820 nis
458 5768 809 5840 ambagibus
838 5766 1321 5823 adumbraretur.

2095 4698 2374 4756 stultum!
2403 4698 2501 4769 qui
2535 4697 2791 4767 aliquem
2824 4693 3127 4750 consulam
3163 4707 3175 4747 :
3208 4707 3339 4746 nam
3374 4703 3551 4759 quem
3570 4686 3755 4756 hujus

2094 4790 2293 4844 arcani
2328 4787 2673 4859 participem
2706 4786 2912 4851 fecero,
2944 4782 2995 4837 is
3024 4780 3177 4837 volet
3215 4778 3477 4835 thesauri
3515 4790 3754 4847 quoque

2093 4880 2218 4935 ﬂeri
2268 4878 2583 4951 particeps,
2617 4881 2673 4932 et
2702 4893 2838 4948 pars
2869 4876 2999 4946 ejus
3028 4873 3140 4927 erit
3203 4870 3287 4925 illi
3328 4866 3702 4925 concedenda
3739 4880 3753 4919 :

2094 4986 2288 5026 nonne
2320 4967 2533 5024 melius
2564 4971 2653 5023 est
2675 4971 2739 5021 ut
2759 4981 2864 5037 ego
2883 4963 3029 5019 mihi
3052 4966 3240 5018 totum
3260 4956 3511 5015 servem?
3534 4956 3622 5011 Ab
3639 4954 3754 5009 hoc

2094 5057 2343 5115 consilio
2363 5057 2584 5113 stultus
2608 5055 2703 5111 ille
2722 5053 3057 5125 inexplebili
3080 5050 3405 5122 cupiditate
3422 5046 3633 5101 illusus
3654 5058 3753 5098 vo-

2092 5150 2244 5205 cavit
2273 5148 2505 5219 bajulos
2539 5144 2931 5202 mercenaries
2990 5159 3020 5198 e
3077 5143 3222 5208 foro,
3283 5139 3549 5208 dixitque
3579 5133 3697 5189 illis
3732 5151 3745 5188 :

2092 5239 2270 5294 Adest
2300 5239 2439 5308 huc,
2472 5241 2527 5291 et
2559 5236 2744 5293 locate
2784 5234 2932 5288 mihi
2982 5233 3148 5303 justa
3205 5228 3473 5284 mercede
3503 5239 3745 5295 operam

2093 5328 2163 5383 ad
2199 5328 2553 5399 portandum
2600 5325 2722 5381 haec
2768 5339 2881 5394 quo
2920 5320 3070 5377 volo.
3125 5317 3577 5390 Responderunt
3608 5312 3693 5366 illi
3732 5329 3746 5367 :

2094 5418 2400 5473 Faciemus
2429 5421 2485 5472 et
2514 5416 2735 5471 ibimus
2768 5418 2833 5469 ut
2858 5412 3049 5483 jubes.
3085 5410 3211 5481 lpse
3262 5407 3502 5463 delectis
3543 5404 3748 5459 decem

2094 5523 2162 5562 ex
2192 5505 2337 5578 ipsis
2371 5507 2537 5561 duxit
2576 5521 2675 5560 eos
2734 5503 2807 5559 ad
2856 5501 3049 5557 locum
3105 5496 3205 5553 ubi
3257 5500 3381 5553 erat
3429 5495 3750 5549 thesaurus

2092 5612 2267 5669 quem
2301 5596 2633 5651 invenerat:
2669 5599 2726 5650 et
2758 5590 3028 5669 aperiens
3061 5604 3256 5645 arcam
3311 5585 3457 5642 dixit
3488 5600 3501 5639 :
3534 5582 3750 5637 Adeste

2089 5686 2286 5753 amici,
2320 5690 2378 5741 et
2410 5684 2721 5756 implentes
2755 5698 2956 5738 saccos
3008 5683 3235 5735 vestros
3286 5676 3363 5731 ite
3413 5673 3472 5729 in
3504 5674 3752 5727 domum

2090 5791 2305 5845 meam,
2341 5780 2397 5831 et
2427 5775 2706 5847 deponite
2745 5772 2907 5846 ipsos
2937 5771 2997 5825 in
3028 5767 3341 5835 vestibulo,
3376 5768 3441 5820 ut
3492 5762 3573 5817 ibi
3624 5777 3750 5816 ser-
