4120 6448
362 451 500 505 1229

1386 458 1744 511 SPECIMEN
1782 457 2184 511 SAPIENTIE
2224 458 2557 512 INDORUM
2600 460 2760 513 VET.

3644 462 3781 515 1230

360 580 572 631 ventur
601 578 783 632 donec
816 579 1066 634 veniam.
1100 580 1179 635 Ea
1212 596 1344 634 cum
1380 579 1450 635 ab
1484 581 1690 636 insano
1742 581 1854 635 isto
1908 578 2009 634 ba-
2039 598 2089 662 Α
2126 577 2241 649 ipsi
2276 594 2288 634 :
2326 582 2517 649 Erras,
2551 582 2758 651 amice,
2791 581 2849 635 in
2901 584 3358 654 pronuntiando.
3409 586 3632 648 Quibus
3682 585 3781 642 ille

354 666 467 736 juli
503 668 830 734 audissent,
868 669 1140 724 dixerunt
1168 669 1280 740 ipsi
1317 687 1329 725 :
1366 670 1518 725 Bene
1549 669 1743 739 habet,
1769 669 2019 723 libenter

363 773 752 829 exsequemur
783 760 937 831 quod
982 759 1241 830 imperas
1278 774 1291 814 :
1326 764 1382 813 et
1428 777 1559 814 cum
1615 759 2018 831 implevissent

362 863 585 916 saccos,
622 864 830 903 rursus
861 848 971 919 ipsi
1006 849 1278 903 dixerunt
1314 865 1325 901 :
1364 848 1513 903 Audi
1549 848 1596 903 si
1628 847 1791 903 lubet
1823 846 2015 902 consi-

363 935 507 991 lium
542 943 831 1005 nostrum,
869 955 938 992 ne
973 938 1312 993 thesaurum
1348 954 1520 1009 quem
1554 937 1827 993 invenisti
1886 954 2015 1007 per-

361 1027 488 1082 das.
524 1027 671 1093 Quin
707 1028 856 1097 ejus,
895 1028 1087 1098 inquit
1119 1027 1235 1093 ille,
1287 1028 1479 1097 gratia
1527 1027 1719 1083 vocavi
1771 1044 1892 1093 vos,
1947 1043 2017 1081 ne

360 1115 498 1187 quid
535 1115 673 1170 mihi
713 1117 925 1187 periret
956 1135 1022 1171 ex
1051 1116 1307 1188 ipso.llli
1345 1118 1617 1171 dixerunt
1662 1131 1673 1171 :
1721 1116 1843 1170 Non
1877 1133 2014 1170 con-

360 1204 515 1259 venit
549 1223 652 1260 nos
686 1205 859 1261 simul
891 1206 975 1261 ire
1006 1224 1122 1262 una
1155 1224 1378 1276 omnes,
1414 1224 1484 1261 ne
1516 1207 1648 1277 quis
1682 1206 2013 1276 ,magistra-

357 1301 525 1352 tuum
560 1302 784 1353 tantam
822 1304 1167 1353 onustorum
1208 1300 1435 1353 turbam
1470 1300 1693 1365 videns,
1748 1298 2018 1369 exquirat

359 1385 497 1458 quid
536 1389 615 1443 rei
649 1388 744 1451 sit,
772 1393 828 1443 et
858 1389 1088 1460 cognito
1130 1392 1320 1443 tantas
1354 1404 1492 1459 opes
1524 1388 1582 1441 in
1617 1389 1858 1441 domum
1895 1385 2013 1457 pri-

357 1480 553 1532 vatam
606 1478 763 1542 ferri,
816 1481 1036 1532 avertat
1084 1476 1237 1543 illas,
1289 1482 1345 1533 et
1395 1477 1451 1531 in
1504 1478 1711 1532 fiscum
1769 1475 2012 1546 redigat,

358 1567 629 1622 auferens
662 1585 696 1622 a
727 1567 896 1621 nobis
922 1582 934 1620 :
962 1565 1172 1622 melius
1204 1583 1341 1638 ergo
1373 1570 1461 1620 est
1492 1571 1555 1620 ut
1587 1564 1805 1637 singuli
1840 1582 2014 1636 sepa-

358 1656 529 1711 ratim
564 1656 1033 1728 proficiscamur,
1068 1672 1173 1711 nec
1205 1661 1266 1711 tu
1302 1656 1608 1711 nobiscum
1643 1656 1747 1723 sis,
1783 1655 1883 1710 sed
1918 1654 2013 1709 hic

354 1750 655 1817 exspectes
687 1742 870 1801 donec
903 1750 1299 1813 revertamur;
1354 1742 1570 1799 ibimus
1622 1746 1779 1799 enim
1830 1743 2009 1799 celer-

353 1834 538 1901 rime;
589 1840 645 1891 et
696 1834 892 1890 statim
944 1833 1057 1889 huc
1109 1830 1452 1889 redibimus.
1488 1832 1760 1889 Probavit
1792 1832 2011 1889 stultus

353 1924 665 1980 consilium
692 1922 1044 1994 bajulorum;
1077 1926 1135 1978 at
1156 1923 1240 1977 illi
1272 1922 1547 1978 tollentes
1579 1938 1780 1978 saccos
1804 1922 2009 1993 plenos

353 2012 626 2070 abierunt
658 2012 1069 2086 unusquisque
1102 2030 1217 2084 quo
1249 2012 1441 2078 libuit,
1464 2018 1520 2067 et
1548 2012 1607 2067 in
1642 2012 1884 2067 domum
1918 2012 2005 2065 in—

356 2103 485 2160 sani
518 2120 689 2158 nemo
722 2103 1020 2175 profectus
1046 2102 1293 2158 est.Sub
1326 2118 1626 2173 vesperem
1661 2101 1759 2155 ille
1792 2100 2007 2172 (quan-

352 2210 531 2265 quam
566 2193 942 2249 snbcﬂ'ensus
973 2192 1130 2265 quod
1163 2210 1278 2247 non
1313 2191 1832 2257 redissent,tamen
1866 2206 2008 2244 cau-

350 2300 477 2338 sam
498 2299 671 2337 morae
693 2282 971 2336 incidisse
991 2280 1189 2351 aliam,
1207 2299 1311 2336 nec
1330 2280 1443 2337 sibi
1460 2282 1806 2336 damnosam
1823 2279 2008 2346 ratus)

344 2371 557 2445 plenus
608 2372 824 2444 gaudio
871 2373 1115 2426 domum
1148 2388 1211 2427 se
1243 2372 1500 2427 referens
1528 2370 1692 2426 uxori
1725 2370 1958 2425 dicebat
1991 2384 2004 2422 :

348 2462 603 2516 Ostende
657 2460 801 2515 mihi
851 2460 947 2515 ubi
1013 2460 1325 2515 thesaurus
1384 2465 1475 2515 est
1515 2476 1688 2530 quem
1745 2458 2007 2513 tulerunt

345 2550 551 2621 bajuli,
604 2555 671 2606 ut
719 2551 947 2605 videam
1005 2565 1075 2605 ne
1133 2550 1274 2622 quid
1338 2551 1485 2604 forte
1534 2547 1935 2603 subtraxerint
1987 2564 1999 2600 :

351 2638 452 2695 illa
484 2639 973 2709 admirans,Quid
1006 2638 1113 2705 ais,
1167 2640 1243 2693 mi
1297 2639 1403 2707 vir,
1459 2636 1670 2710 inquit,
1724 2636 1863 2708 quid
1920 2636 2001 2689 lo-

349 2728 593 2800 queris?
618 2734 674 2784 et
702 2729 821 2795 ille,
857 2729 986 2783 Haec
1018 2727 1226 2798 loquor
1257 2745 1379 2797 qua)
1422 2727 1637 2781 audisti
1672 2742 1683 2779 :
1724 2720 1821 2779 illa
1874 2742 2000 2779 vero

350 2818 675 2890 respondit,
727 2819 1011 2889 Equidem
1064 2818 1283 2886 audivi,
1313 2819 1411 2872 sed
1449 2816 1594 2870 nihil
1628 2816 1836 2870 horum
1874 2831 2001 2883 quae

348 2909 495 2964 dicis
526 2908 643 2964 vidi
675 2908 881 2970 oculis,
905 2913 1007 2963 aut
1037 2908 1308 2962 manibus
1341 2905 1641 2977 attigi.Hic
1671 2905 1767 2959 ille
1800 2909 2004 2974 stupe-

347 3000 557 3067 factus,
590 2998 812 3065 Nonne,
847 2996 1060 3068 inquit,
1097 2996 1232 3051 misi
1268 2996 1369 3050 tibi
1404 2994 1574 3049 hodie
1623 3010 1723 3064 per
1770 2992 2001 3062 bajulos

344 3089 842 3143 circumforaneos
902 3086 1217 3158 plusquam
1279 3085 1439 3139 mille
1489 3083 1707 3139 talenta
1770 3084 1894 3139 auri
1947 3087 2002 3136 et

348 3177 963 3250 lapidespretiosos?
1014 3176 1334 3246 Respondit
1385 3191 1548 3230 uxor.
1592 3174 1997 3244 Nequaquam,

346 3268 585 3322 domine
635 3268 712 3321 mi
759 3266 1003 3322 :nullus
1052 3265 1369 3336 quidquam
1420 3263 1638 3319 attulit.
1694 3261 2001 3317 Perculsus

348 3372 511 3423 casu,
559 3358 615 3411 et
662 3371 791 3410 sero
840 3357 1078 3425 sapiens
1129 3354 1279 3409 male
1334 3368 1514 3408 sanus
1564 3352 1685 3418 ille,
1733 3350 2003 3423 cognovit

346 3446 583 3501 tandem
635 3462 697 3501 se
726 3445 1070 3516 deceptum;
1106 3444 1431 3514 habuitque
1465 3448 1529 3498 ut
1563 3443 1724 3514 prius
1757 3456 2001 3495 Vacuam

346 3536 613 3603 domum,
644 3533 754 3590 hoc
786 3536 979 3590 solum
1030 3551 1096 3589 ex
1147 3534 1413 3587 thesauri
1466 3533 1614 3587 tanti
1662 3530 2003 3585 inventione

348 3623 639 3691 lucratus,
674 3629 736 3679 ut
764 3622 1053 3679 inutiliter
1079 3639 1145 3678 eo
1177 3624 1270 3677 die
1294 3639 1357 3677 se
1405 3624 1690 3676 vexasset.
1742 3620 1833 3673 Sic
1884 3619 2001 3673 evi-

347 3714 469 3769 niet
495 3715 710 3786 legenti
744 3710 902 3768 hunc
934 3708 1173 3779 librum,
1207 3711 1319 3766 nisi
1353 3716 1410 3765 et
1439 3710 1820 3764 attentionem
1864 3722 2000 3777 prc-

346 3804 561 3876 priam,
596 3809 653 3860 et
683 3804 942 3859 alienum
977 3802 1291 3858 consilium
1324 3800 1597 3855 adhibeat
1644 3800 1716 3853 ad
1763 3797 2000 3869 penitus

344 3894 774 3965 pervidendum
808 3893 950 3964 quid
984 3909 1050 3947 eo
1081 3892 1379 3946 doceatur.

347 4032 483 4087 CAP.
520 4031 618 4103 IlI_.
644 4060 710 4103 -τ-
742 4026 1421 4103 Νθεεεείιαδρενρξρίεηάὶ
1450 4042 1671 4081 sensum
1696 4022 2001 4103 parabolas

421 4119 548 4157 rum
578 4100 892 4156 declaratur
922 4097 1299 4155 similitudine
1327 4114 1552 4167 nucum,
1601 4104 1651 4152 et
1697 4097 1999 4152 sententia

420 4190 547 4229 rum
578 4175 766 4242 ignota
800 4172 999 4243 lingua
1024 4173 1375 4242 scriptarum.

421 4290 732 4347 Enimvero
765 4288 903 4360 quid
934 4288 1194 4360 proderit
1225 4289 1419 4344 videre
1472 4285 1781 4359 superficie
1830 4291 2003 4341 tenus

349 4380 521 4453 signa
569 4380 1068 4451 scripturamque,
1102 4396 1216 4435 non
1252 4378 1608 4449 penetrando
1644 4376 1701 4431 in
1730 4376 2002 4431 intimum

347 4487 553 4529 eorum
586 4468 866 4524 sensum?
899 4468 1023 4525 Non
1056 4468 1190 4540 plus
1222 4485 1361 4524 sane
1394 4484 1570 4539 quam
1600 4466 1869 4522 famelico
1902 4484 2006 4521 nu-

349 4578 448 4616 ces
478 4557 739 4627 habenti,
774 4575 878 4613 nec
906 4557 1196 4629 frangenti
1229 4557 1503 4613 corticem
1539 4572 1553 4611 :
1589 4556 1681 4612 hic
1732 4556 1887 4612 enim
1939 4574 2006 4612 ex

353 4649 504 4721 ipsis
554 4666 670 4705 non
720 4647 1052 4703 satiabitur.
1088 4648 1246 4702 Idem
1282 4664 1455 4719 porro
1489 4645 1704 4702 similis
1735 4647 1845 4701 erit
1875 4652 2003 4701 stu-

355 4737 523 4794 dioso
577 4737 817 4793 homine
877 4737 1108 4791 curiose
1154 4737 1412 4809 cupienti
1463 4751 1637 4791 nosse
1684 4737 2005 4791 sententias

354 4844 502 4897 quas
559 4826 792 4883 laudari
850 4824 1121 4894 audierit,
1176 4830 1234 4881 et
1280 4842 1345 4881 eo
1395 4824 1686 4881 desiderio
1747 4825 2011 4897 pergenti

354 4934 495 4973 cum
526 4916 732 4973 charta
760 4915 820 4971 in
854 4932 1034 4971 manu
1059 4916 1130 4971 ad
1165 4916 1465 4971 eruditum
1501 4914 1783 4986 aliquem,
1810 4931 2015 4987 rogan-

355 5008 518 5079 tique
546 5006 744 5079 ipsum
779 5009 844 5061 ut
873 5006 934 5060 in
963 5022 1032 5061 ea
1062 5005 1267 5062 charta
1296 5004 1411 5062 sibi
1440 5004 1660 5062 scribat
1691 5003 1916 5076 aliquid
1948 5020 2017 5059 ex

356 5095 525 5153 hisce
554 5095 745 5151 effetis
777 5095 1097 5166 peregrina)
1130 5094 1435 5166 sapientiae
1488 5112 1501 5150 :
1550 5093 1646 5148 cui
1696 5091 1792 5147 ille
1847 5094 2016 5149 obse-

358 5202 549 5258 quens
600 5185 823 5240 scribat
866 5184 925 5239 in
974 5184 1179 5241 charta
1204 5185 1465 5256 prudens
1498 5184 1736 5255 aliquod
1770 5182 2016 5254 dictum,

357 5272 613 5329 Arabica
642 5272 883 5346 quidem
916 5270 1123 5344 lingua
1150 5272 1351 5344 ignota
1382 5270 1633 5343 roganti,
1667 5266 1879 5325 litteris
1927 5273 2017 5325 ta-

358 5379 497 5420 men
530 5379 679 5435 quas
710 5362 836 5434 ipse
866 5360 979 5418 scit
1004 5360 1216 5433 legere.
1252 5362 1398 5417 Cum
1435 5360 1543 5416 hac
1588 5360 1793 5415 charta
1844 5354 2020 5415 homo

361 5452 567 5510 abiens
601 5451 701 5507 ubi
734 5452 979 5508 domum
1012 5451 1191 5521 venit,
1225 5450 1438 5523 cupide
1477 5449 1621 5521 legit
1664 5448 2021 5520 descriptam

360 5542 811 5613 sententiam,et
842 5542 998 5612 apud
1032 5540 1254 5597 amicos
1286 5539 1653 5613 pronuntiat,
1686 5556 1801 5594 non
1846 5538 2023 5595 intel-

362 5631 559 5703 ligens
590 5631 734 5702 quid
766 5629 943 5699 dicat,
965 5627 1235 5701 ideoque,
1262 5629 1419 5703 quod
1452 5629 1607 5685 factu
1629 5644 1883 5700 pronum
1913 5633 2024 5700 est,

356 5721 429 5777 in
465 5720 907 5793 pronuntiando
938 5724 1353 5776 errans.Erant
1373 5720 1525 5774 inter
1556 5718 2026 5788 amicos,quibus

357 5826 427 5868 se
457 5810 827 5881 venditabat,
862 5808 1106 5881 quidam
1140 5810 1382 5867 Arabice
1412 5807 1589 5879 docti,
1616 5807 1718 5880 qui
1746 5807 2028 5867 dixerunt

2126 670 2583 740 respondit.Non
2617 688 2744 727 erro
2777 688 2903 743 ego,
2938 674 3037 727 sed
3064 678 3219 728 errat
3243 675 3443 729 charta
3467 677 3576 729 ista
3600 690 3781 746 quam

2126 758 2333 815 habeo.
2386 761 2635 816 Tantum
2689 762 2931 817 interest
2979 762 3269 833 legentem
3324 782 3439 820 non
3488 766 3779 836 ignorare,

2127 851 2229 905 sed
2264 851 2432 921 plane
2465 869 2531 907 ac
2565 853 2801 924 penitus
2836 854 3133 925 percipere
3165 856 3318 925 quod
3355 854 3516 927 legit,
3551 861 3616 910 ut
3647 874 3779 911 eru-

2127 939 2286 995 ditus
2344 940 2594 997 lectione
2654 943 2921 1012 proficiat
2973 945 3029 998 in
3090 945 3479 1015 sapientiam;
3541 947 3776 1001 duobus

2126 1027 2280 1083 enim
2313 1030 2474 1086 hisce
2505 1031 2861 1087 instructum
2895 1049 3023 1087 esse
3054 1039 3281 1104 oportet
3329 1034 3607 1090 lectorem
3659 1052 3775 1092 non

2127 1118 2417 1174 inutiliter
2457 1119 2769 1187 lecturum,
2820 1123 3265 1193 perspicacitate
3313 1124 3369 1177 in
3423 1124 3775 1195 pervidendo

2128 1207 2269 1278 quid
2304 1210 2359 1263 in
2394 1227 2568 1265 sensu
2603 1212 2806 1282 scripti
2842 1211 3036 1278 lateat,
3073 1218 3129 1267 et
3158 1214 3522 1283 providentia
3556 1215 3612 1268 in
3662 1221 3777 1270 sta-

2126 1300 2343 1353 tuendo
2393 1317 2506 1370 quo
2540 1306 2704 1371 pacto
2739 1302 2999 1356 conferre
3031 1302 3085 1356 in
3122 1320 3293 1357 usum
3328 1303 3643 1372 intellecta,
3677 1322 3775 1358 oc-

2126 1389 2391 1445 cursuris
2420 1406 2523 1460 per
2551 1396 2893 1461 sequentem
2926 1391 3102 1447 vitam
3134 1393 3782 1464 occasionibus,debeat

2127 1494 2191 1531 ac
2223 1478 2429 1548 possit.

2125 1594 2256 1649 CAP.
2292 1596 2385 1651 IV.
2421 1626 2484 1637 -ο
2517 1596 2819 1671 Scientiam
2848 1599 2969 1652 sine
2991 1601 3319 1671 Aoperatz'one
3368 1616 3479 1654 non
3527 1600 3779 1671 prodesse

2428 1667 2598 1722 variis
2627 1667 3101 1725 similitudinibus
3130 1673 3459 1726 ostenditur.

2193 1778 2409 1837 Verum
2445 1782 2682 1838 effatum
2727 1785 3078 1858 sapientium
3130 1795 3236 1853 est,
3289 1806 3457 1861 egere
3506 1788 3774 1845 homines

2124 1871 2182 1926 in
2232 1872 2340 1926 hac
2390 1874 2508 1928 vita
2558 1874 2791 1929 duabus
2843 1876 3037 1945 rebus,
3072 1873 3464 1950 intelligentia
3494 1896 3559 1933 ac
3593 1879 3771 1936 disci-

2042 1959 2085 2024 B
2120 1960 2413 2032 plina,hoc
2439 1966 2527 2017 est
2554 1980 2786 2019 morum
2810 1966 3162 2021 rectitudine
3183 1968 3241 2022 in
3265 1968 3418 2023 bona
3436 1969 3773 2040 operatione

2119 2050 2270 2103 sita:
2306 2051 2395 2105 his
2429 2049 2581 2106 enim
2612 2051 2790 2107 simul
2838 2052 3070 2110 duabus
3125 2063 3411 2129 purgatur
3460 2074 3660 2127 mens;
3715 2065 3771 2114 et

2120 2140 2273 2194 sicut
2322 2141 2380 2195 in
2431 2140 2701 2213 lampade
2754 2142 2945 2198 oleum
2983 2150 3037 2199 et
3063 2144 3424 2218 ellychnium
3453 2149 3771 2219 conjuncta

2119 2245 2291 2300 opera
2328 2229 2625 2285 ﬂammam
2677 2232 2943 2287 efﬁciunt
2984 2234 3098 2288 alte
3148 2235 3485 2306 surgentem
3538 2237 3772 2307 lateque

2118 2316 2579 2387 illuminantem,
2642 2320 2725 2374 sic
2782 2322 3042 2393 Operatio
3099 2327 3156 2379 et
3225 2324 3474 2379 scientia
3534 2325 3592 2380 in
3659 2326 3775 2381 vita

2118 2405 2375 2462 hominis
2407 2407 2639 2463 laudem
2676 2411 2803 2480 ejus
2838 2412 3135 2482 decusque
3163 2412 3474 2485 perficiunt
3517 2431 3530 2470 :
3584 2416 3775 2487 iisque

2118 2495 2223 2550 niti
2252 2497 2443 2561 debet,
2478 2502 2542 2551 ut
2592 2503 2647 2552 et
2692 2499 2892 2554 salvus
2945 2502 3022 2555 sit
3072 2505 3129 2557 et
3178 2503 3417 2574 fulgeat,
3465 2505 3512 2559 si
3565 2504 3775 2559 alteru-

2115 2589 2202 2639 tro
2256 2591 2448 2640 careat
2508 2588 2789 2642 damnum
2842 2593 2943 2643 aut
2985 2590 3238 2645 dedecus
3286 2610 3589 2663 passurus.
3648 2598 3763 2648 Hoc

2116 2674 2447 2730 declaratur
2476 2679 2743 2747 exemplo
2776 2676 3034 2733 hominis
3058 2681 3227 2750 cujus
3252 2679 3308 2735 in
3336 2683 3574 2735 domum
3602 2689 3771 2738 nocte

2114 2764 2471 2836 intempesta
2504 2766 2802 2837 subrepsit
2835 2769 2927 2821 fur
2954 2768 3081 2840 ipso
3114 2771 3426 2837 sentiente;
3458 2771 3766 2841 evigilavc-

2116 2857 2203 2909 rat
2233 2854 2388 2909 enim
2414 2856 2484 2909 ad
2512 2855 2825 2925 strepitum
2849 2866 2898 2912 el
2925 2857 3259 2930 ingressum
3293 2877 3421 2915 esse
3454 2861 3637 2915 furem
3676 2863 3765 2916 in-

2115 2943 2415 2999 tellexerat
2451 2961 2461 2997 :
2500 2949 2693 3000 tamen
2726 2964 2788 3001 se
2821 2945 3026 3002 callide
3057 2952 3325 3004 acturum
3362 2956 3546 3017 ratus,
3582 2948 3765 3006 dissi-

2115 3032 2360 3088 mulavit
2391 3051 2448 3089 se
2481 3035 2760 3104 sensisse,
2794 3036 2876 3091 ita
2918 3053 3117 3092 secum
3166 3049 3445 3110 reputans
3497 3058 3509 3096 :
3566 3040 3767 3096 Sinam

2113 3122 2290 3178 istum
2345 3126 2649 3179 corradere
2705 3130 2759 3179 et
2807 3143 3125 3181 convasare
3180 3146 3307 3199 qua:
3357 3130 3587 3184 auferre
3620 3130 3765 3199 vult,

2113 3217 2169 3267 et
2199 3230 2331 3267 cum
2366 3212 2626 3269 collectis
2660 3215 2936 3271 omnibus
2991 3214 3047 3270 in
3084 3215 3383 3288 procinctu
3429 3219 3497 3272 ad
3546 3237 3767 3274 exeun—

2033 3322 2074 3390 ρ
2115 3302 2253 3355 dum
2306 3303 2434 3369 erit,
2482 3304 2701 3357 irruam
2754 3302 2806 3357 in
2860 3322 2991 3359 eum
3046 3311 3100 3359 et
3150 3306 3300 3361 male
3338 3306 3654 3363 mulctabo.
3693 3310 3766 3364 Eo

2115 3391 2358 3445 consilio
2395 3399 2663 3462 perstans
2692 3393 2748 3447 in
2783 3394 2985 3462 cubili,
3022 3394 3194 3465 paulo
3230 3403 3361 3467 post
3394 3398 3605 3452 iterum
3659 3399 3765 3453 ob-

2113 3482 2349 3549 dormit,
2403 3482 2757 3555 interimque
2808 3480 2898 3537 fur
2952 3484 3246 3555 congestis
3309 3502 3427 3542 una
3486 3488 3764 3543 omnibus

2111 3569 2359 3641 aufugit.
2398 3572 2783 3644 Experrectus
2814 3572 3026 3627 deinde
3061 3572 3257 3639 homo,
3293 3593 3469 3647 reque
3502 3577 3759 3648 cognita,

2102 3661 2265 3730 juste
2301 3658 2563 3733 seipsum
2596 3662 2899 3717 damnavit
2930 3662 3081 3735 quod
3116 3682 3223 3720 sua
3254 3666 3459 3720 notitia
3509 3684 3621 3720 non
3673 3684 3761 3721 es-

2109 3755 2199 3805 set
2231 3768 2394 3816 usus,
2434 3755 2495 3805 ut
2526 3752 3135 3809 debuerat.Nimirum
3171 3755 3425 3825 cognitio
3456 3760 3545 3811 est
3575 3757 3761 3811 instar

2109 3838 2335 3893 arboris
2369 3840 2538 3909 cujus
2566 3838 2823 3911 operatio
2858 3842 3085 3898 fructus
3117 3848 3225 3898 est.
3264 3845 3464 3916 Itaque
3494 3849 3553 3900 ut
3585 3848 3762 3901 arbor

2110 3932 2344 3998 propter
2394 3929 2646 3983 fructum
2699 3929 2917 3985 seritur
2966 3936 3023 3986 et
3070 3930 3281 3988 colitur
3332 3950 3346 3987 :
3398 3934 3479 3990 ita
3529 3941 3765 4007 propter

2110 4017 2508 4087 operationem
2546 4018 2855 4072 scientiam
2890 4021 3098 4090 quaerit
3129 4021 3226 4090 qui
3281 4038 3410 4077 vere
3459 4024 3766 4079 studiosus

2110 4107 2221 4172 est,
2246 4103 2461 4159 frustra
2494 4104 2757 4161 videlicet
2789 4108 3064 4161 studendi
3097 4107 3355 4165 laborem
3383 4110 3761 4179 toleraturus,

2111 4194 2158 4249 si
2194 4195 2321 4265 ejus
2350 4194 2475 4267 ipse
2512 4196 2698 4249 fructu
2734 4214 2860 4251 esse
2896 4198 3229 4252 frustretur.
3264 4206 3413 4253 Sane
3461 4200 3507 4254 si
3561 4200 3765 4256 viatori

2112 4284 2181 4339 ad
2236 4285 2345 4339 iter
2388 4286 2655 4357 expedito
2687 4287 2945 4341 indicent
2976 4288 3149 4341 amici
3185 4288 3459 4358 periculis
3486 4288 3762 4345 infestam

2112 4373 2264 4429 viam
2300 4392 2427 4429 esse
2458 4392 2635 4445 quam
2669 4376 3213 4447 cogitet,obsessam
3250 4377 3575 4433 latronibus
3607 4385 3663 4433 et
3687 4380 3769 4433 in-

2114 4462 2279 4520 sidiis
2314 4464 2595 4531 hostium,
2659 4482 2851 4521 nonne
2898 4465 2948 4521 is
2980 4466 3324 4521 irridebitur
3368 4469 3439 4523 ab
3494 4470 3771 4524 omnibus

2114 4572 2164 4610 SI
2196 4552 2583 4610 nihilominus
2615 4554 2699 4610 ire
2730 4572 2999 4627 pergens,
3034 4557 3321 4628 spolietur
3356 4562 3413 4613 et
3464 4558 3617 4613 male
3670 4576 3765 4614 va-

2118 4643 2322 4716 pulet?
2353 4644 2559 4700 Dicent
2588 4644 2743 4699 enim
2796 4662 3023 4701 omnes.
3074 4649 3210 4709 Quae
3264 4647 3476 4703 meruit
3527 4648 3771 4719 patitur,

2121 4733 2230 4789 hoc
2276 4732 2481 4803 voluit,
2529 4734 2719 4789 sciens
2753 4735 3128 4806 prudensque
3161 4735 3217 4789 in
3253 4737 3538 4792 damnum
3573 4739 3773 4793 incur-

2127 4823 2221 4888 rit,
2254 4822 2514 4879 stultitiaa
2547 4841 2664 4879 suae
2698 4822 2971 4895 imputet.
3006 4824 3289 4880 Similiter
3320 4826 3494 4882 homo
3537 4843 3777 4897 corpore

2127 4913 2383 4982 inﬁrmo,
2413 4912 2507 4968 cui
2538 4930 2671 4969 cum
2703 4912 2854 4968 clare
2884 4917 3089 4968 notum
3124 4913 3196 4968 sit
3226 4915 3471 4985 quinam
3506 4916 3620 4988 ipsi
3665 4915 3780 4972 cibi

2128 5002 2375 5075 prosint,
2412 5002 2632 5074 quique
2686 5007 2949 5070 noceant,
3004 5008 3199 5058 tamen
3250 5003 3389 5075 gula
3441 5006 3785 5076 praevalente

2130 5090 2320 5147 noxiis
2368 5108 2431 5147 se
2482 5092 2827 5164 ingurgitat,
2873 5108 3065 5148 nonne
3097 5092 3145 5147 si
3180 5092 3391 5148 deinde
3424 5096 3667 5152 morbus
3699 5097 3785 5151 in-

2130 5184 2453 5253 gravescat,
2487 5179 2808 5252 culpabunt
2845 5198 2979 5236 eum
3033 5198 3259 5249 omnes,
3311 5188 3369 5238 et
3415 5186 3656 5242 meritas
3696 5185 3785 5240 in-

2131 5271 2535 5342 temperantia
2568 5269 2729 5326 luere
2761 5288 2963 5342 pcenas
2996 5270 3392 5329 dicent?Talis
3424 5276 3665 5331 omnino
3698 5279 3788 5331 est

2131 5360 2223 5415 vir
2252 5360 2519 5416 eruditus
2550 5360 2771 5415 bonum
2805 5378 2834 5414 a
2870 5359 3023 5415 malo
3054 5361 3415 5433 discernens,
3465 5368 3522 5420 et
3571 5372 3785 5435 tamen,

2135 5449 2461 5523 postposito
2506 5450 2680 5517 bono,
2714 5449 2935 5505 malum
2969 5450 3350 5523 praseligens;
3382 5457 3438 5509 et
3467 5454 3604 5510 huic
3632 5454 3787 5509 enim

2136 5540 2486 5612 imputanda
2517 5541 2758 5595 omnino
2808 5544 2982 5595 erunt
3030 5556 3157 5611 quae
3205 5542 3418 5599 deinde
3468 5548 3793 5615 sequentur

2138 5632 2375 5696 damna;
2406 5646 2508 5683 nec
2542 5628 2944 5697 miseratione,
2971 5630 3073 5685 sed
3101 5631 3554 5702 reprehensione
3577 5631 3794 5703 dignus

2137 5718 2328 5776 erit.Si
2351 5716 2507 5774 enim
2541 5719 2656 5774 duo
2690 5720 2931 5791 quidam
2966 5719 3145 5775 simul
3176 5720 3518 5778 incidentia
3544 5724 3793 5792 foveam,

2139 5824 2391 5881 quorum
2425 5808 2575 5866 alter
2603 5825 2792 5867 caecus
2822 5814 2996 5867 antea
3026 5809 3222 5881 fuerit,
3256 5810 3404 5870 alter
3433 5811 3602 5870 oculo
3633 5816 3796 5868 utro-
