  <div class='ocr_page' id='page_1' title='image "/cluster/home/n/w/nwhite01/storage/ocr_20150623/143:no.1/coo.31924054870484/625.png"; bbox 0 0 4120 6412; ppageno 0'>
   <div class='ocr_carea' id='block_1_1' title="bbox 390 400 515 454">
    <p class='ocr_par' dir='ltr' id='par_1_1' title="bbox 390 400 515 454">
     <span class='ocr_line' id='line_1_1' title="bbox 390 400 515 454; baseline 0 -1"><span class='ocrx_word' id='word_1_1' title='bbox 390 400 515 454; x_wconf 81' lang='grc'>1231</span> 
     </span>
    </p>
   </div>
   <div class='ocr_carea' id='block_1_2' title="bbox 1903 400 2293 451">
    <p class='ocr_par' dir='ltr' id='par_1_2' title="bbox 1903 400 2293 451">
     <span class='ocr_line' id='line_1_2' title="bbox 1903 400 2293 451; baseline 0 -2"><span class='ocrx_word' id='word_1_2' title='bbox 1903 400 2293 451; x_wconf 79' lang='lat' dir='ltr'>APPENDIX.</span> 
     </span>
    </p>
   </div>
   <div class='ocr_carea' id='block_1_3' title="bbox 3668 400 3813 454">
    <p class='ocr_par' dir='ltr' id='par_1_3' title="bbox 3668 400 3813 454">
     <span class='ocr_line' id='line_1_3' title="bbox 3668 400 3813 454; baseline -0.007 0"><span class='ocrx_word' id='word_1_3' title='bbox 3668 401 3692 454; x_wconf 90' lang='grc'><strong>1</strong></span> <span class='ocrx_word' id='word_1_4' title='bbox 3701 400 3813 454; x_wconf 81' lang='lat'>232</span> 
     </span>
    </p>
   </div>
   <div class='ocr_carea' id='block_1_4' title="bbox 374 519 3810 595">
    <p class='ocr_par' dir='ltr' id='par_1_4' title="bbox 374 519 3810 595">
     <span class='ocr_line' id='line_1_4' title="bbox 374 519 3810 595; baseline 0.001 -17"><span class='ocrx_word' id='word_1_5' title='bbox 374 541 504 595; x_wconf 91' lang='lat' dir='ltr'>que</span> <span class='ocrx_word' id='word_1_6' title='bbox 541 523 695 579; x_wconf 90' lang='lat' dir='ltr'>clare</span> <span class='ocrx_word' id='word_1_7' title='bbox 727 523 952 589; x_wconf 90' lang='lat' dir='ltr'>videns,</span> <span class='ocrx_word' id='word_1_8' title='bbox 1006 526 1227 584; x_wconf 87' lang='lat' dir='ltr'>utrum,</span> <span class='ocrx_word' id='word_1_9' title='bbox 1273 536 1490 589; x_wconf 71' lang='lat' dir='ltr'>qumso,</span> <span class='ocrx_word' id='word_1_10' title='bbox 1537 536 1737 574; x_wconf 88' lang='lat' dir='ltr'>eorum</span> <span class='ocrx_word' id='word_1_11' title='bbox 1789 519 2030 575; x_wconf 46' lang='lat' dir='ltr'>miserar</span> <span class='ocrx_word' id='word_1_12' title='bbox 2069 523 2122 587; x_wconf 84' lang='grc' dir='ltr'><strong>Α</strong></span> <span class='ocrx_word' id='word_1_13' title='bbox 2154 535 2450 575; x_wconf 82' lang='lat' dir='ltr'>sesamum</span> <span class='ocrx_word' id='word_1_14' title='bbox 2485 519 2720 577; x_wconf 91' lang='lat' dir='ltr'>sindoni</span> <span class='ocrx_word' id='word_1_15' title='bbox 2757 521 3132 594; x_wconf 90' lang='lat' dir='ltr'>suppositum</span> <span class='ocrx_word' id='word_1_16' title='bbox 3166 521 3457 594; x_wconf 80' lang='lat' dir='ltr'>pertinere</span> <span class='ocrx_word' id='word_1_17' title='bbox 3506 525 3575 578; x_wconf 91' lang='lat' dir='ltr'>ad</span> <span class='ocrx_word' id='word_1_18' title='bbox 3628 541 3810 580; x_wconf 90' lang='lat' dir='ltr'>suum</span> 
     </span>
    </p>
   </div>
   <div class='ocr_carea' id='block_1_5' title="bbox 378 608 2035 683">
    <p class='ocr_par' dir='ltr' id='par_1_5' title="bbox 378 608 2035 683">
     <span class='ocr_line' id='line_1_5' title="bbox 378 608 2035 683; baseline -0.003 -15"><span class='ocrx_word' id='word_1_19' title='bbox 378 615 629 683; x_wconf 82' lang='lat' dir='ltr'>buntur,</span> <span class='ocrx_word' id='word_1_20' title='bbox 658 618 855 668; x_wconf 89' lang='lat' dir='ltr'>utrum</span> <span class='ocrx_word' id='word_1_21' title='bbox 910 610 1236 682; x_wconf 89' lang='lat' dir='ltr'>culpabunt</span> <span class='ocrx_word' id='word_1_22' title='bbox 1282 608 1597 663; x_wconf 85' lang='lat' dir='ltr'>homines?</span> <span class='ocrx_word' id='word_1_23' title='bbox 1644 608 1896 663; x_wconf 87' lang='lat' dir='ltr'>Omnino</span> <span class='ocrx_word' id='word_1_24' title='bbox 1947 608 2035 663; x_wconf 89' lang='lat' dir='ltr'>in-</span> 
     </span>
    </p>
   </div>
   <div class='ocr_carea' id='block_1_6' title="bbox 376 697 2033 770">
    <p class='ocr_par' dir='ltr' id='par_1_6' title="bbox 376 697 2033 770">
     <span class='ocr_line' id='line_1_6' title="bbox 376 697 2033 770; baseline -0.004 -13"><span class='ocrx_word' id='word_1_25' title='bbox 376 702 644 758; x_wconf 86' lang='lat' dir='ltr'>felicitati</span> <span class='ocrx_word' id='word_1_26' title='bbox 703 702 834 757; x_wconf 76' lang='lat' dir='ltr'>caeci</span> <span class='ocrx_word' id='word_1_27' title='bbox 903 699 1356 770; x_wconf 87' lang='lat' dir='ltr'>compatientur,</span> <span class='ocrx_word' id='word_1_28' title='bbox 1420 697 1675 752; x_wconf 86' lang='lat' dir='ltr'>videntis</span> <span class='ocrx_word' id='word_1_29' title='bbox 1720 697 2033 753; x_wconf 83' lang='lat' dir='ltr'>stultitiam</span> 
     </span>
    </p>
   </div>
   <div class='ocr_carea' id='block_1_7' title="bbox 377 792 740 847">
    <p class='ocr_par' dir='ltr' id='par_1_7' title="bbox 377 792 740 847">
     <span class='ocr_line' id='line_1_7' title="bbox 377 792 740 847; baseline 0.003 -2"><span class='ocrx_word' id='word_1_30' title='bbox 377 792 740 847; x_wconf 88' lang='lat' dir='ltr'>irridebunt.</span> 
     </span>
    </p>
   </div>
   <div class='ocr_carea' id='block_1_8' title="bbox 377 982 2034 1056">
    <p class='ocr_par' dir='ltr' id='par_1_8' title="bbox 377 982 2034 1056">
     <span class='ocr_line' id='line_1_8' title="bbox 377 982 2034 1056; baseline -0.005 -11"><span class='ocrx_word' id='word_1_31' title='bbox 377 987 590 1045; x_wconf 75' lang='lat' dir='ltr'>CAP.V.</span> <span class='ocrx_word' id='word_1_32' title='bbox 612 1019 677 1027; x_wconf 98' lang='lat'><strong>—</strong></span> <span class='ocrx_word' id='word_1_33' title='bbox 710 987 1003 1056; x_wconf 82' lang='lat' dir='ltr'>Propriam</span> <span class='ocrx_word' id='word_1_34' title='bbox 1035 984 1337 1056; x_wconf 74' lang='lat' dir='ltr'>utilitatem</span> <span class='ocrx_word' id='word_1_35' title='bbox 1366 989 1415 1039; x_wconf 78' lang='lat' dir='ltr'>et</span> <span class='ocrx_word' id='word_1_36' title='bbox 1445 1002 1551 1037; x_wconf 83' lang='lat' dir='ltr'>non</span> <span class='ocrx_word' id='word_1_37' title='bbox 1571 982 1830 1056; x_wconf 78' lang='lat' dir='ltr'>alienam</span> <span class='ocrx_word' id='word_1_38' title='bbox 1860 984 2034 1038; x_wconf 82' lang='lat' dir='ltr'>solum</span> 
     </span>
    </p>
   </div>
   <div class='ocr_carea' id='block_1_9' title="bbox 452 1055 2035 1127">
    <p class='ocr_par' dir='ltr' id='par_1_9' title="bbox 452 1055 2035 1127">
     <span class='ocr_line' id='line_1_9' title="bbox 452 1055 2035 1127; baseline -0.003 -14"><span class='ocrx_word' id='word_1_39' title='bbox 452 1076 522 1113; x_wconf 70' lang='lat' dir='ltr'>ea:</span> <span class='ocrx_word' id='word_1_40' title='bbox 567 1060 803 1112; x_wconf 74' lang='lat' dir='ltr'>scientia</span> <span class='ocrx_word' id='word_1_41' title='bbox 854 1056 1208 1127; x_wconf 79' lang='lat' dir='ltr'>captandam,</span> <span class='ocrx_word' id='word_1_42' title='bbox 1258 1055 1505 1111; x_wconf 78' lang='lat' dir='ltr'>docetur.</span> <span class='ocrx_word' id='word_1_43' title='bbox 1560 1055 1795 1110; x_wconf 65' lang='lat' dir='ltr'>Maxime</span> <span class='ocrx_word' id='word_1_44' title='bbox 1850 1061 2035 1109; x_wconf 84' lang='lat' dir='ltr'>autem</span> 
     </span>
    </p>
   </div>
   <div class='ocr_carea' id='block_1_10' title="bbox 449 1127 2035 1184">
    <p class='ocr_par' dir='ltr' id='par_1_10' title="bbox 449 1127 2035 1184">
     <span class='ocr_line' id='line_1_10' title="bbox 449 1127 2035 1184; baseline -0.003 0"><span class='ocrx_word' id='word_1_45' title='bbox 449 1130 738 1184; x_wconf 79' lang='lat' dir='ltr'>vitandum</span> <span class='ocrx_word' id='word_1_46' title='bbox 786 1144 854 1184; x_wconf 81' lang='lat' dir='ltr'>ne</span> <span class='ocrx_word' id='word_1_47' title='bbox 902 1127 1133 1182; x_wconf 70' lang='lat' dir='ltr'>scientia</span> <span class='ocrx_word' id='word_1_48' title='bbox 1179 1132 1367 1181; x_wconf 78' lang='lat' dir='ltr'>nostra</span> <span class='ocrx_word' id='word_1_49' title='bbox 1400 1145 1457 1181; x_wconf 75' lang='grc' dir='ltr'>τη</span> <span class='ocrx_word' id='word_1_50' title='bbox 1492 1130 1764 1181; x_wconf 84' lang='lat' dir='ltr'>damnum</span> <span class='ocrx_word' id='word_1_51' title='bbox 1794 1127 2035 1183; x_wconf 80' lang='lat' dir='ltr'>aliorum</span> 
     </span>
    </p>
   </div>
   <div class='ocr_carea' id='block_1_11' title="bbox 446 1204 767 1257">
    <p class='ocr_par' dir='ltr' id='par_1_11' title="bbox 446 1204 767 1257">
     <span class='ocr_line' id='line_1_11' title="bbox 446 1204 767 1257; baseline -0.003 -1"><span class='ocrx_word' id='word_1_52' title='bbox 446 1204 767 1257; x_wconf 75' lang='lat' dir='ltr'>abutamur.</span> 
     </span>
    </p>
   </div>
   <div class='ocr_carea' id='block_1_12' title="bbox 442 1360 2035 1430">
    <p class='ocr_par' dir='ltr' id='par_1_12' title="bbox 442 1360 2035 1430">
     <span class='ocr_line' id='line_1_12' title="bbox 442 1360 2035 1430; baseline -0.001 -15"><span class='ocrx_word' id='word_1_53' title='bbox 442 1362 549 1423; x_wconf 86' lang='lat' dir='ltr'>Qui</span> <span class='ocrx_word' id='word_1_54' title='bbox 576 1361 880 1415; x_wconf 82' lang='lat' dir='ltr'>scientiam</span> <span class='ocrx_word' id='word_1_55' title='bbox 916 1360 1313 1430; x_wconf 85' lang='lat' dir='ltr'>acquisivitin</span> <span class='ocrx_word' id='word_1_56' title='bbox 1364 1360 1686 1414; x_wconf 91' lang='lat' dir='ltr'>utilitatem</span> <span class='ocrx_word' id='word_1_57' title='bbox 1741 1361 2035 1414; x_wconf 80' lang='lat' dir='ltr'>duntaxat</span> 
     </span>
    </p>
   </div>
   <div class='ocr_carea' id='block_1_13' title="bbox 373 1448 2031 1519">
    <p class='ocr_par' dir='ltr' id='par_1_13' title="bbox 373 1448 2031 1519">
     <span class='ocr_line' id='line_1_13' title="bbox 373 1448 2031 1519; baseline -0.002 -14"><span class='ocrx_word' id='word_1_58' title='bbox 373 1449 802 1511; x_wconf 89' lang='lat' dir='ltr'>aliorum,nihil</span> <span class='ocrx_word' id='word_1_59' title='bbox 826 1466 893 1503; x_wconf 84' lang='lat' dir='ltr'>ex</span> <span class='ocrx_word' id='word_1_60' title='bbox 916 1466 981 1502; x_wconf 87' lang='lat' dir='ltr'>ea</span> <span class='ocrx_word' id='word_1_61' title='bbox 1009 1449 1228 1519; x_wconf 79' lang='lat' dir='ltr'>proprii</span> <span class='ocrx_word' id='word_1_62' title='bbox 1258 1450 1485 1503; x_wconf 87' lang='lat' dir='ltr'>fructus</span> <span class='ocrx_word' id='word_1_63' title='bbox 1520 1448 1646 1518; x_wconf 86' lang='lat' dir='ltr'>ipse</span> <span class='ocrx_word' id='word_1_64' title='bbox 1680 1448 2031 1518; x_wconf 85' lang='lat' dir='ltr'>percipiens,</span> 
     </span>
    </p>
   </div>
   <div class='ocr_carea' id='block_1_14' title="bbox 370 1535 2031 1607">
    <p class='ocr_par' dir='ltr' id='par_1_14' title="bbox 370 1535 2031 1607">
     <span class='ocr_line' id='line_1_14' title="bbox 370 1535 2031 1607; baseline -0.002 -15"><span class='ocrx_word' id='word_1_65' title='bbox 370 1538 584 1592; x_wconf 85' lang='lat' dir='ltr'>similis</span> <span class='ocrx_word' id='word_1_66' title='bbox 616 1543 704 1593; x_wconf 90' lang='lat' dir='ltr'>est</span> <span class='ocrx_word' id='word_1_67' title='bbox 734 1542 899 1591; x_wconf 77' lang='lat' dir='ltr'>terra:</span> <span class='ocrx_word' id='word_1_68' title='bbox 932 1553 1062 1606; x_wconf 71' lang='lat' dir='ltr'>quae</span> <span class='ocrx_word' id='word_1_69' title='bbox 1096 1538 1313 1591; x_wconf 87' lang='lat' dir='ltr'>damno</span> <span class='ocrx_word' id='word_1_70' title='bbox 1345 1536 1582 1607; x_wconf 88' lang='lat' dir='ltr'>preprio</span> <span class='ocrx_word' id='word_1_71' title='bbox 1615 1536 1796 1590; x_wconf 84' lang='lat' dir='ltr'>servit</span> <span class='ocrx_word' id='word_1_72' title='bbox 1843 1535 2031 1590; x_wconf 89' lang='lat' dir='ltr'>homi-</span> 
     </span>
    </p>
   </div>
   <div class='ocr_carea' id='block_1_15' title="bbox 372 1625 2035 1696">
    <p class='ocr_par' dir='ltr' id='par_1_15' title="bbox 372 1625 2035 1696">
     <span class='ocr_line' id='line_1_15' title="bbox 372 1625 2035 1696; baseline -0.002 -15"><span class='ocrx_word' id='word_1_73' title='bbox 372 1628 547 1681; x_wconf 80' lang='lat' dir='ltr'>nibus</span> <span class='ocrx_word' id='word_1_74' title='bbox 600 1633 658 1682; x_wconf 89' lang='lat' dir='ltr'>et</span> <span class='ocrx_word' id='word_1_75' title='bbox 690 1625 919 1695; x_wconf 81' lang='lat' dir='ltr'>bestiis,</span> <span class='ocrx_word' id='word_1_76' title='bbox 954 1644 1058 1680; x_wconf 90' lang='lat' dir='ltr'>nec</span> <span class='ocrx_word' id='word_1_77' title='bbox 1092 1625 1418 1696; x_wconf 80' lang='lat' dir='ltr'>quidquam</span> <span class='ocrx_word' id='word_1_78' title='bbox 1453 1641 1521 1679; x_wconf 85' lang='lat' dir='ltr'>ex</span> <span class='ocrx_word' id='word_1_79' title='bbox 1547 1626 1620 1680; x_wconf 87' lang='lat' dir='ltr'>iis</span> <span class='ocrx_word' id='word_1_80' title='bbox 1651 1643 1779 1696; x_wconf 68' lang='lat' dir='ltr'>qua:</span> <span class='ocrx_word' id='word_1_81' title='bbox 1813 1626 2035 1679; x_wconf 90' lang='lat' dir='ltr'>confert</span> 
     </span>
    </p>
   </div>
   <div class='ocr_carea' id='block_1_16' title="bbox 372 1714 2031 1785">
    <p class='ocr_par' dir='ltr' id='par_1_16' title="bbox 372 1714 2031 1785">
     <span class='ocr_line' id='line_1_16' title="bbox 372 1714 2031 1785; baseline -0.001 -17"><span class='ocrx_word' id='word_1_82' title='bbox 372 1715 432 1768; x_wconf 90' lang='lat' dir='ltr'>in</span> <span class='ocrx_word' id='word_1_83' title='bbox 460 1715 610 1770; x_wconf 89' lang='lat' dir='ltr'>alios</span> <span class='ocrx_word' id='word_1_84' title='bbox 634 1715 1019 1785; x_wconf 87' lang='lat' dir='ltr'>juvatur.Par</span> <span class='ocrx_word' id='word_1_85' title='bbox 1049 1721 1136 1768; x_wconf 80' lang='lat' dir='ltr'>est</span> <span class='ocrx_word' id='word_1_86' title='bbox 1167 1714 1345 1783; x_wconf 81' lang='lat' dir='ltr'>igitur</span> <span class='ocrx_word' id='word_1_87' title='bbox 1378 1716 1717 1769; x_wconf 90' lang='lat' dir='ltr'>studiosum</span> <span class='ocrx_word' id='word_1_88' title='bbox 1750 1714 2031 1768; x_wconf 66' lang='lat' dir='ltr'>doctrina)</span> 
     </span>
    </p>
   </div>
   <div class='ocr_carea' id='block_1_17' title="bbox 374 1803 2031 1876">
    <p class='ocr_par' dir='ltr' id='par_1_17' title="bbox 374 1803 2031 1876">
     <span class='ocr_line' id='line_1_17' title="bbox 374 1803 2031 1876; baseline -0.001 -18"><span class='ocrx_word' id='word_1_89' title='bbox 374 1805 627 1876; x_wconf 91' lang='lat' dir='ltr'>primum</span> <span class='ocrx_word' id='word_1_90' title='bbox 666 1805 901 1875; x_wconf 87' lang='lat' dir='ltr'>quidem</span> <span class='ocrx_word' id='word_1_91' title='bbox 934 1803 1197 1875; x_wconf 87' lang='lat' dir='ltr'>seipsum</span> <span class='ocrx_word' id='word_1_92' title='bbox 1231 1804 1546 1858; x_wconf 90' lang='lat' dir='ltr'>admonere</span> <span class='ocrx_word' id='word_1_93' title='bbox 1569 1803 1939 1874; x_wconf 88' lang='lat' dir='ltr'>dirigereque</span> <span class='ocrx_word' id='word_1_94' title='bbox 1960 1804 2031 1858; x_wconf 90' lang='lat' dir='ltr'>ad</span> 
     </span>
    </p>
   </div>
   <div class='ocr_carea' id='block_1_18' title="bbox 376 1892 2109 1965">
    <p class='ocr_par' dir='ltr' id='par_1_18' title="bbox 376 1892 2109 1965">
     <span class='ocr_line' id='line_1_18' title="bbox 376 1892 2109 1965; baseline -0.002 -17"><span class='ocrx_word' id='word_1_95' title='bbox 376 1911 611 1948; x_wconf 90' lang='lat' dir='ltr'>omnem</span> <span class='ocrx_word' id='word_1_96' title='bbox 635 1894 1033 1963; x_wconf 87' lang='lat' dir='ltr'>operationem</span> <span class='ocrx_word' id='word_1_97' title='bbox 1062 1893 1390 1959; x_wconf 85' lang='lat' dir='ltr'>honestam,</span> <span class='ocrx_word' id='word_1_98' title='bbox 1417 1892 1629 1947; x_wconf 89' lang='lat' dir='ltr'>deinde</span> <span class='ocrx_word' id='word_1_99' title='bbox 1662 1899 1857 1947; x_wconf 88' lang='lat' dir='ltr'>autem</span> <span class='ocrx_word' id='word_1_100' title='bbox 1891 1909 2027 1946; x_wconf 92' lang='lat' dir='ltr'>con-</span> <span class='ocrx_word' id='word_1_101' title='bbox 2064 1902 2109 1965; x_wconf 81' lang='grc' dir='ltr'><strong>Β</strong></span> 
     </span>
    </p>
   </div>
   <div class='ocr_carea' id='block_1_19' title="bbox 376 1981 2028 2053">
    <p class='ocr_par' dir='ltr' id='par_1_19' title="bbox 376 1981 2028 2053">
     <span class='ocr_line' id='line_1_19' title="bbox 376 1981 2028 2053; baseline -0.001 -16"><span class='ocrx_word' id='word_1_102' title='bbox 376 1983 527 2037; x_wconf 89' lang='lat' dir='ltr'>ferre</span> <span class='ocrx_word' id='word_1_103' title='bbox 557 1999 796 2053; x_wconf 87' lang='lat' dir='ltr'>Operam</span> <span class='ocrx_word' id='word_1_104' title='bbox 830 1984 901 2037; x_wconf 92' lang='lat' dir='ltr'>ad</span> <span class='ocrx_word' id='word_1_105' title='bbox 936 1982 1082 2036; x_wconf 85' lang='lat' dir='ltr'>alios</span> <span class='ocrx_word' id='word_1_106' title='bbox 1115 1983 1433 2037; x_wconf 87' lang='lat' dir='ltr'>docendos.</span> <span class='ocrx_word' id='word_1_107' title='bbox 1467 1985 1545 2036; x_wconf 89' lang='lat' dir='ltr'>Ac</span> <span class='ocrx_word' id='word_1_108' title='bbox 1577 1981 1636 2035; x_wconf 92' lang='lat' dir='ltr'><strong>in</strong></span> <span class='ocrx_word' id='word_1_109' title='bbox 1683 1981 2028 2037; x_wconf 87' lang='lat' dir='ltr'>universum</span> 
     </span>
    </p>
   </div>
   <div class='ocr_carea' id='block_1_20' title="bbox 376 2070 2029 2139">
    <p class='ocr_par' dir='ltr' id='par_1_20' title="bbox 376 2070 2029 2139">
     <span class='ocr_line' id='line_1_20' title="bbox 376 2070 2029 2139; baseline -0.001 -12"><span class='ocrx_word' id='word_1_110' title='bbox 376 2071 774 2127; x_wconf 81' lang='lat' dir='ltr'>consideranti</span> <span class='ocrx_word' id='word_1_111' title='bbox 809 2072 934 2126; x_wconf 66' lang='lat' dir='ltr'>vitae</span> <span class='ocrx_word' id='word_1_112' title='bbox 966 2071 1237 2125; x_wconf 59' lang='lat' dir='ltr'>humanas</span> <span class='ocrx_word' id='word_1_113' title='bbox 1287 2075 1534 2139; x_wconf 89' lang='lat' dir='ltr'>statum,</span> <span class='ocrx_word' id='word_1_114' title='bbox 1587 2071 1701 2126; x_wconf 88' lang='lat' dir='ltr'>tria</span> <span class='ocrx_word' id='word_1_115' title='bbox 1752 2070 1897 2125; x_wconf 90' lang='lat' dir='ltr'>mihi</span> <span class='ocrx_word' id='word_1_116' title='bbox 1944 2071 2029 2125; x_wconf 90' lang='lat' dir='ltr'>vi-</span> 
     </span>
    </p>
   </div>
   <div class='ocr_carea' id='block_1_21' title="bbox 374 2158 2029 2230">
    <p class='ocr_par' dir='ltr' id='par_1_21' title="bbox 374 2158 2029 2230">
     <span class='ocr_line' id='line_1_21' title="bbox 374 2158 2029 2230; baseline 0 -16"><span class='ocrx_word' id='word_1_117' title='bbox 374 2160 586 2214; x_wconf 88' lang='lat' dir='ltr'>dentur</span> <span class='ocrx_word' id='word_1_118' title='bbox 624 2159 817 2215; x_wconf 91' lang='lat' dir='ltr'>inesse</span> <span class='ocrx_word' id='word_1_119' title='bbox 857 2165 1120 2229; x_wconf 83' lang='lat' dir='ltr'>oportere</span> <span class='ocrx_word' id='word_1_120' title='bbox 1143 2158 1365 2213; x_wconf 90' lang='lat' dir='ltr'>homini</span> <span class='ocrx_word' id='word_1_121' title='bbox 1390 2158 1642 2230; x_wconf 81' lang='lat' dir='ltr'>eleganti</span> <span class='ocrx_word' id='word_1_122' title='bbox 1676 2164 1733 2213; x_wconf 89' lang='lat' dir='ltr'>et</span> <span class='ocrx_word' id='word_1_123' title='bbox 1762 2159 2029 2228; x_wconf 89' lang='lat' dir='ltr'>honesto,</span> 
     </span>
    </p>
   </div>
   <div class='ocr_carea' id='block_1_22' title="bbox 376 2248 2032 2315">
    <p class='ocr_par' dir='ltr' id='par_1_22' title="bbox 376 2248 2032 2315">
     <span class='ocr_line' id='line_1_22' title="bbox 376 2248 2032 2315; baseline 0.001 -14"><span class='ocrx_word' id='word_1_124' title='bbox 376 2248 651 2304; x_wconf 87' lang='lat' dir='ltr'>videlicet</span> <span class='ocrx_word' id='word_1_125' title='bbox 681 2248 1011 2315; x_wconf 89' lang='lat' dir='ltr'>scientiam,</span> <span class='ocrx_word' id='word_1_126' title='bbox 1041 2248 1279 2303; x_wconf 85' lang='lat' dir='ltr'>divitias</span> <span class='ocrx_word' id='word_1_127' title='bbox 1305 2253 1363 2302; x_wconf 87' lang='lat' dir='ltr'>et</span> <span class='ocrx_word' id='word_1_128' title='bbox 1392 2266 1622 2303; x_wconf 89' lang='lat' dir='ltr'>morum</span> <span class='ocrx_word' id='word_1_129' title='bbox 1654 2253 1914 2303; x_wconf 81' lang='lat' dir='ltr'>exactam</span> <span class='ocrx_word' id='word_1_130' title='bbox 1950 2248 2032 2303; x_wconf 91' lang='lat' dir='ltr'>di-</span> 
     </span>
    </p>
   </div>
   <div class='ocr_carea' id='block_1_23' title="bbox 375 2337 2033 2409">
    <p class='ocr_par' dir='ltr' id='par_1_23' title="bbox 375 2337 2033 2409">
     <span class='ocr_line' id='line_1_23' title="bbox 375 2337 2033 2409; baseline 0.001 -17"><span class='ocrx_word' id='word_1_131' title='bbox 375 2337 711 2409; x_wconf 87' lang='lat' dir='ltr'>sciplinam.</span> <span class='ocrx_word' id='word_1_132' title='bbox 772 2338 880 2400; x_wconf 88' lang='lat' dir='ltr'>Qui</span> <span class='ocrx_word' id='word_1_133' title='bbox 940 2337 1093 2392; x_wconf 90' lang='lat' dir='ltr'>enim</span> <span class='ocrx_word' id='word_1_134' title='bbox 1156 2338 1367 2408; x_wconf 61' lang='lat' dir='ltr'>qurerit</span> <span class='ocrx_word' id='word_1_135' title='bbox 1424 2339 1703 2408; x_wconf 86' lang='lat' dir='ltr'>pecunias</span> <span class='ocrx_word' id='word_1_136' title='bbox 1765 2338 2033 2393; x_wconf 88' lang='lat' dir='ltr'>nesciens</span> 
     </span>
    </p>
   </div>
   <div class='ocr_carea' id='block_1_24' title="bbox 374 2425 2033 2498">
    <p class='ocr_par' dir='ltr' id='par_1_24' title="bbox 374 2425 2033 2498">
     <span class='ocr_line' id='line_1_24' title="bbox 374 2425 2033 2498; baseline 0.001 -19"><span class='ocrx_word' id='word_1_137' title='bbox 374 2430 599 2480; x_wconf 91' lang='lat' dir='ltr'>rectum</span> <span class='ocrx_word' id='word_1_138' title='bbox 634 2443 836 2480; x_wconf 87' lang='lat' dir='ltr'>earum</span> <span class='ocrx_word' id='word_1_139' title='bbox 873 2443 1069 2495; x_wconf 89' lang='lat' dir='ltr'>usum,</span> <span class='ocrx_word' id='word_1_140' title='bbox 1104 2426 1323 2481; x_wconf 81' lang='lat' dir='ltr'>frustra</span> <span class='ocrx_word' id='word_1_141' title='bbox 1370 2425 1597 2480; x_wconf 85' lang='lat' dir='ltr'>laborat</span> <span class='ocrx_word' id='word_1_142' title='bbox 1639 2430 1695 2480; x_wconf 89' lang='lat' dir='ltr'>et</span> <span class='ocrx_word' id='word_1_143' title='bbox 1747 2432 2033 2498; x_wconf 70' lang='lat' dir='ltr'>praaeepta</span> 
     </span>
    </p>
   </div>
   <div class='ocr_carea' id='block_1_25' title="bbox 377 2514 2030 2585">
    <p class='ocr_par' dir='ltr' id='par_1_25' title="bbox 377 2514 2030 2585">
     <span class='ocr_line' id='line_1_25' title="bbox 377 2514 2030 2585; baseline 0.001 -18"><span class='ocrx_word' id='word_1_144' title='bbox 377 2532 503 2585; x_wconf 72' lang='lat' dir='ltr'>quae</span> <span class='ocrx_word' id='word_1_145' title='bbox 556 2514 615 2568; x_wconf 89' lang='lat' dir='ltr'>in</span> <span class='ocrx_word' id='word_1_146' title='bbox 674 2530 741 2569; x_wconf 90' lang='lat' dir='ltr'>eo</span> <span class='ocrx_word' id='word_1_147' title='bbox 790 2515 1109 2568; x_wconf 82' lang='lat' dir='ltr'>traduntur</span> <span class='ocrx_word' id='word_1_148' title='bbox 1175 2531 1288 2569; x_wconf 92' lang='lat' dir='ltr'>non</span> <span class='ocrx_word' id='word_1_149' title='bbox 1359 2514 1682 2585; x_wconf 88' lang='lat' dir='ltr'>perceperit</span> <span class='ocrx_word' id='word_1_150' title='bbox 1739 2518 1914 2585; x_wconf 90' lang='lat' dir='ltr'>atque</span> <span class='ocrx_word' id='word_1_151' title='bbox 1973 2516 2030 2569; x_wconf 90' lang='lat' dir='ltr'>in</span> 
     </span>
    </p>
   </div>
   <div class='ocr_carea' id='block_1_26' title="bbox 375 2603 2030 2675">
    <p class='ocr_par' dir='ltr' id='par_1_26' title="bbox 375 2603 2030 2675">
     <span class='ocr_line' id='line_1_26' title="bbox 375 2603 2030 2675; baseline -0.001 -17"><span class='ocrx_word' id='word_1_152' title='bbox 375 2620 551 2658; x_wconf 90' lang='lat' dir='ltr'>usum</span> <span class='ocrx_word' id='word_1_153' title='bbox 603 2604 967 2659; x_wconf 90' lang='lat' dir='ltr'>observando</span> <span class='ocrx_word' id='word_1_154' title='bbox 1021 2604 1314 2675; x_wconf 84' lang='lat' dir='ltr'>redegerit</span> <span class='ocrx_word' id='word_1_155' title='bbox 1362 2621 1465 2674; x_wconf 91' lang='lat' dir='ltr'>per</span> <span class='ocrx_word' id='word_1_156' title='bbox 1514 2603 1841 2658; x_wconf 87' lang='lat' dir='ltr'>socordiam</span> <span class='ocrx_word' id='word_1_157' title='bbox 1877 2603 2030 2659; x_wconf 89' lang='lat' dir='ltr'>desi-</span> 
     </span>
    </p>
   </div>
   <div class='ocr_carea' id='block_1_27' title="bbox 379 2693 2029 2765">
    <p class='ocr_par' dir='ltr' id='par_1_27' title="bbox 379 2693 2029 2765">
     <span class='ocr_line' id='line_1_27' title="bbox 379 2693 2029 2765; baseline 0.001 -18"><span class='ocrx_word' id='word_1_158' title='bbox 379 2694 682 2765; x_wconf 88' lang='lat' dir='ltr'>diamque,</span> <span class='ocrx_word' id='word_1_159' title='bbox 716 2710 904 2749; x_wconf 67' lang='lat' dir='ltr'>caecus</span> <span class='ocrx_word' id='word_1_160' title='bbox 936 2693 1033 2747; x_wconf 91' lang='lat' dir='ltr'>hic</span> <span class='ocrx_word' id='word_1_161' title='bbox 1072 2693 1210 2763; x_wconf 89' lang='lat' dir='ltr'>jure</span> <span class='ocrx_word' id='word_1_162' title='bbox 1248 2693 1574 2749; x_wconf 86' lang='lat' dir='ltr'>vocabitur.</span> <span class='ocrx_word' id='word_1_163' title='bbox 1624 2693 1728 2747; x_wconf 88' lang='lat' dir='ltr'>Est</span> <span class='ocrx_word' id='word_1_164' title='bbox 1778 2697 1835 2747; x_wconf 90' lang='lat' dir='ltr'>et</span> <span class='ocrx_word' id='word_1_165' title='bbox 1884 2693 2029 2748; x_wconf 90' lang='lat' dir='ltr'>illud</span> 
     </span>
    </p>
   </div>
   <div class='ocr_carea' id='block_1_28' title="bbox 380 2782 2030 2853">
    <p class='ocr_par' dir='ltr' id='par_1_28' title="bbox 380 2782 2030 2853">
     <span class='ocr_line' id='line_1_28' title="bbox 380 2782 2030 2853; baseline 0.001 -17"><span class='ocrx_word' id='word_1_166' title='bbox 380 2798 735 2853; x_wconf 87' lang='lat' dir='ltr'>magnOpere</span> <span class='ocrx_word' id='word_1_167' title='bbox 766 2782 1067 2837; x_wconf 90' lang='lat' dir='ltr'>vitandum</span> <span class='ocrx_word' id='word_1_168' title='bbox 1094 2798 1167 2837; x_wconf 91' lang='lat' dir='ltr'>ne</span> <span class='ocrx_word' id='word_1_169' title='bbox 1197 2783 1281 2837; x_wconf 90' lang='lat' dir='ltr'>sic</span> <span class='ocrx_word' id='word_1_170' title='bbox 1314 2786 1514 2837; x_wconf 86' lang='lat' dir='ltr'>utatur</span> <span class='ocrx_word' id='word_1_171' title='bbox 1538 2784 1745 2837; x_wconf 88' lang='lat' dir='ltr'>doctus</span> <span class='ocrx_word' id='word_1_172' title='bbox 1774 2782 1830 2836; x_wconf 87' lang='lat' dir='ltr'>in</span> <span class='ocrx_word' id='word_1_173' title='bbox 1862 2799 2030 2838; x_wconf 91' lang='lat' dir='ltr'>suam</span> 
     </span>
    </p>
   </div>
   <div class='ocr_carea' id='block_1_29' title="bbox 382 2869 2031 2938">
    <p class='ocr_par' dir='ltr' id='par_1_29' title="bbox 382 2869 2031 2938">
     <span class='ocr_line' id='line_1_29' title="bbox 382 2869 2031 2938; baseline 0.002 -16"><span class='ocrx_word' id='word_1_174' title='bbox 382 2870 700 2924; x_wconf 87' lang='lat' dir='ltr'>utilitatem</span> <span class='ocrx_word' id='word_1_175' title='bbox 761 2869 1023 2938; x_wconf 86' lang='lat' dir='ltr'>scientia,</span> <span class='ocrx_word' id='word_1_176' title='bbox 1075 2874 1139 2923; x_wconf 91' lang='lat' dir='ltr'>ut</span> <span class='ocrx_word' id='word_1_177' title='bbox 1195 2870 1363 2925; x_wconf 87' lang='lat' dir='ltr'>alteri</span> <span class='ocrx_word' id='word_1_178' title='bbox 1415 2871 1701 2925; x_wconf 89' lang='lat' dir='ltr'>damnum</span> <span class='ocrx_word' id='word_1_179' title='bbox 1758 2876 1913 2925; x_wconf 90' lang='lat' dir='ltr'>creet</span> <span class='ocrx_word' id='word_1_180' title='bbox 1972 2870 2031 2925; x_wconf 90' lang='lat' dir='ltr'>in</span> 
     </span>
    </p>
   </div>
   <div class='ocr_carea' id='block_1_30' title="bbox 380 2958 2031 3030">
    <p class='ocr_par' dir='ltr' id='par_1_30' title="bbox 380 2958 2031 3030">
     <span class='ocr_line' id='line_1_30' title="bbox 380 2958 2031 3030; baseline 0.002 -18"><span class='ocrx_word' id='word_1_181' title='bbox 380 2959 686 3030; x_wconf 88' lang='lat' dir='ltr'>proprium</span> <span class='ocrx_word' id='word_1_182' title='bbox 715 2964 1040 3029; x_wconf 68' lang='lat' dir='ltr'>quaastum;</span> <span class='ocrx_word' id='word_1_183' title='bbox 1071 2958 1292 3030; x_wconf 88' lang='lat' dir='ltr'>alioqui</span> <span class='ocrx_word' id='word_1_184' title='bbox 1318 2960 1740 3014; x_wconf 89' lang='lat' dir='ltr'>circumvenire</span> <span class='ocrx_word' id='word_1_185' title='bbox 1774 2962 2031 3015; x_wconf 87' lang='lat' dir='ltr'>amicum</span> 
     </span>
    </p>
   </div>
   <div class='ocr_carea' id='block_1_31' title="bbox 379 3047 2035 3120">
    <p class='ocr_par' dir='ltr' id='par_1_31' title="bbox 379 3047 2035 3120">
     <span class='ocr_line' id='line_1_31' title="bbox 379 3047 2035 3120; baseline 0.001 -19"><span class='ocrx_word' id='word_1_186' title='bbox 379 3048 492 3101; x_wconf 91' lang='lat' dir='ltr'>isto</span> <span class='ocrx_word' id='word_1_187' title='bbox 520 3047 693 3101; x_wconf 89' lang='lat' dir='ltr'>modo</span> <span class='ocrx_word' id='word_1_188' title='bbox 743 3048 1008 3115; x_wconf 88' lang='lat' dir='ltr'>studens,</span> <span class='ocrx_word' id='word_1_189' title='bbox 1060 3048 1317 3119; x_wconf 90' lang='lat' dir='ltr'>patietur</span> <span class='ocrx_word' id='word_1_190' title='bbox 1364 3050 1517 3120; x_wconf 90' lang='lat' dir='ltr'>quod</span> <span class='ocrx_word' id='word_1_191' title='bbox 1566 3049 1785 3104; x_wconf 88' lang='lat' dir='ltr'>sesami</span> <span class='ocrx_word' id='word_1_192' title='bbox 1832 3048 2035 3103; x_wconf 90' lang='lat' dir='ltr'>vendi-</span> 
     </span>
    </p>
   </div>
   <div class='ocr_carea' id='block_1_32' title="bbox 378 3136 2033 3208">
    <p class='ocr_par' dir='ltr' id='par_1_32' title="bbox 378 3136 2033 3208">
     <span class='ocr_line' id='line_1_32' title="bbox 378 3136 2033 3208; baseline 0.002 -19"><span class='ocrx_word' id='word_1_193' title='bbox 378 3136 489 3190; x_wconf 88' lang='lat' dir='ltr'>tori</span> <span class='ocrx_word' id='word_1_194' title='bbox 524 3136 789 3208; x_wconf 87' lang='lat' dir='ltr'>contigit.</span> <span class='ocrx_word' id='word_1_195' title='bbox 823 3137 999 3191; x_wconf 87' lang='lat' dir='ltr'>Aiunt</span> <span class='ocrx_word' id='word_1_196' title='bbox 1030 3137 1186 3192; x_wconf 91' lang='lat' dir='ltr'>enim</span> <span class='ocrx_word' id='word_1_197' title='bbox 1221 3137 1435 3192; x_wconf 85' lang='lat' dir='ltr'>sesam‘i</span> <span class='ocrx_word' id='word_1_198' title='bbox 1469 3138 1798 3193; x_wconf 88' lang='lat' dir='ltr'>venditores</span> <span class='ocrx_word' id='word_1_199' title='bbox 1849 3139 2033 3193; x_wconf 86' lang='lat' dir='ltr'>fuisse</span> 
     </span>
    </p>
   </div>
   <div class='ocr_carea' id='block_1_33' title="bbox 377 3226 2033 3298">
    <p class='ocr_par' dir='ltr' id='par_1_33' title="bbox 377 3226 2033 3298">
     <span class='ocr_line' id='line_1_33' title="bbox 377 3226 2033 3298; baseline 0.002 -19"><span class='ocrx_word' id='word_1_200' title='bbox 377 3226 526 3279; x_wconf 91' lang='lat' dir='ltr'>duos</span> <span class='ocrx_word' id='word_1_201' title='bbox 558 3241 676 3279; x_wconf 89' lang='lat' dir='ltr'>una</span> <span class='ocrx_word' id='word_1_202' title='bbox 708 3226 793 3280; x_wconf 89' lang='lat' dir='ltr'>uti</span> <span class='ocrx_word' id='word_1_203' title='bbox 844 3226 1053 3281; x_wconf 91' lang='lat' dir='ltr'>solitos</span> <span class='ocrx_word' id='word_1_204' title='bbox 1103 3226 1407 3298; x_wconf 86' lang='lat' dir='ltr'>apotheca,</span> <span class='ocrx_word' id='word_1_205' title='bbox 1452 3227 1625 3297; x_wconf 89' lang='lat' dir='ltr'>cujus</span> <span class='ocrx_word' id='word_1_206' title='bbox 1675 3226 1733 3281; x_wconf 90' lang='lat' dir='ltr'>in</span> <span class='ocrx_word' id='word_1_207' title='bbox 1783 3226 2033 3282; x_wconf 88' lang='lat' dir='ltr'>diversis</span> 
     </span>
    </p>
   </div>
   <div class='ocr_carea' id='block_1_34' title="bbox 377 3312 2033 3386">
    <p class='ocr_par' dir='ltr' id='par_1_34' title="bbox 377 3312 2033 3386">
     <span class='ocr_line' id='line_1_34' title="bbox 377 3312 2033 3386; baseline 0 -18"><span class='ocrx_word' id='word_1_208' title='bbox 377 3312 612 3385; x_wconf 86' lang='lat' dir='ltr'>angulis</span> <span class='ocrx_word' id='word_1_209' title='bbox 663 3313 754 3369; x_wconf 89' lang='lat' dir='ltr'>sui</span> <span class='ocrx_word' id='word_1_210' title='bbox 815 3316 1132 3386; x_wconf 87' lang='lat' dir='ltr'>separatim</span> <span class='ocrx_word' id='word_1_211' title='bbox 1185 3316 1474 3386; x_wconf 84' lang='lat' dir='ltr'>cujusque</span> <span class='ocrx_word' id='word_1_212' title='bbox 1526 3317 1790 3386; x_wconf 81' lang='lat' dir='ltr'>ipsorum</span> <span class='ocrx_word' id='word_1_213' title='bbox 1842 3316 2033 3370; x_wconf 89' lang='lat' dir='ltr'>acervi</span> 
     </span>
    </p>
   </div>
   <div class='ocr_carea' id='block_1_35' title="bbox 377 3403 2036 3476">
    <p class='ocr_par' dir='ltr' id='par_1_35' title="bbox 377 3403 2036 3476">
     <span class='ocr_line' id='line_1_35' title="bbox 377 3403 2036 3476; baseline 0.001 -18"><span class='ocrx_word' id='word_1_214' title='bbox 377 3403 618 3458; x_wconf 87' lang='lat' dir='ltr'>stabant</span> <span class='ocrx_word' id='word_1_215' title='bbox 646 3404 777 3473; x_wconf 79' lang='lat' dir='ltr'>eius</span> <span class='ocrx_word' id='word_1_216' title='bbox 811 3405 1080 3476; x_wconf 73' lang='lat' dir='ltr'>pretiosae</span> <span class='ocrx_word' id='word_1_217' title='bbox 1112 3405 1319 3475; x_wconf 85' lang='lat' dir='ltr'>frugis.</span> <span class='ocrx_word' id='word_1_218' title='bbox 1354 3405 1490 3459; x_wconf 89' lang='lat' dir='ltr'>Erat</span> <span class='ocrx_word' id='word_1_219' title='bbox 1538 3408 1733 3459; x_wconf 90' lang='lat' dir='ltr'>autem</span> <span class='ocrx_word' id='word_1_220' title='bbox 1781 3404 2036 3460; x_wconf 89' lang='lat' dir='ltr'>duorum</span> 
     </span>
    </p>
   </div>
   <div class='ocr_carea' id='block_1_36' title="bbox 380 3491 2039 3565">
    <p class='ocr_par' dir='ltr' id='par_1_36' title="bbox 380 3491 2039 3565">
     <span class='ocr_line' id='line_1_36' title="bbox 380 3491 2039 3565; baseline 0.001 -19"><span class='ocrx_word' id='word_1_221' title='bbox 380 3491 527 3546; x_wconf 85' lang='lat' dir='ltr'>alter</span> <span class='ocrx_word' id='word_1_222' title='bbox 558 3492 731 3547; x_wconf 89' lang='lat' dir='ltr'>homo</span> <span class='ocrx_word' id='word_1_223' title='bbox 764 3494 924 3547; x_wconf 88' lang='lat' dir='ltr'>vafer</span> <span class='ocrx_word' id='word_1_224' title='bbox 953 3498 1011 3547; x_wconf 91' lang='lat' dir='ltr'>et</span> <span class='ocrx_word' id='word_1_225' title='bbox 1058 3492 1366 3558; x_wconf 88' lang='lat' dir='ltr'>subdolus,</span> <span class='ocrx_word' id='word_1_226' title='bbox 1423 3492 1545 3562; x_wconf 91' lang='lat' dir='ltr'>qui,</span> <span class='ocrx_word' id='word_1_227' title='bbox 1596 3494 1820 3562; x_wconf 84' lang='lat' dir='ltr'>adjecto</span> <span class='ocrx_word' id='word_1_228' title='bbox 1870 3494 2039 3565; x_wconf 90' lang='lat' dir='ltr'>cupi-</span> 
     </span>
    </p>
   </div>
   <div class='ocr_carea' id='block_1_37' title="bbox 382 3581 2037 3651">
    <p class='ocr_par' dir='ltr' id='par_1_37' title="bbox 382 3581 2037 3651">
     <span class='ocr_line' id='line_1_37' title="bbox 382 3581 2037 3651; baseline 0.002 -17"><span class='ocrx_word' id='word_1_229' title='bbox 382 3581 586 3635; x_wconf 87' lang='lat' dir='ltr'>ditatis</span> <span class='ocrx_word' id='word_1_230' title='bbox 617 3581 785 3635; x_wconf 91' lang='lat' dir='ltr'>oculo</span> <span class='ocrx_word' id='word_1_231' title='bbox 818 3582 875 3635; x_wconf 91' lang='lat' dir='ltr'>in</span> <span class='ocrx_word' id='word_1_232' title='bbox 924 3587 1144 3651; x_wconf 88' lang='lat' dir='ltr'>partem</span> <span class='ocrx_word' id='word_1_233' title='bbox 1197 3582 1361 3648; x_wconf 90' lang='lat' dir='ltr'>socii,</span> <span class='ocrx_word' id='word_1_234' title='bbox 1412 3581 1665 3636; x_wconf 86' lang='lat' dir='ltr'>decrevit</span> <span class='ocrx_word' id='word_1_235' title='bbox 1713 3598 1782 3636; x_wconf 89' lang='lat' dir='ltr'>ex</span> <span class='ocrx_word' id='word_1_236' title='bbox 1828 3599 1896 3637; x_wconf 89' lang='lat' dir='ltr'>ea</span> <span class='ocrx_word' id='word_1_237' title='bbox 1943 3584 2037 3637; x_wconf 85' lang='lat' dir='ltr'>fu-</span> 
     </span>
    </p>
   </div>
   <div class='ocr_carea' id='block_1_38' title="bbox 387 3669 2039 3740">
    <p class='ocr_par' dir='ltr' id='par_1_38' title="bbox 387 3669 2039 3740">
     <span class='ocr_line' id='line_1_38' title="bbox 387 3669 2039 3740; baseline 0.002 -17"><span class='ocrx_word' id='word_1_238' title='bbox 387 3670 527 3739; x_wconf 87' lang='lat' dir='ltr'>rari,</span> <span class='ocrx_word' id='word_1_239' title='bbox 579 3670 1006 3740; x_wconf 85' lang='lat' dir='ltr'>adornavitque</span> <span class='ocrx_word' id='word_1_240' title='bbox 1038 3671 1303 3724; x_wconf 89' lang='lat' dir='ltr'>fraudem</span> <span class='ocrx_word' id='word_1_241' title='bbox 1341 3671 1395 3724; x_wconf 92' lang='lat' dir='ltr'>in</span> <span class='ocrx_word' id='word_1_242' title='bbox 1430 3669 1585 3724; x_wconf 87' lang='lat' dir='ltr'>hunc</span> <span class='ocrx_word' id='word_1_243' title='bbox 1618 3672 1858 3726; x_wconf 90' lang='lat' dir='ltr'>modum</span> <span class='ocrx_word' id='word_1_244' title='bbox 1895 3688 1907 3726; x_wconf 92' lang='lat'>:</span> <span class='ocrx_word' id='word_1_245' title='bbox 1941 3689 2039 3727; x_wconf 83' lang='lat' dir='ltr'>ve-</span> 
     </span>
    </p>
   </div>
   <div class='ocr_carea' id='block_1_39' title="bbox 390 3757 2036 3831">
    <p class='ocr_par' dir='ltr' id='par_1_39' title="bbox 390 3757 2036 3831">
     <span class='ocr_line' id='line_1_39' title="bbox 390 3757 2036 3831; baseline 0.003 -21"><span class='ocrx_word' id='word_1_246' title='bbox 390 3757 477 3811; x_wconf 91' lang='lat' dir='ltr'>nit</span> <span class='ocrx_word' id='word_1_247' title='bbox 508 3773 610 3827; x_wconf 89' lang='lat' dir='ltr'>per</span> <span class='ocrx_word' id='word_1_248' title='bbox 640 3758 819 3825; x_wconf 91' lang='lat' dir='ltr'>diem,</span> <span class='ocrx_word' id='word_1_249' title='bbox 856 3759 1093 3829; x_wconf 87' lang='lat' dir='ltr'>quando</span> <span class='ocrx_word' id='word_1_250' title='bbox 1126 3759 1253 3813; x_wconf 82' lang='lat' dir='ltr'>sine</span> <span class='ocrx_word' id='word_1_251' title='bbox 1301 3758 1636 3830; x_wconf 90' lang='lat' dir='ltr'>suspicione</span> <span class='ocrx_word' id='word_1_252' title='bbox 1680 3765 1924 3831; x_wconf 88' lang='lat' dir='ltr'>poterat,</span> <span class='ocrx_word' id='word_1_253' title='bbox 1977 3762 2036 3815; x_wconf 92' lang='lat' dir='ltr'><strong>in</strong></span> 
     </span>
    </p>
   </div>
   <div class='ocr_carea' id='block_1_40' title="bbox 389 3846 2035 3919">
    <p class='ocr_par' dir='ltr' id='par_1_40' title="bbox 389 3846 2035 3919">
     <span class='ocr_line' id='line_1_40' title="bbox 389 3846 2035 3919; baseline 0.002 -19"><span class='ocrx_word' id='word_1_254' title='bbox 389 3861 702 3900; x_wconf 90' lang='lat' dir='ltr'>commune</span> <span class='ocrx_word' id='word_1_255' title='bbox 750 3846 1046 3913; x_wconf 89' lang='lat' dir='ltr'>horreum,</span> <span class='ocrx_word' id='word_1_256' title='bbox 1096 3852 1153 3903; x_wconf 90' lang='lat' dir='ltr'>ct</span> <span class='ocrx_word' id='word_1_257' title='bbox 1203 3865 1380 3919; x_wconf 90' lang='lat' dir='ltr'>super</span> <span class='ocrx_word' id='word_1_258' title='bbox 1433 3865 1703 3904; x_wconf 83' lang='lat' dir='ltr'>acervum</span> <span class='ocrx_word' id='word_1_259' title='bbox 1755 3849 1845 3904; x_wconf 90' lang='lat' dir='ltr'>sui</span> <span class='ocrx_word' id='word_1_260' title='bbox 1894 3850 2035 3905; x_wconf 84' lang='lat' dir='ltr'>socii</span> 
     </span>
    </p>
   </div>
   <div class='ocr_carea' id='block_1_41' title="bbox 387 3934 2035 4008">
    <p class='ocr_par' dir='ltr' id='par_1_41' title="bbox 387 3934 2035 4008">
     <span class='ocr_line' id='line_1_41' title="bbox 387 3934 2035 4008; baseline 0.002 -19"><span class='ocrx_word' id='word_1_261' title='bbox 387 3934 635 3990; x_wconf 88' lang='lat' dir='ltr'>linteum</span> <span class='ocrx_word' id='word_1_262' title='bbox 669 3937 961 4008; x_wconf 78' lang='lat' dir='ltr'>expandit.</span> <span class='ocrx_word' id='word_1_263' title='bbox 999 3939 1057 3992; x_wconf 89' lang='lat' dir='ltr'>Id</span> <span class='ocrx_word' id='word_1_264' title='bbox 1090 3955 1157 3993; x_wconf 89' lang='lat' dir='ltr'>ea</span> <span class='ocrx_word' id='word_1_265' title='bbox 1187 3956 1366 3993; x_wconf 90' lang='lat' dir='ltr'>causa</span> <span class='ocrx_word' id='word_1_266' title='bbox 1400 3939 1666 4005; x_wconf 84' lang='lat' dir='ltr'>faciebat,</span> <span class='ocrx_word' id='word_1_267' title='bbox 1702 3945 1766 3994; x_wconf 93' lang='lat' dir='ltr'>ut</span> <span class='ocrx_word' id='word_1_268' title='bbox 1795 3940 1907 3995; x_wconf 92' lang='lat' dir='ltr'>isto</span> <span class='ocrx_word' id='word_1_269' title='bbox 1956 3941 2035 3995; x_wconf 89' lang='lat' dir='ltr'>si-</span> 
     </span>
    </p>
   </div>
   <div class='ocr_carea' id='block_1_42' title="bbox 385 4026 2034 4099">
    <p class='ocr_par' dir='ltr' id='par_1_42' title="bbox 385 4026 2034 4099">
     <span class='ocr_line' id='line_1_42' title="bbox 385 4026 2034 4099; baseline 0.002 -20"><span class='ocrx_word' id='word_1_270' title='bbox 385 4041 501 4096; x_wconf 91' lang='lat' dir='ltr'>gno</span> <span class='ocrx_word' id='word_1_271' title='bbox 551 4026 891 4098; x_wconf 81' lang='lat' dir='ltr'>superjectae</span> <span class='ocrx_word' id='word_1_272' title='bbox 944 4026 1096 4093; x_wconf 65' lang='lat' dir='ltr'>telae,</span> <span class='ocrx_word' id='word_1_273' title='bbox 1148 4043 1251 4099; x_wconf 90' lang='lat' dir='ltr'>per</span> <span class='ocrx_word' id='word_1_274' title='bbox 1309 4028 1582 4082; x_wconf 86' lang='lat' dir='ltr'>tenebras</span> <span class='ocrx_word' id='word_1_275' title='bbox 1640 4028 2034 4083; x_wconf 80' lang='lat' dir='ltr'>internoscere</span> 
     </span>
    </p>
   </div>
   <div class='ocr_carea' id='block_1_43' title="bbox 380 4114 2035 4187">
    <p class='ocr_par' dir='ltr' id='par_1_43' title="bbox 380 4114 2035 4187">
     <span class='ocr_line' id='line_1_43' title="bbox 380 4114 2035 4187; baseline 0.003 -19"><span class='ocrx_word' id='word_1_276' title='bbox 380 4124 579 4185; x_wconf 87' lang='lat' dir='ltr'>posset</span> <span class='ocrx_word' id='word_1_277' title='bbox 611 4114 868 4169; x_wconf 89' lang='lat' dir='ltr'>alienum</span> <span class='ocrx_word' id='word_1_278' title='bbox 896 4116 1201 4171; x_wconf 90' lang='lat' dir='ltr'>cumulum</span> <span class='ocrx_word' id='word_1_279' title='bbox 1240 4133 1271 4170; x_wconf 88' lang='lat' dir='ltr'>a</span> <span class='ocrx_word' id='word_1_280' title='bbox 1320 4119 1575 4187; x_wconf 91' lang='lat' dir='ltr'>proprio.</span> <span class='ocrx_word' id='word_1_281' title='bbox 1631 4118 1749 4172; x_wconf 82' lang='lat' dir='ltr'>Sub</span> <span class='ocrx_word' id='word_1_282' title='bbox 1804 4117 1922 4172; x_wconf 71' lang='lat' dir='ltr'>haec</span> <span class='ocrx_word' id='word_1_283' title='bbox 1975 4134 2035 4173; x_wconf 90' lang='lat' dir='ltr'>re</span> 
     </span>
    </p>
   </div>
   <div class='ocr_carea' id='block_1_44' title="bbox 376 4203 2033 4276">
    <p class='ocr_par' dir='ltr' id='par_1_44' title="bbox 376 4203 2033 4276">
     <span class='ocr_line' id='line_1_44' title="bbox 376 4203 2033 4276; baseline 0.004 -20"><span class='ocrx_word' id='word_1_284' title='bbox 376 4206 501 4258; x_wconf 88' lang='lat' dir='ltr'>tota</span> <span class='ocrx_word' id='word_1_285' title='bbox 529 4203 763 4258; x_wconf 91' lang='lat' dir='ltr'>cuidam</span> <span class='ocrx_word' id='word_1_286' title='bbox 798 4204 986 4259; x_wconf 88' lang='lat' dir='ltr'>amico</span> <span class='ocrx_word' id='word_1_287' title='bbox 1021 4206 1477 4272; x_wconf 89' lang='lat' dir='ltr'>communicata,</span> <span class='ocrx_word' id='word_1_288' title='bbox 1529 4206 1700 4275; x_wconf 86' lang='lat' dir='ltr'>cujus</span> <span class='ocrx_word' id='word_1_289' title='bbox 1743 4206 2033 4276; x_wconf 87' lang='lat' dir='ltr'>adjutrice</span> 
     </span>
    </p>
   </div>
   <div class='ocr_carea' id='block_1_45' title="bbox 375 4292 2026 4364">
    <p class='ocr_par' dir='ltr' id='par_1_45' title="bbox 375 4292 2026 4364">
     <span class='ocr_line' id='line_1_45' title="bbox 375 4292 2026 4364; baseline 0.002 -18"><span class='ocrx_word' id='word_1_290' title='bbox 375 4308 551 4362; x_wconf 89' lang='lat' dir='ltr'>opera</span> <span class='ocrx_word' id='word_1_291' title='bbox 581 4293 641 4347; x_wconf 92' lang='lat' dir='ltr'>in</span> <span class='ocrx_word' id='word_1_292' title='bbox 674 4294 827 4347; x_wconf 87' lang='lat' dir='ltr'>furto</span> <span class='ocrx_word' id='word_1_293' title='bbox 859 4294 1123 4349; x_wconf 88' lang='lat' dir='ltr'>faciendo</span> <span class='ocrx_word' id='word_1_294' title='bbox 1158 4292 1242 4347; x_wconf 90' lang='lat' dir='ltr'>uti</span> <span class='ocrx_word' id='word_1_295' title='bbox 1274 4293 1521 4363; x_wconf 82' lang='lat' dir='ltr'>volebat,</span> <span class='ocrx_word' id='word_1_296' title='bbox 1569 4294 1907 4364; x_wconf 90' lang='lat' dir='ltr'>procinctus</span> <span class='ocrx_word' id='word_1_297' title='bbox 1956 4297 2026 4350; x_wconf 90' lang='lat' dir='ltr'>ad</span> 
     </span>
    </p>
   </div>
   <div class='ocr_carea' id='block_1_46' title="bbox 376 4380 2023 4453">
    <p class='ocr_par' dir='ltr' id='par_1_46' title="bbox 376 4380 2023 4453">
     <span class='ocr_line' id='line_1_46' title="bbox 376 4380 2023 4453; baseline 0.002 -19"><span class='ocrx_word' id='word_1_298' title='bbox 376 4380 567 4436; x_wconf 89' lang='lat' dir='ltr'>scelus</span> <span class='ocrx_word' id='word_1_299' title='bbox 601 4398 732 4436; x_wconf 91' lang='lat' dir='ltr'>cum</span> <span class='ocrx_word' id='word_1_300' title='bbox 778 4398 843 4436; x_wconf 91' lang='lat' dir='ltr'>eo</span> <span class='ocrx_word' id='word_1_301' title='bbox 897 4381 1110 4451; x_wconf 86' lang='lat' dir='ltr'>stabat,</span> <span class='ocrx_word' id='word_1_302' title='bbox 1159 4380 1364 4436; x_wconf 82' lang='lat' dir='ltr'>horam</span> <span class='ocrx_word' id='word_1_303' title='bbox 1415 4388 1610 4452; x_wconf 87' lang='lat' dir='ltr'>aptam</span> <span class='ocrx_word' id='word_1_304' title='bbox 1660 4388 2023 4453; x_wconf 88' lang='lat' dir='ltr'>exspectans.</span> 
     </span>
    </p>
   </div>
   <div class='ocr_carea' id='block_1_47' title="bbox 374 4469 2028 4541">
    <p class='ocr_par' dir='ltr' id='par_1_47' title="bbox 374 4469 2028 4541">
     <span class='ocr_line' id='line_1_47' title="bbox 374 4469 2028 4541; baseline 0.002 -18"><span class='ocrx_word' id='word_1_305' title='bbox 374 4469 612 4525; x_wconf 88' lang='lat' dir='ltr'>Interim</span> <span class='ocrx_word' id='word_1_306' title='bbox 666 4474 862 4524; x_wconf 89' lang='lat' dir='ltr'>autem</span> <span class='ocrx_word' id='word_1_307' title='bbox 910 4469 1103 4525; x_wconf 89' lang='lat' dir='ltr'>socius</span> <span class='ocrx_word' id='word_1_308' title='bbox 1150 4469 1362 4541; x_wconf 90' lang='lat' dir='ltr'>ipsius,</span> <span class='ocrx_word' id='word_1_309' title='bbox 1408 4469 1585 4526; x_wconf 91' lang='lat' dir='ltr'>homo</span> <span class='ocrx_word' id='word_1_310' title='bbox 1634 4472 1917 4526; x_wconf 89' lang='lat' dir='ltr'>innocens</span> <span class='ocrx_word' id='word_1_311' title='bbox 1970 4478 2028 4527; x_wconf 89' lang='lat' dir='ltr'>et</span> 
     </span>
    </p>
   </div>
   <div class='ocr_carea' id='block_1_48' title="bbox 364 4557 2025 4630">
    <p class='ocr_par' dir='ltr' id='par_1_48' title="bbox 364 4557 2025 4630">
     <span class='ocr_line' id='line_1_48' title="bbox 364 4557 2025 4630; baseline 0.002 -18"><span class='ocrx_word' id='word_1_312' title='bbox 364 4557 589 4628; x_wconf 87' lang='lat' dir='ltr'>justus,</span> <span class='ocrx_word' id='word_1_313' title='bbox 622 4559 765 4613; x_wconf 88' lang='lat' dir='ltr'>forte</span> <span class='ocrx_word' id='word_1_314' title='bbox 798 4558 1101 4629; x_wconf 86' lang='lat' dir='ltr'>ingressus</span> <span class='ocrx_word' id='word_1_315' title='bbox 1134 4559 1501 4630; x_wconf 88' lang='lat' dir='ltr'>apothecam,</span> <span class='ocrx_word' id='word_1_316' title='bbox 1547 4558 1646 4613; x_wconf 90' lang='lat' dir='ltr'>ubi</span> <span class='ocrx_word' id='word_1_317' title='bbox 1695 4560 2025 4616; x_wconf 87' lang='lat' dir='ltr'>observavit</span> 
     </span>
    </p>
   </div>
   <div class='ocr_carea' id='block_1_49' title="bbox 2146 608 3813 685">
    <p class='ocr_par' dir='ltr' id='par_1_49' title="bbox 2146 608 3813 685">
     <span class='ocr_line' id='line_1_49' title="bbox 2146 608 3813 685; baseline 0.004 -22"><span class='ocrx_word' id='word_1_318' title='bbox 2146 608 2392 675; x_wconf 87' lang='lat' dir='ltr'>socium,</span> <span class='ocrx_word' id='word_1_319' title='bbox 2425 626 2494 664; x_wconf 86' lang='lat' dir='ltr'>ex</span> <span class='ocrx_word' id='word_1_320' title='bbox 2543 626 2610 665; x_wconf 90' lang='lat' dir='ltr'>eo</span> <span class='ocrx_word' id='word_1_321' title='bbox 2657 611 2811 665; x_wconf 90' lang='lat' dir='ltr'>haud</span> <span class='ocrx_word' id='word_1_322' title='bbox 2863 628 3037 683; x_wconf 89' lang='lat' dir='ltr'>parce</span> <span class='ocrx_word' id='word_1_323' title='bbox 3086 612 3382 681; x_wconf 89' lang='lat' dir='ltr'>sumpsit;</span> <span class='ocrx_word' id='word_1_324' title='bbox 3436 619 3813 685; x_wconf 89' lang='lat' dir='ltr'>onustusque</span> 
     </span>
    </p>
   </div>
   <div class='ocr_carea' id='block_1_50' title="bbox 2144 699 3812 772">
    <p class='ocr_par' dir='ltr' id='par_1_50' title="bbox 2144 699 3812 772">
     <span class='ocr_line' id='line_1_50' title="bbox 2144 699 3812 772; baseline 0.003 -20"><span class='ocrx_word' id='word_1_325' title='bbox 2144 699 2388 753; x_wconf 86' lang='lat' dir='ltr'>domum</span> <span class='ocrx_word' id='word_1_326' title='bbox 2422 716 2483 754; x_wconf 90' lang='lat' dir='ltr'>se</span> <span class='ocrx_word' id='word_1_327' title='bbox 2517 699 2715 772; x_wconf 85' lang='lat' dir='ltr'>recipit</span> <span class='ocrx_word' id='word_1_328' title='bbox 2751 718 2885 755; x_wconf 89' lang='lat' dir='ltr'>cum</span> <span class='ocrx_word' id='word_1_329' title='bbox 2914 718 3021 756; x_wconf 89' lang='lat' dir='ltr'>suo</span> <span class='ocrx_word' id='word_1_330' title='bbox 3054 702 3406 771; x_wconf 79' lang='lat' dir='ltr'>subadiuva,</span> <span class='ocrx_word' id='word_1_331' title='bbox 3438 702 3534 759; x_wconf 91' lang='lat' dir='ltr'>cui</span> <span class='ocrx_word' id='word_1_332' title='bbox 3584 719 3812 758; x_wconf 87' lang='lat' dir='ltr'>merce-</span> 
     </span>
    </p>
   </div>
   <div class='ocr_carea' id='block_1_51' title="bbox 2147 787 3809 861">
    <p class='ocr_par' dir='ltr' id='par_1_51' title="bbox 2147 787 3809 861">
     <span class='ocr_line' id='line_1_51' title="bbox 2147 787 3809 861; baseline 0.003 -21"><span class='ocrx_word' id='word_1_333' title='bbox 2147 788 2279 841; x_wconf 90' lang='lat' dir='ltr'>dem</span> <span class='ocrx_word' id='word_1_334' title='bbox 2304 787 2528 843; x_wconf 72' lang='lat' dir='ltr'>collatae</span> <span class='ocrx_word' id='word_1_335' title='bbox 2548 805 2739 861; x_wconf 74' lang='lat' dir='ltr'>Opera:</span> <span class='ocrx_word' id='word_1_336' title='bbox 2760 788 3075 844; x_wconf 90' lang='lat' dir='ltr'>dimidium</span> <span class='ocrx_word' id='word_1_337' title='bbox 3101 790 3280 845; x_wconf 79' lang='lat' dir='ltr'>ablati</span> <span class='ocrx_word' id='word_1_338' title='bbox 3308 791 3524 846; x_wconf 84' lang='lat' dir='ltr'>sesami</span> <span class='ocrx_word' id='word_1_339' title='bbox 3549 792 3809 857; x_wconf 85' lang='lat' dir='ltr'>donavit,</span> 
     </span>
    </p>
   </div>
   <div class='ocr_carea' id='block_1_52' title="bbox 2144 877 3809 936">
    <p class='ocr_par' dir='ltr' id='par_1_52' title="bbox 2144 877 3809 936">
     <span class='ocr_line' id='line_1_52' title="bbox 2144 877 3809 936; baseline 0.003 -6"><span class='ocrx_word' id='word_1_340' title='bbox 2144 877 2413 932; x_wconf 89' lang='lat' dir='ltr'>nesciens</span> <span class='ocrx_word' id='word_1_341' title='bbox 2447 879 2517 934; x_wconf 88' lang='lat' dir='ltr'>de</span> <span class='ocrx_word' id='word_1_342' title='bbox 2546 896 2654 933; x_wconf 90' lang='lat' dir='ltr'>suo</span> <span class='ocrx_word' id='word_1_343' title='bbox 2686 895 2748 933; x_wconf 89' lang='lat' dir='ltr'>se</span> <span class='ocrx_word' id='word_1_344' title='bbox 2780 880 3058 934; x_wconf 77' lang='lat' dir='ltr'>furatum.</span> <span class='ocrx_word' id='word_1_345' title='bbox 3094 880 3376 935; x_wconf 87' lang='lat' dir='ltr'>Postridie</span> <span class='ocrx_word' id='word_1_346' title='bbox 3417 880 3809 936; x_wconf 77' lang='lat' dir='ltr'>dissimulans</span> 
     </span>
    </p>
   </div>
   <div class='ocr_carea' id='block_1_53' title="bbox 2143 965 3807 1037">
    <p class='ocr_par' dir='ltr' id='par_1_53' title="bbox 2143 965 3807 1037">
     <span class='ocr_line' id='line_1_53' title="bbox 2143 965 3807 1037; baseline 0.003 -18"><span class='ocrx_word' id='word_1_347' title='bbox 2143 966 2372 1037; x_wconf 70' lang='lat' dir='ltr'>egregie</span> <span class='ocrx_word' id='word_1_348' title='bbox 2405 976 2752 1022; x_wconf 88' lang='lat' dir='ltr'>nocturnam</span> <span class='ocrx_word' id='word_1_349' title='bbox 2798 969 3062 1023; x_wconf 82' lang='lat' dir='ltr'>fraudem</span> <span class='ocrx_word' id='word_1_350' title='bbox 3116 986 3247 1024; x_wconf 87' lang='lat' dir='ltr'>cum</span> <span class='ocrx_word' id='word_1_351' title='bbox 3298 965 3445 1024; x_wconf 79' lang='lat' dir='ltr'>nihil</span> <span class='ocrx_word' id='word_1_352' title='bbox 3498 968 3649 1025; x_wconf 88' lang='lat' dir='ltr'>male</span> <span class='ocrx_word' id='word_1_353' title='bbox 3699 988 3807 1026; x_wconf 89' lang='lat' dir='ltr'>su-</span> 
     </span>
    </p>
   </div>
   <div class='ocr_carea' id='block_1_54' title="bbox 2144 1056 3809 1130">
    <p class='ocr_par' dir='ltr' id='par_1_54' title="bbox 2144 1056 3809 1130">
     <span class='ocr_line' id='line_1_54' title="bbox 2144 1056 3809 1130; baseline 0.003 -21"><span class='ocrx_word' id='word_1_354' title='bbox 2144 1056 2409 1126; x_wconf 77' lang='lat' dir='ltr'>spicantc</span> <span class='ocrx_word' id='word_1_355' title='bbox 2467 1056 2623 1113; x_wconf 90' lang='lat' dir='ltr'>socio</span> <span class='ocrx_word' id='word_1_356' title='bbox 2684 1057 3015 1129; x_wconf 87' lang='lat' dir='ltr'>ingreditur</span> <span class='ocrx_word' id='word_1_357' title='bbox 3067 1058 3365 1130; x_wconf 82' lang='lat' dir='ltr'>horreum,</span> <span class='ocrx_word' id='word_1_358' title='bbox 3422 1059 3667 1130; x_wconf 90' lang='lat' dir='ltr'>visoque</span> <span class='ocrx_word' id='word_1_359' title='bbox 3720 1059 3809 1114; x_wconf 91' lang='lat' dir='ltr'>ibi</span> 
     </span>
    </p>
   </div>
   <div class='ocr_carea' id='block_1_55' title="bbox 2144 1143 3809 1219">
    <p class='ocr_par' dir='ltr' id='par_1_55' title="bbox 2144 1143 3809 1219">
     <span class='ocr_line' id='line_1_55' title="bbox 2144 1143 3809 1219; baseline 0.004 -22"><span class='ocrx_word' id='word_1_360' title='bbox 2144 1143 2323 1199; x_wconf 71' lang='lat' dir='ltr'>linteo</span> <span class='ocrx_word' id='word_1_361' title='bbox 2382 1163 2638 1217; x_wconf 86' lang='lat' dir='ltr'>expanso</span> <span class='ocrx_word' id='word_1_362' title='bbox 2699 1163 2880 1219; x_wconf 87' lang='lat' dir='ltr'>supra</span> <span class='ocrx_word' id='word_1_363' title='bbox 2940 1147 3243 1219; x_wconf 88' lang='lat' dir='ltr'>proprium</span> <span class='ocrx_word' id='word_1_364' title='bbox 3289 1165 3586 1216; x_wconf 88' lang='lat' dir='ltr'>acervum,</span> <span class='ocrx_word' id='word_1_365' title='bbox 3629 1149 3809 1203; x_wconf 88' lang='lat' dir='ltr'>intel-</span> 
     </span>
    </p>
   </div>
   <div class='ocr_carea' id='block_1_56' title="bbox 2144 1234 3810 1308">
    <p class='ocr_par' dir='ltr' id='par_1_56' title="bbox 2144 1234 3810 1308">
     <span class='ocr_line' id='line_1_56' title="bbox 2144 1234 3810 1308; baseline 0.004 -21"><span class='ocrx_word' id='word_1_366' title='bbox 2144 1234 2407 1305; x_wconf 88' lang='lat' dir='ltr'>lectaque</span> <span class='ocrx_word' id='word_1_367' title='bbox 2442 1252 2510 1289; x_wconf 81' lang='lat' dir='ltr'>ex</span> <span class='ocrx_word' id='word_1_368' title='bbox 2544 1235 2802 1291; x_wconf 76' lang='lat' dir='ltr'>officiose</span> <span class='ocrx_word' id='word_1_369' title='bbox 2842 1236 3130 1291; x_wconf 87' lang='lat' dir='ltr'>referente</span> <span class='ocrx_word' id='word_1_370' title='bbox 3177 1235 3401 1308; x_wconf 86' lang='lat' dir='ltr'>collega</span> <span class='ocrx_word' id='word_1_371' title='bbox 3457 1237 3810 1293; x_wconf 88' lang='lat' dir='ltr'>mutationis</span> 
     </span>
    </p>
   </div>
   <div class='ocr_carea' id='block_1_57' title="bbox 2142 1322 3812 1395">
    <p class='ocr_par' dir='ltr' id='par_1_57' title="bbox 2142 1322 3812 1395">
     <span class='ocr_line' id='line_1_57' title="bbox 2142 1322 3812 1395; baseline 0.005 -20"><span class='ocrx_word' id='word_1_372' title='bbox 2142 1338 2343 1388; x_wconf 90' lang='lat' dir='ltr'>causa,</span> <span class='ocrx_word' id='word_1_373' title='bbox 2374 1322 2597 1395; x_wconf 91' lang='lat' dir='ltr'>ingenti</span> <span class='ocrx_word' id='word_1_374' title='bbox 2634 1324 2939 1395; x_wconf 89' lang='lat' dir='ltr'>perculsus</span> <span class='ocrx_word' id='word_1_375' title='bbox 2970 1325 3170 1381; x_wconf 90' lang='lat' dir='ltr'>dolore</span> <span class='ocrx_word' id='word_1_376' title='bbox 3200 1330 3315 1394; x_wconf 87' lang='lat' dir='ltr'>est,</span> <span class='ocrx_word' id='word_1_377' title='bbox 3358 1343 3486 1381; x_wconf 89' lang='lat' dir='ltr'>sero</span> <span class='ocrx_word' id='word_1_378' title='bbox 3540 1326 3812 1383; x_wconf 78' lang='lat' dir='ltr'>videlicet</span> 
     </span>
    </p>
   </div>
   <div class='ocr_carea' id='block_1_58' title="bbox 2143 1410 3807 1487">
    <p class='ocr_par' dir='ltr' id='par_1_58' title="bbox 2143 1410 3807 1487">
     <span class='ocr_line' id='line_1_58' title="bbox 2143 1410 3807 1487; baseline 0.003 -22"><span class='ocrx_word' id='word_1_379' title='bbox 2143 1410 2424 1478; x_wconf 89' lang='lat' dir='ltr'>sentiens,</span> <span class='ocrx_word' id='word_1_380' title='bbox 2456 1429 2516 1466; x_wconf 92' lang='lat' dir='ltr'>se</span> <span class='ocrx_word' id='word_1_381' title='bbox 2550 1413 2688 1466; x_wconf 89' lang='lat' dir='ltr'>dum</span> <span class='ocrx_word' id='word_1_382' title='bbox 2724 1412 2991 1484; x_wconf 88' lang='lat' dir='ltr'>improbe</span> <span class='ocrx_word' id='word_1_383' title='bbox 3023 1419 3317 1484; x_wconf 63' lang='lat' dir='ltr'>quaestum</span> <span class='ocrx_word' id='word_1_384' title='bbox 3351 1415 3551 1470; x_wconf 88' lang='lat' dir='ltr'>studet</span> <span class='ocrx_word' id='word_1_385' title='bbox 3593 1415 3807 1487; x_wconf 84' lang='lat' dir='ltr'>facere,</span> 
     </span>
    </p>
   </div>
   <div class='ocr_carea' id='block_1_59' title="bbox 2144 1501 3806 1574">
    <p class='ocr_par' dir='ltr' id='par_1_59' title="bbox 2144 1501 3806 1574">
     <span class='ocr_line' id='line_1_59' title="bbox 2144 1501 3806 1574; baseline 0.004 -20"><span class='ocrx_word' id='word_1_386' title='bbox 2144 1501 2430 1555; x_wconf 88' lang='lat' dir='ltr'>damnum</span> <span class='ocrx_word' id='word_1_387' title='bbox 2466 1501 2723 1557; x_wconf 87' lang='lat' dir='ltr'>subiisse</span> <span class='ocrx_word' id='word_1_388' title='bbox 2755 1519 2768 1557; x_wconf 92' lang='lat'><strong>:</strong></span> <span class='ocrx_word' id='word_1_389' title='bbox 2804 1503 2959 1573; x_wconf 90' lang='lat' dir='ltr'>quod</span> <span class='ocrx_word' id='word_1_390' title='bbox 2992 1502 3149 1557; x_wconf 88' lang='lat' dir='ltr'>enim</span> <span class='ocrx_word' id='word_1_391' title='bbox 3200 1504 3457 1574; x_wconf 87' lang='lat' dir='ltr'>adjutori</span> <span class='ocrx_word' id='word_1_392' title='bbox 3510 1504 3648 1559; x_wconf 89' lang='lat' dir='ltr'>furti</span> <span class='ocrx_word' id='word_1_393' title='bbox 3700 1505 3806 1560; x_wconf 91' lang='lat' dir='ltr'>de-</span> 
     </span>
    </p>
   </div>
   <div class='ocr_carea' id='block_1_60' title="bbox 2143 1590 3803 1664">
    <p class='ocr_par' dir='ltr' id='par_1_60' title="bbox 2143 1590 3803 1664">
     <span class='ocr_line' id='line_1_60' title="bbox 2143 1590 3803 1664; baseline 0.003 -21"><span class='ocrx_word' id='word_1_394' title='bbox 2143 1590 2326 1655; x_wconf 87' lang='lat' dir='ltr'>derat,</span> <span class='ocrx_word' id='word_1_395' title='bbox 2390 1590 2501 1644; x_wconf 88' lang='lat' dir='ltr'>sibi</span> <span class='ocrx_word' id='word_1_396' title='bbox 2534 1591 2780 1661; x_wconf 86' lang='lat' dir='ltr'>periisse</span> <span class='ocrx_word' id='word_1_397' title='bbox 2808 1592 3046 1646; x_wconf 87' lang='lat' dir='ltr'>videbat</span> <span class='ocrx_word' id='word_1_398' title='bbox 3076 1591 3569 1662; x_wconf 88' lang='lat' dir='ltr'>irreparabiliter;</span> <span class='ocrx_word' id='word_1_399' title='bbox 3613 1592 3803 1664; x_wconf 89' lang='lat' dir='ltr'>siqui-</span> 
     </span>
    </p>
   </div>
   <div class='ocr_carea' id='block_1_61' title="bbox 2143 1679 3807 1750">
    <p class='ocr_par' dir='ltr' id='par_1_61' title="bbox 2143 1679 3807 1750">
     <span class='ocr_line' id='line_1_61' title="bbox 2143 1679 3807 1750; baseline 0.003 -17"><span class='ocrx_word' id='word_1_400' title='bbox 2143 1680 2273 1733; x_wconf 88' lang='lat' dir='ltr'>dem</span> <span class='ocrx_word' id='word_1_401' title='bbox 2310 1694 2382 1734; x_wconf 91' lang='lat' dir='ltr'>ne</span> <span class='ocrx_word' id='word_1_402' title='bbox 2418 1679 2489 1733; x_wconf 90' lang='lat' dir='ltr'>ab</span> <span class='ocrx_word' id='word_1_403' title='bbox 2521 1696 2587 1734; x_wconf 88' lang='lat' dir='ltr'>eo</span> <span class='ocrx_word' id='word_1_404' title='bbox 2623 1684 2910 1750; x_wconf 87' lang='lat' dir='ltr'>repeteret</span> <span class='ocrx_word' id='word_1_405' title='bbox 2940 1680 3215 1735; x_wconf 84' lang='lat' dir='ltr'>obstabat</span> <span class='ocrx_word' id='word_1_406' title='bbox 3249 1685 3440 1736; x_wconf 90' lang='lat' dir='ltr'>metus</span> <span class='ocrx_word' id='word_1_407' title='bbox 3472 1682 3653 1737; x_wconf 84' lang='lat' dir='ltr'>totius</span> <span class='ocrx_word' id='word_1_408' title='bbox 3687 1700 3807 1738; x_wconf 89' lang='lat' dir='ltr'>ma-</span> 
     </span>
    </p>
   </div>
   <div class='ocr_carea' id='block_1_62' title="bbox 2141 1767 3805 1844">
    <p class='ocr_par' dir='ltr' id='par_1_62' title="bbox 2141 1767 3805 1844">
     <span class='ocr_line' id='line_1_62' title="bbox 2141 1767 3805 1844; baseline 0.004 -23"><span class='ocrx_word' id='word_1_409' title='bbox 2141 1767 2316 1823; x_wconf 82' lang='lat' dir='ltr'>leficii</span> <span class='ocrx_word' id='word_1_410' title='bbox 2347 1768 2625 1840; x_wconf 89' lang='lat' dir='ltr'>vulgandi</span> <span class='ocrx_word' id='word_1_411' title='bbox 2658 1768 2916 1839; x_wconf 90' lang='lat' dir='ltr'>indeque</span> <span class='ocrx_word' id='word_1_412' title='bbox 2941 1770 2998 1823; x_wconf 92' lang='lat' dir='ltr'>in</span> <span class='ocrx_word' id='word_1_413' title='bbox 3031 1787 3234 1841; x_wconf 65' lang='lat' dir='ltr'>poenas</span> <span class='ocrx_word' id='word_1_414' title='bbox 3265 1771 3604 1826; x_wconf 85' lang='lat' dir='ltr'>incurrendi</span> <span class='ocrx_word' id='word_1_415' title='bbox 3656 1789 3805 1844; x_wconf 70' lang='lat' dir='ltr'>prae-</span> 
     </span>
    </p>
   </div>
   <div class='ocr_carea' id='block_1_63' title="bbox 2142 1857 3799 1932">
    <p class='ocr_par' dir='ltr' id='par_1_63' title="bbox 2142 1857 3799 1932">
     <span class='ocr_line' id='line_1_63' title="bbox 2142 1857 3799 1932; baseline 0.002 -20"><span class='ocrx_word' id='word_1_416' title='bbox 2142 1858 2389 1929; x_wconf 88' lang='lat' dir='ltr'>scriptas</span> <span class='ocrx_word' id='word_1_417' title='bbox 2424 1858 2677 1930; x_wconf 90' lang='lat' dir='ltr'>legibus.</span> <span class='ocrx_word' id='word_1_418' title='bbox 2723 1857 2961 1929; x_wconf 88' lang='lat' dir='ltr'>Oportet</span> <span class='ocrx_word' id='word_1_419' title='bbox 3007 1858 3188 1930; x_wconf 87' lang='lat' dir='ltr'>igitur</span> <span class='ocrx_word' id='word_1_420' title='bbox 3235 1876 3369 1914; x_wconf 88' lang='lat' dir='ltr'>eum</span> <span class='ocrx_word' id='word_1_421' title='bbox 3422 1861 3520 1931; x_wconf 90' lang='lat' dir='ltr'>qui</span> <span class='ocrx_word' id='word_1_422' title='bbox 3573 1859 3799 1932; x_wconf 90' lang='lat' dir='ltr'>aliquid</span> 
     </span>
    </p>
   </div>
   <div class='ocr_carea' id='block_1_64' title="bbox 2140 1945 3796 2020">
    <p class='ocr_par' dir='ltr' id='par_1_64' title="bbox 2140 1945 3796 2020">
     <span class='ocr_line' id='line_1_64' title="bbox 2140 1945 3796 2020; baseline 0.003 -19"><span class='ocrx_word' id='word_1_423' title='bbox 2140 1945 2503 2017; x_wconf 81' lang='lat' dir='ltr'>aggreditur,</span> <span class='ocrx_word' id='word_1_424' title='bbox 2538 1946 2837 2017; x_wconf 83' lang='lat' dir='ltr'>providere</span> <span class='ocrx_word' id='word_1_425' title='bbox 2870 1947 3047 2001; x_wconf 85' lang='lat' dir='ltr'>linem</span> <span class='ocrx_word' id='word_1_426' title='bbox 3082 1946 3244 2003; x_wconf 90' lang='lat' dir='ltr'>illius</span> <span class='ocrx_word' id='word_1_427' title='bbox 3276 1947 3476 2020; x_wconf 75' lang='lat' dir='ltr'>empti;</span> <span class='ocrx_word' id='word_1_428' title='bbox 3514 1949 3613 2019; x_wconf 91' lang='lat' dir='ltr'>qui</span> <span class='ocrx_word' id='word_1_429' title='bbox 3660 1967 3796 2006; x_wconf 85' lang='lat' dir='ltr'>vero</span> 
     </span>
    </p>
   </div>
   <div class='ocr_carea' id='block_1_65' title="bbox 2141 2034 3798 2109">
    <p class='ocr_par' dir='ltr' id='par_1_65' title="bbox 2141 2034 3798 2109">
     <span class='ocr_line' id='line_1_65' title="bbox 2141 2034 3798 2109; baseline 0.002 -21"><span class='ocrx_word' id='word_1_430' title='bbox 2141 2034 2443 2106; x_wconf 89' lang='lat' dir='ltr'>negotium</span> <span class='ocrx_word' id='word_1_431' title='bbox 2475 2034 2683 2106; x_wconf 91' lang='lat' dir='ltr'>incipit</span> <span class='ocrx_word' id='word_1_432' title='bbox 2714 2036 2884 2105; x_wconf 90' lang='lat' dir='ltr'>cujus</span> <span class='ocrx_word' id='word_1_433' title='bbox 2910 2036 3088 2091; x_wconf 85' lang='lat' dir='ltr'>ﬁnem</span> <span class='ocrx_word' id='word_1_434' title='bbox 3122 2054 3237 2091; x_wconf 82' lang='lat' dir='ltr'>non</span> <span class='ocrx_word' id='word_1_435' title='bbox 3266 2038 3591 2109; x_wconf 75' lang='lat' dir='ltr'>prospexit,</span> <span class='ocrx_word' id='word_1_436' title='bbox 3642 2039 3798 2094; x_wconf 85' lang='lat' dir='ltr'>mul-</span> 
     </span>
    </p>
   </div>
   <div class='ocr_carea' id='block_1_66' title="bbox 2140 2123 3793 2183">
    <p class='ocr_par' dir='ltr' id='par_1_66' title="bbox 2140 2123 3793 2183">
     <span class='ocr_line' id='line_1_66' title="bbox 2140 2123 3793 2183; baseline 0.004 -6"><span class='ocrx_word' id='word_1_437' title='bbox 2140 2128 2266 2178; x_wconf 89' lang='lat' dir='ltr'>tum</span> <span class='ocrx_word' id='word_1_438' title='bbox 2324 2123 2613 2179; x_wconf 89' lang='lat' dir='ltr'>laborabit</span> <span class='ocrx_word' id='word_1_439' title='bbox 2672 2129 2729 2178; x_wconf 90' lang='lat' dir='ltr'>et</span> <span class='ocrx_word' id='word_1_440' title='bbox 2783 2124 2930 2179; x_wconf 89' lang='lat' dir='ltr'>nihil</span> <span class='ocrx_word' id='word_1_441' title='bbox 2990 2125 3317 2181; x_wconf 91' lang='lat' dir='ltr'>lucrabitur</span> <span class='ocrx_word' id='word_1_442' title='bbox 3370 2144 3383 2183; x_wconf 90' lang='lat'>:</span> <span class='ocrx_word' id='word_1_443' title='bbox 3432 2144 3600 2183; x_wconf 90' lang='lat' dir='ltr'>nemo</span> <span class='ocrx_word' id='word_1_444' title='bbox 3632 2128 3793 2183; x_wconf 91' lang='lat' dir='ltr'>enim</span> 
     </span>
    </p>
   </div>
   <div class='ocr_carea' id='block_1_67' title="bbox 2140 2212 3292 2286">
    <p class='ocr_par' dir='ltr' id='par_1_67' title="bbox 2140 2212 3292 2286">
     <span class='ocr_line' id='line_1_67' title="bbox 2140 2212 3292 2286; baseline 0.002 -20"><span class='ocrx_word' id='word_1_445' title='bbox 2140 2214 2425 2268; x_wconf 77' lang='lat' dir='ltr'>ditescere</span> <span class='ocrx_word' id='word_1_446' title='bbox 2456 2217 2647 2284; x_wconf 88' lang='lat' dir='ltr'>potest</span> <span class='ocrx_word' id='word_1_447' title='bbox 2674 2214 2801 2268; x_wconf 89' lang='lat' dir='ltr'>sine</span> <span class='ocrx_word' id='word_1_448' title='bbox 2833 2231 3047 2286; x_wconf 87' lang='lat' dir='ltr'>magno</span> <span class='ocrx_word' id='word_1_449' title='bbox 3074 2212 3292 2270; x_wconf 91' lang='lat' dir='ltr'>labore.</span> 
     </span>
    </p>
   </div>
   <div class='ocr_carea' id='block_1_68' title="bbox 2139 2356 3799 2430">
    <p class='ocr_par' dir='ltr' id='par_1_68' title="bbox 2139 2356 3799 2430">
     <span class='ocr_line' id='line_1_68' title="bbox 2139 2356 3799 2430; baseline 0.002 -19"><span class='ocrx_word' id='word_1_450' title='bbox 2139 2356 2272 2411; x_wconf 77' lang='lat' dir='ltr'>CAP.</span> <span class='ocrx_word' id='word_1_451' title='bbox 2305 2356 2399 2411; x_wconf 91' lang='lat' dir='ltr'>VI.</span> <span class='ocrx_word' id='word_1_452' title='bbox 2429 2386 2510 2430; x_wconf 86' lang='lat'>_—</span> <span class='ocrx_word' id='word_1_453' title='bbox 2565 2361 2640 2412; x_wconf 84' lang='lat' dir='ltr'>De</span> <span class='ocrx_word' id='word_1_454' title='bbox 2678 2356 2918 2430; x_wconf 69' lang='lat' dir='ltr'>reliquis</span> <span class='ocrx_word' id='word_1_455' title='bbox 2957 2357 3173 2430; x_wconf 72' lang='lat' dir='ltr'>duobus</span> <span class='ocrx_word' id='word_1_456' title='bbox 3216 2374 3343 2428; x_wconf 65' lang='lat' dir='ltr'>quae</span> <span class='ocrx_word' id='word_1_457' title='bbox 3388 2360 3605 2430; x_wconf 77' lang='lat' dir='ltr'>requiri</span> <span class='ocrx_word' id='word_1_458' title='bbox 3650 2360 3799 2415; x_wconf 84' lang='lat' dir='ltr'>dicla</span> 
     </span>
    </p>
   </div>
   <div class='ocr_carea' id='block_1_69' title="bbox 2210 2427 3794 2503">
    <p class='ocr_par' dir='ltr' id='par_1_69' title="bbox 2210 2427 3794 2503">
     <span class='ocr_line' id='line_1_69' title="bbox 2210 2427 3794 2503; baseline 0.002 -22"><span class='ocrx_word' id='word_1_459' title='bbox 2210 2432 2342 2503; x_wconf 77' lang='lat' dir='ltr'>s_unt</span> <span class='ocrx_word' id='word_1_460' title='bbox 2368 2427 2438 2503; x_wconf 67' lang='lat' dir='ltr'>ad</span> <span class='ocrx_word' id='word_1_461' title='bbox 2468 2428 2783 2483; x_wconf 79' lang='lat' dir='ltr'>ornandum</span> <span class='ocrx_word' id='word_1_462' title='bbox 2816 2428 3115 2496; x_wconf 79' lang='lat' dir='ltr'>hominem,</span> <span class='ocrx_word' id='word_1_463' title='bbox 3147 2427 3363 2485; x_wconf 73' lang='lat' dir='ltr'>divitiis</span> <span class='ocrx_word' id='word_1_464' title='bbox 3393 2436 3443 2486; x_wconf 81' lang='lat' dir='ltr'>et</span> <span class='ocrx_word' id='word_1_465' title='bbox 3461 2427 3794 2503; x_wconf 66' lang='lat' dir='ltr'>disciplina.</span> 
     </span>
    </p>
   </div>
   <div class='ocr_carea' id='block_1_70' title="bbox 2214 2499 3799 2574">
    <p class='ocr_par' dir='ltr' id='par_1_70' title="bbox 2214 2499 3799 2574">
     <span class='ocr_line' id='line_1_70' title="bbox 2214 2499 3799 2574; baseline 0.003 -21"><span class='ocrx_word' id='word_1_466' title='bbox 2214 2499 2529 2574; x_wconf 67' lang='lat' dir='ltr'>Ostenditur</span> <span class='ocrx_word' id='word_1_467' title='bbox 2560 2504 2693 2574; x_wconf 13' lang='lat' dir='ltr'>item,</span> <span class='ocrx_word' id='word_1_468' title='bbox 2718 2518 2831 2556; x_wconf 81' lang='lat' dir='ltr'>non</span> <span class='ocrx_word' id='word_1_469' title='bbox 2870 2516 2978 2556; x_wconf 76' lang='lat' dir='ltr'>esse</span> <span class='ocrx_word' id='word_1_470' title='bbox 3037 2502 3448 2574; x_wconf 69' lang='lat' dir='ltr'>desperandum</span> <span class='ocrx_word' id='word_1_471' title='bbox 3504 2502 3565 2557; x_wconf 80' lang='lat' dir='ltr'>in</span> <span class='ocrx_word' id='word_1_472' title='bbox 3613 2499 3799 2574; x_wconf 71' lang='lat' dir='ltr'>angu-</span> 
     </span>
    </p>
   </div>
   <div class='ocr_carea' id='block_1_71' title="bbox 2211 2572 3798 2646">
    <p class='ocr_par' dir='ltr' id='par_1_71' title="bbox 2211 2572 3798 2646">
     <span class='ocr_line' id='line_1_71' title="bbox 2211 2572 3798 2646; baseline 0.004 -23"><span class='ocrx_word' id='word_1_473' title='bbox 2211 2573 2351 2646; x_wconf 58' lang='lat' dir='ltr'>aliis,</span> <span class='ocrx_word' id='word_1_474' title='bbox 2384 2573 2632 2641; x_wconf 72' lang='lat' dir='ltr'>exemplo</span> <span class='ocrx_word' id='word_1_475' title='bbox 2674 2573 2855 2642; x_wconf 64' lang='lat' dir='ltr'>{napis</span> <span class='ocrx_word' id='word_1_476' title='bbox 2911 2572 3139 2643; x_wconf 75' lang='lat' dir='ltr'>quando</span> <span class='ocrx_word' id='word_1_477' title='bbox 3184 2575 3416 2629; x_wconf 76' lang='lat' dir='ltr'>minimc</span> <span class='ocrx_word' id='word_1_478' title='bbox 3466 2572 3798 2646; x_wconf 62' lang='lat' dir='ltr'>opinabatur</span> 
     </span>
    </p>
   </div>
   <div class='ocr_carea' id='block_1_72' title="bbox 2212 2643 2825 2713">
    <p class='ocr_par' dir='ltr' id='par_1_72' title="bbox 2212 2643 2825 2713">
     <span class='ocr_line' id='line_1_72' title="bbox 2212 2643 2825 2713; baseline -0.002 -16"><span class='ocrx_word' id='word_1_479' title='bbox 2212 2643 2269 2697; x_wconf 75' lang='lat' dir='ltr'>id</span> <span class='ocrx_word' id='word_1_480' title='bbox 2299 2658 2404 2713; x_wconf 86' lang='lat' dir='ltr'>quo</span> <span class='ocrx_word' id='word_1_481' title='bbox 2429 2646 2625 2712; x_wconf 79' lang='lat' dir='ltr'>agebat</span> <span class='ocrx_word' id='word_1_482' title='bbox 2657 2646 2825 2699; x_wconf 79' lang='lat' dir='ltr'>nacti.</span> 
     </span>
    </p>
   </div>
   <div class='ocr_carea' id='block_1_73' title="bbox 2215 2770 3801 2844">
    <p class='ocr_par' dir='ltr' id='par_1_73' title="bbox 2215 2770 3801 2844">
     <span class='ocr_line' id='line_1_73' title="bbox 2215 2770 3801 2844; baseline 0.004 -23"><span class='ocrx_word' id='word_1_483' title='bbox 2215 2771 2440 2823; x_wconf 85' lang='lat' dir='ltr'>Rursus</span> <span class='ocrx_word' id='word_1_484' title='bbox 2474 2784 2665 2839; x_wconf 90' lang='lat' dir='ltr'>neque</span> <span class='ocrx_word' id='word_1_485' title='bbox 2694 2773 2922 2840; x_wconf 85' lang='lat' dir='ltr'>Oportet</span> <span class='ocrx_word' id='word_1_486' title='bbox 2967 2770 3277 2841; x_wconf 87' lang='lat' dir='ltr'>desperare</span> <span class='ocrx_word' id='word_1_487' title='bbox 3322 2771 3393 2826; x_wconf 92' lang='lat' dir='ltr'>de</span> <span class='ocrx_word' id='word_1_488' title='bbox 3438 2771 3691 2844; x_wconf 86' lang='lat' dir='ltr'>negotiis</span> <span class='ocrx_word' id='word_1_489' title='bbox 3740 2776 3801 2827; x_wconf 87' lang='lat' dir='ltr'>et</span> 
     </span>
    </p>
   </div>
   <div class='ocr_carea' id='block_1_74' title="bbox 2142 2859 3796 2929">
    <p class='ocr_par' dir='ltr' id='par_1_74' title="bbox 2142 2859 3796 2929">
     <span class='ocr_line' id='line_1_74' title="bbox 2142 2859 3796 2929; baseline 0.004 -19"><span class='ocrx_word' id='word_1_490' title='bbox 2142 2872 2418 2911; x_wconf 79' lang='lat' dir='ltr'>successu</span> <span class='ocrx_word' id='word_1_491' title='bbox 2454 2873 2673 2926; x_wconf 91' lang='lat' dir='ltr'>rerum,</span> <span class='ocrx_word' id='word_1_492' title='bbox 2707 2874 2841 2912; x_wconf 89' lang='lat' dir='ltr'>eum</span> <span class='ocrx_word' id='word_1_493' title='bbox 2877 2874 3092 2929; x_wconf 89' lang='lat' dir='ltr'>magna</span> <span class='ocrx_word' id='word_1_494' title='bbox 3123 2859 3178 2913; x_wconf 91' lang='lat' dir='ltr'>in</span> <span class='ocrx_word' id='word_1_495' title='bbox 3205 2859 3278 2914; x_wconf 90' lang='lat' dir='ltr'>iis</span> <span class='ocrx_word' id='word_1_496' title='bbox 3304 2876 3507 2915; x_wconf 88' lang='lat' dir='ltr'>casum</span> <span class='ocrx_word' id='word_1_497' title='bbox 3541 2860 3796 2917; x_wconf 86' lang='lat' dir='ltr'>varietas</span> 
     </span>
    </p>
   </div>
   <div class='ocr_carea' id='block_1_75' title="bbox 2141 2948 3797 3023">
    <p class='ocr_par' dir='ltr' id='par_1_75' title="bbox 2141 2948 3797 3023">
     <span class='ocr_line' id='line_1_75' title="bbox 2141 2948 3797 3023; baseline 0.002 -22"><span class='ocrx_word' id='word_1_498' title='bbox 2141 2952 2426 3017; x_wconf 88' lang='lat' dir='ltr'>versetur,</span> <span class='ocrx_word' id='word_1_499' title='bbox 2459 2952 2516 3001; x_wconf 90' lang='lat' dir='ltr'>et</span> <span class='ocrx_word' id='word_1_500' title='bbox 2545 2949 2702 3018; x_wconf 90' lang='lat' dir='ltr'>quod</span> <span class='ocrx_word' id='word_1_501' title='bbox 2738 2965 2851 3003; x_wconf 91' lang='lat' dir='ltr'>non</span> <span class='ocrx_word' id='word_1_502' title='bbox 2884 2953 2975 3004; x_wconf 89' lang='lat' dir='ltr'>est</span> <span class='ocrx_word' id='word_1_503' title='bbox 2998 2948 3300 3020; x_wconf 89' lang='lat' dir='ltr'>inopinato</span> <span class='ocrx_word' id='word_1_504' title='bbox 3353 2951 3540 3021; x_wconf 90' lang='lat' dir='ltr'>possit</span> <span class='ocrx_word' id='word_1_505' title='bbox 3587 2968 3797 3023; x_wconf 79' lang='lat' dir='ltr'>reprae-</span> 
     </span>
    </p>
   </div>
   <div class='ocr_carea' id='block_1_76' title="bbox 2141 3036 3802 3112">
    <p class='ocr_par' dir='ltr' id='par_1_76' title="bbox 2141 3036 3802 3112">
     <span class='ocr_line' id='line_1_76' title="bbox 2141 3036 3802 3112; baseline 0.002 -19"><span class='ocrx_word' id='word_1_506' title='bbox 2141 3036 2386 3093; x_wconf 89' lang='lat' dir='ltr'>sentari.</span> <span class='ocrx_word' id='word_1_507' title='bbox 2437 3038 2592 3092; x_wconf 89' lang='lat' dir='ltr'>Ante</span> <span class='ocrx_word' id='word_1_508' title='bbox 2641 3039 2838 3093; x_wconf 89' lang='lat' dir='ltr'>omnia</span> <span class='ocrx_word' id='word_1_509' title='bbox 2886 3054 3018 3094; x_wconf 92' lang='lat' dir='ltr'>vero</span> <span class='ocrx_word' id='word_1_510' title='bbox 3068 3056 3271 3095; x_wconf 89' lang='lat' dir='ltr'>curare</span> <span class='ocrx_word' id='word_1_511' title='bbox 3305 3045 3533 3112; x_wconf 87' lang='lat' dir='ltr'>oportet</span> <span class='ocrx_word' id='word_1_512' title='bbox 3557 3045 3802 3111; x_wconf 62' lang='lat' dir='ltr'>aeterna,</span> 
     </span>
    </p>
   </div>
   <div class='ocr_carea' id='block_1_77' title="bbox 2143 3126 3796 3187">
    <p class='ocr_par' dir='ltr' id='par_1_77' title="bbox 2143 3126 3796 3187">
     <span class='ocr_line' id='line_1_77' title="bbox 2143 3126 3796 3187; baseline 0.002 -6"><span class='ocrx_word' id='word_1_513' title='bbox 2143 3144 2259 3183; x_wconf 91' lang='lat' dir='ltr'>non</span> <span class='ocrx_word' id='word_1_514' title='bbox 2275 3130 2469 3182; x_wconf 89' lang='lat' dir='ltr'>autem</span> <span class='ocrx_word' id='word_1_515' title='bbox 2486 3126 2544 3182; x_wconf 92' lang='lat' dir='ltr'>in</span> <span class='ocrx_word' id='word_1_516' title='bbox 2558 3128 2916 3183; x_wconf 90' lang='lat' dir='ltr'>transitoriis</span> <span class='ocrx_word' id='word_1_517' title='bbox 2940 3128 3397 3185; x_wconf 88' lang='lat' dir='ltr'>sollicitudinem</span> <span class='ocrx_word' id='word_1_518' title='bbox 3423 3148 3796 3187; x_wconf 88' lang='lat' dir='ltr'>consumere.</span> 
     </span>
    </p>
   </div>
   <div class='ocr_carea' id='block_1_78' title="bbox 2144 3215 3800 3290">
    <p class='ocr_par' dir='ltr' id='par_1_78' title="bbox 2144 3215 3800 3290">
     <span class='ocr_line' id='line_1_78' title="bbox 2144 3215 3800 3290; baseline 0.002 -21"><span class='ocrx_word' id='word_1_519' title='bbox 2144 3215 2333 3270; x_wconf 83' lang='lat' dir='ltr'>Redeo</span> <span class='ocrx_word' id='word_1_520' title='bbox 2352 3216 2477 3285; x_wconf 88' lang='lat' dir='ltr'>jam</span> <span class='ocrx_word' id='word_1_521' title='bbox 2512 3216 2583 3269; x_wconf 88' lang='lat' dir='ltr'>ad</span> <span class='ocrx_word' id='word_1_522' title='bbox 2638 3216 2754 3270; x_wconf 91' lang='lat' dir='ltr'>duo</span> <span class='ocrx_word' id='word_1_523' title='bbox 2804 3216 2907 3270; x_wconf 89' lang='lat' dir='ltr'>illa</span> <span class='ocrx_word' id='word_1_524' title='bbox 2952 3232 3020 3271; x_wconf 86' lang='lat' dir='ltr'>ex</span> <span class='ocrx_word' id='word_1_525' title='bbox 3064 3217 3255 3273; x_wconf 91' lang='lat' dir='ltr'>tribus</span> <span class='ocrx_word' id='word_1_526' title='bbox 3304 3236 3431 3290; x_wconf 63' lang='lat' dir='ltr'>quae</span> <span class='ocrx_word' id='word_1_527' title='bbox 3479 3220 3800 3275; x_wconf 88' lang='lat' dir='ltr'>memoravi</span> 
     </span>
    </p>
   </div>
   <div class='ocr_carea' id='block_1_79' title="bbox 2147 3303 3808 3379">
    <p class='ocr_par' dir='ltr' id='par_1_79' title="bbox 2147 3303 3808 3379">
     <span class='ocr_line' id='line_1_79' title="bbox 2147 3303 3808 3379; baseline 0.002 -20"><span class='ocrx_word' id='word_1_528' title='bbox 2147 3304 2372 3359; x_wconf 91' lang='lat' dir='ltr'>homini</span> <span class='ocrx_word' id='word_1_529' title='bbox 2415 3303 2773 3359; x_wconf 88' lang='lat' dir='ltr'>absolvendo</span> <span class='ocrx_word' id='word_1_530' title='bbox 2824 3305 3177 3374; x_wconf 84' lang='lat' dir='ltr'>necessaria,</span> <span class='ocrx_word' id='word_1_531' title='bbox 3235 3324 3375 3379; x_wconf 89' lang='lat' dir='ltr'>opes</span> <span class='ocrx_word' id='word_1_532' title='bbox 3424 3307 3697 3365; x_wconf 88' lang='lat' dir='ltr'>videlicet</span> <span class='ocrx_word' id='word_1_533' title='bbox 3749 3312 3808 3363; x_wconf 89' lang='lat' dir='ltr'>et</span> 
     </span>
    </p>
   </div>
   <div class='ocr_carea' id='block_1_80' title="bbox 2147 3394 3805 3469">
    <p class='ocr_par' dir='ltr' id='par_1_80' title="bbox 2147 3394 3805 3469">
     <span class='ocr_line' id='line_1_80' title="bbox 2147 3394 3805 3469; baseline 0.002 -19"><span class='ocrx_word' id='word_1_534' title='bbox 2147 3411 2379 3450; x_wconf 88' lang='lat' dir='ltr'>morum</span> <span class='ocrx_word' id='word_1_535' title='bbox 2429 3394 2825 3466; x_wconf 89' lang='lat' dir='ltr'>disciplinam.</span> <span class='ocrx_word' id='word_1_536' title='bbox 2876 3396 2945 3451; x_wconf 88' lang='lat' dir='ltr'>Et</span> <span class='ocrx_word' id='word_1_537' title='bbox 2990 3396 3132 3453; x_wconf 88' lang='lat' dir='ltr'>talia</span> <span class='ocrx_word' id='word_1_538' title='bbox 3179 3404 3341 3469; x_wconf 90' lang='lat' dir='ltr'>sunt,</span> <span class='ocrx_word' id='word_1_539' title='bbox 3395 3404 3461 3453; x_wconf 93' lang='lat' dir='ltr'>ut</span> <span class='ocrx_word' id='word_1_540' title='bbox 3503 3404 3701 3454; x_wconf 89' lang='lat' dir='ltr'>utrum</span> <span class='ocrx_word' id='word_1_541' title='bbox 3735 3415 3805 3454; x_wconf 86' lang='lat' dir='ltr'>ex</span> 
     </span>
    </p>
   </div>
   <div class='ocr_carea' id='block_1_81' title="bbox 2144 3484 3801 3559">
    <p class='ocr_par' dir='ltr' id='par_1_81' title="bbox 2144 3484 3801 3559">
     <span class='ocr_line' id='line_1_81' title="bbox 2144 3484 3801 3559; baseline 0.004 -20"><span class='ocrx_word' id='word_1_542' title='bbox 2144 3485 2293 3559; x_wconf 91' lang='lat' dir='ltr'>ipsis</span> <span class='ocrx_word' id='word_1_543' title='bbox 2333 3484 2506 3553; x_wconf 89' lang='lat' dir='ltr'>desit,</span> <span class='ocrx_word' id='word_1_544' title='bbox 2575 3486 2823 3542; x_wconf 84' lang='lat' dir='ltr'>existere</span> <span class='ocrx_word' id='word_1_545' title='bbox 2876 3487 3004 3542; x_wconf 85' lang='lat' dir='ltr'>vitae</span> <span class='ocrx_word' id='word_1_546' title='bbox 3074 3487 3263 3544; x_wconf 87' lang='lat' dir='ltr'>felicis</span> <span class='ocrx_word' id='word_1_547' title='bbox 3332 3489 3627 3546; x_wconf 89' lang='lat' dir='ltr'>absolutio</span> <span class='ocrx_word' id='word_1_548' title='bbox 3683 3506 3801 3545; x_wconf 90' lang='lat' dir='ltr'>non</span> 
     </span>
    </p>
   </div>
   <div class='ocr_carea' id='block_1_82' title="bbox 2146 3574 3804 3650">
    <p class='ocr_par' dir='ltr' id='par_1_82' title="bbox 2146 3574 3804 3650">
     <span class='ocr_line' id='line_1_82' title="bbox 2146 3574 3804 3650; baseline 0.002 -20"><span class='ocrx_word' id='word_1_549' title='bbox 2146 3575 2369 3646; x_wconf 88' lang='lat' dir='ltr'>possit;</span> <span class='ocrx_word' id='word_1_550' title='bbox 2402 3574 2487 3630; x_wconf 91' lang='lat' dir='ltr'>sic</span> <span class='ocrx_word' id='word_1_551' title='bbox 2510 3574 2666 3630; x_wconf 89' lang='lat' dir='ltr'>enim</span> <span class='ocrx_word' id='word_1_552' title='bbox 2721 3592 2785 3630; x_wconf 92' lang='lat' dir='ltr'>se</span> <span class='ocrx_word' id='word_1_553' title='bbox 2827 3575 3049 3631; x_wconf 88' lang='lat' dir='ltr'>habent</span> <span class='ocrx_word' id='word_1_554' title='bbox 3102 3577 3375 3649; x_wconf 89' lang='lat' dir='ltr'>invicem,</span> <span class='ocrx_word' id='word_1_555' title='bbox 3426 3584 3493 3634; x_wconf 92' lang='lat' dir='ltr'>ut</span> <span class='ocrx_word' id='word_1_556' title='bbox 3542 3578 3697 3650; x_wconf 90' lang='lat' dir='ltr'>ignis</span> <span class='ocrx_word' id='word_1_557' title='bbox 3745 3584 3804 3634; x_wconf 88' lang='lat' dir='ltr'>et</span> 
     </span>
    </p>
   </div>
   <div class='ocr_carea' id='block_1_83' title="bbox 2143 3665 3800 3745">
    <p class='ocr_par' dir='ltr' id='par_1_83' title="bbox 2143 3665 3800 3745">
     <span class='ocr_line' id='line_1_83' title="bbox 2143 3665 3800 3745; baseline 0.002 -24"><span class='ocrx_word' id='word_1_558' title='bbox 2143 3666 2327 3738; x_wconf 89' lang='lat' dir='ltr'>ligna,</span> <span class='ocrx_word' id='word_1_559' title='bbox 2361 3683 2476 3721; x_wconf 91' lang='lat' dir='ltr'>non</span> <span class='ocrx_word' id='word_1_560' title='bbox 2507 3665 2738 3721; x_wconf 85' lang='lat' dir='ltr'>valente</span> <span class='ocrx_word' id='word_1_561' title='bbox 2764 3666 2976 3721; x_wconf 89' lang='lat' dir='ltr'>durare</span> <span class='ocrx_word' id='word_1_562' title='bbox 3031 3672 3088 3722; x_wconf 90' lang='lat' dir='ltr'>et</span> <span class='ocrx_word' id='word_1_563' title='bbox 3136 3668 3332 3745; x_wconf 80' lang='lat' dir='ltr'>lucere</span> <span class='ocrx_word' id='word_1_564' title='bbox 3380 3674 3619 3725; x_wconf 84' lang='lat' dir='ltr'>ﬂamma</span> <span class='ocrx_word' id='word_1_565' title='bbox 3669 3668 3800 3724; x_wconf 89' lang='lat' dir='ltr'>sine</span> 
     </span>
    </p>
   </div>
   <div class='ocr_carea' id='block_1_84' title="bbox 2146 3756 3796 3829">
    <p class='ocr_par' dir='ltr' id='par_1_84' title="bbox 2146 3756 3796 3829">
     <span class='ocr_line' id='line_1_84' title="bbox 2146 3756 3796 3829; baseline 0.001 -18"><span class='ocrx_word' id='word_1_566' title='bbox 2146 3758 2413 3812; x_wconf 87' lang='lat' dir='ltr'>materia.</span> <span class='ocrx_word' id='word_1_567' title='bbox 2448 3756 2579 3811; x_wconf 67' lang='lat' dir='ltr'>Haec</span> <span class='ocrx_word' id='word_1_568' title='bbox 2609 3757 2710 3827; x_wconf 91' lang='lat' dir='ltr'>qui</span> <span class='ocrx_word' id='word_1_569' title='bbox 2744 3757 3160 3829; x_wconf 87' lang='lat' dir='ltr'>observaverit,</span> <span class='ocrx_word' id='word_1_570' title='bbox 3193 3765 3250 3813; x_wconf 88' lang='lat' dir='ltr'>et</span> <span class='ocrx_word' id='word_1_571' title='bbox 3282 3762 3350 3815; x_wconf 89' lang='lat' dir='ltr'>ad</span> <span class='ocrx_word' id='word_1_572' title='bbox 3385 3759 3536 3814; x_wconf 88' lang='lat' dir='ltr'>hanc</span> <span class='ocrx_word' id='word_1_573' title='bbox 3575 3758 3796 3813; x_wconf 87' lang='lat' dir='ltr'>doctri-</span> 
     </span>
    </p>
   </div>
   <div class='ocr_carea' id='block_1_85' title="bbox 2144 3846 3796 3919">
    <p class='ocr_par' dir='ltr' id='par_1_85' title="bbox 2144 3846 3796 3919">
     <span class='ocr_line' id='line_1_85' title="bbox 2144 3846 3796 3919; baseline 0.001 -19"><span class='ocrx_word' id='word_1_574' title='bbox 2144 3864 2281 3901; x_wconf 89' lang='lat' dir='ltr'>nam</span> <span class='ocrx_word' id='word_1_575' title='bbox 2312 3847 2492 3901; x_wconf 87' lang='lat' dir='ltr'>vitam</span> <span class='ocrx_word' id='word_1_576' title='bbox 2535 3846 2811 3917; x_wconf 82' lang='lat' dir='ltr'>exegerit,</span> <span class='ocrx_word' id='word_1_577' title='bbox 2864 3847 3116 3902; x_wconf 88' lang='lat' dir='ltr'>multum</span> <span class='ocrx_word' id='word_1_578' title='bbox 3168 3848 3450 3919; x_wconf 87' lang='lat' dir='ltr'>percipiet</span> <span class='ocrx_word' id='word_1_579' title='bbox 3496 3846 3796 3903; x_wconf 89' lang='lat' dir='ltr'>utilitatis.</span> 
     </span>
    </p>
   </div>
   <div class='ocr_carea' id='block_1_86' title="bbox 2145 3934 3800 4007">
    <p class='ocr_par' dir='ltr' id='par_1_86' title="bbox 2145 3934 3800 4007">
     <span class='ocr_line' id='line_1_86' title="bbox 2145 3934 3800 4007; baseline 0.002 -18"><span class='ocrx_word' id='word_1_580' title='bbox 2145 3935 2278 3991; x_wconf 93' lang='lat' dir='ltr'>Ideo</span> <span class='ocrx_word' id='word_1_581' title='bbox 2309 3939 2502 3991; x_wconf 86' lang='lat' dir='ltr'>autem</span> <span class='ocrx_word' id='word_1_582' title='bbox 2535 3934 2650 3989; x_wconf 82' lang='lat' dir='ltr'>dixi</span> <span class='ocrx_word' id='word_1_583' title='bbox 2684 3952 2797 3990; x_wconf 90' lang='lat' dir='ltr'>non</span> <span class='ocrx_word' id='word_1_584' title='bbox 2839 3952 2968 3990; x_wconf 89' lang='lat' dir='ltr'>esse</span> <span class='ocrx_word' id='word_1_585' title='bbox 3017 3937 3453 4007; x_wconf 86' lang='lat' dir='ltr'>desperandum</span> <span class='ocrx_word' id='word_1_586' title='bbox 3501 3938 3560 3992; x_wconf 90' lang='lat' dir='ltr'>in</span> <span class='ocrx_word' id='word_1_587' title='bbox 3612 3953 3800 4007; x_wconf 85' lang='lat' dir='ltr'>angu-</span> 
     </span>
    </p>
   </div>
   <div class='ocr_carea' id='block_1_87' title="bbox 2141 4023 3794 4095">
    <p class='ocr_par' dir='ltr' id='par_1_87' title="bbox 2141 4023 3794 4095">
     <span class='ocr_line' id='line_1_87' title="bbox 2141 4023 3794 4095; baseline -0.001 -16"><span class='ocrx_word' id='word_1_588' title='bbox 2141 4025 2272 4080; x_wconf 90' lang='lat' dir='ltr'>stiis</span> <span class='ocrx_word' id='word_1_589' title='bbox 2316 4024 2550 4095; x_wconf 70' lang='lat' dir='ltr'>inopiae,</span> <span class='ocrx_word' id='word_1_590' title='bbox 2584 4023 2725 4094; x_wconf 90' lang='lat' dir='ltr'>quia</span> <span class='ocrx_word' id='word_1_591' title='bbox 2755 4023 2991 4079; x_wconf 88' lang='lat' dir='ltr'>divitias</span> <span class='ocrx_word' id='word_1_592' title='bbox 3020 4025 3189 4079; x_wconf 90' lang='lat' dir='ltr'>multi</span> <span class='ocrx_word' id='word_1_593' title='bbox 3224 4025 3650 4081; x_wconf 88' lang='lat' dir='ltr'>nanciseuntur</span> <span class='ocrx_word' id='word_1_594' title='bbox 3678 4025 3794 4078; x_wconf 85' lang='lat' dir='ltr'>im-</span> 
     </span>
    </p>
   </div>
   <div class='ocr_carea' id='block_1_88' title="bbox 2140 4112 3791 4186">
    <p class='ocr_par' dir='ltr' id='par_1_88' title="bbox 2140 4112 3791 4186">
     <span class='ocr_line' id='line_1_88' title="bbox 2140 4112 3791 4186; baseline -0.001 -18"><span class='ocrx_word' id='word_1_595' title='bbox 2140 4114 2393 4186; x_wconf 88' lang='lat' dir='ltr'>proviso.</span> <span class='ocrx_word' id='word_1_596' title='bbox 2422 4112 2699 4184; x_wconf 85' lang='lat' dir='ltr'>Exemplo</span> <span class='ocrx_word' id='word_1_597' title='bbox 2731 4112 2809 4166; x_wconf 90' lang='lat' dir='ltr'>sit</span> <span class='ocrx_word' id='word_1_598' title='bbox 2839 4129 3014 4167; x_wconf 86' lang='lat' dir='ltr'>casus</span> <span class='ocrx_word' id='word_1_599' title='bbox 3041 4113 3142 4184; x_wconf 92' lang='lat' dir='ltr'>qui</span> <span class='ocrx_word' id='word_1_600' title='bbox 3177 4120 3447 4170; x_wconf 85' lang='lat' dir='ltr'>narratur</span> <span class='ocrx_word' id='word_1_601' title='bbox 3478 4114 3791 4185; x_wconf 86' lang='lat' dir='ltr'>cujusdam</span> 
     </span>
    </p>
   </div>
   <div class='ocr_carea' id='block_1_89' title="bbox 2138 4202 3790 4275">
    <p class='ocr_par' dir='ltr' id='par_1_89' title="bbox 2138 4202 3790 4275">
     <span class='ocr_line' id='line_1_89' title="bbox 2138 4202 3790 4275; baseline 0 -18"><span class='ocrx_word' id='word_1_602' title='bbox 2138 4203 2415 4275; x_wconf 88' lang='lat' dir='ltr'>pauperis</span> <span class='ocrx_word' id='word_1_603' title='bbox 2436 4219 2501 4257; x_wconf 94' lang='lat' dir='ltr'>eo</span> <span class='ocrx_word' id='word_1_604' title='bbox 2522 4202 2800 4273; x_wconf 88' lang='lat' dir='ltr'>egestatis</span> <span class='ocrx_word' id='word_1_605' title='bbox 2826 4202 3068 4269; x_wconf 91' lang='lat' dir='ltr'>redacti,</span> <span class='ocrx_word' id='word_1_606' title='bbox 3102 4208 3166 4259; x_wconf 88' lang='lat' dir='ltr'>ut</span> <span class='ocrx_word' id='word_1_607' title='bbox 3200 4221 3270 4259; x_wconf 88' lang='lat' dir='ltr'>ne</span> <span class='ocrx_word' id='word_1_608' title='bbox 3301 4211 3515 4259; x_wconf 89' lang='lat' dir='ltr'>vestem</span> <span class='ocrx_word' id='word_1_609' title='bbox 3547 4203 3790 4274; x_wconf 88' lang='lat' dir='ltr'>quidem</span> 
     </span>
    </p>
   </div>
   <div class='ocr_carea' id='block_1_90' title="bbox 2134 4290 3791 4363">
    <p class='ocr_par' dir='ltr' id='par_1_90' title="bbox 2134 4290 3791 4363">
     <span class='ocr_line' id='line_1_90' title="bbox 2134 4290 3791 4363; baseline 0.001 -18"><span class='ocrx_word' id='word_1_610' title='bbox 2134 4290 2378 4347; x_wconf 90' lang='lat' dir='ltr'>haberet</span> <span class='ocrx_word' id='word_1_611' title='bbox 2400 4307 2517 4361; x_wconf 90' lang='lat' dir='ltr'>qua</span> <span class='ocrx_word' id='word_1_612' title='bbox 2552 4290 2881 4344; x_wconf 88' lang='lat' dir='ltr'>nuditatem</span> <span class='ocrx_word' id='word_1_613' title='bbox 2922 4294 3163 4363; x_wconf 89' lang='lat' dir='ltr'>tegeret.</span> <span class='ocrx_word' id='word_1_614' title='bbox 3195 4293 3303 4347; x_wconf 88' lang='lat' dir='ltr'>Ivit</span> <span class='ocrx_word' id='word_1_615' title='bbox 3329 4293 3429 4349; x_wconf 90' lang='lat' dir='ltr'>ille</span> <span class='ocrx_word' id='word_1_616' title='bbox 3459 4294 3529 4348; x_wconf 87' lang='lat' dir='ltr'>ad</span> <span class='ocrx_word' id='word_1_617' title='bbox 3566 4292 3791 4347; x_wconf 87' lang='lat' dir='ltr'>amicos</span> 
     </span>
    </p>
   </div>
   <div class='ocr_carea' id='block_1_91' title="bbox 2134 4377 3786 4448">
    <p class='ocr_par' dir='ltr' id='par_1_91' title="bbox 2134 4377 3786 4448">
     <span class='ocr_line' id='line_1_91' title="bbox 2134 4377 3786 4448; baseline -0.001 -14"><span class='ocrx_word' id='word_1_618' title='bbox 2134 4385 2191 4435; x_wconf 90' lang='lat' dir='ltr'>et</span> <span class='ocrx_word' id='word_1_619' title='bbox 2213 4379 2549 4434; x_wconf 88' lang='lat' dir='ltr'>subsidium</span> <span class='ocrx_word' id='word_1_620' title='bbox 2576 4377 2845 4448; x_wconf 67' lang='lat' dir='ltr'>quaesivit</span> <span class='ocrx_word' id='word_1_621' title='bbox 2868 4382 3142 4435; x_wconf 73' lang='lat' dir='ltr'>extremae</span> <span class='ocrx_word' id='word_1_622' title='bbox 3168 4381 3247 4436; x_wconf 91' lang='lat' dir='ltr'>ibi</span> <span class='ocrx_word' id='word_1_623' title='bbox 3272 4398 3391 4437; x_wconf 78' lang='lat' dir='ltr'>suae</span> <span class='ocrx_word' id='word_1_624' title='bbox 3424 4380 3786 4442; x_wconf 86' lang='lat' dir='ltr'>necessitati;</span> 
     </span>
    </p>
   </div>
   <div class='ocr_carea' id='block_1_92' title="bbox 2132 4467 3789 4543">
    <p class='ocr_par' dir='ltr' id='par_1_92' title="bbox 2132 4467 3789 4543">
     <span class='ocr_line' id='line_1_92' title="bbox 2132 4467 3789 4543; baseline -0.001 -18"><span class='ocrx_word' id='word_1_625' title='bbox 2132 4470 2233 4525; x_wconf 90' lang='lat' dir='ltr'>sed</span> <span class='ocrx_word' id='word_1_626' title='bbox 2270 4470 2489 4523; x_wconf 82' lang='lat' dir='ltr'>frustra</span> <span class='ocrx_word' id='word_1_627' title='bbox 2519 4467 2578 4521; x_wconf 90' lang='lat' dir='ltr'>id</span> <span class='ocrx_word' id='word_1_628' title='bbox 2611 4467 2767 4534; x_wconf 89' lang='lat' dir='ltr'>fecit,</span> <span class='ocrx_word' id='word_1_629' title='bbox 2791 4484 2962 4523; x_wconf 91' lang='lat' dir='ltr'>nemo</span> <span class='ocrx_word' id='word_1_630' title='bbox 2994 4467 3074 4525; x_wconf 91' lang='lat' dir='ltr'>illi</span> <span class='ocrx_word' id='word_1_631' title='bbox 3108 4474 3211 4526; x_wconf 90' lang='lat' dir='ltr'>aut</span> <span class='ocrx_word' id='word_1_632' title='bbox 3240 4471 3417 4527; x_wconf 88' lang='lat' dir='ltr'>voluit</span> <span class='ocrx_word' id='word_1_633' title='bbox 3444 4476 3545 4527; x_wconf 89' lang='lat' dir='ltr'>aut</span> <span class='ocrx_word' id='word_1_634' title='bbox 3596 4470 3789 4543; x_wconf 79' lang='lat' dir='ltr'>potuit</span> 
     </span>
    </p>
   </div>
   <div class='ocr_carea' id='block_1_93' title="bbox 2132 4556 3787 4629">
    <p class='ocr_par' dir='ltr' id='par_1_93' title="bbox 2132 4556 3787 4629">
     <span class='ocr_line' id='line_1_93' title="bbox 2132 4556 3787 4629; baseline 0 -16"><span class='ocrx_word' id='word_1_635' title='bbox 2132 4573 2493 4613; x_wconf 87' lang='lat' dir='ltr'>succurrere.</span> <span class='ocrx_word' id='word_1_636' title='bbox 2547 4556 2880 4611; x_wconf 82' lang='lat' dir='ltr'>Revertitur</span> <span class='ocrx_word' id='word_1_637' title='bbox 2935 4573 3069 4629; x_wconf 81' lang='lat' dir='ltr'>ergo</span> <span class='ocrx_word' id='word_1_638' title='bbox 3126 4561 3342 4629; x_wconf 91' lang='lat' dir='ltr'>nudus,</span> <span class='ocrx_word' id='word_1_639' title='bbox 3405 4565 3473 4615; x_wconf 88' lang='lat' dir='ltr'>ut</span> <span class='ocrx_word' id='word_1_640' title='bbox 3523 4564 3787 4627; x_wconf 87' lang='lat' dir='ltr'>venerat,</span> 
     </span>
    </p>
   </div>
   <div class='ocr_carea' id='block_1_94' title="bbox 370 4631 3782 4721">
    <p class='ocr_par' dir='ltr' id='par_1_94' title="bbox 370 4631 3782 4721">
     <span class='ocr_line' id='line_1_94' title="bbox 370 4631 3782 4721; baseline 0.001 -22"><span class='ocrx_word' id='word_1_641' title='bbox 370 4662 545 4700; x_wconf 88' lang='lat' dir='ltr'>suum</span> <span class='ocrx_word' id='word_1_642' title='bbox 581 4663 850 4701; x_wconf 90' lang='lat' dir='ltr'>acervum</span> <span class='ocrx_word' id='word_1_643' title='bbox 883 4647 1131 4702; x_wconf 87' lang='lat' dir='ltr'>sindone</span> <span class='ocrx_word' id='word_1_644' title='bbox 1163 4652 1524 4717; x_wconf 89' lang='lat' dir='ltr'>coopertum,</span> <span class='ocrx_word' id='word_1_645' title='bbox 1557 4664 1734 4718; x_wconf 84' lang='lat' dir='ltr'>quam</span> <span class='ocrx_word' id='word_1_646' title='bbox 1784 4647 2018 4721; x_wconf 70' lang='lat' dir='ltr'>collegae</span> <span class='ocrx_word' id='word_1_647' title='bbox 2054 4631 2097 4695; x_wconf 76' lang='grc' dir='ltr'>Β</span> <span class='ocrx_word' id='word_1_648' title='bbox 2129 4648 2394 4716; x_wconf 84' lang='lat' dir='ltr'>domum,</span> <span class='ocrx_word' id='word_1_649' title='bbox 2445 4650 2501 4700; x_wconf 91' lang='lat' dir='ltr'>et</span> <span class='ocrx_word' id='word_1_650' title='bbox 2549 4662 2701 4717; x_wconf 64' lang='lat' dir='ltr'>aegro</span> <span class='ocrx_word' id='word_1_651' title='bbox 2745 4646 2943 4700; x_wconf 89' lang='lat' dir='ltr'>animo</span> <span class='ocrx_word' id='word_1_652' title='bbox 2988 4646 3045 4700; x_wconf 93' lang='lat' dir='ltr'><strong>in</strong></span> <span class='ocrx_word' id='word_1_653' title='bbox 3093 4665 3201 4703; x_wconf 91' lang='lat' dir='ltr'>suo</span> <span class='ocrx_word' id='word_1_654' title='bbox 3231 4648 3445 4704; x_wconf 90' lang='lat' dir='ltr'>lectulo</span> <span class='ocrx_word' id='word_1_655' title='bbox 3477 4647 3782 4704; x_wconf 90' lang='lat' dir='ltr'>decubuit.</span> 
     </span>
    </p>
   </div>
   <div class='ocr_carea' id='block_1_95' title="bbox 368 4734 2014 4807">
    <p class='ocr_par' dir='ltr' id='par_1_95' title="bbox 368 4734 2014 4807">
     <span class='ocr_line' id='line_1_95' title="bbox 368 4734 2014 4807; baseline 0.003 -19"><span class='ocrx_word' id='word_1_656' title='bbox 368 4734 461 4788; x_wconf 90' lang='lat' dir='ltr'>sui</span> <span class='ocrx_word' id='word_1_657' title='bbox 496 4734 719 4789; x_wconf 91' lang='lat' dir='ltr'>sciebat</span> <span class='ocrx_word' id='word_1_658' title='bbox 748 4750 896 4805; x_wconf 86' lang='lat' dir='ltr'>esse,</span> <span class='ocrx_word' id='word_1_659' title='bbox 922 4740 1029 4804; x_wconf 90' lang='lat' dir='ltr'>En,</span> <span class='ocrx_word' id='word_1_660' title='bbox 1052 4734 1265 4807; x_wconf 87' lang='lat' dir='ltr'>inquit,</span> <span class='ocrx_word' id='word_1_661' title='bbox 1293 4752 1470 4807; x_wconf 89' lang='lat' dir='ltr'>quam</span> <span class='ocrx_word' id='word_1_662' title='bbox 1504 4737 1722 4790; x_wconf 87' lang='lat' dir='ltr'>bonum</span> <span class='ocrx_word' id='word_1_663' title='bbox 1757 4741 1813 4792; x_wconf 91' lang='lat' dir='ltr'>et</span> <span class='ocrx_word' id='word_1_664' title='bbox 1843 4737 2014 4793; x_wconf 91' lang='lat' dir='ltr'>bene-</span> 
     </span>
    </p>
   </div>
   <div class='ocr_carea' id='block_1_96' title="bbox 364 4823 2015 4897">
    <p class='ocr_par' dir='ltr' id='par_1_96' title="bbox 364 4823 2015 4897">
     <span class='ocr_line' id='line_1_96' title="bbox 364 4823 2015 4897; baseline 0.004 -21"><span class='ocrx_word' id='word_1_665' title='bbox 364 4823 541 4877; x_wconf 82' lang='lat' dir='ltr'>ficum</span> <span class='ocrx_word' id='word_1_666' title='bbox 577 4823 801 4879; x_wconf 89' lang='lat' dir='ltr'>socium</span> <span class='ocrx_word' id='word_1_667' title='bbox 835 4823 1049 4878; x_wconf 87' lang='lat' dir='ltr'>habeo!</span> <span class='ocrx_word' id='word_1_668' title='bbox 1077 4826 1332 4879; x_wconf 83' lang='lat' dir='ltr'>contexit</span> <span class='ocrx_word' id='word_1_669' title='bbox 1363 4841 1520 4879; x_wconf 89' lang='lat' dir='ltr'>meas</span> <span class='ocrx_word' id='word_1_670' title='bbox 1550 4823 1748 4895; x_wconf 90' lang='lat' dir='ltr'>fruges</span> <span class='ocrx_word' id='word_1_671' title='bbox 1781 4826 2015 4897; x_wconf 86' lang='lat' dir='ltr'>proprio</span> 
     </span>
    </p>
   </div>
   <div class='ocr_carea' id='block_1_97' title="bbox 361 4908 2013 4987">
    <p class='ocr_par' dir='ltr' id='par_1_97' title="bbox 361 4908 2013 4987">
     <span class='ocr_line' id='line_1_97' title="bbox 361 4908 2013 4987; baseline 0.004 -23"><span class='ocrx_word' id='word_1_672' title='bbox 361 4908 567 4976; x_wconf 90' lang='lat' dir='ltr'>linteo,</span> <span class='ocrx_word' id='word_1_673' title='bbox 627 4930 698 4966; x_wconf 87' lang='lat' dir='ltr'>ne</span> <span class='ocrx_word' id='word_1_674' title='bbox 759 4912 899 4983; x_wconf 80' lang='lat' dir='ltr'>quid</span> <span class='ocrx_word' id='word_1_675' title='bbox 954 4913 1290 4968; x_wconf 88' lang='lat' dir='ltr'>detrimenti</span> <span class='ocrx_word' id='word_1_676' title='bbox 1344 4913 1696 4984; x_wconf 89' lang='lat' dir='ltr'>acciperent,</span> <span class='ocrx_word' id='word_1_677' title='bbox 1745 4916 2013 4987; x_wconf 88' lang='lat' dir='ltr'>proprias</span> 
     </span>
    </p>
   </div>
   <div class='ocr_carea' id='block_1_98' title="bbox 360 5002 2008 5076">
    <p class='ocr_par' dir='ltr' id='par_1_98' title="bbox 360 5002 2008 5076">
     <span class='ocr_line' id='line_1_98' title="bbox 360 5002 2008 5076; baseline 0.005 -22"><span class='ocrx_word' id='word_1_678' title='bbox 360 5002 656 5072; x_wconf 83' lang='lat' dir='ltr'>expositas</span> <span class='ocrx_word' id='word_1_679' title='bbox 720 5004 977 5059; x_wconf 90' lang='lat' dir='ltr'>fortuitis</span> <span class='ocrx_word' id='word_1_680' title='bbox 1028 5005 1264 5060; x_wconf 90' lang='lat' dir='ltr'>casibus</span> <span class='ocrx_word' id='word_1_681' title='bbox 1314 5003 1573 5075; x_wconf 89' lang='lat' dir='ltr'>reliquit.</span> <span class='ocrx_word' id='word_1_682' title='bbox 1630 5005 1803 5076; x_wconf 81' lang='lat' dir='ltr'>Atqui</span> <span class='ocrx_word' id='word_1_683' title='bbox 1853 5006 2008 5062; x_wconf 90' lang='lat' dir='ltr'>haud</span> 
     </span>
    </p>
   </div>
   <div class='ocr_carea' id='block_1_99' title="bbox 361 5089 2011 5167">
    <p class='ocr_par' dir='ltr' id='par_1_99' title="bbox 361 5089 2011 5167">
     <span class='ocr_line' id='line_1_99' title="bbox 361 5089 2011 5167; baseline 0.004 -25"><span class='ocrx_word' id='word_1_684' title='bbox 361 5089 635 5159; x_wconf 85' lang='lat' dir='ltr'>equidem</span> <span class='ocrx_word' id='word_1_685' title='bbox 672 5093 1062 5161; x_wconf 88' lang='lat' dir='ltr'>committam,</span> <span class='ocrx_word' id='word_1_686' title='bbox 1105 5098 1170 5148; x_wconf 92' lang='lat' dir='ltr'>ut</span> <span class='ocrx_word' id='word_1_687' title='bbox 1202 5109 1294 5147; x_wconf 89' lang='lat' dir='ltr'>me</span> <span class='ocrx_word' id='word_1_688' title='bbox 1320 5092 1418 5148; x_wconf 92' lang='lat' dir='ltr'>ille</span> <span class='ocrx_word' id='word_1_689' title='bbox 1451 5093 1812 5165; x_wconf 89' lang='lat' dir='ltr'>benignitate</span> <span class='ocrx_word' id='word_1_690' title='bbox 1844 5112 2011 5167; x_wconf 86' lang='lat' dir='ltr'>supe—</span> 
     </span>
    </p>
   </div>
   <div class='ocr_carea' id='block_1_100' title="bbox 357 5179 2007 5255">
    <p class='ocr_par' dir='ltr' id='par_1_100' title="bbox 357 5179 2007 5255">
     <span class='ocr_line' id='line_1_100' title="bbox 357 5179 2007 5255; baseline 0.006 -25"><span class='ocrx_word' id='word_1_691' title='bbox 357 5179 610 5246; x_wconf 87' lang='lat' dir='ltr'>raverit;</span> <span class='ocrx_word' id='word_1_692' title='bbox 644 5181 951 5237; x_wconf 89' lang='lat' dir='ltr'>consulam</span> <span class='ocrx_word' id='word_1_693' title='bbox 984 5187 1040 5237; x_wconf 91' lang='lat' dir='ltr'>et</span> <span class='ocrx_word' id='word_1_694' title='bbox 1069 5199 1173 5255; x_wconf 91' lang='lat' dir='ltr'>ego</span> <span class='ocrx_word' id='word_1_695' title='bbox 1204 5182 1575 5237; x_wconf 85' lang='lat' dir='ltr'>indemnitati</span> <span class='ocrx_word' id='word_1_696' title='bbox 1610 5200 1803 5238; x_wconf 90' lang='lat' dir='ltr'>rerum</span> <span class='ocrx_word' id='word_1_697' title='bbox 1857 5186 2007 5255; x_wconf 88' lang='lat' dir='ltr'>ejus,</span> 
     </span>
    </p>
   </div>
   <div class='ocr_carea' id='block_1_101' title="bbox 356 5265 2007 5339">
    <p class='ocr_par' dir='ltr' id='par_1_101' title="bbox 356 5265 2007 5339">
     <span class='ocr_line' id='line_1_101' title="bbox 356 5265 2007 5339; baseline 0.007 -21"><span class='ocrx_word' id='word_1_698' title='bbox 356 5265 510 5319; x_wconf 89' lang='lat' dir='ltr'>ultro</span> <span class='ocrx_word' id='word_1_699' title='bbox 542 5268 701 5324; x_wconf 89' lang='lat' dir='ltr'>adito</span> <span class='ocrx_word' id='word_1_700' title='bbox 737 5271 996 5339; x_wconf 91' lang='lat' dir='ltr'>periculo</span> <span class='ocrx_word' id='word_1_701' title='bbox 1051 5288 1337 5326; x_wconf 79' lang='lat' dir='ltr'>mearum.</span> <span class='ocrx_word' id='word_1_702' title='bbox 1390 5275 1521 5325; x_wconf 72' lang='lat' dir='ltr'>Hazc</span> <span class='ocrx_word' id='word_1_703' title='bbox 1572 5273 1772 5327; x_wconf 80' lang='lat' dir='ltr'>dicens</span> <span class='ocrx_word' id='word_1_704' title='bbox 1823 5290 1851 5327; x_wconf 92' lang='lat' dir='ltr'>e</span> <span class='ocrx_word' id='word_1_705' title='bbox 1902 5291 2007 5329; x_wconf 91' lang='lat' dir='ltr'>suo</span> 
     </span>
    </p>
   </div>
   <div class='ocr_carea' id='block_1_102' title="bbox 353 5358 2007 5432">
    <p class='ocr_par' dir='ltr' id='par_1_102' title="bbox 353 5358 2007 5432">
     <span class='ocr_line' id='line_1_102' title="bbox 353 5358 2007 5432; baseline 0.004 -23"><span class='ocrx_word' id='word_1_706' title='bbox 353 5372 582 5410; x_wconf 82' lang='lat' dir='ltr'>sesamo</span> <span class='ocrx_word' id='word_1_707' title='bbox 615 5358 972 5414; x_wconf 77' lang='lat' dir='ltr'>abstractam</span> <span class='ocrx_word' id='word_1_708' title='bbox 1007 5378 1239 5415; x_wconf 90' lang='lat' dir='ltr'>sesamo</span> <span class='ocrx_word' id='word_1_709' title='bbox 1272 5360 1361 5415; x_wconf 90' lang='lat' dir='ltr'>sui</span> <span class='ocrx_word' id='word_1_710' title='bbox 1391 5362 1527 5415; x_wconf 84' lang='lat' dir='ltr'>socii</span> <span class='ocrx_word' id='word_1_711' title='bbox 1558 5361 1839 5432; x_wconf 90' lang='lat' dir='ltr'>imposuit</span> <span class='ocrx_word' id='word_1_712' title='bbox 1885 5362 2007 5416; x_wconf 90' lang='lat' dir='ltr'>sin-</span> 
     </span>
    </p>
   </div>
   <div class='ocr_carea' id='block_1_103' title="bbox 351 5446 2008 5522">
    <p class='ocr_par' dir='ltr' id='par_1_103' title="bbox 351 5446 2008 5522">
     <span class='ocr_line' id='line_1_103' title="bbox 351 5446 2008 5522; baseline 0.005 -24"><span class='ocrx_word' id='word_1_713' title='bbox 351 5446 590 5512; x_wconf 90' lang='lat' dir='ltr'>donem,</span> <span class='ocrx_word' id='word_1_714' title='bbox 623 5452 799 5517; x_wconf 87' lang='lat' dir='ltr'>atque</span> <span class='ocrx_word' id='word_1_715' title='bbox 834 5449 914 5503; x_wconf 88' lang='lat' dir='ltr'>ita</span> <span class='ocrx_word' id='word_1_716' title='bbox 948 5452 1207 5504; x_wconf 86' lang='lat' dir='ltr'>receseit.</span> <span class='ocrx_word' id='word_1_717' title='bbox 1246 5450 1487 5520; x_wconf 87' lang='lat' dir='ltr'>Irrepsit</span> <span class='ocrx_word' id='word_1_718' title='bbox 1518 5450 1732 5505; x_wconf 90' lang='lat' dir='ltr'>deinde</span> <span class='ocrx_word' id='word_1_719' title='bbox 1765 5452 1856 5505; x_wconf 90' lang='lat' dir='ltr'>fur</span> <span class='ocrx_word' id='word_1_720' title='bbox 1906 5469 2008 5522; x_wconf 88' lang='lat' dir='ltr'>per</span> 
     </span>
    </p>
   </div>
   <div class='ocr_carea' id='block_1_104' title="bbox 351 5536 2004 5611">
    <p class='ocr_par' dir='ltr' id='par_1_104' title="bbox 351 5536 2004 5611">
     <span class='ocr_line' id='line_1_104' title="bbox 351 5536 2004 5611; baseline 0.006 -27"><span class='ocrx_word' id='word_1_721' title='bbox 351 5539 579 5589; x_wconf 86' lang='lat' dir='ltr'>noctem</span> <span class='ocrx_word' id='word_1_722' title='bbox 612 5536 671 5590; x_wconf 90' lang='lat' dir='ltr'>in</span> <span class='ocrx_word' id='word_1_723' title='bbox 705 5537 981 5590; x_wconf 88' lang='lat' dir='ltr'>horreum</span> <span class='ocrx_word' id='word_1_724' title='bbox 1018 5555 1135 5591; x_wconf 83' lang='lat' dir='ltr'>una</span> <span class='ocrx_word' id='word_1_725' title='bbox 1166 5556 1299 5592; x_wconf 92' lang='lat' dir='ltr'>eum</span> <span class='ocrx_word' id='word_1_726' title='bbox 1331 5555 1418 5605; x_wconf 85' lang='lat' dir='ltr'>eo,</span> <span class='ocrx_word' id='word_1_727' title='bbox 1453 5556 1629 5609; x_wconf 90' lang='lat' dir='ltr'>quem</span> <span class='ocrx_word' id='word_1_728' title='bbox 1672 5540 1782 5593; x_wconf 90' lang='lat' dir='ltr'>sibi</span> <span class='ocrx_word' id='word_1_729' title='bbox 1834 5558 2004 5611; x_wconf 85' lang='lat' dir='ltr'>para-</span> 
     </span>
    </p>
   </div>
   <div class='ocr_carea' id='block_1_105' title="bbox 344 5625 2001 5697">
    <p class='ocr_par' dir='ltr' id='par_1_105' title="bbox 344 5625 2001 5697">
     <span class='ocr_line' id='line_1_105' title="bbox 344 5625 2001 5697; baseline 0.008 -27"><span class='ocrx_word' id='word_1_730' title='bbox 344 5626 527 5686; x_wconf 73' lang='lat' dir='ltr'>Verat,</span> <span class='ocrx_word' id='word_1_731' title='bbox 558 5625 861 5694; x_wconf 87' lang='lat' dir='ltr'>adjutore;</span> <span class='ocrx_word' id='word_1_732' title='bbox 898 5641 963 5679; x_wconf 89' lang='lat' dir='ltr'>ac</span> <span class='ocrx_word' id='word_1_733' title='bbox 988 5641 1167 5679; x_wconf 87' lang='lat' dir='ltr'>manu</span> <span class='ocrx_word' id='word_1_734' title='bbox 1202 5626 1449 5697; x_wconf 85' lang='lat' dir='ltr'>palpans</span> <span class='ocrx_word' id='word_1_735' title='bbox 1502 5628 1559 5681; x_wconf 91' lang='lat' dir='ltr'>in</span> <span class='ocrx_word' id='word_1_736' title='bbox 1591 5629 1852 5684; x_wconf 86' lang='lat' dir='ltr'>tenebris</span> <span class='ocrx_word' id='word_1_737' title='bbox 1902 5630 2001 5684; x_wconf 89' lang='lat' dir='ltr'>ubi</span> 
     </span>
    </p>
   </div>
   <div class='ocr_carea' id='block_1_106' title="bbox 345 5712 2002 5788">
    <p class='ocr_par' dir='ltr' id='par_1_106' title="bbox 345 5712 2002 5788">
     <span class='ocr_line' id='line_1_106' title="bbox 345 5712 2002 5788; baseline 0.01 -30"><span class='ocrx_word' id='word_1_738' title='bbox 345 5712 726 5767; x_wconf 83' lang='lat' dir='ltr'>contreetavit</span> <span class='ocrx_word' id='word_1_739' title='bbox 758 5714 1092 5784; x_wconf 87' lang='lat' dir='ltr'>sindonem,</span> <span class='ocrx_word' id='word_1_740' title='bbox 1121 5714 1336 5769; x_wconf 84' lang='lat' dir='ltr'>indicio</span> <span class='ocrx_word' id='word_1_741' title='bbox 1373 5718 1502 5784; x_wconf 84' lang='lat' dir='ltr'>ejus</span> <span class='ocrx_word' id='word_1_742' title='bbox 1551 5717 1703 5788; x_wconf 88' lang='lat' dir='ltr'>signi</span> <span class='ocrx_word' id='word_1_743' title='bbox 1758 5719 2002 5774; x_wconf 87' lang='lat' dir='ltr'>credens</span> 
     </span>
    </p>
   </div>
   <div class='ocr_carea' id='block_1_107' title="bbox 2128 4734 3781 4806">
    <p class='ocr_par' dir='ltr' id='par_1_107' title="bbox 2128 4734 3781 4806">
     <span class='ocr_line' id='line_1_107' title="bbox 2128 4734 3781 4806; baseline 0 -15"><span class='ocrx_word' id='word_1_744' title='bbox 2128 4736 2392 4791; x_wconf 88' lang='lat' dir='ltr'>Habebat</span> <span class='ocrx_word' id='word_1_745' title='bbox 2422 4740 2616 4790; x_wconf 86' lang='lat' dir='ltr'>autem</span> <span class='ocrx_word' id='word_1_746' title='bbox 2653 4735 2763 4789; x_wconf 91' lang='lat' dir='ltr'>sub</span> <span class='ocrx_word' id='word_1_747' title='bbox 2798 4734 3009 4791; x_wconf 91' lang='lat' dir='ltr'>lectulo</span> <span class='ocrx_word' id='word_1_748' title='bbox 3042 4735 3384 4806; x_wconf 89' lang='lat' dir='ltr'>dolium,cui</span> <span class='ocrx_word' id='word_1_749' title='bbox 3417 4738 3781 4793; x_wconf 86' lang='lat' dir='ltr'>frumentum</span> 
     </span>
    </p>
   </div>
   <div class='ocr_carea' id='block_1_108' title="bbox 2125 4823 3783 4900">
    <p class='ocr_par' dir='ltr' id='par_1_108' title="bbox 2125 4823 3783 4900">
     <span class='ocr_line' id='line_1_108' title="bbox 2125 4823 3783 4900; baseline 0.001 -19"><span class='ocrx_word' id='word_1_750' title='bbox 2125 4826 2337 4891; x_wconf 87' lang='lat' dir='ltr'>inerat,</span> <span class='ocrx_word' id='word_1_751' title='bbox 2370 4841 2485 4897; x_wconf 91' lang='lat' dir='ltr'>quo</span> <span class='ocrx_word' id='word_1_752' title='bbox 2513 4825 2583 4879; x_wconf 87' lang='lat' dir='ltr'>ad</span> <span class='ocrx_word' id='word_1_753' title='bbox 2617 4823 2835 4878; x_wconf 87' lang='lat' dir='ltr'>victum</span> <span class='ocrx_word' id='word_1_754' title='bbox 2879 4825 3174 4880; x_wconf 85' lang='lat' dir='ltr'>utebatur.</span> <span class='ocrx_word' id='word_1_755' title='bbox 3224 4830 3406 4883; x_wconf 88' lang='lat' dir='ltr'>Nocte</span> <span class='ocrx_word' id='word_1_756' title='bbox 3455 4844 3626 4900; x_wconf 91' lang='lat' dir='ltr'>porro</span> <span class='ocrx_word' id='word_1_757' title='bbox 3677 4825 3783 4882; x_wconf 91' lang='lat' dir='ltr'>illa</span> 
     </span>
    </p>
   </div>
   <div class='ocr_carea' id='block_1_109' title="bbox 2124 4913 3782 4988">
    <p class='ocr_par' dir='ltr' id='par_1_109' title="bbox 2124 4913 3782 4988">
     <span class='ocr_line' id='line_1_109' title="bbox 2124 4913 3782 4988; baseline 0.002 -19"><span class='ocrx_word' id='word_1_758' title='bbox 2124 4915 2431 4988; x_wconf 86' lang='lat' dir='ltr'>ingressus</span> <span class='ocrx_word' id='word_1_759' title='bbox 2454 4913 2621 4968; x_wconf 89' lang='lat' dir='ltr'>furin</span> <span class='ocrx_word' id='word_1_760' title='bbox 2655 4913 2784 4983; x_wconf 90' lang='lat' dir='ltr'>ejus</span> <span class='ocrx_word' id='word_1_761' title='bbox 2816 4913 3084 4981; x_wconf 90' lang='lat' dir='ltr'>domum,</span> <span class='ocrx_word' id='word_1_762' title='bbox 3109 4931 3245 4971; x_wconf 89' lang='lat' dir='ltr'>cum</span> <span class='ocrx_word' id='word_1_763' title='bbox 3274 4915 3425 4972; x_wconf 89' lang='lat' dir='ltr'>nihil</span> <span class='ocrx_word' id='word_1_764' title='bbox 3456 4916 3782 4973; x_wconf 88' lang='lat' dir='ltr'>invenisset</span> 
     </span>
    </p>
   </div>
   <div class='ocr_carea' id='block_1_110' title="bbox 2123 5000 3783 5077">
    <p class='ocr_par' dir='ltr' id='par_1_110' title="bbox 2123 5000 3783 5077">
     <span class='ocr_line' id='line_1_110' title="bbox 2123 5000 3783 5077; baseline 0 -17"><span class='ocrx_word' id='word_1_765' title='bbox 2123 5006 2280 5077; x_wconf 88' lang='lat' dir='ltr'>quod</span> <span class='ocrx_word' id='word_1_766' title='bbox 2306 5008 2536 5073; x_wconf 88' lang='lat' dir='ltr'>raperet</span> <span class='ocrx_word' id='word_1_767' title='bbox 2584 5000 2761 5072; x_wconf 83' lang='lat' dir='ltr'>aliud,</span> <span class='ocrx_word' id='word_1_768' title='bbox 2814 5006 2872 5063; x_wconf 87' lang='lat' dir='ltr'>et</span> <span class='ocrx_word' id='word_1_769' title='bbox 2912 5019 3133 5059; x_wconf 88' lang='lat' dir='ltr'>vacuus</span> <span class='ocrx_word' id='word_1_770' title='bbox 3182 5006 3373 5062; x_wconf 91' lang='lat' dir='ltr'>redire</span> <span class='ocrx_word' id='word_1_771' title='bbox 3421 5006 3624 5074; x_wconf 88' lang='lat' dir='ltr'>nollet,</span> <span class='ocrx_word' id='word_1_772' title='bbox 3675 5006 3783 5060; x_wconf 87' lang='lat' dir='ltr'>do-</span> 
     </span>
    </p>
   </div>
   <div class='ocr_carea' id='block_1_111' title="bbox 2122 5092 3779 5168">
    <p class='ocr_par' dir='ltr' id='par_1_111' title="bbox 2122 5092 3779 5168">
     <span class='ocr_line' id='line_1_111' title="bbox 2122 5092 3779 5168; baseline 0 -18"><span class='ocrx_word' id='word_1_773' title='bbox 2122 5096 2269 5151; x_wconf 90' lang='lat' dir='ltr'>lium</span> <span class='ocrx_word' id='word_1_774' title='bbox 2302 5094 2549 5149; x_wconf 82' lang='lat' dir='ltr'>extraxit</span> <span class='ocrx_word' id='word_1_775' title='bbox 2581 5092 2735 5163; x_wconf 89' lang='lat' dir='ltr'>quod</span> <span class='ocrx_word' id='word_1_776' title='bbox 2768 5096 2890 5147; x_wconf 88' lang='lat' dir='ltr'>erat</span> <span class='ocrx_word' id='word_1_777' title='bbox 2924 5094 3035 5149; x_wconf 92' lang='lat' dir='ltr'>sub</span> <span class='ocrx_word' id='word_1_778' title='bbox 3066 5093 3216 5150; x_wconf 89' lang='lat' dir='ltr'>lecto</span> <span class='ocrx_word' id='word_1_779' title='bbox 3240 5096 3588 5153; x_wconf 82' lang='lat' dir='ltr'>dormientis</span> <span class='ocrx_word' id='word_1_780' title='bbox 3631 5112 3779 5168; x_wconf 86' lang='lat' dir='ltr'>pau-</span> 
     </span>
    </p>
   </div>
   <div class='ocr_carea' id='block_1_112' title="bbox 2121 5181 3779 5257">
    <p class='ocr_par' dir='ltr' id='par_1_112' title="bbox 2121 5181 3779 5257">
     <span class='ocr_line' id='line_1_112' title="bbox 2121 5181 3779 5257; baseline -0.001 -18"><span class='ocrx_word' id='word_1_781' title='bbox 2121 5185 2301 5257; x_wconf 90' lang='lat' dir='ltr'>peris,</span> <span class='ocrx_word' id='word_1_782' title='bbox 2349 5200 2414 5237; x_wconf 90' lang='lat' dir='ltr'>ae</span> <span class='ocrx_word' id='word_1_783' title='bbox 2469 5198 2705 5238; x_wconf 89' lang='lat' dir='ltr'>saccum</span> <span class='ocrx_word' id='word_1_784' title='bbox 2758 5197 2871 5237; x_wconf 90' lang='lat' dir='ltr'>non</span> <span class='ocrx_word' id='word_1_785' title='bbox 2929 5181 3175 5255; x_wconf 90' lang='lat' dir='ltr'>habens,</span> <span class='ocrx_word' id='word_1_786' title='bbox 3230 5192 3447 5240; x_wconf 90' lang='lat' dir='ltr'>vestem</span> <span class='ocrx_word' id='word_1_787' title='bbox 3496 5184 3675 5250; x_wconf 85' lang='lat' dir='ltr'>exuit,</span> <span class='ocrx_word' id='word_1_788' title='bbox 3717 5183 3779 5238; x_wconf 93' lang='lat' dir='ltr'>in</span> 
     </span>
    </p>
   </div>
   <div class='ocr_carea' id='block_1_113' title="bbox 2117 5271 3773 5345">
    <p class='ocr_par' dir='ltr' id='par_1_113' title="bbox 2117 5271 3773 5345">
     <span class='ocr_line' id='line_1_113' title="bbox 2117 5271 3773 5345; baseline 0 -18"><span class='ocrx_word' id='word_1_789' title='bbox 2117 5289 2366 5344; x_wconf 87' lang='lat' dir='ltr'>eamque</span> <span class='ocrx_word' id='word_1_790' title='bbox 2401 5271 2677 5326; x_wconf 87' lang='lat' dir='ltr'>frumenti</span> <span class='ocrx_word' id='word_1_791' title='bbox 2712 5275 3002 5341; x_wconf 89' lang='lat' dir='ltr'>quantum</span> <span class='ocrx_word' id='word_1_792' title='bbox 3034 5288 3242 5343; x_wconf 89' lang='lat' dir='ltr'>capere</span> <span class='ocrx_word' id='word_1_793' title='bbox 3293 5274 3484 5345; x_wconf 89' lang='lat' dir='ltr'>potuit</span> <span class='ocrx_word' id='word_1_794' title='bbox 3541 5271 3773 5340; x_wconf 90' lang='lat' dir='ltr'>evolvit;</span> 
     </span>
    </p>
   </div>
   <div class='ocr_carea' id='block_1_114' title="bbox 2116 5359 3776 5431">
    <p class='ocr_par' dir='ltr' id='par_1_114' title="bbox 2116 5359 3776 5431">
     <span class='ocr_line' id='line_1_114' title="bbox 2116 5359 3776 5431; baseline -0.001 -14"><span class='ocrx_word' id='word_1_795' title='bbox 2116 5368 2257 5417; x_wconf 88' lang='lat' dir='ltr'>tunc</span> <span class='ocrx_word' id='word_1_796' title='bbox 2290 5360 2449 5416; x_wconf 87' lang='lat' dir='ltr'>dedit</span> <span class='ocrx_word' id='word_1_797' title='bbox 2482 5377 2543 5415; x_wconf 91' lang='lat' dir='ltr'>se</span> <span class='ocrx_word' id='word_1_798' title='bbox 2575 5360 2632 5413; x_wconf 90' lang='lat' dir='ltr'>in</span> <span class='ocrx_word' id='word_1_799' title='bbox 2684 5360 2881 5431; x_wconf 88' lang='lat' dir='ltr'>fugam</span> <span class='ocrx_word' id='word_1_800' title='bbox 2932 5359 3298 5417; x_wconf 88' lang='lat' dir='ltr'>frumentum</span> <span class='ocrx_word' id='word_1_801' title='bbox 3352 5364 3648 5418; x_wconf 89' lang='lat' dir='ltr'>auferens.</span> <span class='ocrx_word' id='word_1_802' title='bbox 3699 5364 3776 5417; x_wconf 83' lang='lat' dir='ltr'>At</span> 
     </span>
    </p>
   </div>
   <div class='ocr_carea' id='block_1_115' title="bbox 2117 5448 3774 5524">
    <p class='ocr_par' dir='ltr' id='par_1_115' title="bbox 2117 5448 3774 5524">
     <span class='ocr_line' id='line_1_115' title="bbox 2117 5448 3774 5524; baseline 0 -19"><span class='ocrx_word' id='word_1_803' title='bbox 2117 5467 2338 5524; x_wconf 86' lang='lat' dir='ltr'>pauper</span> <span class='ocrx_word' id='word_1_804' title='bbox 2388 5448 2672 5522; x_wconf 90' lang='lat' dir='ltr'>evigilans</span> <span class='ocrx_word' id='word_1_805' title='bbox 2699 5448 2758 5503; x_wconf 92' lang='lat' dir='ltr'>in</span> <span class='ocrx_word' id='word_1_806' title='bbox 2796 5457 3078 5519; x_wconf 88' lang='lat' dir='ltr'>tempore,</span> <span class='ocrx_word' id='word_1_807' title='bbox 3110 5452 3305 5507; x_wconf 85' lang='lat' dir='ltr'>exsilit</span> <span class='ocrx_word' id='word_1_808' title='bbox 3334 5452 3538 5508; x_wconf 89' lang='lat' dir='ltr'>electo</span> <span class='ocrx_word' id='word_1_809' title='bbox 3570 5452 3774 5507; x_wconf 90' lang='lat' dir='ltr'>nudus</span> 
     </span>
    </p>
   </div>
   <div class='ocr_carea' id='block_1_116' title="bbox 2114 5538 3776 5611">
    <p class='ocr_par' dir='ltr' id='par_1_116' title="bbox 2114 5538 3776 5611">
     <span class='ocr_line' id='line_1_116' title="bbox 2114 5538 3776 5611; baseline 0.001 -17"><span class='ocrx_word' id='word_1_810' title='bbox 2114 5539 2604 5611; x_wconf 90' lang='lat' dir='ltr'>persequiturque</span> <span class='ocrx_word' id='word_1_811' title='bbox 2654 5538 2876 5602; x_wconf 89' lang='lat' dir='ltr'>furem;</span> <span class='ocrx_word' id='word_1_812' title='bbox 2928 5538 3208 5611; x_wconf 89' lang='lat' dir='ltr'>brevique</span> <span class='ocrx_word' id='word_1_813' title='bbox 3258 5547 3567 5597; x_wconf 90' lang='lat' dir='ltr'>assecutus</span> <span class='ocrx_word' id='word_1_814' title='bbox 3616 5540 3776 5595; x_wconf 88' lang='lat' dir='ltr'>male</span> 
     </span>
    </p>
   </div>
   <div class='ocr_carea' id='block_1_117' title="bbox 2112 5627 3781 5702">
    <p class='ocr_par' dir='ltr' id='par_1_117' title="bbox 2112 5627 3781 5702">
     <span class='ocr_line' id='line_1_117' title="bbox 2112 5627 3781 5702; baseline 0.001 -19"><span class='ocrx_word' id='word_1_815' title='bbox 2112 5630 2462 5684; x_wconf 89' lang='lat' dir='ltr'>mulctatum</span> <span class='ocrx_word' id='word_1_816' title='bbox 2486 5627 2715 5697; x_wconf 86' lang='lat' dir='ltr'>abjecta</span> <span class='ocrx_word' id='word_1_817' title='bbox 2732 5630 2891 5681; x_wconf 88' lang='lat' dir='ltr'>veste</span> <span class='ocrx_word' id='word_1_818' title='bbox 2914 5643 3049 5682; x_wconf 89' lang='lat' dir='ltr'>cum</span> <span class='ocrx_word' id='word_1_819' title='bbox 3075 5630 3369 5685; x_wconf 90' lang='lat' dir='ltr'>frumento</span> <span class='ocrx_word' id='word_1_820' title='bbox 3394 5630 3596 5702; x_wconf 88' lang='lat' dir='ltr'>fugere</span> <span class='ocrx_word' id='word_1_821' title='bbox 3620 5646 3781 5684; x_wconf 86' lang='lat' dir='ltr'>eom-</span> 
     </span>
    </p>
   </div>
   <div class='ocr_carea' id='block_1_118' title="bbox 2112 5717 3781 5791">
    <p class='ocr_par' dir='ltr' id='par_1_118' title="bbox 2112 5717 3781 5791">
     <span class='ocr_line' id='line_1_118' title="bbox 2112 5717 3781 5791; baseline 0.002 -20"><span class='ocrx_word' id='word_1_822' title='bbox 2112 5718 2280 5789; x_wconf 89' lang='lat' dir='ltr'>pulit.</span> <span class='ocrx_word' id='word_1_823' title='bbox 2318 5717 2401 5773; x_wconf 86' lang='lat' dir='ltr'>Ita</span> <span class='ocrx_word' id='word_1_824' title='bbox 2427 5733 2653 5788; x_wconf 87' lang='lat' dir='ltr'>pauper</span> <span class='ocrx_word' id='word_1_825' title='bbox 2681 5719 2907 5770; x_wconf 85' lang='lat' dir='ltr'>vestem</span> <span class='ocrx_word' id='word_1_826' title='bbox 2942 5720 3153 5772; x_wconf 87' lang='lat' dir='ltr'>nactus</span> <span class='ocrx_word' id='word_1_827' title='bbox 3182 5723 3272 5773; x_wconf 90' lang='lat' dir='ltr'>est</span> <span class='ocrx_word' id='word_1_828' title='bbox 3302 5735 3419 5791; x_wconf 90' lang='lat' dir='ltr'>qua</span> <span class='ocrx_word' id='word_1_829' title='bbox 3449 5719 3669 5789; x_wconf 82' lang='lat' dir='ltr'>egebat,</span> <span class='ocrx_word' id='word_1_830' title='bbox 3718 5724 3781 5774; x_wconf 91' lang='lat' dir='ltr'>et</span> 
     </span>
    </p>
   </div>
  </div>
