4120 6398
366 442 503 498 1233

1390 445 1750 497 SPECIMEN
1788 444 2193 497 SAPIENTL‘E
2235 444 2565 499 INDC'RUM
2606 448 2774 499 VET.

3646 447 3792 501 1234

365 570 724 624 frumentum
775 568 834 622 in
886 568 1042 622 dolio
1090 570 1355 639 reposuit
1403 570 1463 626 in
1513 587 1629 641 quo
1661 578 1781 626 erat
1814 568 2010 640 prius;
2046 569 2098 631 Α
2130 565 2340 621 deinde
2373 572 2436 622 ut
2473 569 2579 622 sibi
2618 570 2921 642 perquirat
2960 573 3360 627 necessarium
3408 574 3775 645 alimentum,

372 658 697 728 didicitque
728 656 971 711 minime
1016 658 1451 728 desperandum
1486 659 1545 713 in
1579 658 1892 729 angustiis,
1926 673 2023 710 ex-

369 751 577 820 pertus
608 762 737 817 quae
770 762 885 800 non
937 753 1242 817 acceperat
1272 748 1345 802 ab
1376 747 1606 813 amicis,
1658 766 1720 803 se
1750 765 1783 802 a
1816 747 1941 800 fure
1971 749 2028 799 et

370 836 541 891 hoste
585 839 925 891 assecutum
970 851 983 890 :
1025 836 1195 904 cujus
1228 836 1401 892 etiam
1432 853 1500 892 ex
1528 853 1667 892 casu
1698 833 2026 901 ‘intellexit,

371 943 489 982 non
536 941 666 981 esse
717 924 1179 996 aggrediendum
1210 926 1513 997 negotium
1546 927 1716 996 cuius
1757 926 2024 996 explora-

370 1021 470 1070 tus
504 1032 620 1069 non
650 1013 728 1069 sit
757 1014 969 1069 exitus.

371 1133 501 1188 CAP.
550 1130 678 1187 VII.
743 1161 813 1171 —
872 1130 1192 1185 Ostenditur
1248 1148 1358 1186 non
1414 1146 1526 1185 esse
1572 1130 1947 1185 desistendum
1993 1147 2028 1185 α

444 1204 667 1331 iubare;
694 1212 747 1258 et
771 1202 1087 1273 prudentia.o
1117 1202 1290 1272 magis
1325 1202 1680 1257 innitendum
1711 1219 1878 1274 quam
1910 1206 2025 1273 for-

470 1292 614 1330 unae.

442 1377 573 1427 Haec
629 1376 827 1427 tamen
866 1387 980 1426 non
1013 1387 1080 1426 eo
1111 1371 1407 1442 pertinent
1436 1375 1502 1426 ut
1531 1370 1747 1425 ﬁducia
1778 1386 2024 1425 casuum

373 1461 720 1532 hujusmodi
750 1459 1127 1515 fortuitorum
1151 1459 1453 1515 remittere
1478 1459 1831 1513 industriam
1856 1457 2026 1513 omit-

372 1556 619 1623 tereque
647 1554 925 1605 conatum
974 1549 1325 1617 debeamus;
1375 1549 1717 1604 haerendum
1749 1552 1838 1602 est
1867 1547 2023 1602 enim

370 1642 434 1696 in
463 1657 530 1696 eo
561 1639 718 1712 quod
766 1638 1116 1710 plerumque
1164 1639 1261 1704 fit;
1313 1637 1462 1693 solet
1510 1642 1703 1693 autem
1766 1636 2025 1691 invenire

373 1730 476 1801 qui
508 1728 739 1801 quaerit.
774 1727 1101 1794 Quodcirca
1144 1728 1253 1782 etsi
1301 1727 1617 1798 aliquando
1662 1726 1876 1781 videris
1920 1725 2024 1780 ali-

378 1835 553 1891 quem
571 1818 868 1873 invenisse
884 1817 1019 1872 licet
1040 1834 1156 1871 non
1184 1823 1489 1887 quaereret,
1514 1834 1585 1871 ne
1602 1815 1701 1871 tali
1721 1817 1883 1871 casui
1902 1819 2026 1869 tan-

2136 655 2389 726 denique
2423 663 2487 711 ut
2520 662 2672 713 recte
2701 676 2836 715 cum
2873 660 3217 717 hominibus
3249 668 3645 718 conversetur.
3678 665 3785 718 Di-

2134 750 2348 800 xerunt
2378 746 2554 801 etiam
2582 747 2795 816 eidem,
2830 748 3131 803 hominem
3166 750 3429 805 desidem
3471 756 3527 805 et
3575 753 3787 823 supine

2135 850 2432 902 securum,
2467 839 2683 892 temere
2723 839 3055 892 credentem
3104 839 3437 895 rationibus
3487 840 3639 896 male
3688 858 3781 897 co-

2137 923 2517 994 haerentibus,
2550 942 2803 996 quarum
2835 928 3256 984 connexionem
3293 946 3461 984 mens
3491 931 3621 1000 ejus
3651 931 3782 1002 ipsa

2137 1029 2251 1067 non
2283 1013 2496 1084 capiat,
2530 1015 2786 1070 similem
2846 1033 2973 1071 esse
3032 1016 3257 1072 homini
3314 1017 3615 1073 voluntate
3659 1037 3787 1090 pro-

2138 1103 2266 1173 pria
2298 1103 2444 1157 duce
2476 1104 2534 1158 in
2569 1106 2748 1160 rebus
2779 1122 2907 1176 quae
2939 1107 3060 1177 agit
3089 1108 3211 1160 vice
3246 1107 3580 1162 intellectus
3613 1113 3784 1163 uten-

2136 1191 2204 1261 ti,
2265 1194 2758 1265 persuadentique
2816 1194 2928 1249 sibi
2963 1211 3093 1266 quas
3154 1196 3265 1265 ipsi
3326 1196 3577 1267 placent,
3613 1197 3720 1251 etsi
3755 1215 3788 1251 a

2136 1296 2270 1335 vero
2302 1280 2491 1337 aliena
2539 1299 2605 1337 ea
2650 1282 2790 1336 sint.
2842 1283 3083 1337 Minime
3117 1290 3311 1339 autem
3345 1285 3507 1339 decet
3540 1286 3788 1356 pruden-

2138 1375 2256 1426 tem
2287 1371 2475 1425 virum
2507 1373 2753 1444 obsequi
2786 1391 2908 1429 suae
2942 1373 3256 1442 voluntati,
3291 1374 3611 1446 prmsertim
3652 1391 3785 1429 cum

2137 1459 2458 1515 offensione
2489 1460 2770 1529 aliorum;
2805 1478 2996 1533 neque
3030 1463 3230 1518 leviter
3252 1464 3487 1518 credere
3508 1464 3787 1517 sermoni-

2138 1549 2249 1605 bus
2272 1549 2577 1604 hominum
2604 1555 2901 1623 utcunque
2926 1567 3160 1607 veraces
3189 1551 3301 1623 ipsi
3324 1552 3652 1618 videantur,
3675 1552 3788 1606 nisi

2138 1638 2284 1693 ratio
2333 1639 2394 1693 in
2434 1640 2608 1695 dictis
2665 1640 2910 1697 eluceat.
2972 1644 3160 1707 Quare
3215 1641 3266 1695 si
3325 1641 3426 1712 qui
3469 1641 3787 1713 loquuntur

2136 1728 2331 1799 ignavi
2356 1744 2420 1782 ac
2452 1728 2815 1801 negligentes
2861 1735 3200 1801 appareant,
3237 1730 3551 1800 diligenter
3581 1747 3786 1785 caven-

2138 1819 2299 1884 dum,
2319 1834 2392 1873 ne
2421 1818 2481 1873 in
2513 1819 2896 1874 aestimatione
2920 1820 3288 1889 negotiorum
3322 1819 3782 1885 occurrentium,

379 1924 558 1980 quam
589 1908 695 1963 tibi
720 1923 952 1978 quoque
974 1911 1253 1961 eventuro
1284 1907 1567 1975 confidas,
1597 1922 1739 1961 neve
1788 1906 2027 1959 recedas
2060 1928 2107 1993 Β
2139 1911 2316 1977 atque
2342 1906 2401 1960 in
2442 1923 2637 1961 rerum
2688 1908 3079 1978 gerendarum
3132 1908 3341 1963 notitia
3390 1908 3787 1973 informanda,

380 2016 414 2054 a
444 1997 747 2054 communi
782 2012 893 2051 usu
934 1994 1271 2067 regulaque,
1325 1996 1760 2051 demonstrante
1791 1996 1874 2049 sic
1918 1995 2032 2050 fere

379 2087 505 2143 fieri
535 2086 723 2142 solere
776 2090 841 2140 ut
898 2084 937 2138 ii
997 2085 1234 2140 demum
1277 2084 1577 2139 inveniant
1609 2084 1709 2154 qui
1741 2087 2029 2154 quaerunt.

378 2177 659 2233 Naturam
720 2190 857 2245 ergo
919 2190 1113 2229 rerum
1165 2178 1223 2229 et
1275 2173 1641 2244 negotiorum
1677 2171 2033 2244 perscrutari

382 2269 634 2337 Oportet,
663 2264 1083 2336 explorareque
1115 2262 1447 2333 diligenter,
1490 2260 1843 2333 comparatis
1867 2260 2030 2315 diti‘e-

381 2353 587 2411 rentiis
617 2357 967 2417 eventuum;
999 2368 1069 2406 ex
1108 2367 1295 2421 eaque
1325 2349 1766 2422 comparatione
1797 2350 2031 2404 ratioci-

379 2443 575 2499 nando
619 2442 833 2497 inferre
885 2457 1001 2511 qua
1043 2440 1137 2494 via
1169 2438 1426 2509 grassari
1458 2440 1530 2494 ad
1564 2439 1834 2509 quodque
1867 2455 2030 2493 asse-

383 2533 683 2604 quendum
713 2534 1007 2601 oporteat;
1042 2533 1108 2583 ut
1136 2536 1193 2583 et
1223 2545 1290 2583 ex
1324 2528 1493 2583 bonis
1529 2544 1658 2598 quae
1677 2526 2033 2598 contingunt

379 2620 685 2678 industriae
718 2620 1037 2692 prudenter
1056 2617 1344 2689 operanti,
1371 2614 1775 2685 intelligamus
1807 2616 1945 2686 quid
1976 2620 2033 2671 et

381 2727 499 2783 qua
527 2709 620 2764 via
651 2707 1122 2780 persequendum
1152 2706 1249 2777 sit,
1282 2710 1338 2761 et
1367 2722 1435 2761 ex
1469 2705 1641 2760 malis
1670 2705 1729 2759 in
1768 2721 1895 2776 quae
1936 2705 2034 2759 de-

380 2800 666 2855 labuntur
690 2795 988 2852 temerarii
1028 2810 1425 2868 aggressores,
1467 2810 1859 2866 agnoscamus
1890 2793 2032 2864 quid

381 2887 554 2943 vitari
587 2884 915 2954 conveniat,
949 2901 1018 2940 ne
1050 2885 1109 2938 in
1142 2882 1361 2939 similia
1390 2883 1608 2938 damna
1638 2883 2031 2937 incurramus.

384 2976 510 3033 Nisi
534 2975 692 3031 enim
730 2974 812 3030 ita
851 2972 1167 3029 fecerimus
1210 2971 1434 3027 similes
1470 2971 1695 3027 erimus
1726 2970 2033 3037 columbae,

389 3082 541 3138 quae,
574 3063 710 3121 licet
728 3063 941 3119 viderit
960 3061 1154 3134 pullos
1179 3078 1319 3117 suos
1358 3060 1544 3116 occidi
1575 3077 1771 3116 coram
1802 3077 1885 3128 se,
1919 3076 2036 3115 non

390 3152 610 3209 deserit
648 3152 844 3207 locum
888 3150 989 3205 ubi
1035 3149 1457 3215 nidiﬁcaverat,
1492 3149 1592 3204 sed
1616 3165 1824 3205 rursus
1852 3148 1911 3205 in
1943 3165 2039 3203 eo-

389 3243 521 3298 dem
554 3258 664 3297 ova
693 3239 877 3312 ponit,
904 3238 1095 3311 iisque
1127 3238 1389 3305 incubat,
1415 3237 1599 3293 donec
1630 3242 1686 3292 et
1714 3237 1845 3309 ipsa
1871 3242 2041 3307 capta

388 3333 701 3386 mactetur.
750 3329 929 3384 Decet
979 3328 1163 3399 igitur
1209 3328 1513 3383 hominem
1548 3328 1872 3383 intuentem
1905 3344 2034 3382 sco-

386 3436 528 3493 pum
558 3420 713 3474 viam
746 3417 818 3473 ad
850 3434 986 3473 eum
1019 3420 1237 3472 rectam
1272 3415 1509 3487 eligere,
1560 3416 1791 3489 sibique
1835 3415 2035 3471 termi-

388 3526 498 3565 nos
527 3508 850 3580 praatigere,
883 3506 1037 3561 ultra
1085 3521 1237 3576 quos
1283 3521 1399 3559 non
1449 3508 1747 3576 evagetur,
1779 3520 2036 3575 curaque

384 3597 545 3671 vigili
580 3598 637 3652 in
671 3614 779 3653 usu
798 3613 865 3651 ac
886 3598 1138 3650 tractatu
1165 3594 1535 3665 negotiorum
1554 3594 1864 3661 excubare,
1891 3611 2033 3664 prae-

384 3694 656 3759 tereaque
706 3686 855 3742 scire
884 3701 1117 3741 omnem
1152 3682 1453 3738 hominem
1487 3682 1587 3752 qui
1620 3681 1816 3737 labore
1860 3686 2036 3752 atque

384 3775 682 3833 industria
732 3774 1093 3831 contendens
1138 3772 1196 3827 in
1249 3773 1509 3831 futurum
1559 3770 1835 3837 consulit,
1878 3787 2033 3826 com-

390 3866 558 3921 mode
603 3864 927 3931 victurum;
987 3862 1086 3933 qui
1136 3877 1269 3916 vero
1328 3864 1677 3932 praesentem
1718 3863 1948 3914 tantum
1983 3864 2039 3914 et

386 3952 627 4009 labilem
660 3952 973 4007 utilitatem
1019 3950 1322 4006 laboribus
1370 3948 1494 4004 suis
1525 3953 1739 4020 captat,
1770 3949 1827 4003 in
1865 3949 2037 4003 mise-

387 4044 537 4099 riam
568 4043 910 4114 lapsurum;
946 4057 1119 4111 porro
1153 4039 1253 4111 qui
1286 4039 1344 4094 in
1377 4042 1622 4110 utroque
1654 4038 2037 4107 contenderit,

390 4132 473 4187 sic
525 4134 869 4204 praesentem
905 4129 1163 4184 fructum
1214 4131 1458 4199 captans
1491 4130 1555 4181 ut
1603 4127 1861 4182 futuram
1895 4143 2040 4198 quo-

391 4236 505 4293 que
540 4220 860 4276 utilitatem
894 4234 1209 4289 procurare
1242 4234 1356 4273 non
1389 4217 1642 4282 desinat,
1674 4233 1808 4271 eum
1832 4221 1889 4271 et
1907 4215 2039 4270 vitae

392 4309 720 4365 commodis
753 4325 868 4363 non
905 4308 1253 4375 cariturum,
1303 4310 1360 4362 et
1409 4305 1643 4372 laudem
1677 4305 2042 4378 gloriamque

395 4401 771 4470 adepturum.

390 4506 525 4564 CAP.
560 4505 710 4562 VIII.
743 4536 810 4546 -—-
828 4502 1091 4573 Quadam
1116 4505 1233 4557 alia
1250 4504 1463 4558 monita
1484 4504 1652 4559 utilia
1672 4503 2044 4560 :etconctusio

926 4574 1300 4647 Praefationis
1321 4576 1507 4645 hujus.

2143 1994 2497 2049 testimoniis
2548 1995 2754 2050 talium
2787 1995 3134 2050 innitamur.
3164 1997 3380 2051 Praeter
3408 1995 3523 2051 ista
3553 1996 3791 2066 sapiens

2143 2083 2435 2138 monitum
2468 2089 2558 2138 est
2590 2100 2602 2138 :
2646 2084 2796 2149 Quid
2831 2085 3094 2140 studiose
3119 2085 3339 2157 satagit
3368 2084 3426 2140 in
3460 2090 3673 2139 conatu
3709 2085 3792 2139 rei

2143 2190 2271 2245 quae
2306 2172 2429 2227 fieri
2462 2190 2578 2228 non
2611 2179 2823 2245 potest,
2857 2184 2912 2228 et
2943 2174 3277 2230 inconsulto
3325 2175 3445 2229 ruit
3474 2176 3701 2245 impetu
3733 2174 3791 2227 in

2143 2267 2359 2317 metam
2392 2279 2509 2317 non
2559 2263 2892 2335 contiguam
2946 2264 3219 2319 humanae
3267 2263 3551 2330 facultati,
3586 2263 3799 2318 similis

2143 2355 2233 2406 est
2261 2352 2519 2407 currenti
2558 2357 2720 2406 extra
2759 2352 2936 2422 viam,
2972 2356 3135 2407 tanto
3167 2351 3393 2424 largius
3425 2352 3795 2418 aberraturo,

2143 2445 2364 2510 quanto
2395 2440 2653 2496 velocius
2688 2441 3062 2496 contenderit
3091 2459 3104 2496 :
3139 2441 3472 2511 comparari
3507 2442 3681 2496 etiam
3705 2458 3800 2512 po-

2142 2533 2257 2584 test
2288 2528 2511 2584 homini
2542 2530 2637 2584 cui
2669 2546 2805 2585 cum
2837 2530 2986 2585 forte
3015 2531 3241 2585 festuca
3269 2531 3426 2585 intra
3456 2529 3693 2584 oculum
3715 2530 3798 2583 in-

2142 2618 2366 2684 ciderit,
2401 2618 2593 2689 pergit
2642 2635 2779 2674 eum
2840 2618 3166 2674 confricare
3197 2619 3389 2689 quoad
3449 2623 3789 2674 excaecatum

2144 2706 2296 2762 Illud
2330 2722 2565 2778 quoque
2596 2706 2811 2763 habere
2843 2707 2959 2763 alte
2991 2707 3233 2761 inﬁxum
3292 2707 3473 2762 menti
3522 2707 3795 2761 convenit

2146 2797 2442 2853 hominem
2475 2798 2804 2863 cordatum,
2834 2796 2984 2853 volvi
3043 2800 3202 2852 certa
3232 2796 3360 2865 lege
3391 2795 3540 2852 vices
3572 2800 3795 2863 mutas,

2145 2891 2202 2941 et
2231 2886 2537 2942 verissime
2567 2902 2885 2958 passurum
2916 2886 3123 2941 eadem
3148 2901 3638 2956 unumquemque
3668 2901 3796 2955 qua:

2147 2976 2393 3042 fecerit;
2466 2977 2668 3048 itaque
2724 2976 3026 3031 attendere
3084 2974 3199 3029 sibi
3254 2974 3370 3046 ipsi
3426 2973 3638 3029 debere
3698 2972 3800 3044 qui

2148 3065 2357 3121 laedere
2386 3064 2569 3120 alium
2602 3072 2789 3136 parat,
2821 3068 3199 3135 statuereque
3245 3063 3487 3119 omnino
3534 3063 3803 3118 futurum

2152 3160 2218 3210 ut
2246 3170 2350 3225 par
2378 3154 2490 3225 ipsi
2538 3154 2843 3210 referatur.
2899 3153 3060 3209 Unde
3109 3153 3489 3209 manifestum
3515 3156 3626 3217 est,
3667 3167 3805 3207 eum

2154 3243 2254 3314 qui
2285 3242 2541 3298 amicum
2564 3242 2911 3298 contristare
2942 3259 3057 3297 non
3092 3241 3327 3296 dubitat
3358 3240 3592 3312 ingrato
3625 3239 3804 3303 facto,

2154 3332 2265 3388 sibi
2313 3347 2519 3387 nocere
2576 3331 2714 3402 ipsi,
2773 3336 2830 3386 et
2881 3331 2940 3385 in
2990 3334 3167 3401 caput
3222 3328 3528 3402 proprium
3579 3332 3803 3398 pestem

2155 3436 2468 3477 accersere.
2494 3421 2835 3475 Extremum
2860 3419 3039 3490 hujus
3061 3417 3417 3491 pretationis
3448 3419 3802 3488 praeceptum

2153 3518 2274 3566 esto
2310 3527 2322 3565 :
2358 3509 2460 3581 qui
2490 3510 2713 3565 accedit
2763 3510 2835 3564 ad
2894 3510 3076 3579 hujus
3120 3508 3252 3562 libri
3297 3506 3632 3571 lectionem,
3684 3521 3799 3559 non

2152 3600 2373 3655 cursim
2407 3599 2863 3671 praetervehitor,
2912 3599 3013 3653 sed
3058 3598 3213 3652 lente
3263 3612 3328 3651 ac
3382 3594 3801 3650 meditabunde

2152 3689 2498 3760 perpendito
2520 3688 2780 3759 singula:
2809 3704 2945 3743 nam
2978 3687 3404 3744 considerando
3437 3689 3492 3740 et
3515 3683 3801 3755 profunde

2152 3777 2530 3848 penetrando,
2566 3777 2756 3833 latens
2814 3779 2926 3832 sub
2985 3775 3269 3846 symbolis
3325 3778 3585 3841 eruetur,
3635 3777 3692 3827 et
3741 3772 3801 3825 in

2154 3866 2407 3920 fructum
2434 3865 2717 3935 prodibit,
2748 3865 2993 3920 utilitas.
3021 3866 3154 3920 Haec
3185 3864 3502 3919 habuimus
3528 3862 3587 3916 in
3639 3864 3803 3915 ante-

2153 3970 2383 4008 cessum
2410 3954 2799 4024 suggerenda,
2833 3953 3052 4023 quibus
3083 3952 3243 4007 velut
3283 3952 3655 4006 initiaremus
3678 3950 3803 4020 jam

2155 4061 2187 4098 a
2215 4040 2506 4097 vestibulo
2535 4044 2909 4112 ingressuros
2942 4042 3000 4095 in
3034 4040 3431 4111 cognitionem
3460 4040 3633 4107 hujus
3663 4055 3805 4108 ope—

2155 4132 2256 4197 ris,
2289 4131 2446 4201 quod
2488 4148 2622 4185 cum
2670 4122 2995 4185 viderimus
3026 4128 3177 4183 tanti
3228 4128 3497 4182 habitum
3531 4143 3564 4180 a
3613 4125 3806 4180 Persis

2153 4222 2224 4277 ad
2285 4220 2433 4275 illud
2493 4237 2561 4275 ex
2620 4219 2816 4275 Indico
2874 4218 3156 4274 idiomate
3188 4216 3247 4270 in
3279 4231 3457 4271 suum
3507 4213 3803 4270 Persicum

2156 4310 2566 4380 transferrent,
2626 4326 2733 4365 nos
2791 4323 3024 4379 quoque
3094 4304 3519 4361 elaborandum
3580 4304 3805 4374 putavi-

2157 4418 2290 4455 mus
2347 4404 2413 4455 ut
2463 4402 2666 4455 nostra
2722 4414 2900 4469 opera
2954 4396 3132 4454 Graeci
3191 4396 3483 4450 nostrates
3532 4391 3677 4447 illud
3710 4409 3804 4447 co-

2158 4493 2525 4558 gnoscerent,
2586 4488 2826 4556 haecque
2884 4485 2968 4540 illi
3023 4484 3181 4540 velut
3254 4483 3521 4554 quzedam
3595 4479 3805 4553 praelu-

2158 4579 2256 4633 dia
2312 4578 2707 4650 praeteximus,
2741 4576 2958 4647 quibus
2989 4576 3059 4629 ad
3104 4573 3333 4629 facilius
3366 4570 3802 4642 percipiendam

457 4666 710 4722 Effatum
780 4669 838 4720 et
884 4664 994 4719 hoc
1064 4664 1399 4734 sapientum
1456 4668 1567 4729 est,
1620 4663 1734 4717 tria
1792 4665 2041 4719 tenenda
2078 4659 2119 4721 Β
2155 4685 2224 4722 ex
2254 4684 2320 4722 eo
2354 4667 2666 4722 utilitatem
2698 4670 3096 4737 prosperantur
3125 4664 3390 4718 lectores.

388 4755 611 4811 homini
643 4771 819 4810 esse:
865 4752 1120 4824 primum
1170 4757 1235 4807 ut
1283 4753 1460 4808 ﬁdem
1505 4770 1673 4808 suam
1720 4755 2033 4823 custodiat,

1712 5006 2349 5067 PROLEGOMENON
2408 5009 2520 5067 III.

708 5106 1009 5189 Prw/otio
1032 5108 1281 5169 Perzois
1314 5110 1544 5186 medici,
1577 5110 1686 5191 qui
1713 5111 1874 5172 hunc
1904 5111 2124 5173 librum
2155 5134 2233 5172 ex
2265 5113 2480 5192 lingua
2510 5111 2722 5172 Indica
2753 5113 2815 5170 in
2848 5110 3151 5171 Persicam
3180 5105 3491 5167 convertit.

388 5230 519 5304 CAP.
557 5232 598 5286 ῐ.
632 5262 701 5271 —-
734 5232 959 5287 Pe-zois
991 5250 1185 5304 genus,
1213 5240 1385 5298 ortus,
1415 5233 1684 5301 educatio,
1717 5236 1899 5289 studia
1930 5254 1942 5292 :
1977 5240 2036 5289 ut

461 5303 559 5357 itte
615 5305 907 5359 medicina:
954 5303 1343 5375 professionem
1396 5322 1508 5376 prta
1563 5309 1776 5361 caeteris
1807 5309 2042 5378 elegerit

458 5390 673 5445 quoque
701 5386 860 5446 pacto
891 5378 963 5430 sit
993 5378 1052 5430 in
1088 5377 1187 5431 illa
1213 5386 1478 5432 versatus.

469 5498 624 5553 Dixit
663 5500 901 5555 Perzoes
937 5501 1212 5572 princeps
1245 5502 1606 5557 medicorum
1631 5505 1785 5574 apud
1813 5509 2038 5575 Persas,

392 5586 495 5657 qui
525 5596 579 5641 et
606 5587 765 5643 hunc
791 5586 1006 5644 librum
1037 5608 1105 5646 ex
1132 5592 1330 5645 Indico
1350 5591 1705 5647 idiomatein
1726 5594 2036 5648 Persarum

392 5676 658 5747 linguam
694 5680 999 5733 transtulit
1025 5697 1036 5733 :
1065 5680 1209 5733 dixit
1230 5685 1428 5735 autem
1455 5681 1524 5735 de
1551 5682 1906 5754 seipsoqum
1928 5683 2039 5737 sibi

392 5781 425 5819 a
458 5781 637 5837 puero
659 5768 1034 5839 contigerint,
1075 5770 1291 5840 quibus
1334 5770 1665 5841 disciplinis
1693 5773 2043 5830 informatus

2154 5237 2346 5304 fuerit,
2371 5236 2581 5309 quidve
2604 5237 2739 5291 boni
2758 5234 3024 5291 feceritin
3058 5232 3197 5296 vita,
3226 5244 3503 5285 exercens
3518 5224 3805 5281 medicam

2152 5331 2335 5381 artem
2369 5330 2503 5396 post
2531 5341 2707 5379 suum
2757 5342 2824 5379 ex
2862 5322 3022 5377 Indis
3054 5322 3126 5377 ad
3160 5326 3368 5376 Persas
3415 5317 3671 5372 reditum
3700 5333 3713 5381 ;
3749 5317 3805 5366 et

2154 5420 2218 5469 ut
2277 5420 2479 5469 oratus
2538 5413 2714 5468 fuerit
2766 5430 2800 5467 a
2859 5428 2993 5483 rege
3044 5411 3320 5466 Chosroe.
3378 5406 3535 5463 Dixit
3604 5407 3802 5457 autem

2155 5502 2238 5559 sic
2272 5521 2283 5557 :
2321 5504 2450 5557 Fuit
2507 5507 2671 5574 pater
2730 5519 2895 5557 meus
2952 5517 3021 5555 ex
3081 5499 3413 5554 illustribus
3460 5491 3799 5553 militibus;

2158 5597 2344 5647 mater
2372 5608 2505 5646 vero
2542 5609 2670 5645 mea
2699 5609 2768 5646 ex
2802 5590 3037 5645 filiabus
3072 5602 3419 5660 magnorum
3451 5588 3507 5638 et
3533 5585 3806 5653 praestan-

2158 5682 2307 5736 tium
2331 5686 2696 5753 satraparum
2730 5699 2741 5736 :
2769 5685 2825 5735 et
2863 5681 3054 5752 gratia
3084 5678 3180 5733 Dei
3216 5674 3394 5730 nostri
3428 5673 3507 5726 tui
3550 5670 3621 5725 ab
3661 5667 3808 5739 ipsis

2159 5775 2393 5826 amatus
2441 5777 2498 5826 et
2548 5770 2871 5825 honoratus
2916 5786 3092 5839 supra
3124 5781 3329 5821 omnes
3362 5764 3571 5817 fratres
3622 5774 3804 5815 meos.
