4120 6402
302 446 440 501 1235

1817 436 2206 489 APPENDIX.

3590 426 3737 483 1236

298 570 576 627 Traditus
608 572 804 625 autem
838 566 1135 639 magistris
1166 580 1298 620 sum
1332 567 1397 617 ut
1426 561 1713 616 discerem
1769 562 1953 614 artem
1984 560 2037 627 Α
2070 556 2215 613 nihil
2246 556 2407 624 Α)ωο
2462 556 2619 612 enim
2680 554 2818 611 vilia
2866 557 2924 610 et
2970 553 3141 609 nihili
3183 552 3350 609 stulti
3382 552 3596 625 (qualis
3627 569 3739 625 ego

304 659 780 733 grammaticam,
815 658 985 726 cujus
1034 660 1232 726 partes
1268 669 1475 708 omnes
1507 649 1772 723 peccurri
1807 666 1969 706 eom-

313 749 719 825 prehendique
796 750 1017 816 septem
1080 742 1291 809 annis;
1348 746 1405 796 et
1445 743 1568 811 jam
1621 739 1969 795 existimans

313 838 643 911 percepisse
680 851 770 890 me
801 833 945 887 satis
986 832 1275 888 elementa
1317 829 1417 885 illa
1461 829 1671 900 prima,
1725 828 1847 883 dixi
1897 828 1968 882 ad

314 946 409 986 me
432 928 627 998 ipsum
654 943 665 979 :
693 927 976 991 Quatuor,
999 926 1062 976 ut
1098 920 1285 987 video,
1314 936 1406 976 res
1429 924 1568 977 sunt
1591 935 1739 990 quas
1762 933 1971 973 omnes

314 1017 584 1078 homines
619 1018 952 1084 sequuntur
985 1012 1289 1066 studentes
1349 1009 1635 1079 adipisci,-
1692 1024 1793 1069 eas
1849 1008 1971 1065 sin-

312 1107 565 1179 gillatim
625 1102 999 1161 considerare
1053 1118 1147 1156 me
1212 1104 1442 1172 oportet
1500 1100 1973 1170 perpendereque

315 1214 380 1254 ac
414 1196 744 1251 discernere
802 1206 1300 1263 unamquamque,
1359 1190 1561 1260 sicque
1618 1188 1975 1244 constituere

316 1303 443 1357 quae
477 1284 555 1339 sit
584 1282 829 1354 optima,
854 1285 919 1335 ut
950 1280 1110 1334 illam
1148 1296 1483 1350 persequar.
1521 1282 1669 1333 Sunt
1697 1293 1835 1348 ergo
1863 1276 1976 1332 illae

318 1381 570 1447 quatuor
602 1390 749 1428 res:
805 1372 997 1442 prima
1057 1369 1380 1440 opulentia,
1439 1367 1622 1423 altera
1681 1366 1972 1438 VOIUptas,

318 1464 491 1522 tertia
548 1465 830 1533 potestas,
884 1466 1178 1530 postrema
1224 1473 1446 1513 merces
1497 1457 1617 1512 sive
1667 1457 1975 1527 premium

328 1568 536 1623 operm.
570 1550 640 1604 Et
673 1548 911 1619 quidem
942 1547 1094 1617 quod
1127 1547 1199 1600 ad
1229 1546 1552 1601 mercedem
1605 1544 1839 1609 attinet,
1873 1544 1977 1598 hu-

326 1644 427 1712 jus
460 1637 667 1710 amplas
702 1642 759 1692 et
790 1635 1038 1708 capiosai
1094 1652 1368 1706 magnam
1428 1651 1593 1706 spem
1644 1635 1978 1691 ostentabat

324 1729 615 1803 professio
659 1726 803 1783 artis
847 1726 1114 1795 medica);
1172 1742 1307 1780 nam
1343 1724 1504 1781 illam
1531 1726 1656 1795 jam
1687 1723 1977 1796 elegeram

328 1820 551 1880 caeteris
602 1819 940 1891 praeferens,
975 1834 1040 1873 eo
1087 1817 1243 1888 quod
1286 1815 1515 1872 laudari
1570 1815 1727 1871 illam
1761 1832 1794 1871 a
1841 1832 1981 1888 pru—

329 1911 607 1967 dentibus
638 1907 919 1967 omnibus
953 1905 1233 1970 viderem,
1265 1909 1322 1960 et
1350 1905 1506 1976 apud
1539 1909 1782 1960 cunctos
1822 1922 1980 1976 aeque

324 2000 523 2058 omnis
555 2002 719 2057 secta
749 2012 815 2053 ac
848 1995 1149 2067 religionis
1181 1994 1451 2051 homines
1484 1995 1541 2049 in
1588 1994 1801 2050 honore
1826 2009 1974 2050 esse.

326 2088 711 2162 Reperiebam
764 2089 960 2141 autem
1000 2085 1057 2140 in
1108 2083 1277 2140 libris
1327 2083 1631 2140 medicinae
1672 2083 1977 2141 scientiam

327 2174 1097 2245 tra'ientibus,laudabilem
1122 2175 1179 2232 in
1206 2172 1411 2244 primis
1435 2190 1562 2228 esse
1586 2174 1684 2243 qui
1710 2173 1977 2229 medendi

339 2268 672 2324 facultatem
699 2279 1040 2335 comparare
1062 2263 1171 2317 sibi
1198 2264 1453 2327 studeat,
1487 2267 1794 2334 propterea
1824 2263 1976 2333 quod

331 2376 457 2413 eam
480 2358 709 2412 aii’ectet
727 2358 909 2408 artem
935 2353 1027 2409 cui
1048 2352 1393 2423 quotidiana
1418 2352 1973 2424 proveniatmerees.

349 2450 423 2503 Eo
457 2461 798 2519 persuasus,
824 2452 877 2497 et
908 2441 1015 2496 hac
1050 2458 1151 2512 spe
1184 2441 1439 2507 illectus,
1464 2444 1633 2498 istam
1668 2443 1976 2512 professio-

321 2554 463 2593 nem
520 2535 749 2591 cunctis
807 2532 939 2588 aliis
995 2532 1245 2603 pratuli,
1311 2548 1423 2587 non
1486 2533 1688 2602 utique
1748 2537 1980 2603 propter

326 2626 747 2698 temporariam
808 2624 1157 2689 mercedem,
1200 2622 1300 2677 sed
1357 2626 1595 2693 propter
1652 2626 1977 2691 aeternam;

326 2734 398 2775 ne
429 2718 577 2771 forte
608 2714 824 2770 similis
848 2713 959 2768 sim
990 2711 1295 2768 mercatori
1317 2711 1734 2781 damnoso,qui
1756 2711 1980 2767 habens

325 2804 713 2876 hyacinthum
747 2802 1004 2874 ingentis
1037 2802 1233 2873 pretii,
1286 2818 1402 2870 quo
1434 2817 1550 2857 uno
1584 2805 1855 2872 potuerat
1892 2802 1980 2857 di-

323 2914 427 2954 ves
463 2895 608 2961 fieri,
640 2892 998 2966 permutavit
1053 2891 1223 2948 illum
1282 2907 1464 2963 grano
1500 2890 1635 2946 mali
1668 2891 1866 2962 punici
1909 2892 1980 2947 ad

330 2986 480 3045 nihil
538 2983 690 3041 utili.
751 2982 1019 3053 Comperi
1072 2998 1280 3037 rursus
1339 2979 1620 3051 quaerenti
1653 2997 1755 3051 per
1805 2981 1978 3036 istam

334 3073 760 3147 professionem
796 3072 1125 3130 mercedem
1159 3075 1456 3136 aeternam,
1480 3086 1595 3126 non
1637 3070 1979 3126 defuturum

326 3165 653 3236 quidquam
686 3176 877 3233 neque
908 3160 968 3217 in
1001 3160 1110 3216 hoc
1156 3160 1367 3216 saeculo
1402 3176 1592 3231 neque
1636 3160 1694 3215 in
1744 3162 1979 3231 futuro;

2080 646 2236 719 sum)
2270 653 2707 718 persequuntur
2735 651 2794 699 et
2824 649 3044 701 amant.
3070 646 3385 714 Quousque
3413 641 3740 713 nonfugies

2080 736 2536 792 momentanea?
2563 751 2675 791 non
2702 750 2930 806 quaeres
2974 731 3377 804 sempiterna?
3412 749 3527 787 non
3559 747 3740 803 parvo

2081 827 2197 883 eris
2229 830 2503 883 contenta
2534 825 2591 879 in
2626 822 2956 881 necessario
3008 821 3335 880 alimento?
3386 837 3500 879 non
3545 820 3741 891 impe-

2083 915 2240 970 rabis
2270 914 2375 971 tibi
2406 913 2465 970 in
2500 918 2743 971 strenua
2771 912 3129 969 exhibitione
3152 912 3441 971 bonorum
3466 925 3741 982 operum,

2082 1013 2487 1068 contendendo
2521 1013 2574 1066 in
2618 1012 2712 1066 his
2771 1016 3059 1082 quantum
3121 1008 3385 1082 poteris?
3444 1011 3741 1063 Memento

2084 1120 2256 1176 porro
2286 1101 2733 1174 compositionis
2765 1100 2853 1159 tui
2885 1098 3169 1171 corporis,
3210 1103 3268 1155 et
3317 1097 3538 1169 quibus
3588 1095 3739 1155 illud

2084 1194 2319 1248 casibus
2341 1192 2780 1248 sitobnoxium.
2824 1189 3148 1247 Recordare
3180 1187 3406 1245 luteum
3441 1186 3598 1245 istud
3634 1201 3740 1241 vas

2085 1282 2401 1337 conflatum
2454 1299 2581 1336 esse
2613 1298 2678 1336 ex
2708 1285 2961 1351 quatuor
3013 1278 3361 1333 humoribus
3407 1277 3560 1332 inter
3611 1292 3743 1333 sese

2084 1372 2509 1443 pugnantibus,
2544 1387 2797 1443 quorum
2828 1369 2975 1424 illud
3027 1368 3226 1440 ipsum
3277 1370 3574 1422 certamen
3617 1367 3745 1420 vita

2088 1462 2344 1516 humana
2400 1465 2536 1531 est;
2596 1476 2724 1531 quae
2780 1459 3016 1528 quidem
3087 1458 3208 1511 vita
3280 1456 3395 1511 cito
3456 1455 3743 1526 praeterit,

2086 1551 2304 1623 quippe
2334 1550 2548 1606 similis
2598 1553 2808 1605 statum
2853 1546 3184 1619 compactili
3216 1562 3285 1602 ex
3318 1545 3519 1600 multis
3560 1546 3746 1616 parti-

2086 1643 2197 1697 bus
2231 1641 2386 1696 inter
2411 1657 2540 1696 sese
2563 1638 2898 1695 commissis
2917 1654 3020 1710 per
3041 1636 3232 1692 clavos
3255 1635 3489 1704 inﬁxos,
3521 1635 3747 1708 quibus

2088 1731 2307 1786 avulsis
2339 1730 2587 1784 solvitur
2627 1731 2857 1794 statua;
2924 1727 3004 1782 sic
3054 1743 3116 1781 se
3171 1724 3349 1783 habet
3408 1725 3742 1781 humanum

2087 1837 2302 1893 corpus
2328 1820 2606 1891 temperie
2626 1821 3101 1890 coagmentatum
3125 1816 3545 1887 quadam,qum
3565 1814 3749 1871 simul

2088 1911 2348 1976 deﬂuxit,
2371 1911 2568 1982 ipsum
2601 1912 2865 1965 remanet
2893 1911 3216 1963 mortuum.
3250 1904 3378 1962 Noli
3410 1920 3604 1960 errare
3635 1920 3748 1960 nec

2086 2001 2311 2072 imponi
2364 2001 2473 2055 tibi
2527 2000 2709 2068 sinas,
2742 1998 3007 2057 oanima
3066 2012 3191 2052 mea
3251 1994 3424 2067 quasi
3456 2010 3744 2067 magnum

2087 2094 2214 2147 vitae
2273 2092 2518 2157 bonum,
2552 2093 2608 2144 et
2639 2105 2739 2161 pro
2771 2104 2889 2159 quo
2916 2090 3137 2141 certare
3193 2086 3264 2140 ad
3298 2090 3626 2140 extremum
3654 2082 3748 2139 di-

2088 2196 2271 2252 gnum
2302 2179 2400 2246 sit,
2436 2178 2760 2249 repositum
2793 2176 2973 2231 videri
3007 2174 3294 2230 debeatin
3314 2173 3747 2229 consuetudine

2089 2272 2392 2340 tutelaque
2436 2268 2701 2339 gravium
2765 2272 2823 2321 et
2883 2265 3213 2337 potentium
3276 2265 3619 2328 amicorum,
3681 2264 3743 2318 in

2085 2361 2348 2431 jucundo
2375 2357 2781 2424 contubernio,
2805 2360 2859 2411 et
2882 2353 3353 2410 contabulatione
3382 2352 3745 2425 elegantium

2091 2449 2563 2513 adolescentum;
2626 2462 2761 2500 nam
2824 2446 3029 2500 horum
3093 2443 3359 2498 omnium
3423 2441 3750 2512 frequentia

2092 2538 2389 2592 modicum
2426 2535 2647 2607 gaudii,
2684 2534 2937 2588 multum
2972 2531 3193 2587 doloris
3227 2535 3422 2598 creat;
3473 2532 3594 2586 imo
3629 2529 3749 2600 ple-

2091 2643 2342 2696 rumque
2372 2625 2430 2679 in
2466 2624 2665 2680 odium
2708 2630 2764 2678 et
2794 2622 3010 2678 bellum
3047 2621 3459 2686 desinit.Quod
3486 2621 3567 2675 ita
3597 2635 3750 2689 esse,

2093 2718 2189 2772 ubi
2224 2722 2281 2771 te
2312 2732 2515 2771 ansam
2568 2714 2814 2784 experiri
2868 2715 3110 2767 eventus
3154 2710 3445 2779 docuerit,
3491 2710 3750 2781 profecto

2089 2806 2204 2861 icta
2237 2807 2453 2859 damno
2484 2803 2833 2874 improsperi
2870 2817 3205 2871 successus,
3237 2798 3616 2854 succeneehis
3651 2798 3750 2853 isti

2090 2893 2481 2966 experientiae;
2503 2892 2887 2962 similiterque
2908 2891 3086 2946 facies
3110 2895 3175 2945 ut
3199 2889 3297 2961 qui
3332 2890 3421 2944 usi
3457 2887 3749 2946 cochleari

2092 2986 2163 3041 ad
2199 3000 2438 3056 sapores
2470 2982 2806 3055 probandos
2828 2980 3202 3051 jusculorum
3232 2978 3748 3035 autsorhitionum

2092 3075 2445 3138 oblatarum,
2472 3073 2520 3128 si
2546 3071 2875 3143 cujuspiam
2901 3086 3102 3126 eorum
3147 3068 3449 3125 amarities
3479 3068 3751 3141 linguam

2092 3164 2498 3231 momorderit,
2523 3159 2910 3216 eversabundi
2934 3164 2991 3215 et
3012 3159 3217 3215 offensi
3239 3165 3547 3230 corrugato
3579 3175 3756 3230 naso,

331 3255 434 3351 sed
466 3256 812 3310 eventurum
846 3250 961 3321 ipsi
994 3250 1150 3305 idem
1194 3249 1350 3320 quod
1397 3248 1980 3351 agricolaa‘purganti
2018 3283 2060 3351 ϐ
2098 3254 2270 3308 etiam
2321 3253 2787 3307 instrumentum
2816 3266 2932 3321 quo
2964 3250 3161 3321 liquor
3190 3264 3403 3304 exosus
3429 3248 3633 3304 illatus
3664 3248 3754 3304 ori

334 3343 646 3414 diligenter
704 3356 913 3411 agrum
969 3355 1142 3394 suum
1202 3344 1259 3394 et
1317 3342 1554 3394 strenue
1609 3338 1844 3407 colenti,
1894 3339 1985 3394 cui

333 3450 467 3490 cum
525 3432 732 3488 fenum
823 3433 879 3484 et
953 3427 1214 3483 triticum
1287 3428 1424 3483 inde
1482 3428 1803 3499 proveniat,
1873 3445 1987 3483 non

330 3535 527 3581 tamen
577 3521 676 3577 ille
737 3526 973 3592 propter
1028 3520 1227 3574 fenum
1275 3517 1583 3584 laboravit,
1626 3519 1726 3573 sed
1760 3526 1992 3589 propter

331 3612 619 3668 triticum.
652 3609 807 3678 Coepi
841 3624 974 3677 ergo
1028 3606 1227 3661 statim
1274 3623 1478 3661 curare
1526 3606 1791 3661 infirmos
1855 3625 1992 3678 proa-

345 3708 475 3775 pter
505 3699 832 3755 mercedem
868 3700 1169 3763 aeternam,
1224 3701 1283 3750 et
1330 3695 1665 3751 medicabar
1701 3700 1989 3767 quosdam

338 3790 583 3861 quidem
611 3785 940 3856 chirurgica
986 3800 1160 3855 opera
1203 3785 1455 3856 propriis
1511 3786 1826 3856 manibus;
1859 3787 1990 3843 aliis

333 3878 513 3935 verbo
546 3875 1016 3947 przescribebam,
1051 3874 1295 3944 praeberi
1322 3874 1541 3944 jubeus
1564 3875 1993 3933 medicamenta

342 3965 767 4033 convenientia,
800 3980 905 4019 nec
954 3964 1271 4036 querebam
1333 3966 1658 4020 mercedem
1720 3966 1897 4022 aliam
1958 3985 1991 4023 a

338 4072 640 4130 quoquam
670 4054 780 4109 nisi
814 4054 1048 4109 laudem
1081 4071 1115 4109 a
1147 4053 1444 4109 similibus
1493 4055 1631 4121 mei,
1663 4059 1766 4110 aut
1810 4058 1988 4113 etiam

336 4146 712 4211 clarioribus,
744 4150 801 4199 et
822 4144 1013 4215 magis
1038 4143 1362 4211 honoratis,
1397 4145 1704 4216 magisque
1753 4146 1991 4218 opulen-

334 4237 429 4303 tis,
466 4234 614 4290 nihil
662 4237 1009 4305 exspectans
1055 4237 1157 4288 aut
1186 4238 1431 4304 captans
1461 4233 1644 4301 aliud,
1679 4235 1791 4289 nisi
1827 4240 1887 4289 ut
1918 4237 1988 4291 ab

333 4324 483 4396 ipsis
513 4324 601 4377 vir
634 4324 818 4378 bonus
849 4326 1028 4377 verbo
1060 4326 1116 4377 et
1145 4339 1317 4393 opere
1348 4323 1614 4380 haberer.

338 4429 474 4480 CAP.
508 4423 576 4478 ll.
610 4453 681 4463 —
708 4423 935 4477 Perseis
965 4421 1269 4476 admonitio
1299 4422 1369 4477 ad
1394 4423 1642 4478 animam
1658 4441 1815 4479 suam
1834 4432 1989 4481 (ran—

802 4496 997 4549 siloria
1032 4496 1523 4564 concupiscentem.

410 4610 878 4682 Concupiscebat
907 4613 1102 4663 autem
1157 4609 1354 4664 anima
1400 4626 1530 4665 mea
1563 4628 1655 4666 res
1688 4611 1892 4666 labiles
1924 4631 1990 4669 ac

338 4704 524 4757 iluxas
552 4719 565 4768 ;
598 4716 703 4770 ego
737 4702 931 4753 autem
965 4697 1026 4753 in
1077 4700 1437 4753 contrarium
1481 4701 1674 4756 nitens
1706 4701 1986 4757 admone-

335 4794 467 4848 bam
531 4791 717 4861 ipsam
755 4788 921 4843 :Non
984 4787 1288 4859 intelligis,
1322 4788 1620 4860 inquiens,
1681 4808 1712 4845 ο
1767 4792 1983 4861 anima,

336 4885 533 4937 futura
564 4896 630 4935 ea
680 4894 809 4934 esse
854 4894 980 4947 qua:
1041 4893 1170 4931 vere
1224 4883 1493 4948 prosunt,
1539 4896 1651 4933 non
1700 4880 1807 4935 ista
1841 4899 1986 4952 pra:-

340 4970 549 5025 sentia.
578 4969 895 5037 Quousque
928 4982 1042 5020 non
1075 4964 1231 5037 fugis
1262 4966 1518 5022 humiles
1554 4968 1729 5031 hasce
1760 4970 1989 5028 reculas

340 5076 466 5129 quae
500 5058 782 5128 gaudium
813 5072 1019 5111 verum
1054 5055 1177 5111 suis
1210 5055 1655 5125 possessoribus
1688 5075 1801 5113 non
1848 5061 1989 5116 alie-

341 5151 502 5211 runt,
565 5147 664 5200 sed
723 5145 796 5200 iis
858 5146 1055 5217 potius
1118 5160 1325 5216 graves
1383 5145 1680 5203 incutiunt
1738 5148 1989 5218 dolores,

344 5233 765 5304 molestiasque
815 5253 880 5291 ac
929 5235 1340 5291 tribulationes
1388 5242 1607 5300 creant,
1661 5254 1773 5293 non
1821 5240 1990 5294 evita-

342 5323 446 5378 hili
480 5322 869 5377 subductione
900 5324 1013 5392 sui,
1051 5324 1121 5379 ad
1151 5328 1476 5379 extremum
1523 5330 1719 5381 autem
1767 5328 1990 5398 suppli-

343 5411 450 5466 ciis
474 5427 572 5466 eos
604 5409 928 5480 subjiciunt
974 5412 1255 5469 aeternis?
1309 5412 1443 5481 Cur,
1505 5431 1535 5469 o
1596 5414 1793 5471 anima
1844 5434 1991 5486 mea,

346 5518 461 5559 non
488 5499 812 5555 recordaris
844 5501 1237 5557 aeternorum?
1268 5501 1395 5556 Non
1428 5507 1483 5556 te
1517 5504 1695 5573 pudet
1728 5521 1993 5561 commu-

348 5591 543 5644 nicare
575 5606 709 5644 cum
744 5585 966 5653 stultis,
1002 5588 1059 5642 in
1094 5606 1291 5644 amore
1320 5591 1449 5646 vitae
1485 5592 1663 5662 hujus
1711 5596 1993 5667 corrupti-

345 5675 523 5729 bilis?
551 5678 695 5735 Nam
733 5676 831 5747 qui
862 5691 931 5729 ex
970 5675 1079 5731 hoc
1109 5695 1253 5732 vano
1286 5682 1505 5736 mundo
1546 5683 1769 5753 aliquid
1825 5685 1998 5741 habet

349 5762 505 5829 apud
559 5782 641 5837 se,
674 5763 1039 5823 tantumdem
1095 5770 1183 5821 est
1241 5783 1305 5822 ac
1365 5769 1415 5823 si
1473 5770 1725 5828 habebat
1754 5774 1994 5833 omnino

2101 3349 2209 3413 est,
2244 3342 2518 3397 iracunde
2538 3340 2903 3395 confractum
2933 3340 2991 3393 in
3024 3339 3218 3410 ignem
3269 3335 3574 3407 abjieiunt.
3609 3341 3757 3394 Cave

2092 3432 2317 3487 crucies
2351 3448 2417 3486 ac
2450 3431 2661 3503 perdas
2693 3433 2749 3484 te
2781 3430 2971 3500 ipsam
3007 3428 3260 3483 sollicita
3305 3431 3364 3482 et
3414 3426 3751 3500 periculosa

2091 3522 2426 3577 corrasione
2456 3519 2837 3591 pecuniarum
2870 3521 2925 3574 in
2961 3518 3208 3589 gratiam
3260 3520 3644 3588 cognatorum
3680 3534 3751 3573 ac

2093 3615 2334 3667 fratrum
2389 3615 2624 3665 tuorum
2660 3624 2806 3680 quos
2836 3608 3023 3663 ditare
3067 3606 3294 3662 damnis
3354 3613 3408 3661 et
3467 3607 3752 3663 aerumnis

2092 3703 2209 3757 tuis
2240 3701 2510 3768 studeas;
2535 3699 2689 3753 idem
2716 3714 2888 3768 passa
2911 3697 3067 3769 quod
3100 3696 3238 3751 thus
3261 3700 3363 3750 aut
3392 3696 3748 3767 thymiama,

2092 3808 2224 3863 qum
2253 3795 2317 3845 ut
2342 3790 2487 3844 alios
2514 3789 2690 3843 odore
2713 3788 2922 3859 juvent
2951 3787 3010 3841 in
3045 3787 3177 3857 igne
3210 3802 3337 3841 sese
3359 3790 3746 3855 consumunt,

2094 3891 2150 3944 in
2187 3890 2378 3944 fumos
2411 3886 2839 3943 evanescentia.
2865 3884 3077 3940 Anima
3109 3902 3259 3954 mea,
3304 3901 3374 3939 ne
3404 3886 3461 3939 te
3494 3883 3753 3956 decipiat

2094 3975 2279 4031 falsus
2338 3975 2615 4046 splendor
2675 3973 3012 4029 divitiarum
3091 3978 3150 4028 et
3202 3972 3399 4045 gloriae
3464 3988 3477 4028 :
3535 3972 3749 4029 harum

2092 4065 2250 4121 enim
2280 4066 2602 4119 vanitatem
2662 4079 2833 4119 nemo
2884 4060 3162 4135 intelligit
3218 4060 3339 4117 nisi
3396 4077 3530 4116 eum
3575 4061 3754 4119 fuerit

2094 4158 2165 4212 ab
2200 4156 2270 4210 iis
2295 4157 2623 4226 separatus.
2655 4150 2889 4208 Similes
2916 4150 3135 4224 quippe
3189 4156 3329 4209 sunt
3360 4151 3611 4231 capillis,
3646 4153 3752 4225 qui

2096 4246 2359 4316 quandiu
2412 4243 2634 4297 haerent
2688 4240 2863 4313 capiti
2923 4257 3055 4296 cum
3114 4258 3180 4296 eo
3240 4241 3643 4310 honorantur;
3697 4243 3750 4299 si

2097 4332 2284 4389 avulsi
2319 4336 2419 4387 aut
2477 4332 2683 4387 resecti
2733 4332 2970 4399 fuerint,
3021 4335 3086 4385 ut
3133 4331 3336 4386 sordes
3386 4329 3753 4400 abjiciuntur

2098 4441 2163 4479 ac
2195 4422 2634 4478 conculcantur.
2669 4421 2918 4475 Attende
2951 4420 3150 4475 anima
3208 4438 3338 4475 mea
3395 4437 3530 4475 cum
3571 4422 3748 4477 sedu-

2100 4513 2261 4567 litate
2291 4510 2655 4565 medicandis
2687 4510 2939 4564 intlrmis
2974 4524 2988 4564 :
3024 4525 3129 4564 nec
3170 4510 3348 4578 dicas,
3382 4510 3751 4567 iunctionem

2102 4619 2224 4657 eam
2260 4619 2387 4657 esse
2432 4600 2630 4670 magni
2678 4597 2897 4654 laboris
2929 4600 3240 4671 gravisque
3273 4599 3588 4671 dispendii,
3622 4601 3750 4656 cui-

2102 4708 2212 4764 que
2286 4708 2400 4744 non
2462 4688 2811 4759 respondeat
2867 4706 2899 4742 a
2957 4687 3313 4758 gratitudine
3387 4692 3752 4746 servatorum

2100 4798 2319 4836 merces
2382 4779 2608 4848 idonea,
2644 4796 2707 4832 eo
2743 4778 2893 4848 quod
2951 4776 3215 4849 plerique
3274 4776 3583 4833 hominum
3634 4779 3753 4835 vim

2101 4877 2165 4928 ut
2197 4887 2367 4925 usum
2427 4869 2569 4923 artis
2617 4867 2855 4923 medicae
2907 4884 3023 4922 non
3070 4865 3422 4938 intelligant,
3474 4870 3756 4941 casuique

2100 4967 2200 5018 aut
2232 4964 2454 5016 naturae
2500 4958 2796 5029 imputent
2839 4956 2968 5027 ejus
3018 4955 3275 5011 effectus.
3330 4957 3417 5010 Tu
3457 4972 3591 5013 vero
3619 4957 3755 5012 imi-

2098 5058 2223 5108 tata
2279 5051 2492 5105 heroas
2552 5048 2650 5119 qui
2704 5046 2960 5118 pretium
3013 5046 3225 5101 servati
3283 5046 3544 5102 nominis
3592 5048 3754 5103 aliud

2102 5159 2217 5197 non
2251 5142 2460 5195 curant
2509 5153 2687 5207 quam
2740 5134 2986 5207 gloriam
3040 5150 3165 5206 quae
3223 5134 3322 5190 isti
3374 5136 3524 5191 facto
3576 5138 3753 5207 inest,

2104 5241 2188 5296 sic
2221 5240 2397 5293 debes
2463 5241 2742 5303 statuere,
2806 5233 3041 5289 abunde
3095 5238 3151 5288 te
3210 5239 3644 5290 remuneratam
3688 5252 3757 5291 eo

2108 5332 2233 5401 ipso
2292 5327 2445 5400 quod
2509 5324 2840 5381 calamitate
2892 5323 3137 5379 miseros
3211 5324 3514 5395 levaveris,
3599 5325 3758 5396 quod

2105 5437 2289 5491 aegros
2350 5417 2558 5472 mortis
2620 5414 2889 5470 faucibus
2948 5417 3183 5485 ereptos
3243 5413 3637 5470 incolumitati
3693 5432 3763 5470 ac

2105 5509 2365 5567 felicitati
2426 5505 2775 5562 reddideris.
2810 5504 2954 5559 Nam
2988 5504 3199 5559 horum
3251 5519 3399 5576 quos
3450 5504 3567 5559 dixi
3602 5504 3764 5559 forti.

2105 5599 2331 5654 tudinis
2362 5595 2609 5651 heroicae
2632 5595 2789 5649 fama
2814 5592 3133 5647 eelebrium
3166 5593 3423 5648 virorum
3456 5606 3524 5647 ea
3561 5591 3762 5663 opinio

2107 5692 2196 5744 est
2255 5705 2265 5742 :
2322 5688 2467 5741 bene
2535 5682 2847 5756 quantavis
2922 5682 3290 5737 contentione
3349 5698 3413 5737 ac
3471 5697 3759 5749 aerumna,

2106 5794 2310 5833 cruore
2342 5775 2482 5846 quin
2518 5774 2693 5829 etiam
2726 5773 2885 5843 large
2942 5787 3045 5843 per
3082 5772 3324 5827 vulnera
3380 5771 3586 5840 eti‘uso,
3641 5771 3760 5826 emi
