4120 6390
409 418 551 471 1237

1423 422 1783 475 SPECIMEN
1823 421 2229 477 SAPIENTUE
2268 424 2604 478 INDORUM
2644 428 2808 479 VET.

3690 426 3830 479 1238

403 546 546 601 civis
566 546 655 601 vel
680 545 855 602 unius
875 546 1053 602 vitam
1073 548 1144 602 ab
1176 550 1434 602 extremo
1467 547 1809 603 discrimine
1836 548 2051 619 recepti
2085 549 2136 615 Α
2167 548 2351 611 Quam
2385 565 2652 607 exercere
2684 551 3030 623 diligentius
3064 568 3406 625 aggressum
3456 552 3825 607 conturbavit

409 635 786 708 restitutique
842 638 1042 708 patriae
1106 653 1119 691 :
1178 642 1399 706 quanto
1454 638 1650 708 majus
1709 636 1821 691 erit
1880 638 2059 693 decus

402 728 786 797 professionis
812 732 868 781 et
894 726 1213 781 functionis
1246 727 1426 797 hujus
1457 733 1567 781 tua:
1600 726 1904 799 proprium
1939 744 2058 798 qua

403 831 518 870 non
543 832 727 870 unum
755 822 857 871 aut
879 816 1151 881 alterum,
1176 817 1273 872 sed
1302 815 1761 872 innumerabiles
1784 817 2053 871 homines

402 906 577 960 exitio
608 907 1010 977 grassantium
1042 907 1380 961 morborum
1415 905 1760 978 quotidiano
1790 906 2053 961 ministe-

400 995 487 1049 rio
547 996 905 1062 subtractos,
956 998 1090 1050 vitae
1146 1012 1211 1051 ac
1267 996 1622 1068 reipublicae,
1685 996 1847 1050 uxori
1906 995 2050 1051 libe-

399 1086 601 1156 risque
660 1091 1045 1157 repraesentes
1105 1086 1453 1141 incolumes.
1497 1087 1603 1141 Cui
1649 1086 1855 1140 merito
1918 1102 2048 1141 cum

395 1179 595 1231 deesse
647 1193 761 1230 non
814 1177 1001 1247 possit
1053 1180 1219 1231 fama:
1252 1194 1315 1230 ac
1350 1177 1539 1232 laudis
1571 1182 1794 1231 internas
1829 1193 2049 1247 pNBCO-

392 1267 581 1333 nium,
617 1265 869 1321 nimi-um
902 1284 1074 1321 avara
1107 1268 1210 1334 sis,
1246 1268 1291 1320 si
1348 1266 1673 1321 mercedem
1708 1266 1836 1334 ejus
1870 1265 2043 1320 aliam

388 1358 769 1426 quaerendam
850 1361 1037 1427 putes.
1107 1358 1316 1411 Anima
1385 1372 1533 1423 mea,
1604 1371 1677 1410 ne
1743 1356 2043 1410 adhaereas

389 1446 712 1517 fugacibus,
777 1463 847 1500 ne
908 1446 1148 1501 insistas
1211 1446 1579 1513 nutantibus,
1640 1461 1709 1500 ne
1770 1446 2042 1515 prmferas

386 1553 566 1607 parva
607 1538 859 1607 magnis,
897 1554 967 1591 ne
1002 1537 1231 1591 modico
1282 1536 1536 1590 mstimes
1589 1536 2036 1607 pretiosissima,

382 1626 597 1681 similis
653 1626 961 1681 mercatori
996 1626 1095 1697 qui
1131 1625 1364 1696 plenam
1416 1625 1638 1680 habens
1692 1625 2036 1696 apothecam

380 1716 549 1771 serici
584 1716 953 1785 Damasceni,
989 1721 1397 1786 suggerentem
1451 1715 1564 1769 sibi
1611 1715 1891 1769 desidiam
1927 1731 2035 1769 au-

381 1806 523 1860 divit
559 1822 571 1861 :
608 1806 732 1860 Ileu
766 1810 1026 1877 quantus
1057 1805 1225 1860 labor
1250 1806 1358 1860 erit
1388 1809 1611 1860 tantam
1646 1806 1819 1860 istam
1854 1804 2033 1877 panni

2170 655 2485 694 occurrens
2544 640 2850 711 inquisitio
2877 656 3023 696 vera:
3070 642 3390 713 religionis,
3425 642 3494 695 de
3527 657 3644 712 qua
3675 642 3821 697 nihil

2166 728 2224 783 in
2296 729 2653 784 medicorum
2709 730 2876 786 libris
2934 731 3215 803 legeram.
3276 731 3558 787 Videbam
3620 736 3817 787 autem

2164 835 2292 873 esse
2324 819 2494 874 istam
2538 836 2739 875 curam
2795 821 3022 875 cunctis
3073 822 3528 893 praevertendam
3568 838 3579 874 :
3617 821 3818 892 utique

2162 924 2295 963 cum
2344 909 2415 962 ad
2464 908 2805 965 felicitatem
2835 910 2895 964 in
2928 909 3039 965 alia
3070 911 3325 981 quadam
3376 910 3446 963 ab
3499 910 3606 965 hac
3656 910 3815 965 labili

2160 1000 2591 1069 assequendam
2617 1000 2759 1067 vita,
2797 1000 3012 1055 frustra
3038 1002 3374 1067 contendat,
3410 1000 3523 1054 nisi
3557 1002 3647 1054 cui
3681 1019 3815 1056 vera

2160 1105 2277 1143 una
2300 1088 2501 1160 religio
2526 1086 2663 1142 talis
2688 1104 2816 1143 sese
2836 1091 2941 1143 viae
2975 1090 3182 1145 ducem
3220 1089 3549 1160 prmbuerit.
3589 1091 3811 1145 intento

2157 1194 2329 1249 porro
2364 1179 2423 1232 in
2451 1178 2601 1233 hanc
2653 1178 3062 1249 cogitationem
3112 1179 3254 1233 mihi
3301 1179 3496 1233 multat
3548 1195 3609 1233 se
3660 1180 3807 1249 obji-

2154 1269 2387 1322 ciebant
2417 1285 2543 1338 quae
2574 1268 2899 1323 humanum
2927 1285 3112 1340 genus
3144 1270 3200 1322 in
3237 1274 3431 1340 partes
3462 1268 3806 1323 innumeras

2153 1357 2487 1412 distrahunt
2524 1364 2695 1414 sectae
2725 1358 3069 1430 opinionum
3104 1360 3171 1412 de
3198 1358 3472 1413 Numinis
3519 1358 3679 1413 cultu
3714 1360 3802 1412 di-
3846 1426 3853 1433 .

2150 1465 2496 1518 versarunt;
2551 1464 2698 1518 quas
2750 1449 2989 1503 adortus
3031 1447 3401 1503 considerare
3433 1446 3801 1517 singillatim,

2151 1537 2233 1592 sic
2265 1538 2663 1609 reperiebam:
2694 1538 2839 1592 trahi
2867 1555 2929 1591 ac
2954 1539 3135 1592 teneri
3158 1537 3464 1609 plerosque
3496 1537 3800 1591 hominum

2147 1627 2203 1681 in
2263 1628 2542 1699 religione
2601 1645 2777 1698 quam
2839 1632 3159 1694 sectantur,
3194 1627 3405 1698 partim
3461 1628 3805 1681 auctoritate

2146 1717 2502 1772 tradentium
2584 1723 2916 1788 parentum,
2977 1722 3033 1772 ct
3102 1717 3308 1772 inolita
3380 1717 3802 1771 consuetudine

2146 1809 2318 1877 longo
2351 1804 2720 1861 educationis
2754 1823 2896 1873 usu;
2934 1806 3147 1877 partim
3184 1805 3441 1859 utilitate
3461 1821 3527 1859 ac
3551 1810 3801 1875 quaestu,

383 1895 597 1951 molem
632 1895 966 1951 minutatim
1002 1912 1104 1967 per
1131 1894 1312 1950 libras
1342 1895 1625 1967 ulnasque
1659 1895 1983 1950 distrahere
2014 1894 2028 1949 l
2066 1918 2113 1982 Β
2145 1896 2621 1967 provenientibus
2664 1912 2731 1949 ex
2782 1894 2893 1949 ritu
2946 1894 3292 1966 praevalente
3350 1892 3577 1948 illectos
3638 1911 3801 1949 com-

380 2000 632 2057 moxque
664 1986 811 2039 citra
844 1985 1071 2057 pondus
1104 2002 1171 2040 ac
1203 2002 1541 2040 mensuram
1576 1984 1846 2039 licitatori
1880 2000 2035 2039 mas-

378 2090 507 2129 sam
542 2077 725 2129 totam
758 2072 1044 2130 vilissimo
1094 2074 1317 2129 addixit
1362 2074 1582 2145 pretio;
1634 2074 1851 2129 stultus
1900 2072 2035 2129 inde

368 2164 697 2233 judicatus.
716 2164 844 2218 Haec
864 2162 1005 2217 mihi
1022 2163 1330 2219 disserenti
1356 2164 1508 2235 apud
1535 2164 1792 2218 animam
1820 2178 2032 2251 meam,

376 2270 487 2309 non
525 2252 748 2308 habens
780 2252 881 2308 illa
914 2254 1068 2325 quod
1102 2253 1503 2309 verisimiliter
1525 2259 1868 2326 opponeret,
1904 2271 2029 2310 ces-

372 2343 449 2397 sit
476 2343 731 2411 tandem,
760 2359 1160 2414 persuasaque
1190 2344 1430 2398 transiit
1456 2344 1512 2398 in
1538 2344 1889 2399 sententiam
1914 2362 2034 2399 mo-

371 2432 588 2498 nentis,
623 2432 919 2487 absistens
953 2451 984 2486 a
1015 2433 1439 2503 cupidilatibus
1468 2437 1524 2487 et
1555 2434 1722 2488 vanis
1759 2435 1977 2505 spebus
2013 2450 2027 2489 :

374 2520 637 2593 ccepique
669 2521 1026 2592 tranquillus
1058 2522 1264 2577 exinde
1296 2537 1464 2593 agere
1499 2538 1689 2577 meum
1726 2523 2025 2596 negotium

361 2612 612 2681 juvandi
646 2611 1013 2683 languentes,
1045 2611 1169 2668 solo
1201 2614 1417 2666 intuitu
1449 2611 1644 2684 gloria:
1676 2616 1923 2668 aeternas.

366 2745 500 2800 CAP.
556 2746 648 2801 Ill.
704 2777 771 2786 —
818 2749 1058 2819 λΕίθνηα
1119 2749 1385 2817 quaerenti
1450 2747 1621 2803 etiam
1684 2751 2025 2819 temporaria

438 2821 747 2872 occurrunt.
812 2817 1033 2875 Medicae
1079 2821 1220 2875 artis
1270 2820 1509 2888 defectus
1582 2817 1947 2890 deprehensus
1990 2839 2025 2876 (ι

438 2895 664 2956 Persae,
699 2890 941 2958 ejusdem
970 2894 1134 2945 (estus
1166 2893 1221 2945 in
1254 2892 1464 2947 delectu
1496 2892 1805 2961 religionis.

443 3006 727 3061 Caeterum
790 3007 875 3062 sic
936 3024 1137 3079 agens,
1166 3014 1223 3065 et
1270 3012 1488 3064 aeterna
1549 3026 1814 3081 quaerens
1873 3010 2019 3081 sola,

371 3112 487 3151 nou
521 3100 716 3153 tamen
749 3098 1122 3168 temporariis
1153 3097 1351 3167 carui;
1385 3098 1524 3169 quin
1555 3097 1764 3154 horum
1789 3115 2021 3171 quoque

370 3185 626 3256 benigna
672 3185 815 3241 mihi
862 3202 991 3242 sese
1039 3192 1246 3258 sponte
1295 3188 1465 3260 copia
1508 3188 1772 3259 ingessit.
1806 3189 2019 3260 Opum,

366 3273 632 3353 inquam,
667 3275 1143 3343 existimationis,
1173 3277 1479 3350 dignitatis
1511 3294 1540 3333 θ
1572 3278 1762 3349 gratia
1810 3295 2011 3351 regum
2047 3288 2090 3355 ο

358 3368 591 3421 tantum
638 3369 845 3420 nactus
895 3383 1052 3432 sum,
1082 3372 1369 3438 quantum
1407 3384 1478 3423 ne
1518 3373 1719 3439 optare
1777 3369 2015 3439 quidem

362 3471 649 3525 unquam,
673 3454 859 3510 multo
895 3456 1091 3513 minus
1117 3473 1375 3527 sperare,
1394 3455 1451 3513 in
1480 3461 1731 3513 mentem
1757 3464 2013 3515 venerat:

360 3547 634 3617 ultroque
668 3547 873 3614 fateor,
907 3561 1034 3614 quae
1079 3545 1207 3614 ejus
1251 3545 1483 3616 generis
1515 3545 1709 3617 ampla
1743 3547 2017 3618 magnifi-

359 3653 570 3702 caoue,
601 3635 687 3689 vel
723 3639 858 3688 ante
889 3650 1075 3688 meam
1108 3633 1167 3687 in
1202 3634 1426 3691 Indiam
1457 3635 2014 3706 peregrinationem,

354 3726 445 3781 vel
480 3734 606 3797 post
638 3723 893 3779 reditum
928 3724 1064 3777 inde
1098 3740 1230 3778 sum
1264 3725 1534 3794 adeptus,
1575 3741 1688 3779 non
1743 3731 2012 3780 votorum

356 3816 549 3871 solum
604 3828 894 3880 meorum,
930 3814 1027 3868 sed
1060 3811 1233 3867 etiam
1269 3814 1611 3875 meritorum
1645 3814 1884 3871 modum
1917 3830 2012 3869 ex-

354 3906 580 3961 cedere.
613 3905 758 3959 Cum
791 3906 985 3958 autem
1016 3905 1207 3961 totum
1240 3902 1588 3975 adjecissem
1640 3902 1907 3961 animum
1940 3905 2010 3959 ad

356 3990 970 4065 comprehendendam
1014 3992 1591 4064 pernoscendamque
1624 3993 1858 4063 penitus
1891 4010 2013 4049 me-

358 4085 550 4139 dicam
580 4087 791 4149 artem,
826 4081 975 4136 illud
1024 4098 1115 4137 me
1164 4082 1222 4137 in
1267 4098 1336 4137 ea
1378 4084 1730 4151 oti'endebat,
1764 4084 1919 4154 quod
1950 4083 2010 4138 in

355 4173 631 4228 universa
660 4172 788 4242 ejus
821 4169 873 4225 vi
903 4170 1130 4226 nullum
1165 4172 1526 4243 reperiebam
1561 4174 1795 4228 modum
1829 4173 2011 4244 plenae

361 4279 428 4318 ac
481 4261 745 4334 perfecta:
778 4261 1052 4317 sanitatis
1082 4261 1306 4317 homini
1338 4262 1681 4317 tribuendas.
1718 4262 1859 4317 Cum
1895 4267 2015 4318 tota

360 4354 489 4422 ejus
514 4354 569 4406 in
596 4367 661 4406 eo
686 4352 924 4406 demum
944 4350 1191 4409 facultas
1223 4356 1617 4422 expromatur,
1645 4356 1708 4407 ut
1738 4353 2012 4423 ingruen-

357 4449 471 4496 tem
520 4440 771 4512 depellat
826 4441 1136 4508 morbum;
1188 4441 1449 4512 polliceri
1509 4447 1707 4497 autem
1752 4460 1819 4497 ac
1866 4460 2013 4514 prae-

361 4537 517 4587 stare
550 4546 664 4586 non
699 4534 894 4601 queat,
921 4534 984 4584 ut
1007 4532 1243 4601 propria
1273 4540 1671 4605 perpetuaque
1703 4537 1903 4588 curato
1936 4534 2013 4588 sit

360 4624 593 4691 recepta
621 4619 909 4685 valetudo,
939 4636 1010 4674 ne
1052 4636 1181 4674 eam
1236 4637 1495 4690 unquam
1551 4620 1878 4693 languoris,
1911 4627 2012 4677 aut
2046 4661 2084 4724 Ι)

360 4709 661 4765 redeuntis
717 4715 1030 4782 postquam
1086 4709 1330 4779 abierat,
1387 4714 1487 4765 aut
1538 4711 1608 4765 de
1666 4728 1813 4766 novo
1869 4713 2009 4767 sub-

359 4800 605 4857 orientis
644 4799 916 4855 incursus
948 4799 1275 4855 labefactet.
1311 4799 1374 4854 In
1409 4817 1522 4872 quo
1555 4800 1699 4855 mihi
1731 4800 2009 4859 difﬁdens

357 4892 577 4945 frustra
607 4889 922 4961 exploravi,
948 4889 1116 4961 ecqui
1151 4889 1249 4944 alii
1283 4890 1642 4962 professores
1686 4891 1815 4959 ejus
1867 4893 2007 4949 artis

358 4996 450 5035 me
481 4978 765 5034 feliciores
797 4983 996 5034 essent
1022 4996 1034 5032 :
1059 4980 1159 5034 sed
1198 4978 1493 5036 neminem
1528 4996 1780 5057 usquam
1814 4982 2007 5037 inveni

355 5068 458 5142 qui
492 5069 627 5143 plus
660 5085 836 5141 quam
866 5068 1005 5137 dixi,
1036 5072 1249 5140 posset.
1286 5069 1345 5123 Id
1391 5068 1569 5141 quod,
1598 5086 1669 5125 ne
1723 5069 2006 5126 dissimu-

353 5158 471 5213 lem
520 5174 722 5213 verum
782 5158 961 5213 animi
1017 5174 1282 5226 sensum,
1333 5154 1587 5214 multum
1646 5158 2009 5231 refrigeravit

350 5250 663 5303 incensum
695 5264 889 5303 meum
917 5248 1181 5303 studium
1215 5248 1273 5302 in
1306 5248 1483 5303 istam
1512 5247 1840 5318 scientiam,
1862 5250 2005 5306 adeo

354 5336 807 5392 insuflicientem
888 5336 1335 5409 deprehensam.
1415 5336 1755 5409 Intelligens
1832 5356 2004 5411 porro

354 5426 510 5494 inde,
562 5443 756 5481 veram
816 5425 1076 5481 hominis
1123 5425 1375 5482 salutem
1430 5444 1495 5482 ac
1550 5427 1885 5483 felicitatem
1943 5429 2002 5484 in

353 5524 703 5574 antemarum
764 5516 959 5589 potius
1003 5521 1060 5572 et
1109 5534 1343 5592 semper
1401 5519 1785 5586 manentium,
1827 5536 2003 5591 quam

350 5609 564 5663 harum
624 5608 977 5663 caducarum
1039 5625 1165 5679 quae
1223 5607 1392 5663 nobis
1449 5609 1600 5663 inter
1660 5626 1868 5663 manus
1918 5611 2002 5665 ef-

356 5703 569 5764 ﬂuunt,
594 5699 903 5770 adeptione
935 5716 1129 5754 rerum
1163 5698 1336 5754 sitam
1370 5717 1518 5769 esse,
1555 5704 1718 5755 tanto
1771 5699 2001 5771 impen-

358 5790 482 5846 sius
510 5787 749 5843 incubui
783 5793 841 5847 in
873 5787 1296 5847 abdicationem
1334 5789 1626 5845 fluxorum
1690 5791 2000 5848 bonorum.

2142 1986 2373 2053 modis;
2429 1986 2643 2056 partim
2686 2001 2833 2039 vano
2887 1984 3197 2055 splendore
3259 1988 3500 2039 terrenae
3559 1983 3795 2037 clarita-

2138 2075 2236 2145 tis,
2295 2078 2569 2145 metuque
2627 2075 2994 2129 incurrendaa
3055 2074 3332 2142 infamiae,
3395 2073 3442 2127 si
3504 2073 3789 2143 prmjudi-

2140 2168 2300 2219 cstas
2346 2182 2587 2220 assensu
2620 2164 2775 2234 vulgi
2813 2164 3050 2232 rejicere
3080 2167 3182 2217 aut
3212 2163 3269 2216 in
3304 2162 3552 2217 dubium
3586 2178 3793 2216 vocare

2138 2255 2462 2309 sententias
2494 2254 2768 2308 audeant.
2800 2254 2938 2307 Inde
2971 2268 3178 2307 omnes
3226 2268 3329 2321 pro
3380 2268 3440 2305 se
3496 2266 3790 2321 quemque

2137 2344 2344 2413 obniti,
2428 2358 2903 2413 magnopereque
2986 2341 3259 2396 insistere
3338 2341 3397 2393 in
3477 2341 3797 2394 astruenda

2136 2450 2314 2506 quam
2367 2434 2493 2503 ipse
2525 2448 2720 2487 veram
2772 2431 2963 2497 habet,
3004 2430 3395 2501 improbanda
3454 2445 3632 2501 quam
3692 2430 3790 2484 alii

2134 2525 2467 2596 przeferunt,
2530 2521 2831 2591 religionis
2892 2525 3067 2588 secta,
3115 2522 3173 2575 in
3225 2536 3410 2591 eoque
3467 2520 3788 2574 certamine

2131 2614 2354 2685 passim
2416 2612 2753 2676 ardescunt,
2788 2610 3077 2665 mendacii
3122 2615 3298 2681 atque
3346 2610 3687 2680 imposturas
3728 2627 3790 2663 se

2131 2702 2377 2757 invicem
2435 2703 2801 2765 accusantes,
2846 2700 3230 2768 infinitasque
3288 2698 3522 2753 acribus
3573 2698 3791 2769 jurgiis

2130 2792 2447 2846 miscentes
2508 2788 2863 2860 quaestiones
2923 2789 2993 2841 de
3044 2792 3311 2841 Creatore
3368 2803 3432 2841 ac
3492 2792 3783 2852 creatura,

2129 2884 2200 2937 de
2231 2879 2518 2951 principio
2580 2894 2776 2933 rerum
2826 2893 2889 2932 ac
2942 2879 3056 2931 fine
3106 2876 3337 2941 ultimo,
3372 2875 3782 2946 similibusque

2127 2971 2495 3041 argumentis
2550 2968 2894 3039 dogmatum
2946 2966 3446 3033 gravissimorum.
3480 2965 3611 3020 Haec
3643 2982 3779 3037 ergo

2126 3061 2331 3116 videns
2364 3057 2564 3115 studui
2603 3055 2904 3112 consulere
2938 3055 3209 3127 privatim
3244 3055 3558 3125 magistros
3590 3062 3780 3111 secta-

2127 3166 2281 3218 rum,
2314 3165 2379 3203 ac
2411 3146 2759 3219 placitorum
2806 3146 3186 3201 firmamenta
3222 3160 3595 3216 cognoscere,
3648 3162 3780 3217 pro-

2129 3238 2399 3312 ponendo
2460 3237 2602 3308 ipsis
2662 3235 3085 3304 dubitationes,
3147 3251 3214 3289 ac
3282 3250 3416 3289 cum
3479 3237 3781 3306 responsis

2128 3344 2355 3396 eorum,
2380 3325 2737 3397 prisjudiciis
2768 3323 3062 3395 sepositis,
3088 3325 3483 3394 comparando
3509 3343 3523 3391 ;
3556 3340 3622 3379 eo
3656 3325 3782 3380 ani-

2129 3435 2225 3474 mo
2260 3422 2322 3473 ut
2351 3415 2689 3486 ubicunque
2718 3414 3021 3469 veritatem
3072 3412 3618 3483 deprehendissem,
3650 3430 3781 3470 eam

2128 3514 2185 3565 et
2214 3506 2593 3577 amplecterer
2650 3508 2707 3558 et
2754 3503 2983 3558 sincera
3015 3503 3423 3574 intrepidaque
3453 3504 3783 3560 constantia

2126 3605 2411 3663 tenerem,
2446 3595 2657 3664 rejects
2714 3593 3110 3664 qualicunque
3154 3592 3430 3647 falsitate.
3478 3593 3571 3649 Sic
3622 3594 3779 3649 enim

2126 3687 2271 3742 mihi
2333 3685 2665 3741 faciendum
2727 3683 2887 3751 duxi,
2949 3699 3042 3749 ne,
3103 3686 3168 3736 ut
3219 3681 3411 3747 multi,
3480 3685 3777 3739 crederem

2126 3773 2280 3847 quod
2333 3774 2673 3845 ignorabam
2710 3790 2723 3828 :
2757 3773 2859 3827 sed
2911 3770 3105 3842 potius
3162 3770 3388 3829 lumine
3446 3772 3661 3827 notitias
3710 3789 3776 3827 ac

2124 3863 2370 3920 rationis
2428 3865 2724 3933 praaeunte
2792 3861 2851 3915 in
2918 3861 3013 3915 via
3078 3861 3230 3916 tanti
3290 3862 3572 3918 momenti
3630 3863 3774 3919 duce

2123 3958 2337 4009 uterer.
2367 3952 2507 4007 Ecce
2539 3953 2737 4005 autem
2759 3949 2818 4004 in
2845 3953 2953 4004 hoc
2985 3949 3129 4004 mihi
3165 3966 3228 4005 se
3259 3951 3459 4007 sedulo
3492 3954 3774 4019 versanti,

2121 4040 2531 4113 interroganti,
2565 4040 2831 4110 inquam,
2865 4037 3246 4108 audientique
3290 4040 3584 4097 antistites
3614 4040 3777 4112 ipsos

2121 4150 2187 4189 ac
2244 4132 2437 4202 capita
2501 4128 2821 4186 factionum
2876 4127 3031 4183 circa
3089 4127 3289 4182 divina
3334 4128 3778 4201 dissidentium,

2120 4240 2235 4278 non
2269 4221 2426 4276 aliud
2456 4218 2809 4290 investigare
2839 4217 3055 4272 certius
3100 4216 3286 4286 licuit,
3320 4234 3499 4289 quam
3550 4218 3776 4274 inﬂexi-

2122 4314 2298 4370 bilem
2333 4310 2717 4383 pertinaciam
2745 4308 2977 4380 propria
2996 4324 3369 4380 quorumque
3399 4308 3775 4366 laudantium

2119 4421 2253 4459 cum
2302 4402 2624 4457 alienorum
2682 4398 3110 4471 superbissimo
3160 4404 3497 4470 contemptu
3531 4404 3588 4454 et
3626 4400 3773 4455 irre-

2116 4492 2364 4551 vocabili
2424 4492 2556 4546 odio
2622 4491 3020 4558 conjunctam.
3079 4488 3335 4544 Oti'endit
3388 4505 3456 4543 ea
3504 4506 3597 4544 me
3654 4506 3767 4555 res,

2120 4598 2479 4653 causamque
2501 4580 2751 4651 praebuit
2772 4578 3075 4634 universos
3107 4595 3176 4633 ex
3207 4595 3371 4650 isquo
3398 4579 3767 4650 reprobandi.

2125 4673 2350 4731 insedit
2379 4686 2516 4741 ergo
2547 4668 2726 4724 menti
2762 4684 2924 4735 mets,
2958 4684 3164 4723 omnes
3195 4672 3480 4739 quotquot
3509 4669 3768 4725 adissem

2118 4765 2533 4830 audissemque
2608 4758 2840 4814 libidini
2911 4759 3154 4829 propriae
3205 4758 3473 4827 obsequi,
3546 4776 3578 4813 a
3634 4776 3768 4815 vero

2118 4856 2411 4917 aberrare,
2445 4866 2651 4921 sapere
2680 4852 2853 4921 prout
2884 4847 3107 4915 volunt,
3140 4862 3245 4902 nec
3277 4846 3538 4918 regulam
3601 4849 3770 4904 adhi-

2116 4946 2253 5000 bere
2284 4942 2567 4997 rationem
2620 4937 2959 5003 voluntatis,
3004 4937 3102 4992 sed
3136 4936 3502 4992 intellectum
3534 4938 3768 4995 effectui

2120 5034 2502 5104 subjungere,
2537 5028 2684 5085 falso
2711 5028 3001 5099 judicare,
3036 5026 3393 5082 mendaciter
3422 5026 3606 5098 loqui.

2116 5150 2245 5207 Car.
2280 5151 2371 5205 iV.
2405 5179 2473 5189 ———
2518 5146 2840 5203 Periculum
2908 5149 3106 5200 temere
3166 5143 3436 5199 credendi
3494 5144 3555 5199 in
3613 5148 3774 5202 rebus

2402 5220 2693 5287 religionis
2723 5218 2991 5290 parabole
3024 5216 3403 5272 declaratum.

2189 5338 2385 5409 Itaque
2414 5335 2497 5393 sic
2529 5335 2681 5407 apud
2713 5350 2907 5388 meum
2941 5333 3205 5387 animum
3240 5331 3583 5387 firmissime
3634 5349 3770 5387 con-

2116 5427 2301 5499 stitui,
2327 5426 2671 5499 quaerendos
2704 5423 2847 5481 mihi
2881 5423 3028 5479 alios
3055 5423 3243 5493 magis
3266 5440 3461 5493 aequos
3493 5424 3768 5477 idoneos-

2116 5524 2230 5591 q‘ue
2259 5518 2603 5588 dogmatum
2636 5518 2903 5569 auctores
2934 5532 2948 5583 ;
3002 5530 3066 5567 ac
3119 5514 3305 5583 quoad
3344 5512 3488 5567 tales
3518 5512 3767 5582 reperis-

2114 5622 2260 5673 sem,
2288 5604 2432 5659 nulli
2469 5604 2678 5659 horum
2712 5621 2861 5676 quos
2902 5602 3157 5658 videram
3200 5601 3593 5673 acquiescere,
3627 5600 3758 5655 nul-

2111 5697 2233 5752 lum
2267 5694 2545 5768 sequi,ne
2577 5694 2722 5748 mihi
2755 5694 3120 5765 contingeret
3152 5692 3303 5763 quod
3338 5690 3568 5747 cuidam
3599 5691 3765 5749 aiunt

2112 5787 2269 5859 gravi
2304 5803 2411 5841 sua
2442 5784 2699 5856 pernicie
2730 5785 2992 5856 decepto.
3027 5783 3152 5837 Non
3200 5781 3372 5851 longa
3421 5785 3511 5836 est
3560 5782 3761 5839 fabula
