4120 6392
311 425 442 480 1241

1298 426 1670 498 βριζοιωω
1707 426 2105 479 ΒΑΡΙΕΝΤΙΕ
2142 425 2478 479 INDORUM
2518 427 2677 477 VET.

3581 416 3719 471 1242

309 549 417 604 Sed
455 549 657 603 retorsi
693 565 797 620 ego
831 567 952 605 eam
993 550 1064 605 ab
1095 551 1206 605 isto
1258 549 1592 620 proposito;
1639 546 1959 617 monuique
1992 551 2042 613 Α
2074 551 2409 619 correptum
2442 547 2725 601 miserum
2759 544 3019 600 convicio
3052 544 3232 599 trahit
3262 541 3721 612 adjudicem,ex

310 638 484 708 longe
515 653 643 693 esse
676 639 888 694 melius
920 640 977 695 in
1013 640 1194 709 priori
1220 638 1513 710 quaerendi
1538 636 1784 694 consilio
1832 654 1958 708 per-

308 732 484 783 stare.
524 728 819 783 Infirmam
855 730 1011 784 enim
1062 729 1496 784 excusationem
1548 725 1765 782 erranti
1819 727 1960 792 fore,

304 817 689 871 domesticam
724 818 1051 873 doctrinam
1087 819 1185 873 ubi
1222 818 1366 872 forte
1401 816 1590 889 ipsius
1610 817 1850 871 ductum
1870 832 1959 869 se-

306 910 483 962 cutus
516 907 571 960 in
606 906 850 961 exitium
897 908 1201 963 corruerit.
1254 907 1395 961 Nam
1446 906 1575 975 quis
1625 908 1960 975 compertus

309 995 675 1063 magicarum
711 996 951 1062 artium,
990 996 1551 1067 impunejudicium
1596 992 1780 1047 evasit
1820 992 1959 1046 alle-

305 1085 498 1155 gando
535 1084 717 1139 fuisse
750 1086 861 1139 sibi
894 1102 992 1139 eas
1026 1103 1058 1138 a
1087 1091 1247 1156 patre
1282 1101 1451 1155 mago
1492 1083 1737 1138 traditas
1760 1082 1786 1136 ‘?
1833 1081 1958 1135 Non

306 1189 450 1228 sane
471 1172 658 1241 magis
690 1191 868 1245 quam
902 1174 1183 1229 ebrietate
1234 1191 1302 1228 ac
1331 1174 1572 1244 crapula
1615 1171 1960 1243 quotidiana

300 1270 701 1325 valetudinem
736 1289 1120 1344 corrumpens
1140 1278 1242 1326 aut
1271 1270 1494 1326 censori
1526 1270 1734 1324 vitium
1766 1269 1960 1338 objur-

304 1359 466 1432 ganti
494 1359 949 1429 satisfaciet,aut
974 1362 1277 1415 curabitur
1320 1377 1353 1415 a
1400 1359 1622 1415 morbis
1671 1358 1961 1428 intempe—

308 1447 499 1503 rantia
528 1453 867 1516 contractis,
894 1451 1070 1504 simul
1099 1468 1186 1513 ac,
1219 1449 1327 1504 etsi
1361 1465 1513 1517 vere,
1540 1448 1769 1512 dixerit,
1799 1463 1866 1501 ea
1896 1463 1958 1501 se

302 1538 586 1609 diciplina
616 1541 931 1596 educatum
980 1542 1035 1595 in
1072 1546 1313 1611 paterna
1342 1541 1539 1606 domo,
1571 1538 1711 1593 talia
1740 1538 1955 1608 genito-

304 1646 437 1683 rum
465 1632 731 1699 exempla
763 1631 1216 1686 recordariJstae
1250 1647 1341 1685 me
1368 1646 1553 1684 causa:
1577 1630 1960 1700 perpulerunt

302 1720 372 1773 ad
408 1719 835 1788 reprobandam
886 1725 1197 1789 parentum
1249 1736 1509 1774 meorum
1554 1719 1624 1772 de
1676 1717 1956 1787 religione

307 1808 848 1874 sententiam;unde
880 1808 1017 1864 hinc
1048 1811 1324 1880 repulsus
1355 1808 1520 1879 quasi
1552 1825 1699 1862 novo
1732 1806 1953 1879 princi-

2070 638 2196 707 lege
2229 636 2433 707 utique
2475 640 2768 691 acturum.
2828 635 2978 705 Ergo
3034 633 3304 705 equidem
3355 632 3416 686 in
3454 632 3719 686 animum

2068 727 2270 782 induxi
2304 744 2419 781 non
2453 727 2839 791 committere,
2885 730 2949 779 ut
3003 724 3445 797 perturbatione
3502 721 3718 776 mentis

2068 816 2303 888 ineptus
2333 816 2549 871 actioni
2570 815 2840 882 ﬁam,sed
2876 831 3077 870 sereno
3110 829 3340 884 semper
3372 809 3719 880 tranquillo-

2067 923 2183 976 que
2209 904 2319 960 sim
2353 904 2569 971 animo,
2602 904 2910 975 expeditus
2961 902 3254 957 alacritate
3315 900 3587 972 praesenti
3645 900 3715 954 ad

2067 996 2378 1049 naxandan
2401 994 2570 1065 aegris
2602 1008 2862 1064 operam;
2889 992 3306 1062 juvandosque
3338 989 3575 1060 quosvis
3612 1006 3719 1060 ope

2069 1084 2601 1154 quomodocunque
2633 1082 2965 1153 indigentes
3000 1097 3149 1145 mea;
3185 1096 3317 1133 nam
3343 1079 3399 1132 in
3425 1094 3717 1132 commcn-

2067 1172 2263 1228 danda
2293 1169 2999 1236 beneﬁcentia,omnes,in
3033 1168 3165 1223 aliis
3198 1168 3333 1223 licet
3360 1166 3716 1221 dissentien—

2066 1265 2175 1327 tes,
2209 1278 2447 1316 summa
2477 1259 2787 1315 concordia
2819 1265 2988 1313 sectae
3013 1257 3385 1312 conveniunt.

2067 1410 2200 1463 CAP.
2233 1405 2327 1460 V1.
2363 1434 2429 1444 -—
2460 1406 2711 1469 Perz-oes,
2737 1401 3004 1472 pendente
3032 1396 3717 1472 adhucrdelilicrationede

2136 1477 2418 1545 religione
2448 1468 2776 1530 innocentiae
2800 1489 2866 1527 ac
2896 1471 3235 1545 benignitati
3258 1470 3474 1524 studere
3528 1468 3710 1545 decer-

2134 1540 2393 1616 nitfeius
2422 1547 2520 1616 qui
2546 1562 2699 1601 secus
2726 1544 2925 1615 fecerit
2959 1545 3201 1599 stultitia
3235 1558 3337 1611 per
3389 1540 3715 1612 parabotmn

2137 1622 2456 1678 ostenditur.

2136 1746 2425 1804 Constitui
2443 1748 2718 1816 praeterea
2739 1760 2854 1797 non
2871 1742 3061 1797 solum
3080 1738 3465 1795 homicidium
3490 1752 3715 1799 cavere,

2067 1840 2167 1894 sed
2197 1856 2228 1891 ει
2258 1835 2546 1908 pulsando
2579 1833 2943 1905 quodquam,
2976 1848 3043 1885 ac
3073 1830 3127 1884 vi
3175 1829 3380 1900 quavis
3410 1827 3716 1881 inferenda

304 1914 401 1968 pm
434 1913 491 1950 In
542 1914 824 1994 .examﬂ‘-
846 1898 1424 1994 e’ipiomlionémquf
1461 1896 1720 1952 sedum")
1752 1902 1956 1994 ,καθ’
1990 1913 2035 1977 Β
2068 1927 2171 1984 ulli
2204 1896 2445 1982 omnino
2479 1896 2841 1994 temperare;
2875 1920 3099 1976 decrevi
3145 1934 3379 1989 quoque
3420 1917 3715 1971 abstinere

304 2003 434 2041 rum
463 1986 722 2041 animum
756 1988 969 2042 admisi
1007 2006 1020 2045 :
1055 2004 1170 2058 quo
1194 1990 1333 2041 dum
1367 1987 1465 2041 diu
1497 2003 1696 2042 versor
1748 1986 1807 2040 in
1852 2003 1951 2041 ne-

304 2076 880 2146 gotio,animadverti
927 2094 1201 2149 magnam
1239 2095 1330 2133 me
1377 2079 1494 2147 jam
1540 2077 1667 2131 vitae
1728 2082 1952 2148 partem

300 2166 807 2233 emensum,senio
839 2171 896 2221 et
927 2167 1100 2223 morti
1138 2166 1550 2238 propinquare.
1584 2166 1701 2220 Hac
1727 2167 1958 2238 pulsata

306 2254 661 2324 cogitatione
694 2272 860 2310 mens
889 2256 947 2310 in
982 2256 1115 2311 finis
1147 2256 1241 2326 qui
1272 2271 1478 2311 omnes
1511 2260 1712 2310 manet
1761 2262 1819 2310 et
1849 2256 1957 2310 mi-

300 2343 590 2415 grationis
612 2362 681 2399 ex
712 2344 821 2400 hoc
854 2346 1073 2400 mundo
1122 2344 1656 2400 considerationem
1688 2344 1960 2400 incubuit

303 2449 408 2504 per
436 2436 719 2488 attentam
755 2439 930 2504 atque
962 2452 1155 2489 acrem
1190 2450 1255 2489 eo
1297 2434 1505 2488 etl'ectu
1556 2439 1622 2488 ut
1670 2434 1957 2505 quidquid

302 2526 545 2593 apparet
593 2539 773 2594 seque
824 2528 1083 2578 ostentat
1137 2522 1399 2594 speciose
1449 2522 1505 2576 in
1546 2522 1653 2576 hac
1703 2525 1956 2592 quadam

308 2612 514 2666 mundi
550 2629 727 2667 scena
759 2612 906 2667 nihil
938 2613 1049 2668 nisi
1086 2614 1355 2668 umbram
1405 2612 1720 2667 videretur.
1768 2614 1957 2668 Statui

304 2705 507 2755 autem
541 2702 935 2756 insistendum
962 2702 1107 2757 mihi
1130 2701 1530 2757 exercitationi
1563 2701 1957 2756 beneﬁcentia)

306 2806 553 2861 sperans
595 2806 663 2845 ea
709 2796 1165 2846 consecuturum
1224 2807 1337 2859 me,
1372 2796 1437 2845 ut
1483 2788 1652 2845 bonis
1709 2790 1850 2845 viris
1904 2797 1961 2846 et

303 2877 583 2950 prazclara
606 2896 709 2951 per
737 2879 916 2935 vitam
952 2879 1208 2951 operatis
1241 2895 1685 2935 annumerarer.
1724 2880 1960 2935 Decrevi

300 2967 481 3023 etiam
505 2969 932 3037 cavendum,ne
962 2969 1181 3023 nimius
1214 2969 1272 3023 in
1307 2968 1450 3023 illud
1483 2966 1678 3038 ipsum
1719 2986 1834 3040 quo
1879 2970 1957 3024 fe-

299 3056 474 3110 rebar
503 3054 821 3126 indagandi
858 3057 976 3111 veri
999 3056 1263 3110 studium
1298 3057 1839 3123 atl‘ectus,avocaret
1872 3074 1961 3113 me

299 3162 334 3199 a
368 3144 669 3199 functione
700 3146 1098 3200 curandorum
1129 3145 1650 3216 segrorum;sicque
1681 3146 1838 3201 iners
1857 3164 1960 3201 ne-

2062 2018 2254 2073 verbis
2284 2014 2587 2070 maledicis
2619 2029 2685 2067 ac
2717 2012 3140 2082 turpibus,non
3173 2004 3711 2071 furari,nonirasci,

2065 2106 2211 2164 nulli
2254 2104 2517 2158 fraudem
2586 2099 2801 2155 moliri.
2872 2098 3147 2153 Abdicavi
3225 2093 3713 2151 consuetudinem

2065 2195 2380 2251 mulierum
2443 2205 2838 2260 venereasque
2894 2186 3263 2258 voluptates;
3338 2182 3605 2238 adamavi
3658 2186 3717 2236 et

2065 2284 2219 2340 colui
2274 2278 2747 2353 temperantiam,
2803 2277 3090 2333 custodivi
3133 2276 3395 2348 linguam
3457 2288 3646 2328 meam
3680 2290 3714 2325 a

2069 2370 2473 2437 mendacio,ab
2506 2368 2666 2423 omni
2698 2368 2876 2423 verbo
2909 2366 3097 2421 otioso
3127 2370 3185 2419 et
3240 2365 3449 2429 noxio;
3511 2361 3713 2416 studui

2065 2465 2270 2519 mitem
2295 2477 2359 2515 ac
2392 2460 2719 2513 humanum
2751 2458 3006 2527 praebere
3038 2471 3130 2510 me
3162 2454 3440 2510 omnibus
3471 2453 3712 2523 ubique.

2068 2557 2252 2622 Atque
2284 2549 2403 2603 haec
2427 2548 2607 2602 statui
2639 2545 2779 2600 licet
2839 2546 3102 2599 nondum
3159 2542 3334 2615 plane
3393 2557 3712 2612 persuasus

2065 2656 2254 2697 essem
2289 2639 2361 2691 de
2404 2638 2603 2690 futura
2625 2633 3075 2699 resurrectione,
3099 2634 3287 2703 deque
3320 2630 3576 2703 praemiis
3609 2630 3713 2685 bo-

2068 2744 2276 2785 norum
2304 2726 2610 2797 pomisque
2649 2723 2939 2778 malorum
2987 2726 3121 2793 post
3168 2720 3331 2776 illam
3391 2734 3717 2791 repraesen-

2067 2817 2521 2887 tandis.pLonge
2553 2830 2646 2869 me
2678 2814 2915 2884 abjunxi
2949 2830 2982 2866 a
3015 2810 3286 2867 convictu
3321 2814 3378 2864 et
3411 2808 3721 2863 familiari-

2065 2910 2181 2964 late
2204 2905 2514 2962 hominum
2547 2903 2976 2975 improborum,
3042 2900 3304 2955 atiectavi
3336 2897 3720 2954 consuetudi-

2070 3014 2206 3053 nem
2229 3011 2360 3050 cum
2387 2993 2652 3048 honestis
2683 2996 2739 3046 et
2763 2990 2966 3061 justis.
3028 2989 3149 3044 Prae
3208 2987 3487 3043 omnibus
3537 2987 3717 3040 fixum

2070 3086 2268 3143 animo
2290 3081 2773 3147 tenui,nihilesse
2798 3080 3194 3152 praestantius,
3211 3077 3539 3146 honestius,
3556 3092 3719 3131 ama-

2070 3173 2251 3229 bilius
2308 3168 2731 3234 beneﬁcentia;
2780 3182 2908 3221 eam
2967 3170 3026 3220 et
3073 3164 3281 3220 amicis
3329 3164 3634 3235 potiorem,
3667 3166 3725 3216 et

298 3232 593 3331 gﬁggndis
624 3234 1037 3331 occaSionjbue
1069 3235 1217 3290 bene
1250 3235 1537 3331 merefdi'
1570 3239 1805 3306 tempus
1836 3236 1953 3331 οξίο
1986 3256 2029 3322 C
2068 3264 2316 3331 conjuge
2337 3258 2663 3313 chariorem
2699 3232 2844 3311 mihi
2875 3272 3004 3310 esse
3036 3255 3278 3315 debere;
3301 3232 3452 3306 hanc
3484 3253 3597 3306 Deo
3622 3267 3723 3306 vo-

300 3323 914 3393 contererem;quoad
949 3340 1039 3379 me
1071 3340 1351 3396 suprema
1382 3324 1507 3378 dies
1530 3330 1843 3395 occuparet
1863 3326 1956 3380 de-

304 3410 588 3465 stitutum
621 3411 1017 3482 suppellectili
1052 3414 1424 3479 meritorum,
1459 3429 1637 3483 quam
1672 3430 1877 3484 parare
1902 3414 1963 3469 in

304 3500 855 3572 opportunitatibus
887 3500 1317 3570 neglexissem:
1353 3520 1490 3557 nam
1551 3520 1763 3574 magna
1812 3505 1968 3559 inest

306 3590 396 3644 vis
428 3590 970 3660 perturbationibus
1013 3591 1281 3645 animum
1304 3592 1661 3659 tenentibus,
1697 3594 1767 3646 ad
1801 3610 1964 3647 aver-

301 3680 547 3734 tendam
580 3680 962 3733 attentionem
996 3680 1386 3733 necessariam
1421 3681 1691 3749 gerendis
1722 3697 1789 3734 ex
1821 3699 1964 3753 prae-

305 3767 462 3825 senti
494 3769 691 3839 rebus,
726 3773 900 3839 prout
931 3768 1267 3823 declaratur
1322 3768 1480 3822 brevi
1544 3768 1735 3823 fabula
1786 3787 1962 3841 quam

304 3857 457 3913 tanti
489 3860 579 3911 est
622 3873 879 3911 narrare.
916 3856 1165 3923 Quidam
1217 3860 1586 3911 contraxerat
1640 3860 1964 3914 necessitu-

305 3947 511 4001 dinem
534 3944 725 4000 illiciti
759 3946 977 4001 amoris
1009 3963 1144 4000 cum
1181 3945 1425 4000 muliere
1457 3950 1796 4017 nupta;qua3
1834 3965 1966 4002 mce-

304 4038 420 4093 cho
451 4037 784 4109 gratificata
825 4037 1117 4107 posticum
1154 4041 1459 4108 paraverat
1490 4053 1591 4106 per
1629 4038 1784 4108 quod
1818 4038 1964 4109 ipse,

305 4138 625 4207 ingruente
655 4136 853 4190 subito
882 4135 1689 4207 periculo,fugeret.0uadam
1706 4137 1797 4191 die
1828 4153 1962 4193 cum

305 4242 428 4280 una
449 4228 668 4290 essent,
704 4224 961 4294 pulsavit
983 4224 1298 4294 improviso
1321 4224 1407 4278 vir
1430 4224 1498 4279 ad
1516 4226 1788 4295 januam,
1819 4243 1927 4297 pan
1949 4258 1964 4268 -

306 4315 490 4385 dique
522 4314 675 4368 fores
707 4313 1044 4383 ingressuro
1076 4314 1359 4385 poscebat
1390 4314 1525 4369 sibi.
1560 4315 1820 4369 Turbata
1844 4333 1963 4370 mu-

306 4403 423 4457 lier
451 4403 622 4471 jubet
653 4402 986 4457 adulterum
1022 4405 1317 4475 proripere
1341 4422 1402 4458 se
1433 4404 1501 4458 ad
1525 4405 1798 4460 ostiolum
1836 4424 1964 4477 pro-

315 4508 389 4563 pe
419 4496 682 4561 puteum,
716 4494 887 4561 cujus
920 4492 1139 4546 clavem
1174 4508 1204 4546 e
1243 4492 1433 4547 vicino
1489 4492 1649 4547 clavo
1706 4497 1964 4564 penden-

2070 3350 2223 3407 lente
2255 3348 2422 3403 facile
2448 3345 2639 3417 parari
2679 3362 2693 3412 ;
2736 3344 2874 3399 huic
2905 3360 3075 3414 porro
3108 3341 3257 3398 nihil
3303 3339 3720 3411 comparabile,

2070 3438 2205 3512 plus
2234 3436 2388 3492 enim
2423 3435 2585 3489 illam
2618 3432 2815 3504 gloriae
2848 3432 3054 3488 ail‘erre
3095 3430 3418 3503 possidenti
3451 3444 3513 3483 se
3543 3445 3721 3499 quam

2071 3533 2381 3601 parentum
2418 3523 2744 3579 claritatem
2777 3526 2877 3576 aut
2899 3537 3037 3592 opes
3057 3516 3726 3574 amicorum.Docethmc

2070 3619 2218 3673 bene
2253 3614 2463 3670 mereri
2503 3614 2573 3668 de
2625 3612 2928 3678 omnibus,
2962 3610 3271 3665 benefacta
3300 3608 3521 3677 ubique
3558 3622 3721 3676 spar-

2070 3723 2224 3780 gere.
2254 3705 2489 3769 Eadem,
2528 3704 2685 3772 large
2721 3701 2853 3755 licet
2894 3700 3181 3766 tribuens,
3241 3696 3551 3766 dispendia
3606 3711 3722 3749 non

2069 3793 2377 3861 sentit;sed
2411 3808 2527 3862 quo
2559 3791 2692 3863 plus
2725 3792 2925 3858 donat,
2952 3790 3088 3860 plus
3131 3787 3412 3842 abundat.
3446 3786 3571 3839 Non
3604 3801 3726 3839 cor-

2069 3882 2387 3951 rumpitur,
2420 3897 2534 3934 non
2581 3879 2910 3944 veterascit,
2946 3894 3061 3932 non
3084 3875 3543 3932 circumvenitur
3571 3892 3605 3929 a
3626 3890 3728 3944 po-

2071 3972 2279 4037 tentia,
2316 3988 2433 4025 non
2469 3969 2669 4022 horret
2724 3968 2941 4037 ignem,
2998 3983 3115 4019 non
3148 3967 3317 4019 timet
3369 3964 3549 4031 fures,
3612 3980 3727 4017 non

2070 4060 2347 4117 formidat
2373 4058 2615 4122 bestias,
2641 4072 2756 4110 non
2786 4055 2904 4109 ullo
2941 4055 3097 4109 tristi
3144 4058 3351 4108 eventu
3413 4053 3727 4107 conturba-

2069 4154 2167 4205 tur
2201 4166 2213 4203 :
2250 4149 2437 4219 magis
2464 4147 2607 4216 quin
2638 4145 2814 4199 etiam
2849 4144 2905 4197 in
2939 4141 3268 4197 calamitate
3292 4141 3461 4207 nitet,
3505 4144 3563 4194 et
3594 4140 3724 4193 ubi-

2069 4255 2183 4309 que
2216 4239 2440 4310 perstat
2487 4233 2799 4304 intrepida.
2858 4231 3237 4303 Reperiebam
3291 4235 3509 4298 autem,
3567 4229 3722 4299 apud

2068 4343 2160 4383 me
2192 4331 2609 4398 reputans,eos
2649 4322 2746 4391 qui
2780 4328 2997 4377 sectam
3028 4320 3155 4373 vitm
3179 4318 3316 4373 huic
3366 4317 3720 4372 contrariam

2069 4416 2342 4489 amplexi,
2374 4415 2595 4470 omissa
2626 4411 3026 4467 benefaciendi
3061 4410 3192 4465 aliis
3223 4424 3384 4472 cura,
3436 4406 3548 4463 sibi
3590 4406 3724 4460 unis

2071 4506 2226 4560 enini
2260 4505 2561 4574 voluptate
2605 4500 2950 4573 saginandis
3010 4500 3179 4553 unice
3238 4497 3448 4551 intenti
3507 4500 3725 4560 essent,

313 4587 435 4634 tem
596 4587 767 4635 antea
794 4585 1153 4634 [DOUSU‘RSSG
1176 4598 1237 4635 SB
1256 4583 1469 4635 aiebat.
1487 4582 1679 4636 CUl‘I‘ll,
1697 4601 1811 4653 quo
1834 4585 1967 4637 llllt-
2004 4619 2046 4681 D
2227 4594 2479 4666 pessime,
2501 4591 2828 4654 consulere,
2865 4595 2919 4643 et
2950 4586 3238 4643 amarilici
3296 4585 3616 4656 plurimum
3639 4583 3725 4636 in-

312 4670 551 4725 tebatur
580 4671 716 4724 hinc
746 4678 925 4736 metu,
962 4670 1121 4724 illinc
1155 4688 1351 4725 amore
1394 4688 1459 4725 ac
1504 4672 1795 4728 desiderio
1847 4680 1967 4727 tur-

313 4762 490 4814 batus
526 4760 873 4828 mmchus,et
905 4764 969 4814 ut
1000 4760 1290 4830 contingit
1320 4761 1439 4814 acri
1468 4777 1606 4815 cura
1640 4764 1967 4833 suspensis,

314 4866 423 4903 nec
466 4848 683 4914 locum,
729 4866 1063 4921 quanquam
1099 4855 1522 4919 praeostensum
1558 4868 1971 4921 recognoscere

312 4955 383 4992 ac
418 4955 521 4993 nec
552 4938 1110 5008 clavemjanuamve
1142 4939 1332 5008 ipsam
1366 4940 1620 5010 reperire
1650 4940 1849 4994 valuit.
1906 4942 1965 4995 In

310 5026 406 5080 his
439 5025 781 5096 aliquandiu
817 5026 1240 5095 tumultuatus,
1281 5028 1428 5083 redit
1486 5029 1558 5082 ad
1617 5029 1968 5094 adulteram,

303 5126 434 5193 jam
458 5123 688 5195 magnis
715 5124 977 5195 proximo
1002 5124 1106 5177 viri
1124 5127 1375 5195 appulsu
1396 5124 1970 5196 sollicitam,procu|-

312 5228 429 5283 que
461 5212 746 5267 acclamat
778 5212 1033 5267 :Ostium
1069 5214 1139 5268 de
1172 5231 1288 5284 quo
1320 5214 1520 5269 dixisti
1551 5217 1820 5282 avanuit;
1848 5216 1970 5271 cla-

314 5302 401 5356 vis
435 5318 549 5356 non
584 5302 1144 5372 comparetzanimus
1162 5319 1331 5358 meus
1363 5304 1514 5374 apud
1554 5309 1606 5358 te
1639 5308 1972 5373 est,vaciire

317 5389 411 5445 his
443 5390 771 5461 quaerendis
800 5390 1132 5460 nequit.Cui
1165 5390 1412 5446 mulier:
1437 5391 1731 5463 Eil'ugium
1767 5409 1973 5463 parare

319 5480 485 5550 potui
518 5496 635 5546 reo,
673 5484 925 5533 mentem
953 5481 1091 5535 dare
1113 5479 1292 5535 stulto
1318 5498 1432 5535 non
1459 5486 1788 5551 possum;tu
1816 5500 1970 5552 vero,

323 5572 390 5621 ut
420 5567 604 5633 lubet,
628 5567 889 5634 addidit;
916 5569 1102 5623 aderit
1132 5569 1291 5623 brevi
1324 5570 1424 5640 qui
1472 5570 1573 5623 tibi
1609 5587 1725 5640 quo
1758 5571 1973 5643 dignus

324 5657 687 5726 es,praebeat.
726 5656 813 5710 Illi
847 5662 1122 5711 aestuanti
1148 5659 1525 5729 cursantique
1543 5661 1790 5715 maritus
1806 5662 1973 5715 adul-

328 5748 463 5799 tcrm
494 5747 915 5817 superveniens
948 5745 1152 5817 plagas
1186 5748 1436 5819 imponit
1468 5747 1971 5807 luculentasztum

2078 4689 2166 4738 ter
2189 4684 2357 4737 luxus
2391 4699 2456 4736 ac
2491 4680 2834 4735 deliciarum
2872 4679 3049 4733 falsas
3082 4674 3421 4731 dulcedines
3455 4679 3723 4744 gustare;

2077 4770 2422 4840 similesque
2456 4770 2599 4823 istos
2630 4784 2759 4821 esse
2790 4765 3013 4820 homini
3050 4782 3251 4837 parum
3285 4782 3450 4833 sano,
3501 4763 3601 4834 qui
3644 4762 3729 4816 le-

2075 4877 2205 4915 vem
2240 4858 2480 4913 dieculae
2504 4854 3144 4927 uniusjucunditatcm
3200 4870 3408 4925 magna
3465 4852 3728 4925 pecuniae

2070 4952 2306 5021 jactura
2340 4950 2619 5020 gravique
2652 4965 2845 5002 rerum
2880 4963 3122 5001 suaru'n
3173 4945 3524 5000 detrimento
3571 4960 3726 4998 eme-

2081 5041 2177 5096 rit.
2196 5040 2330 5094 Fuit
2352 5040 2637 5093 nimirum
2661 5039 2892 5092 institor
2913 5036 3160 5109 gemmis
3194 5034 3516 5107 peregrinis
3544 5034 3726 5099 dives,

2080 5131 2180 5202 qui
2212 5130 2496 5185 artificem
2534 5130 2855 5183 unionibus
2907 5127 3168 5181 forandis
3220 5126 3433 5180 diurna
3489 5132 3726 5180 centum

2082 5237 2460 5275 nummorum
2507 5220 2775 5273 mercede
2809 5216 3104 5272 conduxit.
3142 5220 3357 5271 Praesto
3402 5234 3471 5269 ex
3524 5215 3730 5271 condi-

2081 5313 2173 5364 cto
2202 5307 2387 5364 adfuit
2416 5307 2718 5379 operarius
2771 5307 2828 5360 in
2879 5305 3125 5362 locantis
3160 5307 3355 5371 domo,
3390 5320 3457 5360 ex
3520 5305 3733 5359 instru-

2085 5398 2295 5453 mentis
2334 5396 2477 5451 artis
2510 5395 2613 5450 Hic
2646 5396 2784 5449 dum
2821 5395 3051 5465 expedit
3074 5410 3135 5450 se
3165 5393 3348 5465 operi,
3372 5395 3529 5448 videt
3588 5394 3731 5447 forte

2082 5502 2431 5558 suspensam
2467 5502 2496 5538 e
2530 5483 2690 5538 clavo
2724 5483 3031 5539 citharam.
3067 5488 3125 5539 et
3156 5501 3282 5539 eam
3315 5483 3462 5537 scire
3494 5499 3554 5537 se
3597 5482 3725 5552 pul-

2083 5592 2211 5630 sare
2256 5572 2568 5645 signiﬁcat.
2618 5578 2874 5628 Praesens
2923 5574 3375 5644 margaritarum
3430 5571 3730 5636 dominus,

2084 5681 2149 5719 eo
2174 5662 2698 5717 animadverso.Tu
2733 5663 3299 5733 vero,inquit,sume
3330 5661 3412 5717 sis
3444 5660 3729 5731 lyram,“-

2082 5754 2283 5807 benter
2308 5768 2545 5822 operam
2579 5753 2811 5806 canenti
2874 5753 3107 5807 dedero.
3156 5753 3258 5808 Ille
3306 5755 3606 5824 arreptum
3641 5769 3731 5807 or-
