4120 6392
407 433 546 489 1243

1923 426 2311 483 ΑΡΡΕΝΒΙΧ.

3686 429 3821 484 1244

407 576 626 632 ganum
659 576 775 614 non
805 557 1016 614 inscite
1037 559 1274 626 tangere
1295 570 1631 626 aggressus,
1661 553 1806 609 mire
1837 552 2059 625 placuit
2085 553 2140 620 Α
2170 554 2299 609 vitae
2323 558 2676 623 ascetarum,
2709 556 2888 625 gustu
2921 551 3152 610 illectus
3182 555 3303 608 tam
3336 554 3522 608 sancti
3557 570 3624 610 ac
3656 554 3820 610 salu-

407 649 781 722 voluptuario
809 654 1076 720 patrono,
1112 646 1254 700 adeo
1291 650 1353 699 ut
1375 644 1425 699 is
1457 662 1564 699 sua
1596 644 1750 699 seria
1777 643 1913 698 ludo
1937 647 2069 714 post

406 739 849 804 habens,totum
883 736 1036 790 diem
1075 734 1374 788 inhianter
1421 733 1675 787 audierit
1731 732 2062 786 vibrantem

407 829 554 883 fides
585 827 1015 882 tenebratorem
1052 823 1455 878 unionem.Ad
1491 838 1791 893 vesperam
1826 826 2064 876 centum

414 933 692 971 nummos
726 914 1046 969 citharmdo
1079 912 1298 984 petenti
1331 920 1660 967 commotus
1691 911 2062 980 institor,At-

407 1006 534 1075 qui,
569 1005 644 1059 mi
673 1001 1084 1072 homo,inquit,
1132 1019 1247 1056 non
1282 1000 1486 1072 plectri
1522 1001 1808 1063 movendi,
1836 1001 1935 1055 sed
1980 1006 2063 1054 te-

405 1093 554 1150 rebri
577 1093 865 1147 tractandi
893 1092 1220 1146 mercedem
1242 1089 1416 1146 istam
1441 1091 2062 1162 pronuntiaram.Saue

401 1185 482 1238 ita
510 1183 832 1252 est,artil’ex
864 1182 1246 1250 ait,czrterum
1281 1180 1420 1234 mihi
1456 1185 1656 1252 parato
1689 1181 1758 1235 ad
1812 1180 2060 1236 locatam

391 1272 790 1345 operam,quis
809 1272 961 1326 alius
982 1287 1160 1342 quam
1180 1275 1241 1324 tu
1263 1271 1386 1341 ipse
1413 1288 1483 1325 ne
1507 1270 1858 1342 defungerer
1875 1271 2060 1326 obsti-

391 1363 506 1416 tit?
539 1360 651 1416 Mei
673 1360 886 1430 judicii
919 1379 1031 1416 non
1071 1365 1196 1416 erat
1237 1360 1441 1433 quanti
1498 1361 1822 1416 mstimarcs
1855 1378 2058 1417 avoca-

402 1456 596 1507 menta
627 1451 908 1516 tua,mihi
936 1451 1125 1506 fraudi
1145 1467 1273 1505 esse
1300 1467 1413 1505 non
1438 1451 1609 1506 debet
1628 1451 1734 1505 tibi
1767 1452 2062 1522 obtempe-

402 1557 598 1594 rasse:
629 1556 809 1611 quare
835 1556 905 1594 ne
938 1544 993 1594 te
1026 1539 1409 1594 oblectaveris
1434 1541 1797 1594 merccnariii
1822 1541 2056 1608 damno,

403 1631 764 1700 promissum
801 1629 1027 1684 diurnae
1057 1645 1243 1700 operte
1279 1628 1528 1698 pretium
1564 1630 1756 1683 redde.
1804 1630 2054 1700 {Equum

397 1719 653 1787 dicebat,
686 1723 742 1773 et
774 1718 860 1773 vel
892 1718 1115 1774 invitus
1148 1723 1437 1774 mercator
1489 1721 1724 1774 centum
1783 1736 2056 1774 nummos

396 1808 698 1879 persolvit,
726 1807 1106 1863 inelaboratis
1139 1807 1250 1879 ipsi
1284 1808 1662 1864 manentibus
1711 1809 2052 1866 unionibus.

2171 647 2293 701 bris
2325 645 2603 714 instituti,
2633 659 2986 715 magnopere
3019 644 3172 698 afﬁci
3209 660 3301 700 me
3345 646 3502 700 sensi
3538 647 3610 700 ad
3642 646 3818 702 istam

2171 735 2590 806 professionem
2626 735 3071 805 capessendam,
3098 750 3305 805 meque
3331 751 3464 789 cum
3494 735 3586 789 bis
3609 751 3821 807 aggre-

2170 827 2449 897 gandum.
2479 823 2837 879 Retrahebar
2868 828 3062 878 autem
3121 824 3192 878 ab
3246 823 3353 878 hac
3402 824 3704 880 voluntate
3753 841 3819 881 eo

2170 919 2328 968 metu
2367 931 2437 968 ne
2471 931 2583 968 non
2618 930 2723 983 par
2751 928 2942 967 essem
2978 912 3232 967 ferendis
3281 912 3445 966 illius
3494 913 3818 985 disciplinae

2170 1003 2739 1074 laborihus,propter
2771 1003 3096 1058 contrarios
3140 1002 3308 1070 longo
3360 1020 3468 1057 usu
3520 1003 3824 1059 educatio—

2167 1093 2258 1148 nis
2291 1092 2702 1147 divcrsissimze
2735 1097 3066 1146 contractos
3098 1091 3356 1156 habitus,
3385 1109 3691 1164 moresque
3722 1111 3820 1149 as-

2167 1182 2478 1238 suetudine
2513 1182 2751 1236 coalitos
2783 1181 2840 1235 in
2872 1186 3185 1247 naturam;
3230 1182 3427 1251 itaque
3448 1183 3693 1237 verebar
3748 1199 3821 1238 ne

2165 1291 2344 1345 supra
2375 1273 2526 1327 vires
2560 1271 2860 1340 connisus,
2910 1287 3024 1324 non
3088 1272 3258 1324 modo
3313 1287 3427 1324 non
3475 1288 3823 1342 assequerer

2163 1364 2488 1435 optata,sed
2522 1369 2575 1415 el
2606 1363 2889 1416 damnum
2925 1360 3245 1431 acciperem
3278 1362 3682 1432 jacturamque
3715 1379 3821 1434 pa-

2164 1458 2317 1507 terer
2348 1453 2474 1522 jam
2526 1449 3048 1521 adeptorum.lllud
3083 1451 3257 1504 etiam
3291 1450 3432 1504 talia
3461 1451 3814 1521 cogitantem

2164 1542 2555 1596 conturbabat
2589 1557 2700 1606 me,
2737 1540 2890 1611 quod
2921 1538 3210 1604 videbam,
3245 1539 3291 1592 si
3337 1541 3557 1593 mundo
3597 1541 3819 1596 valedi-

2162 1649 2300 1687 cens
2333 1633 2649 1700 mlgrarem
2684 1630 2740 1683 in
2772 1628 3178 1695 solitudinem,
3213 1629 3412 1699 ibique
3441 1629 3824 1701 amplecterer

2161 1721 2503 1776 institutum
2531 1724 2888 1782 ascetarum,
2912 1717 3272 1789 eripiendam
3309 1717 3454 1772 mihi
3482 1719 3817 1776 facultatem

2159 1811 2306 1866 bene
2339 1809 2601 1865 merendi
2634 1811 2703 1864 de
2739 1806 3486 1878 bominihus,juvandique
3517 1809 3820 1864 beneficiis

396 1899 483 1952 Ad
519 1898 629 1953 hoc
664 1897 996 1966 exemplum
1042 1913 1148 1967 ego
1195 1897 1417 1954 veritus
1475 1914 1547 1952 ne
1606 1896 1850 1956 ludicris
1899 1900 2051 1956 seria
2081 1915 2128 1979 Β
2160 1902 2386 1972 inopes,
2417 1900 2588 1969 cujus
2613 1903 2806 1952 tamen
2845 1897 2900 1950 in
2929 1897 3402 1952 exercitationem
3427 1898 3662 1953 virtutis
3694 1916 3821 1954 ma-

396 1989 722 2059 perderem,
756 1986 1210 2046 remissionibus
1271 1986 1443 2058 posui
1476 1987 1739 2056 modum,
1763 1992 2053 2046 attentus-

389 2093 504 2148 que
527 2077 703 2133 ofﬁcii
729 2075 962 2144 negotio
982 2091 1074 2131 me
1097 2075 1359 2146 impendi
1387 2080 1570 2131 totum
1589 2076 1764 2148 nugis
1780 2078 2045 2148 abjectis.

399 2214 532 2266 CAP:
566 2209 690 2267 νη.
727 2241 795 2250 -
827 2211 1094 2264 Personas
1125 2208 1428 2264 meditione
1483 2225 1549 2264 ac
1592 2225 1804 2264 secessu
1845 2208 1904 2264 in
1957 2227 2046 2266 re-

469 2283 831 2337 surrectionis
857 2283 1111 2336 notitiam
1143 2282 1445 2352 venit.Ejus
1492 2280 1757 2336 doctrinae
1800 2281 2043 2338 utilitas.

467 2355 809 2409 Detibcratio
835 2355 983 2408 circa
1011 2356 1400 2424 pro/cssioncm
1430 2357 1558 2407 vitae
1589 2353 1861 2409 asceticw.

464 2475 754 2526 Pertmsus
800 2471 954 2525 inter
971 2471 1092 2525 ham
1110 2470 1476 2542 voluptatum
1494 2469 1830 2542 vitae,quod,
1850 2471 2047 2526 barum

393 2561 841 2616 instabilitatem
876 2563 932 2615 et
963 2559 1306 2615 inanitatem
1338 2576 1563 2627 noram,
1597 2560 1800 2632 collegi
1851 2577 1945 2616 me
1985 2562 2045 2616 in

392 2649 922 2706 considerationem
961 2648 1423 2714 attentiorem,et
1447 2652 1512 2703 ut
1543 2647 1680 2704 huic
1731 2653 1931 2721 aptum
1982 2668 2045 2706 o-

389 2740 540 2795 tium
574 2739 968 2805 nanciscerer,
1003 2739 1059 2793 in
1096 2736 1478 2794 solitudinem
1506 2755 1595 2793 me
1618 2738 1929 2795 abdidi.Ibi
1961 2740 2046 2794 al~

395 2830 516 2884 tius
549 2829 854 2901 ingressus
879 2829 936 2883 in
981 2824 1534 2900 contemplationem
1568 2845 1785 2898 rerum,
1816 2846 2046 2900 perma-

397 2935 578 2990 gnum
612 2919 736 2988 ejus
769 2934 952 2988 Operae
987 2917 1241 2972 fructum
1278 2915 1739 2973 retuli.lutellexi
1767 2919 2050 2989 enim,ua—

393 3015 536 3061 turze
569 3007 841 3061 humanae
873 3008 1098 3062 statum
1152 3006 1503 3076 etjuniversi
1557 3008 2044 3082 gubernationem

397 3111 624 3152 mecum
659 3097 1174 3168 reputans,deesse
1206 3113 1321 3152 non
1373 3113 1544 3168 posse
1605 3098 1746 3168 quin
1809 3099 1885 3154 sit
1939 3099 2044 3154 ali-

398 3183 634 3256 quando
667 3185 859 3240 futura
893 3188 1267 3241 mortuorum
1323 3188 1698 3256 resurrectio,
1733 3189 1804 3242 ad
1866 3206 2045 3260 quam

399 3291 604 3330 omnes
635 3276 881 3330 tendant
911 3274 1038 3330 suis
1067 3276 1286 3347 quique
1318 3275 1450 3347 viis,
1486 3276 1749 3332 moribus
1779 3277 2048 3332 videlicet
2075 3280 2117 3347 C
2156 3280 2338 3335 vitam
2399 3293 2465 3332 ac
2513 3278 2756 3345 statum,

398 3364 686 3436 actisque,
722 3379 936 3435 magno
969 3363 1309 3420 discrimine
1341 3366 1452 3420 sub
1496 3365 1670 3420 finem
1723 3366 2045 3436 deprehen-

394 3454 584 3508 dendo
616 3452 905 3508 bonorum
943 3452 1373 3526 malorumque,
1408 3469 1561 3507 nunc
1602 3453 1930 3524 permistim
1983 3473 2047 3510 a-

389 3542 813 3613 gentium.Hazc
844 3542 1108 3596 asceticaa
1141 3540 1468 3608 disciplina:
1499 3542 1558 3595 in
1592 3557 1825 3597 secessu
1879 3561 2043 3599 exer-

391 3633 519 3687 citae
552 3631 819 3685 doctrina
849 3633 958 3697 est,
988 3645 1167 3699 quam
1202 3627 1300 3683 illa
1332 3628 1485 3684 velut
1520 3631 1672 3686 bona
1703 3637 1893 3688 mater
1920 3635 2046 3691 suis

392 3719 740 3786 cultoribus,
767 3717 850 3771 uti
877 3717 1186 3788 morigeris
1208 3717 1365 3788 ﬁliis,
1392 3719 1591 3777 tradit.
1626 3723 1931 3786 Quantivis
1962 3724 2049 3780 is-

388 3809 492 3862 tud
520 3806 692 3878 pretii
727 3805 1125 3876 momentique
1154 3805 1419 3862 omnium
1450 3810 1919 3884 maximidogma
1935 3819 2045 3882 est,

394 3897 551 3951 unde
581 3894 712 3949 vitae
762 3897 916 3948 recte
963 3894 1283 3966 dirigendae
1332 3913 1466 3970 spes
1517 3903 1574 3954 et
1635 3901 1782 3956 ratio
1833 3905 2048 3974 pendet

393 3987 684 4042 universa.
717 3984 921 4041 Turris
952 3985 1076 4041 haec
1106 3987 1370 4057 quaedam
1417 3989 1817 4048 munitissima
1847 3998 1957 4061 est,
1985 3995 2045 4050 in

394 4093 571 4148 quam
605 4075 783 4146 quise
817 4075 1245 4148 receperit,nou
1281 4078 1449 4134 modo
1487 4084 1650 4135 tutus
1682 4084 2049 4151 permanebit

395 4169 468 4225 ab
500 4167 743 4224 incursu
771 4167 1060 4224 malorum
1095 4170 1280 4241 omni,
1314 4171 1413 4226 sed
1446 4175 1503 4226 et
1556 4189 1658 4244 per
1697 4189 1822 4229 eam
1868 4175 2046 4247 pandi

395 4257 509 4312 sibi
542 4258 768 4312 aditum
812 4257 871 4312 in
898 4257 1236 4331 paradisum
1271 4265 1500 4316 aeternae
1533 4261 1872 4335 voluptatis,
1907 4282 2044 4337 quo,

401 4348 450 4402 si
474 4346 633 4413 velit,
651 4364 894 4402 securus
910 4353 1175 4419 penetret
1197 4351 1504 4421 gratulans
1527 4352 2048 4422 experietur.Com-

397 4437 519 4508 peri
551 4436 724 4508 plane
755 4435 903 4490 nihil
938 4435 1147 4492 melius
1179 4442 1403 4494 attenta
1445 4440 1560 4495 ista
1605 4442 2046 4516 tranquillaque

394 4525 776 4580 meditatione
809 4541 1001 4579 rerum
1036 4526 1106 4579 ad
1129 4525 1378 4582 salutem
1402 4528 1612 4584 animae
1628 4533 2044 4603 spectantium:

394 4615 652 4686 comperi
686 4619 881 4669 autem
915 4613 971 4669 id
1003 4631 1116 4670 non
1141 4632 1253 4670 usu
1287 4617 1477 4672 solum
1498 4622 1754 4690 meo,sed
1773 4628 1829 4676 et
1851 4639 2044 4680 exem-

406 4703 518 4776 plis
539 4703 1014 4775 experientiaque
1046 4702 1296 4760 aliorum
1321 4707 1369 4763 ei
1407 4724 1468 4762 se
1515 4710 1879 4766 dedentium.
1927 4716 2045 4768 Hos

397 4793 554 4849 enim
583 4793 994 4862 animadverti,
1027 4811 1307 4866 apparere
1334 4803 1574 4868 pacatos
1605 4803 1663 4854 et
1694 4799 1855 4857 lmtos
1888 4819 2048 4857 sem-

401 4901 525 4955 per,
559 4888 760 4954 gratos
781 4899 916 4952 erga
970 4900 1197 4953 omnes,
1247 4902 1353 4941 suo
1409 4891 1737 4957 contentos,
1786 4907 2048 4964 securos,

396 4973 681 5028 subnixos
694 4989 976 5045 generoso
999 4978 1338 5048 contemptu
1363 4981 1705 5034 cunctarum
1728 4981 1934 5040 mundi
1956 4999 2051 5038 va-

399 5063 671 5131 nitatum,
697 5078 875 5132 supra
895 5078 1127 5118 omnem
1161 5081 1320 5124 noxae
1339 5064 1526 5121 aleam
1552 5067 1611 5122 in
1645 5068 1764 5124 alta
1795 5072 2048 5142 quadam

397 5165 528 5204 arce
553 5151 766 5205 mentis
812 5157 1131 5209 exstantes.
1189 5152 1410 5211 Horum
1470 5156 1651 5229 igitur
1715 5160 2048 5216 felicitatem

402 5237 732 5306 zemulatus,
757 5239 934 5295 livore
961 5246 1137 5313 atque
1168 5243 1486 5299 invidentia
1521 5246 1862 5319 repudiatis,
1907 5251 2050 5306 cha-

397 5327 554 5382 ritati
590 5343 680 5381 me
713 5329 928 5398 dedidi;
963 5332 1292 5405 spretisque
1325 5335 1496 5390 ﬂuxis
1528 5353 1595 5391 ac
1632 5338 1890 5406 caducis,
1926 5356 2051 5411 per-

403 5417 715 5472 fectionem
757 5417 1016 5472 ail'ectavi
1051 5422 1371 5493 sapientiae,
1396 5442 1512 5496 qua
1533 5431 1899 5484 monstrante
1919 5447 2055 5501 pro-

405 5507 610 5561 videns
645 5506 860 5574 futura,
886 5507 1313 5578 imperterritus
1342 5512 1523 5580 ibam,
1557 5519 1750 5571 certus
1787 5516 1932 5571 nihil
1991 5536 2053 5574 se

407 5597 774 5667 objecturum
807 5595 962 5666 quod
1005 5597 1155 5653 viam
1212 5600 1602 5658 intercludere
1663 5606 1732 5660 ad
1786 5623 2048 5679 scopum,

407 5701 577 5752 quem
603 5686 894 5750 intuebar,
921 5702 1066 5740 verte
1097 5688 1506 5758 beatitudinis,
1529 5708 1738 5767 meque
1772 5703 2056 5754 averteret

409 5776 506 5826 aut
537 5773 818 5829 turbaret.
849 5777 952 5830 Per
981 5773 1138 5831 hunc
1165 5778 1404 5834 modum
1454 5784 1852 5852 experimento
1884 5791 2053 5858 capto

2157 2007 2332 2062 gnam
2361 1988 2502 2043 mihi
2529 2003 2693 2059 spem
2721 1987 3105 2040 constitutam
3130 1985 3448 2041 arbitrarer
3470 1988 3818 2058 perennium

2157 2081 2446 2134 bonorum
2481 2077 2996 2147 acquirendorum.
3031 2076 3220 2137 Quare
3258 2076 3593 2131 metuebam
3629 2094 3699 2132 ne
3731 2078 3814 2132 si-

2156 2168 2316 2224 milis
2350 2169 2544 2221 nerem
2577 2164 2740 2219 canis
2774 2164 3028 2217 frustum
3063 2163 3261 2217 carnis
3301 2179 3398 2218 ore
3421 2167 3812 2236 portanti,qui

2155 2260 2283 2328 ejus
2307 2257 2575 2311 umbram
2607 2255 2662 2308 in
2691 2253 2931 2307 flumine
2988 2252 3176 2307 vicino
3235 2254 3516 2322 majorem
3578 2255 3814 2325 videns,

2156 2348 2374 2403 omisso
2409 2345 2562 2416 quod
2587 2341 2960 2410 tenet,insilit
2981 2343 3052 2397 ad
3077 2343 3431 2412 captandum
3457 2345 3612 2414 quod
3633 2361 3814 2415 appa-

2156 2442 2266 2504 ret,
2300 2453 2366 2491 ac
2398 2435 2480 2490 sic
2511 2440 2832 2503 utrumque
2863 2432 3373 2502 perdens,vacuus
3407 2433 3818 2504 impastusque

2156 2526 2469 2582 stultitiam
2506 2539 2634 2579 sero
2649 2538 2818 2578 suam
2849 2523 3115 2576 damnat.
3135 2522 3230 2576 Sic
3257 2522 3565 2577 subductis
3582 2541 3816 2578 mecum

2158 2615 2484 2672 rationibus
2517 2613 2638 2683 spei
2664 2616 2998 2681 metusque,
3033 2610 3209 2665 statui
3251 2611 3544 2667 sustinere
3594 2629 3686 2668 me
3739 2615 3816 2669 ab

2155 2707 2388 2777 incepto
2412 2720 2528 2759 non
2560 2701 2705 2756 satis
2735 2699 3044 2772 exploratae
3095 2699 3388 2769 utilitatis,
3437 2718 3814 2771 permanere—

2157 2812 2268 2867 que
2299 2792 2534 2848 interim
2560 2791 2620 2844 in
2646 2790 2850 2844 ordine
2880 2804 2946 2843 ac
2980 2793 3136 2843 statu
3154 2789 3286 2843 vitae
3317 2790 3519 2860 priori.

2157 2913 2288 2970 CAP.
2321 2910 2473 2965 VIlI.
2505 2938 2575 2948 —-
2605 2909 2788 2964 Est-us
2817 2906 3083 2962 Pcrzonis
3113 2906 3171 2961 in
3189 2905 3583 2964 deliberatione
3601 2907 3666 2962 de
3698 2907 3818 2966 vita

2248 2981 2600 3052 asceticaﬁct
2627 2979 2940 3034 distinctior
2965 2976 3173 3032 notitia
3196 2979 3456 3033 vanitatis
3486 2979 3709 3038 mundi.

2229 3100 2293 3156 In
2339 3098 2449 3154 hoc
2477 3100 2674 3152 tamen
2709 3093 2790 3150 sic
2823 3093 3135 3150 constituto
3184 3111 3256 3152 ne
3303 3093 3812 3166 conquiescerem,

2158 3188 2484 3262 abripiebat
2516 3201 2608 3242 me
2641 3200 2826 3242 novus
2866 3190 3044 3240 aestus
3095 3189 3533 3258 comparantem
3565 3185 3721 3244 inter
3753 3204 3816 3246 se

2834 3273 2970 3331 hinc
3030 3277 3259 3340 ascette,
3324 3273 3483 3332 illinc
3533 3277 3814 3334 amatoris

2155 3365 2387 3435 mundi,
2435 3369 2491 3420 et
2550 3381 2618 3420 ea
2673 3360 2982 3420 collatione
3041 3363 3449 3433 reperientem,
3500 3363 3658 3423 haud
3696 3366 3816 3422 fere

2154 3455 2288 3528 plus
2319 3453 2640 3525 voluptatis
2671 3467 2737 3508 ac
2773 3451 3084 3507 suavitatis
3117 3453 3456 3526 contingere
3494 3456 3818 3510 mundanis

2153 3561 2332 3617 quam
2365 3542 2990 3612 solitariis,utcunque
3020 3540 3080 3596 hi
3116 3540 3426 3597 videantur
3473 3543 3633 3600 omni
3685 3543 3817 3599 vitae

2154 3633 2424 3691 mortalis
2454 3632 2648 3688 fructu
2673 3631 2942 3697 destitui,
2977 3630 3287 3688 contrailli
3337 3630 3565 3690 deliciis
3615 3632 3811 3688 abun-

2155 3726 2311 3780 dare.
2340 3724 2474 3787 Quie
2516 3721 2672 3778 enim
2732 3719 2972 3779 tandem
3019 3720 3144 3776 istas
3186 3718 3405 3778 deliciae
3453 3725 3621 3794 sunt,
3661 3739 3814 3794 quas

2156 3813 2393 3886 penitus
2437 3810 2852 3884 introspiciens
2902 3807 3264 3884 reperiebam
3311 3806 3442 3880 plus
3496 3811 3566 3866 ad
3616 3816 3815 3868 extre-

2160 3919 2324 3958 mum
2361 3899 2669 3957 conciliare
2719 3899 2918 3954 damni
2953 3897 3359 3970 mastitiaeque
3414 3915 3592 3974 quam
3638 3899 3812 3959 initio

2159 3989 2468 4046 attulerint
2497 3987 2946 4059 voluptatis?Est
2973 3986 3130 4042 enim
3161 3988 3421 4046 mundus
3439 3987 3628 4047 instar
3641 4007 3812 4062 aquae

2157 4080 2348 4151 salsae,
2373 4078 2527 4134 unde
2559 4080 2780 4149 quanto
2813 4073 2944 4148 plus
2976 4075 3215 4142 biberis,
3239 4080 3402 4132 tanto
3421 4077 3553 4150 plus
3591 4078 3761 4136 sitias
3796 4098 3810 4147 ;

2155 4171 2344 4226 instar
2366 4167 2518 4224 ossis
2541 4165 2712 4231 aridl,
2745 4164 2938 4220 carnis
2970 4165 3148 4220 odore
3193 4166 3448 4236 quodam
3495 4165 3811 4224 allicientis

2156 4257 2490 4330 canem,qui
2523 4255 2703 4310 miser
2735 4271 2800 4310 eo
2834 4255 3084 4310 redendo
3118 4253 3266 4309 nihil
3321 4255 3430 4310 nisi
3484 4256 3688 4312 dentes
3723 4261 3810 4312 at-

2155 4349 2292 4404 terit
2323 4353 2381 4403 et
2413 4348 2604 4402 fauces
2639 4343 3060 4412 convulnerat;
3092 4344 3280 4399 instar
3326 4345 3565 4400 frustuli
3614 4347 3814 4402 carnis

2156 4441 2333 4510 raptae
2357 4454 2389 4492 a
2417 4435 2738 4503 vulture,in
2770 4451 2944 4505 quem
2980 4432 3358 4490 convolantes
3390 4435 3648 4506 undique
3682 4435 3810 4491 aliae

2156 4542 2394 4600 rapaces
2429 4543 2584 4596 aves,
2609 4524 2861 4596 abjicere
2896 4523 3151 4598 praedam
3195 4527 3432 4596 cogunt,
3475 4526 3810 4581 necessaria

2157 4618 2247 4674 sui
2276 4615 2477 4672 tuendi
2501 4614 2977 4688 cura,plagisque
3017 4619 3263 4672 contuso
3295 4631 3360 4668 ac
3410 4630 3606 4685 pugna
3654 4615 3808 4669 fesso

2157 4726 2271 4764 non
2292 4707 2473 4762 alium
2499 4705 2714 4778 rapinae
2741 4721 2858 4760 sua:
2877 4704 3132 4759 fructum
3161 4701 3505 4774 relinquunt
3528 4720 3706 4778 quam
3723 4703 3808 4758 fa-

2159 4814 2314 4854 mem
2348 4799 2404 4850 et
2437 4797 2703 4850 mmstam
2738 4792 3076 4847 memoriam
3103 4791 3371 4847 inanium
3402 4790 3803 4859 laborum;in-

2160 4893 2284 4946 star
2313 4883 2470 4942 vasis
2503 4881 2713 4938 mellea
2743 4881 3055 4954 superﬁcie
3090 4896 3376 4935 venenum
3431 4880 3804 4953 suppositum

2158 4976 2434 5049 tegentis,
2459 4991 2525 5029 ex
2557 4989 2671 5046 quo
2705 4971 2801 5045 qui
2837 4970 3150 5026 dulcedine
3191 4969 3419 5025 illectus
3453 4969 3668 5036 mellis,
3703 4988 3808 5040 gu-

2161 5066 2422 5133 staverit,
2474 5081 2606 5119 mox
2655 5078 2791 5118 cum
2843 5061 3106 5116 cruciatu
3155 5059 3562 5129 exanimatur;
3622 5059 3812 5114 instar

2162 5159 2360 5213 laetum
2395 5153 2692 5210 somnium
2725 5150 3002 5218 videntis,
3029 5147 3301 5222 qui,mox
3331 5148 3615 5221 evigilans
3639 5149 3697 5204 in
3724 5149 3809 5203 fa-

2163 5247 2426 5303 miliares
2459 5242 2728 5299 miserias
2773 5239 3112 5308 revolvitur;
3154 5239 3340 5293 instar
3397 5237 3648 5310 fulguris
3690 5255 3813 5292 mo-

2164 5341 2362 5393 mento
2393 5330 2792 5388 illuminantis
2821 5335 3180 5386 nocturnum
3215 5329 3657 5392 viatorem,suis
3689 5331 3811 5382 sta~

2163 5427 2271 5482 tim
2303 5422 2560 5480 tenebris
2588 5420 2978 5488 reddendum;
3019 5418 3204 5473 instar
3234 5416 3556 5486 bombycis,
3578 5416 3815 5471 assidue

2165 5516 2355 5571 nendo
2389 5510 2533 5567 nihil
2564 5509 2988 5580 lucrantis,nisi
3021 5507 3274 5563 sterilem
3308 5505 3810 5562 continuationem

2165 5604 2379 5661 inﬁniti
2411 5601 2631 5657 laboris
2688 5599 2849 5656 Talia
2899 5603 3176 5670 reputans
3222 5613 3425 5651 rursus
3469 5594 3812 5651 resorbebar

2164 5696 2223 5750 in
2257 5693 2611 5748 desiderium
2637 5691 2762 5745 vitm
2795 5687 3069 5744 solitariae
3121 5686 3426 5752 sectandae,
3483 5700 3808 5754 rursusque

2166 5781 2590 5840 netrahebarin
2618 5779 2978 5852 propositum
3007 5793 3121 5832 non
3153 5774 3464 5830 abdicandi
3496 5773 3622 5829 vitae
3655 5789 3810 5827 com-
