4120 6402
348 436 490 492 1245

1356 440 1718 493 SPECIMEN
1758 439 2160 497 SAPIENTIE
2196 443 2532 502 INDORUM
2570 450 2730 501 VET.

3630 452 3766 509 1246

348 563 689 629 moda,dum
722 581 787 618 ea
816 579 1175 637 comparans
1208 580 1343 619 cum
1376 562 1999 636 aerumnis,angustiis,
2028 562 2083 633 Α
2113 567 2295 624 renda
2324 574 2383 625 et
2412 573 2672 628 curanda
2704 574 2975 647 conjuge,
3010 575 3212 633 liberis
3245 577 3588 645 educandis,
3628 596 3765 649 pro-

348 652 655 709 laboribus
687 653 816 706 vitae
848 652 1041 722 inopis
1073 654 1132 708 in
1166 653 1483 708 solitudine
1516 652 2007 725 degendae,haud-

346 757 652 813 quaquam
688 740 831 795 mihi
866 741 1199 796 faciendum
1232 742 1537 813 putabam,
1571 746 1634 797 ut
1684 741 1804 796 haec
1855 740 2006 797 ultro

346 831 683 901 abjicerem,
733 846 859 901 quae
902 831 1046 886 forte
1071 832 1450 903 postmodum
1493 832 1713 886 frustra
1746 831 2005 901 require-

349 937 494 976 rem.
524 921 679 975 Inter
706 920 813 975 hos
840 922 1006 991 quasi
1039 922 1252 976 ﬂuctus
1284 920 1571 992 ancipites
1602 938 1889 976 sensuum
1939 937 2005 976 ac

346 1015 609 1065 votorum
648 1011 892 1065 alternis
926 1009 1363 1081 praivalentium
1406 1011 1682 1082 ambigue
1724 1012 2003 1080 jactatus,

345 1100 562 1156 similis
612 1116 770 1155 eram
825 1100 1095 1171 imperito
1123 1100 1335 1171 judici,
1372 1100 1570 1155 leviter
1601 1102 1855 1155 mutanti
1887 1099 2003 1154 cal-

342 1190 528 1257 culos,
574 1194 629 1245 et
680 1191 854 1245 modo
888 1191 1191 1245 damnasti
1240 1207 1415 1262 quem
1467 1190 1817 1258 absolverat,
1869 1207 2003 1245 mox

345 1297 520 1352 quem
552 1282 935 1335 damnaverat
968 1298 1175 1335 rursus
1206 1280 1552 1335 absolventi.

345 1398 480 1452 CAP.
518 1398 616 1453 IX.
650 1430 717 1437 —
751 1402 981 1459 Pet-Loca
1007 1406 1219 1453 acterna
1246 1402 1489 1468 .cpcclarc
1518 1396 1803 1452 constituit
1835 1396 2001 1452 :rz't;c

717 1470 986 1525 humana»:
1014 1469 1301 1525 miseriam
1332 1469 1609 1524 describit.

411 1585 653 1657 Aliquid
702 1590 898 1640 tamen
934 1586 1074 1639 certi
1126 1586 1350 1640 fructus
1401 1600 1468 1639 ex
1518 1584 1611 1640 his
1660 1585 1999 1641 altercantis

338 1692 540 1731 secum
572 1676 683 1731 mei
717 1676 896 1730 animi
932 1673 1243 1730 contrariis
1267 1675 1589 1735 assultibus
1615 1674 1995 1746 collegi.Con-

340 1765 612 1820 siderans
644 1765 802 1822 enim
834 1769 1061 1820 tantam
1096 1764 1254 1819 illam
1282 1764 1339 1819 in
1364 1765 1517 1820 victu
1542 1764 1823 1835 cultuque
1848 1766 1997 1820 duri-

337 1854 480 1911 tiem
512 1856 868 1923 ascetarum,
894 1852 1257 1913 tolerabilem
1290 1854 1455 1925 ipsis,
1491 1853 1610 1908 imo
1644 1870 1877 1909 suavem
1910 1855 1990 1909 vi-

2115 659 2453 727 movendis;
2489 662 2823 719 ambiendis
2855 665 3200 734 honoribus,
3236 668 3608 723 commerciis
3659 669 3764 723 mi-

2114 748 2653 819 scendis,amicitiis
2680 754 3360 825 contrahendis,invidim
3387 757 3766 827 petitionibus

2112 837 2789 912 dcclinandis,periculis
2813 844 3199 915 judiciorum,
3225 847 3501 901 fraudum
3531 846 3766 903 insidiis

2111 928 2283 983 anxia
2339 932 2704 999 providentia
2762 935 3054 990 cavendis.
3115 936 3378 991 Senescit
3431 937 3586 992 inter
3642 939 3765 993 haec

2109 1018 2559 1075 circumferrens
2584 1023 2640 1075 in
2666 1022 2789 1077 suis
2813 1024 2939 1095 ipse
2960 1023 3280 1079 visceribus
3304 1042 3369 1080 ac
3382 1027 3546 1081 venis
3569 1026 3764 1082 hostes

2110 1123 2414 1178 nunquam
2442 1112 2776 1181 quiscentes
2800 1116 3758 1186 quatuor,sanguinem,phlegma,

2109 1196 2383 1266 chymum
2416 1206 2487 1269 et;
2503 1200 2706 1269 bilem;
2744 1202 3020 1259 obsessus
3052 1205 3307 1258 exterius
3339 1204 3571 1260 infestis
3604 1222 3760 1260 sem-

2108 1302 2211 1356 per
2266 1288 2543 1357 periculis
2598 1291 2946 1361 toxicorum,
2997 1294 3352 1365 viperarum,
3414 1299 3753 1366 serpentum

2107 1390 2318 1443 genere
2349 1378 2530 1448 omni,
2554 1384 2679 1434 tum
2716 1381 2951 1436 leonum
2984 1383 3357 1453 ferarumque
3391 1384 3752 1440 rabidarum.

2109 1464 2385 1521 Praetereo
2416 1484 2685 1538 vaporem
2722 1472 2959 1526 noxium
3014 1472 3155 1526 solis
3206 1475 3486 1541 ardentis,
3540 1475 3755 1545 frigora

2106 1553 2367 1610 hiemum
2401 1575 2464 1612 ac
2497 1559 2737 1629 nivium,
2773 1562 3053 1631 pestilens
3087 1563 3570 1633 cmium,luesque
3602 1582 3755 1619 auras

2103 1646 2288 1698 tractu
2326 1650 2501 1717 atque
2543 1648 2727 1703 halitu
2781 1651 3129 1722 vulgabiles,
3180 1653 3592 1707 inundantium
3642 1654 3753 1709 im-

2101 1731 2322 1799 brium,
2366 1734 2482 1789 tela
2530 1738 2777 1792 nubium
2828 1745 2886 1793 et
2930 1740 3245 1795 fulminum
3298 1742 3593 1797 horrores.
3645 1748 3755 1798 Per

2103 1820 2208 1875 has
2240 1824 2432 1879 minas
2472 1842 2768 1897 nusquam
2816 1845 2930 1882 non
2983 1829 3263 1897 intentas,
3314 1830 3362 1885 si
3413 1831 3547 1902 quis
3595 1833 3755 1888 varie

342 1942 714 2013 deri,idcirco
739 1911 891 2015 quod
918 1942 1111 1997 brevis
1133 1943 1229 2015 sit,
1260 1911 1363 1997 nec
1386 1911 1541 1998 ultra
1562 1941 1690 1997 vita:
1724 1943 1991 2001 mortalis
2022 1926 2070 1992 Β
2100 1911 2487 2015 Vitabf‘,"d“§_
2512 1918 2823 2015 Ρθῗῗίοῧῖη,
2854 1919 2923 1973 ad
2957 1919 3314 2015 decréPimm
3367 1926 3617 1990 Etatem’
3670 1922 3751 2015 ibi

338 2031 593 2104 spatium
630 2036 831 2101 exeat;
863 2031 1127 2090 vicissim
1160 2036 1355 2087 autem
1389 2032 1714 2105 excipiatur
1758 2035 1992 2104 gaudiis

329 2121 569 2177 (sternis
623 2139 636 2178 :
690 2120 919 2177 decrevi
970 2139 1075 2193 ego
1107 2137 1365 2193 quoque,
1396 2122 1559 2194 parvi
1593 2122 1805 2178 ducere
1837 2126 1991 2180 bona

328 2213 665 2286 praesentia,
700 2230 803 2285 spe
835 2230 899 2267 ac
947 2213 1385 2285 comparatione
1433 2213 1789 2270 futurorum.
1844 2216 1989 2272 Hinc

325 2302 495 2373 quasi
553 2302 865 2357 consolans
917 2300 1171 2355 animam
1225 2317 1441 2367 meam,
1492 2306 1548 2355 et
1597 2303 1988 2373 comprobaus

322 2392 700 2464 inexplebilis.
732 2391 833 2445 illa
865 2390 1159 2446 desideria
1206 2391 1425 2463 quibus
1474 2390 1801 2448 inhiaverat
1842 2410 1983 2466 pro-

325 2484 565 2541 fessioni
616 2486 741 2541 vita:
790 2501 922 2540 cum
958 2481 1172 2541 virtute
1204 2484 1555 2554 conjunctae,
1592 2484 1855 2539 dicebam
1890 2503 1903 2539 :
1939 2485 1981 2539 Ο

327 2578 617 2646 quantum
650 2573 706 2628 in
732 2573 841 2628 hoc
887 2572 1013 2627 vitae
1069 2588 1280 2643 genere
1330 2589 1537 2643 aspero
1581 2574 1982 2647 destitutoque

329 2661 601 2719 laborum
669 2679 1178 2733 arumnarumque
1244 2662 1545 2719 sentiturl
1598 2664 1698 2717 sed
1772 2681 1980 2720 rursus

330 2769 509 2825 quam
544 2752 737 2809 brevis
788 2758 844 2808 et
893 2756 1047 2807 ﬂuxa
1096 2754 1183 2805 est
1227 2750 1494 2823 voluptas
1544 2750 1975 2823 indulgentium

330 2841 541 2915 genio!
576 2859 754 2913 quam
808 2840 983 2897 fallax
1032 2841 1292 2897 suavitas
1343 2844 1757 2897 momentaneo
1798 2849 1974 2916 gustu

328 2928 718 2989 evanescens!
771 2930 911 2995 Quis
962 2948 1133 3003 porro
1183 2935 1304 2987 tam
1362 2929 1518 2985 laeva:
1570 2930 1806 3000 mentis,
1859 2950 1973 2989 non

327 3020 563 3076 abunde
592 3019 985 3092 compensari,
1038 3038 1149 3075 non
1201 3020 1346 3075 bene
1398 3020 1619 3076 condiri
1671 3025 1837 3093 putet
1878 3040 1975 3078 ex-

326 3110 675 3182 perientiam
706 3110 936 3165 brevem
972 3127 1158 3181 parvae
1210 3110 1625 3166 amaritudinis
1672 3117 1970 3185 exspecta-

328 3198 485 3255 tione
515 3204 673 3254 certa
703 3198 1033 3255 dulcedinis
1065 3199 1462 3271 sempiterna?
1484 3201 1625 3266 Quis
1654 3200 1829 3257 homo
1862 3208 1971 3274 est,

322 3289 415 3343 cui
451 3288 498 3344 si
532 3288 787 3344 conditio
822 3288 1043 3344 feratur
1074 3289 1395 3344 subeundae
1430 3306 1530 3361 per
1574 3294 1812 3366 tempus
1854 3310 1967 3348 non
2002 3286 2046 3354 C

320 3377 564 3449 longum
600 3378 741 3433 arcti
777 3379 1028 3433 carceris
1060 3379 1366 3451 angustiae,
1400 3384 1463 3434 ut
1496 3396 1630 3437 mox
1660 3380 1714 3435 in
1749 3388 1976 3440 internae

320 3467 674 3523 ammnitatis
705 3468 876 3523 beata
900 3468 1093 3539 spatia
1123 3467 1475 3538 laxetur,qui
1500 3475 1731 3525 recuset
1753 3476 1855 3527 aut
1876 3474 1979 3527 du-

318 3558 465 3614 bitet
488 3557 839 3614 admittere?
866 3559 952 3613 An
987 3574 1101 3613 non
1133 3566 1221 3613 est
1251 3557 1371 3617 haec
1402 3558 1518 3613 vita
1549 3560 1722 3629 plena
1754 3560 1974 3618 dolori.-

317 3647 452 3716 bus,
486 3647 693 3705 acerba
730 3645 1019 3712 cladibus,
1072 3646 1245 3701 anxia
1296 3645 1612 3718 periculis;
1658 3648 1779 3703 imo
1832 3651 1971 3721 quid

315 3735 575 3791 hominis
607 3735 665 3790 in
698 3740 852 3791 terra
883 3733 1245 3790 conversatio
1277 3733 1435 3790 aliud
1467 3740 1555 3790 est
1587 3753 1762 3807 quam
1808 3739 1970 3810 jugis

316 3825 578 3896 afﬂictio,
630 3829 856 3881 textum
908 3824 1248 3880 necessariae
1298 3824 1570 3895 miserisa,
1622 3827 1966 3885 continuum

316 3920 673 3972 tormentum
706 3932 821 3970 uno
855 3914 1086 3970 srevitize
1111 3918 1311 3970 tenore
1333 3933 1365 3970 a
1388 3915 1678 3988 principio
1697 3919 1765 3972 ad
1788 3919 1965 3975 finem

314 4005 660 4077 pertinens?
707 4005 1011 4061 Enimvero
1061 4004 1190 4076 ipsa
1238 4005 1497 4062 hominis
1560 4007 1747 4077 prima
1804 4009 1966 4081 origo

312 4111 490 4166 quam
521 4094 894 4150 vilis?Mucus
927 4111 1135 4165 nempe
1168 4094 1406 4166 quidam
1432 4094 1519 4167 (ut
1541 4095 1707 4155 aiunt
1731 4098 1966 4171 medici)

310 4184 588 4256 delapsus
622 4186 679 4239 in
723 4190 955 4240 uterum
1007 4184 1290 4253 mulieris,
1341 4185 1542 4258 ibique
1589 4204 1722 4242 cum
1773 4188 1963 4259 ipsius

308 4275 597 4348 sanguine
627 4275 995 4345 commistus,
1029 4276 1167 4331 inde
1197 4292 1579 4332 conerescens
1618 4277 1965 4350 dispertitur

307 4364 366 4419 in
402 4365 688 4435 membra,
721 4380 1063 4435 moramque
1095 4365 1261 4420 ducit
1289 4364 1526 4438 longam
1557 4365 1617 4421 in
1648 4366 1767 4422 illis
1800 4373 1961 4426 tene-

307 4453 430 4510 bris
462 4458 519 4510 et
549 4454 843 4525 angustiis
875 4453 1001 4508 sine
1055 4452 1184 4508 cibo
1233 4458 1291 4509 et
1338 4464 1503 4526 potu,
1552 4459 1679 4512 tum
1732 4466 1960 4515 maturo

305 4548 510 4616 partus
542 4547 826 4615 tempore,
858 4559 993 4598 cum
1026 4542 1259 4599 nixibus
1291 4548 1347 4599 et
1377 4545 1628 4602 summis
1658 4546 1959 4611 doloribus

2100 2002 2315 2071 reperit
2341 2006 2680 2074 curgtandiu
2713 2007 2925 2063 vixisse
2973 2010 3269 2080 poeniteat.
3320 2014 3506 2081 Super
3554 2012 3753 2067 omnia

2098 2106 2257 2145 mors
2316 2092 2537 2163 ingruit
2589 2095 2812 2151 incerta
2868 2098 2959 2152 sui
3015 2100 3448 2170 exspectatione
3505 2099 3747 2171 longum

2095 2181 2335 2248 vexatis,
2372 2183 2892 2256 tristissimamque
2924 2205 2957 2242 a
2988 2190 3230 2255 mundo,
3267 2207 3299 2243 a
3330 2190 3515 2260 patria
3545 2192 3749 2247 domo-

2097 2288 2229 2342 que,
2264 2290 2294 2327 a
2328 2276 2635 2344 complexu
2668 2277 3002 2346 charorum,
3038 2297 3070 2334 a
3116 2279 3336 2349 liberis,
3394 2283 3746 2354 consangui-

2094 2361 2243 2430 neis,
2296 2363 2525 2432 amicis,
2576 2366 2871 2433 fratribus,
2904 2385 2936 2422 a
2968 2370 3185 2439 spebus
3215 2372 3345 2425 vitae
3378 2371 3605 2425 cunctis
3637 2372 3750 2426 mi-

2092 2451 2419 2520 grationem
2454 2454 2893 2511 inexorabiliter
2922 2458 3157 2513 edicens
3210 2476 3223 2514 :
3277 2458 3461 2513 multo
3510 2460 3743 2516 interim

2092 2541 2282 2611 magis
2316 2544 2607 2613 crucians,
2643 2546 2876 2601 conscia
2908 2547 3242 2618 suspicione
3275 2565 3599 2618 pmnarum,
3625 2549 3745 2602 ani-

2091 2644 2201 2683 mae
2223 2646 2355 2685 mox
2377 2648 2619 2703 corpore
2644 2635 3251 2703 solutae,luendarum,
3272 2638 3344 2691 ob
3368 2654 3481 2692 non
3515 2638 3744 2708 expiata

2086 2718 2212 2772 vitae
2246 2718 2485 2775 scelera.
2538 2722 2737 2778 Eritne
2788 2724 3105 2795 quisquam
3158 2743 3312 2781 sane:
3362 2728 3596 2792 mentis,
3648 2728 3741 2782 his

2086 2810 2413 2879 perpensis,
2444 2827 2618 2882 quem
2651 2812 2833 2883 hujus
2865 2831 3205 2868 aerumnosa;
3239 2832 3304 2869 ac
3336 2816 3738 2885 corruptibilis

2084 2898 2213 2952 vitae
2247 2915 2359 2953 non
2390 2900 2638 2956 taedeat?
2665 2903 2765 2973 qui
2798 2902 3046 2958 libenter
3077 2904 3171 2959 hic
3204 2906 3299 2975 sit,
3337 2906 3435 2976 qui
3465 2906 3736 2978 volupta-

2083 2990 2210 3041 tum
2242 2992 2301 3043 et
2330 2990 2596 3059 turpium
2630 2995 2687 3045 et
2720 2991 3016 3063 fugacium
3051 3000 3225 3064 gustu
3278 2995 3580 3065 capiatur?
3632 2996 3733 3067 qui

2083 3076 2253 3131 ﬂuxis
2302 3082 2358 3132 et
2408 3079 2647 3133 caducis
2701 3080 3056 3136 inaedificare
3106 3099 3239 3153 spes
3289 3084 3632 3141 ambitiosas
3681 3091 3737 3141 et

2083 3180 2285 3220 secure
2333 3166 2607 3221 insistere
2638 3184 2752 3222 non
2785 3168 3056 3224 dubitet?
3086 3172 3168 3225 Sit
3200 3170 3298 3226 ille
3331 3172 3460 3227 licet
3482 3190 3599 3243 rex,
3637 3176 3733 3244 sit,

2085 3255 2187 3310 Dei
2237 3255 2527 3327 singulari
2576 3258 2878 3325 beneﬁcio,
2931 3261 3161 3315 cunctis
3210 3266 3430 3317 naturae
3472 3265 3733 3330 dotibus,

2086 3344 2333 3400 fortuna:
2364 3346 2659 3401 favoribus
2691 3351 2971 3417 ornatus;
3004 3350 3195 3419 vigeat
3225 3351 3732 3423 valetudine,gau-

2083 3436 2218 3490 deat
2249 3436 2481 3506 opibus,
2512 3437 2716 3491 ﬂoreat
2746 3438 3176 3495 existimatione
3208 3458 3273 3495 ac
3304 3442 3492 3509 fama;
3546 3449 3734 3499 exstet

2082 3524 2198 3579 alte
2228 3526 2584 3596 conspicuus
2612 3527 2667 3579 in
2704 3544 2833 3581 arce
2855 3530 3107 3598 quadam
3132 3530 3399 3585 humanae
3434 3531 3729 3589 felicitatis

2081 3630 2113 3668 a
2153 3614 2384 3671 cunctis
2414 3614 2747 3687 vulgarium
2775 3616 3282 3674 incommodorum
3316 3626 3613 3690 protectus
3647 3623 3731 3677 in-

2080 3699 2339 3756 sultibus
2372 3718 2387 3757 :
2422 3703 2566 3758 feret
2596 3707 2796 3759 tamen
2830 3722 3029 3762 secum
3061 3724 3412 3780 quocunque
3458 3714 3731 3767 ascendet

2078 3791 2381 3845 rodentem
2415 3792 2577 3847 intus
2609 3795 2826 3849 tineam
2870 3796 3027 3851 lente
3075 3800 3395 3865 grassantis
3443 3800 3624 3867 exitii,
3676 3807 3732 3856 et

2075 3879 2489 3934 insidiantium
2524 3882 2787 3953 undique
2818 3885 3225 3941 calamitatum
3263 3906 3443 3943 unum
3486 3891 3732 3961 reperiet

2074 3970 2291 4025 exitum
2326 3971 2383 4024 in
2416 3970 2579 4025 clade
2614 3972 2839 4044 ultima,
2873 3975 3130 4030 animam
3182 3979 3295 4047 ipsi
3339 3996 3403 4033 ac
3454 3982 3728 4052 spiritum

2073 4060 2348 4117 extremis
2381 4062 2700 4133 angoribus
2732 4069 3050 4121 extortura.

2073 4178 2204 4233 CAP.
2233 4177 2306 4233 X.
2341 4210 2408 4219 ——
2441 4180 2760 4259 Infelicita.s_
2777 4182 3096 4259 mortalium
3154 4186 3432 4243 luculento
3481 4190 3724 4259 symbolo

2727 4252 3060 4311 declaratur.

2140 4373 2279 4423 Post
2304 4368 2425 4423 haec
2455 4367 2761 4440 ingressus
2793 4387 2897 4442 ego
2931 4388 3133 4428 rursus
3180 4373 3241 4427 in
3294 4374 3557 4431 altiorem
3583 4395 3723 4433 con-

2069 4457 2485 4513 siderationem
2549 4475 2745 4513 rerum
2803 4477 2931 4531 quae
2989 4462 3264 4518 visuntur
3311 4464 3369 4518 in
3421 4465 3531 4521 hoc
3558 4469 3719 4537 orbe,

2068 4549 2456 4609 animadverti
2489 4554 2896 4607 creaturarum
2930 4554 3195 4610 omnium
3230 4556 3396 4611 facile
3442 4564 3718 4628 praestan-

304 4632 745 4703 ejicitur.Natus
768 4649 912 4705 puer
935 4631 1247 4703 multiplici
1270 4632 1597 4691 ministerio
1618 4635 1957 4706 gerulorum
1988 4668 2036 4732 Β
2066 4640 2367 4696 tissimum
2401 4656 2530 4695 esse
2557 4639 3086 4711 hominem,verum
3120 4646 3391 4702 eumdem
3426 4648 3721 4720 negligen-

305 4729 364 4778 et
396 4722 717 4786 nutricum,
752 4739 852 4793 per
883 4721 1055 4776 ﬂetus
1084 4720 1200 4775 fere
1232 4722 1503 4777 assiduos
1550 4724 1618 4777 ad
1674 4726 1954 4782 creberri-

305 4828 468 4868 mum
503 4826 745 4865 sensum
778 4809 1360 4882 famiss,itis,algoris
1392 4810 1799 4886 similiumque
1830 4833 1956 4871 ma-

305 4899 522 4969 lorum,
557 4900 773 4972 quibus
807 4900 1071 4969 subjacet
1096 4900 1390 4956 imbecilla
1421 4901 1687 4971 infantia,
1740 4906 1956 4976 perdu-

305 4991 460 5047 citur
490 4992 559 5047 ad
598 4988 1081 5045 molestissimam
1127 4989 1240 5061 ipsi
1289 4990 1761 5048 ablactationem.
1816 4997 1956 5052 Inde

302 5081 604 5153 magistris
636 5080 990 5145 edocendus,
1025 5079 1134 5135 hoc
1165 5085 1254 5135 est
1282 5081 1729 5153 excruciandus,
1770 5084 1953 5140 tradi-

304 5180 417 5239 tur,
450 5169 936 5241 subigendusque
970 5174 1188 5224 terrore
1222 5185 1290 5225 ac
1340 5170 1531 5243 plagis
1581 5173 1651 5227 ad
1701 5172 1950 5243 litteras,

300 5268 401 5317 aut
432 5264 585 5315 artes
615 5263 1001 5329 crateramque
1032 5258 1409 5330 disciplinam
1440 5261 1708 5332 improbo
1754 5262 1951 5321 labore

297 5350 686 5422 arripiendae.
717 5347 875 5403 Mitto
910 5349 1098 5403 febres
1148 5350 1460 5422 variosque
1510 5349 1843 5425 languores,
1893 5358 1950 5410 et

290 5441 493 5514 pejora
525 5436 696 5492 malis
747 5437 1004 5492 remedia
1054 5437 1566 5494 amarissimarum
1618 5441 1942 5513 potionum.

297 5529 396 5584 Sic
426 5528 486 5583 in
515 5526 911 5583 robustiorem
939 5527 1145 5580 educto
1176 5531 1430 5594 zetatem,
1464 5527 1617 5584 alius
1649 5547 1765 5585 non
1809 5532 1946 5587 faci-

292 5618 507 5673 liorum
542 5614 927 5671 certaminum
961 5630 1205 5687 campus
1240 5616 1820 5688 aperitur,latissime
1844 5637 1942 5692 pa-

290 5714 426 5763 tens
460 5706 515 5759 in
552 5721 724 5760 curas
755 5706 1275 5775 contentionesque
1306 5705 1589 5762 sollicitas
1613 5707 1825 5763 diversi
1852 5727 1946 5782 ge-

288 5795 451 5853 neris
486 5811 499 5851 :
533 5794 590 5849 in
626 5792 845 5849 divitiis
876 5794 1157 5865 parandis
1190 5796 1493 5869 partisque
1518 5797 1940 5871 tuendis,quae-

2070 4736 2188 4785 tem
2222 4730 2335 4800 sui,
2357 4748 2421 4786 ac
2449 4731 2679 4803 proprie
2705 4734 2913 4788 salutis
2944 4734 3332 4807 incuriosum,
3367 4738 3528 4794 illam
3562 4746 3717 4811 post-

2069 4821 2280 4875 hahere
2306 4820 2706 4891 voluptatibus
2732 4840 3040 4882 sensuum.
3076 4828 3224 4881 Tum
3279 4828 3362 4882 sic
3409 4830 3565 4900 apud
3619 4847 3711 4885 me

2066 4910 2180 4965 dixi
2217 4929 2229 4967 :
2259 4911 2483 4967 Similis
2507 4914 2596 4966 est
2618 4911 2794 4968 homo
2817 4914 2936 4969 viro
2960 4917 3216 4988 cuipiam
3244 4920 3490 4990 fugienti
3513 4938 3543 4974 a
3566 4922 3711 4978 facie

2064 5000 2169 5055 feri
2204 5000 2680 5069 monocerotis,ct
2712 5018 2962 5059 cursusu
2996 5003 3096 5060 illo
3130 5006 3318 5063 delato
3352 5009 3410 5063 in
3445 5011 3707 5082 principi-

2062 5088 2210 5144 tium
2242 5088 2558 5144 imminens
2590 5090 2897 5161 lacui,"5ubi
2932 5099 3162 5165 reperta
3211 5095 3431 5168 ingenti
3482 5099 3707 5169 arbore,

2064 5179 2402 5233 conscendit
2434 5179 2490 5232 in
2516 5196 2710 5235 ramos
2742 5182 2870 5251 ejus
2904 5182 3427 5259 inferiores,iisquc
3460 5208 3707 5262 suspen-

2062 5285 2164 5323 sus
2195 5268 2379 5322 hrcsit.
2413 5267 2846 5325 Nidulabantur
2876 5273 2986 5326 sub
3018 5290 3154 5329 cavo
3186 5276 3399 5333 cortice
3429 5280 3558 5351 ejus
3613 5300 3708 5336 ar-

2060 5358 2215 5413 boris
2266 5375 2486 5429 angues
2537 5362 2808 5429 quatuor,
2860 5362 3219 5421 tercbrantes
3270 5367 3484 5438 ipsam,
3517 5375 3573 5425 et
3604 5388 3707 5443 per

2056 5446 2364 5514 foramina,
2400 5465 2525 5519 qua}
2561 5449 2812 5505 rodendo
2848 5451 3121 5524 fecerant,
3164 5456 3357 5527 capita
3405 5464 3703 5515 ostentan-

2054 5540 2162 5591 tes.
2197 5536 2538 5608 Despiciens
2568 5537 2702 5592 inde
2727 5540 2792 5592 ad
2829 5540 3055 5596 radices
3086 5545 3334 5614 arboris,
3368 5547 3513 5602 vidit
3542 5565 3706 5603 accu-

2054 5624 2287 5680 bantem
2340 5625 2652 5680 draconem
2714 5627 3056 5699 immanem,
3115 5639 3276 5689 vasto
3329 5636 3701 5693 diducturum

2054 5714 2310 5768 faucium
2346 5715 2604 5770 hiantem
2641 5719 2852 5789 spatio,
2882 5722 2950 5775 ad
2988 5738 3069 5791 se,
3106 5725 3201 5778 ubi
3239 5725 3571 5797 decidisset,
3599 5730 3699 5783 ab-

2051 5804 2432 5860 sorbendum.
2465 5802 2624 5860 Vidit
2667 5811 2724 5861 et
2772 5825 2968 5864 mures
3012 5811 3181 5879 duos,
3240 5813 3439 5870 album
3492 5834 3697 5887 unum,
