4120 6408
395 430 534 484 1247

1905 433 2295 486 APPENDIX.

3670 426 3811 481 1248

389 557 628 627 nigrum
663 557 933 621 alterum,
966 559 1168 612 rodere
1198 557 1435 612 assidue
1467 558 1597 612 illos
1629 558 1790 628 ipsos
1824 556 2040 626 quibus
2074 559 2125 623 Α
2158 555 2376 626 quibus
2409 570 2564 623 (egra
2596 553 2927 609 mortalitas
2951 552 3242 608 innititur.
3278 555 3539 619 Quatuor
3586 569 3811 623 angues

394 646 710 701 insistebat
743 663 955 712 ramos,
991 646 1409 700 admordentes
1441 663 1541 701 eos
1579 647 1707 701 sine
1752 645 2057 699 intermis-

396 734 561 789 sione
618 753 733 806 qua
767 739 927 805 parte
962 734 1482 789 committebantur
1513 740 1759 803 trunco;
1798 735 2057 805 profece-

397 829 647 895 rantque
678 823 977 878 arrosione
1009 824 1286 877 continua
1315 829 1569 889 tantum,
1604 829 1667 879 ut
1698 824 1831 895 plus
1864 824 2057 878 media

396 912 662 966 crassitie
694 912 1076 977 accisa,tenui
1108 918 1334 967 tantum
1370 913 1633 985 segmine
1655 930 1721 967 ac
1767 911 1927 967 velut
1959 912 2055 966 filo

397 999 905 1066 nutanti,ramalia
925 1000 1026 1054 illa
1049 1000 1384 1071 quasipsum
1407 1000 2055 1072 sustentabantplantaa

395 1089 583 1159 stipiti
620 1089 925 1143 haererent.
961 1090 1023 1143 In
1061 1090 1149 1143 his
1184 1091 1362 1143 miser
1393 1091 1709 1161 angustiis,
1744 1095 1919 1160 prout
1951 1106 2056 1159 par

394 1182 539 1243 erat,
574 1178 859 1232 aestuabat
888 1178 1107 1247 animo,
1141 1178 1432 1233 sollicitus
1458 1196 1709 1249 quonam
1766 1182 1933 1249 pacto
1981 1195 2049 1231 ex

395 1271 480 1320 tot
504 1267 767 1336 undique
791 1267 1204 1337 ingruentibus
1229 1269 1507 1338 periculis
1532 1268 1730 1322 salvus
1760 1268 2050 1322 evaderet.

396 1355 521 1410 Tali
555 1372 697 1411 cura
730 1355 1062 1427 suspiciens
1095 1356 1243 1411 forte
1273 1358 1623 1425 observavit,
1648 1374 1716 1411 ex
1747 1356 2054 1412 cacumine

397 1445 646 1509 arboris,
680 1445 777 1499 ubi
813 1461 951 1515 apes
982 1446 1140 1500 favos
1174 1447 1449 1510 fecerant,
1484 1446 1595 1501 mel
1630 1445 1895 1501 deﬂuens
1928 1444 2053 1499 stil-

395 1532 539 1602 lare,
568 1533 745 1603 quod,
780 1550 926 1587 usus
953 1535 1413 1603 opportunitate,
1441 1540 1679 1605 gustare
1712 1535 2052 1605 cmpit,tan-

396 1626 643 1692 tumque
676 1621 776 1675 illa
824 1621 1135 1677 dulcedine
1188 1622 1515 1678 oblectatus
1561 1628 1670 1687 est.
1723 1629 1789 1676 ut
1835 1622 2052 1677 oblitus

396 1710 909 1765 circumstantium
980 1717 1405 1777 monstrorum,
1460 1711 1563 1766 feri
1635 1712 2049 1779 monocerotis,

399 1798 697 1854 horribilis
752 1800 1046 1864 draconis,
1098 1799 1418 1870 hydrorum
1469 1805 1738 1869 quatuor,
1795 1802 2051 1855 duorum

2162 645 2294 698 sinu
2322 644 2452 715 ipso
2474 643 2658 698 clausi
2686 642 2935 709 arboris,
2968 642 3246 698 humores
3268 648 3523 713 quatuor
3541 642 3814 710 figurant,

2160 748 2409 805 quorum
2444 733 2748 802 temperie,
2781 732 3006 787 mutuis
3051 732 3302 787 invicem
3348 736 3694 787 cunctorum
3747 732 3817 786 li-

2160 823 2328 877 brata
2350 821 2794 886 certaminibus,
2827 837 3042 894 corpus
3064 821 3221 888 vivit;
3258 822 3557 892 perforant
3578 821 3616 876 ii
3644 826 3815 875 trun-

2157 929 2292 967 cum
2324 917 2619 983 caputque
2648 915 2950 976 exserunt,
2974 910 3204 981 quoties
3228 928 3384 966 unus
3404 926 3587 981 supra
3608 927 3817 966 omnes

2158 999 2501 1073 praevalens,
2532 1000 2769 1054 morbos
2801 1004 2981 1063 creat,
3030 998 3330 1053 interitum
3388 998 3646 1067 minans,
3702 998 3818 1053 nisi

2157 1089 2243 1143 vis
2273 1092 2402 1159 ejus
2435 1088 2927 1143 medicaminibus
2960 1096 3158 1143 retusa
3180 1088 3248 1142 ad
3283 1092 3815 1158 temperamentum

2158 1184 2631 1248 concentumque
2661 1176 2976 1247 redigatur.
3027 1177 3209 1231 Draco
3248 1176 3474 1231 inferne
3523 1176 3820 1231 accubans

2158 1268 2344 1323 Orcus
2376 1272 2612 1338 est,quo
2645 1265 3059 1321 inevitabiliter
3089 1266 3283 1320 cuncti
3317 1264 3637 1319 tradimur.
3660 1265 3822 1320 Duo-

2158 1375 2287 1412 rum
2316 1356 2571 1411 murium
2596 1354 2886 1410 candidus
2909 1355 3220 1423 diem,ater
3242 1360 3469 1409 noctem
3498 1354 3818 1425 significat:

2158 1447 2245 1501 ha:
2276 1445 2462 1501 fulcra
2505 1444 2636 1499 vita:
2686 1445 3002 1508 subruunt,
3051 1442 3407 1498 indesinenti
3459 1443 3824 1499 detractione

2159 1536 2420 1608 spatium
2452 1533 2681 1590 vivendi
2714 1533 3071 1588 minuentes.
3092 1533 3349 1587 Fallaces
3381 1531 3681 1603 noxiisque
3710 1549 3819 1588 vo-

2160 1626 2415 1698 luptates
2450 1624 2643 1680 mellis
2673 1638 2925 1695 superne
2960 1621 3261 1677 alﬂuentis
3294 1621 3581 1677 insidiosa
3630 1620 3825 1675 stilla-

2159 1716 2315 1770 tione
2348 1711 2958 1768 adumbranturzhaec
2992 1711 3149 1766 enim
3188 1710 3514 1781 perniciose
3548 1710 3827 1767 mortales

2159 1804 2433 1873 oblectat,
2472 1818 2731 1857 avocans
2781 1805 3008 1857 mentes
3056 1816 3260 1855 eorum
3311 1817 3345 1854 a
3399 1797 3610 1854 salutis
3662 1816 3828 1869 cura,

403 1890 687 1954 murium,
723 1905 937 1955 ramos,
971 1888 1184 1957 quibus
1224 1890 1633 1945 sustinebatur
1662 1907 1733 1946 ne
1760 1890 1817 1943 in
1845 1889 2043 1961 gulam
2076 1915 2124 1978 Β
2160 1893 2483 1963 afﬁxosque
2533 1892 2691 1963 ipsos
2720 1891 2891 1946 ﬂuxis
2925 1889 3180 1961 gaudiis,
3215 1907 3286 1945 ne
3316 1888 3676 1961 sempiterna
3709 1888 3826 1943 sibi

399 1977 671 2032 draconis
703 1978 956 2042 caderet,
984 1977 1256 2049 stirpitus
1287 1978 1737 2046 succidentium,
1789 1981 2049 2035 suaviter

400 2066 819 2137 acquiesceret,
855 2066 1021 2120 avide
1052 2084 1119 2120 ac
1150 2083 1351 2121 secure
1383 2072 1628 2137 captans
1657 2084 1911 2138 superne
1948 2069 2053 2123 de-

400 2156 721 2211 stillantem
745 2154 1034 2225 liquorem
1060 2154 1428 2211 melleum.ld
1455 2156 1594 2209 dum
1620 2155 1760 2225 agit,
1785 2156 2054 2225 abruptis

400 2245 636 2299 tandem
674 2244 875 2306 ramis,
908 2243 1185 2296 decidens
1217 2243 1440 2308 infelix,
1484 2259 1619 2298 esca
1664 2244 1857 2298 factus
1909 2245 2053 2299 dra-

401 2332 563 2387 conis
594 2330 903 2399 inbiantis,
938 2331 1183 2385 interiit.
1219 2332 1281 2386 In
1316 2332 1424 2386 hac
1454 2331 1713 2404 imagine
1744 2334 1903 2388 ferus
1937 2332 2055 2387 rhi-

406 2437 644 2477 noceros
675 2420 946 2490 designat
977 2424 1221 2474 mortem
1248 2421 1717 2491 pertinacissime
1738 2421 2057 2479 instantem

406 2509 652 2576 homini,
703 2513 759 2563 et
807 2526 1159 2580 quocunque
1207 2526 1269 2564 se
1318 2509 1631 2564 contulerit
1668 2526 1801 2565 eum
1857 2528 2058 2582 perse-

408 2602 707 2670 quentem,
744 2596 923 2651 nullis
958 2613 1209 2667 usquam
1260 2597 1312 2652 ei
1361 2598 1509 2653 tutis
1557 2598 1628 2653 ab
1680 2615 1747 2654 ea
1795 2598 2060 2654 latebris.

405 2687 591 2742 Lacus
644 2690 733 2742 est
780 2686 901 2740 vita
954 2685 1073 2740 haec
1107 2686 1343 2757 misera,
1379 2687 1657 2742 monstris
1688 2690 1939 2754 scatens,
1973 2688 2061 2743 in-

407 2776 557 2830 festa
587 2775 933 2845 naufragiis,
968 2774 1206 2829 infamis
1254 2774 1543 2846 cladibus,
1597 2776 1755 2847 regio
1804 2776 2065 2833 infausta

410 2862 828 2935 lacrymarum.
856 2862 1027 2919 Rami
1060 2864 1177 2918 duo
1220 2864 1507 2936 suppositi
1560 2864 1829 2935 pedibus,
1879 2865 2065 2921 arrosi

410 2969 443 3006 a
465 2952 1138 3023 muribus,temporaria3
1160 2970 1298 3025 spes
1320 2958 1376 3009 et
1397 2954 1563 3009 ﬂuxae
1591 2954 2063 3025 commoditates,

414 3157 833 3165 -——_—.—_—_

2164 1982 2523 2054 provideant,
2582 1980 2873 2035 detinens.
2925 1978 3030 2033 His
3084 1995 3189 2049 ego
3240 1976 3547 2050 perpensis
3601 1981 3829 2031 attente

2166 2070 2465 2137 omnibus,
2514 2067 2741 2123 decrevi
2789 2072 3051 2138 perstare
3099 2070 3412 2120 contentus
3464 2065 3832 2136 professione

2168 2172 2810 2227 mea,magnopereque
2843 2154 3088 2209 incubui
3120 2155 3186 2207 ad
3224 2153 3719 2208 benemerendum
3756 2156 3831 2209 de

2164 2244 2588 2317 indigentibus,
2624 2248 2680 2297 et
2711 2260 2943 2314 quoquo
2978 2243 3170 2308 modo,
3215 2258 3400 2313 quave
3454 2256 3631 2313 opera
3684 2257 3831 2311 pos-

2168 2350 2315 2403 sem,
2347 2333 2549 2404 inopes
2573 2332 2904 2402 juvandos:
2942 2331 3025 2386 sic
3056 2334 3361 2401 reputans,
3394 2329 3547 2383 hanc
3577 2344 3705 2383 esse
3738 2329 3841 2382 de-

2167 2424 2326 2492 bere,
2360 2422 2407 2476 si
2443 2421 2562 2477 ulla
2594 2422 2695 2489 sit,
2729 2419 2944 2475 salutis
2974 2419 3153 2486 viam,
3188 2434 3550 2489 speransque
3579 2416 3838 2472 felicita-

2169 2517 2308 2577 tem,
2342 2511 2514 2581 cujus
2557 2509 2826 2564 innatum
2876 2507 3107 2563 homini
3155 2505 3515 2562 desiderium
3566 2510 3676 2575 est,
3726 2504 3835 2560 tali

2173 2600 2546 2675 potissimum
2580 2598 2991 2654 assectandam
3024 2601 3258 2652 conatu.
3299 2596 3383 2651 lla
3426 2595 3753 2667 composita
3806 2612 3839 2651 e

2173 2690 2339 2762 prius
2360 2688 2701 2744 memoratis
2724 2684 3212 2742 ﬂuctuationibus
3235 2689 3431 2741 mente
3453 2683 3673 2739 missus
3698 2700 3837 2739 sum

2175 2797 2207 2834 a
2238 2795 2373 2850 rege
2402 2779 2657 2835 Cbosroe
2704 2776 2765 2832 in
2818 2776 3047 2832 Indiam
3100 2791 3113 2829 :
3166 2774 3419 2845 indeque
3465 2772 3525 2828 in
3575 2772 3835 2844 patriam

2175 2870 2358 2924 redux
2400 2868 2559 2923 edidi
2609 2867 2828 2922 multos
2876 2864 3078 2931 libros,
3113 2881 3144 2920 e
3175 2863 3392 2936 quibus
3424 2862 3518 2917 hic
3550 2878 3706 2917 unus
3737 2867 3837 2917 est

2174 2962 2575 3031 nuncupatus,
2607 2955 2895 3029 Specimen
2934 2953 3240 3026 Sapientiae
3267 2953 3547 3008 Indorum.

1638 3330 2601 3454 SPECIMEN

494 3572 1620 3734 SAPIENTI/E
1735 3569 2675 3736 INDORUM
2758 3572 3727 3739 VETERUM

1961 3860 2030 3903 EX
2043 3860 2290 3905 HIBITUI

978 4016 1752 4076 DISSlCR'l‘A'l‘lONIBUS
1796 4015 2322 4075 PARABOLICIS
2365 4017 2803 4083 QUINDECIM
2849 4019 3263 4081 CUJUSDAM

1223 4121 1916 4183 GYMNOSOPHIST/E
1958 4122 2063 4180 AD
2108 4122 2688 4185 ABESSALUMUM
2735 4126 3024 4185 REGEM.

1554 4413 2073 4472 DlSSER’l‘ATlO
2116 4416 2217 4472 PA
2230 4412 2610 4472 llABOLlCA
2652 4416 2700 4474 Ι.

423 4535 829 4623 Repraesentat
862 4538 922 4594 in
970 4542 1338 4623 I'estigalore
1367 4547 1532 4596 artes
1561 4536 1917 4623 ambitionis
1949 4537 2255 4623 improbae,
2291 4540 2674 4623 conciliantis
2703 4549 2759 4599 et
2785 4541 3119 4623 dirimentis
3156 4543 3315 4602 inter
3364 4546 3522 4603 alios
3568 4544 3842 4623 gratiam

497 4617 576 4677 ad
602 4626 897 4695 quantum
922 4620 1233 4697 proprium
1265 4636 1442 4696 coque
1466 4637 1581 4695 per
1627 4619 1829 4677 omnia
1883 4622 2107 4679 scelera
2154 4622 2502 4697 grassantis.
2558 4620 2765 4681 Obiter
2810 4623 3003 4682 multa
3047 4622 3399 4682 inseruntur
3445 4617 3588 4684 aliti
3623 4627 3833 4684 varias

496 4698 633 4756 vitae
661 4715 737 4756 ac
764 4696 1016 4757 moralis
1044 4697 1331 4756 doctrina:
1355 4708 1561 4775 partes
1592 4697 2013 4776 in/ormantia.

488 4848 931 4917 Abessalomus,
966 4848 1239 4903 Indorum
1274 4864 1394 4915 rex,
1428 4848 1726 4904 consuluit
1755 4852 2069 4921 quemdam
2105 4854 2145 4917 Ε
2188 4851 2386 4921 vitam,
2422 4853 2525 4907 hos
2558 4854 2937 4909 admonuisse
2969 4855 3161 4910 verbis
3195 4856 3538 4926 hujusmodi
3574 4873 3587 4912 :
3621 4856 3664 4910 Ο
3723 4855 3843 4911 mei

420 4953 449 4989 e
481 4937 605 4991 suis
638 4936 1033 4992 familiaribus
1064 4936 1640 5008 gymnosophistam,
1672 4938 1875 4993 dicens
1898 4958 1911 4995 :
1933 4941 2075 4995 Volo

426 5030 541 5079 ate
571 5026 717 5079 mihi
748 5026 1033 5081 declarari
1070 5043 1170 5097 per
1199 5025 1485 5097 exempla,
1520 5044 1635 5097 quo
1688 5028 1858 5082 modo
1915 5029 2072 5083 frauo

419 5112 699 5169 dulentus
755 5120 810 5168 ct
863 5114 1163 5186 malignus
1214 5116 1323 5181 vir,
1374 5115 1691 5170 insinuans
1740 5134 1867 5171 sese
1917 5118 2070 5173 inter

418 5201 639 5255 amicos
673 5204 840 5269 duos,
874 5204 1113 5259 dirimat
1144 5208 1200 5259 et
1233 5205 1288 5258 in
1323 5205 1523 5259 odium
1560 5211 1883 5260 commutet
1934 5224 2071 5262 con-

422 5294 671 5343 tractam
705 5291 869 5360 prius
904 5294 1052 5348 inter
1083 5295 1243 5364 ipsos
1275 5292 1615 5348 amicitiam.

496 5378 537 5432 Ι.
574 5379 657 5432 Ad
690 5395 757 5431 ea
797 5378 856 5432 in
902 5380 1061 5436 hunc
1115 5384 1354 5437 modum
1406 5384 1709 5455 respondit
1759 5400 2072 5455 gymnoso-

425 5468 622 5539 phista
656 5484 668 5521 :

497 5561 700 5611 Fertur
730 5562 1018 5613 mercator
1047 5561 1287 5629 quidam
1320 5561 1593 5633 copiosus
1626 5579 1690 5617 ac
1722 5562 2077 5629 dives,filios

424 5645 646 5701 habens
680 5647 877 5717 pigros
910 5652 966 5700 et
1016 5664 1116 5718 per
1165 5648 1451 5702 desidiam
1506 5668 1740 5705 aversos
1789 5654 1861 5705 ab
1907 5652 2074 5706 addi-

428 5735 643 5789 scenda
679 5735 1113 5807 factitandaque
1145 5741 1267 5790 arte
1300 5737 1575 5807 quapiam
1609 5756 1677 5794 ex
1712 5740 1956 5795 utilibus
2004 5742 2075 5795 ad

2186 4941 2313 5006 filii,
2364 4942 2463 5012 qui
2516 4942 2575 4997 in
2629 4944 2737 4997 hac
2786 4944 2903 4998 vita
2952 4950 3355 5011 conversatur,
3386 4946 3579 5000 tribus
3609 4945 3846 5017 indiget

2185 5030 2394 5085 rebus:
2422 5048 2599 5101 opum
2634 5031 2800 5103 copia
2825 5032 3155 5087 sufficiente
3182 5035 3252 5088 ad
3275 5033 3492 5089 victum
3516 5039 3573 5089 et
3593 5032 3847 5103 cultum,

2186 5120 2337 5173 bona
2372 5120 2523 5174 fama
2553 5126 2610 5174 et
2638 5121 3072 5177 existimatione
3125 5124 3277 5194 apud
3332 5122 3627 5192 homines,
3676 5123 3847 5178 deni-

2185 5225 2297 5278 que
2349 5206 2500 5262 felici
2550 5209 2918 5265 assecutione
2967 5211 3358 5280 repositorum
3403 5213 3460 5266 in
3494 5212 3614 5267 vita
3646 5214 3852 5267 futura

2176 5296 2358 5366 justis
2387 5297 2696 5353 bonorum.
2722 5302 2853 5353 Haec
2887 5316 3057 5368 porro
3091 5300 3203 5354 tria
3235 5318 3351 5354 non
3385 5300 3557 5355 aliter
3579 5300 3681 5355 ulli
3707 5317 3854 5355 con-

2187 5386 2425 5456 tingunt
2456 5403 2629 5456 quam
2666 5403 2767 5457 per
2797 5388 2909 5443 ista
2952 5393 3227 5459 quatuor,
3277 5406 3531 5459 quorum
3584 5390 3849 5461 primum

2185 5479 2275 5529 est
2309 5491 2322 5527 :
2360 5475 2660 5545 possidere
2691 5476 2925 5531 divitias
2948 5477 3111 5547 juste
3146 5482 3383 5548 partas;
3419 5478 3693 5541 alterum,
3747 5495 3853 5533 eas

2187 5563 2605 5619 administrare
2637 5582 2702 5619 ac
2731 5566 3073 5636 dispensare
3118 5566 3445 5637 sapienter;
3480 5566 3743 5633 tertium,
3781 5585 3854 5623 ex

2186 5653 2257 5705 iis
2290 5669 2528 5723 erogare
2560 5653 3312 5726 indigentibus,prmsertim
3348 5657 3485 5709 dum
3515 5655 3846 5726 postulant:

2187 5741 2296 5795 hoc
2328 5744 2482 5795 enim
2513 5759 2661 5815 opus
2692 5743 2835 5799 etin
2869 5742 2977 5799 hac
3008 5746 3137 5804 vita
3158 5744 3299 5799 utile
3329 5750 3420 5800 est
3448 5751 3505 5800 et
3528 5746 3586 5799 in
3616 5746 3847 5814 futura;
