  <div class='ocr_page' id='page_1' title='image "/cluster/home/n/w/nwhite01/storage/ocr_20150623/143:no.1/coo.31924054870484/634.png"; bbox 0 0 4120 6408; ppageno 0'>
   <div class='ocr_carea' id='block_1_1' title="bbox 296 408 450 464">
    <p class='ocr_par' dir='ltr' id='par_1_1' title="bbox 296 408 450 464">
     <span class='ocr_line' id='line_1_1' title="bbox 296 408 450 464; baseline -0.026 0"><span class='ocrx_word' id='word_1_1' title='bbox 296 408 450 464; x_wconf 80' lang='grc'><strong>1249</strong></span> 
     </span>
    </p>
   </div>
   <div class='ocr_carea' id='block_1_2' title="bbox 1304 404 2691 461">
    <p class='ocr_par' dir='ltr' id='par_1_2' title="bbox 1304 404 2691 461">
     <span class='ocr_line' id='line_1_2' title="bbox 1304 404 2691 461; baseline -0.001 -2"><span class='ocrx_word' id='word_1_2' title='bbox 1304 406 1664 461; x_wconf 79' lang='lat' dir='ltr'><strong>SPECIMEN</strong></span> <span class='ocrx_word' id='word_1_3' title='bbox 1712 406 2117 459; x_wconf 74' lang='lat' dir='ltr'><strong>SAPIENTLE</strong></span> <span class='ocrx_word' id='word_1_4' title='bbox 2154 404 2487 460; x_wconf 85' lang='lat' dir='ltr'><strong>INDORUM</strong></span> <span class='ocrx_word' id='word_1_5' title='bbox 2528 407 2691 458; x_wconf 83' lang='lat' dir='ltr'><strong>VET.</strong></span> 
     </span>
    </p>
   </div>
   <div class='ocr_carea' id='block_1_3' title="bbox 3590 404 3726 458">
    <p class='ocr_par' dir='ltr' id='par_1_3' title="bbox 3590 404 3726 458">
     <span class='ocr_line' id='line_1_3' title="bbox 3590 404 3726 458; baseline -0.015 0"><span class='ocrx_word' id='word_1_6' title='bbox 3590 404 3726 458; x_wconf 77' lang='grc'><strong>1250</strong></span> 
     </span>
    </p>
   </div>
   <div class='ocr_carea' id='block_1_4' title="bbox 304 527 3725 606">
    <p class='ocr_par' dir='ltr' id='par_1_4' title="bbox 304 527 3725 606">
     <span class='ocr_line' id='line_1_4' title="bbox 304 527 3725 606; baseline -0.002 -18"><span class='ocrx_word' id='word_1_7' title='bbox 304 536 587 606; x_wconf 90' lang='lat' dir='ltr'><strong>quartum</strong></span> <span class='ocrx_word' id='word_1_8' title='bbox 632 530 906 602; x_wconf 87' lang='lat' dir='ltr'><strong>denique,</strong></span> <span class='ocrx_word' id='word_1_9' title='bbox 934 531 993 585; x_wconf 90' lang='lat' dir='ltr'><strong>in</strong></span> <span class='ocrx_word' id='word_1_10' title='bbox 1025 530 1432 585; x_wconf 78' lang='lat' dir='ltr'><strong>occasionibus</strong></span> <span class='ocrx_word' id='word_1_11' title='bbox 1472 531 1544 585; x_wconf 90' lang='lat' dir='ltr'><strong>ad</strong></span> <span class='ocrx_word' id='word_1_12' title='bbox 1597 531 1955 601; x_wconf 69' lang='lat' dir='ltr'><strong>peccandum</strong></span> <span class='ocrx_word' id='word_1_13' title='bbox 1988 530 2043 595; x_wconf 74' lang='grc' dir='ltr'><strong>Α</strong></span> <span class='ocrx_word' id='word_1_14' title='bbox 2075 527 2272 597; x_wconf 92' lang='lat' dir='ltr'><strong>puisse</strong></span> <span class='ocrx_word' id='word_1_15' title='bbox 2322 528 2634 582; x_wconf 86' lang='lat' dir='ltr'><strong>videatur?</strong></span> <span class='ocrx_word' id='word_1_16' title='bbox 2669 528 2812 583; x_wconf 84' lang='lat' dir='ltr'><strong>Huic</strong></span> <span class='ocrx_word' id='word_1_17' title='bbox 2860 528 3181 583; x_wconf 85' lang='lat' dir='ltr'><strong>Coronatus</strong></span> <span class='ocrx_word' id='word_1_18' title='bbox 3233 528 3317 583; x_wconf 89' lang='lat' dir='ltr'><strong>sic</strong></span> <span class='ocrx_word' id='word_1_19' title='bbox 3374 530 3677 599; x_wconf 81' lang='lat' dir='ltr'><strong>respondit</strong></span> <span class='ocrx_word' id='word_1_20' title='bbox 3713 546 3725 582; x_wconf 90' lang='lat'><strong>:</strong></span> 
     </span>
    </p>
   </div>
   <div class='ocr_carea' id='block_1_5' title="bbox 311 619 1962 692">
    <p class='ocr_par' dir='ltr' id='par_1_5' title="bbox 311 619 1962 692">
     <span class='ocr_line' id='line_1_5' title="bbox 311 619 1962 692; baseline -0.002 -14"><span class='ocrx_word' id='word_1_21' title='bbox 311 620 700 679; x_wconf 75' lang='lat' dir='ltr'><strong>invitantibus</strong></span> <span class='ocrx_word' id='word_1_22' title='bbox 731 620 1025 674; x_wconf 90' lang='lat' dir='ltr'><strong>sustinere</strong></span> <span class='ocrx_word' id='word_1_23' title='bbox 1054 636 1116 675; x_wconf 92' lang='lat' dir='ltr'><strong>se</strong></span> <span class='ocrx_word' id='word_1_24' title='bbox 1138 619 1363 692; x_wconf 86' lang='lat' dir='ltr'><strong>alapsu</strong></span> <span class='ocrx_word' id='word_1_25' title='bbox 1390 620 1732 691; x_wconf 79' lang='lat' dir='ltr'><strong>connitique</strong></span> <span class='ocrx_word' id='word_1_26' title='bbox 1765 621 1822 674; x_wconf 93' lang='lat' dir='ltr'><strong>in</strong></span> <span class='ocrx_word' id='word_1_27' title='bbox 1855 620 1962 674; x_wconf 89' lang='lat' dir='ltr'><strong>hoc</strong></span> 
     </span>
    </p>
   </div>
   <div class='ocr_carea' id='block_1_6' title="bbox 310 707 1963 779">
    <p class='ocr_par' dir='ltr' id='par_1_6' title="bbox 310 707 1963 779">
     <span class='ocr_line' id='line_1_6' title="bbox 310 707 1963 779; baseline -0.001 -16"><span class='ocrx_word' id='word_1_28' title='bbox 310 709 367 763; x_wconf 89' lang='lat' dir='ltr'><strong>vi</strong></span> <span class='ocrx_word' id='word_1_29' title='bbox 400 724 657 765; x_wconf 90' lang='lat' dir='ltr'><strong>summa.</strong></span> <span class='ocrx_word' id='word_1_30' title='bbox 688 707 905 763; x_wconf 87' lang='lat' dir='ltr'><strong>Horum</strong></span> <span class='ocrx_word' id='word_1_31' title='bbox 940 713 1193 779; x_wconf 83' lang='lat' dir='ltr'><strong>quatuor</strong></span> <span class='ocrx_word' id='word_1_32' title='bbox 1221 709 1272 764; x_wconf 90' lang='lat' dir='ltr'><strong>si</strong></span> <span class='ocrx_word' id='word_1_33' title='bbox 1302 708 1437 778; x_wconf 88' lang='lat' dir='ltr'>quis</span> <span class='ocrx_word' id='word_1_34' title='bbox 1476 709 1564 764; x_wconf 89' lang='lat' dir='ltr'><strong>vel</strong></span> <span class='ocrx_word' id='word_1_35' title='bbox 1597 725 1779 763; x_wconf 92' lang='lat' dir='ltr'><strong>unum</strong></span> <span class='ocrx_word' id='word_1_36' title='bbox 1817 726 1963 779; x_wconf 65' lang='lat' dir='ltr'><strong>prae-</strong></span> 
     </span>
    </p>
   </div>
   <div class='ocr_carea' id='block_1_7' title="bbox 305 796 1967 868">
    <p class='ocr_par' dir='ltr' id='par_1_7' title="bbox 305 796 1967 868">
     <span class='ocr_line' id='line_1_7' title="bbox 305 796 1967 868; baseline -0.002 -14"><span class='ocrx_word' id='word_1_37' title='bbox 305 797 653 863; x_wconf 85' lang='lat' dir='ltr'><strong>termiserit,</strong></span> <span class='ocrx_word' id='word_1_38' title='bbox 691 796 835 851; x_wconf 88' lang='lat' dir='ltr'>nihil</span> <span class='ocrx_word' id='word_1_39' title='bbox 870 798 1175 868; x_wconf 87' lang='lat' dir='ltr'><strong>perﬁciet;</strong></span> <span class='ocrx_word' id='word_1_40' title='bbox 1223 798 1338 852; x_wconf 89' lang='lat' dir='ltr'>nisi</span> <span class='ocrx_word' id='word_1_41' title='bbox 1390 797 1548 853; x_wconf 88' lang='lat' dir='ltr'><strong>enim</strong></span> <span class='ocrx_word' id='word_1_42' title='bbox 1596 798 1705 852; x_wconf 87' lang='lat' dir='ltr'><strong>erit</strong></span> <span class='ocrx_word' id='word_1_43' title='bbox 1754 796 1967 851; x_wconf 89' lang='lat' dir='ltr'><strong>idonea</strong></span> 
     </span>
    </p>
   </div>
   <div class='ocr_carea' id='block_1_8' title="bbox 311 886 1967 960">
    <p class='ocr_par' dir='ltr' id='par_1_8' title="bbox 311 886 1967 960">
     <span class='ocr_line' id='line_1_8' title="bbox 311 886 1967 960; baseline -0.004 -16"><span class='ocrx_word' id='word_1_44' title='bbox 311 904 492 960; x_wconf 89' lang='lat' dir='ltr'><strong>opum</strong></span> <span class='ocrx_word' id='word_1_45' title='bbox 551 886 716 957; x_wconf 80' lang='lat' dir='ltr'><strong>copia</strong></span> <span class='ocrx_word' id='word_1_46' title='bbox 766 886 1113 951; x_wconf 87' lang='lat' dir='ltr'><strong>instructus,</strong></span> <span class='ocrx_word' id='word_1_47' title='bbox 1149 902 1254 941; x_wconf 91' lang='lat' dir='ltr'><strong>nec</strong></span> <span class='ocrx_word' id='word_1_48' title='bbox 1284 887 1476 942; x_wconf 84' lang='lat' dir='ltr'><strong>vivere</strong></span> <span class='ocrx_word' id='word_1_49' title='bbox 1523 886 1649 957; x_wconf 92' lang='lat' dir='ltr'><strong>ipse</strong></span> <span class='ocrx_word' id='word_1_50' title='bbox 1699 887 1967 951; x_wconf 84' lang='lat' dir='ltr'><strong>honeste,</strong></span> 
     </span>
    </p>
   </div>
   <div class='ocr_carea' id='block_1_9' title="bbox 310 974 1965 1046">
    <p class='ocr_par' dir='ltr' id='par_1_9' title="bbox 310 974 1965 1046">
     <span class='ocr_line' id='line_1_9' title="bbox 310 974 1965 1046; baseline -0.003 -13"><span class='ocrx_word' id='word_1_51' title='bbox 310 993 418 1033; x_wconf 92' lang='lat' dir='ltr'><strong>nec</strong></span> <span class='ocrx_word' id='word_1_52' title='bbox 453 976 601 1031; x_wconf 86' lang='lat' dir='ltr'><strong>bene</strong></span> <span class='ocrx_word' id='word_1_53' title='bbox 632 974 764 1030; x_wconf 89' lang='lat' dir='ltr'><strong>aliis</strong></span> <span class='ocrx_word' id='word_1_54' title='bbox 813 975 1025 1046; x_wconf 91' lang='lat' dir='ltr'><strong>poterit</strong></span> <span class='ocrx_word' id='word_1_55' title='bbox 1076 976 1283 1031; x_wconf 85' lang='lat' dir='ltr'><strong>facere.</strong></span> <span class='ocrx_word' id='word_1_56' title='bbox 1317 976 1478 1038; x_wconf 89' lang='lat' dir='ltr'><strong>Quod</strong></span> <span class='ocrx_word' id='word_1_57' title='bbox 1531 977 1581 1030; x_wconf 89' lang='lat' dir='ltr'><strong>si</strong></span> <span class='ocrx_word' id='word_1_58' title='bbox 1630 975 1965 1029; x_wconf 82' lang='lat' dir='ltr'><strong>divitiarum</strong></span> 
     </span>
    </p>
   </div>
   <div class='ocr_carea' id='block_1_10' title="bbox 311 1064 1970 1137">
    <p class='ocr_par' dir='ltr' id='par_1_10' title="bbox 311 1064 1970 1137">
     <span class='ocr_line' id='line_1_10' title="bbox 311 1064 1970 1137; baseline 0 -18"><span class='ocrx_word' id='word_1_59' title='bbox 311 1067 554 1137; x_wconf 82' lang='lat' dir='ltr'><strong>quidem</strong></span> <span class='ocrx_word' id='word_1_60' title='bbox 608 1064 827 1135; x_wconf 85' lang='lat' dir='ltr'><strong>aliquis</strong></span> <span class='ocrx_word' id='word_1_61' title='bbox 874 1064 1096 1119; x_wconf 78' lang='lat' dir='ltr'><strong>aﬁ‘atim</strong></span> <span class='ocrx_word' id='word_1_62' title='bbox 1151 1065 1386 1134; x_wconf 86' lang='lat' dir='ltr'><strong>habeat,</strong></span> <span class='ocrx_word' id='word_1_63' title='bbox 1425 1064 1577 1120; x_wconf 82' lang='lat' dir='ltr'><strong>male</strong></span> <span class='ocrx_word' id='word_1_64' title='bbox 1622 1071 1818 1119; x_wconf 86' lang='lat' dir='ltr'><strong>autem</strong></span> <span class='ocrx_word' id='word_1_65' title='bbox 1870 1081 1970 1119; x_wconf 89' lang='lat' dir='ltr'><strong>eas</strong></span> 
     </span>
    </p>
   </div>
   <div class='ocr_carea' id='block_1_11' title="bbox 314 1154 1972 1226">
    <p class='ocr_par' dir='ltr' id='par_1_11' title="bbox 314 1154 1972 1226">
     <span class='ocr_line' id='line_1_11' title="bbox 314 1154 1972 1226; baseline -0.001 -15"><span class='ocrx_word' id='word_1_66' title='bbox 314 1154 691 1211; x_wconf 90' lang='lat' dir='ltr'><strong>administret</strong></span> <span class='ocrx_word' id='word_1_67' title='bbox 719 1154 1019 1225; x_wconf 82' lang='lat' dir='ltr'><strong>vitamque</strong></span> <span class='ocrx_word' id='word_1_68' title='bbox 1074 1156 1362 1226; x_wconf 82' lang='lat' dir='ltr'><strong>gubernet</strong></span> <span class='ocrx_word' id='word_1_69' title='bbox 1400 1172 1592 1222; x_wconf 90' lang='lat' dir='ltr'><strong>suam,</strong></span> <span class='ocrx_word' id='word_1_70' title='bbox 1623 1156 1737 1209; x_wconf 91' lang='lat' dir='ltr'><strong>cito</strong></span> <span class='ocrx_word' id='word_1_71' title='bbox 1769 1155 1972 1225; x_wconf 86' lang='lat' dir='ltr'><strong>egenis</strong></span> 
     </span>
    </p>
   </div>
   <div class='ocr_carea' id='block_1_12' title="bbox 317 1243 1970 1314">
    <p class='ocr_par' dir='ltr' id='par_1_12' title="bbox 317 1243 1970 1314">
     <span class='ocr_line' id='line_1_12' title="bbox 317 1243 1970 1314; baseline -0.001 -15"><span class='ocrx_word' id='word_1_72' title='bbox 317 1244 846 1300; x_wconf 87' lang='lat' dir='ltr'><strong>annumerabitur:</strong></span> <span class='ocrx_word' id='word_1_73' title='bbox 881 1260 1118 1299; x_wconf 89' lang='lat' dir='ltr'><strong>necesse</strong></span> <span class='ocrx_word' id='word_1_74' title='bbox 1165 1244 1386 1314; x_wconf 90' lang='lat' dir='ltr'><strong>quippe</strong></span> <span class='ocrx_word' id='word_1_75' title='bbox 1435 1251 1545 1309; x_wconf 88' lang='lat' dir='ltr'><strong>est,</strong></span> <span class='ocrx_word' id='word_1_76' title='bbox 1583 1243 1635 1298; x_wconf 91' lang='lat' dir='ltr'><strong>si</strong></span> <span class='ocrx_word' id='word_1_77' title='bbox 1682 1248 1970 1314; x_wconf 87' lang='lat' dir='ltr'><strong>quantum</strong></span> 
     </span>
    </p>
   </div>
   <div class='ocr_carea' id='block_1_13' title="bbox 313 1332 1971 1404">
    <p class='ocr_par' dir='ltr' id='par_1_13' title="bbox 313 1332 1971 1404">
     <span class='ocr_line' id='line_1_13' title="bbox 313 1332 1971 1404; baseline -0.001 -16"><span class='ocrx_word' id='word_1_78' title='bbox 313 1332 613 1404; x_wconf 82' lang='lat' dir='ltr'><strong>expendit,</strong></span> <span class='ocrx_word' id='word_1_79' title='bbox 638 1337 939 1404; x_wconf 91' lang='lat' dir='ltr'><strong>utcunque</strong></span> <span class='ocrx_word' id='word_1_80' title='bbox 962 1333 1019 1386; x_wconf 87' lang='lat' dir='ltr'><strong>id</strong></span> <span class='ocrx_word' id='word_1_81' title='bbox 1039 1333 1117 1388; x_wconf 86' lang='lat' dir='ltr'><strong>sit</strong></span> <span class='ocrx_word' id='word_1_82' title='bbox 1148 1334 1467 1399; x_wconf 90' lang='lat' dir='ltr'><strong>modicum,</strong></span> <span class='ocrx_word' id='word_1_83' title='bbox 1496 1350 1610 1388; x_wconf 91' lang='lat' dir='ltr'><strong>non</strong></span> <span class='ocrx_word' id='word_1_84' title='bbox 1642 1338 1804 1387; x_wconf 89' lang='lat' dir='ltr'><strong>curet</strong></span> <span class='ocrx_word' id='word_1_85' title='bbox 1834 1349 1971 1387; x_wconf 91' lang='lat' dir='ltr'><strong>con-</strong></span> 
     </span>
    </p>
   </div>
   <div class='ocr_carea' id='block_1_14' title="bbox 311 1422 1975 1493">
    <p class='ocr_par' dir='ltr' id='par_1_14' title="bbox 311 1422 1975 1493">
     <span class='ocr_line' id='line_1_14' title="bbox 311 1422 1975 1493; baseline 0 -17"><span class='ocrx_word' id='word_1_86' title='bbox 311 1422 483 1477; x_wconf 88' lang='lat' dir='ltr'><strong>tinue</strong></span> <span class='ocrx_word' id='word_1_87' title='bbox 534 1422 793 1491; x_wconf 86' lang='lat' dir='ltr'><strong>reﬁcere,</strong></span> <span class='ocrx_word' id='word_1_88' title='bbox 828 1422 1163 1477; x_wconf 85' lang='lat' dir='ltr'><strong>accessione</strong></span> <span class='ocrx_word' id='word_1_89' title='bbox 1213 1423 1498 1477; x_wconf 80' lang='lat' dir='ltr'><strong>damnum</strong></span> <span class='ocrx_word' id='word_1_90' title='bbox 1550 1426 1878 1493; x_wconf 80' lang='lat' dir='ltr'><strong>reparante,</strong></span> <span class='ocrx_word' id='word_1_91' title='bbox 1911 1426 1975 1476; x_wconf 90' lang='lat' dir='ltr'><strong>ut</strong></span> 
     </span>
    </p>
   </div>
   <div class='ocr_carea' id='block_1_15' title="bbox 314 1510 1973 1580">
    <p class='ocr_par' dir='ltr' id='par_1_15' title="bbox 314 1510 1973 1580">
     <span class='ocr_line' id='line_1_15' title="bbox 314 1510 1973 1580; baseline -0.001 -13"><span class='ocrx_word' id='word_1_92' title='bbox 314 1510 446 1580; x_wconf 83' lang='lat' dir='ltr'><strong>ejus</strong></span> <span class='ocrx_word' id='word_1_93' title='bbox 476 1512 696 1566; x_wconf 84' lang='lat' dir='ltr'><strong>sensim</strong></span> <span class='ocrx_word' id='word_1_94' title='bbox 723 1528 813 1565; x_wconf 87' lang='lat' dir='ltr'><strong>res</strong></span> <span class='ocrx_word' id='word_1_95' title='bbox 839 1510 1149 1565; x_wconf 89' lang='lat' dir='ltr'><strong>familiaris</strong></span> <span class='ocrx_word' id='word_1_96' title='bbox 1173 1516 1459 1566; x_wconf 87' lang='lat' dir='ltr'><strong>atteratur</strong></span> <span class='ocrx_word' id='word_1_97' title='bbox 1479 1528 1546 1566; x_wconf 88' lang='lat' dir='ltr'><strong>ac</strong></span> <span class='ocrx_word' id='word_1_98' title='bbox 1570 1512 1808 1566; x_wconf 84' lang='lat' dir='ltr'><strong>tandem</strong></span> <span class='ocrx_word' id='word_1_99' title='bbox 1839 1527 1973 1566; x_wconf 85' lang='lat' dir='ltr'><strong>eva-</strong></span> 
     </span>
    </p>
   </div>
   <div class='ocr_carea' id='block_1_16' title="bbox 316 1598 1974 1671">
    <p class='ocr_par' dir='ltr' id='par_1_16' title="bbox 316 1598 1974 1671">
     <span class='ocr_line' id='line_1_16' title="bbox 316 1598 1974 1671; baseline 0 -16"><span class='ocrx_word' id='word_1_100' title='bbox 316 1604 540 1670; x_wconf 87' lang='lat' dir='ltr'><strong>nescat,</strong></span> <span class='ocrx_word' id='word_1_101' title='bbox 572 1598 734 1655; x_wconf 90' lang='lat' dir='ltr'><strong>velut</strong></span> <span class='ocrx_word' id='word_1_102' title='bbox 765 1599 1032 1667; x_wconf 91' lang='lat' dir='ltr'><strong>stibium,</strong></span> <span class='ocrx_word' id='word_1_103' title='bbox 1071 1601 1225 1671; x_wconf 89' lang='lat' dir='ltr'><strong>quod</strong></span> <span class='ocrx_word' id='word_1_104' title='bbox 1263 1599 1543 1671; x_wconf 86' lang='lat' dir='ltr'><strong>paulatim</strong></span> <span class='ocrx_word' id='word_1_105' title='bbox 1594 1600 1974 1655; x_wconf 77' lang='lat' dir='ltr'><strong>imminutum</strong></span> 
     </span>
    </p>
   </div>
   <div class='ocr_carea' id='block_1_17' title="bbox 322 1688 1973 1760">
    <p class='ocr_par' dir='ltr' id='par_1_17' title="bbox 322 1688 1973 1760">
     <span class='ocr_line' id='line_1_17' title="bbox 322 1688 1973 1760; baseline -0.001 -15"><span class='ocrx_word' id='word_1_106' title='bbox 322 1689 384 1745; x_wconf 93' lang='lat' dir='ltr'><strong>in</strong></span> <span class='ocrx_word' id='word_1_107' title='bbox 434 1688 751 1760; x_wconf 89' lang='lat' dir='ltr'><strong>pulverem,</strong></span> <span class='ocrx_word' id='word_1_108' title='bbox 802 1690 1191 1745; x_wconf 87' lang='lat' dir='ltr'><strong>consumitur.</strong></span> <span class='ocrx_word' id='word_1_109' title='bbox 1226 1694 1403 1746; x_wconf 86' lang='lat' dir='ltr'><strong>Porro</strong></span> <span class='ocrx_word' id='word_1_110' title='bbox 1452 1690 1499 1743; x_wconf 89' lang='lat' dir='ltr'><strong>si</strong></span> <span class='ocrx_word' id='word_1_111' title='bbox 1551 1695 1608 1744; x_wconf 90' lang='lat' dir='ltr'><strong>et</strong></span> <span class='ocrx_word' id='word_1_112' title='bbox 1655 1690 1867 1744; x_wconf 66' lang='lat' dir='ltr'><strong>divitiae</strong></span> <span class='ocrx_word' id='word_1_113' title='bbox 1917 1689 1973 1743; x_wconf 90' lang='lat' dir='ltr'><strong>in</strong></span> 
     </span>
    </p>
   </div>
   <div class='ocr_carea' id='block_1_18' title="bbox 323 1778 1973 1850">
    <p class='ocr_par' dir='ltr' id='par_1_18' title="bbox 323 1778 1973 1850">
     <span class='ocr_line' id='line_1_18' title="bbox 323 1778 1973 1850; baseline -0.001 -16"><span class='ocrx_word' id='word_1_114' title='bbox 323 1779 808 1850; x_wconf 88' lang='lat' dir='ltr'><strong>supplementum</strong></span> <span class='ocrx_word' id='word_1_115' title='bbox 839 1795 1227 1850; x_wconf 85' lang='lat' dir='ltr'><strong>expensarum</strong></span> <span class='ocrx_word' id='word_1_116' title='bbox 1268 1778 1671 1849; x_wconf 84' lang='lat' dir='ltr'><strong>acquirantur.</strong></span> <span class='ocrx_word' id='word_1_117' title='bbox 1697 1784 1755 1833; x_wconf 92' lang='lat' dir='ltr'><strong>et</strong></span> <span class='ocrx_word' id='word_1_118' title='bbox 1781 1779 1840 1833; x_wconf 91' lang='lat' dir='ltr'><strong>in</strong></span> <span class='ocrx_word' id='word_1_119' title='bbox 1870 1778 1973 1832; x_wconf 87' lang='lat' dir='ltr'><strong>ha-</strong></span> 
     </span>
    </p>
   </div>
   <div class='ocr_carea' id='block_1_19' title="bbox 2068 616 3728 688">
    <p class='ocr_par' dir='ltr' id='par_1_19' title="bbox 2068 616 3728 688">
     <span class='ocr_line' id='line_1_19' title="bbox 2068 616 3728 688; baseline 0.001 -19"><span class='ocrx_word' id='word_1_120' title='bbox 2068 616 2216 681; x_wconf 88' lang='lat' dir='ltr'><strong>Quid</strong></span> <span class='ocrx_word' id='word_1_121' title='bbox 2248 617 2352 671; x_wconf 89' lang='lat' dir='ltr'><strong>tibi</strong></span> <span class='ocrx_word' id='word_1_122' title='bbox 2387 633 2522 671; x_wconf 87' lang='lat' dir='ltr'><strong>cum</strong></span> <span class='ocrx_word' id='word_1_123' title='bbox 2556 617 2716 672; x_wconf 84' lang='lat' dir='ltr'><strong>hisce</strong></span> <span class='ocrx_word' id='word_1_124' title='bbox 2747 617 3102 671; x_wconf 85' lang='lat' dir='ltr'><strong>inconsultis</strong></span> <span class='ocrx_word' id='word_1_125' title='bbox 3129 618 3728 688; x_wconf 81' lang='lat' dir='ltr'><strong>interrogationibus?</strong></span> 
     </span>
    </p>
   </div>
   <div class='ocr_carea' id='block_1_20' title="bbox 2072 705 3734 778">
    <p class='ocr_par' dir='ltr' id='par_1_20' title="bbox 2072 705 3734 778">
     <span class='ocr_line' id='line_1_20' title="bbox 2072 705 3734 778; baseline 0.002 -20"><span class='ocrx_word' id='word_1_126' title='bbox 2072 705 2378 760; x_wconf 78' lang='lat' dir='ltr'><strong>Enimvero</strong></span> <span class='ocrx_word' id='word_1_127' title='bbox 2420 705 2565 759; x_wconf 91' lang='lat' dir='ltr'><strong>nihil</strong></span> <span class='ocrx_word' id='word_1_128' title='bbox 2619 705 2722 760; x_wconf 90' lang='lat' dir='ltr'><strong>ulli</strong></span> <span class='ocrx_word' id='word_1_129' title='bbox 2776 712 3045 761; x_wconf 90' lang='lat' dir='ltr'><strong>nostrum</strong></span> <span class='ocrx_word' id='word_1_130' title='bbox 3096 707 3414 778; x_wconf 91' lang='lat' dir='ltr'><strong>improperi</strong></span> <span class='ocrx_word' id='word_1_131' title='bbox 3466 706 3734 778; x_wconf 88' lang='lat' dir='ltr'><strong>contigit,</strong></span> 
     </span>
    </p>
   </div>
   <div class='ocr_carea' id='block_1_21' title="bbox 2071 795 3733 867">
    <p class='ocr_par' dir='ltr' id='par_1_21' title="bbox 2071 795 3733 867">
     <span class='ocr_line' id='line_1_21' title="bbox 2071 795 3733 867; baseline 0.001 -20"><span class='ocrx_word' id='word_1_132' title='bbox 2071 810 2187 864; x_wconf 88' lang='lat' dir='ltr'><strong>quo</strong></span> <span class='ocrx_word' id='word_1_133' title='bbox 2218 795 2418 849; x_wconf 91' lang='lat' dir='ltr'><strong>dolere</strong></span> <span class='ocrx_word' id='word_1_134' title='bbox 2446 796 2790 850; x_wconf 86' lang='lat' dir='ltr'><strong>debeamus.</strong></span> <span class='ocrx_word' id='word_1_135' title='bbox 2819 796 2930 850; x_wconf 88' lang='lat' dir='ltr'><strong>Sed</strong></span> <span class='ocrx_word' id='word_1_136' title='bbox 2966 797 3036 850; x_wconf 87' lang='lat' dir='ltr'><strong>ad</strong></span> <span class='ocrx_word' id='word_1_137' title='bbox 3070 797 3223 851; x_wconf 84' lang='lat' dir='ltr'><strong>fores</strong></span> <span class='ocrx_word' id='word_1_138' title='bbox 3259 796 3445 851; x_wconf 85' lang='lat' dir='ltr'><strong>nostri</strong></span> <span class='ocrx_word' id='word_1_139' title='bbox 3479 796 3633 867; x_wconf 90' lang='lat' dir='ltr'><strong>regis</strong></span> <span class='ocrx_word' id='word_1_140' title='bbox 3665 814 3733 850; x_wconf 87' lang='lat' dir='ltr'><strong>ex</strong></span> 
     </span>
    </p>
   </div>
   <div class='ocr_carea' id='block_1_22' title="bbox 2071 883 3734 956">
    <p class='ocr_par' dir='ltr' id='par_1_22' title="bbox 2071 883 3734 956">
     <span class='ocr_line' id='line_1_22' title="bbox 2071 883 3734 956; baseline 0.001 -20"><span class='ocrx_word' id='word_1_141' title='bbox 2071 883 2263 938; x_wconf 89' lang='lat' dir='ltr'><strong>ofﬁcio</strong></span> <span class='ocrx_word' id='word_1_142' title='bbox 2296 889 2649 955; x_wconf 83' lang='lat' dir='ltr'><strong>apparentes</strong></span> <span class='ocrx_word' id='word_1_143' title='bbox 2672 884 3009 939; x_wconf 89' lang='lat' dir='ltr'><strong>dimensum</strong></span> <span class='ocrx_word' id='word_1_144' title='bbox 3036 902 3168 939; x_wconf 90' lang='lat' dir='ltr'><strong>cum</strong></span> <span class='ocrx_word' id='word_1_145' title='bbox 3189 886 3303 939; x_wconf 88' lang='lat' dir='ltr'><strong>ﬁde</strong></span> <span class='ocrx_word' id='word_1_146' title='bbox 3320 886 3734 956; x_wconf 90' lang='lat' dir='ltr'><strong>quotidianum</strong></span> 
     </span>
    </p>
   </div>
   <div class='ocr_carea' id='block_1_23' title="bbox 2073 972 3737 1045">
    <p class='ocr_par' dir='ltr' id='par_1_23' title="bbox 2073 972 3737 1045">
     <span class='ocr_line' id='line_1_23' title="bbox 2073 972 3737 1045; baseline 0 -19"><span class='ocrx_word' id='word_1_147' title='bbox 2073 972 2437 1043; x_wconf 88' lang='lat' dir='ltr'><strong>accipimus;</strong></span> <span class='ocrx_word' id='word_1_148' title='bbox 2473 974 2534 1027; x_wconf 87' lang='lat' dir='ltr'><strong>in</strong></span> <span class='ocrx_word' id='word_1_149' title='bbox 2567 990 2772 1045; x_wconf 87' lang='lat' dir='ltr'><strong>regum</strong></span> <span class='ocrx_word' id='word_1_150' title='bbox 2806 979 3003 1028; x_wconf 90' lang='lat' dir='ltr'><strong>antem</strong></span> <span class='ocrx_word' id='word_1_151' title='bbox 3039 992 3253 1030; x_wconf 87' lang='lat' dir='ltr'><strong>arcana</strong></span> <span class='ocrx_word' id='word_1_152' title='bbox 3281 974 3549 1029; x_wconf 90' lang='lat' dir='ltr'><strong>curiosos</strong></span> <span class='ocrx_word' id='word_1_153' title='bbox 3581 975 3737 1043; x_wconf 87' lang='lat' dir='ltr'><strong>adji-</strong></span> 
     </span>
    </p>
   </div>
   <div class='ocr_carea' id='block_1_24' title="bbox 2074 1060 3741 1133">
    <p class='ocr_par' dir='ltr' id='par_1_24' title="bbox 2074 1060 3741 1133">
     <span class='ocr_line' id='line_1_24' title="bbox 2074 1060 3741 1133; baseline 0.001 -18"><span class='ocrx_word' id='word_1_154' title='bbox 2074 1077 2203 1116; x_wconf 81' lang='lat' dir='ltr'><strong>cere</strong></span> <span class='ocrx_word' id='word_1_155' title='bbox 2231 1060 2457 1127; x_wconf 89' lang='lat' dir='ltr'><strong>oculos,</strong></span> <span class='ocrx_word' id='word_1_156' title='bbox 2493 1066 2549 1117; x_wconf 93' lang='lat' dir='ltr'><strong>et</strong></span> <span class='ocrx_word' id='word_1_157' title='bbox 2594 1064 2939 1117; x_wconf 88' lang='lat' dir='ltr'><strong>abscondita</strong></span> <span class='ocrx_word' id='word_1_158' title='bbox 2969 1062 3235 1132; x_wconf 88' lang='lat' dir='ltr'><strong>improbe</strong></span> <span class='ocrx_word' id='word_1_159' title='bbox 3268 1063 3495 1130; x_wconf 84' lang='lat' dir='ltr'><strong>rimari,</strong></span> <span class='ocrx_word' id='word_1_160' title='bbox 3530 1066 3741 1133; x_wconf 68' lang='lat' dir='ltr'><strong>praeter</strong></span> 
     </span>
    </p>
   </div>
   <div class='ocr_carea' id='block_1_25' title="bbox 2075 1152 3736 1225">
    <p class='ocr_par' dir='ltr' id='par_1_25' title="bbox 2075 1152 3736 1225">
     <span class='ocr_line' id='line_1_25' title="bbox 2075 1152 3736 1225; baseline 0.001 -19"><span class='ocrx_word' id='word_1_161' title='bbox 2075 1169 2250 1222; x_wconf 52' lang='lat' dir='ltr'><strong>quam</strong></span> <span class='ocrx_word' id='word_1_162' title='bbox 2274 1158 2449 1223; x_wconf 87' lang='lat' dir='ltr'><strong>captu</strong></span> <span class='ocrx_word' id='word_1_163' title='bbox 2481 1169 2548 1207; x_wconf 88' lang='lat' dir='ltr'><strong>ac</strong></span> <span class='ocrx_word' id='word_1_164' title='bbox 2572 1152 2849 1208; x_wconf 85' lang='lat' dir='ltr'><strong>facultate</strong></span> <span class='ocrx_word' id='word_1_165' title='bbox 2871 1159 3074 1208; x_wconf 88' lang='lat' dir='ltr'><strong>nostra</strong></span> <span class='ocrx_word' id='word_1_166' title='bbox 3102 1156 3294 1223; x_wconf 85' lang='lat' dir='ltr'><strong>majus</strong></span> <span class='ocrx_word' id='word_1_167' title='bbox 3318 1154 3601 1225; x_wconf 80' lang='lat' dir='ltr'><strong>quiddam</strong></span> <span class='ocrx_word' id='word_1_168' title='bbox 3625 1159 3736 1214; x_wconf 85' lang='lat' dir='ltr'><strong>est.</strong></span> 
     </span>
    </p>
   </div>
   <div class='ocr_carea' id='block_1_26' title="bbox 2077 1241 3736 1314">
    <p class='ocr_par' dir='ltr' id='par_1_26' title="bbox 2077 1241 3736 1314">
     <span class='ocr_line' id='line_1_26' title="bbox 2077 1241 3736 1314; baseline 0.001 -19"><span class='ocrx_word' id='word_1_169' title='bbox 2077 1241 2252 1296; x_wconf 79' lang='lat' dir='ltr'><strong>etiam</strong></span> <span class='ocrx_word' id='word_1_170' title='bbox 2286 1241 2546 1313; x_wconf 90' lang='lat' dir='ltr'><strong>periculo</strong></span> <span class='ocrx_word' id='word_1_171' title='bbox 2579 1259 2695 1297; x_wconf 90' lang='lat' dir='ltr'><strong>non</strong></span> <span class='ocrx_word' id='word_1_172' title='bbox 2719 1246 2908 1297; x_wconf 87' lang='lat' dir='ltr'><strong>vacat.</strong></span> <span class='ocrx_word' id='word_1_173' title='bbox 2932 1243 3167 1298; x_wconf 85' lang='lat' dir='ltr'><strong>Absiste</strong></span> <span class='ocrx_word' id='word_1_174' title='bbox 3210 1242 3389 1314; x_wconf 84' lang='lat' dir='ltr'><strong>igitur</strong></span> <span class='ocrx_word' id='word_1_175' title='bbox 3414 1260 3445 1296; x_wconf 89' lang='lat' dir='ltr'><strong>a</strong></span> <span class='ocrx_word' id='word_1_176' title='bbox 3478 1241 3736 1311; x_wconf 84' lang='lat' dir='ltr'><strong>talibus;</strong></span> 
     </span>
    </p>
   </div>
   <div class='ocr_carea' id='block_1_27' title="bbox 2080 1330 3741 1402">
    <p class='ocr_par' dir='ltr' id='par_1_27' title="bbox 2080 1330 3741 1402">
     <span class='ocr_line' id='line_1_27' title="bbox 2080 1330 3741 1402; baseline 0 -18"><span class='ocrx_word' id='word_1_177' title='bbox 2080 1347 2217 1385; x_wconf 83' lang='lat' dir='ltr'><strong>nam</strong></span> <span class='ocrx_word' id='word_1_178' title='bbox 2254 1330 2356 1400; x_wconf 88' lang='lat' dir='ltr'><strong>qui</strong></span> <span class='ocrx_word' id='word_1_179' title='bbox 2388 1331 2473 1384; x_wconf 91' lang='lat' dir='ltr'><strong>vel</strong></span> <span class='ocrx_word' id='word_1_180' title='bbox 2508 1348 2680 1400; x_wconf 79' lang='lat' dir='ltr'><strong>agere</strong></span> <span class='ocrx_word' id='word_1_181' title='bbox 2711 1332 2798 1386; x_wconf 91' lang='lat' dir='ltr'><strong>vel</strong></span> <span class='ocrx_word' id='word_1_182' title='bbox 2832 1330 2993 1402; x_wconf 90' lang='lat' dir='ltr'><strong>loqui</strong></span> <span class='ocrx_word' id='word_1_183' title='bbox 3026 1349 3143 1386; x_wconf 67' lang='lat' dir='ltr'><strong>sua:</strong></span> <span class='ocrx_word' id='word_1_184' title='bbox 3173 1332 3311 1386; x_wconf 89' lang='lat' dir='ltr'><strong>sorti</strong></span> <span class='ocrx_word' id='word_1_185' title='bbox 3366 1348 3478 1387; x_wconf 90' lang='lat' dir='ltr'><strong>non</strong></span> <span class='ocrx_word' id='word_1_186' title='bbox 3530 1347 3741 1386; x_wconf 87' lang='lat' dir='ltr'><strong>conve-</strong></span> 
     </span>
    </p>
   </div>
   <div class='ocr_carea' id='block_1_28' title="bbox 2079 1419 3738 1493">
    <p class='ocr_par' dir='ltr' id='par_1_28' title="bbox 2079 1419 3738 1493">
     <span class='ocr_line' id='line_1_28' title="bbox 2079 1419 3738 1493; baseline -0.001 -19"><span class='ocrx_word' id='word_1_187' title='bbox 2079 1419 2307 1474; x_wconf 83' lang='lat' dir='ltr'><strong>nientia</strong></span> <span class='ocrx_word' id='word_1_188' title='bbox 2330 1421 2848 1482; x_wconf 87' lang='lat' dir='ltr'><strong>audebit,omnino</strong></span> <span class='ocrx_word' id='word_1_189' title='bbox 2873 1421 3130 1491; x_wconf 88' lang='lat' dir='ltr'><strong>patietur</strong></span> <span class='ocrx_word' id='word_1_190' title='bbox 3161 1423 3313 1493; x_wconf 91' lang='lat' dir='ltr'><strong>quod</strong></span> <span class='ocrx_word' id='word_1_191' title='bbox 3334 1421 3506 1475; x_wconf 88' lang='lat' dir='ltr'><strong>simio</strong></span> <span class='ocrx_word' id='word_1_192' title='bbox 3529 1420 3738 1475; x_wconf 90' lang='lat' dir='ltr'><strong>evenit.</strong></span> 
     </span>
    </p>
   </div>
   <div class='ocr_carea' id='block_1_29' title="bbox 2079 1508 3740 1583">
    <p class='ocr_par' dir='ltr' id='par_1_29' title="bbox 2079 1508 3740 1583">
     <span class='ocr_line' id='line_1_29' title="bbox 2079 1508 3740 1583; baseline 0.001 -20"><span class='ocrx_word' id='word_1_193' title='bbox 2079 1508 2302 1565; x_wconf 87' lang='lat' dir='ltr'><strong>Simius</strong></span> <span class='ocrx_word' id='word_1_194' title='bbox 2336 1510 2517 1577; x_wconf 91' lang='lat' dir='ltr'><strong>enim,</strong></span> <span class='ocrx_word' id='word_1_195' title='bbox 2552 1515 2614 1564; x_wconf 93' lang='lat' dir='ltr'><strong>ut</strong></span> <span class='ocrx_word' id='word_1_196' title='bbox 2642 1510 2832 1578; x_wconf 88' lang='lat' dir='ltr'><strong>aiunt,</strong></span> <span class='ocrx_word' id='word_1_197' title='bbox 2856 1510 3174 1566; x_wconf 88' lang='lat' dir='ltr'><strong>observans</strong></span> <span class='ocrx_word' id='word_1_198' title='bbox 3206 1510 3526 1582; x_wconf 87' lang='lat' dir='ltr'><strong>aliquando</strong></span> <span class='ocrx_word' id='word_1_199' title='bbox 3558 1510 3740 1583; x_wconf 88' lang='lat' dir='ltr'><strong>ligna-</strong></span> 
     </span>
    </p>
   </div>
   <div class='ocr_carea' id='block_1_30' title="bbox 2081 1600 3740 1670">
    <p class='ocr_par' dir='ltr' id='par_1_30' title="bbox 2081 1600 3740 1670">
     <span class='ocr_line' id='line_1_30' title="bbox 2081 1600 3740 1670; baseline 0.004 -20"><span class='ocrx_word' id='word_1_200' title='bbox 2081 1601 2266 1652; x_wconf 90' lang='lat' dir='ltr'><strong>torem</strong></span> <span class='ocrx_word' id='word_1_201' title='bbox 2311 1600 2552 1653; x_wconf 90' lang='lat' dir='ltr'><strong>dantem</strong></span> <span class='ocrx_word' id='word_1_202' title='bbox 2587 1615 2827 1670; x_wconf 84' lang='lat' dir='ltr'><strong>operam</strong></span> <span class='ocrx_word' id='word_1_203' title='bbox 2860 1604 3068 1655; x_wconf 88' lang='lat' dir='ltr'><strong>trunco</strong></span> <span class='ocrx_word' id='word_1_204' title='bbox 3101 1600 3377 1655; x_wconf 89' lang='lat' dir='ltr'><strong>lindendo</strong></span> <span class='ocrx_word' id='word_1_205' title='bbox 3409 1604 3740 1657; x_wconf 87' lang='lat' dir='ltr'><strong>successiva</strong></span> 
     </span>
    </p>
   </div>
   <div class='ocr_carea' id='block_1_31' title="bbox 2082 1689 3741 1764">
    <p class='ocr_par' dir='ltr' id='par_1_31' title="bbox 2082 1689 3741 1764">
     <span class='ocr_line' id='line_1_31' title="bbox 2082 1689 3741 1764; baseline 0.001 -20"><span class='ocrx_word' id='word_1_206' title='bbox 2082 1689 2387 1745; x_wconf 87' lang='lat' dir='ltr'><strong>adactione</strong></span> <span class='ocrx_word' id='word_1_207' title='bbox 2431 1691 2683 1745; x_wconf 92' lang='lat' dir='ltr'><strong>duorum</strong></span> <span class='ocrx_word' id='word_1_208' title='bbox 2735 1706 3079 1759; x_wconf 89' lang='lat' dir='ltr'><strong>cuneorum,</strong></span> <span class='ocrx_word' id='word_1_209' title='bbox 3110 1707 3360 1761; x_wconf 90' lang='lat' dir='ltr'><strong>quorum</strong></span> <span class='ocrx_word' id='word_1_210' title='bbox 3393 1710 3626 1764; x_wconf 89' lang='lat' dir='ltr'><strong>semper</strong></span> <span class='ocrx_word' id='word_1_211' title='bbox 3657 1692 3741 1748; x_wconf 87' lang='lat' dir='ltr'><strong>al-</strong></span> 
     </span>
    </p>
   </div>
   <div class='ocr_carea' id='block_1_32' title="bbox 2083 1776 3739 1850">
    <p class='ocr_par' dir='ltr' id='par_1_32' title="bbox 2083 1776 3739 1850">
     <span class='ocr_line' id='line_1_32' title="bbox 2083 1776 3739 1850; baseline 0.004 -19"><span class='ocrx_word' id='word_1_212' title='bbox 2083 1784 2274 1833; x_wconf 87' lang='lat' dir='ltr'><strong>terum</strong></span> <span class='ocrx_word' id='word_1_213' title='bbox 2324 1795 2393 1833; x_wconf 87' lang='lat' dir='ltr'><strong>ex</strong></span> <span class='ocrx_word' id='word_1_214' title='bbox 2440 1795 2508 1833; x_wconf 84' lang='lat' dir='ltr'><strong>ea</strong></span> <span class='ocrx_word' id='word_1_215' title='bbox 2557 1782 2721 1850; x_wconf 90' lang='lat' dir='ltr'><strong>parte</strong></span> <span class='ocrx_word' id='word_1_216' title='bbox 2754 1780 2850 1834; x_wconf 91' lang='lat' dir='ltr'><strong>ubi</strong></span> <span class='ocrx_word' id='word_1_217' title='bbox 2886 1776 3197 1834; x_wconf 87' lang='lat' dir='ltr'><strong>laxabatur</strong></span> <span class='ocrx_word' id='word_1_218' title='bbox 3235 1780 3537 1836; x_wconf 89' lang='lat' dir='ltr'><strong>diductius</strong></span> <span class='ocrx_word' id='word_1_219' title='bbox 3569 1784 3739 1849; x_wconf 89' lang='lat' dir='ltr'><strong>rima,</strong></span> 
     </span>
    </p>
   </div>
   <div class='ocr_carea' id='block_1_33' title="bbox 322 1867 3738 1949">
    <p class='ocr_par' dir='ltr' id='par_1_33' title="bbox 322 1867 3738 1949">
     <span class='ocr_line' id='line_1_33' title="bbox 322 1867 3738 1949; baseline 0.001 -27"><span class='ocrx_word' id='word_1_220' title='bbox 322 1884 456 1922; x_wconf 89' lang='lat' dir='ltr'><strong>rum</strong></span> <span class='ocrx_word' id='word_1_221' title='bbox 490 1867 933 1938; x_wconf 89' lang='lat' dir='ltr'><strong>dispensatione</strong></span> <span class='ocrx_word' id='word_1_222' title='bbox 969 1867 1113 1922; x_wconf 85' lang='lat' dir='ltr'><strong>ratio</strong></span> <span class='ocrx_word' id='word_1_223' title='bbox 1146 1873 1393 1937; x_wconf 89' lang='lat' dir='ltr'><strong>constet,</strong></span> <span class='ocrx_word' id='word_1_224' title='bbox 1428 1868 1564 1922; x_wconf 90' lang='lat' dir='ltr'><strong>inde</strong></span> <span class='ocrx_word' id='word_1_225' title='bbox 1597 1873 1786 1922; x_wconf 85' lang='lat' dir='ltr'><strong>tamen</strong></span> <span class='ocrx_word' id='word_1_226' title='bbox 1832 1867 1976 1921; x_wconf 86' lang='lat' dir='ltr'><strong>nihil</strong></span> <span class='ocrx_word' id='word_1_227' title='bbox 2008 1885 2055 1949; x_wconf 81' lang='grc' dir='ltr'><strong>Β</strong></span> <span class='ocrx_word' id='word_1_228' title='bbox 2089 1868 2143 1921; x_wconf 90' lang='lat' dir='ltr'><strong>in</strong></span> <span class='ocrx_word' id='word_1_229' title='bbox 2176 1867 2575 1939; x_wconf 84' lang='lat' dir='ltr'><strong>angustiorem</strong></span> <span class='ocrx_word' id='word_1_230' title='bbox 2622 1872 2679 1923; x_wconf 93' lang='lat' dir='ltr'><strong>et</strong></span> <span class='ocrx_word' id='word_1_231' title='bbox 2724 1868 2962 1923; x_wconf 88' lang='lat' dir='ltr'><strong>tenuius</strong></span> <span class='ocrx_word' id='word_1_232' title='bbox 2994 1868 3254 1924; x_wconf 88' lang='lat' dir='ltr'><strong>hiantem</strong></span> <span class='ocrx_word' id='word_1_233' title='bbox 3287 1869 3432 1942; x_wconf 87' lang='lat' dir='ltr'><strong>ligni</strong></span> <span class='ocrx_word' id='word_1_234' title='bbox 3467 1872 3738 1927; x_wconf 87' lang='lat' dir='ltr'><strong>ﬁssuram</strong></span> 
     </span>
    </p>
   </div>
   <div class='ocr_carea' id='block_1_34' title="bbox 318 1957 1976 2029">
    <p class='ocr_par' dir='ltr' id='par_1_34' title="bbox 318 1957 1976 2029">
     <span class='ocr_line' id='line_1_34' title="bbox 318 1957 1976 2029; baseline -0.001 -18"><span class='ocrx_word' id='word_1_235' title='bbox 318 1957 619 2011; x_wconf 87' lang='lat' dir='ltr'><strong>tribuatur</strong></span> <span class='ocrx_word' id='word_1_236' title='bbox 644 1957 1283 2029; x_wconf 86' lang='lat' dir='ltr'><strong>indigentibus,talium</strong></span> <span class='ocrx_word' id='word_1_237' title='bbox 1304 1974 1611 2027; x_wconf 84' lang='lat' dir='ltr'><strong>possessor</strong></span> <span class='ocrx_word' id='word_1_238' title='bbox 1640 1957 1976 2011; x_wconf 87' lang='lat' dir='ltr'><strong>divitiarum</strong></span> 
     </span>
    </p>
   </div>
   <div class='ocr_carea' id='block_1_35' title="bbox 321 2045 1984 2117">
    <p class='ocr_par' dir='ltr' id='par_1_35' title="bbox 321 2045 1984 2117">
     <span class='ocr_line' id='line_1_35' title="bbox 321 2045 1984 2117; baseline 0 -18"><span class='ocrx_word' id='word_1_239' title='bbox 321 2062 548 2116; x_wconf 87' lang='lat' dir='ltr'><strong>pauper</strong></span> <span class='ocrx_word' id='word_1_240' title='bbox 580 2045 971 2117; x_wconf 81' lang='lat' dir='ltr'><strong>reputabitur,</strong></span> <span class='ocrx_word' id='word_1_241' title='bbox 1005 2051 1062 2100; x_wconf 87' lang='lat' dir='ltr'><strong>et</strong></span> <span class='ocrx_word' id='word_1_242' title='bbox 1090 2063 1199 2101; x_wconf 88' lang='lat' dir='ltr'><strong>sua</strong></span> <span class='ocrx_word' id='word_1_243' title='bbox 1233 2045 1397 2100; x_wconf 90' lang='lat' dir='ltr'><strong>illum</strong></span> <span class='ocrx_word' id='word_1_244' title='bbox 1434 2045 1598 2116; x_wconf 85' lang='lat' dir='ltr'><strong>c0pia</strong></span> <span class='ocrx_word' id='word_1_245' title='bbox 1628 2046 1984 2116; x_wconf 82' lang='lat' dir='ltr'><strong>disrumpet.</strong></span> 
     </span>
    </p>
   </div>
   <div class='ocr_carea' id='block_1_36' title="bbox 329 2134 1986 2206">
    <p class='ocr_par' dir='ltr' id='par_1_36' title="bbox 329 2134 1986 2206">
     <span class='ocr_line' id='line_1_36' title="bbox 329 2134 1986 2206; baseline 0 -17"><span class='ocrx_word' id='word_1_246' title='bbox 329 2142 395 2189; x_wconf 90' lang='lat' dir='ltr'><strong>ut</strong></span> <span class='ocrx_word' id='word_1_247' title='bbox 416 2135 709 2206; x_wconf 88' lang='lat' dir='ltr'><strong>contingit</strong></span> <span class='ocrx_word' id='word_1_248' title='bbox 739 2134 796 2189; x_wconf 92' lang='lat' dir='ltr'><strong>in</strong></span> <span class='ocrx_word' id='word_1_249' title='bbox 830 2135 1137 2190; x_wconf 86' lang='lat' dir='ltr'><strong>canalibus</strong></span> <span class='ocrx_word' id='word_1_250' title='bbox 1155 2140 1255 2189; x_wconf 85' lang='lat' dir='ltr'><strong>aut</strong></span> <span class='ocrx_word' id='word_1_251' title='bbox 1276 2134 1495 2190; x_wconf 90' lang='lat' dir='ltr'><strong>ﬁstulis</strong></span> <span class='ocrx_word' id='word_1_252' title='bbox 1531 2135 1801 2203; x_wconf 80' lang='lat' dir='ltr'><strong>fontium,</strong></span> <span class='ocrx_word' id='word_1_253' title='bbox 1835 2152 1986 2204; x_wconf 65' lang='lat' dir='ltr'><strong>quae,</strong></span> 
     </span>
    </p>
   </div>
   <div class='ocr_carea' id='block_1_37' title="bbox 341 2223 1989 2295">
    <p class='ocr_par' dir='ltr' id='par_1_37' title="bbox 341 2223 1989 2295">
     <span class='ocr_line' id='line_1_37' title="bbox 341 2223 1989 2295; baseline -0.003 -15"><span class='ocrx_word' id='word_1_254' title='bbox 341 2224 578 2295; x_wconf 86' lang='lat' dir='ltr'><strong>quando</strong></span> <span class='ocrx_word' id='word_1_255' title='bbox 612 2241 728 2279; x_wconf 91' lang='lat' dir='ltr'><strong>non</strong></span> <span class='ocrx_word' id='word_1_256' title='bbox 768 2228 931 2295; x_wconf 90' lang='lat' dir='ltr'><strong>patet</strong></span> <span class='ocrx_word' id='word_1_257' title='bbox 975 2225 1165 2280; x_wconf 79' lang='lat' dir='ltr'><strong>exitus</strong></span> <span class='ocrx_word' id='word_1_258' title='bbox 1214 2242 1379 2295; x_wconf 78' lang='lat' dir='ltr'><strong>aquas</strong></span> <span class='ocrx_word' id='word_1_259' title='bbox 1418 2225 1641 2295; x_wconf 88' lang='lat' dir='ltr'><strong>jugiter</strong></span> <span class='ocrx_word' id='word_1_260' title='bbox 1696 2223 1989 2289; x_wconf 80' lang='lat' dir='ltr'><strong>influenti,</strong></span> 
     </span>
    </p>
   </div>
   <div class='ocr_carea' id='block_1_38' title="bbox 343 2318 606 2384">
    <p class='ocr_par' dir='ltr' id='par_1_38' title="bbox 343 2318 606 2384">
     <span class='ocr_line' id='line_1_38' title="bbox 343 2318 606 2384; baseline 0 -16"><span class='ocrx_word' id='word_1_261' title='bbox 343 2318 606 2384; x_wconf 88' lang='lat' dir='ltr'><strong>crepant.</strong></span> 
     </span>
    </p>
   </div>
   <div class='ocr_carea' id='block_1_39' title="bbox 415 2420 1988 2492">
    <p class='ocr_par' dir='ltr' id='par_1_39' title="bbox 415 2420 1988 2492">
     <span class='ocr_line' id='line_1_39' title="bbox 415 2420 1988 2492; baseline 0.001 -18"><span class='ocrx_word' id='word_1_262' title='bbox 415 2422 487 2475; x_wconf 90' lang='lat' dir='ltr'><strong>Il.</strong></span> <span class='ocrx_word' id='word_1_263' title='bbox 516 2420 613 2475; x_wconf 88' lang='lat' dir='ltr'><strong>Uis</strong></span> <span class='ocrx_word' id='word_1_264' title='bbox 648 2420 811 2492; x_wconf 91' lang='lat' dir='ltr'><strong>pueri</strong></span> <span class='ocrx_word' id='word_1_265' title='bbox 842 2421 1081 2490; x_wconf 84' lang='lat' dir='ltr'><strong>auditis,</strong></span> <span class='ocrx_word' id='word_1_266' title='bbox 1115 2422 1380 2492; x_wconf 88' lang='lat' dir='ltr'><strong>persuasi</strong></span> <span class='ocrx_word' id='word_1_267' title='bbox 1415 2422 1599 2492; x_wconf 90' lang='lat' dir='ltr'><strong>patris</strong></span> <span class='ocrx_word' id='word_1_268' title='bbox 1624 2421 1988 2489; x_wconf 86' lang='lat' dir='ltr'><strong>auctoritate,</strong></span> 
     </span>
    </p>
   </div>
   <div class='ocr_carea' id='block_1_40' title="bbox 342 2510 1991 2581">
    <p class='ocr_par' dir='ltr' id='par_1_40' title="bbox 342 2510 1991 2581">
     <span class='ocr_line' id='line_1_40' title="bbox 342 2510 1991 2581; baseline -0.001 -17"><span class='ocrx_word' id='word_1_269' title='bbox 342 2510 745 2581; x_wconf 87' lang='lat' dir='ltr'><strong>obtemperare</strong></span> <span class='ocrx_word' id='word_1_270' title='bbox 799 2516 956 2565; x_wconf 88' lang='lat' dir='ltr'><strong>recta</strong></span> <span class='ocrx_word' id='word_1_271' title='bbox 1005 2510 1267 2565; x_wconf 88' lang='lat' dir='ltr'><strong>monenti</strong></span> <span class='ocrx_word' id='word_1_272' title='bbox 1314 2511 1715 2566; x_wconf 87' lang='lat' dir='ltr'><strong>decreverunt.</strong></span> <span class='ocrx_word' id='word_1_273' title='bbox 1748 2511 1817 2564; x_wconf 91' lang='lat' dir='ltr'><strong>Et</strong></span> <span class='ocrx_word' id='word_1_274' title='bbox 1868 2510 1991 2579; x_wconf 89' lang='lat' dir='ltr'><strong>pri-</strong></span> 
     </span>
    </p>
   </div>
   <div class='ocr_carea' id='block_1_41' title="bbox 341 2598 1990 2670">
    <p class='ocr_par' dir='ltr' id='par_1_41' title="bbox 341 2598 1990 2670">
     <span class='ocr_line' id='line_1_41' title="bbox 341 2598 1990 2670; baseline -0.001 -17"><span class='ocrx_word' id='word_1_275' title='bbox 341 2613 478 2653; x_wconf 87' lang='lat' dir='ltr'><strong>mus</strong></span> <span class='ocrx_word' id='word_1_276' title='bbox 535 2614 736 2653; x_wconf 90' lang='lat' dir='ltr'><strong>eorum</strong></span> <span class='ocrx_word' id='word_1_277' title='bbox 799 2598 1266 2669; x_wconf 85' lang='lat' dir='ltr'><strong>peregrinatione</strong></span> <span class='ocrx_word' id='word_1_278' title='bbox 1321 2608 1594 2670; x_wconf 81' lang='lat' dir='ltr'><strong>suscepta</strong></span> <span class='ocrx_word' id='word_1_279' title='bbox 1652 2603 1990 2654; x_wconf 74' lang='lat' dir='ltr'><strong>mercaturzr</strong></span> 
     </span>
    </p>
   </div>
   <div class='ocr_carea' id='block_1_42' title="bbox 338 2686 1987 2759">
    <p class='ocr_par' dir='ltr' id='par_1_42' title="bbox 338 2686 1987 2759">
     <span class='ocr_line' id='line_1_42' title="bbox 338 2686 1987 2759; baseline -0.001 -18"><span class='ocrx_word' id='word_1_280' title='bbox 338 2687 547 2756; x_wconf 89' lang='lat' dir='ltr'><strong>gratia,</strong></span> <span class='ocrx_word' id='word_1_281' title='bbox 581 2686 743 2742; x_wconf 90' lang='lat' dir='ltr'><strong>dedit</strong></span> <span class='ocrx_word' id='word_1_282' title='bbox 772 2704 834 2742; x_wconf 91' lang='lat' dir='ltr'><strong>se</strong></span> <span class='ocrx_word' id='word_1_283' title='bbox 866 2689 923 2741; x_wconf 91' lang='lat' dir='ltr'><strong>in</strong></span> <span class='ocrx_word' id='word_1_284' title='bbox 956 2687 1109 2742; x_wconf 89' lang='lat' dir='ltr'><strong>viam</strong></span> <span class='ocrx_word' id='word_1_285' title='bbox 1154 2688 1377 2742; x_wconf 90' lang='lat' dir='ltr'><strong>ducens</strong></span> <span class='ocrx_word' id='word_1_286' title='bbox 1428 2687 1780 2759; x_wconf 86' lang='lat' dir='ltr'><strong>plaustrum,</strong></span> <span class='ocrx_word' id='word_1_287' title='bbox 1833 2688 1987 2758; x_wconf 93' lang='lat' dir='ltr'><strong>quod</strong></span> 
     </span>
    </p>
   </div>
   <div class='ocr_carea' id='block_1_43' title="bbox 339 2776 1993 2847">
    <p class='ocr_par' dir='ltr' id='par_1_43' title="bbox 339 2776 1993 2847">
     <span class='ocr_line' id='line_1_43' title="bbox 339 2776 1993 2847; baseline 0.001 -18"><span class='ocrx_word' id='word_1_288' title='bbox 339 2776 495 2831; x_wconf 86' lang='lat' dir='ltr'><strong>tauri</strong></span> <span class='ocrx_word' id='word_1_289' title='bbox 526 2777 641 2832; x_wconf 92' lang='lat' dir='ltr'><strong>duo</strong></span> <span class='ocrx_word' id='word_1_290' title='bbox 674 2776 1007 2832; x_wconf 86' lang='lat' dir='ltr'><strong>trahebant.</strong></span> <span class='ocrx_word' id='word_1_291' title='bbox 1032 2777 1110 2831; x_wconf 83' lang='lat' dir='ltr'><strong>Eo</strong></span> <span class='ocrx_word' id='word_1_292' title='bbox 1149 2776 1358 2832; x_wconf 89' lang='lat' dir='ltr'><strong>itinere</strong></span> <span class='ocrx_word' id='word_1_293' title='bbox 1387 2777 1621 2832; x_wconf 89' lang='lat' dir='ltr'><strong>devenit</strong></span> <span class='ocrx_word' id='word_1_294' title='bbox 1652 2778 1708 2831; x_wconf 91' lang='lat' dir='ltr'><strong>in</strong></span> <span class='ocrx_word' id='word_1_295' title='bbox 1745 2776 1993 2847; x_wconf 91' lang='lat' dir='ltr'><strong>paludo-</strong></span> 
     </span>
    </p>
   </div>
   <div class='ocr_carea' id='block_1_44' title="bbox 339 2865 1992 2936">
    <p class='ocr_par' dir='ltr' id='par_1_44' title="bbox 339 2865 1992 2936">
     <span class='ocr_line' id='line_1_44' title="bbox 339 2865 1992 2936; baseline -0.001 -15"><span class='ocrx_word' id='word_1_296' title='bbox 339 2882 474 2921; x_wconf 88' lang='lat' dir='ltr'><strong>sum</strong></span> <span class='ocrx_word' id='word_1_297' title='bbox 506 2865 722 2931; x_wconf 90' lang='lat' dir='ltr'><strong>locum,</strong></span> <span class='ocrx_word' id='word_1_298' title='bbox 757 2866 857 2921; x_wconf 92' lang='lat' dir='ltr'><strong>ubi</strong></span> <span class='ocrx_word' id='word_1_299' title='bbox 891 2873 1196 2921; x_wconf 84' lang='lat' dir='ltr'><strong>taurorum</strong></span> <span class='ocrx_word' id='word_1_300' title='bbox 1230 2866 1376 2921; x_wconf 88' lang='lat' dir='ltr'><strong>alter</strong></span> <span class='ocrx_word' id='word_1_301' title='bbox 1405 2866 1543 2921; x_wconf 89' lang='lat' dir='ltr'><strong>limo</strong></span> <span class='ocrx_word' id='word_1_302' title='bbox 1575 2866 1824 2922; x_wconf 88' lang='lat' dir='ltr'><strong>haustus</strong></span> <span class='ocrx_word' id='word_1_303' title='bbox 1857 2882 1992 2936; x_wconf 89' lang='lat' dir='ltr'><strong>pro-</strong></span> 
     </span>
    </p>
   </div>
   <div class='ocr_carea' id='block_1_45' title="bbox 341 2954 1995 3028">
    <p class='ocr_par' dir='ltr' id='par_1_45' title="bbox 341 2954 1995 3028">
     <span class='ocr_line' id='line_1_45' title="bbox 341 2954 1995 3028; baseline -0.001 -18"><span class='ocrx_word' id='word_1_304' title='bbox 341 2954 567 3011; x_wconf 82' lang='lat' dir='ltr'><strong>cubuit.</strong></span> <span class='ocrx_word' id='word_1_305' title='bbox 601 2956 748 3011; x_wconf 86' lang='lat' dir='ltr'><strong>Puer</strong></span> <span class='ocrx_word' id='word_1_306' title='bbox 776 2973 912 3011; x_wconf 90' lang='lat' dir='ltr'><strong>cum</strong></span> <span class='ocrx_word' id='word_1_307' title='bbox 943 2956 1071 3011; x_wconf 90' lang='lat' dir='ltr'><strong>suis</strong></span> <span class='ocrx_word' id='word_1_308' title='bbox 1119 2970 1256 3011; x_wconf 89' lang='lat' dir='ltr'><strong>eum</strong></span> <span class='ocrx_word' id='word_1_309' title='bbox 1307 2972 1520 3028; x_wconf 91' lang='lat' dir='ltr'><strong>magno</strong></span> <span class='ocrx_word' id='word_1_310' title='bbox 1568 2955 1765 3011; x_wconf 87' lang='lat' dir='ltr'><strong>labore</strong></span> <span class='ocrx_word' id='word_1_311' title='bbox 1795 2971 1862 3011; x_wconf 90' lang='lat' dir='ltr'><strong>ac</strong></span> <span class='ocrx_word' id='word_1_312' title='bbox 1892 2971 1995 3010; x_wconf 91' lang='lat' dir='ltr'><strong>co-</strong></span> 
     </span>
    </p>
   </div>
   <div class='ocr_carea' id='block_1_46' title="bbox 343 3043 1992 3113">
    <p class='ocr_par' dir='ltr' id='par_1_46' title="bbox 343 3043 1992 3113">
     <span class='ocr_line' id='line_1_46' title="bbox 343 3043 1992 3113; baseline -0.001 -14"><span class='ocrx_word' id='word_1_313' title='bbox 343 3048 485 3099; x_wconf 86' lang='lat' dir='ltr'><strong>natu</strong></span> <span class='ocrx_word' id='word_1_314' title='bbox 517 3043 641 3100; x_wconf 89' lang='lat' dir='ltr'><strong>luto</strong></span> <span class='ocrx_word' id='word_1_315' title='bbox 671 3049 951 3113; x_wconf 80' lang='lat' dir='ltr'><strong>extraxit;</strong></span> <span class='ocrx_word' id='word_1_316' title='bbox 1000 3050 1274 3100; x_wconf 63' lang='lat' dir='ltr'><strong>ceterum</strong></span> <span class='ocrx_word' id='word_1_317' title='bbox 1308 3063 1377 3099; x_wconf 90' lang='lat' dir='ltr'><strong>ea</strong></span> <span class='ocrx_word' id='word_1_318' title='bbox 1406 3046 1798 3111; x_wconf 90' lang='lat' dir='ltr'><strong>contentione,</strong></span> <span class='ocrx_word' id='word_1_319' title='bbox 1849 3044 1992 3099; x_wconf 87' lang='lat' dir='ltr'><strong>dum</strong></span> 
     </span>
    </p>
   </div>
   <div class='ocr_carea' id='block_1_47' title="bbox 343 3133 1994 3205">
    <p class='ocr_par' dir='ltr' id='par_1_47' title="bbox 343 3133 1994 3205">
     <span class='ocr_line' id='line_1_47' title="bbox 343 3133 1994 3205; baseline 0.001 -17"><span class='ocrx_word' id='word_1_320' title='bbox 343 3134 528 3189; x_wconf 85' lang='lat' dir='ltr'><strong>trahit</strong></span> <span class='ocrx_word' id='word_1_321' title='bbox 557 3139 615 3189; x_wconf 89' lang='lat' dir='ltr'><strong>et</strong></span> <span class='ocrx_word' id='word_1_322' title='bbox 643 3134 904 3189; x_wconf 88' lang='lat' dir='ltr'><strong>vicissim</strong></span> <span class='ocrx_word' id='word_1_323' title='bbox 940 3134 1197 3190; x_wconf 88' lang='lat' dir='ltr'><strong>trahitur</strong></span> <span class='ocrx_word' id='word_1_324' title='bbox 1225 3153 1260 3190; x_wconf 88' lang='lat' dir='ltr'><strong>a</strong></span> <span class='ocrx_word' id='word_1_325' title='bbox 1289 3134 1498 3203; x_wconf 87' lang='lat' dir='ltr'><strong>bestia,</strong></span> <span class='ocrx_word' id='word_1_326' title='bbox 1531 3139 1763 3189; x_wconf 87' lang='lat' dir='ltr'><strong>tantum</strong></span> <span class='ocrx_word' id='word_1_327' title='bbox 1794 3133 1994 3205; x_wconf 85' lang='lat' dir='ltr'><strong>fatiga-</strong></span> 
     </span>
    </p>
   </div>
   <div class='ocr_carea' id='block_1_48' title="bbox 2092 1956 3742 2031">
    <p class='ocr_par' dir='ltr' id='par_1_48' title="bbox 2092 1956 3742 2031">
     <span class='ocr_line' id='line_1_48' title="bbox 2092 1956 3742 2031; baseline 0.004 -21"><span class='ocrx_word' id='word_1_328' title='bbox 2092 1956 2478 2022; x_wconf 89' lang='lat' dir='ltr'><strong>intrudebat;</strong></span> <span class='ocrx_word' id='word_1_329' title='bbox 2531 1956 2732 2028; x_wconf 90' lang='lat' dir='ltr'><strong>sicque</strong></span> <span class='ocrx_word' id='word_1_330' title='bbox 2790 1963 2995 2011; x_wconf 91' lang='lat' dir='ltr'><strong>trunco</strong></span> <span class='ocrx_word' id='word_1_331' title='bbox 3053 1957 3322 2014; x_wconf 84' lang='lat' dir='ltr'><strong>insidens</strong></span> <span class='ocrx_word' id='word_1_332' title='bbox 3351 1961 3424 2014; x_wconf 89' lang='lat' dir='ltr'><strong>ab</strong></span> <span class='ocrx_word' id='word_1_333' title='bbox 3459 1979 3573 2016; x_wconf 91' lang='lat' dir='ltr'><strong>uno</strong></span> <span class='ocrx_word' id='word_1_334' title='bbox 3612 1963 3742 2031; x_wconf 83' lang='lat' dir='ltr'><strong>ejus</strong></span> 
     </span>
    </p>
   </div>
   <div class='ocr_carea' id='block_1_49' title="bbox 2094 2045 3742 2122">
    <p class='ocr_par' dir='ltr' id='par_1_49' title="bbox 2094 2045 3742 2122">
     <span class='ocr_line' id='line_1_49' title="bbox 2094 2045 3742 2122; baseline 0.004 -22"><span class='ocrx_word' id='word_1_335' title='bbox 2094 2046 2282 2115; x_wconf 84' lang='lat' dir='ltr'><strong>capite</strong></span> <span class='ocrx_word' id='word_1_336' title='bbox 2315 2046 2385 2101; x_wconf 89' lang='lat' dir='ltr'><strong>ad</strong></span> <span class='ocrx_word' id='word_1_337' title='bbox 2418 2045 2666 2101; x_wconf 89' lang='lat' dir='ltr'><strong>alterum</strong></span> <span class='ocrx_word' id='word_1_338' title='bbox 2696 2046 2917 2101; x_wconf 88' lang='lat' dir='ltr'><strong>sensim</strong></span> <span class='ocrx_word' id='word_1_339' title='bbox 2949 2049 3296 2117; x_wconf 88' lang='lat' dir='ltr'><strong>procedebat</strong></span> <span class='ocrx_word' id='word_1_340' title='bbox 3327 2066 3341 2104; x_wconf 87' lang='lat'><strong>:</strong></span> <span class='ocrx_word' id='word_1_341' title='bbox 3376 2051 3456 2120; x_wconf 85' lang='lat' dir='ltr'><strong>id,</strong></span> <span class='ocrx_word' id='word_1_342' title='bbox 3477 2049 3742 2122; x_wconf 89' lang='lat' dir='ltr'><strong>inquam,</strong></span> 
     </span>
    </p>
   </div>
   <div class='ocr_carea' id='block_1_50' title="bbox 2097 2133 3743 2207">
    <p class='ocr_par' dir='ltr' id='par_1_50' title="bbox 2097 2133 3743 2207">
     <span class='ocr_line' id='line_1_50' title="bbox 2097 2133 3743 2207; baseline 0.004 -19"><span class='ocrx_word' id='word_1_343' title='bbox 2097 2134 2397 2190; x_wconf 85' lang='lat' dir='ltr'><strong>admirans</strong></span> <span class='ocrx_word' id='word_1_344' title='bbox 2430 2134 2662 2203; x_wconf 90' lang='lat' dir='ltr'><strong>simius,</strong></span> <span class='ocrx_word' id='word_1_345' title='bbox 2695 2133 2995 2206; x_wconf 89' lang='lat' dir='ltr'><strong>explorare</strong></span> <span class='ocrx_word' id='word_1_346' title='bbox 3044 2135 3183 2206; x_wconf 90' lang='lat' dir='ltr'><strong>quid</strong></span> <span class='ocrx_word' id='word_1_347' title='bbox 3234 2145 3502 2207; x_wconf 72' lang='lat' dir='ltr'><strong>ageretur</strong></span> <span class='ocrx_word' id='word_1_348' title='bbox 3537 2140 3743 2196; x_wconf 92' lang='lat' dir='ltr'><strong>voluit.</strong></span> 
     </span>
    </p>
   </div>
   <div class='ocr_carea' id='block_1_51' title="bbox 2099 2222 3748 2299">
    <p class='ocr_par' dir='ltr' id='par_1_51' title="bbox 2099 2222 3748 2299">
     <span class='ocr_line' id='line_1_51' title="bbox 2099 2222 3748 2299; baseline 0.003 -21"><span class='ocrx_word' id='word_1_349' title='bbox 2099 2224 2245 2295; x_wconf 79' lang='lat' dir='ltr'><strong>Ergo</strong></span> <span class='ocrx_word' id='word_1_350' title='bbox 2293 2222 2453 2295; x_wconf 90' lang='lat' dir='ltr'><strong>ligno</strong></span> <span class='ocrx_word' id='word_1_351' title='bbox 2497 2229 2555 2278; x_wconf 91' lang='lat' dir='ltr'><strong>et</strong></span> <span class='ocrx_word' id='word_1_352' title='bbox 2600 2224 2728 2295; x_wconf 92' lang='lat' dir='ltr'><strong>ipse</strong></span> <span class='ocrx_word' id='word_1_353' title='bbox 2760 2229 2892 2294; x_wconf 89' lang='lat' dir='ltr'><strong>post</strong></span> <span class='ocrx_word' id='word_1_354' title='bbox 2924 2224 3151 2279; x_wconf 88' lang='lat' dir='ltr'><strong>fabrum</strong></span> <span class='ocrx_word' id='word_1_355' title='bbox 3182 2226 3521 2297; x_wconf 90' lang='lat' dir='ltr'><strong>inequitans</strong></span> <span class='ocrx_word' id='word_1_356' title='bbox 3550 2227 3748 2299; x_wconf 86' lang='lat' dir='ltr'><strong>inspe-</strong></span> 
     </span>
    </p>
   </div>
   <div class='ocr_carea' id='block_1_52' title="bbox 2097 2313 3750 2385">
    <p class='ocr_par' dir='ltr' id='par_1_52' title="bbox 2097 2313 3750 2385">
     <span class='ocr_line' id='line_1_52' title="bbox 2097 2313 3750 2385; baseline 0.002 -18"><span class='ocrx_word' id='word_1_357' title='bbox 2097 2314 2291 2368; x_wconf 88' lang='lat' dir='ltr'><strong>ctabat</strong></span> <span class='ocrx_word' id='word_1_358' title='bbox 2321 2313 2734 2379; x_wconf 88' lang='lat' dir='ltr'><strong>attentissime,</strong></span> <span class='ocrx_word' id='word_1_359' title='bbox 2768 2313 3003 2385; x_wconf 88' lang='lat' dir='ltr'><strong>quando</strong></span> <span class='ocrx_word' id='word_1_360' title='bbox 3035 2330 3167 2369; x_wconf 84' lang='lat' dir='ltr'><strong>ecce</strong></span> <span class='ocrx_word' id='word_1_361' title='bbox 3197 2315 3636 2372; x_wconf 89' lang='lat' dir='ltr'><strong>discedentibus</strong></span> <span class='ocrx_word' id='word_1_362' title='bbox 3666 2316 3750 2371; x_wconf 89' lang='lat' dir='ltr'><strong>la-</strong></span> 
     </span>
    </p>
   </div>
   <div class='ocr_carea' id='block_1_53' title="bbox 2098 2401 3751 2473">
    <p class='ocr_par' dir='ltr' id='par_1_53' title="bbox 2098 2401 3751 2473">
     <span class='ocr_line' id='line_1_53' title="bbox 2098 2401 3751 2473; baseline 0.003 -18"><span class='ocrx_word' id='word_1_363' title='bbox 2098 2401 2215 2455; x_wconf 86' lang='lat' dir='ltr'><strong>tius</strong></span> <span class='ocrx_word' id='word_1_364' title='bbox 2274 2401 2618 2473; x_wconf 88' lang='lat' dir='ltr'><strong>segmentis,</strong></span> <span class='ocrx_word' id='word_1_365' title='bbox 2663 2404 2926 2473; x_wconf 85' lang='lat' dir='ltr'><strong>fragmen</strong></span> <span class='ocrx_word' id='word_1_366' title='bbox 2980 2404 3275 2471; x_wconf 88' lang='lat' dir='ltr'><strong>quoddam</strong></span> <span class='ocrx_word' id='word_1_367' title='bbox 3337 2405 3751 2461; x_wconf 89' lang='lat' dir='ltr'><strong>acutissimum</strong></span> 
     </span>
    </p>
   </div>
   <div class='ocr_carea' id='block_1_54' title="bbox 2097 2489 3752 2561">
    <p class='ocr_par' dir='ltr' id='par_1_54' title="bbox 2097 2489 3752 2561">
     <span class='ocr_line' id='line_1_54' title="bbox 2097 2489 3752 2561; baseline 0.002 -16"><span class='ocrx_word' id='word_1_368' title='bbox 2097 2489 2379 2545; x_wconf 75' lang='lat' dir='ltr'><strong>curiosuli</strong></span> <span class='ocrx_word' id='word_1_369' title='bbox 2439 2506 2500 2545; x_wconf 88' lang='lat' dir='ltr'><strong>se</strong></span> <span class='ocrx_word' id='word_1_370' title='bbox 2561 2489 2920 2561; x_wconf 88' lang='lat' dir='ltr'><strong>genitalibus</strong></span> <span class='ocrx_word' id='word_1_371' title='bbox 2970 2491 3182 2545; x_wconf 85' lang='lat' dir='ltr'><strong>inﬁxit.</strong></span> <span class='ocrx_word' id='word_1_372' title='bbox 3227 2491 3329 2547; x_wconf 89' lang='lat' dir='ltr'><strong>Ille</strong></span> <span class='ocrx_word' id='word_1_373' title='bbox 3386 2494 3752 2549; x_wconf 79' lang='lat' dir='ltr'><strong>exanimatus</strong></span> 
     </span>
    </p>
   </div>
   <div class='ocr_carea' id='block_1_55' title="bbox 2099 2578 3756 2649">
    <p class='ocr_par' dir='ltr' id='par_1_55' title="bbox 2099 2578 3756 2649">
     <span class='ocr_line' id='line_1_55' title="bbox 2099 2578 3756 2649; baseline 0.003 -16"><span class='ocrx_word' id='word_1_374' title='bbox 2099 2580 2216 2634; x_wconf 88' lang='lat' dir='ltr'><strong>acri</strong></span> <span class='ocrx_word' id='word_1_375' title='bbox 2250 2584 2470 2649; x_wconf 88' lang='lat' dir='ltr'><strong>punctu</strong></span> <span class='ocrx_word' id='word_1_376' title='bbox 2502 2578 2721 2633; x_wconf 89' lang='lat' dir='ltr'><strong>doloris</strong></span> <span class='ocrx_word' id='word_1_377' title='bbox 2752 2578 3037 2648; x_wconf 88' lang='lat' dir='ltr'><strong>ejulatum</strong></span> <span class='ocrx_word' id='word_1_378' title='bbox 3072 2581 3235 2635; x_wconf 88' lang='lat' dir='ltr'><strong>dedit</strong></span> <span class='ocrx_word' id='word_1_379' title='bbox 3270 2583 3613 2638; x_wconf 84' lang='lat' dir='ltr'><strong>maximum.</strong></span> <span class='ocrx_word' id='word_1_380' title='bbox 3649 2583 3756 2637; x_wconf 85' lang='lat' dir='ltr'><strong>Re-</strong></span> 
     </span>
    </p>
   </div>
   <div class='ocr_carea' id='block_1_56' title="bbox 2098 2667 3749 2741">
    <p class='ocr_par' dir='ltr' id='par_1_56' title="bbox 2098 2667 3749 2741">
     <span class='ocr_line' id='line_1_56' title="bbox 2098 2667 3749 2741; baseline 0.002 -18"><span class='ocrx_word' id='word_1_381' title='bbox 2098 2671 2372 2739; x_wconf 89' lang='lat' dir='ltr'><strong>spectans</strong></span> <span class='ocrx_word' id='word_1_382' title='bbox 2393 2668 2461 2720; x_wconf 85' lang='lat' dir='ltr'><strong>ad</strong></span> <span class='ocrx_word' id='word_1_383' title='bbox 2486 2683 2697 2722; x_wconf 90' lang='lat' dir='ltr'><strong>sonum</strong></span> <span class='ocrx_word' id='word_1_384' title='bbox 2725 2667 3233 2735; x_wconf 88' lang='lat' dir='ltr'><strong>faber,molestum</strong></span> <span class='ocrx_word' id='word_1_385' title='bbox 3255 2670 3749 2741; x_wconf 86' lang='lat' dir='ltr'><strong>interpellatorem</strong></span> 
     </span>
    </p>
   </div>
   <div class='ocr_carea' id='block_1_57' title="bbox 2099 2755 3749 2829">
    <p class='ocr_par' dir='ltr' id='par_1_57' title="bbox 2099 2755 3749 2829">
     <span class='ocr_line' id='line_1_57' title="bbox 2099 2755 3749 2829; baseline 0.003 -20"><span class='ocrx_word' id='word_1_386' title='bbox 2099 2755 2294 2826; x_wconf 90' lang='lat' dir='ltr'><strong>operis</strong></span> <span class='ocrx_word' id='word_1_387' title='bbox 2337 2755 2526 2828; x_wconf 86' lang='lat' dir='ltr'><strong>plagis</strong></span> <span class='ocrx_word' id='word_1_388' title='bbox 2570 2755 2801 2827; x_wconf 87' lang='lat' dir='ltr'><strong>egregie</strong></span> <span class='ocrx_word' id='word_1_389' title='bbox 2851 2762 3186 2825; x_wconf 89' lang='lat' dir='ltr'><strong>contusum,</strong></span> <span class='ocrx_word' id='word_1_390' title='bbox 3222 2758 3379 2815; x_wconf 89' lang='lat' dir='ltr'><strong>calce</strong></span> <span class='ocrx_word' id='word_1_391' title='bbox 3412 2760 3613 2829; x_wconf 89' lang='lat' dir='ltr'><strong>procul</strong></span> <span class='ocrx_word' id='word_1_392' title='bbox 3645 2762 3749 2816; x_wconf 90' lang='lat' dir='ltr'><strong>ab-</strong></span> 
     </span>
    </p>
   </div>
   <div class='ocr_carea' id='block_1_58' title="bbox 2090 2843 3756 2915">
    <p class='ocr_par' dir='ltr' id='par_1_58' title="bbox 2090 2843 3756 2915">
     <span class='ocr_line' id='line_1_58' title="bbox 2090 2843 3756 2915; baseline 0.004 -16"><span class='ocrx_word' id='word_1_393' title='bbox 2090 2844 2256 2915; x_wconf 90' lang='lat' dir='ltr'><strong>jecit.</strong></span> <span class='ocrx_word' id='word_1_394' title='bbox 2289 2844 2445 2899; x_wconf 91' lang='lat' dir='ltr'><strong>Nihil</strong></span> <span class='ocrx_word' id='word_1_395' title='bbox 2479 2843 2683 2900; x_wconf 89' lang='lat' dir='ltr'><strong>mitius</strong></span> <span class='ocrx_word' id='word_1_396' title='bbox 2713 2845 3012 2915; x_wconf 89' lang='lat' dir='ltr'><strong>impendet</strong></span> <span class='ocrx_word' id='word_1_397' title='bbox 3056 2847 3159 2902; x_wconf 89' lang='lat' dir='ltr'><strong>tibi</strong></span> <span class='ocrx_word' id='word_1_398' title='bbox 3212 2848 3261 2903; x_wconf 90' lang='lat' dir='ltr'><strong>si</strong></span> <span class='ocrx_word' id='word_1_399' title='bbox 3312 2848 3582 2905; x_wconf 91' lang='lat' dir='ltr'><strong>curiosus</strong></span> <span class='ocrx_word' id='word_1_400' title='bbox 3626 2867 3756 2905; x_wconf 84' lang='lat' dir='ltr'><strong>esse</strong></span> 
     </span>
    </p>
   </div>
   <div class='ocr_carea' id='block_1_59' title="bbox 2101 2951 2318 3006">
    <p class='ocr_par' dir='ltr' id='par_1_59' title="bbox 2101 2951 2318 3006">
     <span class='ocr_line' id='line_1_59' title="bbox 2101 2951 2318 3006; baseline 0.005 -18"><span class='ocrx_word' id='word_1_401' title='bbox 2101 2951 2318 3006; x_wconf 83' lang='lat' dir='ltr'><strong>pergis.</strong></span> 
     </span>
    </p>
   </div>
   <div class='ocr_carea' id='block_1_60' title="bbox 2174 3058 3754 3135">
    <p class='ocr_par' dir='ltr' id='par_1_60' title="bbox 2174 3058 3754 3135">
     <span class='ocr_line' id='line_1_60' title="bbox 2174 3058 3754 3135; baseline 0.003 -21"><span class='ocrx_word' id='word_1_402' title='bbox 2174 3058 2270 3114; x_wconf 88' lang='lat' dir='ltr'><strong>IV.</strong></span> <span class='ocrx_word' id='word_1_403' title='bbox 2298 3059 2381 3113; x_wconf 79' lang='lat' dir='ltr'><strong>Ad</strong></span> <span class='ocrx_word' id='word_1_404' title='bbox 2405 3075 2472 3114; x_wconf 90' lang='lat' dir='ltr'><strong>ea</strong></span> <span class='ocrx_word' id='word_1_405' title='bbox 2495 3058 3105 3132; x_wconf 88' lang='lat' dir='ltr'><strong>reposuitVestigator</strong></span> <span class='ocrx_word' id='word_1_406' title='bbox 3127 3078 3139 3115; x_wconf 90' lang='lat'>:</span> <span class='ocrx_word' id='word_1_407' title='bbox 3163 3062 3295 3117; x_wconf 86' lang='lat' dir='ltr'><strong>Jam</strong></span> <span class='ocrx_word' id='word_1_408' title='bbox 3331 3080 3606 3119; x_wconf 80' lang='lat' dir='ltr'><strong>noveram</strong></span> <span class='ocrx_word' id='word_1_409' title='bbox 3629 3082 3754 3135; x_wconf 72' lang='lat' dir='ltr'><strong>quae</strong></span> 
     </span>
    </p>
   </div>
   <div class='ocr_carea' id='block_1_61' title="bbox 2102 3146 3756 3223">
    <p class='ocr_par' dir='ltr' id='par_1_61' title="bbox 2102 3146 3756 3223">
     <span class='ocr_line' id='line_1_61' title="bbox 2102 3146 3756 3223; baseline 0.003 -20"><span class='ocrx_word' id='word_1_410' title='bbox 2102 3163 2341 3215; x_wconf 77' lang='lat' dir='ltr'><strong>mones;</strong></span> <span class='ocrx_word' id='word_1_411' title='bbox 2392 3148 2493 3202; x_wconf 91' lang='lat' dir='ltr'><strong>sed</strong></span> <span class='ocrx_word' id='word_1_412' title='bbox 2521 3152 2577 3202; x_wconf 90' lang='lat' dir='ltr'><strong>et</strong></span> <span class='ocrx_word' id='word_1_413' title='bbox 2608 3146 2752 3201; x_wconf 92' lang='lat' dir='ltr'><strong>illud</strong></span> <span class='ocrx_word' id='word_1_414' title='bbox 2803 3149 2956 3203; x_wconf 89' lang='lat' dir='ltr'><strong>scias</strong></span> <span class='ocrx_word' id='word_1_415' title='bbox 2984 3149 3186 3219; x_wconf 90' lang='lat' dir='ltr'><strong>velim,</strong></span> <span class='ocrx_word' id='word_1_416' title='bbox 3220 3167 3345 3207; x_wconf 89' lang='lat' dir='ltr'><strong>esse</strong></span> <span class='ocrx_word' id='word_1_417' title='bbox 3380 3160 3571 3208; x_wconf 86' lang='lat' dir='ltr'><strong>tamen</strong></span> <span class='ocrx_word' id='word_1_418' title='bbox 3607 3169 3756 3223; x_wconf 82' lang='lat' dir='ltr'><strong>prae-</strong></span> 
     </span>
    </p>
   </div>
   <div class='ocr_carea' id='block_1_62' title="bbox 341 3223 1986 3317">
    <p class='ocr_par' dir='ltr' id='par_1_62' title="bbox 341 3223 1986 3296">
     <span class='ocr_line' id='line_1_62' title="bbox 341 3223 1986 3296; baseline 0.001 -19"><span class='ocrx_word' id='word_1_419' title='bbox 341 3232 440 3278; x_wconf 87' lang='lat' dir='ltr'><strong>tus</strong></span> <span class='ocrx_word' id='word_1_420' title='bbox 470 3228 579 3293; x_wconf 88' lang='lat' dir='ltr'><strong>est,</strong></span> <span class='ocrx_word' id='word_1_421' title='bbox 611 3228 676 3279; x_wconf 90' lang='lat' dir='ltr'><strong>ut</strong></span> <span class='ocrx_word' id='word_1_422' title='bbox 702 3224 1027 3279; x_wconf 89' lang='lat' dir='ltr'><strong>subsistere</strong></span> <span class='ocrx_word' id='word_1_423' title='bbox 1077 3229 1403 3296; x_wconf 89' lang='lat' dir='ltr'><strong>cogeretur,</strong></span> <span class='ocrx_word' id='word_1_424' title='bbox 1454 3239 1693 3295; x_wconf 91' lang='lat' dir='ltr'><strong>pergere</strong></span> <span class='ocrx_word' id='word_1_425' title='bbox 1744 3223 1986 3279; x_wconf 86' lang='lat' dir='ltr'><strong>ulterius</strong></span> 
     </span>
    </p>
   </div>
   <div class='ocr_carea' id='block_1_63' title="bbox 2097 3223 3761 3317">
    <p class='ocr_par' dir='ltr' id='par_1_63' title="bbox 2106 3235 3761 3307">
     <span class='ocr_line' id='line_1_63' title="bbox 2106 3235 3761 3307; baseline 0.004 -16"><span class='ocrx_word' id='word_1_426' title='bbox 2106 3236 2329 3292; x_wconf 88' lang='lat' dir='ltr'><strong>clarum</strong></span> <span class='ocrx_word' id='word_1_427' title='bbox 2379 3235 2643 3292; x_wconf 86' lang='lat' dir='ltr'><strong>attollere</strong></span> <span class='ocrx_word' id='word_1_428' title='bbox 2672 3236 2990 3307; x_wconf 85' lang='lat' dir='ltr'><strong>aliquando</strong></span> <span class='ocrx_word' id='word_1_429' title='bbox 3021 3239 3286 3294; x_wconf 88' lang='lat' dir='ltr'><strong>animum</strong></span> <span class='ocrx_word' id='word_1_430' title='bbox 3319 3242 3391 3295; x_wconf 90' lang='lat' dir='ltr'><strong>ab</strong></span> <span class='ocrx_word' id='word_1_431' title='bbox 3425 3242 3761 3297; x_wconf 90' lang='lat' dir='ltr'><strong>humilitate</strong></span> 
     </span>
    </p>
   </div>
   <div class='ocr_carea' id='block_1_64' title="bbox 340 3312 1986 3385">
    <p class='ocr_par' dir='ltr' id='par_1_64' title="bbox 340 3312 1986 3385">
     <span class='ocr_line' id='line_1_64' title="bbox 340 3312 1986 3385; baseline 0.001 -18"><span class='ocrx_word' id='word_1_432' title='bbox 340 3329 459 3367; x_wconf 88' lang='lat' dir='ltr'><strong>non</strong></span> <span class='ocrx_word' id='word_1_433' title='bbox 488 3312 709 3369; x_wconf 88' lang='lat' dir='ltr'><strong>valens.</strong></span> <span class='ocrx_word' id='word_1_434' title='bbox 744 3314 875 3384; x_wconf 82' lang='lat' dir='ltr'><strong>Ipse</strong></span> <span class='ocrx_word' id='word_1_435' title='bbox 906 3318 1113 3369; x_wconf 90' lang='lat' dir='ltr'><strong>taurus</strong></span> <span class='ocrx_word' id='word_1_436' title='bbox 1161 3330 1265 3385; x_wconf 92' lang='lat' dir='ltr'><strong>pro</strong></span> <span class='ocrx_word' id='word_1_437' title='bbox 1313 3313 1696 3369; x_wconf 83' lang='lat' dir='ltr'><strong>semimortua</strong></span> <span class='ocrx_word' id='word_1_438' title='bbox 1727 3312 1986 3380; x_wconf 86' lang='lat' dir='ltr'><strong>relictus,</strong></span> 
     </span>
    </p>
   </div>
   <div class='ocr_carea' id='block_1_65' title="bbox 340 3401 1990 3475">
    <p class='ocr_par' dir='ltr' id='par_1_65' title="bbox 340 3401 1990 3475">
     <span class='ocr_line' id='line_1_65' title="bbox 340 3401 1990 3475; baseline -0.001 -18"><span class='ocrx_word' id='word_1_439' title='bbox 340 3401 563 3457; x_wconf 88' lang='lat' dir='ltr'><strong>sensim</strong></span> <span class='ocrx_word' id='word_1_440' title='bbox 622 3407 853 3473; x_wconf 88' lang='lat' dir='ltr'><strong>recepto</strong></span> <span class='ocrx_word' id='word_1_441' title='bbox 911 3402 1121 3474; x_wconf 89' lang='lat' dir='ltr'><strong>spiritu</strong></span> <span class='ocrx_word' id='word_1_442' title='bbox 1174 3401 1575 3475; x_wconf 89' lang='lat' dir='ltr'><strong>progrediens,</strong></span> <span class='ocrx_word' id='word_1_443' title='bbox 1621 3402 1884 3474; x_wconf 88' lang='lat' dir='ltr'><strong>pervenit</strong></span> <span class='ocrx_word' id='word_1_444' title='bbox 1931 3402 1990 3456; x_wconf 91' lang='lat' dir='ltr'><strong>in</strong></span> 
     </span>
    </p>
   </div>
   <div class='ocr_carea' id='block_1_66' title="bbox 340 3491 1997 3563">
    <p class='ocr_par' dir='ltr' id='par_1_66' title="bbox 340 3491 1997 3563">
     <span class='ocr_line' id='line_1_66' title="bbox 340 3491 1997 3563; baseline 0 -16"><span class='ocrx_word' id='word_1_445' title='bbox 340 3508 617 3563; x_wconf 84' lang='lat' dir='ltr'><strong>campum</strong></span> <span class='ocrx_word' id='word_1_446' title='bbox 650 3491 963 3548; x_wconf 88' lang='lat' dir='ltr'><strong>herbosum</strong></span> <span class='ocrx_word' id='word_1_447' title='bbox 995 3493 1264 3563; x_wconf 88' lang='lat' dir='ltr'><strong>beneque</strong></span> <span class='ocrx_word' id='word_1_448' title='bbox 1289 3491 1603 3563; x_wconf 89' lang='lat' dir='ltr'><strong>irrignum,</strong></span> <span class='ocrx_word' id='word_1_449' title='bbox 1636 3492 1735 3546; x_wconf 92' lang='lat' dir='ltr'><strong>ubi</strong></span> <span class='ocrx_word' id='word_1_450' title='bbox 1779 3492 1997 3548; x_wconf 90' lang='lat' dir='ltr'><strong>mansit</strong></span> 
     </span>
    </p>
   </div>
   <div class='ocr_carea' id='block_1_67' title="bbox 341 3580 1991 3651">
    <p class='ocr_par' dir='ltr' id='par_1_67' title="bbox 341 3580 1991 3651">
     <span class='ocr_line' id='line_1_67' title="bbox 341 3580 1991 3651; baseline 0 -15"><span class='ocrx_word' id='word_1_451' title='bbox 341 3582 653 3637; x_wconf 86' lang='lat' dir='ltr'><strong>attendens</strong></span> <span class='ocrx_word' id='word_1_452' title='bbox 695 3582 908 3651; x_wconf 83' lang='lat' dir='ltr'><strong>pastui.</strong></span> <span class='ocrx_word' id='word_1_453' title='bbox 942 3581 1055 3637; x_wconf 88' lang='lat' dir='ltr'><strong>Nec</strong></span> <span class='ocrx_word' id='word_1_454' title='bbox 1087 3580 1342 3635; x_wconf 89' lang='lat' dir='ltr'><strong>multum</strong></span> <span class='ocrx_word' id='word_1_455' title='bbox 1397 3581 1455 3635; x_wconf 93' lang='lat' dir='ltr'><strong>in</strong></span> <span class='ocrx_word' id='word_1_456' title='bbox 1509 3582 1702 3636; x_wconf 91' lang='lat' dir='ltr'><strong>medio</strong></span> <span class='ocrx_word' id='word_1_457' title='bbox 1735 3586 1991 3651; x_wconf 86' lang='lat' dir='ltr'><strong>tempus,</strong></span> 
     </span>
    </p>
   </div>
   <div class='ocr_carea' id='block_1_68' title="bbox 340 3670 1993 3743">
    <p class='ocr_par' dir='ltr' id='par_1_68' title="bbox 340 3670 1993 3743">
     <span class='ocr_line' id='line_1_68' title="bbox 340 3670 1993 3743; baseline -0.001 -18"><span class='ocrx_word' id='word_1_458' title='bbox 340 3688 476 3725; x_wconf 91' lang='lat' dir='ltr'><strong>cum</strong></span> <span class='ocrx_word' id='word_1_459' title='bbox 509 3670 914 3743; x_wconf 88' lang='lat' dir='ltr'><strong>impinguatus</strong></span> <span class='ocrx_word' id='word_1_460' title='bbox 945 3670 1424 3740; x_wconf 89' lang='lat' dir='ltr'><strong>incrassatusque</strong></span> <span class='ocrx_word' id='word_1_461' title='bbox 1454 3670 1629 3740; x_wconf 72' lang='lat' dir='ltr'><strong>coepit</strong></span> <span class='ocrx_word' id='word_1_462' title='bbox 1657 3674 1873 3725; x_wconf 90' lang='lat' dir='ltr'><strong>terram</strong></span> <span class='ocrx_word' id='word_1_463' title='bbox 1911 3672 1993 3724; x_wconf 87' lang='lat' dir='ltr'><strong>fo-</strong></span> 
     </span>
    </p>
   </div>
   <div class='ocr_carea' id='block_1_69' title="bbox 343 3759 1991 3831">
    <p class='ocr_par' dir='ltr' id='par_1_69' title="bbox 343 3759 1991 3831">
     <span class='ocr_line' id='line_1_69' title="bbox 343 3759 1991 3831; baseline 0 -17"><span class='ocrx_word' id='word_1_464' title='bbox 343 3762 481 3815; x_wconf 88' lang='lat' dir='ltr'><strong>dere</strong></span> <span class='ocrx_word' id='word_1_465' title='bbox 511 3760 787 3816; x_wconf 89' lang='lat' dir='ltr'><strong>cornibus</strong></span> <span class='ocrx_word' id='word_1_466' title='bbox 809 3767 867 3815; x_wconf 92' lang='lat' dir='ltr'><strong>et</strong></span> <span class='ocrx_word' id='word_1_467' title='bbox 896 3760 1161 3831; x_wconf 89' lang='lat' dir='ltr'><strong>mugitus</strong></span> <span class='ocrx_word' id='word_1_468' title='bbox 1189 3760 1358 3815; x_wconf 90' lang='lat' dir='ltr'><strong>edere</strong></span> <span class='ocrx_word' id='word_1_469' title='bbox 1390 3763 1613 3814; x_wconf 89' lang='lat' dir='ltr'><strong>acutos.</strong></span> <span class='ocrx_word' id='word_1_470' title='bbox 1648 3759 1991 3814; x_wconf 63' lang='lat' dir='ltr'><strong>Diversabao</strong></span> 
     </span>
    </p>
   </div>
   <div class='ocr_carea' id='block_1_70' title="bbox 344 3848 1995 3922">
    <p class='ocr_par' dir='ltr' id='par_1_70' title="bbox 344 3848 1995 3922">
     <span class='ocr_line' id='line_1_70' title="bbox 344 3848 1995 3922; baseline -0.001 -17"><span class='ocrx_word' id='word_1_471' title='bbox 344 3855 446 3905; x_wconf 92' lang='lat' dir='ltr'><strong>tur</strong></span> <span class='ocrx_word' id='word_1_472' title='bbox 486 3855 683 3906; x_wconf 90' lang='lat' dir='ltr'><strong>autem</strong></span> <span class='ocrx_word' id='word_1_473' title='bbox 733 3868 848 3906; x_wconf 90' lang='lat' dir='ltr'><strong>non</strong></span> <span class='ocrx_word' id='word_1_474' title='bbox 881 3850 1051 3922; x_wconf 88' lang='lat' dir='ltr'><strong>longe</strong></span> <span class='ocrx_word' id='word_1_475' title='bbox 1078 3850 1216 3905; x_wconf 91' lang='lat' dir='ltr'><strong>hinc</strong></span> <span class='ocrx_word' id='word_1_476' title='bbox 1245 3848 1332 3904; x_wconf 93' lang='lat' dir='ltr'><strong>leo</strong></span> <span class='ocrx_word' id='word_1_477' title='bbox 1365 3867 1464 3903; x_wconf 87' lang='lat' dir='ltr'><strong>rex</strong></span> <span class='ocrx_word' id='word_1_478' title='bbox 1496 3848 1848 3917; x_wconf 88' lang='lat' dir='ltr'><strong>belluarum,</strong></span> <span class='ocrx_word' id='word_1_479' title='bbox 1881 3866 1995 3903; x_wconf 84' lang='lat' dir='ltr'><strong>nu—</strong></span> 
     </span>
    </p>
   </div>
   <div class='ocr_carea' id='block_1_71' title="bbox 348 3938 1991 3996">
    <p class='ocr_par' dir='ltr' id='par_1_71' title="bbox 348 3938 1991 3996">
     <span class='ocr_line' id='line_1_71' title="bbox 348 3938 1991 3996; baseline -0.002 -2"><span class='ocrx_word' id='word_1_480' title='bbox 348 3957 645 3996; x_wconf 86' lang='lat' dir='ltr'><strong>merosum</strong></span> <span class='ocrx_word' id='word_1_481' title='bbox 685 3941 843 3995; x_wconf 88' lang='lat' dir='ltr'><strong>circa</strong></span> <span class='ocrx_word' id='word_1_482' title='bbox 884 3957 947 3995; x_wconf 91' lang='lat' dir='ltr'><strong>se</strong></span> <span class='ocrx_word' id='word_1_483' title='bbox 993 3940 1218 3995; x_wconf 91' lang='lat' dir='ltr'><strong>habens</strong></span> <span class='ocrx_word' id='word_1_484' title='bbox 1270 3938 1614 3994; x_wconf 89' lang='lat' dir='ltr'><strong>satellitium</strong></span> <span class='ocrx_word' id='word_1_485' title='bbox 1672 3938 1991 3993; x_wconf 91' lang='lat' dir='ltr'><strong>bestiarum</strong></span> 
     </span>
    </p>
   </div>
   <div class='ocr_carea' id='block_1_72' title="bbox 345 4026 1996 4101">
    <p class='ocr_par' dir='ltr' id='par_1_72' title="bbox 345 4026 1996 4101">
     <span class='ocr_line' id='line_1_72' title="bbox 345 4026 1996 4101; baseline -0.002 -18"><span class='ocrx_word' id='word_1_486' title='bbox 345 4028 539 4084; x_wconf 88' lang='lat' dir='ltr'><strong>omnis</strong></span> <span class='ocrx_word' id='word_1_487' title='bbox 562 4030 1091 4101; x_wconf 87' lang='lat' dir='ltr'><strong>generis.Aderant</strong></span> <span class='ocrx_word' id='word_1_488' title='bbox 1110 4029 1265 4084; x_wconf 90' lang='lat' dir='ltr'><strong>enim</strong></span> <span class='ocrx_word' id='word_1_489' title='bbox 1298 4028 1349 4083; x_wconf 92' lang='lat' dir='ltr'><strong>ei</strong></span> <span class='ocrx_word' id='word_1_490' title='bbox 1383 4026 1576 4084; x_wconf 90' lang='lat' dir='ltr'><strong>leones</strong></span> <span class='ocrx_word' id='word_1_491' title='bbox 1607 4032 1665 4082; x_wconf 90' lang='lat' dir='ltr'><strong>et</strong></span> <span class='ocrx_word' id='word_1_492' title='bbox 1694 4026 1839 4094; x_wconf 91' lang='lat' dir='ltr'><strong>ursi,</strong></span> <span class='ocrx_word' id='word_1_493' title='bbox 1872 4026 1996 4097; x_wconf 93' lang='lat' dir='ltr'><strong>lupi</strong></span> 
     </span>
    </p>
   </div>
   <div class='ocr_carea' id='block_1_73' title="bbox 345 4116 1996 4189">
    <p class='ocr_par' dir='ltr' id='par_1_73' title="bbox 345 4116 1996 4189">
     <span class='ocr_line' id='line_1_73' title="bbox 345 4116 1996 4189; baseline -0.002 -16"><span class='ocrx_word' id='word_1_494' title='bbox 345 4123 404 4173; x_wconf 88' lang='lat' dir='ltr'><strong>et</strong></span> <span class='ocrx_word' id='word_1_495' title='bbox 433 4118 681 4189; x_wconf 88' lang='lat' dir='ltr'><strong>lepores,</strong></span> <span class='ocrx_word' id='word_1_496' title='bbox 715 4119 882 4189; x_wconf 90' lang='lat' dir='ltr'><strong>pardi</strong></span> <span class='ocrx_word' id='word_1_497' title='bbox 914 4123 970 4173; x_wconf 90' lang='lat' dir='ltr'><strong>et</strong></span> <span class='ocrx_word' id='word_1_498' title='bbox 1002 4117 1410 4189; x_wconf 90' lang='lat' dir='ltr'><strong>vulpes,thoes</strong></span> <span class='ocrx_word' id='word_1_499' title='bbox 1441 4122 1497 4172; x_wconf 94' lang='lat' dir='ltr'><strong>et</strong></span> <span class='ocrx_word' id='word_1_500' title='bbox 1527 4116 1996 4189; x_wconf 76' lang='lat' dir='ltr'><strong>lycopantheres,</strong></span> 
     </span>
    </p>
   </div>
   <div class='ocr_carea' id='block_1_74' title="bbox 345 4205 1997 4280">
    <p class='ocr_par' dir='ltr' id='par_1_74' title="bbox 345 4205 1997 4280">
     <span class='ocr_line' id='line_1_74' title="bbox 345 4205 1997 4280; baseline -0.001 -19"><span class='ocrx_word' id='word_1_501' title='bbox 345 4211 683 4280; x_wconf 61' lang='lat' dir='ltr'><strong>castamque</strong></span> <span class='ocrx_word' id='word_1_502' title='bbox 724 4207 1032 4263; x_wconf 88' lang='lat' dir='ltr'><strong>brutarum</strong></span> <span class='ocrx_word' id='word_1_503' title='bbox 1082 4206 1476 4262; x_wconf 88' lang='lat' dir='ltr'><strong>animantium</strong></span> <span class='ocrx_word' id='word_1_504' title='bbox 1521 4205 1766 4277; x_wconf 89' lang='lat' dir='ltr'><strong>species.</strong></span> <span class='ocrx_word' id='word_1_505' title='bbox 1820 4210 1997 4260; x_wconf 88' lang='lat' dir='ltr'><strong>Porro</strong></span> 
     </span>
    </p>
   </div>
   <div class='ocr_carea' id='block_1_75' title="bbox 345 4295 1997 4367">
    <p class='ocr_par' dir='ltr' id='par_1_75' title="bbox 345 4295 1997 4367">
     <span class='ocr_line' id='line_1_75' title="bbox 345 4295 1997 4367; baseline -0.001 -16"><span class='ocrx_word' id='word_1_506' title='bbox 345 4295 436 4351; x_wconf 90' lang='lat' dir='ltr'><strong>leo</strong></span> <span class='ocrx_word' id='word_1_507' title='bbox 467 4296 575 4352; x_wconf 87' lang='lat' dir='ltr'><strong>iste</strong></span> <span class='ocrx_word' id='word_1_508' title='bbox 596 4312 666 4352; x_wconf 90' lang='lat' dir='ltr'><strong>ex</strong></span> <span class='ocrx_word' id='word_1_509' title='bbox 694 4296 890 4352; x_wconf 87' lang='lat' dir='ltr'><strong>servili</strong></span> <span class='ocrx_word' id='word_1_510' title='bbox 924 4296 1278 4364; x_wconf 91' lang='lat' dir='ltr'><strong>conditione,</strong></span> <span class='ocrx_word' id='word_1_511' title='bbox 1313 4298 1547 4352; x_wconf 77' lang='lat' dir='ltr'><strong>fortuna</strong></span> <span class='ocrx_word' id='word_1_512' title='bbox 1578 4296 1836 4367; x_wconf 89' lang='lat' dir='ltr'><strong>quadam</strong></span> <span class='ocrx_word' id='word_1_513' title='bbox 1869 4311 1997 4350; x_wconf 87' lang='lat' dir='ltr'><strong>eve-</strong></span> 
     </span>
    </p>
   </div>
   <div class='ocr_carea' id='block_1_76' title="bbox 345 4384 1999 4458">
    <p class='ocr_par' dir='ltr' id='par_1_76' title="bbox 345 4384 1999 4458">
     <span class='ocr_line' id='line_1_76' title="bbox 345 4384 1999 4458; baseline -0.002 -18"><span class='ocrx_word' id='word_1_514' title='bbox 345 4390 478 4441; x_wconf 91' lang='lat' dir='ltr'><strong>ctus</strong></span> <span class='ocrx_word' id='word_1_515' title='bbox 506 4387 577 4441; x_wconf 89' lang='lat' dir='ltr'><strong>ad</strong></span> <span class='ocrx_word' id='word_1_516' title='bbox 610 4402 879 4458; x_wconf 88' lang='lat' dir='ltr'><strong>regnum,</strong></span> <span class='ocrx_word' id='word_1_517' title='bbox 910 4385 1069 4441; x_wconf 86' lang='lat' dir='ltr'><strong>haud</strong></span> <span class='ocrx_word' id='word_1_518' title='bbox 1101 4386 1320 4457; x_wconf 90' lang='lat' dir='ltr'><strong>dignus</strong></span> <span class='ocrx_word' id='word_1_519' title='bbox 1348 4392 1473 4442; x_wconf 90' lang='lat' dir='ltr'><strong>erat</strong></span> <span class='ocrx_word' id='word_1_520' title='bbox 1516 4385 1616 4439; x_wconf 88' lang='lat' dir='ltr'><strong>illo</strong></span> <span class='ocrx_word' id='word_1_521' title='bbox 1667 4386 1792 4440; x_wconf 92' lang='lat' dir='ltr'><strong>loco</strong></span> <span class='ocrx_word' id='word_1_522' title='bbox 1826 4404 1840 4453; x_wconf 87' lang='lat'><strong>;</strong></span> <span class='ocrx_word' id='word_1_523' title='bbox 1894 4384 1999 4439; x_wconf 90' lang='lat' dir='ltr'><strong>sti-</strong></span> 
     </span>
    </p>
   </div>
   <div class='ocr_carea' id='block_1_77' title="bbox 344 4474 1998 4547">
    <p class='ocr_par' dir='ltr' id='par_1_77' title="bbox 344 4474 1998 4547">
     <span class='ocr_line' id='line_1_77' title="bbox 344 4474 1998 4547; baseline -0.001 -18"><span class='ocrx_word' id='word_1_524' title='bbox 344 4474 599 4547; x_wconf 88' lang='lat' dir='ltr'><strong>gmatias</strong></span> <span class='ocrx_word' id='word_1_525' title='bbox 620 4480 675 4531; x_wconf 89' lang='lat' dir='ltr'><strong>et</strong></span> <span class='ocrx_word' id='word_1_526' title='bbox 698 4475 1026 4546; x_wconf 88' lang='lat' dir='ltr'><strong>perforatus</strong></span> <span class='ocrx_word' id='word_1_527' title='bbox 1046 4491 1249 4542; x_wconf 88' lang='lat' dir='ltr'><strong>nares;</strong></span> <span class='ocrx_word' id='word_1_528' title='bbox 1277 4475 1448 4546; x_wconf 90' lang='lat' dir='ltr'><strong>plane</strong></span> <span class='ocrx_word' id='word_1_529' title='bbox 1471 4476 1724 4545; x_wconf 89' lang='lat' dir='ltr'><strong>degener</strong></span> <span class='ocrx_word' id='word_1_530' title='bbox 1756 4474 1998 4546; x_wconf 87' lang='lat' dir='ltr'><strong>quidam</strong></span> 
     </span>
    </p>
   </div>
   <div class='ocr_carea' id='block_1_78' title="bbox 344 4563 1996 4635">
    <p class='ocr_par' dir='ltr' id='par_1_78' title="bbox 344 4563 1996 4635">
     <span class='ocr_line' id='line_1_78' title="bbox 344 4563 1996 4635; baseline -0.003 -17"><span class='ocrx_word' id='word_1_531' title='bbox 344 4579 666 4635; x_wconf 85' lang='lat' dir='ltr'><strong>expersque</strong></span> <span class='ocrx_word' id='word_1_532' title='bbox 706 4563 956 4621; x_wconf 85' lang='lat' dir='ltr'><strong>consilii.</strong></span> <span class='ocrx_word' id='word_1_533' title='bbox 1003 4563 1106 4618; x_wconf 88' lang='lat' dir='ltr'><strong>Hic</strong></span> <span class='ocrx_word' id='word_1_534' title='bbox 1156 4563 1375 4619; x_wconf 90' lang='lat' dir='ltr'><strong>auditis</strong></span> <span class='ocrx_word' id='word_1_535' title='bbox 1434 4563 1589 4619; x_wconf 90' lang='lat' dir='ltr'><strong>tauri</strong></span> <span class='ocrx_word' id='word_1_536' title='bbox 1650 4563 1996 4634; x_wconf 79' lang='lat' dir='ltr'><strong>mugitibus,</strong></span> 
     </span>
    </p>
   </div>
   <div class='ocr_carea' id='block_1_79' title="bbox 2101 3325 3757 3400">
    <p class='ocr_par' dir='ltr' id='par_1_79' title="bbox 2101 3325 3757 3400">
     <span class='ocr_line' id='line_1_79' title="bbox 2101 3325 3757 3400; baseline 0.002 -18"><span class='ocrx_word' id='word_1_537' title='bbox 2101 3332 2293 3383; x_wconf 88' lang='lat' dir='ltr'><strong>status</strong></span> <span class='ocrx_word' id='word_1_538' title='bbox 2322 3325 2435 3396; x_wconf 91' lang='lat' dir='ltr'><strong>sui,</strong></span> <span class='ocrx_word' id='word_1_539' title='bbox 2467 3327 2803 3396; x_wconf 88' lang='lat' dir='ltr'><strong>audereque</strong></span> <span class='ocrx_word' id='word_1_540' title='bbox 2859 3327 3125 3399; x_wconf 90' lang='lat' dir='ltr'><strong>aspirare</strong></span> <span class='ocrx_word' id='word_1_541' title='bbox 3167 3329 3239 3383; x_wconf 87' lang='lat' dir='ltr'><strong>ad</strong></span> <span class='ocrx_word' id='word_1_542' title='bbox 3287 3329 3556 3400; x_wconf 89' lang='lat' dir='ltr'><strong>gloriam,</strong></span> <span class='ocrx_word' id='word_1_543' title='bbox 3582 3332 3757 3400; x_wconf 82' lang='lat' dir='ltr'><strong>cujus</strong></span> 
     </span>
    </p>
   </div>
   <div class='ocr_carea' id='block_1_80' title="bbox 2100 3415 3758 3489">
    <p class='ocr_par' dir='ltr' id='par_1_80' title="bbox 2100 3415 3758 3489">
     <span class='ocr_line' id='line_1_80' title="bbox 2100 3415 3758 3489; baseline 0.003 -19"><span class='ocrx_word' id='word_1_544' title='bbox 2100 3416 2202 3487; x_wconf 91' lang='lat' dir='ltr'><strong>qui</strong></span> <span class='ocrx_word' id='word_1_545' title='bbox 2252 3416 2403 3470; x_wconf 89' lang='lat' dir='ltr'><strong>ﬁunt</strong></span> <span class='ocrx_word' id='word_1_546' title='bbox 2449 3420 2769 3485; x_wconf 89' lang='lat' dir='ltr'><strong>compotes,</strong></span> <span class='ocrx_word' id='word_1_547' title='bbox 2802 3419 2859 3471; x_wconf 90' lang='lat' dir='ltr'><strong>et</strong></span> <span class='ocrx_word' id='word_1_548' title='bbox 2889 3415 3094 3471; x_wconf 90' lang='lat' dir='ltr'><strong>amicis</strong></span> <span class='ocrx_word' id='word_1_549' title='bbox 3140 3418 3423 3489; x_wconf 90' lang='lat' dir='ltr'><strong>gaudium</strong></span> <span class='ocrx_word' id='word_1_550' title='bbox 3456 3426 3510 3473; x_wconf 89' lang='lat' dir='ltr'><strong>et</strong></span> <span class='ocrx_word' id='word_1_551' title='bbox 3540 3419 3758 3475; x_wconf 88' lang='lat' dir='ltr'><strong>invidis</strong></span> 
     </span>
    </p>
   </div>
   <div class='ocr_carea' id='block_1_81' title="bbox 2103 3504 3757 3578">
    <p class='ocr_par' dir='ltr' id='par_1_81' title="bbox 2103 3504 3757 3578">
     <span class='ocr_line' id='line_1_81' title="bbox 2103 3504 3757 3578; baseline 0.001 -17"><span class='ocrx_word' id='word_1_552' title='bbox 2103 3521 2409 3561; x_wconf 69' lang='lat' dir='ltr'><strong>mcerorem</strong></span> <span class='ocrx_word' id='word_1_553' title='bbox 2437 3504 2507 3559; x_wconf 90' lang='lat' dir='ltr'><strong>de</strong></span> <span class='ocrx_word' id='word_1_554' title='bbox 2539 3520 2600 3559; x_wconf 92' lang='lat' dir='ltr'><strong>se</strong></span> <span class='ocrx_word' id='word_1_555' title='bbox 2632 3510 2833 3559; x_wconf 90' lang='lat' dir='ltr'><strong>creant</strong></span> <span class='ocrx_word' id='word_1_556' title='bbox 2859 3522 2874 3562; x_wconf 72' lang='grc' dir='ltr'>ι</span> <span class='ocrx_word' id='word_1_557' title='bbox 2898 3506 3053 3575; x_wconf 90' lang='lat' dir='ltr'><strong>quod</strong></span> <span class='ocrx_word' id='word_1_558' title='bbox 3087 3507 3228 3577; x_wconf 92' lang='lat' dir='ltr'><strong>quid</strong></span> <span class='ocrx_word' id='word_1_559' title='bbox 3262 3508 3656 3578; x_wconf 67' lang='lat' dir='ltr'><strong>praestabilius</strong></span> <span class='ocrx_word' id='word_1_560' title='bbox 3689 3526 3757 3563; x_wconf 89' lang='lat' dir='ltr'><strong>ac</strong></span> 
     </span>
    </p>
   </div>
   <div class='ocr_carea' id='block_1_82' title="bbox 2103 3592 3755 3669">
    <p class='ocr_par' dir='ltr' id='par_1_82' title="bbox 2103 3592 3755 3669">
     <span class='ocr_line' id='line_1_82' title="bbox 2103 3592 3755 3669; baseline 0.002 -19"><span class='ocrx_word' id='word_1_561' title='bbox 2103 3593 2349 3665; x_wconf 82' lang='lat' dir='ltr'><strong>majus?</strong></span> <span class='ocrx_word' id='word_1_562' title='bbox 2382 3592 2735 3649; x_wconf 86' lang='lat' dir='ltr'><strong>Pusillorum</strong></span> <span class='ocrx_word' id='word_1_563' title='bbox 2787 3611 2958 3664; x_wconf 87' lang='lat' dir='ltr'><strong>porro</strong></span> <span class='ocrx_word' id='word_1_564' title='bbox 3008 3600 3183 3666; x_wconf 84' lang='lat' dir='ltr'><strong>atque</strong></span> <span class='ocrx_word' id='word_1_565' title='bbox 3228 3595 3393 3650; x_wconf 88' lang='lat' dir='ltr'><strong>humi</strong></span> <span class='ocrx_word' id='word_1_566' title='bbox 3425 3598 3755 3669; x_wconf 89' lang='lat' dir='ltr'><strong>repentium</strong></span> 
     </span>
    </p>
   </div>
   <div class='ocr_carea' id='block_1_83' title="bbox 2102 3684 3757 3754">
    <p class='ocr_par' dir='ltr' id='par_1_83' title="bbox 2102 3684 3757 3754">
     <span class='ocr_line' id='line_1_83' title="bbox 2102 3684 3757 3754; baseline 0.002 -16"><span class='ocrx_word' id='word_1_567' title='bbox 2102 3684 2435 3738; x_wconf 88' lang='lat' dir='ltr'><strong>animorum</strong></span> <span class='ocrx_word' id='word_1_568' title='bbox 2491 3689 2602 3747; x_wconf 86' lang='lat' dir='ltr'><strong>est,</strong></span> <span class='ocrx_word' id='word_1_569' title='bbox 2625 3687 2822 3738; x_wconf 90' lang='lat' dir='ltr'><strong>tenere</strong></span> <span class='ocrx_word' id='word_1_570' title='bbox 2852 3698 2913 3738; x_wconf 90' lang='lat' dir='ltr'><strong>se</strong></span> <span class='ocrx_word' id='word_1_571' title='bbox 2945 3684 3215 3754; x_wconf 86' lang='lat' dir='ltr'><strong>angustis</strong></span> <span class='ocrx_word' id='word_1_572' title='bbox 3247 3685 3485 3752; x_wconf 88' lang='lat' dir='ltr'><strong>ﬁnibus,</strong></span> <span class='ocrx_word' id='word_1_573' title='bbox 3518 3692 3757 3742; x_wconf 86' lang='lat' dir='ltr'><strong>conten-</strong></span> 
     </span>
    </p>
   </div>
   <div class='ocr_carea' id='block_1_84' title="bbox 2101 3773 3756 3843">
    <p class='ocr_par' dir='ltr' id='par_1_84' title="bbox 2101 3773 3756 3843">
     <span class='ocr_line' id='line_1_84' title="bbox 2101 3773 3756 3843; baseline 0.003 -18"><span class='ocrx_word' id='word_1_574' title='bbox 2101 3776 2232 3826; x_wconf 91' lang='lat' dir='ltr'><strong>tum</strong></span> <span class='ocrx_word' id='word_1_575' title='bbox 2258 3788 2388 3826; x_wconf 89' lang='lat' dir='ltr'><strong>esse</strong></span> <span class='ocrx_word' id='word_1_576' title='bbox 2439 3773 2669 3826; x_wconf 91' lang='lat' dir='ltr'><strong>modico</strong></span> <span class='ocrx_word' id='word_1_577' title='bbox 2720 3773 2875 3843; x_wconf 93' lang='lat' dir='ltr'><strong>quod</strong></span> <span class='ocrx_word' id='word_1_578' title='bbox 2925 3773 3112 3840; x_wconf 90' lang='lat' dir='ltr'><strong>adest,</strong></span> <span class='ocrx_word' id='word_1_579' title='bbox 3146 3773 3293 3829; x_wconf 92' lang='lat' dir='ltr'><strong>nihil</strong></span> <span class='ocrx_word' id='word_1_580' title='bbox 3326 3774 3482 3831; x_wconf 89' lang='lat' dir='ltr'><strong>ultra</strong></span> <span class='ocrx_word' id='word_1_581' title='bbox 3512 3776 3756 3831; x_wconf 90' lang='lat' dir='ltr'><strong>ambire.</strong></span> 
     </span>
    </p>
   </div>
   <div class='ocr_carea' id='block_1_85' title="bbox 2100 3859 3766 3921">
    <p class='ocr_par' dir='ltr' id='par_1_85' title="bbox 2100 3859 3766 3921">
     <span class='ocr_line' id='line_1_85' title="bbox 2100 3859 3766 3921; baseline 0.004 -8"><span class='ocrx_word' id='word_1_582' title='bbox 2100 3859 2245 3914; x_wconf 89' lang='lat' dir='ltr'><strong>Nam</strong></span> <span class='ocrx_word' id='word_1_583' title='bbox 2288 3864 2346 3913; x_wconf 89' lang='lat' dir='ltr'><strong>et</strong></span> <span class='ocrx_word' id='word_1_584' title='bbox 2395 3859 2560 3913; x_wconf 88' lang='lat' dir='ltr'><strong>canis</strong></span> <span class='ocrx_word' id='word_1_585' title='bbox 2594 3860 2713 3915; x_wconf 89' lang='lat' dir='ltr'><strong>ossi</strong></span> <span class='ocrx_word' id='word_1_586' title='bbox 2741 3861 3081 3917; x_wconf 88' lang='lat' dir='ltr'><strong>aridissimo</strong></span> <span class='ocrx_word' id='word_1_587' title='bbox 3113 3864 3258 3919; x_wconf 92' lang='lat' dir='ltr'><strong>forte</strong></span> <span class='ocrx_word' id='word_1_588' title='bbox 3289 3866 3620 3921; x_wconf 89' lang='lat' dir='ltr'><strong>occurrenti</strong></span> <span class='ocrx_word' id='word_1_589' title='bbox 3667 3882 3766 3920; x_wconf 88' lang='lat' dir='ltr'><strong>ro-</strong></span> 
     </span>
    </p>
   </div>
   <div class='ocr_carea' id='block_1_86' title="bbox 2103 3950 3767 4025">
    <p class='ocr_par' dir='ltr' id='par_1_86' title="bbox 2103 3950 3767 4025">
     <span class='ocr_line' id='line_1_86' title="bbox 2103 3950 3767 4025; baseline 0.004 -22"><span class='ocrx_word' id='word_1_590' title='bbox 2103 3950 2293 4004; x_wconf 86' lang='lat' dir='ltr'><strong>dendo</strong></span> <span class='ocrx_word' id='word_1_591' title='bbox 2328 3965 2530 4003; x_wconf 86' lang='lat' dir='ltr'><strong>secure</strong></span> <span class='ocrx_word' id='word_1_592' title='bbox 2573 3950 2859 4014; x_wconf 85' lang='lat' dir='ltr'><strong>accubat;</strong></span> <span class='ocrx_word' id='word_1_593' title='bbox 2908 3967 3111 4005; x_wconf 89' lang='lat' dir='ltr'><strong>verum</strong></span> <span class='ocrx_word' id='word_1_594' title='bbox 3162 3953 3497 4010; x_wconf 81' lang='lat' dir='ltr'><strong>excelsioris</strong></span> <span class='ocrx_word' id='word_1_595' title='bbox 3527 3955 3615 4009; x_wconf 91' lang='lat' dir='ltr'><strong>vir</strong></span> <span class='ocrx_word' id='word_1_596' title='bbox 3644 3954 3767 4025; x_wconf 88' lang='lat' dir='ltr'><strong>spi-</strong></span> 
     </span>
    </p>
   </div>
   <div class='ocr_carea' id='block_1_87' title="bbox 2105 4036 3758 4114">
    <p class='ocr_par' dir='ltr' id='par_1_87' title="bbox 2105 4036 3758 4114">
     <span class='ocr_line' id='line_1_87' title="bbox 2105 4036 3758 4114; baseline 0.005 -22"><span class='ocrx_word' id='word_1_597' title='bbox 2105 4041 2276 4105; x_wconf 88' lang='lat' dir='ltr'><strong>ritus,</strong></span> <span class='ocrx_word' id='word_1_598' title='bbox 2312 4036 2683 4107; x_wconf 87' lang='lat' dir='ltr'><strong>acquiescere</strong></span> <span class='ocrx_word' id='word_1_599' title='bbox 2718 4037 2983 4093; x_wconf 87' lang='lat' dir='ltr'><strong>minimis</strong></span> <span class='ocrx_word' id='word_1_600' title='bbox 3010 4040 3351 4111; x_wconf 89' lang='lat' dir='ltr'><strong>inﬁmisque</strong></span> <span class='ocrx_word' id='word_1_601' title='bbox 3383 4043 3758 4114; x_wconf 90' lang='lat' dir='ltr'><strong>dedignatus,</strong></span> 
     </span>
    </p>
   </div>
   <div class='ocr_carea' id='block_1_88' title="bbox 2103 4126 3765 4201">
    <p class='ocr_par' dir='ltr' id='par_1_88' title="bbox 2103 4126 3765 4201">
     <span class='ocr_line' id='line_1_88' title="bbox 2103 4126 3765 4201; baseline 0.002 -18"><span class='ocrx_word' id='word_1_602' title='bbox 2103 4143 2455 4200; x_wconf 87' lang='lat' dir='ltr'><strong>generosum</strong></span> <span class='ocrx_word' id='word_1_603' title='bbox 2490 4126 2549 4180; x_wconf 90' lang='lat' dir='ltr'><strong>in</strong></span> <span class='ocrx_word' id='word_1_604' title='bbox 2583 4142 2645 4181; x_wconf 92' lang='lat' dir='ltr'><strong>se</strong></span> <span class='ocrx_word' id='word_1_605' title='bbox 2678 4127 2853 4197; x_wconf 74' lang='lat' dir='ltr'><strong>digna</strong></span> <span class='ocrx_word' id='word_1_606' title='bbox 2886 4130 3293 4197; x_wconf 85' lang='lat' dir='ltr'><strong>persequenda</strong></span> <span class='ocrx_word' id='word_1_607' title='bbox 3348 4131 3634 4201; x_wconf 90' lang='lat' dir='ltr'><strong>impetum</strong></span> <span class='ocrx_word' id='word_1_608' title='bbox 3667 4150 3765 4187; x_wconf 82' lang='lat' dir='ltr'><strong>ex-</strong></span> 
     </span>
    </p>
   </div>
   <div class='ocr_carea' id='block_1_89' title="bbox 2106 4214 3762 4289">
    <p class='ocr_par' dir='ltr' id='par_1_89' title="bbox 2106 4214 3762 4289">
     <span class='ocr_line' id='line_1_89' title="bbox 2106 4214 3762 4289; baseline 0.001 -16"><span class='ocrx_word' id='word_1_609' title='bbox 2106 4218 2286 4289; x_wconf 88' lang='lat' dir='ltr'><strong>pedit,</strong></span> <span class='ocrx_word' id='word_1_610' title='bbox 2319 4214 2481 4270; x_wconf 92' lang='lat' dir='ltr'><strong>velut</strong></span> <span class='ocrx_word' id='word_1_611' title='bbox 2532 4215 2620 4270; x_wconf 93' lang='lat' dir='ltr'><strong>leo</strong></span> <span class='ocrx_word' id='word_1_612' title='bbox 2671 4232 2927 4285; x_wconf 89' lang='lat' dir='ltr'><strong>sequens</strong></span> <span class='ocrx_word' id='word_1_613' title='bbox 2958 4215 3239 4287; x_wconf 90' lang='lat' dir='ltr'><strong>leporem,</strong></span> <span class='ocrx_word' id='word_1_614' title='bbox 3272 4219 3320 4273; x_wconf 91' lang='lat' dir='ltr'><strong>si</strong></span> <span class='ocrx_word' id='word_1_615' title='bbox 3353 4220 3541 4275; x_wconf 88' lang='lat' dir='ltr'><strong>obiter</strong></span> <span class='ocrx_word' id='word_1_616' title='bbox 3571 4238 3762 4276; x_wconf 86' lang='lat' dir='ltr'><strong>came-</strong></span> 
     </span>
    </p>
   </div>
   <div class='ocr_carea' id='block_1_90' title="bbox 2107 4303 3758 4381">
    <p class='ocr_par' dir='ltr' id='par_1_90' title="bbox 2107 4303 3758 4381">
     <span class='ocr_line' id='line_1_90' title="bbox 2107 4303 3758 4381; baseline 0.001 -18"><span class='ocrx_word' id='word_1_617' title='bbox 2107 4308 2200 4364; x_wconf 92' lang='lat' dir='ltr'><strong>lus</strong></span> <span class='ocrx_word' id='word_1_618' title='bbox 2222 4303 2557 4371; x_wconf 90' lang='lat' dir='ltr'><strong>occurrerit,</strong></span> <span class='ocrx_word' id='word_1_619' title='bbox 2573 4304 2709 4359; x_wconf 90' lang='lat' dir='ltr'><strong>huic</strong></span> <span class='ocrx_word' id='word_1_620' title='bbox 2732 4303 2937 4370; x_wconf 91' lang='lat' dir='ltr'><strong>instat,</strong></span> <span class='ocrx_word' id='word_1_621' title='bbox 2954 4305 3168 4376; x_wconf 88' lang='lat' dir='ltr'><strong>pusilla</strong></span> <span class='ocrx_word' id='word_1_622' title='bbox 3190 4309 3386 4379; x_wconf 66' lang='lat' dir='ltr'><strong>praeda</strong></span> <span class='ocrx_word' id='word_1_623' title='bbox 3404 4314 3758 4381; x_wconf 85' lang='lat' dir='ltr'><strong>contempta.</strong></span> 
     </span>
    </p>
   </div>
   <div class='ocr_carea' id='block_1_91' title="bbox 2108 4392 3759 4464">
    <p class='ocr_par' dir='ltr' id='par_1_91' title="bbox 2108 4392 3759 4464">
     <span class='ocr_line' id='line_1_91' title="bbox 2108 4392 3759 4464; baseline 0.004 -17"><span class='ocrx_word' id='word_1_624' title='bbox 2108 4401 2195 4449; x_wconf 80' lang='lat' dir='ltr'><strong>An</strong></span> <span class='ocrx_word' id='word_1_625' title='bbox 2222 4394 2415 4459; x_wconf 88' lang='lat' dir='ltr'><strong>nescis</strong></span> <span class='ocrx_word' id='word_1_626' title='bbox 2446 4410 2651 4448; x_wconf 88' lang='lat' dir='ltr'><strong>canem</strong></span> <span class='ocrx_word' id='word_1_627' title='bbox 2686 4392 2924 4464; x_wconf 87' lang='lat' dir='ltr'><strong>quidem</strong></span> <span class='ocrx_word' id='word_1_628' title='bbox 2958 4397 3157 4449; x_wconf 60' lang='lat' dir='ltr'><strong>cauda</strong></span> <span class='ocrx_word' id='word_1_629' title='bbox 3204 4395 3548 4453; x_wconf 84' lang='lat' dir='ltr'><strong>adulatricis</strong></span> <span class='ocrx_word' id='word_1_630' title='bbox 3600 4404 3759 4453; x_wconf 84' lang='lat' dir='ltr'><strong>motu</strong></span> 
     </span>
    </p>
   </div>
   <div class='ocr_carea' id='block_1_92' title="bbox 2109 4481 3764 4558">
    <p class='ocr_par' dir='ltr' id='par_1_92' title="bbox 2109 4481 3764 4558">
     <span class='ocr_line' id='line_1_92' title="bbox 2109 4481 3764 4558; baseline 0.003 -20"><span class='ocrx_word' id='word_1_631' title='bbox 2109 4482 2329 4549; x_wconf 90' lang='lat' dir='ltr'><strong>servili,</strong></span> <span class='ocrx_word' id='word_1_632' title='bbox 2366 4499 2573 4553; x_wconf 82' lang='lat' dir='ltr'><strong>panem</strong></span> <span class='ocrx_word' id='word_1_633' title='bbox 2627 4481 2916 4537; x_wconf 87' lang='lat' dir='ltr'><strong>cibarium</strong></span> <span class='ocrx_word' id='word_1_634' title='bbox 2967 4482 3276 4554; x_wconf 85' lang='lat' dir='ltr'><strong>eblandiri,</strong></span> <span class='ocrx_word' id='word_1_635' title='bbox 3330 4501 3509 4556; x_wconf 84' lang='lat' dir='ltr'><strong>seque</strong></span> <span class='ocrx_word' id='word_1_636' title='bbox 3558 4492 3764 4558; x_wconf 90' lang='lat' dir='ltr'><strong>putare</strong></span> 
     </span>
    </p>
   </div>
   <div class='ocr_carea' id='block_1_93' title="bbox 2113 4570 3764 4645">
    <p class='ocr_par' dir='ltr' id='par_1_93' title="bbox 2113 4570 3764 4645">
     <span class='ocr_line' id='line_1_93' title="bbox 2113 4570 3764 4645; baseline 0.002 -18"><span class='ocrx_word' id='word_1_637' title='bbox 2113 4573 2348 4627; x_wconf 89' lang='lat' dir='ltr'><strong>beatum</strong></span> <span class='ocrx_word' id='word_1_638' title='bbox 2383 4570 2430 4625; x_wconf 89' lang='lat' dir='ltr'><strong>si</strong></span> <span class='ocrx_word' id='word_1_639' title='bbox 2467 4576 2675 4625; x_wconf 90' lang='lat' dir='ltr'><strong>nactus</strong></span> <span class='ocrx_word' id='word_1_640' title='bbox 2707 4572 2854 4625; x_wconf 85' lang='lat' dir='ltr'><strong>forte</strong></span> <span class='ocrx_word' id='word_1_641' title='bbox 2896 4573 2972 4626; x_wconf 90' lang='lat' dir='ltr'><strong>sit</strong></span> <span class='ocrx_word' id='word_1_642' title='bbox 3006 4589 3019 4639; x_wconf 92' lang='lat'><strong>;</strong></span> <span class='ocrx_word' id='word_1_643' title='bbox 3073 4589 3349 4645; x_wconf 86' lang='lat' dir='ltr'><strong>magnum</strong></span> <span class='ocrx_word' id='word_1_644' title='bbox 3395 4580 3598 4630; x_wconf 90' lang='lat' dir='ltr'><strong>contra</strong></span> <span class='ocrx_word' id='word_1_645' title='bbox 3645 4576 3764 4631; x_wconf 56' lang='lat' dir='ltr'><strong>ele-</strong></span> 
     </span>
    </p>
   </div>
   <div class='ocr_carea' id='block_1_94' title="bbox 344 4622 3761 4732">
    <p class='ocr_par' dir='ltr' id='par_1_94' title="bbox 344 4622 3761 4732">
     <span class='ocr_line' id='line_1_94' title="bbox 420 4622 3728 4645; baseline 0.003 -20"><span class='ocrx_word' id='word_1_646' title='bbox 420 4622 437 4635; x_wconf 85' lang='lat'>_</span> <span class='ocrx_word' id='word_1_647' title='bbox 568 4622 586 4635; x_wconf 76' lang='grc'><em>,</em></span> <span class='ocrx_word' id='word_1_648' title='bbox 1751 4622 1785 4634; x_wconf 67' lang='grc' dir='ltr'><em>υ</em></span> <span class='ocrx_word' id='word_1_649' title='bbox 1986 4622 1993 4629; x_wconf 87' lang='grc'>,</span> <span class='ocrx_word' id='word_1_650' title='bbox 2116 4622 2348 4627; x_wconf 53' lang='grc' dir='ltr'><strong>η----η</strong></span> <span class='ocrx_word' id='word_1_651' title='bbox 2386 4622 2430 4625; x_wconf 78' lang='lat'><strong>--</strong></span> <span class='ocrx_word' id='word_1_652' title='bbox 2896 4622 2971 4626; x_wconf 58' lang='grc' dir='ltr'><strong><em>ν-</em></strong></span> <span class='ocrx_word' id='word_1_653' title='bbox 3006 4622 3019 4639; x_wconf 88' lang='lat'>,</span> <span class='ocrx_word' id='word_1_654' title='bbox 3074 4622 3349 4645; x_wconf 51' lang='grc' dir='ltr'><strong>ητοπω</strong></span> <span class='ocrx_word' id='word_1_655' title='bbox 3397 4622 3598 4630; x_wconf 53' lang='grc' dir='ltr'><strong>πη-..</strong></span> <span class='ocrx_word' id='word_1_656' title='bbox 3648 4622 3728 4631; x_wconf 66' lang='grc' dir='ltr'><strong>νη</strong></span> 
     </span>
     <span class='ocr_line' id='line_1_95' title="bbox 344 4622 3761 4732; baseline 0.004 -24"><span class='ocrx_word' id='word_1_657' title='bbox 344 4653 475 4708; x_wconf 88' lang='lat' dir='ltr'><strong>soni</strong></span> <span class='ocrx_word' id='word_1_658' title='bbox 507 4653 757 4709; x_wconf 87' lang='lat' dir='ltr'><strong>minacis</strong></span> <span class='ocrx_word' id='word_1_659' title='bbox 795 4652 1163 4709; x_wconf 82' lang='lat' dir='ltr'><strong>vehementia</strong></span> <span class='ocrx_word' id='word_1_660' title='bbox 1213 4651 1519 4723; x_wconf 78' lang='lat' dir='ltr'><strong>perculsus</strong></span> <span class='ocrx_word' id='word_1_661' title='bbox 1567 4652 1781 4708; x_wconf 77' lang='lat' dir='ltr'><strong>misere</strong></span> <span class='ocrx_word' id='word_1_662' title='bbox 1830 4651 2004 4723; x_wconf 72' lang='lat' dir='ltr'><strong>coepit</strong></span> <span class='ocrx_word' id='word_1_663' title='bbox 2038 4622 2081 4685; x_wconf 70' lang='grc' dir='ltr'>Β</span> <span class='ocrx_word' id='word_1_664' title='bbox 2115 4662 2393 4732; x_wconf 85' lang='lat' dir='ltr'><strong>phantem</strong></span> <span class='ocrx_word' id='word_1_665' title='bbox 2430 4661 2728 4715; x_wconf 87' lang='lat' dir='ltr'><strong>fastidiose</strong></span> <span class='ocrx_word' id='word_1_666' title='bbox 2779 4661 3087 4717; x_wconf 85' lang='lat' dir='ltr'><strong>admittere</strong></span> <span class='ocrx_word' id='word_1_667' title='bbox 3138 4665 3321 4718; x_wconf 91' lang='lat' dir='ltr'><strong>bonos</strong></span> <span class='ocrx_word' id='word_1_668' title='bbox 3375 4665 3555 4720; x_wconf 88' lang='lat' dir='ltr'><strong>etiam</strong></span> <span class='ocrx_word' id='word_1_669' title='bbox 3612 4665 3761 4720; x_wconf 91' lang='lat' dir='ltr'><strong>ultro</strong></span> 
     </span>
    </p>
   </div>
   <div class='ocr_carea' id='block_1_95' title="bbox 346 4738 1998 4814">
    <p class='ocr_par' dir='ltr' id='par_1_95' title="bbox 346 4738 1998 4814">
     <span class='ocr_line' id='line_1_96' title="bbox 346 4738 1998 4814; baseline -0.001 -19"><span class='ocrx_word' id='word_1_670' title='bbox 346 4745 596 4796; x_wconf 68' lang='lat' dir='ltr'><strong>aestuare</strong></span> <span class='ocrx_word' id='word_1_671' title='bbox 627 4741 933 4814; x_wconf 82' lang='lat' dir='ltr'><strong>frangique</strong></span> <span class='ocrx_word' id='word_1_672' title='bbox 963 4740 1160 4796; x_wconf 88' lang='lat' dir='ltr'><strong>animo</strong></span> <span class='ocrx_word' id='word_1_673' title='bbox 1188 4758 1201 4808; x_wconf 89' lang='lat'><strong>;</strong></span> <span class='ocrx_word' id='word_1_674' title='bbox 1236 4738 1612 4795; x_wconf 89' lang='lat' dir='ltr'><strong>dissimulare</strong></span> <span class='ocrx_word' id='word_1_675' title='bbox 1654 4744 1851 4793; x_wconf 87' lang='lat' dir='ltr'><strong>tamen</strong></span> <span class='ocrx_word' id='word_1_676' title='bbox 1898 4757 1998 4793; x_wconf 90' lang='lat' dir='ltr'><strong>cu-</strong></span> 
     </span>
    </p>
   </div>
   <div class='ocr_carea' id='block_1_96' title="bbox 346 4827 1995 4901">
    <p class='ocr_par' dir='ltr' id='par_1_96' title="bbox 346 4827 1995 4901">
     <span class='ocr_line' id='line_1_97' title="bbox 346 4827 1995 4901; baseline -0.001 -17"><span class='ocrx_word' id='word_1_677' title='bbox 346 4830 492 4884; x_wconf 83' lang='lat' dir='ltr'><strong>ravit</strong></span> <span class='ocrx_word' id='word_1_678' title='bbox 510 4829 883 4886; x_wconf 85' lang='lat' dir='ltr'><strong>formidinem</strong></span> <span class='ocrx_word' id='word_1_679' title='bbox 908 4829 1268 4901; x_wconf 89' lang='lat' dir='ltr'><strong>pudendam,</strong></span> <span class='ocrx_word' id='word_1_680' title='bbox 1294 4846 1363 4884; x_wconf 90' lang='lat' dir='ltr'><strong>ne</strong></span> <span class='ocrx_word' id='word_1_681' title='bbox 1385 4827 1818 4884; x_wconf 87' lang='lat' dir='ltr'><strong>venerationem</strong></span> <span class='ocrx_word' id='word_1_682' title='bbox 1842 4829 1995 4900; x_wconf 89' lang='lat' dir='ltr'><strong>apud</strong></span> 
     </span>
    </p>
   </div>
   <div class='ocr_carea' id='block_1_97' title="bbox 345 4917 1996 4991">
    <p class='ocr_par' dir='ltr' id='par_1_97' title="bbox 345 4917 1996 4991">
     <span class='ocr_line' id='line_1_98' title="bbox 345 4917 1996 4991; baseline -0.001 -18"><span class='ocrx_word' id='word_1_683' title='bbox 345 4936 487 4974; x_wconf 90' lang='lat' dir='ltr'><strong>suos</strong></span> <span class='ocrx_word' id='word_1_684' title='bbox 519 4920 745 4975; x_wconf 89' lang='lat' dir='ltr'><strong>detecta</strong></span> <span class='ocrx_word' id='word_1_685' title='bbox 775 4919 1006 4989; x_wconf 87' lang='lat' dir='ltr'><strong>ignavia</strong></span> <span class='ocrx_word' id='word_1_686' title='bbox 1036 4919 1323 4991; x_wconf 91' lang='lat' dir='ltr'><strong>perderet.</strong></span> <span class='ocrx_word' id='word_1_687' title='bbox 1373 4917 1546 4973; x_wconf 89' lang='lat' dir='ltr'><strong>Stetit</strong></span> <span class='ocrx_word' id='word_1_688' title='bbox 1574 4918 1757 4989; x_wconf 90' lang='lat' dir='ltr'><strong>igitur</strong></span> <span class='ocrx_word' id='word_1_689' title='bbox 1788 4934 1905 4973; x_wconf 89' lang='lat' dir='ltr'><strong>uno</strong></span> <span class='ocrx_word' id='word_1_690' title='bbox 1937 4918 1996 4972; x_wconf 89' lang='lat' dir='ltr'><strong>in</strong></span> 
     </span>
    </p>
   </div>
   <div class='ocr_carea' id='block_1_98' title="bbox 344 5007 845 5064">
    <p class='ocr_par' dir='ltr' id='par_1_98' title="bbox 344 5007 845 5064">
     <span class='ocr_line' id='line_1_99' title="bbox 344 5007 845 5064; baseline -0.004 -1"><span class='ocrx_word' id='word_1_691' title='bbox 344 5007 472 5063; x_wconf 90' lang='lat' dir='ltr'><strong>loco</strong></span> <span class='ocrx_word' id='word_1_692' title='bbox 504 5008 845 5064; x_wconf 88' lang='lat' dir='ltr'><strong>immobilis.</strong></span> 
     </span>
    </p>
   </div>
   <div class='ocr_carea' id='block_1_99' title="bbox 417 5114 1994 5187">
    <p class='ocr_par' dir='ltr' id='par_1_99' title="bbox 417 5114 1994 5187">
     <span class='ocr_line' id='line_1_100' title="bbox 417 5114 1994 5187; baseline -0.001 -17"><span class='ocrx_word' id='word_1_693' title='bbox 417 5116 512 5171; x_wconf 88' lang='lat' dir='ltr'><strong>III.</strong></span> <span class='ocrx_word' id='word_1_694' title='bbox 544 5116 916 5187; x_wconf 86' lang='lat' dir='ltr'><strong>Apparebant</strong></span> <span class='ocrx_word' id='word_1_695' title='bbox 962 5118 1159 5171; x_wconf 89' lang='lat' dir='ltr'><strong>autem</strong></span> <span class='ocrx_word' id='word_1_696' title='bbox 1194 5115 1244 5171; x_wconf 91' lang='lat' dir='ltr'><strong>ei</strong></span> <span class='ocrx_word' id='word_1_697' title='bbox 1291 5114 1567 5171; x_wconf 80' lang='lat' dir='ltr'><strong>familiari</strong></span> <span class='ocrx_word' id='word_1_698' title='bbox 1616 5130 1994 5170; x_wconf 87' lang='lat' dir='ltr'><strong>accensorum</strong></span> 
     </span>
    </p>
   </div>
   <div class='ocr_carea' id='block_1_100' title="bbox 345 5202 1996 5277">
    <p class='ocr_par' dir='ltr' id='par_1_100' title="bbox 345 5202 1996 5277">
     <span class='ocr_line' id='line_1_101' title="bbox 345 5202 1996 5277; baseline -0.002 -18"><span class='ocrx_word' id='word_1_699' title='bbox 345 5204 679 5260; x_wconf 89' lang='lat' dir='ltr'><strong>ministerio</strong></span> <span class='ocrx_word' id='word_1_700' title='bbox 713 5204 882 5261; x_wconf 90' lang='lat' dir='ltr'><strong>thoes</strong></span> <span class='ocrx_word' id='word_1_701' title='bbox 926 5204 1064 5273; x_wconf 90' lang='lat' dir='ltr'><strong>duo,</strong></span> <span class='ocrx_word' id='word_1_702' title='bbox 1098 5221 1350 5277; x_wconf 89' lang='lat' dir='ltr'><strong>quorum</strong></span> <span class='ocrx_word' id='word_1_703' title='bbox 1382 5202 1550 5259; x_wconf 91' lang='lat' dir='ltr'><strong>alteri</strong></span> <span class='ocrx_word' id='word_1_704' title='bbox 1578 5208 1883 5271; x_wconf 87' lang='lat' dir='ltr'><strong>Coronato,</strong></span> <span class='ocrx_word' id='word_1_705' title='bbox 1914 5202 1996 5257; x_wconf 91' lang='lat' dir='ltr'><strong>al-</strong></span> 
     </span>
    </p>
   </div>
   <div class='ocr_carea' id='block_1_101' title="bbox 340 5292 1996 5366">
    <p class='ocr_par' dir='ltr' id='par_1_101' title="bbox 340 5292 1996 5366">
     <span class='ocr_line' id='line_1_102' title="bbox 340 5292 1996 5366; baseline -0.002 -17"><span class='ocrx_word' id='word_1_706' title='bbox 340 5293 452 5349; x_wconf 92' lang='lat' dir='ltr'><strong>teri</strong></span> <span class='ocrx_word' id='word_1_707' title='bbox 495 5293 849 5366; x_wconf 88' lang='lat' dir='ltr'><strong>Vestigatori</strong></span> <span class='ocrx_word' id='word_1_708' title='bbox 900 5310 1110 5349; x_wconf 88' lang='lat' dir='ltr'><strong>nomen</strong></span> <span class='ocrx_word' id='word_1_709' title='bbox 1159 5299 1285 5350; x_wconf 90' lang='lat' dir='ltr'><strong>erat</strong></span> <span class='ocrx_word' id='word_1_710' title='bbox 1316 5311 1330 5348; x_wconf 87' lang='lat'><strong>:</strong></span> <span class='ocrx_word' id='word_1_711' title='bbox 1359 5293 1581 5349; x_wconf 85' lang='lat' dir='ltr'><strong>versuti</strong></span> <span class='ocrx_word' id='word_1_712' title='bbox 1609 5292 1780 5348; x_wconf 89' lang='lat' dir='ltr'><strong>ambo</strong></span> <span class='ocrx_word' id='word_1_713' title='bbox 1812 5296 1868 5346; x_wconf 88' lang='lat' dir='ltr'><strong>et</strong></span> <span class='ocrx_word' id='word_1_714' title='bbox 1899 5308 1996 5346; x_wconf 89' lang='lat' dir='ltr'><strong>so-</strong></span> 
     </span>
    </p>
   </div>
   <div class='ocr_carea' id='block_1_102' title="bbox 338 5380 1995 5455">
    <p class='ocr_par' dir='ltr' id='par_1_102' title="bbox 338 5380 1995 5455">
     <span class='ocr_line' id='line_1_103' title="bbox 338 5380 1995 5455; baseline -0.001 -18"><span class='ocrx_word' id='word_1_715' title='bbox 338 5382 552 5451; x_wconf 89' lang='lat' dir='ltr'><strong>lertes;</strong></span> <span class='ocrx_word' id='word_1_716' title='bbox 587 5385 686 5439; x_wconf 87' lang='lat' dir='ltr'><strong>sed</strong></span> <span class='ocrx_word' id='word_1_717' title='bbox 726 5383 1052 5454; x_wconf 85' lang='lat' dir='ltr'><strong>Vestigator</strong></span> <span class='ocrx_word' id='word_1_718' title='bbox 1083 5384 1399 5455; x_wconf 87' lang='lat' dir='ltr'><strong>aliquando</strong></span> <span class='ocrx_word' id='word_1_719' title='bbox 1433 5382 1681 5439; x_wconf 88' lang='lat' dir='ltr'><strong>astutior</strong></span> <span class='ocrx_word' id='word_1_720' title='bbox 1716 5380 1995 5453; x_wconf 89' lang='lat' dir='ltr'><strong>pravique</strong></span> 
     </span>
    </p>
   </div>
   <div class='ocr_carea' id='block_1_103' title="bbox 339 5472 1998 5543">
    <p class='ocr_par' dir='ltr' id='par_1_103' title="bbox 339 5472 1998 5543">
     <span class='ocr_line' id='line_1_104' title="bbox 339 5472 1998 5543; baseline -0.002 -16"><span class='ocrx_word' id='word_1_721' title='bbox 339 5472 549 5541; x_wconf 90' lang='lat' dir='ltr'><strong>animi,</strong></span> <span class='ocrx_word' id='word_1_722' title='bbox 572 5473 824 5528; x_wconf 89' lang='lat' dir='ltr'><strong>naturali</strong></span> <span class='ocrx_word' id='word_1_723' title='bbox 848 5473 1100 5543; x_wconf 78' lang='lat' dir='ltr'><strong>flagrans</strong></span> <span class='ocrx_word' id='word_1_724' title='bbox 1124 5473 1416 5528; x_wconf 87' lang='lat' dir='ltr'><strong>desiderio</strong></span> <span class='ocrx_word' id='word_1_725' title='bbox 1449 5488 1543 5527; x_wconf 89' lang='lat' dir='ltr'><strong>res</strong></span> <span class='ocrx_word' id='word_1_726' title='bbox 1573 5486 1774 5527; x_wconf 82' lang='lat' dir='ltr'><strong>omnes</strong></span> <span class='ocrx_word' id='word_1_727' title='bbox 1805 5486 1998 5540; x_wconf 90' lang='lat' dir='ltr'><strong>usque</strong></span> 
     </span>
    </p>
   </div>
   <div class='ocr_carea' id='block_1_104' title="bbox 341 5559 1995 5621">
    <p class='ocr_par' dir='ltr' id='par_1_104' title="bbox 341 5559 1995 5621">
     <span class='ocr_line' id='line_1_105' title="bbox 341 5559 1995 5621; baseline -0.002 -4"><span class='ocrx_word' id='word_1_728' title='bbox 341 5561 415 5617; x_wconf 85' lang='lat' dir='ltr'><strong>ad</strong></span> <span class='ocrx_word' id='word_1_729' title='bbox 444 5562 718 5617; x_wconf 89' lang='lat' dir='ltr'><strong>intimum</strong></span> <span class='ocrx_word' id='word_1_730' title='bbox 742 5561 1067 5617; x_wconf 89' lang='lat' dir='ltr'><strong>scrutandi.</strong></span> <span class='ocrx_word' id='word_1_731' title='bbox 1091 5562 1148 5616; x_wconf 91' lang='lat' dir='ltr'><strong>Is</strong></span> <span class='ocrx_word' id='word_1_732' title='bbox 1171 5567 1309 5617; x_wconf 91' lang='lat' dir='ltr'><strong>tunc</strong></span> <span class='ocrx_word' id='word_1_733' title='bbox 1340 5564 1627 5617; x_wconf 89' lang='lat' dir='ltr'><strong>Coronato</strong></span> <span class='ocrx_word' id='word_1_734' title='bbox 1658 5559 1822 5614; x_wconf 81' lang='lat' dir='ltr'><strong>dixit.</strong></span> <span class='ocrx_word' id='word_1_735' title='bbox 1847 5559 1995 5621; x_wconf 89' lang='lat' dir='ltr'><strong>Quid</strong></span> 
     </span>
    </p>
   </div>
   <div class='ocr_carea' id='block_1_105' title="bbox 338 5650 1997 5718">
    <p class='ocr_par' dir='ltr' id='par_1_105' title="bbox 338 5650 1997 5718">
     <span class='ocr_line' id='line_1_106' title="bbox 338 5650 1997 5718; baseline -0.002 -13"><span class='ocrx_word' id='word_1_736' title='bbox 338 5650 632 5718; x_wconf 86' lang='lat' dir='ltr'><strong>dicamus,</strong></span> <span class='ocrx_word' id='word_1_737' title='bbox 668 5669 699 5706; x_wconf 97' lang='lat' dir='ltr'><strong>o</strong></span> <span class='ocrx_word' id='word_1_738' title='bbox 732 5650 970 5715; x_wconf 82' lang='lat' dir='ltr'><strong>sodalis,</strong></span> <span class='ocrx_word' id='word_1_739' title='bbox 1005 5668 1135 5706; x_wconf 89' lang='lat' dir='ltr'><strong>esse</strong></span> <span class='ocrx_word' id='word_1_740' title='bbox 1164 5668 1352 5707; x_wconf 69' lang='lat' dir='ltr'><strong>causae</strong></span> <span class='ocrx_word' id='word_1_741' title='bbox 1383 5668 1483 5706; x_wconf 92' lang='lat' dir='ltr'><strong>cur</strong></span> <span class='ocrx_word' id='word_1_742' title='bbox 1516 5651 1611 5705; x_wconf 91' lang='lat' dir='ltr'><strong>hic</strong></span> <span class='ocrx_word' id='word_1_743' title='bbox 1660 5652 1749 5703; x_wconf 90' lang='lat' dir='ltr'><strong>leo</strong></span> <span class='ocrx_word' id='word_1_744' title='bbox 1800 5652 1997 5703; x_wconf 91' lang='lat' dir='ltr'><strong>noster</strong></span> 
     </span>
    </p>
   </div>
   <div class='ocr_carea' id='block_1_106' title="bbox 338 5738 1996 5812">
    <p class='ocr_par' dir='ltr' id='par_1_106' title="bbox 338 5738 1996 5812">
     <span class='ocr_line' id='line_1_107' title="bbox 338 5738 1996 5812; baseline -0.002 -17"><span class='ocrx_word' id='word_1_745' title='bbox 338 5740 621 5797; x_wconf 87' lang='lat' dir='ltr'><strong>dominus</strong></span> <span class='ocrx_word' id='word_1_746' title='bbox 643 5739 1025 5796; x_wconf 88' lang='lat' dir='ltr'><strong>immobiliter</strong></span> <span class='ocrx_word' id='word_1_747' title='bbox 1054 5741 1279 5797; x_wconf 88' lang='lat' dir='ltr'><strong>deﬁxus</strong></span> <span class='ocrx_word' id='word_1_748' title='bbox 1310 5746 1523 5812; x_wconf 66' lang='lat' dir='ltr'><strong>praeter</strong></span> <span class='ocrx_word' id='word_1_749' title='bbox 1553 5754 1775 5795; x_wconf 87' lang='lat' dir='ltr'><strong>morem</strong></span> <span class='ocrx_word' id='word_1_750' title='bbox 1806 5738 1996 5793; x_wconf 88' lang='lat' dir='ltr'><strong>obtor-</strong></span> 
     </span>
    </p>
   </div>
   <div class='ocr_carea' id='block_1_107' title="bbox 2109 4748 3767 4820">
    <p class='ocr_par' dir='ltr' id='par_1_107' title="bbox 2109 4748 3767 4820">
     <span class='ocr_line' id='line_1_108' title="bbox 2109 4748 3767 4820; baseline 0.002 -15"><span class='ocrx_word' id='word_1_751' title='bbox 2109 4750 2337 4805; x_wconf 90' lang='lat' dir='ltr'><strong>oblatos</strong></span> <span class='ocrx_word' id='word_1_752' title='bbox 2383 4749 2567 4815; x_wconf 91' lang='lat' dir='ltr'><strong>cibos,</strong></span> <span class='ocrx_word' id='word_1_753' title='bbox 2602 4766 2708 4803; x_wconf 90' lang='lat' dir='ltr'><strong>nec</strong></span> <span class='ocrx_word' id='word_1_754' title='bbox 2742 4748 2853 4803; x_wconf 88' lang='lat' dir='ltr'><strong>nisi</strong></span> <span class='ocrx_word' id='word_1_755' title='bbox 2886 4750 3138 4820; x_wconf 90' lang='lat' dir='ltr'><strong>supplici</strong></span> <span class='ocrx_word' id='word_1_756' title='bbox 3170 4752 3263 4806; x_wconf 87' lang='lat' dir='ltr'><strong>vix</strong></span> <span class='ocrx_word' id='word_1_757' title='bbox 3294 4753 3531 4808; x_wconf 89' lang='lat' dir='ltr'><strong>tandem</strong></span> <span class='ocrx_word' id='word_1_758' title='bbox 3568 4770 3767 4809; x_wconf 88' lang='lat' dir='ltr'><strong>assen-</strong></span> 
     </span>
    </p>
   </div>
   <div class='ocr_carea' id='block_1_108' title="bbox 2108 4838 3761 4915">
    <p class='ocr_par' dir='ltr' id='par_1_108' title="bbox 2108 4838 3761 4915">
     <span class='ocr_line' id='line_1_109' title="bbox 2108 4838 3761 4915; baseline 0.002 -21"><span class='ocrx_word' id='word_1_759' title='bbox 2108 4838 2328 4895; x_wconf 89' lang='lat' dir='ltr'><strong>tatione</strong></span> <span class='ocrx_word' id='word_1_760' title='bbox 2376 4844 2675 4893; x_wconf 81' lang='lat' dir='ltr'><strong>exoratum</strong></span> <span class='ocrx_word' id='word_1_761' title='bbox 2728 4839 2798 4892; x_wconf 87' lang='lat' dir='ltr'><strong>ad</strong></span> <span class='ocrx_word' id='word_1_762' title='bbox 2835 4841 3187 4895; x_wconf 89' lang='lat' dir='ltr'><strong>vescendum</strong></span> <span class='ocrx_word' id='word_1_763' title='bbox 3248 4842 3455 4896; x_wconf 90' lang='lat' dir='ltr'><strong>adduci</strong></span> <span class='ocrx_word' id='word_1_764' title='bbox 3480 4844 3508 4897; x_wconf 73' lang='lat' dir='ltr'><strong>‘I</strong></span> <span class='ocrx_word' id='word_1_765' title='bbox 3563 4846 3761 4915; x_wconf 89' lang='lat' dir='ltr'><strong>Apage</strong></span> 
     </span>
    </p>
   </div>
   <div class='ocr_carea' id='block_1_109' title="bbox 2109 4927 3761 4999">
    <p class='ocr_par' dir='ltr' id='par_1_109' title="bbox 2109 4927 3761 4999">
     <span class='ocr_line' id='line_1_110' title="bbox 2109 4927 3761 4999; baseline 0.002 -16"><span class='ocrx_word' id='word_1_766' title='bbox 2109 4929 2378 4983; x_wconf 88' lang='lat' dir='ltr'><strong>sordidas</strong></span> <span class='ocrx_word' id='word_1_767' title='bbox 2430 4927 2734 4998; x_wconf 80' lang='lat' dir='ltr'><strong>angustias</strong></span> <span class='ocrx_word' id='word_1_768' title='bbox 2783 4927 3107 4984; x_wconf 66' lang='lat' dir='ltr'><strong>constrictas</strong></span> <span class='ocrx_word' id='word_1_769' title='bbox 3147 4929 3207 4983; x_wconf 91' lang='lat' dir='ltr'><strong>in</strong></span> <span class='ocrx_word' id='word_1_770' title='bbox 3249 4935 3474 4985; x_wconf 88' lang='lat' dir='ltr'><strong>arctum</strong></span> <span class='ocrx_word' id='word_1_771' title='bbox 3525 4932 3761 4999; x_wconf 89' lang='lat' dir='ltr'><strong>mentis,</strong></span> 
     </span>
    </p>
   </div>
   <div class='ocr_carea' id='block_1_110' title="bbox 2108 5015 3764 5092">
    <p class='ocr_par' dir='ltr' id='par_1_110' title="bbox 2108 5015 3764 5092">
     <span class='ocr_line' id='line_1_111' title="bbox 2108 5015 3764 5092; baseline 0.002 -21"><span class='ocrx_word' id='word_1_772' title='bbox 2108 5015 2257 5071; x_wconf 91' lang='lat' dir='ltr'><strong>nihil</strong></span> <span class='ocrx_word' id='word_1_773' title='bbox 2292 5015 2445 5069; x_wconf 90' lang='lat' dir='ltr'><strong>ultra</strong></span> <span class='ocrx_word' id='word_1_774' title='bbox 2476 5015 2871 5071; x_wconf 87' lang='lat' dir='ltr'><strong>necessarium</strong></span> <span class='ocrx_word' id='word_1_775' title='bbox 2891 5016 3218 5073; x_wconf 79' lang='lat' dir='ltr'><strong>affectantis</strong></span> <span class='ocrx_word' id='word_1_776' title='bbox 3245 5035 3424 5074; x_wconf 87' lang='lat' dir='ltr'><strong>usum</strong></span> <span class='ocrx_word' id='word_1_777' title='bbox 3452 5037 3463 5073; x_wconf 92' lang='lat'><strong>:</strong></span> <span class='ocrx_word' id='word_1_778' title='bbox 3490 5022 3764 5092; x_wconf 89' lang='lat' dir='ltr'><strong>mejuvet</strong></span> 
     </span>
    </p>
   </div>
   <div class='ocr_carea' id='block_1_111' title="bbox 2107 5105 3765 5177">
    <p class='ocr_par' dir='ltr' id='par_1_111' title="bbox 2107 5105 3765 5177">
     <span class='ocr_line' id='line_1_112' title="bbox 2107 5105 3765 5177; baseline 0.003 -16"><span class='ocrx_word' id='word_1_779' title='bbox 2107 5105 2377 5177; x_wconf 89' lang='lat' dir='ltr'><strong>adipisci,</strong></span> <span class='ocrx_word' id='word_1_780' title='bbox 2411 5122 2592 5175; x_wconf 89' lang='lat' dir='ltr'><strong>supra</strong></span> <span class='ocrx_word' id='word_1_781' title='bbox 2632 5112 2847 5159; x_wconf 90' lang='lat' dir='ltr'><strong>sortem</strong></span> <span class='ocrx_word' id='word_1_782' title='bbox 2881 5108 3215 5175; x_wconf 90' lang='lat' dir='ltr'><strong>crescendo,</strong></span> <span class='ocrx_word' id='word_1_783' title='bbox 3250 5108 3403 5163; x_wconf 92' lang='lat' dir='ltr'><strong>unde</strong></span> <span class='ocrx_word' id='word_1_784' title='bbox 3434 5126 3567 5165; x_wconf 90' lang='lat' dir='ltr'><strong>cum</strong></span> <span class='ocrx_word' id='word_1_785' title='bbox 3599 5115 3765 5166; x_wconf 89' lang='lat' dir='ltr'><strong>satur</strong></span> 
     </span>
    </p>
   </div>
   <div class='ocr_carea' id='block_1_112' title="bbox 2108 5192 3763 5271">
    <p class='ocr_par' dir='ltr' id='par_1_112' title="bbox 2108 5192 3763 5271">
     <span class='ocr_line' id='line_1_113' title="bbox 2108 5192 3763 5271; baseline 0.003 -20"><span class='ocrx_word' id='word_1_786' title='bbox 2108 5196 2265 5251; x_wconf 90' lang='lat' dir='ltr'><strong>domi</strong></span> <span class='ocrx_word' id='word_1_787' title='bbox 2298 5195 2460 5249; x_wconf 89' lang='lat' dir='ltr'><strong>fuero</strong></span> <span class='ocrx_word' id='word_1_788' title='bbox 2483 5192 2541 5247; x_wconf 93' lang='lat' dir='ltr'><strong>in</strong></span> <span class='ocrx_word' id='word_1_789' title='bbox 2576 5193 2723 5248; x_wconf 89' lang='lat' dir='ltr'><strong>alios</strong></span> <span class='ocrx_word' id='word_1_790' title='bbox 2754 5195 3076 5262; x_wconf 74' lang='lat' dir='ltr'><strong>effundam,</strong></span> <span class='ocrx_word' id='word_1_791' title='bbox 3101 5213 3245 5251; x_wconf 92' lang='lat' dir='ltr'><strong>aura</strong></span> <span class='ocrx_word' id='word_1_792' title='bbox 3276 5197 3629 5256; x_wconf 91' lang='lat' dir='ltr'><strong>mulcendus</strong></span> <span class='ocrx_word' id='word_1_793' title='bbox 3656 5218 3763 5271; x_wconf 91' lang='lat' dir='ltr'><strong>po-</strong></span> 
     </span>
    </p>
   </div>
   <div class='ocr_carea' id='block_1_113' title="bbox 2107 5281 3755 5357">
    <p class='ocr_par' dir='ltr' id='par_1_113' title="bbox 2107 5281 3755 5357">
     <span class='ocr_line' id='line_1_114' title="bbox 2107 5281 3755 5357; baseline 0.004 -18"><span class='ocrx_word' id='word_1_794' title='bbox 2107 5283 2318 5357; x_wconf 88' lang='lat' dir='ltr'><strong>pulari.</strong></span> <span class='ocrx_word' id='word_1_795' title='bbox 2344 5288 2461 5338; x_wconf 86' lang='lat' dir='ltr'><strong>Hoc</strong></span> <span class='ocrx_word' id='word_1_796' title='bbox 2481 5281 2588 5337; x_wconf 90' lang='lat' dir='ltr'><strong>viri</strong></span> <span class='ocrx_word' id='word_1_797' title='bbox 2608 5287 2698 5338; x_wconf 74' lang='lat' dir='ltr'><strong>est</strong></span> <span class='ocrx_word' id='word_1_798' title='bbox 2724 5284 3113 5355; x_wconf 89' lang='lat' dir='ltr'><strong>magnanimi,</strong></span> <span class='ocrx_word' id='word_1_799' title='bbox 3137 5286 3420 5342; x_wconf 91' lang='lat' dir='ltr'><strong>sublimia</strong></span> <span class='ocrx_word' id='word_1_800' title='bbox 3450 5290 3755 5356; x_wconf 88' lang='lat' dir='ltr'><strong>tentantis,</strong></span> 
     </span>
    </p>
   </div>
   <div class='ocr_carea' id='block_1_114' title="bbox 2104 5372 3760 5448">
    <p class='ocr_par' dir='ltr' id='par_1_114' title="bbox 2104 5372 3760 5448">
     <span class='ocr_line' id='line_1_115' title="bbox 2104 5372 3760 5448; baseline 0.003 -19"><span class='ocrx_word' id='word_1_801' title='bbox 2104 5372 2367 5429; x_wconf 89' lang='lat' dir='ltr'><strong>liberalis</strong></span> <span class='ocrx_word' id='word_1_802' title='bbox 2400 5388 2413 5425; x_wconf 91' lang='lat'>:</span> <span class='ocrx_word' id='word_1_803' title='bbox 2449 5388 2621 5443; x_wconf 90' lang='lat' dir='ltr'><strong>quem</strong></span> <span class='ocrx_word' id='word_1_804' title='bbox 2656 5372 2763 5427; x_wconf 91' lang='lat' dir='ltr'><strong>etsi</strong></span> <span class='ocrx_word' id='word_1_805' title='bbox 2796 5390 2969 5428; x_wconf 89' lang='lat' dir='ltr'><strong>casus</strong></span> <span class='ocrx_word' id='word_1_806' title='bbox 3014 5378 3148 5429; x_wconf 90' lang='lat' dir='ltr'><strong>ante</strong></span> <span class='ocrx_word' id='word_1_807' title='bbox 3195 5379 3432 5448; x_wconf 90' lang='lat' dir='ltr'><strong>tempus</strong></span> <span class='ocrx_word' id='word_1_808' title='bbox 3482 5378 3760 5448; x_wconf 82' lang='lat' dir='ltr'><strong>praeclara</strong></span> 
     </span>
    </p>
   </div>
   <div class='ocr_carea' id='block_1_115' title="bbox 2106 5459 3757 5538">
    <p class='ocr_par' dir='ltr' id='par_1_115' title="bbox 2106 5459 3757 5538">
     <span class='ocr_line' id='line_1_116' title="bbox 2106 5459 3757 5538; baseline 0.001 -19"><span class='ocrx_word' id='word_1_809' title='bbox 2106 5468 2412 5519; x_wconf 87' lang='lat' dir='ltr'><strong>conantem</strong></span> <span class='ocrx_word' id='word_1_810' title='bbox 2467 5459 2660 5515; x_wconf 86' lang='lat' dir='ltr'><strong>fatalis</strong></span> <span class='ocrx_word' id='word_1_811' title='bbox 2719 5462 3013 5532; x_wconf 87' lang='lat' dir='ltr'><strong>afﬂixerit,</strong></span> <span class='ocrx_word' id='word_1_812' title='bbox 3071 5465 3276 5534; x_wconf 90' lang='lat' dir='ltr'><strong>perdiu</strong></span> <span class='ocrx_word' id='word_1_813' title='bbox 3337 5474 3524 5521; x_wconf 87' lang='lat' dir='ltr'><strong>tamen</strong></span> <span class='ocrx_word' id='word_1_814' title='bbox 3583 5466 3757 5538; x_wconf 91' lang='lat' dir='ltr'><strong>vulgo</strong></span> 
     </span>
    </p>
   </div>
   <div class='ocr_carea' id='block_1_116' title="bbox 2105 5553 3757 5626">
    <p class='ocr_par' dir='ltr' id='par_1_116' title="bbox 2105 5553 3757 5626">
     <span class='ocr_line' id='line_1_117' title="bbox 2105 5553 3757 5626; baseline 0.002 -19"><span class='ocrx_word' id='word_1_815' title='bbox 2105 5553 2317 5607; x_wconf 85' lang='lat' dir='ltr'><strong>vixisse</strong></span> <span class='ocrx_word' id='word_1_816' title='bbox 2344 5555 2674 5614; x_wconf 89' lang='lat' dir='ltr'><strong>censeatur,</strong></span> <span class='ocrx_word' id='word_1_817' title='bbox 2712 5555 2939 5605; x_wconf 85' lang='lat' dir='ltr'><strong>tantum</strong></span> <span class='ocrx_word' id='word_1_818' title='bbox 2994 5553 3353 5625; x_wconf 83' lang='lat' dir='ltr'><strong>adjungente</strong></span> <span class='ocrx_word' id='word_1_819' title='bbox 3384 5556 3538 5609; x_wconf 89' lang='lat' dir='ltr'><strong>fama</strong></span> <span class='ocrx_word' id='word_1_820' title='bbox 3568 5555 3757 5626; x_wconf 85' lang='lat' dir='ltr'><strong>spatio</strong></span> 
     </span>
    </p>
   </div>
   <div class='ocr_carea' id='block_1_117' title="bbox 2104 5638 3757 5708">
    <p class='ocr_par' dir='ltr' id='par_1_117' title="bbox 2104 5638 3757 5708">
     <span class='ocr_line' id='line_1_118' title="bbox 2104 5638 3757 5708; baseline 0.002 -11"><span class='ocrx_word' id='word_1_821' title='bbox 2104 5640 2334 5697; x_wconf 90' lang='lat' dir='ltr'><strong>vivendi</strong></span> <span class='ocrx_word' id='word_1_822' title='bbox 2394 5644 2683 5708; x_wconf 88' lang='lat' dir='ltr'><strong>quantum</strong></span> <span class='ocrx_word' id='word_1_823' title='bbox 2715 5638 3026 5696; x_wconf 86' lang='lat' dir='ltr'><strong>calamitas</strong></span> <span class='ocrx_word' id='word_1_824' title='bbox 3058 5643 3396 5698; x_wconf 88' lang='lat' dir='ltr'><strong>detraxerit.</strong></span> <span class='ocrx_word' id='word_1_825' title='bbox 3428 5644 3529 5699; x_wconf 86' lang='lat' dir='ltr'><strong>Isti</strong></span> <span class='ocrx_word' id='word_1_826' title='bbox 3558 5653 3757 5700; x_wconf 81' lang='lat' dir='ltr'><strong>autem</strong></span> 
     </span>
    </p>
   </div>
   <div class='ocr_carea' id='block_1_118' title="bbox 2106 5728 3759 5808">
    <p class='ocr_par' dir='ltr' id='par_1_118' title="bbox 2106 5728 3759 5808">
     <span class='ocr_line' id='line_1_119' title="bbox 2106 5728 3759 5808; baseline 0.002 -20"><span class='ocrx_word' id='word_1_827' title='bbox 2106 5749 2256 5806; x_wconf 88' lang='lat' dir='ltr'><strong>quos</strong></span> <span class='ocrx_word' id='word_1_828' title='bbox 2270 5744 2476 5785; x_wconf 91' lang='lat' dir='ltr'><strong>narras</strong></span> <span class='ocrx_word' id='word_1_829' title='bbox 2494 5728 2657 5783; x_wconf 90' lang='lat' dir='ltr'><strong>minu</strong></span> <span class='ocrx_word' id='word_1_830' title='bbox 2670 5730 2800 5797; x_wconf 90' lang='lat' dir='ltr'><strong>tuli,</strong></span> <span class='ocrx_word' id='word_1_831' title='bbox 2823 5729 3239 5804; x_wconf 90' lang='lat' dir='ltr'><strong>circumspecti</strong></span> <span class='ocrx_word' id='word_1_832' title='bbox 3256 5733 3483 5805; x_wconf 83' lang='lat' dir='ltr'><strong>trepide</strong></span> <span class='ocrx_word' id='word_1_833' title='bbox 3498 5735 3759 5808; x_wconf 90' lang='lat' dir='ltr'><strong>obnoxii,</strong></span> 
     </span>
    </p>
   </div>
  </div>
