  <div class='ocr_page' id='page_1' title='image "/cluster/home/n/w/nwhite01/storage/ocr_20150623/143:no.1/coo.31924054870484/635.png"; bbox 0 0 4120 6420; ppageno 0'>
   <div class='ocr_carea' id='block_1_1' title="bbox 410 416 543 471">
    <p class='ocr_par' dir='ltr' id='par_1_1' title="bbox 410 416 543 471">
     <span class='ocr_line' id='line_1_1' title="bbox 410 416 543 471; baseline 0.008 -1"><span class='ocrx_word' id='word_1_1' title='bbox 410 416 543 471; x_wconf 82' lang='grc'>1251</span> 
     </span>
    </p>
   </div>
   <div class='ocr_carea' id='block_1_2' title="bbox 1928 406 2316 467">
    <p class='ocr_par' dir='ltr' id='par_1_2' title="bbox 1928 406 2316 467">
     <span class='ocr_line' id='line_1_2' title="bbox 1928 406 2316 467; baseline 0.01 -4"><span class='ocrx_word' id='word_1_2' title='bbox 1928 406 2316 467; x_wconf 71' lang='grc' dir='ltr'>ΑΡΡΕΝΟῘΧ.</span> 
     </span>
    </p>
   </div>
   <div class='ocr_carea' id='block_1_3' title="bbox 3700 404 3838 460">
    <p class='ocr_par' dir='ltr' id='par_1_3' title="bbox 3700 404 3838 460">
     <span class='ocr_line' id='line_1_3' title="bbox 3700 404 3838 460; baseline 0.014 -2"><span class='ocrx_word' id='word_1_3' title='bbox 3700 404 3838 460; x_wconf 82' lang='grc'>1252</span> 
     </span>
    </p>
   </div>
   <div class='ocr_carea' id='block_1_4' title="bbox 409 531 3829 607">
    <p class='ocr_par' dir='ltr' id='par_1_4' title="bbox 409 531 3829 607">
     <span class='ocr_line' id='line_1_4' title="bbox 409 531 3829 607; baseline -0.003 -10"><span class='ocrx_word' id='word_1_4' title='bbox 409 542 480 597; x_wconf 90' lang='lat' dir='ltr'>ad</span> <span class='ocrx_word' id='word_1_5' title='bbox 513 556 746 596; x_wconf 81' lang='lat' dir='ltr'>onmem</span> <span class='ocrx_word' id='word_1_6' title='bbox 805 543 1026 594; x_wconf 91' lang='lat' dir='ltr'>motum</span> <span class='ocrx_word' id='word_1_7' title='bbox 1064 537 1182 593; x_wconf 85' lang='lat' dir='ltr'>folii</span> <span class='ocrx_word' id='word_1_8' title='bbox 1222 541 1515 607; x_wconf 82' lang='lat' dir='ltr'>paventes,</span> <span class='ocrx_word' id='word_1_9' title='bbox 1577 536 1687 589; x_wconf 84' lang='lat' dir='ltr'>sibi</span> <span class='ocrx_word' id='word_1_10' title='bbox 1726 534 1861 589; x_wconf 91' lang='lat' dir='ltr'>boni</span> <span class='ocrx_word' id='word_1_11' title='bbox 1896 536 2052 603; x_wconf 89' lang='lat' dir='ltr'>unis,</span> <span class='ocrx_word' id='word_1_12' title='bbox 2088 536 2141 602; x_wconf 78' lang='grc' dir='ltr'><strong>Α</strong></span> <span class='ocrx_word' id='word_1_13' title='bbox 2171 540 2311 606; x_wconf 90' lang='lat' dir='ltr'>ptus</span> <span class='ocrx_word' id='word_1_14' title='bbox 2343 550 2411 591; x_wconf 89' lang='lat' dir='ltr'>ao</span> <span class='ocrx_word' id='word_1_15' title='bbox 2444 536 2647 607; x_wconf 73' lang='lat' dir='ltr'>sortis,</span> <span class='ocrx_word' id='word_1_16' title='bbox 2683 536 2851 605; x_wconf 79' lang='lat' dir='ltr'>friget</span> <span class='ocrx_word' id='word_1_17' title='bbox 2899 533 3058 607; x_wconf 88' lang='lat' dir='ltr'>apud</span> <span class='ocrx_word' id='word_1_18' title='bbox 3087 532 3397 588; x_wconf 78' lang='lat' dir='ltr'>audientes</span> <span class='ocrx_word' id='word_1_19' title='bbox 3422 533 3481 586; x_wconf 87' lang='lat' dir='ltr'>et</span> <span class='ocrx_word' id='word_1_20' title='bbox 3512 531 3829 601; x_wconf 84' lang='lat' dir='ltr'>spernitur.</span> 
     </span>
    </p>
   </div>
   <div class='ocr_carea' id='block_1_5' title="bbox 405 622 2063 701">
    <p class='ocr_par' dir='ltr' id='par_1_5' title="bbox 405 622 2063 701">
     <span class='ocr_line' id='line_1_5' title="bbox 405 622 2063 701; baseline -0.004 -15"><span class='ocrx_word' id='word_1_21' title='bbox 405 633 611 687; x_wconf 88' lang='lat' dir='ltr'>vivunt</span> <span class='ocrx_word' id='word_1_22' title='bbox 638 630 871 701; x_wconf 86' lang='lat' dir='ltr'>inglorii</span> <span class='ocrx_word' id='word_1_23' title='bbox 896 633 953 683; x_wconf 91' lang='lat' dir='ltr'>et</span> <span class='ocrx_word' id='word_1_24' title='bbox 983 628 1211 682; x_wconf 90' lang='lat' dir='ltr'>cunctis</span> <span class='ocrx_word' id='word_1_25' title='bbox 1245 624 1640 697; x_wconf 82' lang='lat' dir='ltr'>ignorabiles;</span> <span class='ocrx_word' id='word_1_26' title='bbox 1674 622 1761 679; x_wconf 90' lang='lat' dir='ltr'>vel</span> <span class='ocrx_word' id='word_1_27' title='bbox 1797 625 1845 679; x_wconf 91' lang='lat' dir='ltr'>si</span> <span class='ocrx_word' id='word_1_28' title='bbox 1880 640 2063 679; x_wconf 53' lang='lat' dir='ltr'>anno.</span> 
     </span>
    </p>
   </div>
   <div class='ocr_carea' id='block_1_6' title="bbox 408 712 2060 785">
    <p class='ocr_par' dir='ltr' id='par_1_6' title="bbox 408 712 2060 785">
     <span class='ocr_line' id='line_1_6' title="bbox 408 712 2060 785; baseline -0.005 -10"><span class='ocrx_word' id='word_1_29' title='bbox 408 737 539 775; x_wconf 90' lang='lat' dir='ltr'>rum</span> <span class='ocrx_word' id='word_1_30' title='bbox 591 734 902 774; x_wconf 86' lang='lat' dir='ltr'>numerum</span> <span class='ocrx_word' id='word_1_31' title='bbox 940 733 972 771; x_wconf 79' lang='grc' dir='ltr'>θ,</span> <span class='ocrx_word' id='word_1_32' title='bbox 1004 716 1143 770; x_wconf 75' lang='lat' dir='ltr'>lmva</span> <span class='ocrx_word' id='word_1_33' title='bbox 1193 712 1589 785; x_wconf 87' lang='lat' dir='ltr'>promoverint</span> <span class='ocrx_word' id='word_1_34' title='bbox 1633 715 1703 768; x_wconf 90' lang='lat' dir='ltr'>ad</span> <span class='ocrx_word' id='word_1_35' title='bbox 1739 715 2060 779; x_wconf 83' lang='lat' dir='ltr'>dexteram,</span> 
     </span>
    </p>
   </div>
   <div class='ocr_carea' id='block_1_7' title="bbox 402 802 1937 879">
    <p class='ocr_par' dir='ltr' id='par_1_7' title="bbox 402 802 1937 879">
     <span class='ocr_line' id='line_1_7' title="bbox 402 802 1937 879; baseline -0.003 -16"><span class='ocrx_word' id='word_1_36' title='bbox 402 809 461 863; x_wconf 92' lang='lat' dir='ltr'>in</span> <span class='ocrx_word' id='word_1_37' title='bbox 496 809 789 879; x_wconf 89' lang='lat' dir='ltr'>decrepito</span> <span class='ocrx_word' id='word_1_38' title='bbox 820 808 957 861; x_wconf 89' lang='lat' dir='ltr'>licet</span> <span class='ocrx_word' id='word_1_39' title='bbox 987 804 1172 874; x_wconf 88' lang='lat' dir='ltr'>senio,</span> <span class='ocrx_word' id='word_1_40' title='bbox 1203 803 1351 858; x_wconf 91' lang='lat' dir='ltr'>mori</span> <span class='ocrx_word' id='word_1_41' title='bbox 1387 802 1615 875; x_wconf 83' lang='lat' dir='ltr'>pueruli</span> <span class='ocrx_word' id='word_1_42' title='bbox 1646 802 1937 859; x_wconf 88' lang='lat' dir='ltr'>videntur.</span> 
     </span>
    </p>
   </div>
   <div class='ocr_carea' id='block_1_8' title="bbox 470 908 2060 978">
    <p class='ocr_par' dir='ltr' id='par_1_8' title="bbox 470 908 2060 978">
     <span class='ocr_line' id='line_1_8' title="bbox 470 908 2060 978; baseline -0.003 -9"><span class='ocrx_word' id='word_1_43' title='bbox 470 916 539 972; x_wconf 87' lang='lat' dir='ltr'>V.</span> <span class='ocrx_word' id='word_1_44' title='bbox 574 913 839 970; x_wconf 80' lang='lat' dir='ltr'>Occurrit</span> <span class='ocrx_word' id='word_1_45' title='bbox 896 912 988 967; x_wconf 92' lang='lat' dir='ltr'>his</span> <span class='ocrx_word' id='word_1_46' title='bbox 1042 916 1243 966; x_wconf 91' lang='lat' dir='ltr'>contra</span> <span class='ocrx_word' id='word_1_47' title='bbox 1300 912 1641 966; x_wconf 88' lang='lat' dir='ltr'>Coronatus.</span> <span class='ocrx_word' id='word_1_48' title='bbox 1688 908 1759 965; x_wconf 90' lang='lat' dir='ltr'>Et</span> <span class='ocrx_word' id='word_1_49' title='bbox 1806 910 1940 978; x_wconf 83' lang='lat' dir='ltr'>ista,</span> <span class='ocrx_word' id='word_1_50' title='bbox 1967 909 2060 965; x_wconf 91' lang='lat' dir='ltr'>in-</span> 
     </span>
    </p>
   </div>
   <div class='ocr_carea' id='block_1_9' title="bbox 402 1001 2059 1078">
    <p class='ocr_par' dir='ltr' id='par_1_9' title="bbox 402 1001 2059 1078">
     <span class='ocr_line' id='line_1_9' title="bbox 402 1001 2059 1078; baseline -0.004 -17"><span class='ocrx_word' id='word_1_51' title='bbox 402 1006 632 1078; x_wconf 85' lang='lat' dir='ltr'>quiens,</span> <span class='ocrx_word' id='word_1_52' title='bbox 657 1022 782 1075; x_wconf 70' lang='lat' dir='ltr'>quae</span> <span class='ocrx_word' id='word_1_53' title='bbox 816 1001 1181 1067; x_wconf 88' lang='lat' dir='ltr'>declamasti,</span> <span class='ocrx_word' id='word_1_54' title='bbox 1207 1017 1314 1055; x_wconf 89' lang='lat' dir='ltr'>nos</span> <span class='ocrx_word' id='word_1_55' title='bbox 1345 1016 1599 1071; x_wconf 89' lang='lat' dir='ltr'>quoque,</span> <span class='ocrx_word' id='word_1_56' title='bbox 1624 1015 1656 1054; x_wconf 86' lang='grc' dir='ltr'>ο</span> <span class='ocrx_word' id='word_1_57' title='bbox 1688 1001 1857 1070; x_wconf 89' lang='lat' dir='ltr'>bone,</span> <span class='ocrx_word' id='word_1_58' title='bbox 1892 1016 2059 1055; x_wconf 87' lang='lat' dir='ltr'>nove-</span> 
     </span>
    </p>
   </div>
   <div class='ocr_carea' id='block_1_10' title="bbox 399 1088 2057 1160">
    <p class='ocr_par' dir='ltr' id='par_1_10' title="bbox 399 1088 2057 1160">
     <span class='ocr_line' id='line_1_10' title="bbox 399 1088 2057 1160; baseline -0.002 -11"><span class='ocrx_word' id='word_1_59' title='bbox 399 1112 633 1160; x_wconf 80' lang='lat' dir='ltr'>ramus;</span> <span class='ocrx_word' id='word_1_60' title='bbox 678 1099 951 1146; x_wconf 70' lang='lat' dir='ltr'>cmterum</span> <span class='ocrx_word' id='word_1_61' title='bbox 1005 1090 1087 1145; x_wconf 87' lang='lat' dir='ltr'>sic</span> <span class='ocrx_word' id='word_1_62' title='bbox 1138 1089 1307 1158; x_wconf 83' lang='lat' dir='ltr'>habe,</span> <span class='ocrx_word' id='word_1_63' title='bbox 1344 1106 1511 1143; x_wconf 86' lang='lat' dir='ltr'>suam</span> <span class='ocrx_word' id='word_1_64' title='bbox 1563 1104 1691 1144; x_wconf 92' lang='lat' dir='ltr'>esse</span> <span class='ocrx_word' id='word_1_65' title='bbox 1738 1088 2057 1160; x_wconf 91' lang='lat' dir='ltr'>unicuique</span> 
     </span>
    </p>
   </div>
   <div class='ocr_carea' id='block_1_11' title="bbox 402 1177 2052 1250">
    <p class='ocr_par' dir='ltr' id='par_1_11' title="bbox 402 1177 2052 1250">
     <span class='ocr_line' id='line_1_11' title="bbox 402 1177 2052 1250; baseline -0.002 -12"><span class='ocrx_word' id='word_1_66' title='bbox 402 1184 783 1239; x_wconf 73' lang='lat' dir='ltr'>constitutam</span> <span class='ocrx_word' id='word_1_67' title='bbox 845 1195 1185 1235; x_wconf 80' lang='lat' dir='ltr'>mensuram</span> <span class='ocrx_word' id='word_1_68' title='bbox 1239 1177 1523 1233; x_wconf 76' lang='lat' dir='ltr'>claritatis</span> <span class='ocrx_word' id='word_1_69' title='bbox 1557 1180 1730 1250; x_wconf 88' lang='lat' dir='ltr'>atque</span> <span class='ocrx_word' id='word_1_70' title='bbox 1764 1179 2007 1233; x_wconf 59' lang='lat' dir='ltr'>fortuna:</span> <span class='ocrx_word' id='word_1_71' title='bbox 2038 1192 2052 1235; x_wconf 88' lang='lat'><strong>:</strong></span> 
     </span>
    </p>
   </div>
   <div class='ocr_carea' id='block_1_12' title="bbox 400 1266 2054 1342">
    <p class='ocr_par' dir='ltr' id='par_1_12' title="bbox 400 1266 2054 1342">
     <span class='ocr_line' id='line_1_12' title="bbox 400 1266 2054 1342; baseline -0.001 -17"><span class='ocrx_word' id='word_1_72' title='bbox 400 1288 581 1342; x_wconf 87' lang='lat' dir='ltr'>quare</span> <span class='ocrx_word' id='word_1_73' title='bbox 612 1269 709 1341; x_wconf 87' lang='lat' dir='ltr'>qui</span> <span class='ocrx_word' id='word_1_74' title='bbox 745 1268 894 1323; x_wconf 88' lang='lat' dir='ltr'>inter</span> <span class='ocrx_word' id='word_1_75' title='bbox 925 1268 1239 1321; x_wconf 86' lang='lat' dir='ltr'>honoratos</span> <span class='ocrx_word' id='word_1_76' title='bbox 1274 1272 1329 1321; x_wconf 90' lang='lat' dir='ltr'>et</span> <span class='ocrx_word' id='word_1_77' title='bbox 1364 1267 1491 1337; x_wconf 92' lang='lat' dir='ltr'>ipse</span> <span class='ocrx_word' id='word_1_78' title='bbox 1518 1266 1737 1322; x_wconf 89' lang='lat' dir='ltr'>honore</span> <span class='ocrx_word' id='word_1_79' title='bbox 1776 1267 2054 1339; x_wconf 88' lang='lat' dir='ltr'>dignatus</span> 
     </span>
    </p>
   </div>
   <div class='ocr_carea' id='block_1_13' title="bbox 399 1354 2050 1431">
    <p class='ocr_par' dir='ltr' id='par_1_13' title="bbox 399 1354 2050 1431">
     <span class='ocr_line' id='line_1_13' title="bbox 399 1354 2050 1431; baseline -0.001 -16"><span class='ocrx_word' id='word_1_80' title='bbox 399 1360 604 1431; x_wconf 87' lang='lat' dir='ltr'>fulget,</span> <span class='ocrx_word' id='word_1_81' title='bbox 631 1364 786 1414; x_wconf 89' lang='lat' dir='ltr'>recte</span> <span class='ocrx_word' id='word_1_82' title='bbox 817 1358 929 1413; x_wconf 85' lang='lat' dir='ltr'>sibi</span> <span class='ocrx_word' id='word_1_83' title='bbox 956 1374 1019 1411; x_wconf 89' lang='lat' dir='ltr'>ac</span> <span class='ocrx_word' id='word_1_84' title='bbox 1044 1374 1161 1412; x_wconf 65' lang='lat' dir='ltr'>suae</span> <span class='ocrx_word' id='word_1_85' title='bbox 1194 1356 1376 1428; x_wconf 88' lang='lat' dir='ltr'>quieti</span> <span class='ocrx_word' id='word_1_86' title='bbox 1409 1354 1792 1421; x_wconf 85' lang='lat' dir='ltr'>consuluerit,</span> <span class='ocrx_word' id='word_1_87' title='bbox 1828 1355 1874 1413; x_wconf 90' lang='lat' dir='ltr'>si</span> <span class='ocrx_word' id='word_1_88' title='bbox 1911 1373 2050 1430; x_wconf 88' lang='lat' dir='ltr'>pru-</span> 
     </span>
    </p>
   </div>
   <div class='ocr_carea' id='block_1_14' title="bbox 399 1445 2053 1521">
    <p class='ocr_par' dir='ltr' id='par_1_14' title="bbox 399 1445 2053 1521">
     <span class='ocr_line' id='line_1_14' title="bbox 399 1445 2053 1521; baseline -0.001 -16"><span class='ocrx_word' id='word_1_89' title='bbox 399 1451 645 1521; x_wconf 88' lang='lat' dir='ltr'>riginem</span> <span class='ocrx_word' id='word_1_90' title='bbox 680 1447 1053 1503; x_wconf 82' lang='lat' dir='ltr'>ambitiosam</span> <span class='ocrx_word' id='word_1_91' title='bbox 1078 1446 1425 1517; x_wconf 85' lang='lat' dir='ltr'>assurgendi</span> <span class='ocrx_word' id='word_1_92' title='bbox 1446 1445 1624 1501; x_wconf 86' lang='lat' dir='ltr'>altius</span> <span class='ocrx_word' id='word_1_93' title='bbox 1646 1458 2053 1519; x_wconf 83' lang='lat' dir='ltr'>compescens,</span> 
     </span>
    </p>
   </div>
   <div class='ocr_carea' id='block_1_15' title="bbox 396 1535 2051 1608">
    <p class='ocr_par' dir='ltr' id='par_1_15' title="bbox 396 1535 2051 1608">
     <span class='ocr_line' id='line_1_15' title="bbox 396 1535 2051 1608; baseline -0.001 -14"><span class='ocrx_word' id='word_1_94' title='bbox 396 1542 456 1595; x_wconf 90' lang='lat' dir='ltr'>in</span> <span class='ocrx_word' id='word_1_95' title='bbox 492 1557 597 1596; x_wconf 92' lang='lat' dir='ltr'>suo</span> <span class='ocrx_word' id='word_1_96' title='bbox 630 1539 869 1594; x_wconf 83' lang='lat' dir='ltr'>sedebat</span> <span class='ocrx_word' id='word_1_97' title='bbox 918 1537 1104 1607; x_wconf 86' lang='lat' dir='ltr'>gradu</span> <span class='ocrx_word' id='word_1_98' title='bbox 1154 1535 1539 1606; x_wconf 89' lang='lat' dir='ltr'>tranquillus.</span> <span class='ocrx_word' id='word_1_99' title='bbox 1572 1536 1721 1599; x_wconf 87' lang='lat' dir='ltr'>Quid</span> <span class='ocrx_word' id='word_1_100' title='bbox 1762 1552 1896 1608; x_wconf 86' lang='lat' dir='ltr'>ergo</span> <span class='ocrx_word' id='word_1_101' title='bbox 1945 1554 2051 1593; x_wconf 89' lang='lat' dir='ltr'>nos</span> 
     </span>
    </p>
   </div>
   <div class='ocr_carea' id='block_1_16' title="bbox 395 1626 2047 1702">
    <p class='ocr_par' dir='ltr' id='par_1_16' title="bbox 395 1626 2047 1702">
     <span class='ocr_line' id='line_1_16' title="bbox 395 1626 2047 1702; baseline -0.002 -14"><span class='ocrx_word' id='word_1_102' title='bbox 395 1632 554 1688; x_wconf 85' lang='lat' dir='ltr'>aliud</span> <span class='ocrx_word' id='word_1_103' title='bbox 581 1646 932 1702; x_wconf 68' lang='lat' dir='ltr'>quaeramus,</span> <span class='ocrx_word' id='word_1_104' title='bbox 951 1629 1050 1699; x_wconf 90' lang='lat' dir='ltr'>qui</span> <span class='ocrx_word' id='word_1_105' title='bbox 1074 1628 1245 1683; x_wconf 88' lang='lat' dir='ltr'>ambo</span> <span class='ocrx_word' id='word_1_106' title='bbox 1269 1626 1511 1699; x_wconf 81' lang='lat' dir='ltr'>gratiosi</span> <span class='ocrx_word' id='word_1_107' title='bbox 1533 1630 1685 1700; x_wconf 89' lang='lat' dir='ltr'>apud</span> <span class='ocrx_word' id='word_1_108' title='bbox 1723 1630 2047 1702; x_wconf 85' lang='lat' dir='ltr'>principem</span> 
     </span>
    </p>
   </div>
   <div class='ocr_carea' id='block_1_17' title="bbox 392 1716 2051 1792">
    <p class='ocr_par' dir='ltr' id='par_1_17' title="bbox 392 1716 2051 1792">
     <span class='ocr_line' id='line_1_17' title="bbox 392 1716 2051 1792; baseline -0.001 -17"><span class='ocrx_word' id='word_1_109' title='bbox 392 1721 453 1777; x_wconf 90' lang='lat' dir='ltr'>in</span> <span class='ocrx_word' id='word_1_110' title='bbox 505 1720 699 1792; x_wconf 89' lang='lat' dir='ltr'>amplo</span> <span class='ocrx_word' id='word_1_111' title='bbox 732 1716 1059 1774; x_wconf 89' lang='lat' dir='ltr'>ministerio</span> <span class='ocrx_word' id='word_1_112' title='bbox 1091 1718 1441 1773; x_wconf 86' lang='lat' dir='ltr'>versamur?</span> <span class='ocrx_word' id='word_1_113' title='bbox 1490 1716 1592 1771; x_wconf 88' lang='lat' dir='ltr'>Cui</span> <span class='ocrx_word' id='word_1_114' title='bbox 1642 1718 1751 1773; x_wconf 93' lang='lat' dir='ltr'>hoc</span> <span class='ocrx_word' id='word_1_115' title='bbox 1801 1736 1915 1774; x_wconf 91' lang='lat' dir='ltr'>non</span> <span class='ocrx_word' id='word_1_116' title='bbox 1963 1721 2051 1775; x_wconf 89' lang='lat' dir='ltr'>est</span> 
     </span>
    </p>
   </div>
   <div class='ocr_carea' id='block_1_18' title="bbox 393 1804 2048 1877">
    <p class='ocr_par' dir='ltr' id='par_1_18' title="bbox 393 1804 2048 1877">
     <span class='ocr_line' id='line_1_18' title="bbox 393 1804 2048 1877; baseline -0.001 -12"><span class='ocrx_word' id='word_1_117' title='bbox 393 1811 557 1876; x_wconf 81' lang='lat' dir='ltr'>satis,</span> <span class='ocrx_word' id='word_1_118' title='bbox 592 1808 737 1863; x_wconf 90' lang='lat' dir='ltr'>nihil</span> <span class='ocrx_word' id='word_1_119' title='bbox 790 1808 1062 1864; x_wconf 82' lang='lat' dir='ltr'>sufficiet.</span> <span class='ocrx_word' id='word_1_120' title='bbox 1094 1807 1291 1876; x_wconf 84' lang='lat' dir='ltr'>Atqui,</span> <span class='ocrx_word' id='word_1_121' title='bbox 1324 1804 1405 1861; x_wconf 87' lang='lat' dir='ltr'>ait</span> <span class='ocrx_word' id='word_1_122' title='bbox 1452 1806 1807 1877; x_wconf 86' lang='lat' dir='ltr'>Vestigator,</span> <span class='ocrx_word' id='word_1_123' title='bbox 1842 1824 2048 1864; x_wconf 91' lang='lat' dir='ltr'>omnes</span> 
     </span>
    </p>
   </div>
   <div class='ocr_carea' id='block_1_19' title="bbox 2170 622 3829 696">
    <p class='ocr_par' dir='ltr' id='par_1_19' title="bbox 2170 622 3829 696">
     <span class='ocr_line' id='line_1_19' title="bbox 2170 622 3829 696; baseline -0.001 -18"><span class='ocrx_word' id='word_1_124' title='bbox 2170 625 2255 679; x_wconf 85' lang='lat' dir='ltr'>Sit</span> <span class='ocrx_word' id='word_1_125' title='bbox 2304 627 2387 681; x_wconf 89' lang='lat' dir='ltr'>ita</span> <span class='ocrx_word' id='word_1_126' title='bbox 2439 642 2599 696; x_wconf 83' lang='lat' dir='ltr'>sane,</span> <span class='ocrx_word' id='word_1_127' title='bbox 2633 625 2937 696; x_wconf 87' lang='lat' dir='ltr'>respondit</span> <span class='ocrx_word' id='word_1_128' title='bbox 2993 624 3341 691; x_wconf 89' lang='lat' dir='ltr'>Coronatus,</span> <span class='ocrx_word' id='word_1_129' title='bbox 3375 622 3574 676; x_wconf 89' lang='lat' dir='ltr'>vincas</span> <span class='ocrx_word' id='word_1_130' title='bbox 3624 636 3829 676; x_wconf 87' lang='lat' dir='ltr'>omnes</span> 
     </span>
    </p>
   </div>
   <div class='ocr_carea' id='block_1_20' title="bbox 2170 714 3825 787">
    <p class='ocr_par' dir='ltr' id='par_1_20' title="bbox 2170 714 3825 787">
     <span class='ocr_line' id='line_1_20' title="bbox 2170 714 3825 787; baseline -0.002 -19"><span class='ocrx_word' id='word_1_131' title='bbox 2170 715 2406 786; x_wconf 88' lang='lat' dir='ltr'>ingenio</span> <span class='ocrx_word' id='word_1_132' title='bbox 2461 718 2601 771; x_wconf 91' lang='lat' dir='ltr'>dum</span> <span class='ocrx_word' id='word_1_133' title='bbox 2644 714 2978 787; x_wconf 88' lang='lat' dir='ltr'>disputabis</span> <span class='ocrx_word' id='word_1_134' title='bbox 3010 728 3205 768; x_wconf 90' lang='lat' dir='ltr'>coram</span> <span class='ocrx_word' id='word_1_135' title='bbox 3240 726 3373 783; x_wconf 88' lang='lat' dir='ltr'>rege</span> <span class='ocrx_word' id='word_1_136' title='bbox 3405 726 3418 766; x_wconf 87' lang='lat'><strong>:</strong></span> <span class='ocrx_word' id='word_1_137' title='bbox 3453 727 3525 765; x_wconf 83' lang='lat' dir='ltr'>an</span> <span class='ocrx_word' id='word_1_138' title='bbox 3558 714 3621 765; x_wconf 89' lang='lat' dir='ltr'>tu</span> <span class='ocrx_word' id='word_1_139' title='bbox 3658 714 3825 781; x_wconf 86' lang='lat' dir='ltr'>putas</span> 
     </span>
    </p>
   </div>
   <div class='ocr_carea' id='block_1_21' title="bbox 2170 803 3828 877">
    <p class='ocr_par' dir='ltr' id='par_1_21' title="bbox 2170 803 3828 877">
     <span class='ocr_line' id='line_1_21' title="bbox 2170 803 3828 877; baseline -0.004 -18"><span class='ocrx_word' id='word_1_140' title='bbox 2170 804 2357 860; x_wconf 87' lang='lat' dir='ltr'>solere</span> <span class='ocrx_word' id='word_1_141' title='bbox 2408 806 2701 877; x_wconf 80' lang='lat' dir='ltr'>principes</span> <span class='ocrx_word' id='word_1_142' title='bbox 2747 803 3018 876; x_wconf 78' lang='lat' dir='ltr'>amplecti</span> <span class='ocrx_word' id='word_1_143' title='bbox 3050 818 3282 858; x_wconf 89' lang='lat' dir='ltr'>summo</span> <span class='ocrx_word' id='word_1_144' title='bbox 3316 803 3509 857; x_wconf 80' lang='lat' dir='ltr'>favore</span> <span class='ocrx_word' id='word_1_145' title='bbox 3541 805 3828 872; x_wconf 34' lang='lat' dir='ltr'>praestans</span> 
     </span>
    </p>
   </div>
   <div class='ocr_carea' id='block_1_22' title="bbox 2170 888 3823 967">
    <p class='ocr_par' dir='ltr' id='par_1_22' title="bbox 2170 888 3823 967">
     <span class='ocr_line' id='line_1_22' title="bbox 2170 888 3823 967; baseline -0.002 -20"><span class='ocrx_word' id='word_1_146' title='bbox 2170 893 2471 949; x_wconf 88' lang='lat' dir='ltr'>tissimum</span> <span class='ocrx_word' id='word_1_147' title='bbox 2505 910 2795 967; x_wconf 90' lang='lat' dir='ltr'>quemque</span> <span class='ocrx_word' id='word_1_148' title='bbox 2823 894 2850 949; x_wconf 85' lang='lat'><strong><em>?</em></strong></span> <span class='ocrx_word' id='word_1_149' title='bbox 2899 892 3202 964; x_wconf 89' lang='lat' dir='ltr'>Atquiviti</span> <span class='ocrx_word' id='word_1_150' title='bbox 3255 891 3341 946; x_wconf 87' lang='lat' dir='ltr'>illi</span> <span class='ocrx_word' id='word_1_151' title='bbox 3391 900 3532 946; x_wconf 89' lang='lat' dir='ltr'>sunt</span> <span class='ocrx_word' id='word_1_152' title='bbox 3577 888 3823 959; x_wconf 83' lang='lat' dir='ltr'>similes,</span> 
     </span>
    </p>
   </div>
   <div class='ocr_carea' id='block_1_23' title="bbox 2168 979 3826 1056">
    <p class='ocr_par' dir='ltr' id='par_1_23' title="bbox 2168 979 3826 1056">
     <span class='ocr_line' id='line_1_23' title="bbox 2168 979 3826 1056; baseline -0.002 -19"><span class='ocrx_word' id='word_1_153' title='bbox 2168 1000 2293 1054; x_wconf 83' lang='lat' dir='ltr'>quae</span> <span class='ocrx_word' id='word_1_154' title='bbox 2321 985 2613 1056; x_wconf 86' lang='lat' dir='ltr'>pampinis</span> <span class='ocrx_word' id='word_1_155' title='bbox 2647 985 2772 1040; x_wconf 82' lang='lat' dir='ltr'>suis</span> <span class='ocrx_word' id='word_1_156' title='bbox 2804 983 2987 1056; x_wconf 87' lang='lat' dir='ltr'>cingit</span> <span class='ocrx_word' id='word_1_157' title='bbox 3017 1000 3083 1039; x_wconf 91' lang='lat' dir='ltr'>ac</span> <span class='ocrx_word' id='word_1_158' title='bbox 3113 982 3353 1053; x_wconf 88' lang='lat' dir='ltr'>stringit</span> <span class='ocrx_word' id='word_1_159' title='bbox 3399 997 3513 1036; x_wconf 92' lang='lat' dir='ltr'>non</span> <span class='ocrx_word' id='word_1_160' title='bbox 3568 979 3826 1050; x_wconf 76' lang='lat' dir='ltr'>optimas</span> 
     </span>
    </p>
   </div>
   <div class='ocr_carea' id='block_1_24' title="bbox 2167 1072 3825 1149">
    <p class='ocr_par' dir='ltr' id='par_1_24' title="bbox 2167 1072 3825 1149">
     <span class='ocr_line' id='line_1_24' title="bbox 2167 1072 3825 1149; baseline -0.002 -21"><span class='ocrx_word' id='word_1_161' title='bbox 2167 1076 2467 1145; x_wconf 88' lang='lat' dir='ltr'>arborum,</span> <span class='ocrx_word' id='word_1_162' title='bbox 2495 1078 2593 1132; x_wconf 86' lang='lat' dir='ltr'>sed</span> <span class='ocrx_word' id='word_1_163' title='bbox 2629 1076 2948 1149; x_wconf 82' lang='lat' dir='ltr'>proximas.</span> <span class='ocrx_word' id='word_1_164' title='bbox 2969 1076 3213 1130; x_wconf 88' lang='lat' dir='ltr'>Favores</span> <span class='ocrx_word' id='word_1_165' title='bbox 3245 1074 3398 1145; x_wconf 86' lang='lat' dir='ltr'>regis</span> <span class='ocrx_word' id='word_1_166' title='bbox 3430 1072 3547 1127; x_wconf 88' lang='lat' dir='ltr'>illis</span> <span class='ocrx_word' id='word_1_167' title='bbox 3579 1087 3825 1127; x_wconf 39' lang='lat' dir='ltr'>servans</span> 
     </span>
    </p>
   </div>
   <div class='ocr_carea' id='block_1_25' title="bbox 2167 1162 3822 1238">
    <p class='ocr_par' dir='ltr' id='par_1_25' title="bbox 2167 1162 3822 1238">
     <span class='ocr_line' id='line_1_25' title="bbox 2167 1162 3822 1238; baseline -0.004 -19"><span class='ocrx_word' id='word_1_168' title='bbox 2167 1170 2283 1236; x_wconf 88' lang='lat' dir='ltr'>tur,</span> <span class='ocrx_word' id='word_1_169' title='bbox 2318 1166 2413 1237; x_wconf 91' lang='lat' dir='ltr'>qui</span> <span class='ocrx_word' id='word_1_170' title='bbox 2458 1166 2668 1221; x_wconf 86' lang='lat' dir='ltr'>intimo</span> <span class='ocrx_word' id='word_1_171' title='bbox 2710 1165 2824 1238; x_wconf 87' lang='lat' dir='ltr'>ipsi</span> <span class='ocrx_word' id='word_1_172' title='bbox 2873 1166 3273 1236; x_wconf 90' lang='lat' dir='ltr'>diuturnoque</span> <span class='ocrx_word' id='word_1_173' title='bbox 3331 1162 3600 1218; x_wconf 88' lang='lat' dir='ltr'>convictu</span> <span class='ocrx_word' id='word_1_174' title='bbox 3661 1172 3822 1215; x_wconf 88' lang='lat' dir='ltr'>com-</span> 
     </span>
    </p>
   </div>
   <div class='ocr_carea' id='block_1_26' title="bbox 2165 1249 3823 1327">
    <p class='ocr_par' dir='ltr' id='par_1_26' title="bbox 2165 1249 3823 1327">
     <span class='ocr_line' id='line_1_26' title="bbox 2165 1249 3823 1327; baseline -0.002 -21"><span class='ocrx_word' id='word_1_175' title='bbox 2165 1255 2447 1324; x_wconf 90' lang='lat' dir='ltr'>mendati,</span> <span class='ocrx_word' id='word_1_176' title='bbox 2482 1255 2868 1327; x_wconf 66' lang='lat' dir='ltr'>praaferuntur</span> <span class='ocrx_word' id='word_1_177' title='bbox 2908 1253 3157 1319; x_wconf 88' lang='lat' dir='ltr'>cunctis,</span> <span class='ocrx_word' id='word_1_178' title='bbox 3195 1251 3535 1324; x_wconf 75' lang='lat' dir='ltr'>praejudicio</span> <span class='ocrx_word' id='word_1_179' title='bbox 3568 1249 3823 1319; x_wconf 84' lang='lat' dir='ltr'>quodam</span> 
     </span>
    </p>
   </div>
   <div class='ocr_carea' id='block_1_27' title="bbox 2163 1339 3824 1416">
    <p class='ocr_par' dir='ltr' id='par_1_27' title="bbox 2163 1339 3824 1416">
     <span class='ocr_line' id='line_1_27' title="bbox 2163 1339 3824 1416; baseline -0.002 -19"><span class='ocrx_word' id='word_1_180' title='bbox 2163 1344 2419 1416; x_wconf 71' lang='lat' dir='ltr'>antiquas</span> <span class='ocrx_word' id='word_1_181' title='bbox 2453 1344 2869 1400; x_wconf 84' lang='lat' dir='ltr'>familiaritatis</span> <span class='ocrx_word' id='word_1_182' title='bbox 2905 1359 2917 1397; x_wconf 90' lang='lat'><strong>:</strong></span> <span class='ocrx_word' id='word_1_183' title='bbox 2952 1360 2985 1398; x_wconf 92' lang='lat' dir='ltr'>a</span> <span class='ocrx_word' id='word_1_184' title='bbox 3015 1359 3133 1413; x_wconf 90' lang='lat' dir='ltr'>qua</span> <span class='ocrx_word' id='word_1_185' title='bbox 3163 1348 3224 1398; x_wconf 92' lang='lat' dir='ltr'>tu</span> <span class='ocrx_word' id='word_1_186' title='bbox 3259 1357 3394 1397; x_wconf 90' lang='lat' dir='ltr'>cum</span> <span class='ocrx_word' id='word_1_187' title='bbox 3427 1342 3597 1412; x_wconf 88' lang='lat' dir='ltr'>longe</span> <span class='ocrx_word' id='word_1_188' title='bbox 3629 1339 3824 1394; x_wconf 81' lang='lat' dir='ltr'>hacte-</span> 
     </span>
    </p>
   </div>
   <div class='ocr_carea' id='block_1_28' title="bbox 2163 1428 3820 1504">
    <p class='ocr_par' dir='ltr' id='par_1_28' title="bbox 2163 1428 3820 1504">
     <span class='ocr_line' id='line_1_28' title="bbox 2163 1428 3820 1504; baseline -0.002 -18"><span class='ocrx_word' id='word_1_189' title='bbox 2163 1446 2277 1488; x_wconf 85' lang='lat' dir='ltr'>nus</span> <span class='ocrx_word' id='word_1_190' title='bbox 2336 1434 2615 1504; x_wconf 88' lang='lat' dir='ltr'>abfueris,</span> <span class='ocrx_word' id='word_1_191' title='bbox 2652 1451 2834 1489; x_wconf 89' lang='lat' dir='ltr'>novus</span> <span class='ocrx_word' id='word_1_192' title='bbox 2861 1432 3085 1489; x_wconf 89' lang='lat' dir='ltr'>scilicet</span> <span class='ocrx_word' id='word_1_193' title='bbox 3115 1432 3269 1501; x_wconf 88' lang='lat' dir='ltr'>istic,</span> <span class='ocrx_word' id='word_1_194' title='bbox 3304 1432 3482 1487; x_wconf 90' lang='lat' dir='ltr'>etiam</span> <span class='ocrx_word' id='word_1_195' title='bbox 3518 1446 3621 1502; x_wconf 91' lang='lat' dir='ltr'>pro</span> <span class='ocrx_word' id='word_1_196' title='bbox 3652 1428 3820 1499; x_wconf 87' lang='lat' dir='ltr'>igno-</span> 
     </span>
    </p>
   </div>
   <div class='ocr_carea' id='block_1_29' title="bbox 2161 1519 3819 1595">
    <p class='ocr_par' dir='ltr' id='par_1_29' title="bbox 2161 1519 3819 1595">
     <span class='ocr_line' id='line_1_29' title="bbox 2161 1519 3819 1595; baseline -0.002 -19"><span class='ocrx_word' id='word_1_197' title='bbox 2161 1527 2218 1577; x_wconf 90' lang='lat' dir='ltr'>to</span> <span class='ocrx_word' id='word_1_198' title='bbox 2269 1524 2656 1595; x_wconf 85' lang='lat' dir='ltr'>negligendus</span> <span class='ocrx_word' id='word_1_199' title='bbox 2704 1522 3036 1595; x_wconf 82' lang='lat' dir='ltr'>apparebis.</span> <span class='ocrx_word' id='word_1_200' title='bbox 3071 1522 3155 1576; x_wconf 89' lang='lat' dir='ltr'>Ad</span> <span class='ocrx_word' id='word_1_201' title='bbox 3202 1537 3270 1576; x_wconf 91' lang='lat' dir='ltr'>ea</span> <span class='ocrx_word' id='word_1_202' title='bbox 3314 1519 3665 1589; x_wconf 86' lang='lat' dir='ltr'>Vestigator.</span> <span class='ocrx_word' id='word_1_203' title='bbox 3698 1523 3819 1573; x_wconf 84' lang='lat' dir='ltr'>Nec</span> 
     </span>
    </p>
   </div>
   <div class='ocr_carea' id='block_1_30' title="bbox 2161 1608 3818 1682">
    <p class='ocr_par' dir='ltr' id='par_1_30' title="bbox 2161 1608 3818 1682">
     <span class='ocr_line' id='line_1_30' title="bbox 2161 1608 3818 1682; baseline -0.004 -14"><span class='ocrx_word' id='word_1_204' title='bbox 2161 1613 2428 1668; x_wconf 90' lang='lat' dir='ltr'>inaudita</span> <span class='ocrx_word' id='word_1_205' title='bbox 2484 1613 2651 1679; x_wconf 90' lang='lat' dir='ltr'>mihi,</span> <span class='ocrx_word' id='word_1_206' title='bbox 2710 1629 2816 1668; x_wconf 91' lang='lat' dir='ltr'>nec</span> <span class='ocrx_word' id='word_1_207' title='bbox 2874 1611 3043 1679; x_wconf 90' lang='lat' dir='ltr'>falsa,</span> <span class='ocrx_word' id='word_1_208' title='bbox 3100 1611 3315 1682; x_wconf 91' lang='lat' dir='ltr'>inquit,</span> <span class='ocrx_word' id='word_1_209' title='bbox 3369 1608 3651 1674; x_wconf 85' lang='lat' dir='ltr'>disseris;</span> <span class='ocrx_word' id='word_1_210' title='bbox 3704 1620 3818 1662; x_wconf 62' lang='lat' dir='ltr'>caeo</span> 
     </span>
    </p>
   </div>
   <div class='ocr_carea' id='block_1_31' title="bbox 2161 1696 3817 1771">
    <p class='ocr_par' dir='ltr' id='par_1_31' title="bbox 2161 1696 3817 1771">
     <span class='ocr_line' id='line_1_31' title="bbox 2161 1696 3817 1771; baseline -0.004 -13"><span class='ocrx_word' id='word_1_211' title='bbox 2161 1707 2377 1771; x_wconf 90' lang='lat' dir='ltr'>terum,</span> <span class='ocrx_word' id='word_1_212' title='bbox 2410 1706 2466 1758; x_wconf 88' lang='lat' dir='ltr'>et</span> <span class='ocrx_word' id='word_1_213' title='bbox 2516 1702 2661 1757; x_wconf 91' lang='lat' dir='ltr'>illud</span> <span class='ocrx_word' id='word_1_214' title='bbox 2713 1702 2844 1757; x_wconf 80' lang='lat' dir='ltr'>novi</span> <span class='ocrx_word' id='word_1_215' title='bbox 2893 1701 3062 1771; x_wconf 89' lang='lat' dir='ltr'>istos,</span> <span class='ocrx_word' id='word_1_216' title='bbox 3096 1715 3246 1771; x_wconf 90' lang='lat' dir='ltr'>quos</span> <span class='ocrx_word' id='word_1_217' title='bbox 3292 1715 3499 1754; x_wconf 86' lang='lat' dir='ltr'>narras</span> <span class='ocrx_word' id='word_1_218' title='bbox 3533 1696 3652 1769; x_wconf 88' lang='lat' dir='ltr'>regi</span> <span class='ocrx_word' id='word_1_219' title='bbox 3684 1712 3817 1753; x_wconf 88' lang='lat' dir='ltr'>esse</span> 
     </span>
    </p>
   </div>
   <div class='ocr_carea' id='block_1_32' title="bbox 2162 1786 3817 1864">
    <p class='ocr_par' dir='ltr' id='par_1_32' title="bbox 2162 1786 3817 1864">
     <span class='ocr_line' id='line_1_32' title="bbox 2162 1786 3817 1864; baseline -0.004 -17"><span class='ocrx_word' id='word_1_220' title='bbox 2162 1793 2427 1859; x_wconf 88' lang='lat' dir='ltr'>intimos,</span> <span class='ocrx_word' id='word_1_221' title='bbox 2458 1794 2715 1864; x_wconf 90' lang='lat' dir='ltr'>primum</span> <span class='ocrx_word' id='word_1_222' title='bbox 2751 1791 3067 1863; x_wconf 78' lang='lat' dir='ltr'>aliquando</span> <span class='ocrx_word' id='word_1_223' title='bbox 3099 1791 3171 1845; x_wconf 87' lang='lat' dir='ltr'>ad</span> <span class='ocrx_word' id='word_1_224' title='bbox 3204 1806 3337 1845; x_wconf 90' lang='lat' dir='ltr'>eum</span> <span class='ocrx_word' id='word_1_225' title='bbox 3372 1800 3673 1843; x_wconf 88' lang='lat' dir='ltr'>accessum</span> <span class='ocrx_word' id='word_1_226' title='bbox 3707 1786 3817 1841; x_wconf 91' lang='lat' dir='ltr'>ha-</span> 
     </span>
    </p>
   </div>
   <div class='ocr_carea' id='block_1_33' title="bbox 393 1875 3822 1973">
    <p class='ocr_par' dir='ltr' id='par_1_33' title="bbox 393 1875 3822 1973">
     <span class='ocr_line' id='line_1_33' title="bbox 393 1875 3822 1973; baseline -0.003 -20"><span class='ocrx_word' id='word_1_227' title='bbox 393 1875 549 1953; x_wconf 80' lang='lat' dir='ltr'>aulae</span> <span class='ocrx_word' id='word_1_228' title='bbox 574 1916 639 1953; x_wconf 88' lang='lat' dir='ltr'>ac</span> <span class='ocrx_word' id='word_1_229' title='bbox 671 1897 855 1967; x_wconf 81' lang='lat' dir='ltr'>regni,</span> <span class='ocrx_word' id='word_1_230' title='bbox 886 1896 1133 1966; x_wconf 81' lang='lat' dir='ltr'>vitaeque</span> <span class='ocrx_word' id='word_1_231' title='bbox 1180 1875 1322 1950; x_wconf 86' lang='lat' dir='ltr'>adeo</span> <span class='ocrx_word' id='word_1_232' title='bbox 1375 1912 1440 1950; x_wconf 89' lang='lat' dir='ltr'>ac</span> <span class='ocrx_word' id='word_1_233' title='bbox 1490 1875 1697 1950; x_wconf 44' lang='lat' dir='ltr'>mun—di</span> <span class='ocrx_word' id='word_1_234' title='bbox 1730 1894 2047 1969; x_wconf 86' lang='lat' dir='ltr'>dignitates</span> <span class='ocrx_word' id='word_1_235' title='bbox 2079 1908 2126 1973; x_wconf 80' lang='grc' dir='ltr'>Β</span> <span class='ocrx_word' id='word_1_236' title='bbox 2157 1882 2382 1973; x_wconf 46' lang='lat' dir='ltr'>imissa;</span> <span class='ocrx_word' id='word_1_237' title='bbox 2420 1896 2725 1973; x_wconf 67' lang='lat' dir='ltr'>numquam</span> <span class='ocrx_word' id='word_1_238' title='bbox 2775 1885 2947 1936; x_wconf 66' lang='lat' dir='ltr'>antea</span> <span class='ocrx_word' id='word_1_239' title='bbox 2994 1880 3179 1973; x_wconf 44' lang='lat' dir='ltr'>“509i</span> <span class='ocrx_word' id='word_1_240' title='bbox 3206 1883 3365 1973; x_wconf 38' lang='grc' dir='ltr'>ᾖδε-ει</span> <span class='ocrx_word' id='word_1_241' title='bbox 3397 1877 3603 1973; x_wconf 50' lang='lat' dir='ltr'>humili</span> <span class='ocrx_word' id='word_1_242' title='bbox 3638 1877 3708 1973; x_wconf 50' lang='lat' dir='ltr'>{id</span> <span class='ocrx_word' id='word_1_243' title='bbox 3746 1875 3822 1929; x_wconf 70' lang='lat' dir='ltr'>ll“</span> 
     </span>
    </p>
   </div>
   <div class='ocr_carea' id='block_1_34' title="bbox 388 1984 2046 2060">
    <p class='ocr_par' dir='ltr' id='par_1_34' title="bbox 388 1984 2046 2060">
     <span class='ocr_line' id='line_1_34' title="bbox 388 1984 2046 2060; baseline 0.001 -17"><span class='ocrx_word' id='word_1_244' title='bbox 388 1987 446 2043; x_wconf 89' lang='lat' dir='ltr'>in</span> <span class='ocrx_word' id='word_1_245' title='bbox 473 2002 781 2043; x_wconf 85' lang='lat' dir='ltr'>commune</span> <span class='ocrx_word' id='word_1_246' title='bbox 814 1988 1226 2057; x_wconf 88' lang='lat' dir='ltr'>proponuntur</span> <span class='ocrx_word' id='word_1_247' title='bbox 1260 1984 1497 2056; x_wconf 71' lang='lat' dir='ltr'>praemia</span> <span class='ocrx_word' id='word_1_248' title='bbox 1530 1986 1904 2060; x_wconf 87' lang='lat' dir='ltr'>merentium,</span> <span class='ocrx_word' id='word_1_249' title='bbox 1926 1988 2046 2046; x_wconf 87' lang='lat' dir='ltr'>fru-</span> 
     </span>
    </p>
   </div>
   <div class='ocr_carea' id='block_1_35' title="bbox 390 2072 2044 2146">
    <p class='ocr_par' dir='ltr' id='par_1_35' title="bbox 390 2072 2044 2146">
     <span class='ocr_line' id='line_1_35' title="bbox 390 2072 2044 2146; baseline 0.002 -15"><span class='ocrx_word' id='word_1_250' title='bbox 390 2082 518 2131; x_wconf 89' lang='lat' dir='ltr'>ctus</span> <span class='ocrx_word' id='word_1_251' title='bbox 558 2076 925 2131; x_wconf 90' lang='lat' dir='ltr'>audentium.</span> <span class='ocrx_word' id='word_1_252' title='bbox 961 2077 1164 2146; x_wconf 89' lang='lat' dir='ltr'>Itaque</span> <span class='ocrx_word' id='word_1_253' title='bbox 1222 2077 1505 2143; x_wconf 90' lang='lat' dir='ltr'>tanquam</span> <span class='ocrx_word' id='word_1_254' title='bbox 1556 2072 1626 2127; x_wconf 90' lang='lat' dir='ltr'>ad</span> <span class='ocrx_word' id='word_1_255' title='bbox 1682 2074 1937 2145; x_wconf 87' lang='lat' dir='ltr'>palmam</span> <span class='ocrx_word' id='word_1_256' title='bbox 1984 2078 2044 2135; x_wconf 92' lang='lat' dir='ltr'>in</span> 
     </span>
    </p>
   </div>
   <div class='ocr_carea' id='block_1_36' title="bbox 391 2162 2045 2237">
    <p class='ocr_par' dir='ltr' id='par_1_36' title="bbox 391 2162 2045 2237">
     <span class='ocr_line' id='line_1_36' title="bbox 391 2162 2045 2237; baseline 0.001 -16"><span class='ocrx_word' id='word_1_257' title='bbox 391 2166 582 2221; x_wconf 90' lang='lat' dir='ltr'>medio</span> <span class='ocrx_word' id='word_1_258' title='bbox 631 2164 881 2237; x_wconf 84' lang='lat' dir='ltr'>positam</span> <span class='ocrx_word' id='word_1_259' title='bbox 909 2165 1011 2232; x_wconf 85' lang='lat' dir='ltr'>jus</span> <span class='ocrx_word' id='word_1_260' title='bbox 1038 2162 1467 2232; x_wconf 90' lang='lat' dir='ltr'>arbitriumque</span> <span class='ocrx_word' id='word_1_261' title='bbox 1514 2162 1727 2233; x_wconf 92' lang='lat' dir='ltr'>cuique</span> <span class='ocrx_word' id='word_1_262' title='bbox 1771 2171 1858 2220; x_wconf 86' lang='lat' dir='ltr'>est</span> <span class='ocrx_word' id='word_1_263' title='bbox 1911 2184 2045 2223; x_wconf 90' lang='lat' dir='ltr'>cur-</span> 
     </span>
    </p>
   </div>
   <div class='ocr_carea' id='block_1_37' title="bbox 390 2251 2042 2327">
    <p class='ocr_par' dir='ltr' id='par_1_37' title="bbox 390 2251 2042 2327">
     <span class='ocr_line' id='line_1_37' title="bbox 390 2251 2042 2327; baseline 0.002 -16"><span class='ocrx_word' id='word_1_264' title='bbox 390 2255 555 2311; x_wconf 90' lang='lat' dir='ltr'>rendi</span> <span class='ocrx_word' id='word_1_265' title='bbox 605 2259 661 2311; x_wconf 92' lang='lat' dir='ltr'>et</span> <span class='ocrx_word' id='word_1_266' title='bbox 710 2251 1051 2327; x_wconf 86' lang='lat' dir='ltr'>experiundi</span> <span class='ocrx_word' id='word_1_267' title='bbox 1113 2252 1252 2324; x_wconf 90' lang='lat' dir='ltr'>quid</span> <span class='ocrx_word' id='word_1_268' title='bbox 1314 2251 1517 2322; x_wconf 88' lang='lat' dir='ltr'>possit.</span> <span class='ocrx_word' id='word_1_269' title='bbox 1571 2257 1650 2308; x_wconf 83' lang='lat' dir='ltr'><strong>Ex</strong></span> <span class='ocrx_word' id='word_1_270' title='bbox 1700 2254 2042 2314; x_wconf 90' lang='lat' dir='ltr'>discrimine</span> 
     </span>
    </p>
   </div>
   <div class='ocr_carea' id='block_1_38' title="bbox 390 2340 2041 2417">
    <p class='ocr_par' dir='ltr' id='par_1_38' title="bbox 390 2340 2041 2417">
     <span class='ocr_line' id='line_1_38' title="bbox 390 2340 2041 2417; baseline 0.001 -17"><span class='ocrx_word' id='word_1_271' title='bbox 390 2362 559 2417; x_wconf 87' lang='lat' dir='ltr'>porro</span> <span class='ocrx_word' id='word_1_272' title='bbox 591 2342 858 2417; x_wconf 85' lang='lat' dir='ltr'>generosi</span> <span class='ocrx_word' id='word_1_273' title='bbox 898 2349 954 2397; x_wconf 88' lang='lat' dir='ltr'>et</span> <span class='ocrx_word' id='word_1_274' title='bbox 993 2342 1185 2413; x_wconf 84' lang='lat' dir='ltr'>ignavi</span> <span class='ocrx_word' id='word_1_275' title='bbox 1221 2342 1445 2413; x_wconf 89' lang='lat' dir='ltr'>patebit</span> <span class='ocrx_word' id='word_1_276' title='bbox 1472 2340 1663 2398; x_wconf 88' lang='lat' dir='ltr'>utrius</span> <span class='ocrx_word' id='word_1_277' title='bbox 1696 2341 1862 2400; x_wconf 90' lang='lat' dir='ltr'>alteri</span> <span class='ocrx_word' id='word_1_278' title='bbox 1897 2363 2041 2416; x_wconf 67' lang='lat' dir='ltr'>prte-</span> 
     </span>
    </p>
   </div>
   <div class='ocr_carea' id='block_1_39' title="bbox 389 2431 2042 2508">
    <p class='ocr_par' dir='ltr' id='par_1_39' title="bbox 389 2431 2042 2508">
     <span class='ocr_line' id='line_1_39' title="bbox 389 2431 2042 2508; baseline 0.002 -19"><span class='ocrx_word' id='word_1_279' title='bbox 389 2434 641 2505; x_wconf 79' lang='lat' dir='ltr'>Optanda</span> <span class='ocrx_word' id='word_1_280' title='bbox 675 2432 933 2489; x_wconf 91' lang='lat' dir='ltr'>conditio</span> <span class='ocrx_word' id='word_1_281' title='bbox 965 2431 1041 2487; x_wconf 88' lang='lat' dir='ltr'>sit</span> <span class='ocrx_word' id='word_1_282' title='bbox 1074 2447 1085 2486; x_wconf 90' lang='lat'>:</span> <span class='ocrx_word' id='word_1_283' title='bbox 1117 2447 1435 2503; x_wconf 89' lang='lat' dir='ltr'>generosus</span> <span class='ocrx_word' id='word_1_284' title='bbox 1486 2448 1716 2503; x_wconf 88' lang='lat' dir='ltr'>semper</span> <span class='ocrx_word' id='word_1_285' title='bbox 1754 2437 2042 2508; x_wconf 88' lang='lat' dir='ltr'>ascendit,</span> 
     </span>
    </p>
   </div>
   <div class='ocr_carea' id='block_1_40' title="bbox 386 2520 2041 2597">
    <p class='ocr_par' dir='ltr' id='par_1_40' title="bbox 386 2520 2041 2597">
     <span class='ocr_line' id='line_1_40' title="bbox 386 2520 2041 2597; baseline 0.001 -18"><span class='ocrx_word' id='word_1_286' title='bbox 386 2525 637 2597; x_wconf 85' lang='lat' dir='ltr'>ignavus</span> <span class='ocrx_word' id='word_1_287' title='bbox 663 2522 939 2579; x_wconf 90' lang='lat' dir='ltr'>continue</span> <span class='ocrx_word' id='word_1_288' title='bbox 971 2539 1032 2577; x_wconf 89' lang='lat' dir='ltr'>se</span> <span class='ocrx_word' id='word_1_289' title='bbox 1065 2520 1365 2590; x_wconf 89' lang='lat' dir='ltr'>deprimit.</span> <span class='ocrx_word' id='word_1_290' title='bbox 1400 2520 1543 2576; x_wconf 88' lang='lat' dir='ltr'>Cum</span> <span class='ocrx_word' id='word_1_291' title='bbox 1594 2525 1816 2588; x_wconf 90' lang='lat' dir='ltr'>autem,</span> <span class='ocrx_word' id='word_1_292' title='bbox 1842 2530 1906 2579; x_wconf 92' lang='lat' dir='ltr'>ut</span> <span class='ocrx_word' id='word_1_293' title='bbox 1940 2543 2041 2597; x_wconf 91' lang='lat' dir='ltr'>pa-</span> 
     </span>
    </p>
   </div>
   <div class='ocr_carea' id='block_1_41' title="bbox 384 2610 2039 2681">
    <p class='ocr_par' dir='ltr' id='par_1_41' title="bbox 384 2610 2039 2681">
     <span class='ocr_line' id='line_1_41' title="bbox 384 2610 2039 2681; baseline 0 -12"><span class='ocrx_word' id='word_1_294' title='bbox 384 2614 501 2669; x_wconf 80' lang='lat' dir='ltr'>lam</span> <span class='ocrx_word' id='word_1_295' title='bbox 527 2620 636 2681; x_wconf 79' lang='lat' dir='ltr'>est,</span> <span class='ocrx_word' id='word_1_296' title='bbox 661 2614 907 2668; x_wconf 89' lang='lat' dir='ltr'>arduum</span> <span class='ocrx_word' id='word_1_297' title='bbox 944 2610 1423 2681; x_wconf 87' lang='lat' dir='ltr'>laboriosumque</span> <span class='ocrx_word' id='word_1_298' title='bbox 1446 2612 1523 2665; x_wconf 89' lang='lat' dir='ltr'>sit</span> <span class='ocrx_word' id='word_1_299' title='bbox 1548 2610 1607 2666; x_wconf 91' lang='lat' dir='ltr'>in</span> <span class='ocrx_word' id='word_1_300' title='bbox 1633 2613 1887 2669; x_wconf 90' lang='lat' dir='ltr'>sublime</span> <span class='ocrx_word' id='word_1_301' title='bbox 1912 2613 2039 2681; x_wconf 90' lang='lat' dir='ltr'>niti,</span> 
     </span>
    </p>
   </div>
   <div class='ocr_carea' id='block_1_42' title="bbox 386 2701 2041 2773">
    <p class='ocr_par' dir='ltr' id='par_1_42' title="bbox 386 2701 2041 2773">
     <span class='ocr_line' id='line_1_42' title="bbox 386 2701 2041 2773; baseline 0.001 -16"><span class='ocrx_word' id='word_1_302' title='bbox 386 2704 730 2759; x_wconf 88' lang='lat' dir='ltr'>facillimum</span> <span class='ocrx_word' id='word_1_303' title='bbox 754 2720 885 2757; x_wconf 92' lang='lat' dir='ltr'>vero</span> <span class='ocrx_word' id='word_1_304' title='bbox 909 2719 973 2756; x_wconf 87' lang='lat' dir='ltr'>ac</span> <span class='ocrx_word' id='word_1_305' title='bbox 997 2717 1249 2773; x_wconf 79' lang='lat' dir='ltr'>pronum</span> <span class='ocrx_word' id='word_1_306' title='bbox 1282 2701 1557 2755; x_wconf 88' lang='lat' dir='ltr'>deorsum</span> <span class='ocrx_word' id='word_1_307' title='bbox 1593 2702 1846 2770; x_wconf 89' lang='lat' dir='ltr'>tendere,</span> <span class='ocrx_word' id='word_1_308' title='bbox 1869 2721 2041 2759; x_wconf 88' lang='lat' dir='ltr'>nemo</span> 
     </span>
    </p>
   </div>
   <div class='ocr_carea' id='block_1_43' title="bbox 385 2789 2043 2864">
    <p class='ocr_par' dir='ltr' id='par_1_43' title="bbox 385 2789 2043 2864">
     <span class='ocr_line' id='line_1_43' title="bbox 385 2789 2043 2864; baseline -0.001 -15"><span class='ocrx_word' id='word_1_309' title='bbox 385 2811 501 2849; x_wconf 89' lang='lat' dir='ltr'>non</span> <span class='ocrx_word' id='word_1_310' title='bbox 532 2794 687 2847; x_wconf 83' lang='lat' dir='ltr'>videt</span> <span class='ocrx_word' id='word_1_311' title='bbox 735 2792 966 2862; x_wconf 89' lang='lat' dir='ltr'>quando</span> <span class='ocrx_word' id='word_1_312' title='bbox 1016 2791 1391 2862; x_wconf 70' lang='lat' dir='ltr'>prmstantius</span> <span class='ocrx_word' id='word_1_313' title='bbox 1443 2789 1920 2864; x_wconf 87' lang='lat' dir='ltr'>laudabiliusque</span> <span class='ocrx_word' id='word_1_314' title='bbox 1964 2793 2043 2849; x_wconf 91' lang='lat' dir='ltr'>sit</span> 
     </span>
    </p>
   </div>
   <div class='ocr_carea' id='block_1_44' title="bbox 385 2880 2040 2953">
    <p class='ocr_par' dir='ltr' id='par_1_44' title="bbox 385 2880 2040 2953">
     <span class='ocr_line' id='line_1_44' title="bbox 385 2880 2040 2953; baseline 0 -16"><span class='ocrx_word' id='word_1_315' title='bbox 385 2899 683 2953; x_wconf 88' lang='lat' dir='ltr'>emergere</span> <span class='ocrx_word' id='word_1_316' title='bbox 726 2882 781 2935; x_wconf 90' lang='lat' dir='ltr'>in</span> <span class='ocrx_word' id='word_1_317' title='bbox 817 2882 1022 2949; x_wconf 87' lang='lat' dir='ltr'>altum,</span> <span class='ocrx_word' id='word_1_318' title='bbox 1048 2898 1112 2935; x_wconf 89' lang='lat' dir='ltr'>ac</span> <span class='ocrx_word' id='word_1_319' title='bbox 1146 2896 1386 2951; x_wconf 83' lang='lat' dir='ltr'>surgere</span> <span class='ocrx_word' id='word_1_320' title='bbox 1416 2881 1640 2946; x_wconf 90' lang='lat' dir='ltr'>conari,</span> <span class='ocrx_word' id='word_1_321' title='bbox 1675 2899 1850 2951; x_wconf 91' lang='lat' dir='ltr'>quam</span> <span class='ocrx_word' id='word_1_322' title='bbox 1881 2880 2040 2937; x_wconf 90' lang='lat' dir='ltr'>desi-</span> 
     </span>
    </p>
   </div>
   <div class='ocr_carea' id='block_1_45' title="bbox 384 2969 2037 3043">
    <p class='ocr_par' dir='ltr' id='par_1_45' title="bbox 384 2969 2037 3043">
     <span class='ocr_line' id='line_1_45' title="bbox 384 2969 2037 3043; baseline 0 -16"><span class='ocrx_word' id='word_1_323' title='bbox 384 2974 518 3027; x_wconf 89' lang='lat' dir='ltr'>dere</span> <span class='ocrx_word' id='word_1_324' title='bbox 551 2972 839 3043; x_wconf 87' lang='lat' dir='ltr'>patienter</span> <span class='ocrx_word' id='word_1_325' title='bbox 870 2971 928 3023; x_wconf 92' lang='lat' dir='ltr'>in</span> <span class='ocrx_word' id='word_1_326' title='bbox 962 2969 1190 3025; x_wconf 85' lang='lat' dir='ltr'>infimo.</span> <span class='ocrx_word' id='word_1_327' title='bbox 1226 2970 1413 3039; x_wconf 89' lang='lat' dir='ltr'>Igitur</span> <span class='ocrx_word' id='word_1_328' title='bbox 1443 2970 1575 3040; x_wconf 90' lang='lat' dir='ltr'>quis</span> <span class='ocrx_word' id='word_1_329' title='bbox 1608 2971 1837 3027; x_wconf 86' lang='lat' dir='ltr'>dubitet</span> <span class='ocrx_word' id='word_1_330' title='bbox 1870 2973 2037 3043; x_wconf 87' lang='lat' dir='ltr'>sequi</span> 
     </span>
    </p>
   </div>
   <div class='ocr_carea' id='block_1_46' title="bbox 384 3060 2034 3132">
    <p class='ocr_par' dir='ltr' id='par_1_46' title="bbox 384 3060 2034 3132">
     <span class='ocr_line' id='line_1_46' title="bbox 384 3060 2034 3132; baseline 0 -17"><span class='ocrx_word' id='word_1_331' title='bbox 384 3077 675 3132; x_wconf 88' lang='lat' dir='ltr'>quemque</span> <span class='ocrx_word' id='word_1_332' title='bbox 706 3061 917 3114; x_wconf 87' lang='lat' dir='ltr'>debere</span> <span class='ocrx_word' id='word_1_333' title='bbox 966 3060 1121 3129; x_wconf 91' lang='lat' dir='ltr'>quod</span> <span class='ocrx_word' id='word_1_334' title='bbox 1173 3075 1303 3113; x_wconf 88' lang='lat' dir='ltr'>esse</span> <span class='ocrx_word' id='word_1_335' title='bbox 1352 3064 1584 3113; x_wconf 87' lang='lat' dir='ltr'>constat</span> <span class='ocrx_word' id='word_1_336' title='bbox 1633 3060 2034 3131; x_wconf 81' lang='lat' dir='ltr'>excellentius,</span> 
     </span>
    </p>
   </div>
   <div class='ocr_carea' id='block_1_47' title="bbox 383 3147 2036 3221">
    <p class='ocr_par' dir='ltr' id='par_1_47' title="bbox 383 3147 2036 3221">
     <span class='ocr_line' id='line_1_47' title="bbox 383 3147 2036 3221; baseline 0.001 -17"><span class='ocrx_word' id='word_1_337' title='bbox 383 3166 608 3221; x_wconf 89' lang='lat' dir='ltr'>nosque</span> <span class='ocrx_word' id='word_1_338' title='bbox 655 3149 798 3203; x_wconf 90' lang='lat' dir='ltr'>adeo</span> <span class='ocrx_word' id='word_1_339' title='bbox 833 3148 964 3202; x_wconf 89' lang='lat' dir='ltr'>vilis</span> <span class='ocrx_word' id='word_1_340' title='bbox 1014 3147 1238 3201; x_wconf 75' lang='lat' dir='ltr'>inertize</span> <span class='ocrx_word' id='word_1_341' title='bbox 1283 3149 1670 3217; x_wconf 87' lang='lat' dir='ltr'>damnandos,</span> <span class='ocrx_word' id='word_1_342' title='bbox 1704 3148 1753 3202; x_wconf 91' lang='lat' dir='ltr'>si</span> <span class='ocrx_word' id='word_1_343' title='bbox 1788 3151 2036 3206; x_wconf 88' lang='lat' dir='ltr'>modicis</span> 
     </span>
    </p>
   </div>
   <div class='ocr_carea' id='block_1_48' title="bbox 2155 1966 3815 2043">
    <p class='ocr_par' dir='ltr' id='par_1_48' title="bbox 2155 1966 3815 2043">
     <span class='ocr_line' id='line_1_48' title="bbox 2155 1966 3815 2043; baseline -0.004 -17"><span class='ocrx_word' id='word_1_344' title='bbox 2155 1971 2272 2027; x_wconf 87' lang='lat' dir='ltr'>iam</span> <span class='ocrx_word' id='word_1_345' title='bbox 2325 1971 2725 2043; x_wconf 86' lang='lat' dir='ltr'>dignationem</span> <span class='ocrx_word' id='word_1_346' title='bbox 2772 1974 2999 2025; x_wconf 87' lang='lat' dir='ltr'>evectos</span> <span class='ocrx_word' id='word_1_347' title='bbox 3034 1984 3048 2023; x_wconf 87' lang='lat'><strong>:</strong></span> <span class='ocrx_word' id='word_1_348' title='bbox 3083 1969 3290 2040; x_wconf 89' lang='lat' dir='ltr'>quidni</span> <span class='ocrx_word' id='word_1_349' title='bbox 3323 1975 3376 2024; x_wconf 89' lang='lat' dir='ltr'>et</span> <span class='ocrx_word' id='word_1_350' title='bbox 3403 1983 3510 2038; x_wconf 87' lang='lat' dir='ltr'>ego</span> <span class='ocrx_word' id='word_1_351' title='bbox 3541 1966 3815 2021; x_wconf 86' lang='lat' dir='ltr'>inehoem</span> 
     </span>
    </p>
   </div>
   <div class='ocr_carea' id='block_1_49' title="bbox 2155 2057 3815 2131">
    <p class='ocr_par' dir='ltr' id='par_1_49' title="bbox 2155 2057 3815 2131">
     <span class='ocr_line' id='line_1_49' title="bbox 2155 2057 3815 2131; baseline -0.003 -16"><span class='ocrx_word' id='word_1_352' title='bbox 2155 2077 2318 2131; x_wconf 87' lang='lat' dir='ltr'>spem</span> <span class='ocrx_word' id='word_1_353' title='bbox 2370 2061 2563 2129; x_wconf 90' lang='lat' dir='ltr'>istam,</span> <span class='ocrx_word' id='word_1_354' title='bbox 2600 2064 2656 2115; x_wconf 91' lang='lat' dir='ltr'>et</span> <span class='ocrx_word' id='word_1_355' title='bbox 2703 2074 2857 2115; x_wconf 87' lang='lat' dir='ltr'>unus</span> <span class='ocrx_word' id='word_1_356' title='bbox 2904 2074 2971 2115; x_wconf 84' lang='lat' dir='ltr'>ex</span> <span class='ocrx_word' id='word_1_357' title='bbox 3019 2059 3093 2113; x_wconf 89' lang='lat' dir='ltr'>iis</span> <span class='ocrx_word' id='word_1_358' title='bbox 3143 2058 3387 2113; x_wconf 88' lang='lat' dir='ltr'>evadere</span> <span class='ocrx_word' id='word_1_359' title='bbox 3436 2057 3815 2123; x_wconf 84' lang='lat' dir='ltr'>contendam,</span> 
     </span>
    </p>
   </div>
   <div class='ocr_carea' id='block_1_50' title="bbox 2152 2143 3816 2220">
    <p class='ocr_par' dir='ltr' id='par_1_50' title="bbox 2152 2143 3816 2220">
     <span class='ocr_line' id='line_1_50' title="bbox 2152 2143 3816 2220; baseline -0.004 -17"><span class='ocrx_word' id='word_1_360' title='bbox 2152 2148 2251 2220; x_wconf 90' lang='lat' dir='ltr'>qui</span> <span class='ocrx_word' id='word_1_361' title='bbox 2268 2150 2543 2220; x_wconf 86' lang='lat' dir='ltr'>deinceps</span> <span class='ocrx_word' id='word_1_362' title='bbox 2559 2147 2954 2203; x_wconf 78' lang='lat' dir='ltr'>familiaritate</span> <span class='ocrx_word' id='word_1_363' title='bbox 2976 2147 3261 2218; x_wconf 87' lang='lat' dir='ltr'>principis</span> <span class='ocrx_word' id='word_1_364' title='bbox 3284 2144 3768 2200; x_wconf 88' lang='lat' dir='ltr'>honorandisunt</span> <span class='ocrx_word' id='word_1_365' title='bbox 3786 2143 3816 2197; x_wconf 88' lang='lat'><strong>?</strong></span> 
     </span>
    </p>
   </div>
   <div class='ocr_carea' id='block_1_51' title="bbox 2150 2230 3810 2308">
    <p class='ocr_par' dir='ltr' id='par_1_51' title="bbox 2150 2230 3810 2308">
     <span class='ocr_line' id='line_1_51' title="bbox 2150 2230 3810 2308; baseline -0.004 -17"><span class='ocrx_word' id='word_1_366' title='bbox 2150 2236 2291 2292; x_wconf 81' lang='lat' dir='ltr'>Novi</span> <span class='ocrx_word' id='word_1_367' title='bbox 2340 2241 2536 2293; x_wconf 91' lang='lat' dir='ltr'>autem</span> <span class='ocrx_word' id='word_1_368' title='bbox 2581 2245 2635 2292; x_wconf 91' lang='lat' dir='ltr'>et</span> <span class='ocrx_word' id='word_1_369' title='bbox 2682 2252 2787 2308; x_wconf 87' lang='lat' dir='ltr'>ego</span> <span class='ocrx_word' id='word_1_370' title='bbox 2837 2236 3181 2290; x_wconf 91' lang='lat' dir='ltr'>methodum</span> <span class='ocrx_word' id='word_1_371' title='bbox 3242 2234 3481 2306; x_wconf 87' lang='lat' dir='ltr'>regibus</span> <span class='ocrx_word' id='word_1_372' title='bbox 3536 2230 3810 2302; x_wconf 86' lang='lat' dir='ltr'>placendi</span> 
     </span>
    </p>
   </div>
   <div class='ocr_carea' id='block_1_52' title="bbox 2152 2322 3810 2399">
    <p class='ocr_par' dir='ltr' id='par_1_52' title="bbox 2152 2322 3810 2399">
     <span class='ocr_line' id='line_1_52' title="bbox 2152 2322 3810 2399; baseline -0.003 -18"><span class='ocrx_word' id='word_1_373' title='bbox 2152 2328 2457 2399; x_wconf 70' lang='lat' dir='ltr'>prazceptis</span> <span class='ocrx_word' id='word_1_374' title='bbox 2507 2326 2668 2382; x_wconf 91' lang='lat' dir='ltr'>hisce</span> <span class='ocrx_word' id='word_1_375' title='bbox 2699 2327 2870 2397; x_wconf 89' lang='lat' dir='ltr'>vulgo</span> <span class='ocrx_word' id='word_1_376' title='bbox 2917 2325 3249 2381; x_wconf 88' lang='lat' dir='ltr'>celebribus</span> <span class='ocrx_word' id='word_1_377' title='bbox 3277 2327 3611 2378; x_wconf 86' lang='lat' dir='ltr'>contentam</span> <span class='ocrx_word' id='word_1_378' title='bbox 3647 2334 3661 2376; x_wconf 85' lang='lat'><strong>:</strong></span> <span class='ocrx_word' id='word_1_379' title='bbox 3695 2322 3810 2376; x_wconf 81' lang='lat' dir='ltr'>Fa-</span> 
     </span>
    </p>
   </div>
   <div class='ocr_carea' id='block_1_53' title="bbox 2150 2410 3811 2487">
    <p class='ocr_par' dir='ltr' id='par_1_53' title="bbox 2150 2410 3811 2487">
     <span class='ocr_line' id='line_1_53' title="bbox 2150 2410 3811 2487; baseline -0.004 -15"><span class='ocrx_word' id='word_1_380' title='bbox 2150 2421 2304 2472; x_wconf 85' lang='lat' dir='ltr'>stum</span> <span class='ocrx_word' id='word_1_381' title='bbox 2364 2416 2573 2487; x_wconf 88' lang='lat' dir='ltr'>abjice,</span> <span class='ocrx_word' id='word_1_382' title='bbox 2616 2416 2765 2470; x_wconf 86' lang='lat' dir='ltr'>iram</span> <span class='ocrx_word' id='word_1_383' title='bbox 2819 2416 3016 2481; x_wconf 89' lang='lat' dir='ltr'>doma,</span> <span class='ocrx_word' id='word_1_384' title='bbox 3067 2412 3489 2470; x_wconf 86' lang='lat' dir='ltr'>contumeliam</span> <span class='ocrx_word' id='word_1_385' title='bbox 3552 2410 3811 2478; x_wconf 88' lang='lat' dir='ltr'>sustine,</span> 
     </span>
    </p>
   </div>
   <div class='ocr_carea' id='block_1_54' title="bbox 2150 2500 3809 2561">
    <p class='ocr_par' dir='ltr' id='par_1_54' title="bbox 2150 2500 3809 2561">
     <span class='ocr_line' id='line_1_54' title="bbox 2150 2500 3809 2561; baseline -0.004 -1"><span class='ocrx_word' id='word_1_386' title='bbox 2150 2506 2378 2561; x_wconf 89' lang='lat' dir='ltr'>cunctis</span> <span class='ocrx_word' id='word_1_387' title='bbox 2404 2505 2563 2560; x_wconf 86' lang='lat' dir='ltr'>cede.</span> <span class='ocrx_word' id='word_1_388' title='bbox 2594 2505 2724 2559; x_wconf 67' lang='lat' dir='ltr'>Haec</span> <span class='ocrx_word' id='word_1_389' title='bbox 2756 2506 3074 2559; x_wconf 81' lang='lat' dir='ltr'>observans</span> <span class='ocrx_word' id='word_1_390' title='bbox 3121 2502 3440 2558; x_wconf 88' lang='lat' dir='ltr'>insinuabo</span> <span class='ocrx_word' id='word_1_391' title='bbox 3475 2517 3567 2556; x_wconf 89' lang='lat' dir='ltr'>me</span> <span class='ocrx_word' id='word_1_392' title='bbox 3597 2501 3711 2555; x_wconf 90' lang='lat' dir='ltr'>cito</span> <span class='ocrx_word' id='word_1_393' title='bbox 3743 2500 3809 2554; x_wconf 91' lang='lat' dir='ltr'>in</span> 
     </span>
    </p>
   </div>
   <div class='ocr_carea' id='block_1_55' title="bbox 2151 2589 3808 2665">
    <p class='ocr_par' dir='ltr' id='par_1_55' title="bbox 2151 2589 3808 2665">
     <span class='ocr_line' id='line_1_55' title="bbox 2151 2589 3808 2665; baseline -0.004 -16"><span class='ocrx_word' id='word_1_394' title='bbox 2151 2595 2400 2665; x_wconf 86' lang='lat' dir='ltr'>gratiam</span> <span class='ocrx_word' id='word_1_395' title='bbox 2460 2593 2764 2665; x_wconf 89' lang='lat' dir='ltr'>principis.</span> <span class='ocrx_word' id='word_1_396' title='bbox 2796 2597 2914 2664; x_wconf 83' lang='lat' dir='ltr'>Age</span> <span class='ocrx_word' id='word_1_397' title='bbox 2966 2608 3131 2658; x_wconf 89' lang='lat' dir='ltr'>sane,</span> <span class='ocrx_word' id='word_1_398' title='bbox 3164 2596 3489 2647; x_wconf 85' lang='lat' dir='ltr'>Coronatus</span> <span class='ocrx_word' id='word_1_399' title='bbox 3549 2589 3808 2660; x_wconf 86' lang='lat' dir='ltr'>reponit,</span> 
     </span>
    </p>
   </div>
   <div class='ocr_carea' id='block_1_56' title="bbox 2150 2682 3810 2753">
    <p class='ocr_par' dir='ltr' id='par_1_56' title="bbox 2150 2682 3810 2753">
     <span class='ocr_line' id='line_1_56' title="bbox 2150 2682 3810 2753; baseline -0.001 -16"><span class='ocrx_word' id='word_1_400' title='bbox 2150 2684 2306 2753; x_wconf 82' lang='lat' dir='ltr'>finge</span> <span class='ocrx_word' id='word_1_401' title='bbox 2327 2700 2481 2738; x_wconf 91' lang='lat' dir='ltr'>nunc</span> <span class='ocrx_word' id='word_1_402' title='bbox 2507 2683 2757 2753; x_wconf 89' lang='lat' dir='ltr'>primum</span> <span class='ocrx_word' id='word_1_403' title='bbox 2781 2688 2837 2737; x_wconf 88' lang='lat' dir='ltr'>te</span> <span class='ocrx_word' id='word_1_404' title='bbox 2855 2682 3087 2737; x_wconf 89' lang='lat' dir='ltr'>admitti</span> <span class='ocrx_word' id='word_1_405' title='bbox 3122 2682 3192 2736; x_wconf 88' lang='lat' dir='ltr'>ad</span> <span class='ocrx_word' id='word_1_406' title='bbox 3224 2694 3609 2752; x_wconf 86' lang='lat' dir='ltr'>congressum</span> <span class='ocrx_word' id='word_1_407' title='bbox 3658 2696 3810 2750; x_wconf 92' lang='lat' dir='ltr'>quo-</span> 
     </span>
    </p>
   </div>
   <div class='ocr_carea' id='block_1_57' title="bbox 2148 2769 3813 2843">
    <p class='ocr_par' dir='ltr' id='par_1_57' title="bbox 2148 2769 3813 2843">
     <span class='ocr_line' id='line_1_57' title="bbox 2148 2769 3813 2843; baseline 0 -18"><span class='ocrx_word' id='word_1_408' title='bbox 2148 2773 2441 2828; x_wconf 88' lang='lat' dir='ltr'>tidianum</span> <span class='ocrx_word' id='word_1_409' title='bbox 2475 2772 2700 2827; x_wconf 88' lang='lat' dir='ltr'>domini</span> <span class='ocrx_word' id='word_1_410' title='bbox 2732 2770 2940 2839; x_wconf 81' lang='lat' dir='ltr'>leonis,</span> <span class='ocrx_word' id='word_1_411' title='bbox 2974 2772 3268 2843; x_wconf 88' lang='lat' dir='ltr'>quomodo</span> <span class='ocrx_word' id='word_1_412' title='bbox 3291 2775 3348 2826; x_wconf 86' lang='lat' dir='ltr'>te</span> <span class='ocrx_word' id='word_1_413' title='bbox 3377 2786 3545 2841; x_wconf 88' lang='lat' dir='ltr'>geres</span> <span class='ocrx_word' id='word_1_414' title='bbox 3577 2773 3646 2823; x_wconf 85' lang='lat' dir='ltr'>ut</span> <span class='ocrx_word' id='word_1_415' title='bbox 3672 2769 3813 2838; x_wconf 87' lang='lat' dir='ltr'>ejus</span> 
     </span>
    </p>
   </div>
   <div class='ocr_carea' id='block_1_58' title="bbox 2147 2857 3806 2930">
    <p class='ocr_par' dir='ltr' id='par_1_58' title="bbox 2147 2857 3806 2930">
     <span class='ocr_line' id='line_1_58' title="bbox 2147 2857 3806 2930; baseline -0.002 -14"><span class='ocrx_word' id='word_1_416' title='bbox 2147 2862 2255 2917; x_wconf 87' lang='lat' dir='ltr'>tibi</span> <span class='ocrx_word' id='word_1_417' title='bbox 2287 2862 2562 2917; x_wconf 81' lang='lat' dir='ltr'>concilies</span> <span class='ocrx_word' id='word_1_418' title='bbox 2594 2878 2849 2916; x_wconf 80' lang='lat' dir='ltr'>amorem</span> <span class='ocrx_word' id='word_1_419' title='bbox 2876 2860 2902 2915; x_wconf 81' lang='lat'><strong>?</strong></span> <span class='ocrx_word' id='word_1_420' title='bbox 2940 2860 3161 2926; x_wconf 83' lang='lat' dir='ltr'>Dicam,</span> <span class='ocrx_word' id='word_1_421' title='bbox 3195 2859 3389 2930; x_wconf 90' lang='lat' dir='ltr'>inquit</span> <span class='ocrx_word' id='word_1_422' title='bbox 3419 2857 3757 2928; x_wconf 84' lang='lat' dir='ltr'>Vestigator</span> <span class='ocrx_word' id='word_1_423' title='bbox 3790 2872 3806 2913; x_wconf 88' lang='lat'><strong>:</strong></span> 
     </span>
    </p>
   </div>
   <div class='ocr_carea' id='block_1_59' title="bbox 2149 2949 3809 3023">
    <p class='ocr_par' dir='ltr' id='par_1_59' title="bbox 2149 2949 3809 3023">
     <span class='ocr_line' id='line_1_59' title="bbox 2149 2949 3809 3023; baseline -0.001 -18"><span class='ocrx_word' id='word_1_424' title='bbox 2149 2951 2435 3023; x_wconf 90' lang='lat' dir='ltr'>principio</span> <span class='ocrx_word' id='word_1_425' title='bbox 2468 2964 2809 3021; x_wconf 86' lang='lat' dir='ltr'>pernoscam</span> <span class='ocrx_word' id='word_1_426' title='bbox 2842 2949 3096 3005; x_wconf 91' lang='lat' dir='ltr'>indolem</span> <span class='ocrx_word' id='word_1_427' title='bbox 3120 2950 3249 3020; x_wconf 87' lang='lat' dir='ltr'>ejus</span> <span class='ocrx_word' id='word_1_428' title='bbox 3272 2965 3337 3003; x_wconf 87' lang='lat' dir='ltr'>ac</span> <span class='ocrx_word' id='word_1_429' title='bbox 3361 2953 3659 3015; x_wconf 85' lang='lat' dir='ltr'>naturam,</span> <span class='ocrx_word' id='word_1_430' title='bbox 3684 2963 3809 3019; x_wconf 89' lang='lat' dir='ltr'>quo</span> 
     </span>
    </p>
   </div>
   <div class='ocr_carea' id='block_1_60' title="bbox 2145 3038 3807 3110">
    <p class='ocr_par' dir='ltr' id='par_1_60' title="bbox 2145 3038 3807 3110">
     <span class='ocr_line' id='line_1_60' title="bbox 2145 3038 3807 3110; baseline -0.003 -15"><span class='ocrx_word' id='word_1_431' title='bbox 2145 3040 2409 3110; x_wconf 89' lang='lat' dir='ltr'>inclinet,</span> <span class='ocrx_word' id='word_1_432' title='bbox 2434 3041 2591 3095; x_wconf 89' lang='lat' dir='ltr'>unde</span> <span class='ocrx_word' id='word_1_433' title='bbox 2620 3040 2963 3107; x_wconf 84' lang='lat' dir='ltr'>abhorreat;</span> <span class='ocrx_word' id='word_1_434' title='bbox 2997 3045 3124 3093; x_wconf 90' lang='lat' dir='ltr'>tum</span> <span class='ocrx_word' id='word_1_435' title='bbox 3158 3038 3631 3093; x_wconf 75' lang='lat' dir='ltr'>animadverteris</span> <span class='ocrx_word' id='word_1_436' title='bbox 3665 3053 3807 3107; x_wconf 87' lang='lat' dir='ltr'>pro-</span> 
     </span>
    </p>
   </div>
   <div class='ocr_carea' id='block_1_61' title="bbox 2145 3126 3807 3199">
    <p class='ocr_par' dir='ltr' id='par_1_61' title="bbox 2145 3126 3807 3199">
     <span class='ocr_line' id='line_1_61' title="bbox 2145 3126 3807 3199; baseline -0.002 -16"><span class='ocrx_word' id='word_1_437' title='bbox 2145 3130 2400 3199; x_wconf 87' lang='lat' dir='ltr'>pendere</span> <span class='ocrx_word' id='word_1_438' title='bbox 2430 3129 2625 3199; x_wconf 89' lang='lat' dir='ltr'>ipsum</span> <span class='ocrx_word' id='word_1_439' title='bbox 2650 3130 2721 3183; x_wconf 83' lang='lat' dir='ltr'>ad</span> <span class='ocrx_word' id='word_1_440' title='bbox 2746 3128 3208 3199; x_wconf 87' lang='lat' dir='ltr'>aggrediendum</span> <span class='ocrx_word' id='word_1_441' title='bbox 3242 3126 3463 3198; x_wconf 85' lang='lat' dir='ltr'>aliquid</span> <span class='ocrx_word' id='word_1_442' title='bbox 3498 3126 3660 3192; x_wconf 90' lang='lat' dir='ltr'>utile,</span> <span class='ocrx_word' id='word_1_443' title='bbox 3693 3127 3807 3180; x_wconf 86' lang='lat' dir='ltr'>ad-</span> 
     </span>
    </p>
   </div>
   <div class='ocr_carea' id='block_1_62' title="bbox 382 3216 2035 3308">
    <p class='ocr_par' dir='ltr' id='par_1_62' title="bbox 382 3236 2035 3308">
     <span class='ocr_line' id='line_1_62' title="bbox 382 3236 2035 3308; baseline 0 -15"><span class='ocrx_word' id='word_1_444' title='bbox 382 3239 833 3303; x_wconf 87' lang='lat' dir='ltr'>indormiamus,</span> <span class='ocrx_word' id='word_1_445' title='bbox 860 3238 930 3291; x_wconf 88' lang='lat' dir='ltr'>ad</span> <span class='ocrx_word' id='word_1_446' title='bbox 952 3253 1165 3306; x_wconf 84' lang='lat' dir='ltr'>magna</span> <span class='ocrx_word' id='word_1_447' title='bbox 1197 3236 1448 3291; x_wconf 88' lang='lat' dir='ltr'>invitati.</span> <span class='ocrx_word' id='word_1_448' title='bbox 1478 3237 1755 3307; x_wconf 74' lang='lat' dir='ltr'>Equidem</span> <span class='ocrx_word' id='word_1_449' title='bbox 1780 3240 2035 3308; x_wconf 80' lang='lat' dir='ltr'>arripere</span> 
     </span>
    </p>
   </div>
   <div class='ocr_carea' id='block_1_63' title="bbox 2147 3216 3806 3308">
    <p class='ocr_par' dir='ltr' id='par_1_63' title="bbox 2147 3216 3806 3287">
     <span class='ocr_line' id='line_1_63' title="bbox 2147 3216 3806 3287; baseline -0.002 -14"><span class='ocrx_word' id='word_1_450' title='bbox 2147 3220 2276 3273; x_wconf 85' lang='lat' dir='ltr'>dam</span> <span class='ocrx_word' id='word_1_451' title='bbox 2309 3216 2583 3272; x_wconf 88' lang='lat' dir='ltr'>stimulos</span> <span class='ocrx_word' id='word_1_452' title='bbox 2633 3219 2913 3285; x_wconf 90' lang='lat' dir='ltr'>currenti,</span> <span class='ocrx_word' id='word_1_453' title='bbox 2950 3228 3301 3287; x_wconf 83' lang='lat' dir='ltr'>magnopere</span> <span class='ocrx_word' id='word_1_454' title='bbox 3331 3220 3535 3271; x_wconf 84' lang='lat' dir='ltr'>auctor</span> <span class='ocrx_word' id='word_1_455' title='bbox 3562 3216 3705 3269; x_wconf 83' lang='lat' dir='ltr'>fiam</span> <span class='ocrx_word' id='word_1_456' title='bbox 3744 3216 3806 3269; x_wconf 88' lang='lat' dir='ltr'>id</span> 
     </span>
    </p>
   </div>
   <div class='ocr_carea' id='block_1_64' title="bbox 381 3288 2035 3395">
    <p class='ocr_par' dir='ltr' id='par_1_64' title="bbox 381 3288 2035 3395">
     <span class='ocr_line' id='line_1_64' title="bbox 383 3288 2033 3308; baseline -0.001 -13"><span class='ocrx_word' id='word_1_457' title='bbox 383 3288 833 3303; x_wconf 46' lang='lat'>-__-----.--_---,</span> <span class='ocrx_word' id='word_1_458' title='bbox 1306 3288 1421 3291; x_wconf 37' lang='grc' dir='ltr'>ηρ</span> <span class='ocrx_word' id='word_1_459' title='bbox 1526 3288 2033 3308; x_wconf 45' lang='lat' dir='ltr'>1-.--__,----_.r_--</span> 
     </span>
     <span class='ocr_line' id='line_1_65' title="bbox 381 3326 2035 3395; baseline -0.001 -12"><span class='ocrx_word' id='word_1_460' title='bbox 381 3327 1049 3383; x_wconf 86' lang='lat' dir='ltr'>constituiocoasioncm</span> <span class='ocrx_word' id='word_1_461' title='bbox 1074 3326 1371 3381; x_wconf 88' lang='lat' dir='ltr'>crescendi</span> <span class='ocrx_word' id='word_1_462' title='bbox 1406 3341 1582 3395; x_wconf 89' lang='lat' dir='ltr'>quam</span> <span class='ocrx_word' id='word_1_463' title='bbox 1619 3326 1929 3395; x_wconf 89' lang='lat' dir='ltr'>benignam</span> <span class='ocrx_word' id='word_1_464' title='bbox 1956 3330 2035 3381; x_wconf 86' lang='lat' dir='ltr'>of-</span> 
     </span>
    </p>
   </div>
   <div class='ocr_carea' id='block_1_65' title="bbox 2147 3288 3807 3395">
    <p class='ocr_par' dir='ltr' id='par_1_65' title="bbox 2147 3304 3807 3377">
     <span class='ocr_line' id='line_1_66' title="bbox 2147 3304 3807 3377; baseline -0.001 -17"><span class='ocrx_word' id='word_1_465' title='bbox 2147 3306 2358 3377; x_wconf 89' lang='lat' dir='ltr'>agendi</span> <span class='ocrx_word' id='word_1_466' title='bbox 2406 3306 2560 3377; x_wconf 92' lang='lat' dir='ltr'>quod</span> <span class='ocrx_word' id='word_1_467' title='bbox 2592 3304 2737 3373; x_wconf 87' lang='lat' dir='ltr'>vult,</span> <span class='ocrx_word' id='word_1_468' title='bbox 2770 3321 3126 3361; x_wconf 86' lang='lat' dir='ltr'>enumerans</span> <span class='ocrx_word' id='word_1_469' title='bbox 3176 3306 3256 3359; x_wconf 88' lang='lat' dir='ltr'>rei</span> <span class='ocrx_word' id='word_1_470' title='bbox 3305 3305 3636 3374; x_wconf 90' lang='lat' dir='ltr'>commoda,</span> <span class='ocrx_word' id='word_1_471' title='bbox 3669 3320 3807 3375; x_wconf 69' lang='lat' dir='ltr'>quae</span> 
     </span>
    </p>
   </div>
   <div class='ocr_carea' id='block_1_66' title="bbox 382 3415 2036 3484">
    <p class='ocr_par' dir='ltr' id='par_1_66' title="bbox 382 3415 2036 3484">
     <span class='ocr_line' id='line_1_67' title="bbox 382 3415 2036 3484; baseline -0.002 -12"><span class='ocrx_word' id='word_1_472' title='bbox 382 3420 489 3473; x_wconf 84' lang='lat' dir='ltr'>fert</span> <span class='ocrx_word' id='word_1_473' title='bbox 523 3419 635 3472; x_wconf 87' lang='lat' dir='ltr'>ista</span> <span class='ocrx_word' id='word_1_474' title='bbox 667 3416 916 3471; x_wconf 90' lang='lat' dir='ltr'>formido</span> <span class='ocrx_word' id='word_1_475' title='bbox 950 3416 1175 3470; x_wconf 89' lang='lat' dir='ltr'>domini</span> <span class='ocrx_word' id='word_1_476' title='bbox 1205 3415 1413 3483; x_wconf 88' lang='lat' dir='ltr'>leonis,</span> <span class='ocrx_word' id='word_1_477' title='bbox 1438 3418 1495 3467; x_wconf 89' lang='lat' dir='ltr'>et</span> <span class='ocrx_word' id='word_1_478' title='bbox 1515 3418 1631 3468; x_wconf 88' lang='lat' dir='ltr'>tam</span> <span class='ocrx_word' id='word_1_479' title='bbox 1656 3415 1841 3483; x_wconf 86' lang='lat' dir='ltr'>ipsius</span> <span class='ocrx_word' id='word_1_480' title='bbox 1861 3430 2036 3484; x_wconf 85' lang='lat' dir='ltr'>quam</span> 
     </span>
    </p>
   </div>
   <div class='ocr_carea' id='block_1_67' title="bbox 381 3502 2037 3572">
    <p class='ocr_par' dir='ltr' id='par_1_67' title="bbox 381 3502 2037 3572">
     <span class='ocr_line' id='line_1_68' title="bbox 381 3502 2037 3572; baseline -0.004 -9"><span class='ocrx_word' id='word_1_481' title='bbox 381 3507 638 3563; x_wconf 88' lang='lat' dir='ltr'>cohortis</span> <span class='ocrx_word' id='word_1_482' title='bbox 666 3524 730 3561; x_wconf 89' lang='lat' dir='ltr'>ac</span> <span class='ocrx_word' id='word_1_483' title='bbox 763 3506 1076 3561; x_wconf 86' lang='lat' dir='ltr'>comitatus</span> <span class='ocrx_word' id='word_1_484' title='bbox 1106 3502 1362 3558; x_wconf 89' lang='lat' dir='ltr'>universi</span> <span class='ocrx_word' id='word_1_485' title='bbox 1395 3507 1575 3556; x_wconf 70' lang='lat' dir='ltr'>aastus</span> <span class='ocrx_word' id='word_1_486' title='bbox 1624 3505 1800 3572; x_wconf 86' lang='lat' dir='ltr'>atque</span> <span class='ocrx_word' id='word_1_487' title='bbox 1844 3504 2037 3557; x_wconf 86' lang='lat' dir='ltr'>incer-</span> 
     </span>
    </p>
   </div>
   <div class='ocr_carea' id='block_1_68' title="bbox 380 3591 2035 3661">
    <p class='ocr_par' dir='ltr' id='par_1_68' title="bbox 380 3591 2035 3661">
     <span class='ocr_line' id='line_1_69' title="bbox 380 3591 2035 3661; baseline -0.002 -10"><span class='ocrx_word' id='word_1_488' title='bbox 380 3596 568 3651; x_wconf 87' lang='lat' dir='ltr'>titudo</span> <span class='ocrx_word' id='word_1_489' title='bbox 602 3594 853 3650; x_wconf 88' lang='lat' dir='ltr'>consilii.</span> <span class='ocrx_word' id='word_1_490' title='bbox 890 3593 1066 3646; x_wconf 82' lang='lat' dir='ltr'>Adire</span> <span class='ocrx_word' id='word_1_491' title='bbox 1116 3591 1282 3644; x_wconf 90' lang='lat' dir='ltr'>illum</span> <span class='ocrx_word' id='word_1_492' title='bbox 1322 3592 1493 3659; x_wconf 85' lang='lat' dir='ltr'>juvat</span> <span class='ocrx_word' id='word_1_493' title='bbox 1539 3595 1596 3645; x_wconf 92' lang='lat' dir='ltr'>et</span> <span class='ocrx_word' id='word_1_494' title='bbox 1640 3594 2035 3661; x_wconf 88' lang='lat' dir='ltr'>percontando</span> 
     </span>
    </p>
   </div>
   <div class='ocr_carea' id='block_1_69' title="bbox 378 3680 2037 3751">
    <p class='ocr_par' dir='ltr' id='par_1_69' title="bbox 378 3680 2037 3751">
     <span class='ocr_line' id='line_1_70' title="bbox 378 3680 2037 3751; baseline -0.001 -12"><span class='ocrx_word' id='word_1_495' title='bbox 378 3685 586 3739; x_wconf 89' lang='lat' dir='ltr'>elicere</span> <span class='ocrx_word' id='word_1_496' title='bbox 613 3684 752 3751; x_wconf 90' lang='lat' dir='ltr'>quid</span> <span class='ocrx_word' id='word_1_497' title='bbox 788 3681 1018 3747; x_wconf 72' lang='lat' dir='ltr'>cogitet.</span> <span class='ocrx_word' id='word_1_498' title='bbox 1053 3681 1195 3742; x_wconf 85' lang='lat' dir='ltr'>Quis</span> <span class='ocrx_word' id='word_1_499' title='bbox 1242 3680 1357 3733; x_wconf 89' lang='lat' dir='ltr'>scit</span> <span class='ocrx_word' id='word_1_500' title='bbox 1404 3680 1561 3733; x_wconf 88' lang='lat' dir='ltr'>enim</span> <span class='ocrx_word' id='word_1_501' title='bbox 1613 3697 1685 3735; x_wconf 89' lang='lat' dir='ltr'>an</span> <span class='ocrx_word' id='word_1_502' title='bbox 1740 3696 1855 3735; x_wconf 91' lang='lat' dir='ltr'>non</span> <span class='ocrx_word' id='word_1_503' title='bbox 1900 3682 2037 3738; x_wconf 90' lang='lat' dir='ltr'>inde</span> 
     </span>
    </p>
   </div>
   <div class='ocr_carea' id='block_1_70' title="bbox 379 3769 2032 3843">
    <p class='ocr_par' dir='ltr' id='par_1_70' title="bbox 379 3769 2032 3843">
     <span class='ocr_line' id='line_1_71' title="bbox 379 3769 2032 3843; baseline 0.001 -18"><span class='ocrx_word' id='word_1_504' title='bbox 379 3771 523 3826; x_wconf 90' lang='lat' dir='ltr'>mihi</span> <span class='ocrx_word' id='word_1_505' title='bbox 584 3772 746 3825; x_wconf 88' lang='lat' dir='ltr'>nasci</span> <span class='ocrx_word' id='word_1_506' title='bbox 794 3769 1208 3840; x_wconf 88' lang='lat' dir='ltr'>opportunitas</span> <span class='ocrx_word' id='word_1_507' title='bbox 1256 3769 1441 3840; x_wconf 85' lang='lat' dir='ltr'>possit</span> <span class='ocrx_word' id='word_1_508' title='bbox 1492 3784 1651 3824; x_wconf 80' lang='lat' dir='ltr'>novas</span> <span class='ocrx_word' id='word_1_509' title='bbox 1697 3772 2032 3843; x_wconf 74' lang='lat' dir='ltr'>cujuSpiam</span> 
     </span>
    </p>
   </div>
   <div class='ocr_carea' id='block_1_71' title="bbox 375 3858 1118 3929">
    <p class='ocr_par' dir='ltr' id='par_1_71' title="bbox 375 3858 1118 3929">
     <span class='ocr_line' id='line_1_72' title="bbox 375 3858 1118 3929; baseline -0.005 -15"><span class='ocrx_word' id='word_1_510' title='bbox 375 3859 681 3929; x_wconf 87' lang='lat' dir='ltr'>dignitatis</span> <span class='ocrx_word' id='word_1_511' title='bbox 714 3858 1118 3929; x_wconf 72' lang='lat' dir='ltr'>impetrandis.</span> 
     </span>
    </p>
   </div>
   <div class='ocr_carea' id='block_1_72' title="bbox 440 3966 2031 4036">
    <p class='ocr_par' dir='ltr' id='par_1_72' title="bbox 440 3966 2031 4036">
     <span class='ocr_line' id='line_1_73' title="bbox 440 3966 2031 4036; baseline 0.003 -17"><span class='ocrx_word' id='word_1_512' title='bbox 440 3966 531 4020; x_wconf 91' lang='lat' dir='ltr'>Vl.</span> <span class='ocrx_word' id='word_1_513' title='bbox 566 3966 728 4021; x_wconf 91' lang='lat' dir='ltr'>Unde</span> <span class='ocrx_word' id='word_1_514' title='bbox 761 3969 982 4033; x_wconf 89' lang='lat' dir='ltr'>autem,</span> <span class='ocrx_word' id='word_1_515' title='bbox 1018 3966 1282 4036; x_wconf 86' lang='lat' dir='ltr'>reposuit</span> <span class='ocrx_word' id='word_1_516' title='bbox 1339 3969 1683 4033; x_wconf 87' lang='lat' dir='ltr'>Coronatus,</span> <span class='ocrx_word' id='word_1_517' title='bbox 1721 3966 1834 4033; x_wconf 89' lang='lat' dir='ltr'>die,</span> <span class='ocrx_word' id='word_1_518' title='bbox 1869 3984 2031 4023; x_wconf 89' lang='lat' dir='ltr'>ama-</span> 
     </span>
    </p>
   </div>
   <div class='ocr_carea' id='block_1_73' title="bbox 368 4053 2029 4126">
    <p class='ocr_par' dir='ltr' id='par_1_73' title="bbox 368 4053 2029 4126">
     <span class='ocr_line' id='line_1_74' title="bbox 368 4053 2029 4126; baseline 0 -15"><span class='ocrx_word' id='word_1_519' title='bbox 368 4056 463 4126; x_wconf 90' lang='lat' dir='ltr'>bo,</span> <span class='ocrx_word' id='word_1_520' title='bbox 490 4055 594 4111; x_wconf 90' lang='lat' dir='ltr'>tibi</span> <span class='ocrx_word' id='word_1_521' title='bbox 628 4058 879 4119; x_wconf 90' lang='lat' dir='ltr'>constat,</span> <span class='ocrx_word' id='word_1_522' title='bbox 927 4060 1195 4123; x_wconf 82' lang='lat' dir='ltr'>aestuare,</span> <span class='ocrx_word' id='word_1_523' title='bbox 1234 4057 1297 4108; x_wconf 94' lang='lat' dir='ltr'>ut</span> <span class='ocrx_word' id='word_1_524' title='bbox 1347 4055 1456 4119; x_wconf 91' lang='lat' dir='ltr'>ais,</span> <span class='ocrx_word' id='word_1_525' title='bbox 1490 4057 1548 4109; x_wconf 92' lang='lat' dir='ltr'>et</span> <span class='ocrx_word' id='word_1_526' title='bbox 1581 4053 1894 4110; x_wconf 88' lang='lat' dir='ltr'>formidare</span> <span class='ocrx_word' id='word_1_527' title='bbox 1927 4072 2029 4111; x_wconf 89' lang='lat' dir='ltr'>no-</span> 
     </span>
    </p>
   </div>
   <div class='ocr_carea' id='block_1_74' title="bbox 367 4142 2029 4217">
    <p class='ocr_par' dir='ltr' id='par_1_74' title="bbox 367 4142 2029 4217">
     <span class='ocr_line' id='line_1_75' title="bbox 367 4142 2029 4217; baseline -0.001 -16"><span class='ocrx_word' id='word_1_528' title='bbox 367 4153 555 4201; x_wconf 85' lang='lat' dir='ltr'>strum</span> <span class='ocrx_word' id='word_1_529' title='bbox 591 4146 825 4217; x_wconf 85' lang='lat' dir='ltr'>regem?</span> <span class='ocrx_word' id='word_1_530' title='bbox 853 4142 1299 4215; x_wconf 85' lang='lat' dir='ltr'>Nempe,inquit</span> <span class='ocrx_word' id='word_1_531' title='bbox 1320 4143 1811 4215; x_wconf 81' lang='lat' dir='ltr'>Vestigator,ejus</span> <span class='ocrx_word' id='word_1_532' title='bbox 1844 4146 2029 4201; x_wconf 88' lang='lat' dir='ltr'>animi</span> 
     </span>
    </p>
   </div>
   <div class='ocr_carea' id='block_1_75' title="bbox 367 4231 2022 4302">
    <p class='ocr_par' dir='ltr' id='par_1_75' title="bbox 367 4231 2022 4302">
     <span class='ocr_line' id='line_1_76' title="bbox 367 4231 2022 4302; baseline -0.001 -11"><span class='ocrx_word' id='word_1_533' title='bbox 367 4252 577 4291; x_wconf 86' lang='lat' dir='ltr'>sensus</span> <span class='ocrx_word' id='word_1_534' title='bbox 626 4234 877 4289; x_wconf 88' lang='lat' dir='ltr'>intimus</span> <span class='ocrx_word' id='word_1_535' title='bbox 928 4233 1071 4287; x_wconf 91' lang='lat' dir='ltr'>mihi</span> <span class='ocrx_word' id='word_1_536' title='bbox 1121 4231 1373 4302; x_wconf 87' lang='lat' dir='ltr'>pellucet</span> <span class='ocrx_word' id='word_1_537' title='bbox 1416 4250 1483 4287; x_wconf 84' lang='lat' dir='ltr'>ex</span> <span class='ocrx_word' id='word_1_538' title='bbox 1515 4232 1715 4288; x_wconf 88' lang='lat' dir='ltr'>habitu</span> <span class='ocrx_word' id='word_1_539' title='bbox 1747 4238 1803 4288; x_wconf 87' lang='lat' dir='ltr'>et</span> <span class='ocrx_word' id='word_1_540' title='bbox 1835 4232 2022 4291; x_wconf 87' lang='lat' dir='ltr'>vultu.</span> 
     </span>
    </p>
   </div>
   <div class='ocr_carea' id='block_1_76' title="bbox 365 4322 2024 4397">
    <p class='ocr_par' dir='ltr' id='par_1_76' title="bbox 365 4322 2024 4397">
     <span class='ocr_line' id='line_1_77' title="bbox 365 4322 2024 4397; baseline 0.001 -19"><span class='ocrx_word' id='word_1_541' title='bbox 365 4324 608 4380; x_wconf 87' lang='lat' dir='ltr'>Solertis</span> <span class='ocrx_word' id='word_1_542' title='bbox 662 4324 877 4397; x_wconf 90' lang='lat' dir='ltr'>quippe</span> <span class='ocrx_word' id='word_1_543' title='bbox 927 4340 993 4377; x_wconf 88' lang='lat' dir='ltr'>ac</span> <span class='ocrx_word' id='word_1_544' title='bbox 1044 4322 1270 4377; x_wconf 87' lang='lat' dir='ltr'>ratione</span> <span class='ocrx_word' id='word_1_545' title='bbox 1321 4339 1435 4376; x_wconf 91' lang='lat' dir='ltr'>non</span> <span class='ocrx_word' id='word_1_546' title='bbox 1487 4322 1709 4378; x_wconf 85' lang='lat' dir='ltr'>frustra</span> <span class='ocrx_word' id='word_1_547' title='bbox 1768 4325 2024 4395; x_wconf 62' lang='lat' dir='ltr'>praeditas</span> 
     </span>
    </p>
   </div>
   <div class='ocr_carea' id='block_1_77' title="bbox 367 4409 2024 4483">
    <p class='ocr_par' dir='ltr' id='par_1_77' title="bbox 367 4409 2024 4483">
     <span class='ocr_line' id='line_1_78' title="bbox 367 4409 2024 4483; baseline -0.001 -15"><span class='ocrx_word' id='word_1_548' title='bbox 367 4413 578 4469; x_wconf 89' lang='lat' dir='ltr'>mentis</span> <span class='ocrx_word' id='word_1_549' title='bbox 611 4416 699 4467; x_wconf 91' lang='lat' dir='ltr'>est</span> <span class='ocrx_word' id='word_1_550' title='bbox 730 4428 944 4466; x_wconf 88' lang='lat' dir='ltr'>arcana</span> <span class='ocrx_word' id='word_1_551' title='bbox 987 4427 1054 4465; x_wconf 86' lang='lat' dir='ltr'>ex</span> <span class='ocrx_word' id='word_1_552' title='bbox 1098 4409 1519 4481; x_wconf 89' lang='lat' dir='ltr'>apparentibus</span> <span class='ocrx_word' id='word_1_553' title='bbox 1547 4410 1895 4483; x_wconf 89' lang='lat' dir='ltr'>intelligere,</span> <span class='ocrx_word' id='word_1_554' title='bbox 1931 4413 2024 4467; x_wconf 88' lang='lat' dir='ltr'>ul-</span> 
     </span>
    </p>
   </div>
   <div class='ocr_carea' id='block_1_78' title="bbox 365 4500 2019 4573">
    <p class='ocr_par' dir='ltr' id='par_1_78' title="bbox 365 4500 2019 4573">
     <span class='ocr_line' id='line_1_79' title="bbox 365 4500 2019 4573; baseline -0.001 -16"><span class='ocrx_word' id='word_1_555' title='bbox 365 4508 573 4573; x_wconf 91' lang='lat' dir='ltr'>traque</span> <span class='ocrx_word' id='word_1_556' title='bbox 605 4502 976 4573; x_wconf 83' lang='lat' dir='ltr'>superficiem</span> <span class='ocrx_word' id='word_1_557' title='bbox 1037 4501 1381 4569; x_wconf 67' lang='lat' dir='ltr'>conjecturae</span> <span class='ocrx_word' id='word_1_558' title='bbox 1422 4500 1600 4555; x_wconf 91' lang='lat' dir='ltr'>ductu</span> <span class='ocrx_word' id='word_1_559' title='bbox 1635 4502 1705 4555; x_wconf 86' lang='lat' dir='ltr'>ad</span> <span class='ocrx_word' id='word_1_560' title='bbox 1740 4502 2019 4573; x_wconf 84' lang='lat' dir='ltr'>introspi-</span> 
     </span>
    </p>
   </div>
   <div class='ocr_carea' id='block_1_79' title="bbox 366 4590 2018 4662">
    <p class='ocr_par' dir='ltr' id='par_1_79' title="bbox 366 4590 2018 4662">
     <span class='ocr_line' id='line_1_80' title="bbox 366 4590 2018 4662; baseline -0.001 -16"><span class='ocrx_word' id='word_1_561' title='bbox 366 4593 641 4647; x_wconf 89' lang='lat' dir='ltr'>ciendum</span> <span class='ocrx_word' id='word_1_562' title='bbox 692 4591 820 4645; x_wconf 89' lang='lat' dir='ltr'>niti.</span> <span class='ocrx_word' id='word_1_563' title='bbox 854 4591 935 4644; x_wconf 92' lang='lat' dir='ltr'>Ad</span> <span class='ocrx_word' id='word_1_564' title='bbox 989 4605 1054 4644; x_wconf 88' lang='lat' dir='ltr'>ea</span> <span class='ocrx_word' id='word_1_565' title='bbox 1104 4592 1447 4645; x_wconf 87' lang='lat' dir='ltr'>Coronatus.</span> <span class='ocrx_word' id='word_1_566' title='bbox 1482 4590 1569 4644; x_wconf 91' lang='lat' dir='ltr'>Tu</span> <span class='ocrx_word' id='word_1_567' title='bbox 1614 4606 1770 4655; x_wconf 90' lang='lat' dir='ltr'>vero,</span> <span class='ocrx_word' id='word_1_568' title='bbox 1804 4590 2018 4662; x_wconf 88' lang='lat' dir='ltr'>inquit,</span> 
     </span>
    </p>
   </div>
   <div class='ocr_carea' id='block_1_80' title="bbox 367 4660 2097 4752">
    <p class='ocr_par' dir='ltr' id='par_1_80' title="bbox 367 4660 2097 4752">
     <span class='ocr_line' id='line_1_81' title="bbox 367 4660 2097 4752; baseline -0.001 -16"><span class='ocrx_word' id='word_1_569' title='bbox 367 4698 482 4752; x_wconf 93' lang='lat' dir='ltr'>quo</span> <span class='ocrx_word' id='word_1_570' title='bbox 514 4683 896 4736; x_wconf 88' lang='lat' dir='ltr'>fundamento</span> <span class='ocrx_word' id='word_1_571' title='bbox 930 4696 1131 4751; x_wconf 88' lang='lat' dir='ltr'>speras</span> <span class='ocrx_word' id='word_1_572' title='bbox 1155 4680 1507 4750; x_wconf 89' lang='lat' dir='ltr'>adepturum</span> <span class='ocrx_word' id='word_1_573' title='bbox 1541 4684 1597 4734; x_wconf 91' lang='lat' dir='ltr'>te</span> <span class='ocrx_word' id='word_1_574' title='bbox 1628 4660 2022 4751; x_wconf 20' lang='lat' dir='ltr'>gratiam‘leo-</span> <span class='ocrx_word' id='word_1_575' title='bbox 2056 4660 2097 4723; x_wconf 75' lang='grc' dir='ltr'>ί)</span> 
     </span>
    </p>
   </div>
   <div class='ocr_carea' id='block_1_81' title="bbox 364 4767 2020 4841">
    <p class='ocr_par' dir='ltr' id='par_1_81' title="bbox 364 4767 2020 4841">
     <span class='ocr_line' id='line_1_82' title="bbox 364 4767 2020 4841; baseline -0.001 -14"><span class='ocrx_word' id='word_1_576' title='bbox 364 4772 477 4837; x_wconf 89' lang='lat' dir='ltr'>nis,</span> <span class='ocrx_word' id='word_1_577' title='bbox 506 4770 651 4826; x_wconf 91' lang='lat' dir='ltr'>nihil</span> <span class='ocrx_word' id='word_1_578' title='bbox 681 4769 730 4825; x_wconf 91' lang='lat' dir='ltr'>ei</span> <span class='ocrx_word' id='word_1_579' title='bbox 766 4786 1026 4841; x_wconf 88' lang='lat' dir='ltr'>unquam</span> <span class='ocrx_word' id='word_1_580' title='bbox 1081 4767 1371 4839; x_wconf 82' lang='lat' dir='ltr'>praecipuo</span> <span class='ocrx_word' id='word_1_581' title='bbox 1403 4768 1599 4823; x_wconf 89' lang='lat' dir='ltr'>studio</span> <span class='ocrx_word' id='word_1_582' title='bbox 1631 4770 2020 4840; x_wconf 83' lang='lat' dir='ltr'>gratificatus,</span> 
     </span>
    </p>
   </div>
   <div class='ocr_carea' id='block_1_82' title="bbox 363 4856 2017 4931">
    <p class='ocr_par' dir='ltr' id='par_1_82' title="bbox 363 4856 2017 4931">
     <span class='ocr_line' id='line_1_83' title="bbox 363 4856 2017 4931; baseline 0 -16"><span class='ocrx_word' id='word_1_583' title='bbox 363 4874 551 4931; x_wconf 90' lang='lat' dir='ltr'>neque</span> <span class='ocrx_word' id='word_1_584' title='bbox 584 4864 766 4915; x_wconf 88' lang='lat' dir='ltr'>artem</span> <span class='ocrx_word' id='word_1_585' title='bbox 798 4859 1019 4913; x_wconf 89' lang='lat' dir='ltr'>callens</span> <span class='ocrx_word' id='word_1_586' title='bbox 1051 4856 1214 4912; x_wconf 91' lang='lat' dir='ltr'>illam</span> <span class='ocrx_word' id='word_1_587' title='bbox 1248 4856 1633 4928; x_wconf 89' lang='lat' dir='ltr'>multiplicem</span> <span class='ocrx_word' id='word_1_588' title='bbox 1667 4874 1732 4912; x_wconf 92' lang='lat' dir='ltr'>ac</span> <span class='ocrx_word' id='word_1_589' title='bbox 1763 4858 2017 4929; x_wconf 86' lang='lat' dir='ltr'>spissam</span> 
     </span>
    </p>
   </div>
   <div class='ocr_carea' id='block_1_83' title="bbox 363 4946 2017 5019">
    <p class='ocr_par' dir='ltr' id='par_1_83' title="bbox 363 4946 2017 5019">
     <span class='ocr_line' id='line_1_84' title="bbox 363 4946 2017 5019; baseline -0.001 -15"><span class='ocrx_word' id='word_1_590' title='bbox 363 4947 681 5005; x_wconf 89' lang='lat' dir='ltr'>dcliniendi</span> <span class='ocrx_word' id='word_1_591' title='bbox 714 4964 983 5003; x_wconf 91' lang='lat' dir='ltr'>sermone</span> <span class='ocrx_word' id='word_1_592' title='bbox 1014 4961 1217 5019; x_wconf 86' lang='lat' dir='ltr'>regum</span> <span class='ocrx_word' id='word_1_593' title='bbox 1250 4946 1503 5016; x_wconf 91' lang='lat' dir='ltr'>animos,</span> <span class='ocrx_word' id='word_1_594' title='bbox 1537 4962 1915 5019; x_wconf 88' lang='lat' dir='ltr'>amoremque</span> <span class='ocrx_word' id='word_1_595' title='bbox 1948 4948 2017 5002; x_wconf 89' lang='lat' dir='ltr'>il-</span> 
     </span>
    </p>
   </div>
   <div class='ocr_carea' id='block_1_84' title="bbox 363 5034 2015 5109">
    <p class='ocr_par' dir='ltr' id='par_1_84' title="bbox 363 5034 2015 5109">
     <span class='ocr_line' id='line_1_85' title="bbox 363 5034 2015 5109; baseline -0.001 -16"><span class='ocrx_word' id='word_1_596' title='bbox 363 5039 554 5093; x_wconf 90' lang='lat' dir='ltr'>lorum</span> <span class='ocrx_word' id='word_1_597' title='bbox 601 5038 659 5093; x_wconf 90' lang='lat' dir='ltr'>in</span> <span class='ocrx_word' id='word_1_598' title='bbox 710 5042 767 5093; x_wconf 89' lang='lat' dir='ltr'>te</span> <span class='ocrx_word' id='word_1_599' title='bbox 805 5036 1062 5093; x_wconf 88' lang='lat' dir='ltr'>vertendi</span> <span class='ocrx_word' id='word_1_600' title='bbox 1104 5054 1118 5092; x_wconf 94' lang='lat'>:</span> <span class='ocrx_word' id='word_1_601' title='bbox 1153 5035 1370 5107; x_wconf 91' lang='lat' dir='ltr'>quippe</span> <span class='ocrx_word' id='word_1_602' title='bbox 1402 5034 1504 5107; x_wconf 87' lang='lat' dir='ltr'>qui</span> <span class='ocrx_word' id='word_1_603' title='bbox 1537 5050 1641 5091; x_wconf 90' lang='lat' dir='ltr'>nec</span> <span class='ocrx_word' id='word_1_604' title='bbox 1673 5035 1745 5091; x_wconf 91' lang='lat' dir='ltr'>iis</span> <span class='ocrx_word' id='word_1_605' title='bbox 1777 5053 1810 5091; x_wconf 90' lang='lat' dir='ltr'>a</span> <span class='ocrx_word' id='word_1_606' title='bbox 1840 5054 2015 5109; x_wconf 86' lang='lat' dir='ltr'>puero</span> 
     </span>
    </p>
   </div>
   <div class='ocr_carea' id='block_1_85' title="bbox 364 5124 2017 5199">
    <p class='ocr_par' dir='ltr' id='par_1_85' title="bbox 364 5124 2017 5199">
     <span class='ocr_line' id='line_1_86' title="bbox 364 5124 2017 5199; baseline -0.001 -16"><span class='ocrx_word' id='word_1_607' title='bbox 364 5128 727 5183; x_wconf 89' lang='lat' dir='ltr'>sisimbutus</span> <span class='ocrx_word' id='word_1_608' title='bbox 749 5126 1077 5199; x_wconf 89' lang='lat' dir='ltr'>disciplinis</span> <span class='ocrx_word' id='word_1_609' title='bbox 1112 5141 1260 5196; x_wconf 89' lang='lat' dir='ltr'>quas</span> <span class='ocrx_word' id='word_1_610' title='bbox 1291 5140 1426 5180; x_wconf 89' lang='lat' dir='ltr'>cum</span> <span class='ocrx_word' id='word_1_611' title='bbox 1461 5124 1759 5197; x_wconf 89' lang='lat' dir='ltr'>principes</span> <span class='ocrx_word' id='word_1_612' title='bbox 1790 5125 2017 5182; x_wconf 89' lang='lat' dir='ltr'>liberali</span> 
     </span>
    </p>
   </div>
   <div class='ocr_carea' id='block_1_86' title="bbox 364 5213 2017 5287">
    <p class='ocr_par' dir='ltr' id='par_1_86' title="bbox 364 5213 2017 5287">
     <span class='ocr_line' id='line_1_87' title="bbox 364 5213 2017 5287; baseline 0.004 -21"><span class='ocrx_word' id='word_1_613' title='bbox 364 5213 711 5269; x_wconf 87' lang='lat' dir='ltr'>educatione</span> <span class='ocrx_word' id='word_1_614' title='bbox 767 5217 1157 5287; x_wconf 87' lang='lat' dir='ltr'>perceperint,</span> <span class='ocrx_word' id='word_1_615' title='bbox 1224 5214 1281 5269; x_wconf 91' lang='lat' dir='ltr'>in</span> <span class='ocrx_word' id='word_1_616' title='bbox 1339 5213 1414 5269; x_wconf 92' lang='lat' dir='ltr'>iis</span> <span class='ocrx_word' id='word_1_617' title='bbox 1474 5213 1650 5270; x_wconf 89' lang='lat' dir='ltr'>etiam</span> <span class='ocrx_word' id='word_1_618' title='bbox 1710 5216 2017 5285; x_wconf 82' lang='lat' dir='ltr'>requirunt</span> 
     </span>
    </p>
   </div>
   <div class='ocr_carea' id='block_1_87' title="bbox 362 5302 2013 5376">
    <p class='ocr_par' dir='ltr' id='par_1_87' title="bbox 362 5302 2013 5376">
     <span class='ocr_line' id='line_1_88' title="bbox 362 5302 2013 5376; baseline 0.004 -21"><span class='ocrx_word' id='word_1_619' title='bbox 362 5316 614 5373; x_wconf 87' lang='lat' dir='ltr'>quorum</span> <span class='ocrx_word' id='word_1_620' title='bbox 635 5302 912 5359; x_wconf 87' lang='lat' dir='ltr'>familiari</span> <span class='ocrx_word' id='word_1_621' title='bbox 934 5304 1359 5361; x_wconf 84' lang='lat' dir='ltr'>consuetudine</span> <span class='ocrx_word' id='word_1_622' title='bbox 1382 5320 1444 5359; x_wconf 89' lang='lat' dir='ltr'>se</span> <span class='ocrx_word' id='word_1_623' title='bbox 1466 5304 1673 5359; x_wconf 89' lang='lat' dir='ltr'>ambiri</span> <span class='ocrx_word' id='word_1_624' title='bbox 1693 5306 2013 5376; x_wconf 87' lang='lat' dir='ltr'>patiantur,</span> 
     </span>
    </p>
   </div>
   <div class='ocr_carea' id='block_1_88' title="bbox 359 5392 2015 5466">
    <p class='ocr_par' dir='ltr' id='par_1_88' title="bbox 359 5392 2015 5466">
     <span class='ocr_line' id='line_1_89' title="bbox 359 5392 2015 5466; baseline 0.002 -17"><span class='ocrx_word' id='word_1_625' title='bbox 359 5392 523 5449; x_wconf 82' lang='lat' dir='ltr'>Mitte</span> <span class='ocrx_word' id='word_1_626' title='bbox 556 5392 668 5449; x_wconf 91' lang='lat' dir='ltr'>ista</span> <span class='ocrx_word' id='word_1_627' title='bbox 701 5410 976 5463; x_wconf 65' lang='lat' dir='ltr'>qumrere.</span> <span class='ocrx_word' id='word_1_628' title='bbox 1009 5394 1343 5466; x_wconf 83' lang='lat' dir='ltr'>Vestigator</span> <span class='ocrx_word' id='word_1_629' title='bbox 1380 5394 1486 5465; x_wconf 87' lang='lat' dir='ltr'>ait,</span> <span class='ocrx_word' id='word_1_630' title='bbox 1519 5394 1705 5451; x_wconf 84' lang='lat' dir='ltr'>dextri</span> <span class='ocrx_word' id='word_1_631' title='bbox 1752 5396 1909 5451; x_wconf 89' lang='lat' dir='ltr'>enim</span> <span class='ocrx_word' id='word_1_632' title='bbox 1957 5400 2015 5452; x_wconf 91' lang='lat' dir='ltr'>et</span> 
     </span>
    </p>
   </div>
   <div class='ocr_carea' id='block_1_89' title="bbox 362 5478 2011 5553">
    <p class='ocr_par' dir='ltr' id='par_1_89' title="bbox 362 5478 2011 5553">
     <span class='ocr_line' id='line_1_90' title="bbox 362 5478 2011 5553; baseline 0.004 -18"><span class='ocrx_word' id='word_1_633' title='bbox 362 5482 667 5552; x_wconf 64' lang='lat' dir='ltr'>preesentis</span> <span class='ocrx_word' id='word_1_634' title='bbox 724 5481 943 5553; x_wconf 89' lang='lat' dir='ltr'>ingenii</span> <span class='ocrx_word' id='word_1_635' title='bbox 984 5481 1073 5537; x_wconf 86' lang='lat' dir='ltr'>vir</span> <span class='ocrx_word' id='word_1_636' title='bbox 1121 5482 1288 5538; x_wconf 88' lang='lat' dir='ltr'>facile</span> <span class='ocrx_word' id='word_1_637' title='bbox 1332 5478 1393 5536; x_wconf 86' lang='lat' dir='ltr'>in</span> <span class='ocrx_word' id='word_1_638' title='bbox 1443 5481 1665 5538; x_wconf 89' lang='lat' dir='ltr'>talibus</span> <span class='ocrx_word' id='word_1_639' title='bbox 1718 5482 2011 5541; x_wconf 86' lang='lat' dir='ltr'>defectum</span> 
     </span>
    </p>
   </div>
   <div class='ocr_carea' id='block_1_90' title="bbox 362 5567 2013 5643">
    <p class='ocr_par' dir='ltr' id='par_1_90' title="bbox 362 5567 2013 5643">
     <span class='ocr_line' id='line_1_91' title="bbox 362 5567 2013 5643; baseline 0.002 -18"><span class='ocrx_word' id='word_1_640' title='bbox 362 5570 726 5626; x_wconf 82' lang='lat' dir='ltr'>educationis</span> <span class='ocrx_word' id='word_1_641' title='bbox 754 5567 1008 5641; x_wconf 89' lang='lat' dir='ltr'>supplet,</span> <span class='ocrx_word' id='word_1_642' title='bbox 1036 5572 1217 5641; x_wconf 89' lang='lat' dir='ltr'>perite</span> <span class='ocrx_word' id='word_1_643' title='bbox 1248 5570 1591 5627; x_wconf 90' lang='lat' dir='ltr'>disserendo</span> <span class='ocrx_word' id='word_1_644' title='bbox 1623 5571 1877 5628; x_wconf 86' lang='lat' dir='ltr'>naturali</span> <span class='ocrx_word' id='word_1_645' title='bbox 1913 5573 2013 5643; x_wconf 82' lang='lat' dir='ltr'>ju-</span> 
     </span>
    </p>
   </div>
   <div class='ocr_carea' id='block_1_91' title="bbox 364 5659 2008 5734">
    <p class='ocr_par' dir='ltr' id='par_1_91' title="bbox 364 5659 2008 5734">
     <span class='ocr_line' id='line_1_92' title="bbox 364 5659 2008 5734; baseline 0.004 -23"><span class='ocrx_word' id='word_1_646' title='bbox 364 5659 510 5711; x_wconf 86' lang='lat' dir='ltr'>dicio</span> <span class='ocrx_word' id='word_1_647' title='bbox 528 5660 597 5711; x_wconf 85' lang='lat' dir='ltr'>de</span> <span class='ocrx_word' id='word_1_648' title='bbox 632 5660 718 5714; x_wconf 82' lang='lat' dir='ltr'>his</span> <span class='ocrx_word' id='word_1_649' title='bbox 755 5678 881 5732; x_wconf 70' lang='lat' dir='ltr'>qua:</span> <span class='ocrx_word' id='word_1_650' title='bbox 918 5674 1029 5712; x_wconf 88' lang='lat' dir='ltr'>non</span> <span class='ocrx_word' id='word_1_651' title='bbox 1063 5659 1265 5713; x_wconf 76' lang='lat' dir='ltr'>didicit</span> <span class='ocrx_word' id='word_1_652' title='bbox 1297 5660 1354 5713; x_wconf 88' lang='lat' dir='ltr'>in</span> <span class='ocrx_word' id='word_1_653' title='bbox 1387 5659 1643 5715; x_wconf 84' lang='lat' dir='ltr'>scholis:</span> <span class='ocrx_word' id='word_1_654' title='bbox 1680 5661 1779 5734; x_wconf 86' lang='lat' dir='ltr'>qui</span> <span class='ocrx_word' id='word_1_655' title='bbox 1814 5666 2008 5717; x_wconf 72' lang='lat' dir='ltr'>autem</span> 
     </span>
    </p>
   </div>
   <div class='ocr_carea' id='block_1_92' title="bbox 364 5745 2010 5821">
    <p class='ocr_par' dir='ltr' id='par_1_92' title="bbox 364 5745 2010 5821">
     <span class='ocr_line' id='line_1_93' title="bbox 364 5745 2010 5821; baseline 0.004 -18"><span class='ocrx_word' id='word_1_656' title='bbox 364 5745 501 5803; x_wconf 86' lang='lat' dir='ltr'>talis</span> <span class='ocrx_word' id='word_1_657' title='bbox 532 5765 644 5806; x_wconf 90' lang='lat' dir='ltr'>non</span> <span class='ocrx_word' id='word_1_658' title='bbox 678 5757 784 5819; x_wconf 90' lang='lat' dir='ltr'>est,</span> <span class='ocrx_word' id='word_1_659' title='bbox 832 5750 882 5805; x_wconf 88' lang='lat' dir='ltr'>is</span> <span class='ocrx_word' id='word_1_660' title='bbox 913 5747 1088 5805; x_wconf 83' lang='lat' dir='ltr'>etiam</span> <span class='ocrx_word' id='word_1_661' title='bbox 1124 5754 1467 5821; x_wconf 78' lang='lat' dir='ltr'>argumenta</span> <span class='ocrx_word' id='word_1_662' title='bbox 1497 5755 1755 5809; x_wconf 86' lang='lat' dir='ltr'>tractans</span> <span class='ocrx_word' id='word_1_663' title='bbox 1788 5753 1879 5809; x_wconf 87' lang='lat' dir='ltr'>sui</span> <span class='ocrx_word' id='word_1_664' title='bbox 1911 5766 2010 5810; x_wconf 81' lang='lat' dir='ltr'>ca-</span> 
     </span>
    </p>
   </div>
   <div class='ocr_carea' id='block_1_93' title="bbox 2147 3394 3809 3466">
    <p class='ocr_par' dir='ltr' id='par_1_93' title="bbox 2147 3394 3809 3466">
     <span class='ocr_line' id='line_1_94' title="bbox 2147 3394 3809 3466; baseline 0 -17"><span class='ocrx_word' id='word_1_665' title='bbox 2147 3395 2248 3450; x_wconf 90' lang='lat' dir='ltr'>ubi</span> <span class='ocrx_word' id='word_1_666' title='bbox 2287 3396 2407 3449; x_wconf 89' lang='lat' dir='ltr'>voti</span> <span class='ocrx_word' id='word_1_667' title='bbox 2451 3410 2689 3464; x_wconf 83' lang='lat' dir='ltr'>compos</span> <span class='ocrx_word' id='word_1_668' title='bbox 2733 3395 3078 3466; x_wconf 89' lang='lat' dir='ltr'>perceperit,</span> <span class='ocrx_word' id='word_1_669' title='bbox 3106 3412 3197 3449; x_wconf 85' lang='lat' dir='ltr'>me</span> <span class='ocrx_word' id='word_1_670' title='bbox 3225 3394 3511 3461; x_wconf 89' lang='lat' dir='ltr'>laudabit,</span> <span class='ocrx_word' id='word_1_671' title='bbox 3547 3394 3633 3448; x_wconf 91' lang='lat' dir='ltr'>uti</span> <span class='ocrx_word' id='word_1_672' title='bbox 3667 3410 3809 3464; x_wconf 84' lang='lat' dir='ltr'>pro-</span> 
     </span>
    </p>
   </div>
   <div class='ocr_carea' id='block_1_94' title="bbox 2145 3483 3809 3555">
    <p class='ocr_par' dir='ltr' id='par_1_94' title="bbox 2145 3483 3809 3555">
     <span class='ocr_line' id='line_1_95' title="bbox 2145 3483 3809 3555; baseline -0.001 -17"><span class='ocrx_word' id='word_1_673' title='bbox 2145 3483 2668 3555; x_wconf 62' lang='lat' dir='ltr'>vidum,fmihique</span> <span class='ocrx_word' id='word_1_674' title='bbox 2699 3490 2999 3540; x_wconf 86' lang='lat' dir='ltr'>assuescet</span> <span class='ocrx_word' id='word_1_675' title='bbox 3046 3484 3263 3551; x_wconf 84' lang='lat' dir='ltr'>fidere;</span> <span class='ocrx_word' id='word_1_676' title='bbox 3315 3484 3553 3554; x_wconf 90' lang='lat' dir='ltr'>quando</span> <span class='ocrx_word' id='word_1_677' title='bbox 3598 3489 3809 3539; x_wconf 86' lang='lat' dir='ltr'>autem</span> 
     </span>
    </p>
   </div>
   <div class='ocr_carea' id='block_1_95' title="bbox 2146 3572 3813 3645">
    <p class='ocr_par' dir='ltr' id='par_1_95' title="bbox 2146 3572 3813 3645">
     <span class='ocr_line' id='line_1_96' title="bbox 2146 3572 3813 3645; baseline -0.001 -17"><span class='ocrx_word' id='word_1_678' title='bbox 2146 3588 2468 3645; x_wconf 87' lang='lat' dir='ltr'>cognovero</span> <span class='ocrx_word' id='word_1_679' title='bbox 2496 3572 2696 3645; x_wconf 81' lang='lat' dir='ltr'>ipsum</span> <span class='ocrx_word' id='word_1_680' title='bbox 2727 3574 2947 3644; x_wconf 90' lang='lat' dir='ltr'>aliquid</span> <span class='ocrx_word' id='word_1_681' title='bbox 2982 3574 3141 3628; x_wconf 83' lang='lat' dir='ltr'>exitu</span> <span class='ocrx_word' id='word_1_682' title='bbox 3170 3574 3410 3629; x_wconf 78' lang='lat' dir='ltr'>noxium</span> <span class='ocrx_word' id='word_1_683' title='bbox 3446 3578 3689 3641; x_wconf 83' lang='lat' dir='ltr'>tentare,</span> <span class='ocrx_word' id='word_1_684' title='bbox 3712 3574 3813 3627; x_wconf 84' lang='lat' dir='ltr'>de-</span> 
     </span>
    </p>
   </div>
   <div class='ocr_carea' id='block_1_96' title="bbox 2144 3662 3809 3734">
    <p class='ocr_par' dir='ltr' id='par_1_96' title="bbox 2144 3662 3809 3734">
     <span class='ocr_line' id='line_1_97' title="bbox 2144 3662 3809 3734; baseline 0.001 -18"><span class='ocrx_word' id='word_1_685' title='bbox 2144 3662 2796 3734; x_wconf 49' lang='lat' dir='ltr'>hortaborﬂpericulum</span> <span class='ocrx_word' id='word_1_686' title='bbox 2856 3663 3241 3729; x_wconf 90' lang='lat' dir='ltr'>denuntians,</span> <span class='ocrx_word' id='word_1_687' title='bbox 3274 3663 3375 3717; x_wconf 86' lang='lat' dir='ltr'>sed</span> <span class='ocrx_word' id='word_1_688' title='bbox 3406 3662 3620 3717; x_wconf 88' lang='lat' dir='ltr'>blande</span> <span class='ocrx_word' id='word_1_689' title='bbox 3651 3662 3809 3717; x_wconf 90' lang='lat' dir='ltr'>illud</span> 
     </span>
    </p>
   </div>
   <div class='ocr_carea' id='block_1_97' title="bbox 2144 3750 3809 3823">
    <p class='ocr_par' dir='ltr' id='par_1_97' title="bbox 2144 3750 3809 3823">
     <span class='ocr_line' id='line_1_98' title="bbox 2144 3750 3809 3823; baseline -0.001 -16"><span class='ocrx_word' id='word_1_690' title='bbox 2144 3753 2457 3822; x_wconf 79' lang='lat' dir='ltr'>dextraque</span> <span class='ocrx_word' id='word_1_691' title='bbox 2509 3752 2743 3823; x_wconf 86' lang='lat' dir='ltr'>faciam,</span> <span class='ocrx_word' id='word_1_692' title='bbox 2776 3757 2843 3807; x_wconf 93' lang='lat' dir='ltr'>ut</span> <span class='ocrx_word' id='word_1_693' title='bbox 2889 3751 3274 3807; x_wconf 78' lang='lat' dir='ltr'>offensionem</span> <span class='ocrx_word' id='word_1_694' title='bbox 3322 3750 3521 3806; x_wconf 87' lang='lat' dir='ltr'>vitem.</span> <span class='ocrx_word' id='word_1_695' title='bbox 3555 3751 3647 3806; x_wconf 83' lang='lat' dir='ltr'>Sic</span> <span class='ocrx_word' id='word_1_696' title='bbox 3703 3768 3809 3806; x_wconf 85' lang='lat' dir='ltr'>as-</span> 
     </span>
    </p>
   </div>
   <div class='ocr_carea' id='block_1_98' title="bbox 2142 3840 3808 3911">
    <p class='ocr_par' dir='ltr' id='par_1_98' title="bbox 2142 3840 3808 3911">
     <span class='ocr_line' id='line_1_99' title="bbox 2142 3840 3808 3911; baseline 0 -15"><span class='ocrx_word' id='word_1_697' title='bbox 2142 3846 2455 3896; x_wconf 88' lang='lat' dir='ltr'>secuturus</span> <span class='ocrx_word' id='word_1_698' title='bbox 2473 3841 2689 3909; x_wconf 90' lang='lat' dir='ltr'>videor,</span> <span class='ocrx_word' id='word_1_699' title='bbox 2714 3846 2883 3897; x_wconf 90' lang='lat' dir='ltr'>utme</span> <span class='ocrx_word' id='word_1_700' title='bbox 2904 3840 2993 3897; x_wconf 89' lang='lat' dir='ltr'>leo</span> <span class='ocrx_word' id='word_1_701' title='bbox 3016 3846 3192 3910; x_wconf 85' lang='lat' dir='ltr'>amet,</span> <span class='ocrx_word' id='word_1_702' title='bbox 3220 3840 3472 3911; x_wconf 84' lang='lat' dir='ltr'>aliisque</span> <span class='ocrx_word' id='word_1_703' title='bbox 3501 3840 3808 3911; x_wconf 69' lang='lat' dir='ltr'>prmferat.</span> 
     </span>
    </p>
   </div>
   <div class='ocr_carea' id='block_1_99' title="bbox 2140 3929 3811 4001">
    <p class='ocr_par' dir='ltr' id='par_1_99' title="bbox 2140 3929 3811 4001">
     <span class='ocr_line' id='line_1_100' title="bbox 2140 3929 3811 4001; baseline 0.002 -18"><span class='ocrx_word' id='word_1_704' title='bbox 2140 3930 2636 3994; x_wconf 83' lang='lat' dir='ltr'>Quemadmodum</span> <span class='ocrx_word' id='word_1_705' title='bbox 2668 3930 2826 3984; x_wconf 90' lang='lat' dir='ltr'>enim</span> <span class='ocrx_word' id='word_1_706' title='bbox 2857 3931 3081 4001; x_wconf 87' lang='lat' dir='ltr'>passim</span> <span class='ocrx_word' id='word_1_707' title='bbox 3116 3929 3385 3985; x_wconf 88' lang='lat' dir='ltr'>homines</span> <span class='ocrx_word' id='word_1_708' title='bbox 3417 3929 3647 3999; x_wconf 88' lang='lat' dir='ltr'>pictura</span> <span class='ocrx_word' id='word_1_709' title='bbox 3696 3931 3811 3986; x_wconf 88' lang='lat' dir='ltr'>de-</span> 
     </span>
    </p>
   </div>
   <div class='ocr_carea' id='block_1_100' title="bbox 2138 4018 3810 4090">
    <p class='ocr_par' dir='ltr' id='par_1_100' title="bbox 2138 4018 3810 4090">
     <span class='ocr_line' id='line_1_101' title="bbox 2138 4018 3810 4090; baseline 0.001 -17"><span class='ocrx_word' id='word_1_710' title='bbox 2138 4018 2448 4086; x_wconf 88' lang='lat' dir='ltr'>lectantur,</span> <span class='ocrx_word' id='word_1_711' title='bbox 2473 4024 2746 4074; x_wconf 90' lang='lat' dir='ltr'>naturam</span> <span class='ocrx_word' id='word_1_712' title='bbox 2778 4023 2901 4074; x_wconf 86' lang='lat' dir='ltr'>arte</span> <span class='ocrx_word' id='word_1_713' title='bbox 2926 4019 3581 4090; x_wconf 85' lang='lat' dir='ltr'>adumbrante,resque</span> <span class='ocrx_word' id='word_1_714' title='bbox 3614 4019 3700 4074; x_wconf 90' lang='lat' dir='ltr'>uti</span> <span class='ocrx_word' id='word_1_715' title='bbox 3738 4035 3810 4075; x_wconf 81' lang='lat' dir='ltr'>se</span> 
     </span>
    </p>
   </div>
   <div class='ocr_carea' id='block_1_101' title="bbox 2137 4107 3809 4180">
    <p class='ocr_par' dir='ltr' id='par_1_101' title="bbox 2137 4107 3809 4180">
     <span class='ocr_line' id='line_1_102' title="bbox 2137 4107 3809 4180; baseline 0.001 -18"><span class='ocrx_word' id='word_1_716' title='bbox 2137 4107 2391 4163; x_wconf 90' lang='lat' dir='ltr'>habente</span> <span class='ocrx_word' id='word_1_717' title='bbox 2419 4108 2731 4163; x_wconf 83' lang='lat' dir='ltr'>exbibente</span> <span class='ocrx_word' id='word_1_718' title='bbox 2762 4108 2970 4176; x_wconf 87' lang='lat' dir='ltr'>oculis,</span> <span class='ocrx_word' id='word_1_719' title='bbox 3004 4108 3087 4163; x_wconf 88' lang='lat' dir='ltr'>ita</span> <span class='ocrx_word' id='word_1_720' title='bbox 3142 4108 3440 4180; x_wconf 86' lang='lat' dir='ltr'>principes</span> <span class='ocrx_word' id='word_1_721' title='bbox 3473 4114 3615 4179; x_wconf 91' lang='lat' dir='ltr'>puto</span> <span class='ocrx_word' id='word_1_722' title='bbox 3646 4124 3809 4179; x_wconf 65' lang='lat' dir='ltr'>gauo</span> 
     </span>
    </p>
   </div>
   <div class='ocr_carea' id='block_1_102' title="bbox 2135 4196 3809 4269">
    <p class='ocr_par' dir='ltr' id='par_1_102' title="bbox 2135 4196 3809 4269">
     <span class='ocr_line' id='line_1_103' title="bbox 2135 4196 3809 4269; baseline 0.002 -18"><span class='ocrx_word' id='word_1_723' title='bbox 2135 4198 2271 4251; x_wconf 89' lang='lat' dir='ltr'>dere</span> <span class='ocrx_word' id='word_1_724' title='bbox 2318 4196 2627 4267; x_wconf 90' lang='lat' dir='ltr'>colloquiis</span> <span class='ocrx_word' id='word_1_725' title='bbox 2676 4197 3031 4267; x_wconf 90' lang='lat' dir='ltr'>eorum,qui</span> <span class='ocrx_word' id='word_1_726' title='bbox 3068 4202 3370 4253; x_wconf 87' lang='lat' dir='ltr'>momenta</span> <span class='ocrx_word' id='word_1_727' title='bbox 3422 4198 3809 4269; x_wconf 82' lang='lat' dir='ltr'>negotiorum</span> 
     </span>
    </p>
   </div>
   <div class='ocr_carea' id='block_1_103' title="bbox 2133 4285 3810 4358">
    <p class='ocr_par' dir='ltr' id='par_1_103' title="bbox 2133 4285 3810 4358">
     <span class='ocr_line' id='line_1_104' title="bbox 2133 4285 3810 4358; baseline 0.002 -18"><span class='ocrx_word' id='word_1_728' title='bbox 2133 4285 2539 4357; x_wconf 88' lang='lat' dir='ltr'>ancipitesque</span> <span class='ocrx_word' id='word_1_729' title='bbox 2591 4290 2916 4357; x_wconf 65' lang='lat' dir='ltr'>coeptorum</span> <span class='ocrx_word' id='word_1_730' title='bbox 2965 4285 3178 4353; x_wconf 79' lang='lat' dir='ltr'>exitus,</span> <span class='ocrx_word' id='word_1_731' title='bbox 3215 4286 3362 4357; x_wconf 87' lang='lat' dir='ltr'>ipsis</span> <span class='ocrx_word' id='word_1_732' title='bbox 3405 4287 3605 4358; x_wconf 82' lang='lat' dir='ltr'>qualia</span> <span class='ocrx_word' id='word_1_733' title='bbox 3653 4292 3810 4344; x_wconf 89' lang='lat' dir='ltr'>sunt</span> 
     </span>
    </p>
   </div>
   <div class='ocr_carea' id='block_1_104' title="bbox 2133 4375 3808 4448">
    <p class='ocr_par' dir='ltr' id='par_1_104' title="bbox 2133 4375 3808 4448">
     <span class='ocr_line' id='line_1_105' title="bbox 2133 4375 3808 4448; baseline 0.001 -19"><span class='ocrx_word' id='word_1_734' title='bbox 2133 4390 2402 4429; x_wconf 89' lang='lat' dir='ltr'>sermone</span> <span class='ocrx_word' id='word_1_735' title='bbox 2460 4378 2899 4445; x_wconf 82' lang='lat' dir='ltr'>repraesentare,</span> <span class='ocrx_word' id='word_1_736' title='bbox 2931 4390 2999 4430; x_wconf 90' lang='lat' dir='ltr'>ac</span> <span class='ocrx_word' id='word_1_737' title='bbox 3048 4375 3216 4446; x_wconf 87' lang='lat' dir='ltr'>quasi</span> <span class='ocrx_word' id='word_1_738' title='bbox 3268 4376 3543 4448; x_wconf 82' lang='lat' dir='ltr'>ﬁgurare,</span> <span class='ocrx_word' id='word_1_739' title='bbox 3596 4378 3808 4447; x_wconf 80' lang='lat' dir='ltr'>provi-</span> 
     </span>
    </p>
   </div>
   <div class='ocr_carea' id='block_1_105' title="bbox 2132 4464 3347 4536">
    <p class='ocr_par' dir='ltr' id='par_1_105' title="bbox 2132 4464 3347 4536">
     <span class='ocr_line' id='line_1_106' title="bbox 2132 4464 3347 4536; baseline 0.002 -19"><span class='ocrx_word' id='word_1_740' title='bbox 2132 4464 2324 4518; x_wconf 90' lang='lat' dir='ltr'>dendo</span> <span class='ocrx_word' id='word_1_741' title='bbox 2355 4464 2889 4536; x_wconf 69' lang='lat' dir='ltr'>praemonendoque</span> <span class='ocrx_word' id='word_1_742' title='bbox 2918 4469 3083 4536; x_wconf 88' lang='lat' dir='ltr'>grate</span> <span class='ocrx_word' id='word_1_743' title='bbox 3109 4468 3347 4521; x_wconf 79' lang='lat' dir='ltr'>norunt.</span> 
     </span>
    </p>
   </div>
   <div class='ocr_carea' id='block_1_106' title="bbox 2199 4588 3807 4662">
    <p class='ocr_par' dir='ltr' id='par_1_106' title="bbox 2199 4588 3807 4662">
     <span class='ocr_line' id='line_1_107' title="bbox 2199 4588 3807 4662; baseline 0.005 -21"><span class='ocrx_word' id='word_1_744' title='bbox 2199 4588 2321 4645; x_wconf 87' lang='lat' dir='ltr'>VII.</span> <span class='ocrx_word' id='word_1_745' title='bbox 2353 4590 2502 4643; x_wconf 88' lang='lat' dir='ltr'>Tum</span> <span class='ocrx_word' id='word_1_746' title='bbox 2537 4591 2891 4657; x_wconf 73' lang='lat' dir='ltr'>Coronatus,‘</span> <span class='ocrx_word' id='word_1_747' title='bbox 2918 4588 3404 4662; x_wconf 89' lang='lat' dir='ltr'>Quandoquidem</span> <span class='ocrx_word' id='word_1_748' title='bbox 3456 4591 3652 4659; x_wconf 89' lang='lat' dir='ltr'>istius,</span> <span class='ocrx_word' id='word_1_749' title='bbox 3689 4591 3807 4662; x_wconf 87' lang='lat' dir='ltr'>ait,</span> 
     </span>
    </p>
   </div>
   <div class='ocr_carea' id='block_1_107' title="bbox 2132 4677 3809 4753">
    <p class='ocr_par' dir='ltr' id='par_1_107' title="bbox 2132 4677 3809 4753">
     <span class='ocr_line' id='line_1_108' title="bbox 2132 4677 3809 4753; baseline 0.002 -20"><span class='ocrx_word' id='word_1_750' title='bbox 2132 4677 2359 4735; x_wconf 91' lang='lat' dir='ltr'>consilii</span> <span class='ocrx_word' id='word_1_751' title='bbox 2394 4683 2587 4734; x_wconf 88' lang='lat' dir='ltr'>certus</span> <span class='ocrx_word' id='word_1_752' title='bbox 2610 4693 2694 4746; x_wconf 89' lang='lat' dir='ltr'>es,</span> <span class='ocrx_word' id='word_1_753' title='bbox 2722 4696 2904 4734; x_wconf 89' lang='lat' dir='ltr'>unum</span> <span class='ocrx_word' id='word_1_754' title='bbox 2940 4684 2995 4734; x_wconf 90' lang='lat' dir='ltr'>te</span> <span class='ocrx_word' id='word_1_755' title='bbox 3024 4677 3351 4736; x_wconf 84' lang='lat' dir='ltr'>admonebo</span> <span class='ocrx_word' id='word_1_756' title='bbox 3387 4694 3399 4734; x_wconf 85' lang='lat'><strong>:</strong></span> <span class='ocrx_word' id='word_1_757' title='bbox 3435 4698 3651 4753; x_wconf 89' lang='lat' dir='ltr'>magna</span> <span class='ocrx_word' id='word_1_758' title='bbox 3685 4681 3809 4737; x_wconf 85' lang='lat' dir='ltr'>tibi</span> 
     </span>
    </p>
   </div>
   <div class='ocr_carea' id='block_1_108' title="bbox 2134 4766 3805 4842">
    <p class='ocr_par' dir='ltr' id='par_1_108' title="bbox 2134 4766 3805 4842">
     <span class='ocr_line' id='line_1_109' title="bbox 2134 4766 3805 4842; baseline 0.001 -19"><span class='ocrx_word' id='word_1_759' title='bbox 2134 4785 2282 4839; x_wconf 91' lang='lat' dir='ltr'>opus</span> <span class='ocrx_word' id='word_1_760' title='bbox 2313 4766 2508 4840; x_wconf 89' lang='lat' dir='ltr'>vigilia</span> <span class='ocrx_word' id='word_1_761' title='bbox 2538 4766 2848 4835; x_wconf 86' lang='lat' dir='ltr'>cautionis,</span> <span class='ocrx_word' id='word_1_762' title='bbox 2884 4769 3085 4840; x_wconf 89' lang='lat' dir='ltr'>utique</span> <span class='ocrx_word' id='word_1_763' title='bbox 3129 4768 3427 4825; x_wconf 89' lang='lat' dir='ltr'>inchoanti</span> <span class='ocrx_word' id='word_1_764' title='bbox 3480 4771 3805 4842; x_wconf 88' lang='lat' dir='ltr'>negotium</span> 
     </span>
    </p>
   </div>
   <div class='ocr_carea' id='block_1_109' title="bbox 2132 4856 3807 4930">
    <p class='ocr_par' dir='ltr' id='par_1_109' title="bbox 2132 4856 3807 4930">
     <span class='ocr_line' id='line_1_110' title="bbox 2132 4856 3807 4930; baseline 0.002 -19"><span class='ocrx_word' id='word_1_765' title='bbox 2132 4857 2480 4930; x_wconf 89' lang='lat' dir='ltr'>ambiguum</span> <span class='ocrx_word' id='word_1_766' title='bbox 2542 4856 2858 4927; x_wconf 80' lang='lat' dir='ltr'>multaeque</span> <span class='ocrx_word' id='word_1_767' title='bbox 2919 4857 3231 4913; x_wconf 85' lang='lat' dir='ltr'>obnoxium</span> <span class='ocrx_word' id='word_1_768' title='bbox 3279 4858 3530 4914; x_wconf 73' lang='lat' dir='ltr'>invidiae.</span> <span class='ocrx_word' id='word_1_769' title='bbox 3576 4860 3807 4915; x_wconf 85' lang='lat' dir='ltr'>Audivi</span> 
     </span>
    </p>
   </div>
   <div class='ocr_carea' id='block_1_110' title="bbox 2131 4943 3806 5018">
    <p class='ocr_par' dir='ltr' id='par_1_110' title="bbox 2131 4943 3806 5018">
     <span class='ocr_line' id='line_1_111' title="bbox 2131 4943 3806 5018; baseline 0.001 -16"><span class='ocrx_word' id='word_1_770' title='bbox 2131 4946 2420 5017; x_wconf 90' lang='lat' dir='ltr'>scriptum</span> <span class='ocrx_word' id='word_1_771' title='bbox 2451 4958 2580 5000; x_wconf 87' lang='lat' dir='ltr'>esse</span> <span class='ocrx_word' id='word_1_772' title='bbox 2603 4945 2663 4999; x_wconf 90' lang='lat' dir='ltr'>in</span> <span class='ocrx_word' id='word_1_773' title='bbox 2702 4943 2869 5001; x_wconf 91' lang='lat' dir='ltr'>libris</span> <span class='ocrx_word' id='word_1_774' title='bbox 2906 4947 3242 5018; x_wconf 89' lang='lat' dir='ltr'>sapientum</span> <span class='ocrx_word' id='word_1_775' title='bbox 3277 4945 3449 5003; x_wconf 76' lang='lat' dir='ltr'>eii‘ata</span> <span class='ocrx_word' id='word_1_776' title='bbox 3484 4948 3806 5004; x_wconf 89' lang='lat' dir='ltr'>referenti-</span> 
     </span>
    </p>
   </div>
   <div class='ocr_carea' id='block_1_111' title="bbox 2130 5034 3811 5107">
    <p class='ocr_par' dir='ltr' id='par_1_111' title="bbox 2130 5034 3811 5107">
     <span class='ocr_line' id='line_1_112' title="bbox 2130 5034 3811 5107; baseline 0.001 -16"><span class='ocrx_word' id='word_1_777' title='bbox 2130 5036 2263 5103; x_wconf 92' lang='lat' dir='ltr'>bus,</span> <span class='ocrx_word' id='word_1_778' title='bbox 2285 5035 2397 5089; x_wconf 91' lang='lat' dir='ltr'>tria</span> <span class='ocrx_word' id='word_1_779' title='bbox 2425 5034 2693 5105; x_wconf 71' lang='lat' dir='ltr'>qutedam</span> <span class='ocrx_word' id='word_1_780' title='bbox 2727 5050 2857 5090; x_wconf 89' lang='lat' dir='ltr'>esse</span> <span class='ocrx_word' id='word_1_781' title='bbox 2887 5052 3011 5106; x_wconf 77' lang='lat' dir='ltr'>quas</span> <span class='ocrx_word' id='word_1_782' title='bbox 3044 5052 3217 5092; x_wconf 92' lang='lat' dir='ltr'>nemo</span> <span class='ocrx_word' id='word_1_783' title='bbox 3246 5035 3510 5107; x_wconf 90' lang='lat' dir='ltr'>prudens</span> <span class='ocrx_word' id='word_1_784' title='bbox 3537 5035 3811 5093; x_wconf 90' lang='lat' dir='ltr'>libenter</span> 
     </span>
    </p>
   </div>
   <div class='ocr_carea' id='block_1_112' title="bbox 2130 5124 3808 5198">
    <p class='ocr_par' dir='ltr' id='par_1_112' title="bbox 2130 5124 3808 5198">
     <span class='ocr_line' id='line_1_113' title="bbox 2130 5124 3808 5198; baseline 0.001 -17"><span class='ocrx_word' id='word_1_785' title='bbox 2130 5124 2527 5198; x_wconf 86' lang='lat' dir='ltr'>aggrediatur,</span> <span class='ocrx_word' id='word_1_786' title='bbox 2554 5135 2725 5180; x_wconf 89' lang='lat' dir='ltr'>nemo</span> <span class='ocrx_word' id='word_1_787' title='bbox 2757 5138 3076 5197; x_wconf 85' lang='lat' dir='ltr'>aggressus</span> <span class='ocrx_word' id='word_1_788' title='bbox 3101 5124 3341 5181; x_wconf 83' lang='lat' dir='ltr'>innoxie</span> <span class='ocrx_word' id='word_1_789' title='bbox 3366 5125 3583 5182; x_wconf 84' lang='lat' dir='ltr'>obierit</span> <span class='ocrx_word' id='word_1_790' title='bbox 3619 5142 3634 5181; x_wconf 90' lang='lat'><strong>:</strong></span> <span class='ocrx_word' id='word_1_791' title='bbox 3666 5127 3808 5183; x_wconf 85' lang='lat' dir='ltr'>tra-</span> 
     </span>
    </p>
   </div>
   <div class='ocr_carea' id='block_1_113' title="bbox 2128 5214 3808 5288">
    <p class='ocr_par' dir='ltr' id='par_1_113' title="bbox 2128 5214 3808 5288">
     <span class='ocr_line' id='line_1_114' title="bbox 2128 5214 3808 5288; baseline 0.001 -16"><span class='ocrx_word' id='word_1_792' title='bbox 2128 5218 2288 5272; x_wconf 88' lang='lat' dir='ltr'>ctare</span> <span class='ocrx_word' id='word_1_793' title='bbox 2336 5214 2548 5270; x_wconf 87' lang='lat' dir='ltr'>intime</span> <span class='ocrx_word' id='word_1_794' title='bbox 2596 5228 2730 5270; x_wconf 89' lang='lat' dir='ltr'>cum</span> <span class='ocrx_word' id='word_1_795' title='bbox 2789 5215 3075 5288; x_wconf 85' lang='lat' dir='ltr'>principe,</span> <span class='ocrx_word' id='word_1_796' title='bbox 3110 5214 3311 5272; x_wconf 81' lang='lat' dir='ltr'>bibere</span> <span class='ocrx_word' id='word_1_797' title='bbox 3340 5228 3654 5287; x_wconf 89' lang='lat' dir='ltr'>venenum,</span> <span class='ocrx_word' id='word_1_798' title='bbox 3697 5234 3808 5273; x_wconf 82' lang='lat' dir='ltr'>ar-</span> 
     </span>
    </p>
   </div>
   <div class='ocr_carea' id='block_1_114' title="bbox 2127 5302 3807 5377">
    <p class='ocr_par' dir='ltr' id='par_1_114' title="bbox 2127 5302 3807 5377">
     <span class='ocr_line' id='line_1_115' title="bbox 2127 5302 3807 5377; baseline 0.001 -17"><span class='ocrx_word' id='word_1_799' title='bbox 2127 5314 2339 5360; x_wconf 86' lang='lat' dir='ltr'>canum</span> <span class='ocrx_word' id='word_1_800' title='bbox 2370 5304 2607 5359; x_wconf 87' lang='lat' dir='ltr'>credere</span> <span class='ocrx_word' id='word_1_801' title='bbox 2639 5302 2893 5360; x_wconf 89' lang='lat' dir='ltr'>mulieri.</span> <span class='ocrx_word' id='word_1_802' title='bbox 2922 5303 3146 5361; x_wconf 76' lang='lat' dir='ltr'>Similis</span> <span class='ocrx_word' id='word_1_803' title='bbox 3177 5305 3334 5360; x_wconf 87' lang='lat' dir='ltr'>enim</span> <span class='ocrx_word' id='word_1_804' title='bbox 3366 5302 3643 5377; x_wconf 86' lang='lat' dir='ltr'>princeps</span> <span class='ocrx_word' id='word_1_805' title='bbox 3702 5312 3807 5362; x_wconf 82' lang='lat' dir='ltr'>est</span> 
     </span>
    </p>
   </div>
   <div class='ocr_carea' id='block_1_115' title="bbox 2123 5390 3809 5466">
    <p class='ocr_par' dir='ltr' id='par_1_115' title="bbox 2123 5390 3809 5466">
     <span class='ocr_line' id='line_1_116' title="bbox 2123 5390 3809 5466; baseline 0.001 -16"><span class='ocrx_word' id='word_1_806' title='bbox 2123 5392 2325 5450; x_wconf 86' lang='lat' dir='ltr'>vertici</span> <span class='ocrx_word' id='word_1_807' title='bbox 2358 5406 2588 5448; x_wconf 84' lang='lat' dir='ltr'>amoeno</span> <span class='ocrx_word' id='word_1_808' title='bbox 2617 5390 2703 5447; x_wconf 82' lang='lat' dir='ltr'>illi</span> <span class='ocrx_word' id='word_1_809' title='bbox 2735 5393 2971 5465; x_wconf 88' lang='lat' dir='ltr'>quidem</span> <span class='ocrx_word' id='word_1_810' title='bbox 3022 5393 3305 5465; x_wconf 84' lang='lat' dir='ltr'>uberique</span> <span class='ocrx_word' id='word_1_811' title='bbox 3354 5394 3578 5451; x_wconf 85' lang='lat' dir='ltr'>montis</span> <span class='ocrx_word' id='word_1_812' title='bbox 3630 5410 3809 5466; x_wconf 52' lang='lat' dir='ltr'>prze-w</span> 
     </span>
    </p>
   </div>
   <div class='ocr_carea' id='block_1_116' title="bbox 2124 5480 3809 5557">
    <p class='ocr_par' dir='ltr' id='par_1_116' title="bbox 2124 5480 3809 5557">
     <span class='ocr_line' id='line_1_117' title="bbox 2124 5480 3809 5557; baseline 0.001 -17"><span class='ocrx_word' id='word_1_813' title='bbox 2124 5480 2284 5555; x_wconf 85' lang='lat' dir='ltr'>rupti</span> <span class='ocrx_word' id='word_1_814' title='bbox 2346 5482 2708 5555; x_wconf 88' lang='lat' dir='ltr'>protectique</span> <span class='ocrx_word' id='word_1_815' title='bbox 2760 5482 3024 5553; x_wconf 84' lang='lat' dir='ltr'>undique</span> <span class='ocrx_word' id='word_1_816' title='bbox 3079 5481 3259 5538; x_wconf 82' lang='lat' dir='ltr'>inviis</span> <span class='ocrx_word' id='word_1_817' title='bbox 3304 5482 3574 5555; x_wconf 87' lang='lat' dir='ltr'>rupibus,</span> <span class='ocrx_word' id='word_1_818' title='bbox 3608 5485 3809 5557; x_wconf 82' lang='lat' dir='ltr'>cujus</span> 
     </span>
    </p>
   </div>
   <div class='ocr_carea' id='block_1_117' title="bbox 2123 5571 3804 5647">
    <p class='ocr_par' dir='ltr' id='par_1_117' title="bbox 2123 5571 3804 5647">
     <span class='ocr_line' id='line_1_118' title="bbox 2123 5571 3804 5647; baseline 0.001 -18"><span class='ocrx_word' id='word_1_819' title='bbox 2123 5588 2269 5645; x_wconf 79' lang='lat' dir='ltr'>apex</span> <span class='ocrx_word' id='word_1_820' title='bbox 2292 5584 2606 5643; x_wconf 85' lang='lat' dir='ltr'>supremus</span> <span class='ocrx_word' id='word_1_821' title='bbox 2630 5571 2797 5627; x_wconf 81' lang='lat' dir='ltr'>laetus</span> <span class='ocrx_word' id='word_1_822' title='bbox 2820 5571 3535 5643; x_wconf 86' lang='lat' dir='ltr'>graminibus,abundans</span> <span class='ocrx_word' id='word_1_823' title='bbox 3562 5575 3804 5647; x_wconf 87' lang='lat' dir='ltr'>pomis,</span> 
     </span>
    </p>
   </div>
   <div class='ocr_carea' id='block_1_118' title="bbox 2124 5659 3807 5735">
    <p class='ocr_par' dir='ltr' id='par_1_118' title="bbox 2124 5659 3807 5735">
     <span class='ocr_line' id='line_1_119' title="bbox 2124 5659 3807 5735; baseline 0.001 -17"><span class='ocrx_word' id='word_1_824' title='bbox 2124 5660 2223 5719; x_wconf 86' lang='lat' dir='ltr'>sed</span> <span class='ocrx_word' id='word_1_825' title='bbox 2256 5666 2313 5717; x_wconf 91' lang='lat' dir='ltr'>et</span> <span class='ocrx_word' id='word_1_826' title='bbox 2345 5659 2480 5717; x_wconf 84' lang='lat' dir='ltr'>feris</span> <span class='ocrx_word' id='word_1_827' title='bbox 2511 5661 2704 5716; x_wconf 87' lang='lat' dir='ltr'>omnis</span> <span class='ocrx_word' id='word_1_828' title='bbox 2736 5661 2967 5733; x_wconf 81' lang='lat' dir='ltr'>generis</span> <span class='ocrx_word' id='word_1_829' title='bbox 3027 5660 3217 5717; x_wconf 87' lang='lat' dir='ltr'>lustra</span> <span class='ocrx_word' id='word_1_830' title='bbox 3247 5661 3367 5717; x_wconf 87' lang='lat' dir='ltr'>illic</span> <span class='ocrx_word' id='word_1_831' title='bbox 3397 5662 3807 5735; x_wconf 87' lang='lat' dir='ltr'>habentibus,</span> 
     </span>
    </p>
   </div>
   <div class='ocr_carea' id='block_1_119' title="bbox 2126 5748 3806 5825">
    <p class='ocr_par' dir='ltr' id='par_1_119' title="bbox 2126 5748 3806 5825">
     <span class='ocr_line' id='line_1_120' title="bbox 2126 5748 3806 5825; baseline 0.002 -17"><span class='ocrx_word' id='word_1_832' title='bbox 2126 5748 2599 5824; x_wconf 82' lang='lat' dir='ltr'>infestus,aditus</span> <span class='ocrx_word' id='word_1_833' title='bbox 2622 5749 2800 5807; x_wconf 87' lang='lat' dir='ltr'>habet</span> <span class='ocrx_word' id='word_1_834' title='bbox 2820 5768 2923 5823; x_wconf 90' lang='lat' dir='ltr'>per</span> <span class='ocrx_word' id='word_1_835' title='bbox 2944 5750 3266 5824; x_wconf 69' lang='lat' dir='ltr'>praecipitia</span> <span class='ocrx_word' id='word_1_836' title='bbox 3296 5748 3586 5825; x_wconf 82' lang='lat' dir='ltr'>difﬁciles,</span> <span class='ocrx_word' id='word_1_837' title='bbox 3617 5764 3806 5812; x_wconf 60' lang='lat' dir='ltr'>cerno</span> 
     </span>
    </p>
   </div>
  </div>
