4120 6392
309 392 450 446 1253

1315 404 1678 460 SPECIMEN
1715 408 2117 464 SAPIENTIB
2154 412 2488 469 INDORUM
2529 416 2689 469 VET.

3586 420 3729 474 1254

306 516 691 614 morationem
758 521 1325 614 periculosissimum.
1397 526 1540 582 Vera
1608 546 1834 597 mones,
1880 532 2046 599 aitA
2078 550 2238 590 error
2287 537 2706 608 imperantium
2757 539 2991 609 publice
3059 541 3446 612 perniciosus,
3494 544 3734 614 dispen-

305 606 647 676 Vestigator,
690 610 791 664 sed
841 612 941 681 qui
990 628 1106 668 non
1155 614 1513 684 periclitatur
1558 624 1730 689 atque
1760 621 1953 689 audet,

307 699 572 751 votorum
605 712 839 768 compos
872 716 1173 772 nunquam
1207 703 1290 759 ﬁt.
1324 704 1834 775 Magnanimorum
1868 714 1957 765 est

306 784 627 841 discrimen
677 804 778 857 pro
827 805 927 859 spe
974 792 1221 859 pacisci;
1261 793 1810 867 circumspectantes
1850 818 1955 855 au-

306 878 426 931 tem
479 876 697 943 omnia,
749 893 858 934 nec
906 881 1248 937 certaminis
1309 883 1485 939 ullius
1525 888 1720 957 jacere
1769 889 1953 944 aleam

304 965 606 1035 audentes,
658 975 813 1023 certa
856 974 1051 1025 manet
1098 976 1326 1029 aeternae
1356 974 1602 1030 miseriae
1642 980 1953 1048 possessio.

304 1052 374 1109 Et
410 1054 515 1110 hoc
545 1055 700 1110 enim
735 1073 839 1128 ego
872 1076 901 1113 e
949 1060 1181 1116 dictatis
1226 1064 1552 1133 sapientum
1593 1068 1809 1136 audivi,
1844 1069 1958 1123 tria

302 1159 427 1199 esse
459 1160 589 1215 quae
638 1162 806 1202 nemo
854 1148 1244 1219 pusillanimis
1291 1156 1663 1224 aggreditur:
1717 1174 1956 1214 conver-

299 1233 413 1289 sari
447 1250 579 1291 cum
610 1236 993 1309 principibus,
1030 1257 1169 1297 nave
1202 1244 1379 1299 maria
1424 1247 1713 1315 trajicere,
1766 1267 1959 1319 pugna

305 1325 571 1380 cominus
600 1324 888 1382 lacessere
917 1339 1205 1387 armatum
1238 1332 1568 1390 inimicum.
1602 1336 1760 1393 Duas
1792 1339 1957 1395 video

304 1414 587 1470 stationes
616 1415 737 1471 viro
757 1418 1132 1487 magnanimo
1155 1423 1500 1491 propositas,
1527 1425 1691 1481 aulas
1713 1442 1957 1497 regnan-

303 1502 475 1569 tium,
525 1507 626 1558 aut
670 1504 1016 1562 solitudines
1066 1514 1427 1566 ascetaruni:
1480 1515 1629 1569 sicut
1679 1515 1957 1585 elephan-

308 1597 393 1647 tes
445 1593 657 1661 partim
710 1594 767 1648 in
819 1594 978 1651 silvis
1048 1599 1286 1667 degunt,
1359 1604 1563 1670 partim
1619 1605 1677 1658 in
1730 1604 1958 1675 palatiis

302 1678 565 1738 aluntur.
613 1686 766 1751 Hec,
816 1700 941 1755 quae
990 1687 1178 1743 multa
1225 1706 1664 1761 commemoras,
1705 1695 1785 1750 ait
1834 1714 1957 1751 ser-

303 1785 538 1826 monem
570 1771 924 1843 abrumpens
954 1774 1297 1844 Coronatus,
1328 1797 1421 1836 me
1460 1782 1692 1851 quidem
1723 1786 1792 1841 de
1822 1804 1957 1841 sen-

2068 625 2239 681 sandi
2290 633 2642 698 praepostere
2704 630 2969 699 praemia,
3014 626 3323 702 officiaque
3391 634 3729 701 mandandi,

2066 717 2437 787 perversione
2485 717 2668 773 multo
2697 718 2942 773 ridicula
2992 720 3178 790 magis
3230 738 3297 775 ac
3349 723 3521 777 noxia
3554 739 3732 793 quam

2066 805 2117 861 si
2192 806 2374 862 tiaras
2452 809 2714 878 pedibus,
2791 808 3017 864 calceos
3091 810 3382 879 capitibus
3442 816 3728 882 aptarent.

2066 894 2251 951 Probe
2280 895 2438 950 enim
2481 906 2778 969 perspecto
2827 898 3117 968 cujusque
3155 903 3322 968 captu
3359 900 3525 956 facile
3558 904 3732 958 tuerit

2065 992 2414 1041 ornamenta
2436 986 2669 1042 dotibus
2702 1003 2834 1042 cum
2859 987 3233 1058 proportione
3265 992 3729 1061 accommodare,

2066 1074 2248 1129 vitate
2283 1075 2530 1131 stultitia
2559 1076 2931 1132 inscitissimi
2979 1077 3306 1147 gemmarii,
3342 1094 3513 1148 quem
3538 1080 3731 1135 ferunt

2067 1163 2449 1235 hyacinthum
2483 1165 2654 1236 longe
2686 1165 3189 1235 speciosissimum
3213 1169 3271 1220 et
3292 1167 3459 1236 pretii
3485 1169 3727 1223 maximi

2067 1253 2207 1323 palaz
2253 1254 2456 1308 annuli
2512 1254 2773 1325 plumbei
2822 1255 3123 1310 vilissimae
3172 1256 3482 1324 indidisse,
3545 1275 3730 1328 eoque

2068 1344 2221 1399 facto
2271 1345 2627 1400 contumelia
2685 1344 2924 1416 quidam
2994 1345 3411 1415 indignissima
3476 1347 3725 1403 violasse

2069 1434 2508 1490 nobilissimam
2541 1450 2856 1507 gemmam,
2900 1434 3239 1505 plustamen
3270 1435 3386 1506 ipsi
3417 1437 3533 1492 sibi
3555 1438 3725 1492 dede-

2069 1524 2222 1578 coris
2253 1525 2626 1580 conscivisse.
2666 1524 2841 1579 Tanti
2872 1527 3045 1579 refert
3079 1527 3246 1581 notos
3301 1526 3533 1594 penitus
3565 1528 3725 1597 prin-

2069 1615 2182 1684 cipi
2227 1613 2507 1684 subditos,
2590 1613 2925 1684 imperatori
2998 1613 3214 1670 milites
3282 1632 3444 1671 esse:
3509 1617 3726 1687 quippe

2070 1719 2380 1758 successus
2413 1703 2782 1774 negotiorum
2814 1708 2872 1757 et
2902 1701 3191 1757 bellorum
3227 1704 3568 1774 plerumque
3587 1722 3727 1775 pen-

2071 1792 2213 1847 dent
2240 1806 2271 1846 e
2299 1798 2456 1847 certe
2483 1798 2540 1847 et
2584 1792 2860 1863 prudenti
2904 1790 3133 1847 delectu
3166 1792 3510 1849 idoneorum
3563 1793 3733 1848 adhi-

301 1860 479 1966 tenti'a
510 1877 628 1917 non
668 1862 987 1933 dimovent;
1036 1870 1098 1921 tu
1148 1868 1261 1937 abi,
1305 1874 1360 1924 et
1400 1871 1487 1927 fac
1519 1878 1584 1928 ut
1611 1874 1697 1930 vis
1728 1880 1827 1932 tuo
1854 1894 1958 1949 pe-
1993 1902 2041 1966 Β
2073 1880 2329 1937 bitorum
2357 1886 2427 1937 ad
2466 1860 2694 1937 eas—res
2727 1881 3036 1952 gerendas,
3084 1897 3213 1952 qua
3261 1883 3311 1938 si
3365 1882 3547 1938 cuivis
3588 1884 3735 1939 forte

308 1948 510 2006 riculo.

374 2072 520 2131 VIII.
590 2075 898 2148 Digressus
965 2079 1073 2135 sub
1137 2080 1259 2137 haec
1334 2083 1673 2156 Vestigator,
1738 2089 1963 2149 leonem

304 2164 529 2231 adiens,
566 2166 1025 2235 profundissime
1075 2171 1328 2239 primum
1381 2175 1660 2232 adorav’t.
1697 2180 1798 2235 Cui
1834 2182 1960 2238 leo:

312 2252 467 2307 Heus
518 2258 603 2321 tu,
654 2253 867 2326 inquit,
923 2258 1019 2313 ubi
1067 2259 1290 2317 latuisti
1342 2266 1599 2321 tandiu?
1646 2268 1965 2340 Respondit

310 2344 665 2413 Vestigator:
716 2348 960 2403 Assidue
1007 2350 1201 2405 adstiti
1252 2354 1322 2407 ad
1374 2356 1558 2425 regias
1608 2363 1742 2415 tuas
1791 2362 1961 2432 fores,

309 2432 574 2523 intentus
607 2434 664 2489 in
689 2438 1051 2493 occasionem
1086 2443 1362 2497 navandzc
1392 2460 1575 2515 operae
1600 2449 1656 2503 in
1683 2452 1961 2523 quopiam

307 2522 588 2593 obsequio
643 2526 961 2593 maiestatis
1016 2532 1148 2583 tuae.
1196 2529 1322 2586 Scio
1373 2534 1529 2589 enim
1579 2554 1676 2591 vos
1724 2522 1961 2609 magnos

308 2628 473 2680 reges
522 2614 819 2669 interdum
872 2616 1217 2685 quibusdam
1279 2637 1447 2691 egere
1492 2626 1835 2683 ministeriis
1875 2632 1961 2685 vi-

304 2701 450 2755 lium
494 2719 899 2774 personarum,
935 2721 1039 2761 nec
1072 2725 1202 2763 raro
1235 2713 1513 2780 quosdam
1547 2732 1576 2768 e
1624 2714 1761 2773 faece
1805 2721 1962 2792 vulgi

302 2790 620 2847 utilissime
646 2795 943 2863 cooperari
980 2798 1229 2869 negotiis
1276 2802 1546 2858 maximis
1581 2823 1594 2872 ;
1629 2824 1815 2879 eoque
1845 2790 1960 2866 non

301 2882 599 2951 aspernari
632 2898 894 2938 summos
943 2885 1319 2956 imperatores
1369 2890 1683 2950 humilium
1730 2914 1960 2969 quoque

301 2971 714 3026 clientulorum
750 2979 1017 3044 prompta
1046 2975 1106 3031 in
1142 2979 1438 3035 servitium
1473 2982 1727 3052 ipsorum
1764 2990 1961 3045 studia

301 3061 578 3115 sicutcui
628 3062 817 3132 prurit
866 3064 1149 3129 auricula,
1201 3068 1477 3139 stipulam
1529 3089 1957 3148 nonnunquam

305 3152 486 3205 humo
518 3150 749 3218 tollens,
815 3170 882 3206 ea
914 3154 996 3207 uti
1021 3171 1134 3209 non
1169 3157 1523 3228 dedignatur
1554 3166 1611 3218 in
1638 3182 1775 3221 aure
1808 3170 1958 3223 scal-

303 3244 494 3336 penda
527 3243 969 3336 purgandaque.
1002 3245 1203 3316 Papae!
1239 3249 1525 3307 exclamat
1558 3254 1680 3310 haec
1713 3259 1956 3317 audiens
1990 3265 2036 3336 α

301 3332 374 3422 ad
427 3331 745 3422 familiares
803 3330 912 3422 leo,
966 3350 1141 3405 quam
1197 3340 1445 3407 probum
1497 3346 1963 3422 prudentemque

298 3420 491 3474 virum
510 3420 793 3475 hactenus
814 3419 1217 3491 ignoravimus
1239 3428 1251 3481 ι
1270 3427 1452 3483 Credo
1478 3434 1773 3503 equidem,
1795 3419 1963 3495 multi

301 3508 449 3563 tales
467 3510 519 3562 in
537 3508 763 3563 occulto
781 3516 1042 3565 marcent
1059 3513 1157 3583 qui
1186 3516 1408 3584 Optimo
1427 3520 1655 3588 publico
1670 3523 1725 3577 in
1744 3526 1960 3583 famam

298 3599 722 3653 extrahantur:
776 3599 1083 3668 nimirum,
1139 3608 1201 3655 ut
1234 3607 1442 3673 prunis
1487 3608 1681 3665 cinere
1731 3614 1959 3672 obrutis

298 3698 527 3755 ventus,
562 3695 663 3744 aut
693 3706 865 3744 casus
899 3691 1116 3762 aliquis
1158 3710 1306 3763 Opus
1339 3702 1445 3757 est.
1482 3715 1585 3769 per
1614 3718 1806 3773 quem,
1844 3707 1958 3761 dif.

298 3779 439 3835 ﬂata
478 3782 589 3834 sub
642 3797 757 3850 qua
808 3782 1089 3849 jacebant
1148 3783 1361 3851 favilla,
1416 3786 1607 3845 lucem
1663 3794 1961 3866 explicent

299 3885 492 3938 suam,
544 3884 792 3940 aereque
844 3872 1180 3941 potiantur:
1218 3874 1299 3929 ita
1346 3877 1501 3931 hunc
1550 3882 1811 3951 quaedam
1859 3887 1958 3941 de-

299 3975 463 4013 mum
492 3958 725 4013 fortuna
757 3974 1110 4027 congressus
1152 3964 1334 4017 nostri
1369 3965 1425 4019 in
1462 3970 1729 4027 notitiam
1766 3979 1959 4044 protu-

301 4050 385 4115 lit,
416 4047 725 4119 indignum
760 4049 1015 4119 profecto
1062 4052 1161 4119 qui
1189 4053 1413 4109 lateret.
1452 4060 1524 4111 Ex
1558 4059 1649 4115 his
1682 4067 1746 4117 ut
1776 4066 1958 4121 sensit

297 4138 625 4209 Vestigator
658 4140 809 4193 haud
862 4155 923 4193 se
975 4139 1283 4211 displicere
1332 4145 1607 4219 principi,
1660 4155 1820 4209 tanto
1852 4171 1956 4210 au-

299 4229 533 4283 dentius
595 4226 956 4282 subintulit:
1036 4230 1251 4287 Veliem
1330 4237 1619 4308 equidem,
1699 4243 1955 4309 domine,

299 4318 454 4388 quod
489 4332 518 4372 e
543 4334 602 4374 re
635 4323 732 4371 tua
762 4323 819 4372 et
851 4316 1082 4387 publica
1132 4320 1396 4377 futurum
1431 4327 1701 4401 arbitror,
1737 4333 1956 4391 aulicos

295 4413 429 4461 tuos
479 4422 683 4461 omnes
718 4406 975 4477 proferre
1005 4411 1158 4478 apud
1196 4415 1248 4463 te
1279 4414 1528 4471 candide
1561 4436 1770 4477 sensus
1816 4423 1958 4478 inti-

298 4512 425 4551 mos
456 4512 699 4551 suorum
723 4497 1075 4564 animorum,
1109 4504 1505 4569 etprazsertim
1541 4508 1599 4561 in
1636 4513 1957 4569 occasioni-

295 4587 406 4640 bus
436 4603 630 4640 rerum
682 4587 1084 4657 gerendarum,
1134 4589 1275 4658 quid
1324 4596 1650 4664 convenire,
1685 4602 1819 4671 quid
1853 4620 1955 4659 ex-
1985 4628 2031 4693 Ι)

296 4676 496 4747 pedire
546 4675 813 4745 judicent
860 4676 1067 4730 edere:
1138 4692 1272 4733 nam
1331 4680 1461 4737 hinc
1513 4686 1607 4741 fiet
1661 4695 1725 4745 ut
1776 4696 1833 4747 et
1879 4695 1950 4749 ab

296 4770 493 4820 exacta
536 4764 743 4835 judicii
802 4765 883 4819 tui
954 4781 1195 4821 censura
1258 4783 1618 4846 unaquaeque
1657 4783 1950 4839 sententia

296 4860 493 4910 notam
547 4870 650 4910 suo
701 4855 908 4909 merito
960 4863 1379 4926 congruentem
1459 4864 1728 4935 accipiat,
1780 4879 1835 4926 et
1882 4875 1951 4929 de

296 4945 587 5016 personis,
622 4944 786 5014 ipsis,
822 4944 962 5014 quid
989 4943 1210 5000 valeant
1240 4964 1308 5003 ex
1342 4949 1500 5007 hisce
1530 4957 1951 5025 speciminibus

297 5033 542 5089 solertiae
574 5049 641 5089 ac
664 5032 955 5104 sapientiae
980 5036 1285 5107 cujusque,
1318 5041 1521 5098 notitia
1544 5060 1676 5101 cum
1702 5049 1952 5124 principi

296 5131 421 5177 tum
447 5123 677 5178 senatui
726 5126 984 5194 paretur,
1039 5124 1301 5197 utrisque
1357 5129 1517 5187 utilis
1565 5134 1636 5190 ad
1680 5123 1949 5209 plurima.

295 5212 603 5268 Enimvero
634 5213 823 5282 quoad
857 5213 1088 5268 semina
1130 5215 1291 5271 varia
1323 5224 1487 5276 terrae
1516 5229 1834 5284 commissa
1891 5231 1952 5286 in

293 5302 425 5357 sinu
458 5300 577 5356 arvi
627 5301 997 5372 delitescunt,
1044 5303 1205 5360 nullo
1255 5307 1446 5365 adhuc
1491 5316 1751 5385 germine
1797 5319 1953 5376 foras

293 5390 497 5460 misso,
532 5405 639 5447 nec
666 5392 737 5445 de
769 5390 1045 5461 qualitate
1075 5393 1338 5464 ipsorum
1371 5416 1476 5456 nec
1508 5407 1579 5461 de
1631 5406 1740 5462 soli
1782 5409 1954 5465 uber-

295 5483 414 5535 tate
457 5479 751 5569 judicium
805 5479 941 5569 ferri
987 5487 1208 5540 certum
1276 5494 1509 5559 potest:
1578 5496 1731 5552 idem
1783 5499 1956 5569 plane

292 5586 405 5625 usu
430 5571 583 5625 venit
604 5568 661 5624 in
692 5568 966 5639 ingeniis,
988 5585 1115 5640 quae
1156 5577 1354 5646 qualia
1391 5580 1514 5638 sint
1533 5568 1836 5657 ignoretur
1860 5604 1956 5645 ne-

291 5676 456 5716 cesse
505 5665 612 5727 est,
669 5660 851 5714 donec
901 5676 1147 5719 arconos
1200 5669 1617 5740 cogitationum
1666 5678 1839 5734 foetus
1893 5680 1954 5735 in

289 5749 485 5805 lucem
536 5748 898 5806 enuntianda
974 5752 1375 5822 produxerim.
1452 5764 1600 5822 Hinc
1674 5766 1956 5825 vitabitur

2070 1971 2402 2026 occurrenti
2430 1974 2490 2026 et
2518 1972 2720 2042 ignoto
2768 1974 2987 2025 temere
3038 1973 3546 2041 commendentur,
3601 1989 3733 2028 cor-

2072 2060 2269 2131 rumpi
2304 2060 2573 2130 foedoque
2603 2061 2762 2115 exitu
2794 2060 3060 2115 damnari
3093 2076 3331 2117 necesse
3363 2061 3460 2116 sit.
3488 2060 3728 2117 Univer-

2072 2149 2186 2205 sim
2255 2158 2445 2205 autem
2511 2151 2847 2220 promiscua
2895 2155 2953 2204 et
3004 2149 3363 2221 inexplorata
3414 2150 3729 2207 multitudo

2072 2239 2368 2309 praeclaris
2398 2240 2591 2311 inepta
2632 2240 2990 2295 facinoribus
3034 2243 3144 2294 est.
3205 2240 3415 2295 Palinze
3466 2240 3725 2297 illustres

2072 2346 2433 2401 cperumque
2464 2329 2885 2385 immortalium
2918 2344 3197 2384 mansura
3227 2328 3288 2383 in
3308 2344 3489 2383 arvum
3523 2331 3734 2385 decora

2074 2432 2397 2489 paucorum
2432 2417 2550 2474 fere
2600 2434 2665 2473 ac
2710 2419 2918 2489 praevia
2970 2418 3184 2473 notisia
3232 2418 3288 2472 in
3338 2419 3736 2490 experimenta

2071 2510 2485 2579 productorum
2546 2509 2743 2563 virtuti
2812 2514 2987 2578 atque
3061 2508 3365 2563 industriae
3425 2508 3729 2563 debentur.

2069 2598 2161 2651 Sic
2212 2612 2456 2667 gemmae
2509 2598 2763 2668 parvulae
2807 2601 3002 2652 vastas
3046 2612 3322 2651 saxorum
3374 2602 3473 2652 aut
3520 2597 3731 2653 similis

2071 2686 2332 2754 cujusvis
2366 2688 2622 2741 materia:
2671 2687 2857 2741 moles
2904 2702 3012 2742 usu
3065 2702 3131 2741 ac
3177 2685 3361 2756 pretio
3404 2685 3577 2757 longe
3627 2704 3726 2740 su-

2071 2781 2296 2846 perant.
2331 2778 2467 2841 Quae
2502 2780 2871 2847 reputantem
2905 2777 3068 2830 decet
3123 2775 3467 2846 principem,
3506 2774 3728 2831 nullius

2069 2864 2181 2919 sibi
2202 2865 2597 2935 subjectorum
2618 2865 2994 2935 quantamvis
3017 2864 3411 2919 humilitatem
3434 2864 3726 2935 sortisque

2068 2953 2413 3009 tenuitatem
2446 2955 2525 3009 ita
2558 2956 2878 3025 despicere,
2929 2959 2993 3008 ut
3041 2968 3393 3025 cognoscere
3444 2953 3586 3025 quid
3638 2955 3728 3009 in-

2068 3047 2165 3098 tus
2198 3044 2409 3099 habeat
2438 3058 2552 3099 non
2586 3053 2769 3099 curet.
2808 3045 2987 3099 Parvr
3016 3043 3173 3098 enim
3217 3058 3349 3098 cuin
3390 3044 3461 3098 ad
3515 3059 3729 3114 magna

2068 3134 2393 3203 conferunt,
2431 3148 2626 3204 parva,
2662 3137 2727 3188 ut
2754 3133 2927 3203 vulgo
2960 3130 3194 3199 dicitur,
3229 3146 3358 3187 esse
3408 3133 3720 3187 desinunt:

2072 3223 2227 3277 unde
2256 3238 2357 3294 par
2373 3226 2460 3278 est
2484 3221 2849 3293 reclpublicce
2874 3220 3250 3293 praepositum
3270 3236 3384 3276 non
3408 3237 3507 3276 eos
3533 3222 3722 3276 solum

2073 3328 2181 3367 sua
2211 3312 2604 3367 familiaritate
2643 3311 2895 3383 dignari,
2956 3311 3053 3380 qui
3104 3322 3315 3385 genere
3364 3315 3466 3365 aut
3515 3310 3723 3381 Opibus

2070 3401 2438 3472 praefulgent,
2471 3401 2568 3455 sed
2619 3405 2675 3455 et
2720 3416 2819 3455 eos
2863 3400 3176 3455 admittere
3220 3414 3367 3470 quos
3416 3398 3597 3452 animi
3651 3416 3717 3453 ac

2070 3495 2292 3547 natura:
2324 3492 2487 3546 dotes
2519 3492 2909 3546 instrumenta
2954 3489 3323 3559 publicorum
3369 3490 3713 3543 commodo-

2066 3598 2199 3635 rum
2252 3586 2390 3652 apta
2436 3581 2739 3645 efficiunt;
2789 3593 2855 3633 ac
2904 3594 3093 3649 neque
3149 3578 3449 3633 attendere
3496 3579 3565 3631 ad
3618 3593 3717 3634 eos

2063 3674 2292 3724 tantum
2326 3685 2472 3740 quos
2503 3669 2657 3724 circa
2687 3684 2749 3724 se
2770 3669 2963 3734 habet,
2987 3683 3188 3722 verum
3220 3666 3515 3737 explorare
3544 3666 3718 3737 longe

2064 3760 2353 3829 notosque
2397 3773 2462 3813 ac
2526 3762 2866 3814 numeratos
2923 3757 3139 3813 habere
3186 3754 3427 3813 solertes
3477 3772 3719 3827 gnavos,

2063 3847 2403 3918 ubicunque
2435 3849 2672 3901 demum
2709 3848 2933 3912 vivant,
2971 3849 3328 3917 eosdemque
3371 3846 3429 3900 in
3460 3850 3723 3916 tempore

2062 3950 2379 3993 accersere.
2426 3936 2590 3990 Sicut
2638 3935 2820 4002 enim,
2871 3937 3007 3990 licet
3051 3935 3222 3990 nobis
3272 3936 3514 4005 propius
3574 3934 3721 3989 nihil

2064 4026 2382 4095 intimeque
2400 4026 2469 4079 ad
2482 4025 2696 4080 motius
2716 4040 2893 4093 quam
2919 4040 3134 4094 corpus
3157 4028 3213 4078 et
3236 4024 3501 4077 membra
3519 4028 3720 4078 nostra

2064 4116 2159 4185 sit,
2196 4124 2389 4170 tamen
2421 4130 2555 4169 cum
2590 4114 2709 4168 haec
2744 4113 2963 4168 turbari
2999 4113 3200 4167 morbo
3235 4111 3566 4181 contigerit,
3603 4127 3717 4165 me-

2064 4206 2393 4260 dicamenta
2422 4221 2451 4258 e
2484 4202 2807 4275 longinquo
2840 4202 3222 4273 requirimus.
3258 4216 3358 4271 per
3380 4216 3505 4268 quae
3536 4216 3712 4254 suum

2064 4295 2137 4349 iis
2180 4298 2706 4366 temperamentum
2738 4299 2795 4347 et
2844 4292 3003 4362 prior
3032 4290 3312 4345 habitudo
3363 4294 3716 4359 reponatur:

2065 4384 2150 4439 sic
2174 4384 2369 4455 pigere
2382 4384 2790 4439 dominantem
2821 4396 2936 4437 non
2956 4381 3147 4447 debet,
3173 4378 3718 4450 peregreinterdum

2065 4490 2325 4545 quaerere
2356 4472 2457 4543 qui
2487 4471 2823 4543 reipublicm
2869 4470 3180 4526 consulant
3230 4469 3385 4539 quod
3429 4483 3580 4537 saepe
3613 4468 3719 4523 do-

2067 4563 2289 4618 mestici
2324 4563 2519 4618 minus
2552 4568 2822 4633 possunt.
2856 4566 3051 4617 Mures
3096 4558 3155 4612 in
3208 4557 3443 4629 palatiis
3482 4564 3536 4611 el
3584 4573 3718 4611 nas-

2065 4656 2280 4707 cuntur
2328 4658 2386 4707 et
2431 4650 2633 4706 vivunt
2694 4652 2951 4721 adeoque
2998 4666 3077 4705 ext
3120 4649 3321 4703 eadem
3377 4646 3721 4717 plerumque

2064 4758 2219 4812 penu
2269 4758 2402 4797 cum
2467 4739 2834 4813 principibus
2896 4746 3249 4795 vescuntur:
3283 4736 3580 4790 neminem
3631 4739 3719 4789 ta-

2065 4848 2200 4888 men
2224 4830 2343 4887 vidi
2358 4830 2691 4903 principum
2716 4829 2818 4900 qui
2841 4826 3291 4884 contubernales
3306 4826 3524 4879 sorices
3537 4840 3611 4894 qu
3624 4839 3714 4877 am

2068 4920 2272 4992 procul
2305 4922 2364 4975 in
2398 4920 2563 4976 silvis
2597 4934 2664 4975 ac
2696 4919 2995 4974 montibus
3043 4921 3099 4972 et
3128 4921 3285 4971 ortos
3336 4918 3391 4969 et
3438 4914 3718 4967 educatos

2065 5011 2371 5081 accipitres
2430 5009 2582 5080 pluri
2628 5010 2894 5063 aestimet.
2947 5007 3071 5063 Imo
3124 5005 3269 5072 istae,
3318 5002 3452 5057 licet
3500 5004 3559 5056 in
3621 5018 3718 5073 pe-

2066 5101 2393 5159 netralibus
2423 5100 2634 5172 genitas
2668 5098 2942 5170 altaeque,
2977 5095 3223 5153 sordidae
3256 5111 3320 5150 ac
3360 5094 3585 5148 furaces
3617 5092 3720 5148 be-

2066 5191 2250 5248 stiola
2279 5194 2681 5263 spernuntur;
2716 5188 3057 5261 peregrinus
3090 5184 3188 5239 ille
3214 5201 3283 5239 ex
3312 5182 3433 5239 suis
3466 5182 3623 5255 agris
3656 5198 3722 5237 ac

2066 5280 2369 5337 montibus
2406 5285 2638 5351 propter
2670 5276 2979 5333 utilitatem
3032 5274 3177 5330 falco
3231 5274 3557 5346 expetitur;
3592 5289 3721 5344 per-

2068 5373 2180 5427 dus
2253 5369 2406 5440 regie
2474 5368 2753 5441 pascitur,
2836 5365 3240 5438 principisque
3307 5377 3461 5435 serpe
3532 5362 3720 5433 ipsius

2066 5459 2307 5517 brachio
2335 5463 2618 5531 gestetur.

2142 5588 2237 5641 IX.
2278 5586 2403 5641 ilaic
2436 5582 2632 5639 locuto
2683 5581 3067 5655 Vestigatore,
3112 5580 3485 5637 vehementer
3531 5575 3718 5630 admi-

2069 5692 2205 5732 rans
2236 5675 2345 5743 leo,
2380 5689 2694 5730 conversus
2724 5674 2789 5728 ad
2818 5671 3134 5728 familiares
3166 5671 3350 5725 dixit:
3397 5666 3572 5722 Plane
3592 5666 3719 5736 jam

2068 5780 2388 5837 persuasus
2412 5778 2569 5836 sum,
2602 5762 2811 5821 debere
2838 5762 3161 5835 principem
3190 5774 3305 5816 non
3348 5760 3725 5814 contemnere
