4120 6396
412 411 434 463 1
443 410 549 462 255

1918 395 2303 447 APPENDIX.

3688 395 3834 450 1256

407 538 563 592 viros
613 534 934 592 industrios
988 536 1045 585 et
1098 528 1334 584 dotibus
1402 524 1676 596 praeditos
1742 519 2440 593 praeclaris,Abecillem
2486 520 2942 590 instabilemque
3004 521 3262 576 turbavit
3330 521 3617 576 animum.
3677 524 3829 586 Quid

406 628 581 681 etiam
615 626 663 680 si
696 625 901 678 infima
931 629 1082 675 sorte
1113 635 1180 672 ac
1211 617 1348 671 faece
1392 613 1551 684 vulgi
1608 614 1763 679 sint;
1818 611 1920 666 sed
1971 614 2057 663 ta-

408 715 495 769 les
517 718 575 769 et
595 712 843 785 negotiis
864 708 1141 764 adbibere
1164 710 1222 760 et
1245 703 1569 759 honoribus
1602 701 1851 765 afficere,
1886 703 2061 769 prout

407 805 570 876 digni
598 807 759 871 sunt,
787 809 1083 868 utcunque
1114 795 1304 851 caeteri
1338 810 1543 849 omnes
1595 792 1646 845 id
1702 789 1940 845 moleste
1973 788 2058 842 fe~

404 899 555 948 rant.
590 894 668 947 Ea
695 891 873 945 verba
902 904 1117 943 novum
1171 883 1525 955 Vestigatori
1557 890 1611 937 el
1642 880 1848 935 fortius
1881 893 2058 949 quam

403 981 596 1052 priora
625 984 1039 1049 argumentum
1075 975 1309 1028 fuerunt
1338 973 1403 1025 ad
1429 968 1881 1040 intelligendum
1908 966 2059 1020 bene

405 1071 678 1124 allectum
710 1082 847 1137 erga
877 1081 1006 1119 sese
1036 1064 1260 1118 leonem
1283 1077 1433 1127 esse,
1458 1076 1522 1114 ac
1546 1076 1660 1113 non
1692 1073 1899 1128 parum
1926 1072 2059 1126 pro—

406 1174 655 1231 pensum
681 1156 753 1211 ad
785 1154 1097 1210 favendum
1131 1150 1284 1222 ipsi;
1319 1152 1751 1220 quaretempus
1774 1146 1830 1198 id
1855 1147 2059 1214 aptum

406 1252 572 1302 ratus
603 1262 735 1300 cum
766 1244 866 1299 illo
901 1244 1082 1298 libere
1113 1240 1346 1311 agendi,
1378 1254 1639 1294 seorsum
1674 1254 1738 1291 ac
1790 1236 1919 1290 sine
1968 1250 2058 1288 ar-

406 1334 577 1391 bitris
608 1338 958 1389 conventum
992 1331 1084 1386 his
1115 1329 1310 1383 verbis
1354 1326 1713 1398 alloquitur:
1749 1324 1900 1389 Quid
1949 1327 2057 1391 est,

409 1442 442 1480 0
475 1424 731 1490 domine,
767 1422 923 1494 quod
948 1421 1125 1490 longo
1156 1419 1278 1488 jam
1309 1423 1571 1487 tempore
1610 1416 1894 1469 immotus
1938 1428 2055 1466 ma-

409 1530 537 1581 nes,
570 1528 673 1569 nec
704 1529 773 1566 ex
802 1511 927 1565 loco
959 1509 1069 1564 isto
1096 1508 1156 1562 in
1189 1507 1443 1561 alterum
1481 1504 1696 1559 transis
1716 1504 1743 1557 ‘I
1773 1509 2057 1558 Decreve-

410 1608 499 1658 rat
543 1602 664 1657 haec
712 1600 959 1655 audiens
1005 1597 1094 1653 leo
1162 1593 1559 1661 dissimulare,
1631 1591 2058 1663 respondendo,

408 1691 779 1747 formidinem
814 1705 979 1744 suam
1006 1704 1018 1742 :
1054 1686 1156 1743 sed
1182 1701 1313 1741 cum
1337 1685 1481 1739 forte
1508 1682 1817 1738 accidisset
1839 1698 1905 1737 eo
1934 1683 2059 1750 ipso

410 1784 710 1836 momento
745 1775 1093 1849 ingeminari
1130 1774 1392 1846 mugitus
1414 1772 1587 1840 tauri,
1621 1778 1819 1842 tegere
1842 1773 2060 1824 metum

2168 608 2280 679 egi,
2313 609 2505 665 aiebat
2544 626 2743 664 secum
2793 610 3009 665 tacitus
3053 609 3165 677 leo,
3216 613 3373 681 quod
3432 616 3670 666 versuto
3726 613 3825 667 isti

2167 715 2323 753 nunc
2356 698 2614 770 primum
2642 706 2777 755 noto
2803 716 2896 754 me
2926 704 3114 755 totum
3138 700 3317 755 effudi
3343 703 3366 754 Ρ
3392 701 3567 771 Atqui
3604 702 3823 755 artium

2168 786 2500 859 imperandi
2532 806 2649 843 una
2687 805 2793 843 nec
2843 795 3143 859 postrema
3190 794 3303 858 est,
3354 805 3468 844 non
3522 790 3697 845 fidere
3750 791 3826 845 iis

2168 894 2316 947 quos
2362 878 2463 933 diu
2509 878 2761 950 superbe
2827 878 3279 949 contempseris,
3327 895 3441 933 non
3489 879 3830 935 ambitiosis

2169 986 2283 1023 non
2316 968 2570 1038 cupidis.
2608 986 2720 1025 non
2755 968 3045 1024 fraudatis
3079 972 3345 1023 mercede
3384 970 3674 1036 laborum,
3708 988 3829 1025 non

2167 1056 2380 1127 opibus
2410 1062 2512 1112 aut
2541 1057 2830 1128 dignitate
2862 1057 3151 1128 spoliatis.
3188 1058 3289 1111 llic
3321 1058 3670 1129 Vestigator,
3722 1060 3816 1115 in-

2166 1146 2343 1217 genii,
2378 1152 2443 1201 ut
2472 1152 2735 1218 apparet,
2755 1146 3134 1215 astutissimi,
3168 1146 3500 1202 diutissime
3520 1147 3823 1219 neglectus

2168 1262 2199 1296 a
2228 1260 2318 1299 me
2348 1244 2421 1299 ad
2455 1260 2615 1299 meas
2651 1247 2800 1299 fores
2831 1243 3120 1316 inglorius
3143 1244 3370 1313 jacuit;
3405 1250 3462 1299 et
3490 1262 3593 1316 ego
3618 1244 3719 1299 tali
3742 1246 3826 1300 ir-

2169 1334 2406 1387 ritatum
2440 1333 2799 1389 contumelia
2829 1333 3018 1404 primo
3072 1338 3309 1405 repente
3357 1350 3674 1405 congressu
3727 1352 3831 1389 ar-

2168 1439 2449 1477 canorum
2500 1422 2847 1494 imprudens
2896 1437 3161 1477 meorum
3224 1422 3492 1477 omnium
3553 1422 3829 1479 {estinavi

2167 1512 2469 1566 conscium
2523 1514 2729 1567 facere.
2776 1511 2924 1574 Quid
2975 1517 3172 1566 autem
3240 1511 3483 1566 attinuit
3546 1518 3831 1583 prmterea

2169 1602 2440 1655 eumdem
2475 1601 2546 1655 ad
2580 1606 2816 1655 taurum
2852 1599 3167 1655 videndum
3196 1601 3450 1669 mittere,
3473 1618 3606 1655 cum
3633 1603 3831 1656 mani-

2169 1690 2315 1743 festo
2347 1688 2626 1760 periculo,
2659 1706 2729 1743 ne
2773 1689 2823 1743 is
2864 1688 2965 1743 ubi
3011 1706 3205 1743 meum
3258 1689 3657 1744 adversarium
3693 1708 3828 1744 ma—

2159 1778 2352 1847 jorem
2421 1795 2487 1833 ac
2547 1777 2931 1833 valentiorem
2994 1778 3412 1844 observaverit,
3488 1785 3831 1834 contemnat

413 1887 529 1925 non
561 1868 770 1940 potuit,
815 1882 932 1937 quo
978 1868 1066 1920 est
1112 1862 1315 1918 intime
1365 1878 1689 1916 000005303
1746 1876 1933 1927 υείιυθ
1986 1858 2057 1912 θιά
2088 1891 2136 1955 Β
2169 1866 2442 1938 deinceps
2475 1884 2589 1938 me,
2628 1884 2801 1937 quem
2846 1872 3090 1923 eatenus
3139 1872 3364 1922 tantum
3412 1868 3823 1934 honoraverat,

412 1957 690 2029 pallorem
724 1960 1157 2024 tremoremque
1180 1951 1582 2006 manifestum.
1612 1950 1818 2016 Quare,
1840 1947 2057 2001 omisso

409 2052 713 2117 tamquam
743 2042 936 2099 inutili
965 2046 1175 2097 conatu
1206 2039 1435 2095 celandi
1481 2039 1536 2092 id
1569 2037 1723 2109 quod
1757 2041 1966 2107 sponte
1996 2053 2056 2090 se

402 2134 707 2206 prodebat,
742 2133 948 2188 Vereor
979 2130 1277 2196 nimirum,
1313 2128 1417 2193 ait,
1474 2142 1545 2181 ne
1595 2142 1810 2195 corpus
1854 2124 2056 2178 bestiae

404 2225 577 2294 cujus
604 2220 974 2291 istimugitus
992 2223 1152 2286 sunt,
1176 2216 1567 2289 magnitudini
1590 2213 1854 2269 terriﬁca:
1878 2212 2057 2283 hujus

405 2312 561 2368 vocis
578 2310 950 2382 proportione
973 2308 1323 2379 respondeat
1350 2325 1365 2371 ;
1390 2306 1655 2374 adeoque
1680 2308 1801 2357 tam
1821 2307 2055 2357 vastum

406 2406 465 2456 et
492 2400 749 2456 validum
779 2398 875 2468 sit,
908 2402 973 2452 ut
1003 2396 1173 2451 nobis
1206 2394 1535 2467 imparibus
1570 2394 1642 2449 ad
1674 2392 1863 2447 ferum
1897 2391 2054 2447 istud

405 2488 625 2544 animal
658 2486 1097 2552 debellandum,
1131 2484 1453 2540 necessitas
1486 2482 1788 2537 incumbat
1831 2497 1900 2535 ex
1948 2480 2057 2534 hoc

404 2578 531 2634 loco
569 2577 851 2649 fugiendi.
886 2574 1148 2646 Subjecit
1192 2574 1557 2645 Vestigator:
1592 2572 1674 2627 Ne
1722 2574 2058 2625 consternat

402 2673 479 2735 te,
516 2666 773 2731 domine,
808 2666 917 2720 hoc
956 2664 1199 2729 tonitru,
1252 2662 1453 2718 inania
1500 2661 1657 2715 enim
1708 2658 2057 2731 plerumque

400 2756 679 2813 terricula
709 2755 1001 2826 ejusmodi
1052 2752 1575 2824 deprehenduntur
1612 2749 2056 2821 explorantibus

403 2847 474 2901 ad
507 2846 819 2917 liquidum.
851 2846 1036 2908 Quam
1071 2843 1127 2896 in
1164 2858 1286 2896 rem
1320 2841 1516 2912 accipe
1548 2839 1687 2911 quid
1720 2838 1881 2909 vulpi
1914 2855 2053 2891 con-

403 2935 601 3004 tigerit
631 2951 643 2988 :
679 2938 807 2989 Ilaec
840 2932 1110 2987 famelica
1142 2931 1398 3002 praedam
1423 2944 1713 2999 qumrens,
1740 2927 1962 2998 largam
1987 2943 2056 2980 ex

402 3028 535 3078 voto
569 3023 784 3093 reperit
812 3021 870 3075 in
895 3022 1151 3092 quadam
1184 3019 1364 3087 silva;
1398 3018 1499 3073 sed
1533 3033 1604 3073 ne
1627 3033 1829 3072 secure
1861 3032 2053 3070 vesce-

404 3116 568 3167 retur
600 3111 869 3166 obstabat
902 3107 1181 3164 terribilis
1212 3107 1496 3180 strepitus
1512 3123 1581 3162 ex
1602 3105 2051 3174 altoingruens;

405 3216 617 3271 nempe
648 3204 993 3271 tympanum
1027 3197 1322 3269 quispiam
1355 3196 1426 3251 de
1457 3212 1620 3251 ramo
1647 3195 1853 3250 vicina:
1885 3194 2052 3247 arbo-

405 3254 487 3345 ris
517 3254 941 3361 suspenderat;
975 3292 1032 3343 et
1047 3254 1232 3342 ‘motae
1265 3303 1408 3342 aura
1439 3285 1674 3341 frondes
1704 3284 1775 3340 ad
1809 3282 1952 3339 illud
1977 3281 2057 3337 al-
2085 3254 2131 3323 α

404 3379 525 3435 lisze
562 3380 852 3449 fragorem
883 3377 1136 3433 edebant
1165 3376 1280 3432 alte
1300 3379 1673 3431 resonantem
1696 3378 1752 3429 et
1774 3372 2055 3428 formido-

410 3468 533 3523 lose
562 3468 873 3524 minacem.
907 3467 986 3521 Eo
1018 3466 1254 3521 turbata
1285 3464 1502 3520 misera
1530 3462 1736 3535 vulpes
1787 3462 2052 3532 saginam

405 3562 541 3612 ante
590 3556 791 3611 oculos
841 3560 1104 3627 paratam
1157 3552 1393 3625 pinguis
1436 3556 1494 3608 et
1539 3552 1785 3624 copiosae
1834 3551 2052 3619 ferinae,

407 3662 611 3717 pressa
642 3644 775 3698 licet
805 3643 924 3698 acri
978 3641 1267 3697 desiderio
1315 3641 1549 3705 edendi,
1599 3640 1884 3711 attingere
1935 3656 2052 3694 non

406 3734 680 3801 audebat,
713 3732 914 3786 timide
946 3729 1449 3801 circumspiciens,
1495 3746 1623 3785 sese
1674 3729 2049 3797 contrahens,

400 3827 459 3876 et
488 3822 558 3875 ad
592 3838 795 3875 omnes
826 3818 1117 3891 impulsus
1156 3820 1416 3891 tympani
1478 3818 1687 3889 (crebri
1742 3825 1938 3874 autem
1989 3818 2048 3872 hi

402 3915 568 3965 erant
599 3910 896 3981 aspirante
926 3910 1117 3980 vento)
1140 3910 1275 3964 totis
1299 3910 1547 3963 artubus
1569 3908 2046 3964 contremiscens.

402 4000 658 4054 Durante
688 3998 919 4071 longius
959 4017 1025 4054 ea
1077 3998 1334 4065 miseria,
1389 3997 1633 4053 consilio
1691 4015 1720 4053 e
1769 4014 1829 4051 re
1876 4004 2047 4069 capto

397 4087 709 4160 vulpecula
738 4106 871 4143 cum
896 4089 1261 4144 observasset
1292 4103 1598 4158 erumpere
1624 4104 1835 4141 sonum
1866 4088 2045 4141 istum

396 4177 737 4232 horrificum
772 4194 840 4232 ex
870 4194 1005 4231 arca
1035 4177 1291 4248 quadam
1323 4174 1671 4230 orbicularis
1704 4178 1898 4231 forma:
1932 4174 2046 4229 alte

397 4283 707 4338 suspensa,
741 4266 902 4321 dedit
933 4282 1191 4336 operam,
1226 4282 1484 4331 omnem,
1528 4264 1683 4334 quod
1717 4265 1899 4329 aiunt,
1952 4265 2042 4317 fu-

397 4370 531 4409 nem
561 4371 801 4410 movens
834 4360 898 4409 ut
926 4371 1055 4409 eam
1087 4354 1223 4408 inde
1266 4353 1580 4421 dejiceret:
1636 4370 1749 4408 non
1800 4353 2041 4414 frustra,

396 4443 649 4498 concidit
678 4444 834 4499 enim
868 4445 1103 4498 tandem
1138 4448 1483 4512 tympanum
1524 4448 1580 4496 et
1609 4441 1779 4513 lapsu
1812 4441 2038 4496 confra-

394 4536 553 4587 ctum
586 4538 692 4587 est.
728 4532 1077 4599 Contingere
1112 4532 1163 4585 id
1200 4536 1326 4585 tum
1362 4530 1562 4602 vulpes
1593 4548 1738 4585 ausa
1771 4529 2036 4600 propius-

2170 1963 2465 2027 quatenus
2506 1958 2768 2012 nondum
2823 1962 3261 2028 comparaverat
3302 1974 3437 2012 cum
3489 1959 3829 2029 potentiori.

2170 2047 2299 2102 llzec
2329 2047 2483 2118 apud
2518 2064 2578 2102 se
2608 2046 2899 2118 reputanti
2934 2047 3104 2100 anxie
3132 2045 3284 2100 leoni
3326 2046 3665 2116 supervenit
3717 2048 3825 2102 Ve-

2169 2136 2417 2206 stigator
2445 2153 2479 2189 a
2510 2140 2676 2190 tauro
2708 2140 2989 2191 convento
3017 2136 3223 2200 redux,
3252 2152 3428 2204 quem
3482 2135 3568 2190 leo
3620 2136 3819 2191 solum

2167 2223 2558 2296 conspicatut,
2601 2229 2835 2295 sumpto
2861 2223 3060 2278 animo
3108 2222 3605 2292 dissimulataque
3638 2226 3823 2279 tristi-

2167 2314 2269 2379 tia,
2303 2312 2671 2385 compellavit
2704 2312 2763 2367 in
2795 2312 2952 2367 hunc
2983 2314 3225 2367 modum
3253 2329 3265 2366 :
3298 2318 3682 2384 Exspectatus
3714 2315 3826 2368 ad-

2168 2402 2327 2457 venis
2353 2422 2366 2471 ;
2403 2418 2528 2473 age,
2560 2403 2709 2457 refer
2739 2401 2879 2472 quid
2912 2401 3084 2473 egisti
3111 2402 3138 2456 ‘I
3168 2402 3321 2471 Vidi,
3356 2402 3437 2457 ait
3467 2402 3821 2474 Vestigator,

2169 2498 2229 2546 ut
2250 2492 2513 2563 jussisti,
2541 2490 2987 2546 vocalissimum
3022 2490 3171 2546 illud
3197 2492 3435 2547 animal.
3467 2493 3698 2547 Taurus
3722 2493 3822 2548 hic

2166 2587 2275 2639 est.
2305 2581 2528 2637 Accessi
2562 2582 2632 2636 ad
2671 2588 2805 2637 eum
2853 2581 3146 2651 cominus,
3201 2580 3613 2653 allocutusque
3663 2600 3822 2650 sum,

2168 2689 2273 2727 nec
2306 2672 2629 2744 quidquam
2660 2688 2729 2725 ex
2758 2687 2824 2726 eo
2869 2670 3072 2725 damni
3120 2676 3223 2726 aut
3270 2672 3552 2727 molestias
3598 2672 3826 2742 accepi.

2166 2771 2313 2835 Quid
2347 2776 2471 2825 tum
2510 2769 2757 2840 postea?
2788 2768 2877 2824 leo
2920 2769 3113 2839 inquit
3135 2769 3376 2836 ;indene
3396 2768 3828 2840 colligisimbe-

2166 2860 2365 2916 cillum
2400 2860 2470 2914 ad
2504 2859 2835 2914 nocendum
2869 2863 3106 2912 taurum
3137 2858 3313 2914 esse?
3352 2860 3439 2912 An
3472 2858 3662 2913 nescis
3694 2859 3817 2912 vio-

2164 2948 2527 3004 lentissimos
2554 2947 2821 3002 turbines
2854 2963 3088 3018 parcere
3138 2947 3433 3001 interdum
3488 2946 3821 3001 humilibus

2166 3036 2447 3103 arbustis,
2474 3036 2832 3106 eosdemque
2882 3034 3327 3107 procerissimae
3375 3052 3629 3105 quercus
3681 3036 3820 3090 imis

2164 3126 2517 3197 exstirpatas
2539 3124 2840 3179 radicibus
2861 3124 3128 3195 frangere
3149 3124 3175 3178 ?
3197 3124 3283 3177 Ad
3315 3139 3383 3179 ea
3404 3122 3734 3193 Vestigator
3757 3124 3823 3177 fi-

2171 3216 2375 3270 denter
2403 3213 2690 3280 arridens,
2724 3217 2868 3267 Cave
2897 3213 3128 3278 credas,
3159 3211 3373 3283 inquit,
3406 3211 3665 3281 domine,
3708 3212 3824 3267 hu-

2164 3300 2429 3373 jusmodi
2495 3299 2713 3355 animal
2768 3299 3256 3355 robustissimum
3306 3316 3475 3355 esse:
3547 3299 3713 3371 quin,
3771 3300 3824 3355 si

2166 3389 2332 3461 velis,
2366 3389 2569 3444 sistam
2603 3388 2716 3443 huc
2750 3387 2895 3442 illud
2928 3387 3056 3454 tibi,
3099 3388 3538 3459 obnoxiumque
3589 3406 3658 3445 ac
3710 3390 3825 3444 sub

2166 3496 2344 3534 manu
2376 3483 2478 3533 tua
2510 3482 2786 3533 statuam.
2823 3477 3151 3532 Delectatus
3196 3478 3488 3548 promisso
3538 3476 3651 3543 leo,
3700 3483 3827 3551 Age

2165 3593 2308 3633 sane
2337 3576 2494 3649 quod
2528 3574 2843 3647 polliceris,
2879 3575 2981 3640 ait,
3016 3575 3163 3629 nihil
3198 3574 3343 3628 mihi
3373 3574 3566 3646 possis
3595 3576 3826 3647 gratius

2166 3668 2371 3722 facere.
2403 3666 2809 3735 Continuoque
2842 3664 3178 3736 Vestigator
3226 3681 3531 3735 regressus
3582 3665 3653 3719 ad
3688 3669 3820 3719 tau-

2164 3773 2318 3826 rum,
2354 3755 2495 3810 dicit
2538 3754 2625 3809 illi
2681 3755 3085 3825 praefidenter:
3122 3755 3275 3809 lleus
3322 3758 3409 3819 tu,
3470 3753 3564 3807 hic
3604 3755 3819 3809 adsum

2164 3846 2235 3900 ad
2279 3851 2333 3900 te
2365 3844 2585 3899 missus
2618 3860 2651 3897 a
2697 3842 2883 3909 leone,
2918 3842 3017 3912 qui
3065 3858 3419 3913 magnOpere
3466 3842 3709 3897 mandat
3754 3847 3824 3897 ut

2163 3935 2439 3990 continuo
2472 3932 2669 3987 venias
2700 3933 2770 3985 ad
2807 3949 2889 4000 se,
2924 3932 3308 3996 denuntians,
3343 3930 3390 3985 si
3441 3932 3820 4002 obtempera-

2161 4024 2336 4089 veris,
2372 4022 2624 4094 gratiam
2659 4020 2758 4073 tibi
2789 4038 2849 4074 se
2886 4020 3173 4074 facturum
3230 4020 3474 4092 neglecti
3525 4019 3820 4074 hactenus

2161 4114 2360 4183 ofﬁcii,
2398 4130 2503 4167 nec
2551 4128 2752 4182 poenas
2812 4110 3196 4180 repetiturum
3251 4128 3317 4165 eo
3370 4110 3610 4164 meritas
3660 4110 3820 4180 quod

2160 4202 2363 4256 tandiu
2395 4200 2453 4253 in
2487 4205 2650 4253 tanta
2680 4197 2894 4251 vicinia
2924 4196 3196 4251 omiseris
3228 4196 3485 4251 debitam
3522 4197 3820 4266 majestati

2156 4292 2285 4360 ejus
2323 4287 2754 4342 venerationem
2788 4285 3048 4340 reddere.
3082 4286 3186 4339 Ais
3220 4303 3290 4339 an
3356 4302 3531 4355 negas
3554 4286 3581 4339 ‘I
3611 4285 3823 4356 expedi

2158 4392 2504 4447 responsum
2531 4395 2545 4443 ;
2582 4390 2716 4427 nam
2748 4373 2796 4427 si
2824 4373 3080 4439 dubitas,
3105 4375 3288 4429 refero
3311 4375 3510 4429 statim
3530 4375 3600 4428 ad
3621 4376 3817 4445 ipsum

2157 4465 2446 4539 quidquid
2481 4464 2550 4518 de
2580 4469 2638 4517 te
2670 4462 2925 4533 comperi
2958 4478 2971 4517 :
3006 4480 3199 4518 moras
3230 4463 3385 4518 enim
3422 4463 3649 4517 trahere
3700 4480 3819 4517 non

2158 4561 2342 4611 vacat.
2376 4554 2587 4625 Ecquis
2630 4559 2848 4617 autem,
2881 4553 3188 4623 respondit
3217 4558 3447 4620 taurus,
3482 4552 3569 4607 leo
3602 4552 3696 4606 hic
3726 4557 3819 4606 est

394 4638 507 4692 que
540 4621 777 4684 intueri,
813 4621 1200 4691 deprehendit
1229 4637 1431 4674 cavum
1481 4620 1656 4675 inane
1688 4618 1834 4690 pelle
1882 4617 2043 4672 tenui
2077 4618 2122 4682 D
2156 4647 2391 4711 horum,
2424 4617 2630 4698 m'mtor
2660 4617 3094 4711 mandatorém,
3128 4647 3185 4696 et
3236 4617 3478 4695 ubinam
3523 4640 3757 4695 habitat
3782 4641 3811 4694 «ἶ

394 4714 750 4779 contectum,
786 4709 1193 4779 ll‘l‘l'lvtt‘RQ'JCZ
1229 4710 1417 4780 Papaa,
1450 4707 1663 4778 inquit,
1686 4724 1862 4777 quam
1886 4723 2044 4762 men-

391 4801 498 4853 dax
544 4799 770 4869 species
809 4798 1137 4867 falsumque
1188 4797 1471 4852 indicium
1501 4796 1751 4851 tumoris
1800 4797 1929 4853 est!
1980 4802 2046 4852 ut

392 4888 629 4959 turgida
660 4888 779 4941 haec
815 4888 1304 4957 vocalissimaque
1336 4904 1581 4957 corpora
1624 4886 1837 4940 inaniis
1880 4887 2043 4943 intus

391 4976 675 5031 exhausta
705 4977 1062 5041 vanissimis,
1108 4974 1352 5030 ridicule
1394 4976 1696 5029 minantur
1741 4980 1797 5030 et
1856 4977 2041 5031 risum

391 5064 605 5120 debent
640 5065 650 5119 l
686 5065 887 5119 Simile
922 5083 1026 5119 nos
1058 5064 1388 5135 quidpiam,
1441 5063 1698 5128 domine,
1731 5064 1905 5119 hodie
1940 5082 2041 5135 pa-

390 5152 592 5220 timur,
628 5154 858 5209 fremitu
892 5171 1066 5224 quam
1098 5153 1335 5221 minaci,
1383 5158 1501 5208 tam
1552 5153 1715 5208 irrito
1766 5154 2041 5209 animalis

388 5238 566 5308 hujus
598 5242 804 5296 territi.
842 5244 990 5309 Quin
1024 5242 1274 5313 sijubes
1316 5242 1388 5297 ad
1440 5242 1586 5298 illud
1643 5245 1937 5313 accedam,
1985 5248 2041 5298 et

389 5328 686 5401 explorato
714 5332 853 5401 quid
900 5334 1133 5387 demum
1167 5332 1266 5399 sit,
1320 5332 1389 5386 ad
1440 5337 1495 5387 te
1551 5332 1839 5389 curriculo
1890 5333 2038 5389 refe-

393 5435 538 5474 ram.

452 5634 516 5689 Χ.
553 5633 774 5689 Annuit
808 5632 916 5699 leo,
947 5632 1227 5703 misitque
1260 5636 1474 5707 ipsum.
1508 5642 1793 5693 Caaterum
1836 5638 2035 5694 statim

383 5734 449 5774 eo
479 5722 737 5793 profecto
776 5718 1157 5778 mmstissima
1187 5724 1315 5792 ejus
1348 5725 1483 5779 facti
1530 5726 1876 5797 poenitentia
1926 5730 2037 5785 im-

2156 4736 2239 4790 Ad
2274 4751 2341 4789 ea
2372 4732 2715 4803 Vestigator,
2754 4731 2873 4786 Rex
2904 4736 3015 4797 est,
3049 4730 3259 4800 inquit,
3298 4746 3548 4801 magnus
3585 4729 3809 4783 bestia-

2154 4842 2310 4892 rum,
2342 4827 2397 4877 et
2428 4821 2522 4876 hic
2556 4821 2612 4874 in
2662 4820 2992 4892 propinquo
3036 4825 3227 4874 castra
3254 4824 3509 4873 metatus
3542 4836 3649 4873 sua
3700 4824 3812 4886 est,

2154 4923 2255 4978 ubi
2290 4919 2494 4976 statin
2526 4917 2844 4988 augustali,
2878 4932 3190 4971 numeroso
3213 4915 3637 4970 circumstante
3660 4915 3813 4970 fera-

2154 5030 2282 5069 rum
2315 5008 2592 5073 exercitu,
2627 5007 2845 5078 quibus
2878 5007 3143 5076 imperat.
3188 5005 3449 5059 Territus
3481 5004 3573 5059 his
3606 5010 3814 5059 taurus

2152 5103 2412 5163 secutus,
2446 5096 2741 5150 dicentem
2773 5092 3173 5164 est,leonique
3204 5092 3615 5163 aVestigatore
3646 5092 3817 5148 obla-

2150 5195 2270 5257 tus,
2301 5187 2353 5241 ei
2383 5202 2445 5240 se
2478 5182 2812 5238 humillime
2844 5182 3114 5252 subjecit.
3150 5186 3314 5236 Hunc
3345 5181 3687 5236 humaniter
3716 5182 3813 5237 leo

2150 5276 2448 5348 excipiens
2478 5273 2657 5328 etiam
2691 5277 3065 5343 percontatus
3093 5271 3341 5340 benigne
3391 5279 3480 5325 est
3503 5271 3575 5325 de
3620 5270 3805 5324 fortu-

2152 5388 2237 5425 nae
2271 5384 2336 5421 ac
2368 5380 2563 5419 rerum
2597 5379 2840 5415 suarum
2873 5366 3051 5416 statu.
3090 5358 3309 5415 Retulit
3360 5376 3431 5414 ex
3460 5359 3572 5415 ﬁde
3598 5364 3813 5415 taurus

2151 5460 2380 5521 cuncta,
2425 5451 2741 5523 gratiaeque
2791 5466 2905 5504 non
2956 5449 3213 5521 vulgaris
3256 5450 3409 5520 apud
3464 5449 3691 5504 leonem
3724 5448 3813 5504 lo-

2150 5564 2283 5603 cum
2318 5540 2561 5609 invenit,
2585 5541 2730 5595 adeo
2765 5545 2829 5594 ut
2860 5539 2956 5594 hic
2987 5540 3038 5592 ei
3084 5539 3230 5593 bona
3262 5539 3462 5594 omnia
3502 5540 3809 5611 promitte-

2148 5642 2264 5705 ret,
2287 5633 2615 5701 eodemque
2650 5629 2775 5699 jam
2810 5645 2967 5683 nunc
3001 5628 3277 5682 ministro
3310 5644 3683 5683 summarum
3717 5645 3810 5683 re-

2148 5744 2281 5783 rum
2314 5728 2529 5779 utetur.
2577 5717 2650 5774 Ac
2700 5717 2859 5774 brevi
2909 5722 3117 5774 taurus
3167 5733 3232 5773 eo
3276 5718 3560 5788 pervenit,
3614 5721 3678 5772 ut
3707 5734 3815 5773 au-
