4120 6424
302 401 439 457 1257

1331 404 1689 456 SPECIMEN
1725 403 2126 459 SAPIENTIE
2163 408 2497 465 INDORUM
2536 414 2699 465 VET.

3582 416 3718 468 1258

300 526 569 580 ctoritatc
595 543 661 579 ac
692 526 955 597 potentia
984 524 1155 596 longe
1186 525 1462 580 omnibus
1490 524 1641 580 leoni
1673 527 1956 597 subjectis
1986 551 2040 616 Α
2071 533 2453 603 przebere,ubi
2489 536 3001 590 mansuetudinem
3036 540 3093 591 et
3124 536 3373 607 speciem
3401 539 3721 594 clementiae

304 614 702 670 antecelleret.

374 832 465 886 ΧΙ.
498 832 627 885 ΗίΕο
659 848 905 886 cernens
937 831 1271 903 Vestigator
1319 832 1437 887 acri
1478 832 1655 887 livore
1690 834 1961 905 ringeba-

302 923 504 976 tur.Ac
536 938 671 975 eum
706 921 804 974 diu
860 938 1062 975 secum
1122 927 1403 993 reputans
1462 922 1783 977 volutasset
1840 922 1964 994 plu-

308 1012 753 1075 rima,veterem
787 1011 1025 1064 tandem
1060 1011 1323 1065 sodalem
1348 1011 1701 1067 Coronatum
1734 1012 1963 1082 adiens,

305 1100 497 1171 erupit
535 1100 590 1152 in
638 1099 771 1153 sinu
833 1098 1003 1153 amici
1057 1100 1455 1170 stomachum,
1497 1106 1553 1154 et
1608 1102 1764 1171 apud
1817 1101 1966 1155 fidas

304 1208 479 1244 aures
512 1188 923 1259 aegritudinem
959 1189 1140 1243 animi
1164 1205 1493 1260 arcanaque
1526 1188 1773 1244 consilia
1798 1190 1963 1244 fateri

304 1295 507 1343 ausus,
560 1278 623 1330 Et
667 1276 922 1342 miraris,
982 1282 1039 1331 et
1072 1276 1372 1331 miseraris
1405 1278 1687 1348 profecto,
1750 1277 1965 1347 inquit,

306 1365 533 1436 τηε,ᾳωὶ
573 1370 687 1419 tam
714 1365 1025 1419 infeliciter
1048 1383 1285 1436 operam
1310 1366 1572 1421 locaviin
1599 1366 1967 1422 conciliando

318 1456 471 1511 leoni
506 1460 694 1521 tauro,
721 1454 912 1524 utipsi
950 1454 1128 1509 miser
1161 1455 1301 1509 mihi
1338 1455 1581 1510 exitium
1614 1456 1965 1511 confecerim

319 1543 741 1615 ingratissimis
793 1544 1183 1597 benefaciens.
1236 1545 1361 1599 Scis
1412 1562 1588 1600 unam
1651 1548 1847 1601 dextre
1904 1562 1969 1600 ac

306 1635 491 1705 perite
526 1633 785 1687 discussi
819 1633 1350 1703 suSpiciones,quae
1384 1640 1620 1689 taurum
1651 1642 1709 1690 et
1741 1636 1968 1691 leonem

308 1723 554 1777 invicem
593 1723 999 1777 commissura:
1036 1722 1408 1791 videbantur,
1453 1726 1612 1796 gravi
1662 1725 1971 1796 utriusque

309 1812 586 1883 periculo.
634 1812 772 1865 Inde
805 1816 999 1866 autem
1034 1812 1173 1883 quid
1222 1813 1707 1886 evenit?Nempe
1763 1820 1829 1869 ut
1885 1813 1970 1868 illi

2070 623 2327 677 affectari
2376 626 2467 679 res
2519 626 2834 696 poscebat;
2888 627 3151 693 tertium,
3197 644 3311 681 non
3366 629 3504 682 dare
3566 630 3726 699 ipsos

2068 719 2401 781 operam,ut
2430 714 3538 786 eruditorum,prudentorum,fidorum
3573 734 3730 772 sem-

2071 817 2171 870 per
2203 802 2355 871 apud
2380 819 2441 856 se
2461 802 2931 858 consiliariorum
2968 804 3196 875 copiam
3233 804 3528 875 habeant;
3562 824 3732 878 quar-

2071 892 2565 960 tum,pcrmittere
2597 893 2907 965 digladiari
2944 894 3093 948 inter
3142 911 3202 947 se
3245 896 3516 950 subditos
3562 912 3627 950 ac
3670 897 3729 949 in

2074 979 2352 1033 factiones
2378 983 2605 1045 scindi;
2660 982 2956 1052 quintum,
3011 1001 3123 1037 non
3179 985 3462 1038 moderari
3508 985 3729 1040 affecti-

2075 1068 2315 1131 bus,sed
2350 1070 2965 1139 cupiditate,libidine
3011 1089 3077 1126 ac
3133 1073 3451 1143 praesertim
3508 1075 3593 1128 ira
3643 1076 3726 1127 ef-

2078 1158 2208 1211 ferri
2243 1176 2303 1213 se
2337 1160 2566 1225 sinere;
2600 1165 2830 1215 sextum
2866 1162 3140 1232 denique,
3167 1180 3281 1216 non
3315 1163 3731 1233 invigilarer-

2073 1248 2222 1316 giter
2251 1248 2511 1303 intentos
2556 1267 2655 1304 eos
2708 1249 2767 1303 in
2830 1252 3168 1321 contingere
3228 1250 3578 1321 plerumque
3638 1269 3730 1306 so-

2076 1335 2209 1389 litas
2264 1338 2619 1391 mutationes
2678 1343 3037 1409 temporum,
3088 1346 3141 1394 et
3196 1341 3507 1395 adversum
3560 1358 3734 1396 casus

2076 1431 2599 1497 omnes,quotquot
2628 1428 2910 1481 exsistere
2944 1430 3149 1498 quavis
3192 1430 3573 1483 conversione
3604 1446 3735 1499 pos—

2076 1514 2211 1577 sint,
2266 1532 2379 1568 non
2432 1532 2500 1569 ex
2562 1516 2735 1587 longo
2787 1517 3115 1587 providisse
3168 1519 3377 1573 idonea
3440 1519 3734 1589 praesidia,

2079 1607 2403 1675 parataque
2436 1606 2507 1659 ad
2541 1622 2781 1660 manum
2816 1613 3035 1662 tenere.

2150 1822 2585 1884 Xll.Quomodo
2620 1840 2753 1877 vero
2804 1823 3045 1893 poteris,
3081 1824 3163 1878 ait
3211 1825 3559 1890 Coronatus,
3616 1829 3741 1876 tau-

310 1920 414 1972 per
448 1920 537 1955 me
570 1900 865 1955 conciliati
921 1900 1117 1955 felices
1154 1901 1463 1971 imperent,
1501 1920 1836 1975 rerumque,
1877 1920 1967 1958 me
2002 1931 2047 1994 Β
2081 1929 2213 1965 rum
2245 1912 2668 1967 circumvenire
2715 1913 2898 1967 multo
2944 1914 3329 1983 potentiorem
3386 1922 3458 1979 te,
3516 1912 3735 1967 amico-

307 1990 887 2060 excluso,potiantur
921 2006 933 2043 :
971 2006 1124 2060 rege,
1150 1992 1243 2045 cui
1297 2008 1499 2046 curam
1556 1993 1742 2047 exemi
1795 1992 1969 2047 mole-

311 2081 662 2145 stissimam,
700 2085 821 2133 tam
860 2080 974 2133 sibi
1004 2080 1165 2133 utilis
1195 2080 1308 2133 mei
1344 2081 1656 2136 ministerii
1691 2082 1895 2148 oblito,
1919 2088 1976 2137 et

308 2170 507 2241 ipsum
542 2168 707 2222 illum
744 2168 909 2239 prius
944 2169 1328 2223 formidatum
1362 2171 1783 2238 adversarium,
1818 2176 1972 2242 post-

311 2276 486 2327 quam
512 2275 641 2311 mea
672 2256 965 2311 industria
997 2257 1108 2311 sibi
1143 2258 1476 2327 subjectum
1512 2258 1739 2327 habuit,
1768 2260 1825 2314 in
1860 2264 1975 2316 mei

314 2349 485 2418 longe
527 2346 783 2400 sulimoti
844 2345 1039 2401 locum
1083 2348 1152 2401 ad
1188 2348 1539 2419 dignitatem
1574 2356 1970 2419 promovente.

320 2438 518 2501 Video,
573 2436 764 2505 inquit
812 2437 1161 2505 Coronatus,
1207 2443 1263 2491 et
1316 2438 1532 2492 sentire
1574 2439 1701 2506 jam
1760 2439 1973 2510 incipio

316 2544 432 2579 non
461 2542 702 2596 prorsus
727 2541 881 2578 vana
914 2525 1215 2579 monuisse
1255 2543 1365 2595 me,
1409 2543 1541 2580 cum
1573 2527 1675 2581 illa
1706 2545 1832 2597 quae
1865 2529 1970 2581 du-

314 2616 452 2669 dum
487 2614 729 2676 audisti,
758 2614 995 2685 aggredi
1020 2615 1090 2667 ad
1126 2613 1235 2668 hoc
1269 2616 1567 2687 negotium
1593 2616 1696 2669 tibi
1721 2616 1972 2686 paranti,

320 2704 737 2758 disserueram.
772 2703 920 2767 Quid
956 2707 1152 2757 autem
1194 2703 1346 2757 circa
1391 2722 1458 2760 ea
1496 2722 1622 2776 quae
1687 2723 1843 2760 nunc
1888 2706 1973 2759 in-

319 2799 475 2847 stant
510 2793 739 2848 consilii
788 2793 970 2864 capis,
1028 2793 1241 2863 quidve
1304 2812 1473 2865 paras
1532 2795 1749 2867 agere?
1804 2796 1971 2863 Volo,

318 2884 515 2954 inquit
542 2882 971 2953 Vestigator,in
1000 2883 1309 2953 pristinam
1343 2885 1543 2956 reponi
1577 2886 1849 2956 gratiam,
1888 2903 1970 2940 re-

313 2988 711 3043 cuperareque
735 2972 1082 3041 dignitatem
1116 2974 1521 3040 interversam;
1550 2979 1607 3029 et
1629 2992 1796 3045 spero
1819 2975 1971 3028 viam

315 3062 387 3116 ad
420 3062 477 3115 id
513 3060 773 3133 aliquam
808 3062 1187 3115 inventurum
1222 3077 1336 3127 me,
1364 3063 1477 3117 tria
1527 3064 1788 3120 faciendo
1847 3081 1973 3135 qua

314 3151 504 3204 virum
538 3151 886 3220 prudentem
921 3166 1092 3221 agere
1124 3151 1413 3207 convenit.
1450 3152 1639 3222 Hujus
1670 3152 1827 3208 enim
1847 3153 1972 3207 ofﬁ-

319 3240 474 3293 cium
500 3244 611 3308 est,
644 3238 903 3309 primum
935 3238 1305 3294 considerare
1352 3256 1479 3311 quae
1513 3240 1625 3312 ipsi
1657 3246 1973 3297 evenerunt

324 3330 476 3382 bona
507 3326 801 3398 malaque,
828 3344 893 3381 ac
923 3329 1122 3383 causis
1153 3332 1535 3401 utrorumque
1564 3330 1971 3403 deprehensis,

324 3416 426 3471 illa
458 3416 695 3487 quidem
732 3417 929 3487 fugere
962 3418 1117 3472 unde
1140 3422 1267 3473 crta
1286 3418 1399 3474 sibi
1427 3419 1582 3474 mala
1607 3421 1981 3492 compererit,

321 3524 390 3561 ea
420 3510 626 3560 contra
659 3505 825 3576 sequi
851 3522 916 3559 ac
948 3522 1261 3577 procurare
1295 3523 1530 3563 summo
1552 3509 1749 3566 studio
1768 3509 1983 3579 quibus

326 3613 386 3651 se
419 3593 667 3650 senserit
714 3594 1007 3664 adjutum.
1042 3594 1335 3665 Inspicere
1377 3597 1763 3653 deindeidem
1787 3604 1983 3654 atten-

321 3690 493 3755 thue
527 3684 697 3738 debet
729 3684 1087 3754 perpendere
1137 3701 1263 3754 quas
1297 3684 1494 3757 ipsum
1529 3687 1835 3758 praesentia
1866 3688 1978 3742 cir-

324 3778 626 3829 cumstant
658 3775 964 3829 commoda
998 3774 1509 3848 incommodaque,
1564 3782 1803 3849 totoque
1845 3778 1979 3831 nisu

323 3864 522 3919 conari
568 3864 668 3918 illa
714 3865 951 3935 quidem
1001 3869 1195 3919 tenere
1243 3864 1474 3937 sibique
1525 3882 1807 3933 asserere,
1860 3866 1982 3921 haec

323 3959 519 4009 autem
563 3969 739 4024 quam
800 3952 1145 4023 longissime
1194 3960 1447 4010 avertere
1489 3971 1555 4009 ac
1612 3956 1978 4027 propulsare.

326 4044 628 4098 Postremo
660 4043 721 4096 in
751 4043 1015 4097 futurum
1043 4043 1154 4114 ipsi
1188 4044 1615 4099 consulendum
1650 4050 1759 4100 est.
1792 4044 1853 4100 In
1888 4045 1982 4101 his

325 4150 431 4203 ego
464 4134 606 4187 dum
640 4132 904 4186 animum
940 4150 1105 4189 verso
1131 4151 1241 4188 non
1276 4134 1554 4206 segniter,
1607 4135 1691 4190 sic
1756 4135 1981 4206 reperio

324 4224 587 4287 tandem,
621 4222 916 4276 subducta
953 4222 1332 4279 consiliorum
1368 4223 1803 4296 summa,plane
1837 4223 1981 4277 mihi

326 4312 712 4367 occidendum
750 4312 881 4365 dolo
914 4313 1169 4381 quodam
1225 4318 1457 4369 taurum
1491 4331 1617 4370 esse
1652 4332 1665 4369 :
1702 4314 1785 4370 sic
1824 4314 1979 4369 enim

324 4406 385 4456 et
417 4402 530 4455 iter
562 4400 829 4470 aperiens
862 4402 928 4455 ad
964 4404 1467 4473 recuperationem
1517 4406 1786 4475 potentia:
1829 4404 1981 4475 prio—

323 4492 405 4546 ris
437 4491 658 4561 optime
696 4490 842 4546 mihi
891 4492 1220 4559 consulam,
1256 4497 1312 4547 et
1342 4493 1570 4549 leonem
1605 4494 1800 4565 ipsum
1836 4511 1983 4550 novo

324 4581 608 4636 beneficio
642 4580 993 4635 devinciam.
1022 4581 1139 4635 Hoc
1164 4587 1528 4652 postremum
1556 4584 1712 4653 quod
1747 4583 1832 4638 ais
1868 4602 1981 4639 non

2085 2020 2333 2073 rumque
2400 2021 2465 2057 ac
2510 2004 2790 2059 clientum
2853 2004 3063 2058 validis
3110 2005 3321 2075 opibus
3371 2003 3739 2058 subnixum?

2087 2092 2410 2162 Respondit
2473 2093 2844 2163 Vestigator:
2889 2092 2969 2147 Ne
3018 2098 3382 2159 contemnas,
3446 2092 3593 2147 heus
3652 2097 3737 2159 tu,

2087 2180 2335 2234 nimium
2373 2181 2717 2235 tenuitatem
2751 2186 2808 2235 et
2854 2181 3316 2236 imbecillitatem
3368 2198 3579 2235 meam.
3639 2179 3739 2232 Vi-

2085 2270 2291 2337 ctoria,
2326 2269 2373 2324 si
2410 2270 2747 2336 nescis,non
2780 2274 2867 2324 est
2896 2269 3134 2339 alligata
3165 2270 3397 2324 lacertis
3422 2287 3486 2323 ac
3520 2270 3737 2335 robori,

2086 2376 2353 2430 saepeque
2382 2359 2640 2413 vidimus
2675 2359 3024 2414 valentiores
3055 2360 3125 2413 ab
3160 2359 3584 2413 infirmioribus
3608 2376 3743 2428 pro-

2085 2452 2321 2502 stratos.
2356 2449 2437 2501 Ad
2488 2464 2555 2503 ea
2600 2451 2944 2517 Coronatus,
2997 2448 3145 2502 Vera
3192 2447 3471 2517 loqueris,
3506 2448 3607 2514 ait,
3642 2448 3743 2501 sed

2083 2537 2233 2600 vide,
2270 2554 2341 2591 ne
2373 2537 2470 2589 ubi
2506 2537 2927 2607 perpetraveris
2975 2539 3127 2606 quod
3185 2554 3378 2607 paras,
3440 2537 3496 2589 in
3557 2535 3745 2606 perni-

2084 2624 2231 2678 ciem
2270 2627 2563 2680 laborasse
2596 2631 2651 2679 te
2685 2626 2982 2696 propriam
3017 2642 3147 2679 sero
3181 2624 3510 2695 intelligas;
3538 2624 3744 2677 multis

2083 2715 2238 2768 enim
2266 2715 2427 2784 paria
2462 2715 2814 2769 machinatis
2846 2715 2903 2768 id
2931 2714 3197 2785 contigit,
3230 2721 3290 2768 et
3310 2714 3457 2767 tanti
3483 2719 3568 2768 est
3592 2731 3743 2781 quae-

2083 2804 2218 2857 dam
2261 2804 2354 2858 hic
2376 2806 2505 2873 ejus
2536 2804 2768 2874 generis
2796 2802 3064 2874 exempla
3109 2820 3488 2858 memorasse.
3524 2807 3741 2857 Ascetze

2083 2892 2317 2947 cuidam
2352 2892 2693 2947 solitudinis
2726 2910 2843 2947 sure
2878 2898 3120 2963 pertaesa
3153 2894 3428 2947 accedere
3458 2892 3635 2946 libuit
3667 2893 3737 2945 ad

2084 2981 2328 3053 regiam,
2361 2986 2513 3048 et,ut
2543 2982 2623 3036 ibi
2667 2986 2756 3037 est
2812 2982 3079 3047 solitum,
3140 2999 3280 3054 Opes
3341 2982 3739 3037 assentatione

2083 3070 2559 3125 nundinari.Nec
2590 3075 2719 3125 voto
2746 3072 2963 3126 excidit
3011 3088 3023 3124 ε
3080 3069 3361 3125 delinitus
3408 3070 3564 3126 enim
3612 3072 3741 3141 ejus

2084 3159 2385 3230 obsequiis
2418 3176 2517 3215 rex
2550 3176 2762 3232 magno
2795 3176 2930 3215 eum
2954 3176 3200 3215 numero
3228 3160 3467 3215 donavit
3497 3160 3747 3232 conchy-

2084 3248 2362 3303 liatorum
2396 3252 2747 3304 stromatum
2781 3253 2839 3304 et
2868 3248 3046 3303 vestis
3079 3248 3327 3303 attalicae
3363 3250 3583 3303 summi
3614 3266 3744 3320 pres

2088 3337 2380 3392 tii.Rediit
2409 3342 2660 3393 onustus
2700 3337 2900 3410 opima
2928 3338 3122 3410 praeda
3168 3337 3469 3392 solitarius
3529 3355 3745 3393 avarus

2092 3429 2151 3483 in
2186 3445 2361 3483 suum
2396 3428 2724 3494 rusculum,
2757 3431 2814 3483 et
2847 3443 3057 3498 magno
3110 3428 3305 3481 fructu
3368 3442 3431 3480 se
3472 3442 3748 3497 peccasse

2091 3524 2293 3573 contra
2328 3517 2752 3588 professionem
2804 3534 2973 3572 suam
3027 3516 3086 3570 in
3128 3516 3261 3571 sinu
3311 3515 3743 3587 gratulabatur.

2092 3608 2271 3662 Breve
2301 3605 2584 3679 gaudium
2618 3606 2675 3659 id
2727 3606 2858 3661 fuit.
2922 3605 3331 3673 Latrunculus,
3382 3621 3442 3659 re
3490 3604 3743 3675 cognita,

2092 3711 2291 3750 senem
2327 3694 2679 3750 aditznarrat
2712 3696 2932 3750 fessum
2984 3711 3046 3749 se
3101 3695 3307 3751 mundi
3357 3693 3743 3761 tumultuum,

2091 3784 2393 3854 appulisse
2427 3784 2693 3838 animum
2728 3784 2798 3837 ad
2836 3783 3193 3839 desiderium
3227 3783 3357 3836 vitae
3388 3782 3740 3851 tranquillae;

2089 3877 2266 3943 atque
2300 3872 2443 3925 adeo
2475 3870 2625 3941 ipso,
2663 3871 2711 3925 si
2768 3872 3133 3939 dignaretur,
3194 3871 3473 3942 magistro
3532 3888 3745 3943 cupere

2090 3976 2303 4032 ponere
2333 3960 2669 4013 tirocinium
2707 3960 3022 4015 sanctioris
3044 3959 3370 4029 disciplinae
3404 3976 3417 4015 :
3444 3960 3529 4015 sic
3559 3961 3736 4027 enim,

2089 4050 2474 4105 consideratis
2505 4049 2981 4119 comparatisque
3015 4047 3240 4115 multis,
3275 4048 3738 4117 statuisse,haud

2089 4156 2151 4194 se
2175 4154 2345 4208 posse
2378 4137 2517 4191 alibi
2558 4137 2812 4208 reperire
2845 4136 3160 4207 perfectius
3219 4136 3518 4207 exemplar
3561 4137 3737 4190 virtu-

2088 4234 2210 4283 tum
2235 4228 2627 4298 egregiarum,
2665 4226 2879 4297 cuique
2909 4225 3190 4280 intuendo
3239 4226 3737 4297 exprimendoque

2089 4317 2419 4372 imitatione
2454 4315 2660 4370 utilius
2693 4316 3043 4369 attenderet.
3067 4313 3214 4379 Quid
3249 4313 3438 4368 multa
3464 4314 3491 4367 ?
3522 4314 3735 4368 admit-

2090 4408 2274 4474 titur;
2306 4404 2548 4461 simulat
2581 4405 2870 4470 studium,
2904 4404 3081 4457 ﬁdem
3114 4402 3252 4457 facit
3271 4406 3509 4457 sincerze
3541 4402 3743 4457 volun-

2090 4497 2252 4561 tatis,
2286 4512 2352 4549 ac
2372 4494 2574 4565 paucis
2607 4493 2819 4548 diebus
2852 4492 3189 4547 facultatem
3225 4496 3433 4547 nactus
3450 4508 3625 4562 quam
3647 4508 3744 4546 vo-

2090 4585 2262 4652 lebat,
2280 4588 2595 4639 convasata
2624 4582 2784 4637 senis
2818 4580 3180 4653 supellectile
3222 4585 3462 4635 strenue
3494 4581 3742 4652 aufugit.

324 4669 614 4741 intelligo,
649 4670 844 4741 inquit
894 4670 1254 4737 Coronatus;
1317 4688 1453 4725 nam
1507 4676 1571 4725 ut
1632 4672 1979 4726 beneficium
2014 4658 2059 4720 Ι)
2094 4674 2250 4728 Ictus
2273 4674 2490 4727 damno
2524 4671 2846 4727 solitiarius
2877 4672 2977 4725 dat
3005 4687 3067 4726 se
3124 4670 3182 4724 in
3232 4670 3386 4724 viam
3445 4673 3509 4724 ut
3557 4670 3743 4724 furem

324 4759 483 4815 leoni
513 4764 669 4815 esset
699 4760 885 4813 caedes
916 4761 1093 4828 tauri,
1136 4764 1429 4831 oporteret
1469 4760 1625 4815 hunc
1658 4760 1986 4817 incommo-

324 4849 465 4904 dare
511 4849 619 4915 illi,
655 4849 809 4920 quod
870 4853 1077 4904 contra
1125 4853 1247 4917 est;
1301 4867 1438 4905 nam
1497 4867 1565 4905 ex
1626 4867 1741 4921 quo
1781 4854 1989 4906 taurus

326 4938 486 4993 leoni
518 4937 717 5001 servit,
747 4938 891 4993 satis
925 4938 1098 5004 bono,
1136 4944 1199 4993 ut
1230 4938 1482 5009 videtur,
1515 4939 1639 4995 loco
1683 4957 1774 4995 res
1806 4940 1987 5011 hujus

328 5031 490 5082 sunt.
527 5026 792 5095 Falleris,
817 5028 1122 5099 respondit
1172 5028 1525 5101 Vestigator,
1569 5030 1985 5100 contemptibi-

326 5116 441 5172 lem
477 5116 697 5188 quippe
728 5133 789 5172 se
821 5116 994 5186 leo,et
1024 5134 1125 5187 per
1156 5118 1264 5173 hoc
1313 5117 1544 5173 insidiis
1589 5124 1986 5190 opportunum

330 5208 489 5275 apud
522 5223 663 5261 suos
694 5223 895 5262 omnes
929 5206 1200 5274 reddidit,
1244 5208 1359 5263 isto
1404 5207 1586 5262 nimio
1639 5208 1699 5263 in
1750 5214 1985 5264 taurum

332 5296 554 5362 studio,
588 5313 763 5367 quem
797 5295 1127 5351 inconsulte
1160 5296 1391 5352 cunctis
1443 5297 1716 5368 praetulit.
1750 5304 1860 5353 Sex
1890 5316 1987 5353 au-

330 5391 451 5441 tem
479 5390 673 5441 errata
705 5403 909 5455 regum
942 5390 1099 5451 sunt,
1141 5386 1359 5457 quibus
1420 5386 1823 5443 auctoritatem
1860 5405 1989 5459 per-

328 5476 483 5530 dunt
514 5479 569 5529 et
601 5475 829 5545 gladios
860 5474 1164 5529 rebellium
1198 5475 1257 5529 in
1309 5493 1371 5530 se
1423 5480 1662 5531 acuunt.
1723 5477 1988 5533 Primum

328 5569 422 5619 est
452 5563 534 5618 ibi
567 5563 777 5617 resolvi
830 5563 889 5617 in
922 5563 1221 5619 lenitatem
1258 5563 1583 5631 flaccidam,
1621 5564 1717 5618 ubi
1755 5570 1993 5622 austera

329 5655 642 5708 severitate
672 5670 820 5725 Opus
855 5655 1081 5721 fuerat;
1135 5657 1487 5722 secundum,
1535 5654 1594 5708 in
1629 5656 1991 5710 contrarium

329 5744 660 5797 extremum
698 5758 969 5811 peccans,
1002 5742 1082 5797 ibi
1115 5759 1176 5797 se
1210 5744 1458 5798 ferocem
1502 5746 1559 5797 et
1605 5741 1988 5813 implacidum

616 5860 878 5921 PATROL.
928 5857 1041 5921 Ga.
1088 5859 1346 5919 CXLIII.

2099 4768 2404 4834 quaereret.
2429 4765 2684 4834 Apparet
2708 4762 2872 4817 eunti
2905 4761 3161 4832 primum
3214 4777 3405 4831 omen,
3430 4765 3748 4816 commissa

2097 4853 2155 4907 in
2190 4869 2329 4924 agro
2362 4869 2560 4924 pugna
2586 4852 2835 4907 arietum
2869 4852 3143 4917 duorum,
3167 4850 3749 4921 magnaira,lateque

2098 4946 2411 4996 resonante
2442 4940 2793 4996 collinarum
2849 4938 3042 4995 sonitu
3106 4938 3387 4993 frontium
3438 4938 3750 4994 incursan-

2097 5031 2245 5084 tium
2280 5029 2552 5085 invicem.
2578 5027 2919 5101 Tulpecula,
2980 5044 3123 5082 sono
3150 5025 3359 5091 excita,
3393 5026 3627 5098 utrique
3658 5027 3743 5081 in-

2101 5118 2326 5174 sidians
2360 5120 2635 5185 accurrit,
2668 5123 2725 5173 et
2781 5118 2923 5171 dum
2956 5118 3230 5171 eventum
3265 5121 3581 5186 exspectat,
3616 5116 3755 5183 sibi,

2102 5213 2165 5263 ut
2191 5207 2466 5279 sperabat
2496 5207 2762 5262 futurum
2796 5205 3026 5270 utilem,
3057 5204 3201 5259 tanti
3244 5204 3610 5273 certaminis,
3661 5206 3757 5260 in-

2100 5298 2272 5352 terim
2307 5296 2552 5368 sanguis
2588 5295 2749 5367 large
2791 5295 2982 5349 ﬂuens
3034 5311 3065 5348 e
3108 5292 3451 5349 vulneribus
3495 5311 3758 5367 pugnan-

2104 5386 2249 5441 tium
2294 5386 2379 5439 illi
2431 5385 2674 5440 salivam
2738 5384 2956 5451 movit;
3015 5400 3198 5454 quare
3255 5384 3539 5439 accedens
3585 5384 3759 5455 cmpit

2102 5477 2346 5548 lingere,
2380 5477 2792 5548 auspicarique
2818 5475 2987 5547 quasi
3016 5474 3443 5546 promulsidem
3467 5474 3757 5531 uberioris

2105 5582 2236 5621 mox
2290 5566 2590 5620 affluxurte
2643 5581 2843 5621 ccenze.
2902 5564 3121 5620 Verum
3182 5564 3267 5619 illi
3326 5582 3459 5620 caro
3498 5563 3763 5619 constitit

2104 5672 2213 5710 sua
2245 5654 2537 5725 cupiditas
2570 5671 2583 5708 :
2620 5672 2757 5709 nam
2792 5653 2905 5710 acti
2946 5653 3117 5708 furiis
3156 5655 3253 5707 irae
3293 5654 3760 5708 recrudescentis

2104 5746 2276 5800 ambo
2308 5744 2529 5810 aemuli,
2556 5744 2699 5800 dum
2733 5745 2933 5801 infesti
2966 5762 3026 5800 se
3060 5747 3266 5799 mutuo
3290 5744 3603 5815 impetunt,
3635 5743 3763 5799 vul-

3408 5862 3487 5921 4O
