4120 6388
356 398 495 455 1259

1889 394 2274 450 APPENDIX.

3637 397 3776 453 1260

353 544 487 599 pem
538 527 687 583 forte
736 527 1130 581 incurrentem
1192 520 1445 575 mediam
1482 516 2000 576 vehementissimo
2032 526 2087 593 Α
2120 520 2233 577 vita
2266 522 2578 596 indignum
2611 525 2917 597 proﬁtetur
2942 527 3209 583 obnoxie.
3256 528 3470 583 Tundit
3518 527 3591 582 ad
3649 527 3773 585 haec

354 617 614 689 capitum
648 614 825 671 allisu
857 612 1276 671 oontriverunl.

426 743 572 799 XIII.
646 742 899 823 Pergens
960 743 1153 795 asceta
1227 742 1414 808 cmpto
1482 737 1711 821 itinere,
1771 755 2009 821 vespere

357 834 565 890 incidit
617 831 674 886 in
728 829 1042 885 coriarium
1077 826 1223 883 satis
1256 827 1605 897 humanum,
1639 828 1741 900 qui
1790 828 2007 891 reveri-

355 928 452 979 tus
507 921 820 993 hospitem,
879 917 1122 973 deduxit
1195 918 1436 983 domum
1511 916 1797 998 uxorique
1845 934 2007 974 com-

358 1013 678 1075 mandavit,
712 1025 993 1064 excusans
1018 1024 1080 1062 se
1122 1007 1457 1071 condixisse
1514 1007 1701 1073 amico
1760 1008 1831 1061 ad
1891 1025 2007 1063 coe-

357 1099 789 1155 nam.Habebat
819 1101 1142 1152 amatorem
1176 1097 1390 1167 conjux
1423 1096 1674 1175 ooriarii,
1705 1101 1761 1152 et
1794 1112 2009 1169 seque-

354 1195 477 1244 stra
499 1187 771 1259 flagitiosi
806 1186 1138 1243 commercii
1158 1186 1349 1241 vicina
1375 1186 1900 1255 utebantur,uxore
1915 1203 2005 1245 ar-

352 1278 530 1334 tiﬁcis
562 1276 995 1341 umbellarum;
1030 1278 1123 1330 cui
1157 1280 1296 1329 tunc
1328 1276 1381 1329 in
1426 1293 1644 1353 aurem,
1678 1293 1885 1331 secura
1904 1275 2006 1341 ho-

354 1369 547 1441 spitis.
570 1366 886 1439 Curre,ait,
919 1365 1105 1420 amico
1139 1364 1593 1436 nuntiatempus
1616 1382 1745 1431 esse
1773 1365 2009 1421 venien-

354 1459 410 1513 di
439 1473 573 1513 cum
606 1456 694 1511 vir
725 1455 910 1511 abest.
947 1452 1141 1511 Fluxit
1172 1454 1309 1523 inde
1363 1458 1450 1519 sat
1499 1454 1752 1521 multum
1813 1454 2007 1526 spatii,

355 1544 847 1614 morante,nescio
880 1560 1057 1615 quam
1120 1544 1193 1598 ob
1239 1560 1506 1611 causam,
1558 1543 1822 1613 adultero
1857 1562 1869 1602 :
1907 1544 2008 1615 qui

354 1637 454 1692 ubi
487 1637 729 1691 tandem
763 1634 833 1689 ad
870 1634 1023 1688 fores
1045 1633 1253 1703 astitit,
1286 1650 1420 1689 ecce
1436 1635 1560 1703 jam
1596 1634 1777 1690 redux
1818 1635 2005 1689 coria-

354 1727 477 1782 rius
509 1727 751 1781 domum
785 1723 1059 1779 intrabat.
1085 1722 1331 1778 Multum
1363 1722 1415 1777 is
1440 1722 1558 1777 vini
1590 1738 1753 1779 cmna
1786 1722 1889 1778 illa
1917 1740 2007 1778 ex-

353 1814 653 1881 hauserat,
689 1828 794 1866 nec
838 1811 1146 1866 constabat
1207 1810 1379 1881 plane
1436 1812 1751 1881 sensibus;
1810 1816 2005 1868 tamen

2114 613 2407 682 pectus,in
2433 630 2628 686 genua
2658 616 2929 687 procidit,
2983 617 3211 673 veniam
3256 622 3443 688 rogat,
3483 622 3769 672 aeternum

2114 717 2374 757 amorem
2408 704 2963 777 venerationemque
2989 705 3316 778 pollicetur.

2187 826 2337 883 XIV.
2391 828 2542 885 Lena
2592 830 2822 885 interin:
2892 830 3110 887 misera
3156 831 3571 897 dormientem,
3605 834 3775 887 nocte

2116 917 2320 987 utique
2355 920 2664 987 concubia,
2699 920 2857 976 domi
2891 922 3080 977 virum
3115 927 3308 990 nacta,
3342 922 3645 977 assidebat
3674 936 3773 992 ge-

2116 1024 2281 1062 mens
2310 1009 2558 1077 jacentis
2592 1008 2761 1071 lecto,
2798 1010 3046 1066 sollicita
3074 1027 3247 1083 quam
3282 1028 3522 1066 causam
3557 1009 3774 1080 allega-

2116 1100 2203 1151 ret
2233 1097 2710 1163 deprebendrndi
2745 1115 2879 1153 mox
2908 1099 3195 1155 vulneris.
3235 1102 3379 1163 Dum
3416 1098 3604 1154 multa
3633 1098 3774 1153 deli-

2117 1187 2299 1254 berat,
2333 1190 2390 1240 et
2421 1186 2567 1241 nihil
2598 1189 2851 1259 expedit,
2884 1189 3052 1259 signo
3098 1189 3441 1253 admonitus
3497 1187 3775 1253 familiari

2116 1276 2358 1330 secundi
2394 1275 2675 1344 gallicinii
2713 1277 3122 1348 umbellarius,
3157 1283 3337 1345 strato
3386 1295 3444 1334 se
3503 1278 3771 1351 proripit,

2116 1381 2183 1420 ac
2215 1364 2367 1420 inter
2384 1366 2705 1422 sumendas
2727 1371 2922 1433 vestes
2945 1368 3018 1423 de
3041 1385 3202 1432 more
3227 1383 3465 1423 uxorem
3489 1366 3769 1434 excitans,

2114 1455 2287 1517 Cedo,
2310 1455 2520 1526 inquit,
2554 1455 2628 1511 da
2676 1456 2735 1511 in
2776 1474 2982 1524 manus
3014 1458 3459 1533 quamprimum
3492 1457 3551 1511 in
3584 1456 3773 1511 ofﬁci-

2116 1560 2252 1599 nam
2286 1546 2353 1600 ad
2389 1562 2534 1617 Opus
2577 1547 2908 1618 profecturo
2958 1538 3360 1609 instrumenta
3407 1545 3628 1613 laboris
3677 1562 3778 1605 no-

2115 1633 2511 1690 stri.Utuntur
2569 1637 3049 1701 umbraculorum
3112 1654 3142 1693 e
3202 1636 3456 1711 pellibus
3513 1640 3769 1711 sutores,

2112 1728 2324 1793 praeter
2354 1741 2494 1780 acus
2525 1730 2582 1780 et
2611 1725 2841 1793 forﬁces
2873 1716 3413 1803 similiaque,brevi
3447 1724 3772 1797 praesertim

2113 1814 2213 1867 sed
2249 1814 2366 1868 lato
2399 1814 2996 1885 cultro,semilunaris
3031 1815 3252 1883 formae,
3292 1831 3428 1877 cum
3461 1812 3775 1869 manubrio

354 1903 459 1958 tali
495 1902 619 1957 loco
651 1906 707 1956 et
729 1908 986 1972 tempere
1017 1902 1233 1971 compti
1258 1900 1499 1970 juvenis
1532 1917 1815 1957 occursus
1847 1902 2005 1958 haud
2040 1896 2087 1967 B
2117 1918 2150 1956 a
2177 1906 2363 1973 tergo,
2397 1904 2647 1959 rotundo
2681 1921 2785 1959 nec
2816 1904 3011 1985 longo,
3046 1922 3163 1979 quo
3199 1910 3435 1987 arrepto
3469 1902 3651 1987 pelles
3683 1920 3783 1959 su-

355 1997 575 2047 temere
608 1989 1007 2061 suspicionem
1044 1989 1244 2044 movit.
1294 1989 1664 2061 Temperavit
1704 1989 2003 2047 nihilomi-

355 2099 466 2137 nus
499 2082 650 2136 facto
683 2080 911 2135 dictove
959 2078 1234 2149 graviori,
1277 2083 1334 2134 et
1392 2077 1560 2139 illum
1618 2081 1789 2135 modo
1849 2086 2007 2137 torve

354 2170 629 2237 intuitus,
665 2170 814 2224 sdes
844 2168 1021 2234 subit,
1061 2172 1303 2239 portans
1351 2167 1511 2222 intus
1560 2183 1689 2224 aere
1739 2169 2005 2241 jurgium

352 2262 425 2317 ad
456 2276 695 2315 uxorem
718 2262 1015 2330 ;quam,ut
1046 2257 1298 2329 primum
1333 2258 1623 2329 apparuit,
1659 2257 1847 2330 plagis
1877 2275 2007 2314 con-

356 2356 554 2404 tusam
578 2348 651 2403 ad
674 2346 806 2402 lecti
839 2346 1095 2401 fulcrum
1128 2345 1424 2415 alligat;ac
1456 2349 1876 2421 repente,quod
1901 2349 2009 2403 du-

357 2442 500 2496 dum
534 2439 815 2512 poscebat
842 2442 1149 2509 gravatum
1202 2454 1361 2492 mero
1412 2445 1610 2509 caput,
1662 2456 1891 2494 sommo
1950 2456 2012 2494 se

358 2527 561 2586 tr'adit.
593 2532 883 2584 Stertente
917 2528 1044 2598 jam
1094 2527 1240 2593 viro,
1290 2533 1456 2583 vocat
1500 2544 1741 2585 susurro
1801 2528 2016 2584 mulier

360 2635 541 2692 prope
568 2618 850 2674 latentem
873 2616 1067 2672 lenam
1086 2638 1100 2687 -,
1116 2617 1442 2687 et,Amabo,
1468 2617 1684 2690 inquit,
1705 2617 1862 2674 solve
1890 2623 2015 2673 tan-

360 2710 545 2781 tisper
571 2724 684 2773 me,
715 2712 891 2778 teque
922 2706 1196 2761 vicariam
1256 2708 1327 2761 ad
1385 2706 1557 2762 breve
1614 2707 1872 2779 spatium
1923 2708 2017 2763 his

364 2800 673 2855 commoda
719 2796 992 2852 vinculis.
1039 2795 1380 2853 Admonebo
1428 2811 1460 2851 e
1512 2796 1770 2852 fenestra
1814 2797 2017 2868 paucis

362 2888 557 2944 verbis
587 2886 901 2952 amasium,
935 2888 1097 2941 extra
1146 2889 1209 2940 ut
1259 2889 1383 2941 tute
1440 2885 1715 2942 indicasti
1776 2892 2015 2958 praesto-

362 2979 603 3045 lantem,
636 2991 745 3031 nos
785 2973 880 3029 hic
918 2974 1047 3044 ejus
1095 2990 1273 3029 causa
1310 2975 1529 3043 vexari,
1570 2975 2016 3047 quamprimum

367 3068 537 3123 abeat
556 3071 614 3121 et
643 3063 1007 3136 suspiciones
1036 3063 1198 3131 vitet,
1233 3079 1481 3135 moxque
1511 3063 1626 3119 huc
1677 3080 1770 3119 me
1826 3064 2018 3136 ligan-

366 3156 501 3213 dam
537 3155 747 3209 iterum
782 3153 1048 3209 reddam.
1082 3152 1333 3208 Necesse
1383 3157 1575 3209 autem
1619 3157 1710 3209 est
1769 3153 1865 3208 hic
1905 3153 2017 3208 mei

2117 2010 2221 2063 per
2254 1993 2514 2049 tabulam
2547 1999 2818 2062 extensae
2847 1994 3261 2061 incumbendo,
3293 1998 3348 2048 et
3389 1992 3779 2049 semiorbicu-

2116 2079 2299 2135 larem
2332 2079 2501 2135 cultri
2536 2082 2825 2136 ambitum
2848 2082 3129 2161 gyrapdo,
3164 2084 3393 2148 secant;
3430 2078 3777 2137 novaculam

2117 2170 2422 2225 coriariam
2456 2170 2696 2226 dixeris.
2718 2171 2879 2235 Hunc
2907 2188 3084 2227 unam
3113 2187 3182 2225 ex
3203 2170 3503 2235 omnibus,
3529 2184 3774 2240 poscen-

2115 2258 2157 2314 ti
2185 2260 2328 2314 artis
2359 2276 2575 2327 organa
2615 2260 2845 2325 marito,
2906 2260 3158 2332 perrexit
3204 2258 3267 2321 in
3315 2257 3577 2325 tenebris
3629 2274 3775 2312 uxor

2117 2349 2783 2420 obtrudere,excipiente
2813 2356 3017 2405 contra
3046 2348 3170 2421 illo,
3202 2355 3289 2406 Da
3318 2352 3534 2405 cuncta
3594 2344 3779 2409 simul

2118 2438 2176 2491 in
2210 2455 2386 2492 unam
2421 2437 2661 2505 collecta
2693 2438 2927 2503 cistam,
2966 2456 3079 2494 non
3143 2440 3248 2493 hoc
3303 2438 3775 2492 instrumentum

2120 2527 2312 2581 solum
2343 2532 2495 2597 peto.
2538 2532 2680 2581 Cum
2730 2532 2926 2582 autem
2962 2527 3061 2585 illa
3109 2525 3294 2582 nihilo
3355 2526 3549 2582 secius
3607 2525 3781 2587 tertio

2122 2623 2456 2688 quartoque
2496 2616 2751 2671 cultrum
2812 2615 3283 2683 semirotundum
3313 2619 3640 2689 oggereret,
3676 2613 3777 2671 ille

2121 2707 2343 2781 impetu
2380 2722 2635 2788 praeceps
2667 2705 2764 2760 ira:
2798 2705 3049 2769 furentis
3083 2722 3095 2761 :
3129 2705 3221 2760 Dii
3253 2709 3309 2759 te
3360 2705 3609 2776 perdant
3658 2719 3785 2774 per-

2123 2797 2412 2850 ducantve
2445 2794 2503 2849 in
2543 2793 2756 2850 malam
2786 2810 2909 2849 rem
2943 2811 3075 2850 cum
3108 2798 3213 2850 tua
3242 2793 3434 2850 isthac
3466 2791 3785 2861 novacula,

2124 2901 2302 2956 quam
2339 2883 2396 2939 in
2430 2887 2606 2957 caput
2637 2883 2760 2951 tibi,
2804 2889 2869 2939 ut
2898 2883 3077 2963 digna
3107 2900 3189 2950 es,
3225 2882 3480 2951 remitto,
3542 2882 3778 2963 quando

2123 2974 2302 3029 istum
2340 2962 2529 3046 placet
2557 2960 2995 3055 ejus,tanquam
3029 2971 3257 3055 pilae,ad
3284 2987 3376 3026 me
3409 2960 3599 3051 usque
3630 2971 3780 3035 mis-

2127 3065 2393 3129 sitandaa,
2442 3048 2645 3132 ludum
2700 3048 3271 3125 ridiculum‘ludere.
3305 3061 3410 3116 Hic
3442 3048 3677 3133 arrepto
3708 3061 3783 3116 ad

2125 3159 2322 3208 votum
2379 3159 2643 3225 tempore
2693 3153 2909 3209 mulier
2964 3152 3308 3217 acutissime
3364 3150 3717 3206 vociferatur
3765 3164 3782 3204 :

365 3245 491 3301 loco
536 3247 796 3317 perstare
853 3248 930 3311 te,
968 3259 1039 3297 ne
1086 3240 1203 3311 ille,
1260 3243 1406 3297 forte
1462 3241 1771 3314 evigilans,
1821 3246 1879 3297 et
1935 3242 2018 3296 fu-
2050 3256 2093 3332 ρ
2131 3244 2249 3297 Heu
2277 3243 2492 3305 nasus!
2522 3242 2634 3296 heu
2662 3259 2843 3297 nasus
2870 3244 2881 3297 Ξ
2908 3242 3111 3297 Excita
3144 3241 3337 3297 sonitu
3360 3239 3616 3295 accurrit
3634 3237 3784 3294 vici-

367 3335 525 3406 gisse
555 3350 648 3389 me
678 3332 962 3402 sentiens,
998 3331 1349 3404 erumpatin
1384 3331 1583 3387 furias.
1638 3331 1892 3397 Dictum,
1926 3331 2015 3385 fa-

368 3423 631 3477 ctum.At
659 3436 791 3476 ecce
827 3420 971 3474 dum
1003 3423 1271 3475 moratur
1300 3417 1588 3485 adultera,
1606 3419 1891 3473 coriarius
1919 3433 2023 3472 ex-

372 3511 748 3583 pergiscitur,
823 3525 1063 3564 uxorem
1138 3511 1329 3563 vocat.
1398 3508 1554 3561 Lena
1602 3522 1672 3561 ne
1727 3523 1863 3561 voce
1921 3507 2023 3561 de-

373 3597 973 3672 prehendatur,si-let;
1008 3596 1457 3661 iterum,tertio,
1487 3595 1833 3650 contentiori
1867 3611 2021 3650 sem-

375 3705 477 3759 per
506 3704 651 3743 sono
682 3702 895 3741 nomen
928 3684 1227 3739 inclamat.
1276 3684 1462 3738 Burdn
1499 3685 1750 3739 canitur.
1806 3686 1891 3740 Ad
1924 3701 2021 3740 ex-

372 3782 626 3832 tremum
658 3773 1010 3830 vociferatur
1037 3774 1472 3830 excandescens
1504 3791 1517 3829 :
1551 3777 1689 3841 Quae
1720 3774 1864 3846 haec,
1900 3792 2023 3831 ma-

376 3863 520 3921 luml
556 3861 968 3920 contumacia?
998 3862 1293 3935 simulque
1324 3868 1554 3936 arrepto
1598 3880 1701 3935 per
1749 3866 2023 3920 tenebras

373 3953 1002 4024 cultello,negantis,ut
1031 3953 1297 4024 putabat,
1320 3953 1748 4009 contumeliose
1781 3969 2021 4029 respon-

367 4061 499 4101 sum
534 4043 733 4100 uxoris
767 4060 972 4099 nasum
1009 4043 1339 4112 abscindit;
1392 4059 1718 4115 rursusque
1773 4060 2023 4116 praegra-

364 4139 534 4191 vante
563 4133 806 4206 crapula
838 4149 1106 4204 soporem
1144 4132 1372 4204 repetit.
1417 4132 1588 4189 Redit
1645 4150 1808 4201 uxor,
1859 4132 2021 4188 adul-

362 4232 488 4281 tero
518 4225 788 4290 dimisso,
821 4223 1228 4294 ejulatumque
1253 4238 1468 4294 magno
1498 4227 1712 4278 conatu
1748 4239 2017 4293 premam

365 4315 444 4369 tis
476 4313 618 4369 lenm
642 4313 834 4369 locum
866 4319 926 4368 et
978 4313 1207 4367 vincula
1261 4312 1532 4380 resumit,
1588 4312 1716 4383 ipsa
1774 4312 2017 4368 domum

364 4420 498 4458 cum
532 4419 675 4459 naso
707 4403 769 4457 in
804 4419 982 4457 manu
1018 4401 1375 4457 remissa.Ea
1405 4401 1671 4475 digressa
1702 4401 1909 4473 incipit
1926 4417 2019 4456 va-

365 4493 451 4548 fra
482 4493 696 4548 mulier
721 4492 882 4548 clara
900 4508 1041 4547 voce
1073 4492 1344 4546 invocare
1390 4491 1530 4547 deos
1580 4506 1803 4559 omnes,
1838 4494 2016 4546 testes

2133 3331 2231 3384 nia
2262 3346 2393 3385 cum
2429 3330 2679 3397 facibus,
2711 3331 2912 3397 vident
2945 3348 3156 3395 nasum
3180 3329 3442 3386 mulieris
3470 3347 3503 3385 a
3527 3328 3671 3391 facie
3695 3345 3789 3385 re—

2129 3418 2317 3474 cisum
2346 3418 2593 3483 :tollunt
2621 3421 2906 3491 jacentem
2941 3421 3196 3476 cultrum
3232 3423 3554 3491 auctorem,
3581 3424 3647 3473 ut
3676 3435 3786 3490 puo

2128 3508 2990 3577 tabant,vulneris.Accersitus
3013 3509 3200 3571 aedilis
3223 3525 3356 3575 cum
3374 3507 3783 3577 lictoribus,vi-

2134 3614 2259 3653 rum
2278 3598 2497 3653 frustra
2513 3603 2851 3654 causantem
2868 3599 3142 3654 tenebras
3160 3601 3797 3668 eterrorem,tanquam

2130 3686 2412 3743 immanis
2427 3687 2778 3743 carniﬁcinae
2795 3693 3161 3763 compertum
3186 3687 3420 3769 abripit,
3437 3685 3561 3760 lege
3582 3686 3784 3760 utique

2132 3776 2528 3848 plectendum.
2562 3777 2860 3839 Crebescit
2889 3777 3183 3833 tumultus
3205 3781 3324 3839 toto
3346 3776 3470 3831 vico
3494 3793 3509 3857 ξ
3550 3775 3786 3851 inquie-

2129 3868 2291 3921 tatur
2320 3865 2408 3921 vel
2433 3866 2685 3922 maxime
2707 3867 2939 3923 ooriarii
2968 3867 3212 3936 domus;
3247 3865 3426 3936 hujus
3458 3881 3637 3920 uxore
3668 3881 3787 3938 quo

2130 3973 2302 4013 suum
2335 3956 2526 4029 magis
2556 3957 2813 4013 dedecus
2847 3960 3084 4039 tegeret,
3125 3955 3404 4023 admirari
3437 3972 3499 4012 se
3531 3955 3789 4023 maxime

2128 4045 2546 4119 indignarique
2577 4046 2996 4103 simulante.At
3022 4062 3220 4102 secum
3244 4044 3573 4101 solitarius:
3601 4045 3788 4113 Itane,

2130 4135 2345 4207 inquit,
2372 4134 2433 4190 in
2466 4134 2718 4207 singulis
2768 4134 3042 4206 hospitiis
3090 4136 3409 4207 tragoedias
3450 4134 3784 4193 inveniam!

2129 4212 2374 4291 Praestat
2406 4214 2648 4279 domum
2673 4225 2904 4294 reverti,
2928 4226 3361 4311 desperareque
3393 4225 3788 4297 recuperatio-

2130 4330 2265 4369 nem
2295 4312 2625 4369 ablatarum
2652 4315 2806 4371 furto
2828 4314 3104 4373 vestium.
3132 4316 3239 4370 Sed
3261 4315 3425 4387 prius
3448 4315 3637 4370 obiter
3649 4331 3793 4373 con-

2127 4405 2323 4458 venire
2352 4419 2548 4475 regem
2569 4402 2997 4475 placet,uteum
3024 4419 3167 4460 mea:
3186 4405 3541 4478 poenitentia:
3571 4408 3785 4469 testem

2128 4493 2467 4551 adhibeam.
2494 4495 2573 4549 Ad
2608 4494 2804 4551 aulam
2835 4495 3122 4569 pervenit,
3176 4496 3533 4563 admittitur,
3569 4493 3788 4549 affatur

361 4582 712 4638 innocentiae
743 4581 966 4636 scilicet
997 4597 1137 4647 suae,
1167 4597 1233 4634 ac
1262 4581 1334 4635 de
1365 4579 1660 4635 industria
1691 4596 1835 4636 sono
1883 4585 2014 4635 tan-
2056 4618 2101 4682 Β
2131 4581 2457 4665 principem
2499 4580 2592 4638 his
2619 4584 2814 4639 verbis
2848 4600 2861 4638 :
2895 4583 3156 4652 Peccavi,
3204 4583 3464 4653 domine,
3494 4598 3628 4637 eum
3662 4597 3787 4639 ere-

357 4675 418 4726 to
446 4672 546 4742 qui
579 4675 777 4742 posset
808 4670 1065 4742 sopitum
1109 4669 1380 4735 excitare,
1433 4668 1759 4724 vetularum
1814 4685 2020 4740 super-

358 4761 702 4816 stitionibus
734 4760 934 4815 tristes
956 4758 1239 4814 formulas
1263 4758 1517 4814 sineiine
1531 4757 2019 4831 replicat.Excus~

359 4867 424 4906 so
455 4851 617 4906 hisce
649 4849 1013 4905 clamoribus
1037 4865 1244 4904 somno
1267 4847 1613 4921 indignatus
1634 4847 1874 4904 vir:Non
1899 4865 2020 4905 ces-

358 4940 541 5008 sabis,
578 4940 788 5010 inquit,
834 4939 1172 5011 obstrepere
1202 4937 1287 4993 vel
1322 4937 1474 4992 malo
1505 4937 1731 4994 domita
1761 4939 2014 4993 trivene-

358 5028 560 5084 ﬁca?Si
579 5030 798 5102 pergis,
831 5033 963 5101 post
988 5044 1202 5085 nasum
1237 5027 1501 5102 linguam
1523 5028 2017 5085 exscindam.Non

359 5116 524 5188 prius
557 5116 1359 5189 quidem,inquitilla,quam
1374 5117 1566 5173 exhac
1585 5117 1867 5186 audieris,
1899 5119 2015 5173 vir-

356 5210 547 5261 tutem
579 5223 768 5262 meam
785 5207 1005 5263 cmlesti
1028 5224 1158 5263 esse
1177 5205 1517 5263 testimonio
1539 5208 1870 5279 probatam;
1887 5224 2017 5264 nam

356 5294 577 5353 exorati
594 5295 777 5365 justis
799 5296 947 5351 meis
969 5296 1240 5368 precibus
1264 5296 1594 5367 dei,nasum
1611 5296 1755 5352 mihi
1780 5301 1891 5353 ate
1912 5298 2021 5353 im-

359 5386 451 5457 pie
490 5388 837 5440 truncatum
889 5385 1292 5441 reddiderunt.
1351 5385 1665 5442 Perculsus
1716 5385 1870 5441 dicto
1930 5387 2021 5442 vir

357 5476 568 5547 raptim
602 5487 924 5543 exsurgens
957 5472 1238 5543 lychnum
1265 5475 1619 5545 accendit,et
1642 5492 1854 5531 nasum
1880 5492 2018 5531 uxo-

357 5564 635 5635 ris,cujus
670 5559 887 5619 exsecti
920 5575 1125 5617 cruore
1158 5580 1367 5619 manus
1400 5564 1593 5620 adhuc
1643 5564 1893 5620 habebat
1924 5582 2014 5619 1n-

356 5652 693 5720 fectas,sine
725 5647 1021 5707 cicatricis
1052 5651 1300 5724 vestigio
1329 5670 1541 5709 sanum
1602 5654 1831 5720 videns,
1887 5671 2017 5710 san-

361 5743 509 5794 ctam
543 5741 730 5811 ipsam
764 5741 821 5793 et.
854 5734 965 5787 diis
999 5752 1104 5792 suo
1140 5740 1349 5795 merito
1379 5741 1718 5813 charam,se
1751 5759 1916 5798 reum
1960 5747 2020 5800 et

2138 4688 2299 4727 mum
2334 4662 2477 4727 urbe
2508 4671 2667 4745 regia
2698 4662 2953 4739 mutavi;
2991 4688 3123 4727 cum
3159 4669 3499 4727 eblanditus
3531 4674 3642 4726 ate
3664 4686 3791 4725 mu-

2133 4778 2294 4828 nera,
2326 4758 2517 4816 libens
2540 4761 2958 4832 gratulausque
2988 4762 3228 4817 domum
3261 4760 3458 4839 retuli,
3491 4777 3609 4816 non
3640 4758 3791 4829 talia

2131 4849 2453 4921 pollicitus,
2504 4852 2741 4923 quando
2773 4852 2831 4907 in
2868 4852 3015 4907 hanc
3048 4854 3269 4915 sectam
3302 4867 3515 4913 nomen
3548 4850 3786 4905 dabam.

2131 4939 2239 4996 Sed
2275 4943 2581 5012 peccatum
2604 4938 2690 4994 lui
2722 4938 3155 5003 circumventus
3176 4939 3329 4995 furto
3355 4937 3679 4997 domestico
3712 4939 3789 4995 ab

2129 5027 2482 5084 ementiente
2512 5027 2784 5093 ascesim,
2818 5028 2972 5084 sicut
3001 5046 3106 5101 ego
3139 5029 3325 5083 vitam
3354 5027 3607 5084 aulicam
3641 5044 3792 5084 con-

2129 5123 2219 5171 tra
2251 5115 2593 5172 institutum
2635 5116 3064 5173 aﬂ‘ectaveram.
3102 5114 3359 5189 Spoliato
3384 5120 3440 5172 et
3469 5116 3792 5189 requirenti

2129 5204 2506 5277 rapta,biduo
2538 5205 2793 5276 plurima
2813 5206 3189 5278 contigerunt
3210 5222 3339 5279 quae
3370 5222 3463 5262 me
3486 5207 3792 5272 docerent,

2128 5294 2433 5367 invigilare
2467 5295 2688 5350 mundo
2721 5295 3233 5365 providentiam,id
3256 5295 3460 5352 sedulo
3491 5300 3793 5375 agentem,

2134 5389 2199 5439 ut
2230 5385 2290 5439 in
2319 5384 2640 5456 perniciem
2673 5388 2980 5441 auctorum
3008 5402 3181 5457 prave
3207 5390 3333 5441 acta
3361 5372 3645 5445 recidant.
3678 5386 3793 5459 Hic

2132 5473 2254 5545 regi
2279 5474 2533 5539 narravit
2563 5490 2693 5546 quae
2723 5473 3010 5539 hactenus
3032 5474 3190 5531 dicta
3220 5479 3381 5544 sunt,
3413 5474 3617 5548 sicque
3643 5492 3791 5539 con-

2132 5563 2299 5618 tinuo
2329 5561 2614 5634 colligens
2645 5560 2848 5617 intulit
2882 5580 2895 5617 :
2927 5562 3110 5618 Avida
3135 5563 3341 5638 vulpes
3390 5554 3648 5636 ingluvie
3678 5581 3795 5620 sua

2130 5651 2730 5724 periit;temulentum
2747 5651 2901 5709 etira
2914 5640 3270 5729 pracipilem
3295 5640 3612 5709 ooriarium
3645 5671 3799 5712 suus

2128 5757 2293 5798 error
2308 5741 2469 5796 ultus
2486 5740 2735 5808 est;lena
2752 5739 2970 5811 proprii
2993 5741 3121 5797 nasi
3135 5743 3428 5813 jacturam
3455 5741 3800 5798 nundinan-
