4120 6392
354 406 486 470 1261

1375 427 1737 483 SPECIMEN
1775 433 2179 496 SAPIENTHE
2219 438 2545 500 INDORUM
2586 444 2748 495 VET-

3634 454 3657 506 1
3667 455 3773 509 262

351 534 438 592 da:
470 532 672 590 aiienaa
706 537 998 606 pudicitiae
1019 542 1272 611 pretium
1301 546 1452 617 tulit;
1488 550 1743 623 denique
1773 555 2002 612 umbel-
2035 563 2088 632 Α
2121 558 2242 624 Etsi
2272 563 2330 615 te
2363 563 2532 630 nobis
2564 565 2961 631 adversarium
2994 570 3240 639 scimus,
3274 575 3468 630 tamen
3486 576 3624 649 quia
3640 595 3774 649 pru-

351 621 535 649 1.......νι
575 625 779 649 η-ιει’---
815 627 1031 649 ε---ι--η-
1073 648 1108 649 ,,
1145 633 1153 649 ι
1213 634 1233 649 ιι
1270 634 1280 649 ι
1442 638 1451 646 .
1528 640 1538 648 .
1798 643 1834 649 --
1882 645 1891 649 -
2131 648 2138 649 ,

348 621 537 684 larum
572 625 782 680 artifex
805 627 1038 697 justum
1065 633 1176 694 sub
1211 634 1354 698 falso
1374 638 1618 705 crimine
1642 621 2001 714 supplicium

346 729 562 783 passus
588 720 677 769 est
707 717 779 772 ob
812 735 925 782 non
977 721 1332 790 prohibitam
1389 726 1679 793 lenocinio
1743 750 2000 797 uxorem.

349 801 488 862 Vere.
520 801 600 866 ita
631 809 754 862 est:
792 806 943 869 male
974 811 1241 874 consulta
1273 814 1331 880 in
1366 822 1541 888 caput
1583 821 1736 875 male
1786 839 2002 878 consu-

343 889 590 955 lentium
623 893 910 962 recidunt;
945 899 1197 970 quisque
1228 904 1446 968 damno
1470 924 1576 962 suo
1611 917 1848 980 peccat;
1876 928 2002 982 quae

350 979 623 1048 facimus,
659 983 936 1054 patimur.
973 987 1178 1045 Refero
1229 1009 1321 1046 me
1353 993 1409 1048 in
1443 979 1641 1056 meum
1692 1003 2000 1071 angulum,

341 1069 488 1128 satis
521 1071 762 1134 edoctus
797 1073 886 1128 his
914 1080 1312 1137 successibus:
1347 1085 1444 1154 qui
1468 1087 1666 1158 cupiat
1714 1069 1904 1144 vivere
1937 1092 2004 1145 ut

342 1158 545 1224 vult,ei
570 1163 889 1225 cavendum
918 1167 1068 1224 serio
1099 1185 1227 1224 esse
1252 1188 1321 1226 ne
1343 1179 1476 1243 agat
1496 1178 1648 1245 quod
1678 1195 1789 1232 non
1815 1181 1998 1232 decet.

411 1284 533 1340 XV.
573 1287 668 1341 llis
701 1289 1004 1359 expositis,
1048 1295 1408 1352 concludens
1451 1317 1780 1358 sermonem
1829 1305 2000 1359 Coru-

335 1379 535 1441 natus,
571 1376 940 1434 familiariter
969 1398 1287 1440 conversus
1319 1389 1390 1442 ad
1420 1388 1866 1463 Vestigatorem,
1893 1397 1994 1450 ait:

331 1463 478 1520 Vide
511 1472 643 1537 post
675 1468 795 1523 haec
827 1474 1092 1543 exempla
1114 1477 1253 1546 quid
1275 1479 1344 1532 de
1367 1483 1422 1534 te
1451 1486 1699 1538 statuas.
1725 1487 1836 1556 Ego
1860 1489 1995 1557 qui-

331 1555 466 1609 dem
510 1555 656 1611 male
692 1564 910 1630 metuo,
937 1579 1007 1617 ne
1041 1581 1166 1634 quae
1201 1566 1260 1620 in
1295 1573 1530 1625 taurum
1559 1577 1610 1627 te
1665 1575 1994 1631 machinari

330 1645 655 1715 signiﬁcas,
689 1648 796 1702 tibi
830 1652 1207 1720 potissimum
1241 1656 1352 1727 ipsi
1376 1669 1643 1717 noceant.
1681 1665 1766 1719 Illi
1794 1668 1990 1722 statim

328 1734 663 1806 Vestigator
694 1740 990 1809 reposuit:
1016 1741 1140 1797 Non
1176 1747 1376 1801 iverim
1402 1750 1648 1817 inﬁcias,
1690 1771 1823 1809 vera
1865 1772 1992 1810 esse

329 1840 458 1894 quas
492 1825 712 1895 dixisti;
741 1833 937 1884 tamen
972 1836 1027 1885 et
1049 1849 1153 1903 ego
1204 1851 1402 1891 verum
1447 1838 1592 1894 illud
1628 1859 1987 1899 commemo-

2111 648 2306 715 dentia
2343 657 2714 722 praestantem
2748 659 3016 728 eumdem
3057 665 3108 714 te
3137 662 3431 733 novimus,
3461 648 3570 732 non
3607 648 3772 736 dubi-

2113 741 2305 804 tamus
2335 757 2404 802 ex
2435 747 2488 796 te
2518 761 2774 812 quaerere
2803 748 3138 816 consilium,
3190 754 3346 822 quod
3404 758 3542 816 tunc
3591 758 3768 825 etiam

2112 828 2184 886 ab
2210 828 2374 884 hoste
2407 847 2522 898 uon
2554 833 2732 898 stulte
2764 836 3002 907 petitur,
3032 840 3269 910 quando
3294 841 3350 906 in
3387 859 3446 897 re
3483 843 3767 914 utilitate-

2113 932 2225 987 quc
2255 922 2553 979 communi
2588 923 3018 992 cuusulentium
3055 928 3271 999 pariter
3301 935 3356 998 et
3387 934 3644 996 consulti
3667 937 3765 992 de-

2110 1005 2381 1072 liberatio
2412 1017 2697 1081 versatur.
2733 1018 2866 1086 Age,
2895 1017 3032 1086 quid
3067 1035 3268 1081 censes
3292 1021 3576 1092 optimum
3607 1025 3762 1092 factu

2111 1112 2224 1166 quo
2257 1098 2429 1154 istam
2465 1101 2634 1157 nobis
2683 1106 3077 1171 communiter
3123 1108 3425 1174 exitiosam
3488 1113 3764 1179 omnibus

2108 1185 2465 1254 piscatorum
2500 1193 2993 1262 conspirationem
3031 1194 3341 1252 eludamus
3371 1198 3398 1252 ?
3454 1200 3760 1273 Equidem,

2108 1289 2325 1343 cycnus
2358 1276 2550 1348 inquit
2578 1286 2886 1351 postquam
2939 1284 3008 1337 ad
3043 1286 3239 1352 omnia
3269 1304 3360 1350 me
3413 1290 3551 1350 verti
3612 1291 3760 1359 nihil

2107 1367 2498 1433 opportunius
2532 1371 2756 1440 reperio
2787 1388 2965 1442 quam
3001 1374 3201 1445 fugere
3233 1377 3508 1432 infestum
3543 1378 3759 1450 locum,

2105 1458 2162 1504 et
2195 1453 2442 1522 migrare
2472 1474 2571 1514 vos
2602 1475 2808 1526 omnes
2839 1477 2906 1528 ex
2933 1461 3040 1516 hoc
3085 1462 3212 1526 lacu
3255 1465 3310 1519 in
3365 1466 3536 1529 aliam
3596 1469 3759 1539 igno-

2103 1543 2224 1602 tam
2285 1542 2617 1616 inviamque
2674 1548 2834 1616 hisce
2894 1553 3269 1628 pradonibus
3322 1555 3612 1626 paludem,
3659 1560 3756 1616 ubi

2103 1647 2235 1694 cum
2269 1633 2408 1696 satis
2442 1652 2605 1706 aqua:
2637 1638 2851 1706 subsit,
2884 1657 2955 1706 ne
2985 1639 3067 1702 illi
3093 1649 3476 1713 supernatent
3511 1647 3759 1716 piscato-

2102 1718 2198 1782 riae
2230 1723 2471 1792 cymbae,
2507 1730 2802 1790 exstantes
2866 1729 3180 1798 prohibent
3240 1733 3580 1802 arundines.
3616 1736 3757 1807 Novi

2098 1806 2316 1878 locum,
2340 1818 2395 1872 et
2425 1830 2490 1867 eo
2513 1817 2608 1883 qui
2642 1816 2835 1878 volent
2857 1826 3136 1888 vestrum,
3164 1838 3276 1890 Imp
3302 1831 3537 1894 gravate
3563 1806 3756 1884 trans?

326 1930 489 1969 resse
533 1932 625 1970 me
657 1923 923 1985 autumo,
957 1900 1111 1992 quod
1145 1923 1356 1980 iterum
1393 1929 1647 1996 afﬁrmo,
1698 1950 1849 2004 saepe
1883 1952 1984 2005 po-
2017 1938 2064 2001 B
2099 1900 2298 1964 ξενίζω·
2329 1902 2579 2005 ρξδωηθ
2606 1911 2679 2005 ίξλ
2715 1907 3043 2005 inclamant
3080 1927 3227 2005 γοοδ,
3257 1929 3370 2005 ima-
3413 1916 3601 1984 piSpea
3624 1933 3754 1971 om.”

325 2003 610 2059 tentiores
642 2007 712 2059 ab
742 2007 1169 2066 inﬁrmioribus
1209 2014 1381 2069 vinci.
1442 2019 1804 2089 Argumento
1861 2043 1986 2078 ser-

324 2109 472 2162 pens
497 2099 554 2148 et
585 2111 802 2167 cycnus
835 2099 973 2168 sint;
999 2117 1113 2154 non
1135 2099 1310 2174 longa
1329 2110 1418 2159 est
1440 2123 1545 2161 nec
1564 2110 1875 2166 incelebris
1901 2115 1984 2168 la-

327 2181 486 2236 bula.
521 2175 764 2251 Corvus,
796 2185 1126 2258 inquilinus
1156 2197 1397 2248 vetustae
1427 2197 1652 2252 arboris
1686 2200 1740 2253 in
1768 2206 1983 2271 monte,

318 2269 684 2328 luculentam
737 2278 1058 2346 quotannis
1091 2279 1367 2352 injuriam
1405 2285 1738 2354 patiebatur
1781 2308 1813 2344 a
1863 2307 1984 2345 ser-

322 2368 496 2432 pente
527 2365 581 2418 in
619 2383 756 2420 cavo
801 2369 1066 2437 ejusdem
1114 2373 1343 2428 arboris
1396 2380 1600 2432 trunco
1656 2380 1982 2439 nidulante.

318 2451 461 2506 Cum
497 2455 648 2509 enim
705 2474 862 2512 more
904 2459 1097 2513 avium
1132 2478 1338 2517 corvus
1367 2481 1507 2520 suos
1549 2484 1722 2523 verna
1755 2475 1983 2543 tempe-

317 2547 469 2597 state
490 2545 680 2614 pullos
698 2547 1159 2616 excluserat,eos
1189 2551 1337 2606 clam
1367 2555 1656 2625 adrepens
1687 2559 1862 2613 draco
1888 2563 1981 2615 de-

315 2633 581 2703 vorabat,
616 2640 847 2706 captato
906 2642 1097 2694 astute
1152 2644 1438 2712 tempore,
1481 2661 1597 2716 quo
1630 2651 1980 2706 necessariis

319 2718 434 2776 alio
458 2721 765 2792 digressus
788 2726 1004 2794 causis,
1031 2746 1064 2782 a
1088 2728 1222 2788 nido
1247 2747 1451 2790 corvus
1475 2735 1699 2793 aberat.
1733 2741 1850 2792 Hoc
1875 2740 1977 2792 ite-

322 2825 452 2866 rum
488 2815 546 2875 et
575 2814 748 2870 tertio
767 2816 1101 2886 saepiusque
1124 2820 1339 2878 factum
1363 2838 1590 2891 corvus,
1617 2831 1808 2897 utpar
1829 2833 1976 2899 erat,

319 2901 625 2970 aegerrime
666 2903 877 2970 ferens,
911 2906 1142 2964 consilii
1176 2924 1356 2966 causa
1405 2911 1598 2972 theam
1662 2919 1975 2986 quemdam

317 3004 543 3055 senem,
576 2991 772 3046 multm
806 2996 1129 3064 prudentiae
1179 2998 1332 3057 fama
1382 3001 1685 3073 inclytum,
1720 3007 1883 3064 adiit.
1919 3009 1976 3064 Ei

317 3095 449 3134 cum
484 3082 858 3151 exposuisset
887 3100 1015 3153 quis
1051 3102 1262 3155 passus
1284 3094 1427 3156 erat,
1457 3095 1817 3163 proponebat
1848 3115 1977 3167 quae

315 3169 1222 3250 cogitarat:Ego,inquieus,quo
1251 3177 1429 3236 simul
1464 3182 1680 3240 damna
1729 3185 1979 3242 ulciscar

319 3259 634 3328 praaterita,
668 3266 722 3314 et
758 3261 957 3320 future
981 3270 1344 3334 praevertam,
1379 3269 1625 3340 decrevi,
1648 3273 1758 3339 nisi
1791 3279 1850 3329 tu
1886 3293 1975 3331 se-

321 3364 428 3402 cus
461 3347 666 3414 sentis,
699 3349 1011 3406 observare
1052 3355 1288 3423 quando
1321 3357 1598 3415 inimicus
1630 3363 1806 3420 draco
1839 3366 1974 3421 dor-

317 3437 482 3503 miat,
517 3443 777 3509 tuncque
810 3441 938 3496 sine
977 3444 1225 3514 strepitu
1277 3448 1579 3516 accedens,
1640 3454 1840 3510 oculos
1895 3459 1975 3513 illi

315 3530 506 3582 rostro
540 3527 809 3585 effodere.
844 3530 927 3589 Ad
951 3547 1019 3590 ea
1051 3531 1184 3590 thes
1213 3535 1462 3594 vetulus:
1490 3538 1612 3596 Non
1649 3541 1758 3600 hoc
1788 3549 1974 3602 tenta-

313 3617 427 3681 his,
447 3617 664 3686 inquit,
690 3618 738 3672 si
775 3634 865 3676 me
897 3619 1122 3686 audies;
1146 3638 1354 3691 magno
1385 3625 1542 3683 enim
1565 3629 1718 3686 malo
1737 3637 1835 3689 tuo
1856 3641 1974 3692 ten.

317 3708 496 3762 teres.
530 3704 600 3757 Et
637 3703 1150 3776 vigilantissimus,
1200 3714 1257 3765 et
1313 3712 1610 3782 facillime,
1643 3719 1693 3772 si
1739 3725 1976 3791 quando

315 3792 643 3859 eonniveat,
679 3795 1004 3854 excitabilis
1035 3798 1212 3854 draco
1263 3805 1372 3868 est,
1427 3802 1712 3876 habetque
1743 3827 1978 3882 semper

316 3881 379 3936 iu
407 3887 684 3954 promptu
719 3899 883 3940 arma
918 3886 1095 3948 nimis
1121 3890 1394 3959 expedita
1425 3891 1482 3946 in
1516 3897 1787 3955 cominus
1819 3881 1977 3957 acce-

307 3971 447 4026 dere
465 3987 665 4036 ausos,
700 3972 906 4030 dentes
930 3979 986 4033 et
1016 3991 1328 4038 venenum.
1358 3982 1700 4040 Cumulares
1722 3989 1974 4057 graviori

314 4065 420 4117 tua
449 4059 614 4116 clade
636 4061 903 4131 jacturas
935 4062 1233 4133 priores,si
1268 4072 1672 4140 aggredereris
1698 4080 1851 4148 quod
1881 4082 1972 4136 di-

309 4151 418 4205 cis.
456 4153 645 4216 Quare
673 4153 854 4208 aliam
888 4169 1100 4210 censeo
1128 4157 1410 4216 adhibeas
1465 4164 1823 4233 machinam,
1856 4186 1975 4240 qua

306 4239 536 4295 hostem
575 4257 779 4312 queas,
831 4242 978 4298 citra
1020 4248 1182 4302 tuam
1228 4248 1418 4319 ipsius
1465 4254 1806 4323 perniciem,
1841 4239 1971 4330 pcr-

307 4330 467 4397 dere,
504 4345 573 4385 ne
605 4331 846 4401 patiaris
880 4333 1036 4402 quod
1071 4351 1251 4406 cycno
1276 4341 1539 4411 contigit.
1568 4344 1786 4402 Ferunt
1815 4348 1970 4404 enim

309 4435 561 4491 cycnum
597 4423 917 4491 quemdam
944 4423 1258 4485 stationem
1291 4427 1573 4487 habuisse
1605 4451 1967 4504 percommo-

307 4509 445 4564 dam
471 4526 652 4580 prope
668 4514 941 4578 stagnum
964 4511 1197 4582 plenum
1223 4515 1764 4591 piscibus,quorum
1782 4530 1974 4597 praeda

308 4597 657 4667 quotidiana
687 4599 827 4654 vixit
857 4601 927 4656 ad
960 4608 1325 4661 senectutem
1360 4624 1548 4680 usque
1596 4611 1970 4685 lentissime;

2097 2007 2219 2060 nes,
2258 1993 2465 2048 exhibe
2498 1997 2650 2065 quod
2684 1995 2879 2067 offers,
2939 2017 3163 2070 nosque
3215 2001 3352 2068 binc
3411 2021 3634 2070 amove.
3690 2007 3755 2068 Et

2094 2079 2210 2143 ille:
2236 2082 2451 2148 Vereor
2482 2085 2718 2154 quidem
2757 2093 2819 2152 ut
2852 2105 2966 2155 non
3001 2106 3198 2156 serum
3233 2091 3513 2161 auxilium
3540 2094 3639 2163 sit,
3671 2095 3753 2160 ita

2097 2171 2373 2234 festinare
2409 2174 2728 2248 piscatores
2759 2179 2945 2243 video:
2980 2184 3177 2248 tamen
3207 2199 3309 2250 pru
3334 2183 3484 2250 virili
3517 2190 3752 2252 conten-

2094 2261 2250 2326 dam,
2287 2264 2384 2324 Ilis
2410 2265 2582 2333 dictis
2616 2266 2863 2338 piscium
2899 2269 3127 2338 aliquos
3159 2271 3448 2345 majorum
3484 2274 3749 2338 certatim

2093 2369 2154 2411 se
2197 2354 2518 2423 praibentes
2564 2355 2834 2426 arripuit,
2900 2363 3181 2431 tauquam
3246 2360 3658 2431 deportaturus
3688 2363 3748 2418 in

2091 2443 2449 2512 promissum
2474 2449 2775 2515 stagnum;
2796 2462 2892 2512 eos
2927 2452 3145 2515 autem,
3171 2448 3402 2516 simula
3435 2456 3749 2521 conspectu

2090 2531 2391 2601 abscessit,
2417 2533 2472 2588 in
2507 2532 2627 2600 loco
2655 2537 2892 2602 seducto
2918 2536 3232 2603 devoravit.
3271 2539 3419 2606 Tutu
3455 2541 3621 2610 quasi
3646 2557 3751 2615 ge~

2089 2620 2339 2687 statione
2361 2622 2702 2692 perfunctus
2726 2621 2873 2681 alios
2889 2624 3153 2695 aliusque
3169 2626 3748 2699 similitersuuiehat,

2088 2709 2360 2772 similiter
2391 2711 2759 2783 absumebat,
2785 2714 3032 2780 subinde
3058 2713 3313 2780 rediens.
3333 2717 3493 2784 Tunc
3519 2734 3748 2788 cancer,

2090 2798 2449 2869 multisjam,
2477 2805 2541 2864 ut
2563 2802 2830 2871 putabat,
2852 2800 2907 2868 iu
2935 2807 3128 2872 tutum
3151 2805 3577 2872 subductis,sui
3601 2823 3748 2879 quo-

2087 2904 2220 2958 que,
2253 2887 2353 2958 qui
2383 2905 2560 2954 causa
2583 2889 2807 2947 caeteris
2838 2890 3104 2958 beneﬁcii
3167 2893 3394 2956 fuisset.
3461 2895 3748 2962 rationem

2087 2977 2310 3044 haberi,
2345 2993 2590 3049 cycnum
2626 2994 2861 3050 rogans,
2916 2980 3107 3052 petiit.
3171 2982 3284 3044 Nec
3344 2983 3440 3052 ille
3501 2985 3744 3052 abnuit;

2086 3067 2413 3137 deportavit
2442 3073 2642 3136 autem
2675 3072 2732 3134 et
2765 3068 2931 3124 illum
2974 3069 3030 3124 in
3067 3071 3374 3138 macellum
3414 3090 3613 3144 suum,
3649 3073 3746 3136 ubi

2087 3156 2336 3227 piscium
2373 3157 2589 3227 perﬁde
2620 3158 2692 3218 ab
2719 3157 2816 3212 illo
2842 3165 3236 3228 comestorum
3261 3163 3460 3226 tristes
3485 3162 3746 3234 reliquiae

2080 3247 2375 3316 iacebant,
2393 3264 2459 3310 ac
2482 3247 2950 3314 dissiuiulatique
2973 3248 3237 3323 dimissa,
3263 3266 3325 3317 se
3348 3253 3413 3316 ad
3440 3267 3572 3305 eum
3599 3267 3748 3320 quo-

2008 3310 2048 3375 C
2081 3310 2202 3407 que
2234 3310 2558 3402 vorandum
2592 3310 3156 3404 accinxit.‘Territus
3429 3343 3485 3393 et
3517 3310 3741 3409 specta-

2087 3426 2215 3490 culo
2247 3430 2304 3479 ct
2351 3425 2604 3502 periculo
2659 3425 3171 3498 incpinatissimis,
3206 3433 3402 3495 tamen
3438 3427 3744 3490 constituit

2089 3533 2202 3580 nou
2238 3515 2441 3580 deesse
2474 3514 2608 3580 sibi,
2639 3531 2744 3569 nec
2774 3514 2832 3582 iu
2867 3514 3352 3584 miserrimalicet
3375 3516 3746 3584 circumven-

2086 3605 2242 3666 tione
2275 3604 2528 3672 inultum
2562 3622 2624 3662 se
2653 3604 2902 3684 Opprimi
2939 3605 3148 3672 sinere.
3181 3605 3459 3676 Juvitque
3491 3623 3617 3662 sors
3647 3624 3746 3671 au-

2086 3694 2362 3762 dentem;
2401 3694 2665 3764 uihilque
2697 3693 2853 3761 aliud
2876 3693 2990 3761 nisi
3011 3701 3254 3762 mortem
3283 3713 3395 3762 nou
3430 3694 3744 3767 ingloriam

2086 3784 2197 3850 isto
2227 3767 2593 3858 repugnandi
2627 3787 2837 3854 cenam
2891 3783 3171 3858 captanti,
3205 3787 3388 3853 vitam
3448 3785 3623 3850 etiam
3657 3785 3746 3838 vi-

2081 3870 2267 3940 ctoria
2299 3870 2578 3943 inclytam
2613 3873 2938 3940 concessit:
2975 3872 3260 3943 siquidem
3315 3891 3524 3942 cancer
3562 3873 3747 3939 chelis

2081 3961 2208 4020 suis
2242 3964 2398 4024 arcte
2417 3958 2758 4031 complexus
2787 3961 3142 4032 robusteque
3165 3963 3566 4036 comprimens
3581 3961 3744 4040 cycni

2082 4048 2322 4122 collum,
2357 4048 2551 4120 ipsum
2607 4048 2827 4118 frustra
2887 4048 3267 4116 reluctantem
3303 4041 3737 4122 strangulavit.

2083 4141 2213 4208 Hac
2241 4156 2309 4200 eo
2344 4138 2638 4211 pertinent
2682 4143 2743 4206 ut
2790 4138 3111 4210 intelligas,
3166 4156 3354 4210 corve,
3406 4139 3536 4196 aliis
3594 4141 3740 4204 insi-

2083 4230 2344 4290 diantem
2377 4244 2490 4293 nou
2527 4245 2656 4282 raro
2688 4227 2944 4292 incidere
2979 4229 3169 4300 ipsum
3215 4227 3270 4290 in
3307 4227 3529 4282 foveam
3563 4245 3742 4310 quam

2083 4318 2241 4382 facit.
2275 4318 2558 4382 Quocirca
2591 4333 2946 4398 magnopere
2977 4320 3183 4382 auctor
3209 4315 3315 4381 tibi
3342 4333 3476 4383 sum
3503 4333 3573 4370 ne
3607 4333 3744 4388 pro-

2084 4408 2218 4479 pius
2242 4411 2296 4462 te
2328 4408 2640 4470 admoveas
2671 4406 3055 4475 astutissimos
3089 4422 3154 4460 ac
3187 4405 3620 4474 nocentissima:
3646 4407 3743 4460 be-

2083 4497 2229 4566 stiae;
2264 4497 2481 4551 docebo
2514 4502 2568 4551 te
2600 4501 2794 4552 autem
2829 4496 3115 4554 rationem
3131 4494 3179 4549 ei
3207 4499 3383 4562 certo,
3410 4501 3466 4549 et
3494 4495 3747 4568 graviter

2084 4564 2141 4640 et
2160 4585 2290 4653 sine
2320 4588 2419 4650 tuo
2455 4583 2714 4662 periculo
2749 4583 3025 4639 nocendi.
3062 4585 3216 4655 Rape
3249 4599 3367 4658 qua
3396 4564 3550 4637 vales
3601 4588 3742 4653 arte,

305 4689 409 4742 sed
443 4691 584 4744 tunc
614 4688 914 4744 debilitate
945 4691 1138 4761 gravis
1171 4696 1379 4765 aetatis,
1409 4667 1524 4754 nim
1570 4667 1970 4777 amplius—pi:
1993 4693 2037 4753 Π
2069 4675 2492 4777 θάοωί,ιῗ,υ⁵,ᾃ⁰
2525 4674 2757 4777 sﬁfi'liis
2781 4673 3096 4773 homini“?
3121 4667 3742 4777 inquidjpSis'P-reuot

307 4775 588 4832 scationis
603 4775 785 4833 labori
807 4779 1719 4850 sufﬁciens,escenditfamelicus
1736 4793 1789 4848 in
1809 4775 1973 4851 mon-

306 4870 451 4932 tem,
481 4865 582 4921 ubi
616 4867 764 4922 forte
795 4867 1002 4923 obvius
1027 4885 1258 4930 cancer:
1282 4873 1398 4930 Cur
1419 4879 1496 4944 te,
1528 4877 1744 4952 inquit,
1773 4900 1972 4954 cyone,

310 4952 633 5012 sollicitum
659 4965 865 5026 praeter
883 4973 1103 5014 morem
1129 4967 1456 5036 moestoque
1486 4967 1742 5032 similem
1774 4952 1976 5030 video?

311 5042 551 5108 Quidni,
584 5044 666 5100 ait
693 5045 810 5112 ille,
845 5045 1134 5104 sollicitus
1167 5051 1278 5106 sim
1313 5059 1371 5108 et
1403 5061 1670 5126 moestus,
1704 5061 1804 5132 qui
1837 5079 1972 5119 cum

313 5133 600 5189 hactenus
620 5134 845 5190 fruerer
874 5136 1085 5206 opibus
1119 5139 1357 5209 piscosi,
1382 5145 1473 5200 cui
1502 5149 1861 5219 assidebam,
1884 5154 1972 5208 la-

312 5240 420 5279 cus
440 5223 657 5280 victum
691 5226 1060 5297 suggerentis
1093 5230 1594 5305 copiosissimum,
1626 5241 1818 5296 audivi
1869 5243 1972 5300 ho-

313 5312 410 5368 die
439 5313 760 5385 piscatores
783 5317 1158 5376 consulentes
1179 5321 1331 5378 inter
1351 5342 1412 5381 se
1439 5329 1794 5403 saginaeque
1825 5351 1981 5391 com-

315 5409 619 5474 parantes,
652 5406 867 5476 quibus
897 5410 1084 5464 totum
1117 5412 1437 5471 everriculo
1467 5422 1741 5491 stagnum
1765 5425 1978 5481 exhau-

318 5492 496 5560 riant,
521 5492 750 5549 nullum
780 5513 852 5550 ne
883 5498 952 5551 ad
970 5498 1230 5555 sobolem
1251 5504 1482 5573 quidem
1511 5507 1858 5578 pisciculum
1885 5532 1975 5570 re-

318 5582 553 5652 liquum
584 5583 820 5640 facturi.
856 5585 984 5641 Haac
1014 5603 1226 5646 cancer
1252 5593 1451 5649 audita
1471 5595 1731 5666 piscibus
1753 5603 1977 5670 retulit,

321 5670 594 5726 indicans
624 5689 728 5743 pro
757 5673 1022 5730 amicitia
1081 5679 1428 5749 periculum.
1462 5685 1551 5742 Illi
1586 5705 1727 5746 sane
1746 5697 1981 5749 contur-

318 5759 440 5822 bati
473 5775 723 5830 cycnum
758 5761 1042 5820 adeuntes
1074 5767 1232 5823 aﬂ'ati
1264 5776 1404 5827 sunt
1434 5773 1491 5828 in
1526 5774 1682 5833 hunc
1713 5781 1976 5838 modum:

2090 4763 2632 4838 sum,illudqueil-a
2663 4764 2721 4817 in
2756 4762 3153 4829 cavuminvisi
3177 4762 3391 4834 anguis
3423 4763 3750 4832 conjice,ut

2091 4853 2312 4922 laciniae
2357 4853 2647 4912 similiave
2696 4854 2914 4908 indicia
2961 4852 3213 4907 exterius
3272 4853 3572 4924 prodeant.
3626 4851 3750 4908 Fiet

2091 4915 2246 5008 inde,
2270 4946 2333 4995 ut
2360 4943 2440 4996 rei
2473 4943 2707 4997 amissae
2743 4940 2988 5007 domini,
3023 4941 3212 5013 signis
3245 4940 3406 4995 hisce
3439 4939 3745 4996 admoniti.

2089 5033 2231 5088 dum
2265 5037 2532 5101 quarunt
2562 5032 2748 5100 anxie,
2793 5031 3106 5099 latibulum
3129 5031 3186 5100 id
3203 5030 3542 5104 pervadent,
3563 5030 3750 5084 male-

2091 5137 2206 5192 que
2233 5120 2485 5175 multent
2515 5121 2939 5192 deprehensum
2959 5122 3015 5173 in
3033 5137 3097 5174 eo
3127 5119 3531 5188 subsessorem
3555 5125 3749 5175 tuum.

2095 5210 2246 5266 Fecit
2303 5227 2510 5276 corvus
2571 5211 2725 5282 quod
2805 5210 3166 5265 suadebatur
3221 5225 3435 5279 magno
3496 5225 3603 5263 suo
3660 5207 3751 5261 lu-

2091 5315 2211 5366 cro;
2247 5314 2382 5352 nam
2419 5297 2502 5353 sic
2529 5297 2718 5362 occiso
2752 5315 2930 5352 manu
2965 5301 3020 5350 et
3053 5296 3234 5351 armis
3268 5296 3576 5351 hominum
3621 5297 3753 5361 dra-

2093 5403 2257 5455 cone,
2281 5386 2607 5458 hospitium
2641 5387 2916 5459 deinceps
2939 5403 3114 5441 suum
3139 5385 3320 5440 nullis
3351 5385 3631 5454 infestum
3662 5383 3754 5437 in-

2085 5476 2266 5548 juriis
2290 5474 2591 5530 insidiisve
2623 5469 2856 5530 habuit.

2165 5605 2310 5660 XVI.
2345 5605 2474 5660 Haec
2509 5605 2700 5662 fusius
2751 5607 2907 5677 apud
2959 5611 3037 5670 te,
3098 5604 3409 5676 subjungit
3471 5618 3756 5674 perorans

2095 5696 2382 5750 Coronato
2410 5694 2755 5765 Vestigator,
2772 5695 2980 5764 amice,
3005 5693 3279 5763 disserui,
3308 5697 3370 5746 ut
3389 5691 3758 5746 ostenderem

2097 5782 2286 5855 pluris
2315 5799 2444 5840 esse
2471 5785 2847 5855 prudentiam
2867 5800 3042 5855 quem
3075 5782 3273 5850 robur.
3309 5785 3382 5836 At
3430 5781 3756 5846 Coronatus
