4120 6410
402 450 541 505 1263

1907 441 2302 497 ΔΡΡΕΝΒΙΧ.

3680 435 3821 492 1264

400 579 575 630 Recte
596 574 962 646 ista,inquit,
995 574 1242 639 diceres,
1275 572 1325 628 si
1358 573 1538 628 robur
1574 576 1779 627 taurus
1821 567 2058 625 solertia
2087 565 2137 631 Α
2172 566 2369 637 ipsum
2404 584 2606 623 ausus.
2639 568 2786 623 Fuhi
2819 584 2949 639 ego;
2984 568 3125 639 quid
3148 566 3305 622 enim
3332 570 3596 638 poteram
3630 562 3822 617 aliud?

401 662 753 717 destitutum
785 661 1114 721 obtineret;
1149 660 1314 730 atqui
1373 660 1527 714 idem
1583 664 1863 731 praeterea
1912 673 2054 728 pru-

401 751 783 807 dentissimus
832 754 938 805 est.
989 751 1156 817 Vere,
1211 750 1293 804 ait
1332 749 1686 821 Vestigator,
1734 752 1791 802 et
1819 748 1929 803 hoc
1969 747 2055 803 lo-

401 841 622 911 queris.
664 841 951 895 Caeterum
1000 843 1058 893 et
1105 854 1213 893 nos
1257 837 1481 908 aliquid
1526 838 1790 894 valemus
1831 839 1889 893 in
1947 836 2057 891 hac

402 934 568 1000 parte
616 945 730 998 quo
794 944 910 981 non
969 927 1267 982 immerito
1320 944 1625 998 speremus
1687 926 2060 999 praevalitura

402 1017 781 1088 quantalibet
812 1016 1118 1088 sagacitati
1148 1018 1276 1087 ejus
1300 1018 1549 1072 artiﬁcia
1580 1021 1799 1084 nostra,
1845 1034 2055 1087 passu-

398 1120 650 1173 rumque
682 1102 850 1157 illum
886 1105 998 1158 tale
1023 1103 1324 1175 quidpiam
1351 1122 1383 1159 a
1414 1105 1583 1160 nobis
1607 1105 1777 1175 quale
1807 1104 1943 1159 olim
1970 1102 2058 1157 leo

397 1192 640 1263 quidam
671 1210 704 1246 a
726 1192 943 1263 lepore,
976 1194 1241 1263 dejectus
1269 1194 1339 1249 ab
1362 1211 1428 1249 eo
1459 1199 1622 1250 tanto
1654 1194 1975 1248 inﬁrmiore
1993 1210 2059 1248 ac

398 1280 735 1352 perculsus,
768 1284 832 1334 ut
864 1298 997 1335 mox
1030 1281 1253 1336 audies.
1282 1282 1604 1337 Incubabat
1637 1281 1860 1352 regioni
1915 1281 2057 1335 laeta:

401 1371 661 1442 pascuis,
680 1375 735 1425 et
751 1387 850 1441 per
864 1371 972 1425 hoc
992 1373 1150 1426 omni
1168 1372 1560 1427 animantium
1578 1389 1788 1444 genere
1811 1372 2055 1437 referta},

398 1462 557 1515 ferus
605 1460 844 1531 quidam
910 1461 1021 1526 leo,
1076 1463 1440 1533 quotidianis
1500 1462 1822 1517 latrociniis
1880 1478 2059 1532 agens

406 1552 716 1621 ferensque
750 1549 995 1605 miseras
1014 1551 1256 1621 bestias,
1281 1553 1426 1607 adeo
1445 1556 1511 1605 ut
1535 1551 1703 1606 anxio
1731 1551 2059 1607 constrictae

401 1643 586 1704 metu,
650 1638 763 1693 frui
827 1640 995 1710 copia
1055 1641 1368 1711 nequirent
1422 1658 1599 1712 quam
1653 1640 1762 1695 soli
1824 1640 2061 1694 ubertas

399 1728 777 1799 suggerebat.
813 1729 964 1800 Ergo
997 1728 1131 1799 illae,
1155 1730 1401 1785 consilio
1428 1730 1653 1797 habito,
1710 1730 2058 1801 legationem

397 1817 467 1869 ad
532 1833 665 1871 eum
716 1817 1041 1872 decernunt
1106 1819 1287 1890 hujus
1337 1819 1674 1875 sententiae:
1734 1824 1951 1873 Omnes
2006 1824 2062 1872 te

2164 662 2220 711 et
2252 674 2465 728 magno
2497 659 2767 726 circuitu,
2793 658 3220 730 laboriosisque
3247 657 3507 725 latebris,
3532 656 3648 710 huc
3689 660 3818 710 tan-

2164 747 2294 800 dem
2356 764 2427 801 ne
2488 747 2847 818 promissum
2912 748 3018 803 tibi
3085 749 3432 803 demensum
3496 744 3583 801 vel
3640 743 3820 799 semel

2164 836 2404 903 deferet,
2439 854 2617 907 quam
2652 838 2907 908 primum
2930 836 3098 892 licuit
3127 837 3373 892 accurri.
3406 835 3701 890 Turbatus
3734 833 3822 888 ira

2164 923 2220 977 in
2280 924 2554 979 ramulum
2613 926 3131 981 vehementissima
3192 924 3656 997 superbissimus
3708 922 3819 990 leo,

2162 1012 2351 1079 Putes,
2380 1013 2589 1083 inquit,
2625 1031 2713 1069 me
2744 1016 2814 1070 ad
2848 1015 3029 1070 istum
3064 1014 3351 1070 latronem
3398 1012 3653 1068 ducere?
3684 1017 3823 1065 Pos-

2164 1118 2321 1171 sum,
2376 1102 2570 1173 inquit
2624 1103 2817 1175 lepus,
2875 1121 2980 1159 nec
3041 1105 3211 1175 longe
3260 1105 3443 1159 abest.
3506 1100 3825 1170 Statimque

2165 1191 2407 1261 przeiens
2441 1193 2597 1247 sistit
2621 1193 2849 1249 leonem
2874 1195 2943 1248 ad
2996 1212 3060 1249 os
3093 1194 3273 1265 putei,
3320 1208 3492 1263 quem
3525 1191 3583 1245 in
3633 1189 3822 1243 vicino

2165 1280 2343 1335 situm
2410 1281 2852 1350 observaverat;
2911 1299 3372 1354 conversusque,
3436 1281 3539 1349 lbi,
3608 1278 3821 1350 inquit,

2163 1369 2412 1437 habitat,
2472 1372 2608 1427 inde
2666 1374 2734 1427 ad
2773 1390 2879 1428 nos
2918 1372 3148 1444 erupit;
3192 1372 3416 1444 inspice
3466 1372 3572 1436 sis,
3622 1369 3821 1424 statim

2162 1459 2407 1526 videbis,
2435 1460 2785 1530 Despectant
2816 1462 2989 1517 ambo
3030 1460 3228 1524 simul,
3250 1465 3307 1515 et
3329 1478 3490 1531 aquae
3515 1457 3826 1530 superﬁcie

2164 1547 2482 1619 imaginem
2517 1550 2766 1605 intuenti
2813 1550 2965 1605 leoni
3019 1550 3319 1622 propriam
3355 1549 3655 1613 reddente,
3697 1548 3822 1602 Non

2163 1637 2561 1710 vides,inquit
2583 1644 2911 1711 opportune
2956 1640 3149 1711 lepus,
3199 1645 3605 1695 contumacem
3654 1642 3711 1691 et
3742 1638 3826 1691 fe-

2163 1726 2324 1781 rum?
2356 1727 2406 1782 is
2438 1728 2562 1799 ipse
2595 1734 2683 1783 est
2714 1733 3083 1801 contemptor
3124 1730 3232 1796 tui,
3285 1727 3585 1800 vectigalis
3643 1726 3825 1780 inter-

2164 1833 2382 1885 versor,
2417 1818 2726 1873 devorator
2760 1819 3013 1874 ministri
3048 1818 3291 1890 publici.
3326 1823 3449 1873 Non
3478 1817 3669 1872 tenuit
3710 1816 3822 1869 im-

400 1906 709 1960 dominum
727 1908 1126 1978 agnoscimus,
1150 1914 1207 1962 et
1230 1908 2060 1972 uttalistudentes,rationem
2094 1924 2140 1987 B
2171 1911 2372 1976 petum
2407 1907 2727 1962 iracundiae
2758 1907 2987 1962 ultricis
3042 1924 3109 1962 ea
3157 1924 3404 1962 cernens
3464 1906 3827 1974 audiensque

405 1995 831 2065 exquisivimus
858 2014 973 2066 qua
1003 2002 1060 2051 et
1093 2002 1155 2051 tu
1190 1997 1451 2052 laborem
1508 1998 1839 2053 venationis
1888 1996 2068 2053 lucri-

404 2084 647 2151 faceres,
674 2088 732 2138 et
755 2102 882 2154 nos,
918 2087 1073 2156 quod
1106 2090 1210 2141 tua
1238 2086 1413 2141 etiam
1450 2087 1716 2153 interest,
1747 2085 1903 2157 pasci
1925 2085 2071 2140 citra

413 2173 972 2243 consternationem,
1005 2178 1179 2246 atque
1211 2176 1293 2230 ita
1322 2177 1706 2247 pinguescere
1727 2190 2066 2246 possemus:

412 2287 527 2326 non
562 2288 904 2326 recusamus
931 2272 1111 2339 enim,
1163 2273 1399 2342 quando
1454 2272 1575 2326 haec
1630 2276 1733 2327 tua
1782 2275 1839 2325 et
1868 2275 2070 2327 nostra

408 2361 647 2415 fortuna
680 2366 791 2427 est,
825 2361 970 2433 quin
1002 2362 1301 2432 carnibus,
1337 2367 1401 2416 ut
1451 2362 1624 2429 soles,
1661 2361 1878 2417 nostris
1921 2378 2068 2433 epu-

408 2448 566 2505 leris.
594 2449 1001 2506 Conditionem
1021 2467 1152 2507 ecce
1178 2450 1360 2523 igitur
1378 2451 1486 2506 tibi
1518 2451 1761 2506 ferimus
1794 2451 2068 2521 utrinque

410 2539 822 2595 commodam:
867 2546 929 2595 ut
986 2540 1093 2595 tibi
1153 2557 1337 2595 unum
1389 2557 1419 2595 e
1468 2540 1684 2595 nostris
1744 2557 1957 2612 corpus
2008 2541 2067 2594 in

411 2628 607 2682 cibum
644 2628 937 2697 mittatur,
975 2634 1037 2683 tu
1097 2633 1293 2684 autem
1349 2645 1416 2684 eo
1475 2629 1687 2684 diurno
1734 2633 2068 2699 contentus,

410 2716 658 2787 fatigare
687 2721 742 2771 te
774 2734 840 2773 ac
863 2722 1080 2773 terrere
1108 2735 1214 2773 nos
1265 2718 1521 2774 desinas.
1576 2718 1802 2773 Placuit
1858 2734 2068 2789 propo—

410 2804 543 2861 sitio
568 2804 718 2861 leoni
743 2822 756 2859 :
778 2806 1173 2879 deincepsque
1202 2807 1549 2878 quotidiana
1587 2806 1890 2863 sortitione
1916 2807 2069 2863 desi-

411 2899 659 2965 gnatum
719 2894 935 2950 animal
988 2912 1190 2963 unum,
1249 2913 1283 2951 a
1335 2896 1557 2952 delecto
1606 2897 1678 2951 ad
1727 2896 1785 2951 id
1837 2896 2069 2967 publice

413 2983 683 3037 ministro
714 2984 1117 3040 deducebatur
1146 2986 1217 3040 ad
1249 2984 1499 3041 leonem.
1524 2985 1662 3040 Post
1694 2986 1913 3041 multos
1943 2985 2069 3040 dies

414 3076 570 3126 sorte
602 3074 917 3129 damnatus
939 3074 1107 3146 lepus
1138 3075 1223 3130 sic
1254 3074 1313 3129 in
1346 3075 1592 3131 concilio
1624 3075 1945 3130 bestiarum
1979 3078 2071 3129 est

412 3163 679 3220 locutus:
705 3166 762 3219 Si
801 3182 892 3221 me
924 3183 1040 3222 non
1066 3166 1217 3221 fallit
1247 3167 1503 3233 animus,
1545 3174 1600 3222 et
1630 3167 1784 3222 Deus
1816 3166 2070 3237 cogitata

2177 1993 2287 2060 leo,
2313 1996 2412 2049 sed
2461 1996 2694 2049 fremitu
2756 1995 2955 2050 statim
3016 1996 3258 2049 immani
3293 1996 3536 2050 velutin
3597 1994 3827 2048 hostem

2178 2081 2429 2152 irruens,
2463 2083 2632 2154 aquis
2656 2084 2813 2155 putei
2838 2084 3088 2138 haustus
3120 2092 3171 2138 et
3202 2084 3524 2138 suffocatus
3566 2082 3832 2153 interiit;

2178 2171 2371 2240 lepore
2394 2189 2527 2226 cum
2560 2171 2741 2226 accito
2763 2188 2793 2226 e
2815 2171 3056 2226 latebris
3088 2172 3348 2237 ductore,
3375 2171 3549 2225 salvis
3583 2172 3653 2224 ad
3688 2188 3831 2226 suos

2175 2260 2581 2327 redeuntibus,
2616 2277 2681 2315 ac
2740 2260 2969 2331 magnis
3020 2261 3281 2331 ipsorum
3328 2259 3828 2330 gratulationibus

2172 2351 2449 2419 exceptis.
2484 2351 2570 2405 Ad
2604 2349 2712 2404 hoc
2761 2349 3093 2419 exemplum
3154 2350 3382 2404 confido
3441 2366 3533 2403 me
3592 2364 3831 2418 quoque

2176 2455 2599 2509 persuasurum
2631 2443 2821 2505 tauro,
2859 2456 2985 2509 quae
3016 2438 3185 2492 illum
3219 2437 3401 2492 stulte
3427 2437 3732 2492 credulum
3768 2437 3827 2490 in

2175 2528 2415 2583 exitium
2448 2527 2833 2598 prmcipitent.

2246 2652 2408 2708 XVII.
2444 2653 2530 2707 Tu
2592 2668 2746 2722 vero,
2792 2652 2875 2706 ait
2923 2651 3266 2718 Coronatus,
3318 2649 3613 2722 siquidem
3673 2653 3835 2722 quod

2176 2745 2323 2799 dicis
2348 2748 2531 2816 potes,
2559 2744 2862 2814 providere
2886 2747 3106 2812 tamen,
3135 2743 3480 2813 priusquam
3518 2742 3573 2797 id
3626 2759 3841 2814 aggre-

2175 2834 2377 2900 diaris,
2419 2833 2595 2889 debes
2628 2849 2701 2888 ne
2734 2848 2910 2903 quam
2955 2832 3315 2887 machinaris
3371 2835 3540 2887 tauro
3585 2837 3838 2903 pestem,

2177 2940 2245 2978 ea
2274 2939 2409 2977 cum
2436 2922 2622 2977 leonis
2649 2921 2803 2993 regis
2835 2921 3017 2977 nostri
3049 2920 3306 2992 pernicie
3336 2925 3438 2976 aut
3460 2922 3840 2977 incommodo

2177 3013 2495 3082 conjuncta
2524 3011 2602 3067 sit
2626 3029 2640 3079 ',
2663 3010 2950 3066 denuntio
2973 3011 3130 3065 enim
3162 3010 3269 3065 tibi
3330 3026 3424 3065 me
3476 3014 3838 3081 craterasque

2178 3102 2509 3156 animantes
2561 3118 2687 3171 quae
2730 3104 3098 3156 sacramento
3172 3100 3321 3155 leoni
3382 3100 3661 3170 diximus,
3713 3117 3837 3155 non

2176 3189 2571 3260 permissuros
2590 3190 2718 3259 (nec
2733 3190 2890 3244 enim
2912 3188 3073 3244 salva
3090 3190 3203 3243 ﬁde
3228 3206 3466 3261 possum
3480 3190 3568 3258 us)
3593 3189 3841 3245 domino

413 3254 690 3354 fortunat,
724 3254 1312 3354 liberabo.vo.s_gravi
1334 3273 1508 3312 onere
1538 3256 1825 3354 tyrannici
1860 3255 2065 3354 tributi
2099 3290 2141 3354 Ο
2177 3254 2381 3333 nostro
2413 3254 2763 3350 quocunque
2797 3283 3075 3349 praetextu
3107 3283 3162 3332 te
3197 3254 3419 3334 n—ocere.
3457 3281 3644 3343 Quare
3675 3295 3838 3349 cum,

412 3344 585 3397 modo
616 3346 772 3414 quod
806 3350 959 3416 peto,
994 3344 1337 3399 facillimum
1378 3361 1683 3412 concessu,
1736 3344 2063 3414 impetrem.

407 3440 723 3496 Jusserunt
763 3458 966 3497 omnes
1006 3443 1197 3496 dicere
1249 3458 1373 3511 quae
1408 3440 1601 3495 vellet.
1652 3441 1720 3493 Et
1760 3439 1895 3506 ille;
1957 3439 2066 3494 Po-

409 3529 588 3598 stulo,
621 3530 835 3600 inquit,
871 3532 987 3584 duo
1019 3531 1091 3583 ab
1122 3547 1187 3583 eo
1212 3529 1309 3599 qui
1346 3545 1437 3583 me
1467 3530 1538 3583 de
1570 3545 1728 3582 more
1777 3528 2066 3583 ducturus

409 3619 478 3672 ad
522 3617 748 3673 leonem
784 3624 895 3674 est:
924 3618 1180 3689 primum
1214 3632 1287 3671 ne
1319 3634 1412 3671 me
1454 3620 1657 3687 urgeat
1683 3617 1742 3671 in
1801 3616 1912 3684 via,
1960 3619 2062 3672 sed

410 3722 502 3759 me
525 3705 779 3759 arbitatu
807 3721 936 3759 meo
955 3705 1245 3759 moderari
1298 3721 1567 3775 gressum
1602 3706 1776 3761 sinat:
1812 3705 2063 3761 alterum

410 3798 475 3847 ut
507 3810 640 3846 cum
673 3810 854 3864 prope
886 3795 1309 3850 accesserimus
1328 3796 1400 3849 ad
1425 3795 1611 3850 leonis
1633 3812 1897 3866 specum,
1922 3796 2067 3850 deli-

407 3886 596 3935 tescat
627 3883 774 3953 ipse;
812 3900 947 3937 nam
980 3900 1074 3937 me
1092 3900 1367 3954 apparere
1391 3889 1619 3955 oportet
1636 3884 1826 3939 solum
1857 3891 2065 3956 atquae

411 3970 696 4025 destinavi
757 3989 1099 4028 successum
1163 3974 1450 4028 habeant.
1512 3973 1839 4044 Utrumque
1906 3975 2062 4029 haud

408 4066 643 4131 gravate
674 4061 905 4129 datum,
938 4067 995 4117 et
1025 4064 1179 4134 quod
1210 4063 1359 4118 bene
1404 4068 1652 4118 verteret
1707 4064 2062 4134 imperatum

407 4152 680 4207 ministro
740 4153 975 4223 publico
1044 4152 1511 4224 repraesentatori
1564 4152 1771 4207 tributi
1831 4158 1947 4219 est,
2000 4159 2064 4209 ut

404 4238 587 4311 lepori
626 4259 752 4313 quae
816 4241 990 4297 vellet
1040 4244 1479 4312 obsequeretur.
1540 4241 1826 4297 Postridie
1886 4243 2060 4311 proﬁ-

404 4330 728 4395 ciseuntur,
763 4348 956 4387 moras
984 4332 1054 4385 de
1082 4331 1378 4386 industria
1411 4336 1679 4385 nectente
1721 4330 1915 4401 lepore
1947 4348 2060 4401 quo

402 4435 581 4489 quam
605 4420 946 4475 tardissime
998 4436 1059 4474 se
1120 4420 1371 4475 sisteret.
1431 4419 1541 4473 Leo
1599 4419 1857 4487 interim,
1919 4419 2063 4473 hora

400 4508 627 4562 dudum
688 4508 983 4580 praeterita
1040 4509 1303 4563 consueti
1354 4512 1582 4579 pastus,
1643 4509 1792 4562 fame
1856 4509 2059 4578 iraque

398 4595 1376 4668 stimulantibusimpatientissime
1408 4597 1660 4661 furebat,
1702 4613 1834 4651 cum
1889 4597 2058 4651 offert

396 4698 526 4739 ecce
576 4685 657 4738 illi
710 4702 772 4741 se
818 4686 928 4740 sub
988 4701 1294 4755 vesperam
1355 4686 1519 4741 solus
1573 4691 1784 4757 praeter
1832 4702 2053 4741 morem

395 4770 588 4845 lepus,
620 4774 725 4830 Cui
754 4774 872 4839 ille,
897 4775 1032 4838 Quae
1082 4775 1282 4829 isthaec
1343 4774 1560 4830 malum
1612 4775 1857 4846 perﬁdia
1914 4776 2050 4831 est?

391 4872 604 4943 inquit:
641 4874 859 4929 docebo
891 4890 995 4946 ego
1017 4890 1118 4929 vos
1142 4874 1326 4945 pactis
1349 4879 1522 4928 stare.
1551 4873 1727 4928 Plura
1748 4874 2047 4929 dicturum

390 4966 448 5014 et
512 4962 855 5029 irruentem,
922 4962 1257 5034 interpellat
1314 4962 1743 5019 demississime
1798 4964 2048 5035 supplex

388 5046 578 5119 lepus.
623 5052 683 5106 Si
708 5069 800 5107 me
832 5052 1026 5120 audis,
1048 5052 1304 5123 domine,
1329 5053 1483 5123 quod
1505 5057 1609 5107 tua
1630 5052 1779 5107 scire
1800 5069 2041 5123 magno-

386 5151 522 5205 pere
554 5138 816 5209 interest,
852 5139 1172 5209 dicturum,
1198 5158 1311 5196 non
1337 5142 1530 5196 solum
1556 5141 1825 5213 ignosces
1850 5141 2040 5212 nobis,

382 5234 485 5288 sed
518 5239 574 5290 et
604 5234 875 5293 laudabis
907 5239 1082 5295 fidem
1121 5243 1395 5295 nostram.
1429 5240 1669 5295 Obvium
1707 5257 1771 5295 se
1799 5240 2038 5295 venien-

374 5321 536 5379 tibus
568 5322 685 5379 huc
718 5326 889 5381 nobis
917 5328 1163 5383 tulitleo
1187 5329 1360 5397 alius,
1386 5329 1482 5400 qui
1507 5330 1811 5384 ductorem
1835 5345 2034 5384 meum

374 5430 467 5467 me
526 5414 812 5485 majorem
871 5418 1166 5486 arripuit;
1227 5436 1291 5474 ac
1324 5419 1798 5474 contestantibus
1868 5418 2034 5473 enixe

370 5505 561 5570 nobis,
600 5508 931 5561 commeatu
971 5522 1074 5560 nos
1108 5512 1241 5562 tuos
1273 5524 1340 5563 ac
1364 5509 1539 5578 jussu
1600 5507 1862 5562 debitum
1923 5508 2031 5563 tibi

370 5595 607 5664 vectigal
692 5609 980 5665 pensuros
1058 5597 1372 5664 proﬁcisci,
1446 5597 1631 5651 nihilo
1686 5597 1785 5651 ille
1837 5597 2031 5653 secius

369 5685 593 5753 peregit
627 5684 779 5755 quod
816 5691 1066 5753 cceperat
1101 5684 1477 5741 contumeliis
1509 5686 1683 5741 etiam
1721 5702 1786 5740 ac
1846 5684 2026 5740 male-

367 5768 556 5838 dictis,
594 5791 719 5841 quze
764 5771 820 5825 in
854 5776 1029 5841 caput
1059 5772 1189 5841 ejus
1236 5778 1485 5838 vertant,
1546 5774 1913 5829 incomitiare
1970 5780 2026 5829 te

2176 3382 2290 3435 quo
2335 3366 2460 3421 loco
2519 3384 2609 3420 res
2660 3367 2833 3421 modo
2892 3372 3054 3431 sunt,
3112 3371 3233 3422 tam
3285 3367 3653 3423 necessarius
3678 3367 3839 3421 leoni

2175 3455 2440 3525 regnanti
2460 3455 2808 3510 administer
2825 3455 3046 3527 publici
3070 3456 3375 3527 regiminis
3397 3456 3525 3512 tolli
3546 3458 3617 3511 de
3640 3456 3839 3511 medio

2174 3559 2288 3597 non
2322 3543 2507 3614 possit
2544 3545 2673 3599 sine
2703 3545 2865 3617 gravi
2916 3546 3263 3617 imperantis
3322 3547 3560 3605 damno.
3624 3562 3838 3601 revoca

2172 3633 2311 3687 dum
2347 3633 2481 3688 licet
2504 3634 2717 3689 reluelle
2740 3637 3131 3707 prepositum,
3157 3640 3331 3706 teque
3353 3634 3412 3689 in
3446 3635 3840 3705 subjectionis

2171 3721 2361 3775 ofﬁcio
2422 3723 2676 3780 contine.
2737 3724 2839 3779 His
2896 3723 3231 3795 Vestigator
3291 3725 3551 3791 auditis,
3612 3724 3845 3795 quievit

2172 3811 2362 3865 adhuc
2396 3812 2519 3866 dies
2548 3811 2791 3882 aliquot.
2818 3813 2954 3867 Post
2996 3830 3143 3883 quos
3172 3812 3399 3867 leonem
3432 3813 3636 3867 adiens
3688 3814 3838 3868 affe-

2172 3904 2326 3954 ctata
2350 3901 2629 3955 maestitia
2659 3902 3116 3972 cogitabundus,
3150 3902 3221 3956 ab
3270 3919 3336 3958 eo
3396 3919 3517 3956 rem
3580 3903 3838 3958 mirante

2171 3990 2429 4044 audivit:
2465 3992 2599 4055 Quae
2630 3996 2684 4045 to
2718 4008 2927 4045 causa:
2967 3991 3192 4046 tristem
3216 3991 3394 4046 facit?
3422 3993 3507 4045 An
3530 3992 3637 4045 tibi
3671 3995 3832 4063 quod

2172 4078 2355 4134 nolles
2414 4079 2637 4149 aliquid
2696 4080 2953 4135 accidit?
2999 4085 3066 4134 Et
3111 4081 3247 4135 ille:
3312 4081 3535 4135 Accidit
3587 4082 3834 4138 omnino

2168 4168 2474 4222 infandum
2511 4175 2567 4222 et
2586 4170 2884 4223 funestum
2905 4169 3008 4222 tibi
3028 4169 3198 4238 juxta
3215 4169 3480 4240 mihique
3502 4171 3806 4241 quidpiam
3823 4213 3837 4235 ,

2171 4261 2345 4326 atque
2376 4256 2519 4310 illud
2546 4257 2838 4327 ejusmodi
2899 4258 3053 4329 quod
3115 4259 3256 4328 quia
3308 4258 3411 4312 tibi
3450 4260 3567 4314 fore
3626 4260 3835 4315 auditu

2171 4344 2480 4400 molestum
2503 4345 2643 4414 scio,
2660 4346 2731 4400 ab
2747 4363 2812 4401 eo
2830 4347 3146 4401 indicando
3171 4348 3508 4403 deterrebar
3529 4350 3805 4419 equidem
3821 4394 3836 4421 ,

2170 4440 2329 4489 metu
2353 4434 2683 4491 offendendi
2717 4452 2888 4492 aures
2919 4441 3053 4492 tuas
3086 4437 3300 4492 indicio
3333 4439 3557 4509 ingrato
3587 4455 3598 4493 :
3632 4443 3833 4495 tamen

2171 4524 2267 4577 ubi
2303 4539 2497 4579 meum
2531 4526 3059 4596 ﬂagrantissimum
3091 4526 3300 4582 salutis
3321 4544 3384 4582 ac
3415 4528 3830 4599 prosperitatis

2168 4617 2278 4667 tuae
2324 4613 2587 4669 studium
2640 4616 2906 4685 consulo,
2972 4617 3170 4687 potius
3220 4616 3551 4671 habendam
3613 4618 3830 4688 capitis

2165 4719 2343 4771 quam
2376 4703 2608 4758 aurium
2644 4703 2923 4759 rationem
2966 4706 3205 4776 judico;
3267 4722 3371 4760 nec
3422 4705 3827 4761 dubitandum

2163 4798 2277 4846 tuae
2308 4791 2626 4847 imminens
2654 4794 2783 4848 vitae
2815 4793 3141 4864 periculum
3177 4808 3457 4861 avertere,
3488 4793 3577 4849 vel
3621 4795 3830 4851 obtru-

2161 4882 2374 4949 dendo,
2404 4898 2536 4936 cum
2570 4882 2650 4937 ita
2680 4900 2827 4954 opus
2853 4884 2949 4953 sit=
2980 4884 3212 4939 fastidio
3236 4883 3621 4955 inauspicata
3654 4901 3828 4940 men-

2159 4971 2357 5026 tionis.
2393 4974 2579 5037 Quare
2614 4976 2732 5039 tua,
2766 4972 3025 5037 domine,
3069 4972 3362 5043 sapientia
3404 4990 3522 5027 rem
3576 4972 3824 5045 dignam

2157 5059 2382 5126 feceris,
2418 5059 2465 5113 si
2501 5075 2589 5114 me
2622 5060 2912 5130 patienter
2941 5060 3144 5115 audies
3176 5077 3243 5115 ea
3284 5060 3629 5115 referentem
3680 5062 3817 5131 qui-

2154 5149 2266 5203 bus
2298 5146 2625 5203 clarissime
2658 5148 2970 5219 perpicias,
3004 5154 3060 5203 et
3118 5166 3308 5204 meam
3343 5150 3399 5203 in
3434 5155 3489 5204 te
3521 5151 3818 5205 sinceram

2154 5238 2350 5305 ﬁdem,
2384 5240 2441 5291 et
2470 5253 2672 5291 eorum
2690 5238 3035 5308 perﬁdiosas
3054 5238 3524 5309 molitiones,qui
3557 5240 3822 5296 summis

2151 5327 2270 5381 tuis
2285 5325 2583 5381 beneﬁciis
2602 5328 2916 5382 maIefacta
2939 5330 3258 5398 rependere
3281 5328 3500 5383 nefaria
3528 5328 3819 5399 cogitant.

2150 5420 2338 5485 Atque
2369 5430 2475 5485 ego
2508 5414 2566 5468 in
2602 5414 2906 5486 procinctu
2940 5416 3254 5471 delationis
3292 5418 3658 5484 necessarias,
3694 5435 3818 5473 non

2149 5506 2391 5576 ignarus
2422 5503 2800 5559 artiﬁciorum
2834 5504 3251 5572 simulationis,
3306 5505 3475 5560 facile
3532 5506 3701 5560 video
3750 5508 3810 5561 in

2145 5599 2433 5664 quantum
2468 5609 2560 5647 me
2579 5593 2979 5649 discriminem
3009 5595 3337 5665 projiciam,
3364 5594 3664 5666 periturus
3693 5597 3813 5651 nisi

2144 5698 2493 5754 persuasero
2525 5684 2680 5751 quod
2733 5682 2948 5738 dicam.
3010 5684 3282 5755 Erumpit
3340 5691 3538 5739 tamen
3590 5685 3815 5754 jurata:

2141 5773 2246 5826 tibi
2282 5770 2586 5826 ﬁdelitatis
2617 5770 2875 5826 ofﬁcium
2910 5776 3076 5827 trans
3109 5773 3304 5828 minas
3338 5772 3817 5843 formidinesque
