4120 6452
341 484 483 537 1265

1360 480 1721 532 SPECIMEN
1760 480 2161 533 SAPIENTUE
2203 484 2541 539 INDORUM
2579 488 2743 539 VET.

3632 481 3772 535 1266

334 608 910 679 omnes,subigitque
934 604 1643 675 aleamjacereinfortunii
1673 603 1993 673 quantivis,
2026 606 2077 670 Α
2110 623 2239 660 rum
2274 614 2513 678 putans,
2551 628 2728 665 manu
2763 611 3119 681 prehensum
3144 609 3390 681 projecit
3413 609 3471 663 in
3495 608 3762 675 ﬂuvium,

334 702 475 755 dum
512 698 641 763 tibi,
670 697 908 752 domine
939 696 1111 765 cujus
1147 711 1245 749 ore
1275 692 1594 748 venerabili
1628 693 1871 763 spiritus
1904 692 2000 747 hic

331 804 501 844 meus
538 786 812 851 trahitur,
845 785 932 839 vel
969 801 1096 839 meo
1130 783 1303 838 exitio
1353 781 1683 847 consulam,
1738 798 1803 835 ac
1859 795 1998 853 quo‘

334 894 567 949 cunque
601 891 880 931 successu
916 874 1138 945 aperire
1164 873 1437 938 audeam,
1460 888 1587 942 qua
1623 870 1737 925 nisi
1772 889 1999 942 prauo-

329 967 507 1035 veris,
528 964 799 1020 ultimam
824 968 933 1019 ate
964 963 1189 1017 cladem
1227 962 1330 1031 (dii
1366 978 1534 1015 omen
1554 962 1995 1032 averruncentl)

331 1059 555 1111 frustra
587 1055 893 1109 conaberis
917 1051 1223 1122 depellere.
1245 1051 1369 1104 Erit
1401 1050 1609 1104 solatio
1638 1050 1999 1105 conscientia

332 1148 434 1200 tati
470 1162 646 1200 causa
677 1142 941 1213 pereunti
974 1160 987 1199 :
1036 1158 1140 1195 nec
1171 1139 1533 1211 generositas
1581 1138 1995 1209 imprudentia

330 1234 686 1305 culpabitur,
719 1233 921 1302 utique
954 1232 1363 1284 auctoritatem
1399 1232 1598 1283 secuta
1631 1228 1995 1298 sapientum,

328 1331 580 1406 quorum
642 1331 817 1400 vulgo
877 1330 1101 1383 celebre
1164 1328 1442 1399 probatur
1496 1326 1719 1381 dictum
1757 1345 1768 1380 :
1802 1327 1917 1382 Nec
1962 1344 1994 1382 θ.

327 1423 563 1478 subdito
598 1419 1061 1475 benevolentiam
1098 1416 1373 1488 principi,
1408 1433 1513 1470 nec
1547 1417 1617 1469 ab
1652 1433 1805 1486 agro
1841 1433 1993 1471 mor-

327 1515 469 1567 bum
504 1512 751 1575 medico,
786 1526 892 1564 nec
926 1527 955 1563 a
988 1523 1242 1578 paupere
1274 1507 1533 1576 inopiam
1588 1507 1750 1560 diviti
1798 1524 1831 1561 a
1862 1508 1990 1562 ~lico

331 1601 615 1656 abscondi
653 1616 910 1670 unquam
944 1602 1231 1669 oportere.
1285 1597 1485 1667 Accepi
1539 1613 1643 1665 ego
1666 1614 1698 1649 a
1729 1598 1986 1666 quodam

329 1692 442 1745 ﬁde
498 1690 697 1760 digno,
748 1694 983 1743 taurum
1020 1686 1355 1755 proceribus
1390 1685 1501 1739 sibi
1535 1685 1801 1740 obnoxiis
1836 1684 1985 1740 clam

328 1778 665 1835 convocatis
700 1776 919 1831 dixisse
955 1792 967 1828 :
1002 1774 1478 1845 Experimentum
1512 1774 1660 1844 capi
1687 1777 1779 1827 sat
1814 1774 1983 1844 longo

326 1871 447 1941 jam
473 1886 584 1923 usu
619 1866 982 1921 fortitudinis
1014 1868 1069 1917 et
1102 1864 1424 1933 prudentia
1456 1862 1662 1927 leonis,
1696 1864 1986 1933 comperi-

2115 695 2213 749 ubi
2245 699 2557 753 confestim
2591 699 2688 753 ille
2721 699 2897 754 sociis
2928 698 3238 769 gratulans
3274 697 3531 752 narravit
3557 697 3763 751 mortis

2111 801 2173 838 se
2203 784 2577 843 simulatione
2610 788 2784 843 vitam
2815 787 3155 844 redemisse.
3188 785 3763 857 Tertiusimplicitus

2110 874 2218 929 reti
2272 880 2490 931 temere
2520 877 2837 949 cespitans,
2898 894 2963 932 ac
3008 893 3248 931 sursum
3283 877 3558 931 deorsum
3594 874 3761 930 caecis

2110 964 2365 1019 motibus
2400 966 2752 1037 impingens,
2783 965 3049 1020 stultitia
3076 982 3275 1037 panas
3298 982 3415 1019 sua
3433 967 3640 1035 captus
3663 964 3761 1017 de-

2110 1053 2279 1107 dit.Si
2293 1054 2454 1108 milia
2479 1056 2733 1125 patietur
2751 1055 3021 1127 quisquis
3036 1056 3378 1109 denuntiato
3392 1052 3761 1108 indormiens

2109 1142 2388 1213 periculo,
2414 1145 2737 1215 neglexerit
2766 1144 2854 1199 vel
2886 1144 3235 1216 tempestive
3271 1147 3631 1214 pravertere,
3669 1139 3758 1195 vel

2108 1230 2352 1286 solerter
2372 1232 2609 1288 eludere
2642 1234 2891 1288 insidias
2921 1234 3035 1289 fido
3085 1233 3301 1287 indicio
3348 1230 3756 1303 pracognitas.

2176 1337 2370 1393 XVIII.
2396 1339 2659 1410 Percipio
2681 1341 2838 1410 quod
2861 1339 3033 1405 dicis,
3056 1339 3145 1394 leo
3198 1340 3305 1405 ait;
3344 1339 3445 1392 sed
3469 1353 3583 1392 non
3616 1341 3758 1407 puto

2104 1431 2338 1481 taurum
2372 1427 2515 1481 nihil
2559 1446 2591 1482 a
2624 1444 2715 1483 me
2748 1445 2989 1499 passum
3025 1427 3184 1497 mali,
3234 1427 3399 1481 dolos
3432 1432 3634 1480 contra
3665 1442 3758 1480 me

2104 1515 2317 1571 moliri.
2352 1517 2567 1571 Contra
2608 1517 2939 1587 Vestigator
2966 1534 2979 1572 :
3007 1517 3124 1572 Hoc
3147 1514 3754 1587 ipsum,inquit,nihil

2101 1621 2135 1658 a
2166 1609 2220 1659 te
2246 1606 2383 1659 mali
2420 1622 2662 1676 passum
2695 1623 2824 1661 esse
2856 1611 3112 1673 taurum,
3147 1605 3342 1676 ipsum
3393 1602 3632 1675 impulit
3680 1604 3751 1656 ad

2100 1694 2503 1749 insidiandum
2545 1696 2650 1750 tibi
2687 1713 2700 1750 :
2735 1713 2868 1750 nam
2920 1695 3087 1749 illum
3148 1712 3328 1765 supra
3377 1709 3583 1749 omnes
3612 1692 3749 1746 effe-

2100 1802 2255 1853 rens,
2288 1786 2345 1839 id
2368 1786 2560 1857 egisti,
2584 1792 2647 1840 ut
2670 1789 2726 1840 te
2748 1786 2941 1841 solum
2974 1784 3547 1856 intueretur,quippe
3572 1798 3750 1854 quem

2096 1890 2281 1927 unum
2313 1874 2554 1929 haberet
2583 1892 2763 1946 supra
2792 1892 2874 1946 se,
2904 1874 3188 1946 depositis
3229 1874 3384 1929 infra
3409 1874 3637 1928 cunctis
3660 1886 3751 1925 re-

330 1974 445 2030 que
477 1963 790 2026 utramque
825 1955 1203 2021 mediocrem,
1238 1969 1309 2007 ne
1338 1952 1625 2006 ωοάίοάῐη
1660 1969 1723 2006 ac
1756 1953 1982 2007 nuuam
2014 1968 2060 2032 Β
2094 1962 2292 2033 liquis.
2346 1963 2447 2017 Est
2491 1967 2686 2018 autem
2742 1968 2954 2019 natura
2984 1964 3389 2033 improbarum
3433 1960 3749 2028 mentium,

324 2048 523 2103 verius
551 2047 763 2101 dicam.
801 2046 877 2098 Ex
909 2043 1017 2097 hoc
1048 2043 1178 2113 ejus
1209 2042 1442 2096 exordio
1476 2041 1729 2095 divinavi
1783 2043 1981 2096 statim

326 2137 465 2207 quid
501 2134 738 2191 sceleris
771 2150 835 2187 ac
871 2131 1120 2186 monstri
1155 2129 1375 2199 reliqua
1420 2131 1740 2200 parturiret
1773 2132 1981 2185 oratio.

327 2225 565 2281 Minime
625 2222 897 2278 videlicet
953 2222 1271 2275 obscurum
1312 2223 1401 2274 est
1445 2219 1597 2273 hanc
1628 2220 1757 2289 ejus
1790 2220 1984 2291 impu-

326 2315 585 2370 dentiam
621 2330 685 2367 eo
719 2327 1119 2383 prorumpere,
1156 2313 1221 2363 ut
1244 2313 1319 2377 te,
1353 2309 1453 2379 qui
1483 2325 1616 2363 eum
1642 2310 1901 2364 extulisti
1926 2310 1984 2363 in

327 2406 507 2459 ferme
538 2419 739 2473 parem
783 2400 889 2455 tibi
937 2400 1245 2466 honorem,
1281 2398 1497 2453 nefarie
1548 2398 1862 2452 deturbare
1914 2400 1984 2453 de

325 2493 475 2549 solio
517 2491 855 2559 contendat,
901 2489 1127 2559 tibique
1159 2492 1454 2542 extortum
1488 2487 1801 2558 imperium
1838 2488 1983 2541 arri-

326 2596 483 2653 pere.
527 2580 766 2649 Oportet
821 2582 1014 2631 autem
1081 2591 1246 2645 reges
1307 2575 1503 2629 subito
1563 2592 1629 2629 ac
1689 2574 1984 2630 senserint

332 2669 649 2725 machinari
709 2666 939 2737 aliquos
1028 2680 1274 2735 regnum
1346 2664 1611 2734 ipsorum
1668 2664 1980 2733 invadere,

332 2782 742 2841 praoccupare
775 2770 1013 2819 strenue
1044 2763 1266 2817 nefaria
1297 2761 1561 2827 consilia,
1611 2761 1982 2834 dejicereque

331 2863 557 2913 mature
587 2856 862 2927 perfidos,
889 2870 991 2908 nec
1016 2852 1376 2907 committere
1404 2852 1815 2922 intempestiva
1836 2852 1980 2907 leni-

335 2951 449 3001 tate
500 2950 564 3000 ut
612 2944 1044 2999 scelestissima
1072 2941 1402 2995 molitiones
1438 2942 1642 3012 ignava
1673 2941 1979 2996 nutricata

332 3032 622 3105 patientia
653 3030 973 3085 valentium
1012 3028 1320 3100 principiis
1354 3028 1607 3092 obstare,
1641 3028 1980 3084 adolescant

326 3124 387 3178 in
412 3122 528 3176 vim
561 3121 772 3175 deinde
806 3120 1109 3189 majorem,
1160 3133 1340 3187 quam
1393 3121 1456 3170 ut
1515 3117 1566 3169 ei
1621 3120 1887 3187 apertum
1921 3119 1979 3173 in

325 3218 602 3267 conatum
635 3208 965 3278 erumpenti
998 3212 1173 3277 queat
1233 3206 1463 3260 obsisti.
1512 3205 1695 3274 Cujus
1744 3205 1981 3262 laudate

2092 2051 2408 2121 prasertim
2439 2052 2760 2107 ambitione
2783 2056 3218 2123 corruptarum,
3245 2050 3538 2123 quidquid
3561 2047 3752 2103 oculis

2090 2140 2367 2209 objicitur
2400 2140 2777 2211 splendidum
2810 2142 2973 2195 omni
3002 2142 3059 2195 vi
3092 2157 3393 2212 prensare,
3418 2156 3484 2193 ac
3515 2142 3636 2193 toto
3660 2154 3750 2193 co-

2092 2234 2231 2284 natu
2265 2229 2498 2299 insequi
2530 2234 2595 2284 ut
2625 2230 2930 2301 arripiant.
2967 2231 3047 2284 Ex
3078 2231 3185 2284 hoc
3235 2245 3450 2302 genere
3495 2232 3705 2282 taurus
3733 2244 3749 2296 ;

2090 2319 2196 2373 etsi
2241 2335 2343 2390 per
2370 2322 2531 2373 tuam
2580 2335 2879 2374 summam
2910 2319 3339 2390 indulgentiam
3372 2317 3588 2373 solium
3613 2317 3739 2386 jam

2090 2408 2272 2462 ferme
2295 2412 2463 2461 tuum
2488 2408 2999 2480 attigit,suprema
3024 2413 3135 2463 tua
3158 2407 3527 2463 auctoritatis
3564 2408 3749 2480 parti-

2090 2512 2228 2568 ceps
2258 2495 2317 2549 in
2349 2496 2531 2551 libera
2589 2513 2781 2551 rerum
2839 2497 3348 2551 administratione
3379 2497 3595 2564 factus,
3632 2516 3748 2556 non

2089 2590 2285 2640 tamen
2308 2585 2362 2639 id
2398 2584 2481 2639 illi
2515 2585 2757 2651 sufﬁcit,
2785 2586 2885 2640 sed
2908 2589 2963 2639 et
2985 2590 3038 2639 te
3055 2584 3339 2656 collegam
3362 2585 3732 2657 indignatur,

2087 2673 2367 2745 solusque
2389 2674 2635 2745 imperio
2660 2674 2832 2745 potiri
2865 2674 3250 2729 studensvias
3282 2674 3429 2729 adid
3470 2675 3741 2747 obliquas

2087 2768 2273 2835 parat,
2298 2762 2447 2817 male
2469 2763 2579 2818 sibi
2608 2763 2978 2818 consciorum
3024 2779 3183 2818 more
3230 2780 3536 2835 nunquam
3583 2771 3745 2823 recta

2087 2852 2481 2921 tendentium,
2542 2869 2647 2922 per
2704 2852 3007 2907 anfractus
3065 2868 3298 2922 semper
3338 2868 3402 2908 ac
3450 2854 3742 2912 circuitus

2087 2940 2507 3013 grassantium.
2566 2942 2645 2996 Eo
2706 2941 2959 2996 tendunt
2989 2941 3457 2997 assentationum
3502 2948 3655 2999 artes
3687 2952 3742 3000 et

2087 3030 2358 3086 affectata
2388 3029 2689 3085 simulatio
2717 3030 3005 3101 obsequii,
3039 3046 3144 3084 nec
3176 3046 3379 3101 speres
3407 3031 3732 3104 inexplebi-

2087 3119 2166 3173 lia
2198 3119 2490 3174 desideria
2520 3118 2726 3173 talium
2762 3119 2953 3174 dando
2977 3120 3361 3190 satiarezquo
3404 3120 3572 3190 plura
3604 3139 3747 3178 con-

2086 3209 2334 3278 gesseris
2370 3207 2505 3278 plus
2548 3212 2856 3279 appetunt.
2884 3208 2957 3262 Ut
2986 3208 3141 3278 ignis
3173 3209 3238 3262 fit
3269 3209 3526 3263 voratior
3557 3227 3739 3265 accu-

331 3307 511 3372 a‘tque
545 3302 615 3355 ad
649 3299 927 3371 probrum
958 3298 1015 3351 in
1048 3296 1370 3350 infortunio
1404 3296 1702 3350 vitandum
1739 3313 1979 3367 prorsus
2010 3325 2052 3389 Ο
2092 3297 2410 3352 mulatione
2441 3296 2695 3351 materia
2731 3314 2744 3364 ;
2778 3314 2883 3352 nec
2916 3302 3075 3352 recta
3100 3297 3279 3367 hujus
3339 3298 3593 3353 ﬂamma
3647 3300 3742 3355 via

325 3392 667 3449 necessaria
703 3389 995 3443 cautionis
1027 3388 1173 3442 duos
1222 3387 1514 3457 quosdam
1548 3387 1764 3456 gradus
1788 3386 1978 3453 video,

326 3481 682 3557 provisionis
714 3478 1005 3532 celeritate
1037 3477 1392 3531 differentes.
1429 3476 1594 3529 Prior
1626 3476 1810 3530 multo
1847 3481 1982 3530 ante

328 3574 571 3628 odorata
603 3566 950 3639 periculum,
985 3565 1123 3619 huic
1156 3564 1347 3618 adhuc
1380 3563 1550 3635 longe
1586 3565 1775 3635 posito
1809 3582 1979 3619 secu-

330 3679 459 3716 rum
492 3658 770 3727 effugium
805 3654 1121 3727 pravertit;
1154 3652 1339 3707 altera
1361 3653 1574 3718 cautio,
1599 3654 1837 3723 segnius
1862 3660 1980 3707 sat-

325 3767 507 3823 agens
541 3751 610 3804 ad
650 3747 938 3802 indicium
972 3743 1320 3798 insidiarum
1355 3743 1635 3813 primum,
1681 3744 1977 3799 admoveri

322 3859 387 3897 se
425 3840 568 3895 sinit
625 3835 983 3902 discrimini;
1045 3838 1318 3887 caterum
1379 3833 1436 3885 in
1496 3837 1722 3886 erctum
1781 3839 1978 3890 coacta

323 3946 560 3985 summo
592 3928 825 3981 tandem
860 3928 1070 3978 conatu
1135 3922 1385 3976 salutem
1436 3922 1685 3992 expedit.
1739 3923 1823 3976 Ab
1883 3925 1977 3978 his

322 4020 497 4074 tertia
527 4021 619 4072 est
646 4013 900 4085 ingloria
932 4011 1139 4066 classis
1177 4011 1398 4065 inertia
1432 4012 1976 4081 contemptissimae,

320 4116 575 4189 opprimi
609 4130 671 4168 se
704 4129 804 4183 per
830 4109 1285 4165 somnolentiam
1312 4108 1686 4179 patientium,
1714 4110 1973 4166 immise-

322 4206 493 4262 rabili
527 4205 680 4276 apud
714 4218 917 4257 omnes
948 4198 1303 4266 conditione,
1331 4200 1548 4270 quippe
1576 4216 1827 4269 quorum
1857 4202 1975 4255 exi-

322 4297 496 4363 tium,
530 4295 809 4349 dedecore
833 4289 1111 4345 socordia
1140 4288 1531 4355 cumulatum,
1558 4305 1726 4344 nemo
1750 4295 1837 4344 cst
1876 4291 1977 4362 qui

326 4402 440 4439 non
476 4383 621 4455 ipsis
656 4380 865 4435 merito
923 4378 1187 4433 evenisse
1247 4379 1513 4433 fate‘itur.
1564 4378 1883 4449 Imaginem
1918 4380 1975 4433 in

324 4473 593 4543 exemplo
622 4484 942 4542 proponam
978 4467 1228 4538 triplicis
1261 4466 1432 4521 istius
1465 4467 1708 4522 ordinis.
1751 4469 1978 4523 Lacuna

325 4567 449 4617 erat
480 4561 689 4625 brevis,
717 4558 873 4613 amni
896 4556 1083 4610 vicino
1109 4555 1449 4621 commissa,
1474 4556 1532 4609 in
1568 4572 1681 4626 qua
1713 4562 1831 4613 tres
1864 4559 1977 4612 ha-

324 4650 595 4706 bitabant
626 4645 936 4702 dissimilis
981 4646 1130 4699 inter
1164 4660 1224 4698 se
1268 4643 1571 4713 qualitatis
1606 4643 1815 4714 pisces.
1849 4646 1971 4699 Pri-

320 4757 454 4795 mus
487 4743 616 4794 erat
647 4733 1162 4809 prudentissimus,
1191 4733 1337 4787 alter
1368 4750 1482 4786 non
1505 4750 1747 4803 prorsus
1771 4734 1971 4801 hebes,

317 4830 528 4885 tertius
562 4825 958 4881 stolidissima
993 4827 1328 4893 compertus
1354 4821 1623 4876 inscitia.
1653 4823 1973 4880 Piscatores

318 4920 388 4973 ad
426 4919 647 4972 lacuna
673 4932 834 4970 oram
858 4913 1041 4967 auditi
1069 4914 1138 4966 ab
1162 4912 1438 4967 omnibus
1459 4915 1599 4965 sunt
1631 4929 1762 4967 eum
1784 4913 1974 4984 palam

322 5007 702 5063 condicerent
723 5005 923 5058 horam
956 5006 1176 5056 certam
1197 5018 1309 5070 qua
1332 5001 1650 5055 everriculo
1689 5002 1973 5071 piscinam

325 5101 504 5152 lotam
565 5096 991 5149 scrutarentur.
1053 5090 1404 5144 Admonitus
1437 5089 1537 5144 illa
1565 5107 1701 5145 voce
1751 5092 1976 5162 primus

325 5197 525 5269 piscis,
565 5194 893 5265 periculosa
929 5192 1120 5247 subito
1156 5192 1440 5246 excedens
1474 5192 1744 5260 statione,
1775 5191 1832 5245 in
1869 5192 1975 5246 ﬂu-

328 5290 485 5343 vium
520 5302 582 5342 se
616 5283 944 5339 transtulit.
979 5283 1285 5337 Secundus
1319 5297 1514 5335 moras
1542 5280 1736 5337 adhuc
1768 5280 1824 5335 in
1854 5281 1978 5337 loco

326 5376 525 5441 traxit,
562 5374 876 5445 quamdam
910 5372 1268 5441 voluptatem
1323 5386 1595 5439 sequens,
1630 5371 1820 5439 quoad
1851 5372 1975 5440 jam

320 5464 615 5536 expeditis
647 5462 872 5517 retibus
904 5460 1093 5514 adorti
1127 5459 1426 5528 negotium
1463 5459 1780 5528 piscatores
1813 5476 1981 5530 agere

319 5558 597 5625 ferreque
632 5554 906 5607 lacunam
933 5554 1245 5621 coeperant.
1280 5551 1443 5603 Tunc
1471 5549 1586 5615 ille,
1620 5549 1706 5603 vel
1734 5566 1862 5604 sero
1894 5567 1983 5605 sa-

322 5646 521 5717 piens,
582 5642 900 5697 intcrcluso
949 5641 1074 5709 jam
1121 5638 1277 5693 exitu
1314 5639 1368 5692 in
1407 5639 1649 5704 ﬂumen,
1686 5644 1982 5693 mortuum

323 5733 642 5802 simulans,
670 5733 987 5803 resupinus
1012 5730 1277 5797 fluitavit,
1300 5745 1573 5783 successu
1597 5734 1987 5801 strategema-

316 5829 412 5882 tie
432 5841 545 5879 non
578 5824 861 5890 infausto;
880 5837 1014 5876 nam
1037 5818 1387 5875 exstinctum
1405 5836 1535 5875 eum
1561 5836 1715 5873 unus
1736 5819 1988 5890 piscato-

2092 3391 2199 3453 est,
2233 3387 2291 3440 in
2324 3401 2559 3440 omnem
2592 3389 2817 3456 partem
2848 3386 3078 3441 fumosa
3099 3400 3228 3441 sese
3258 3387 3450 3441 vibrat
3476 3404 3540 3441 ac
3564 3388 3744 3459 repli-

2092 3480 2185 3530 cat
2218 3492 2232 3529 :
2267 3475 2350 3530 sic
2397 3474 2543 3529 istos
2592 3491 2800 3546 pravos
2831 3479 3179 3545 astutosque
3211 3475 3448 3530 assidue
3481 3476 3738 3531 circum-

2092 3570 2275 3636 agunt
2299 3564 2631 3635 caliginosa
2654 3564 2931 3635 ambages
2951 3563 3187 3619 malitia
3209 3568 3488 3620 versuta:
3514 3570 3579 3621 ut
3600 3582 3737 3621 cau-

2090 3654 2224 3708 dam
2258 3653 2421 3709 canis
2453 3659 2662 3708 natura
2695 3653 2989 3720 inﬂexam,
3016 3654 3063 3708 si
3088 3653 3223 3722 quis
3272 3652 3366 3707 ﬁlo
3404 3654 3643 3725 ligatam
3676 3656 3735 3710 in

2090 3742 2377 3797 directum
2409 3743 2753 3813 extenderit,
2783 3743 2936 3797 haud
2962 3744 3309 3798 duraturam
3344 3743 3395 3797 ei
3429 3743 3734 3798 rectitudi-

2087 3847 2219 3885 nem
2261 3830 2531 3885 tribuerit
2559 3851 2573 3895 ;
2635 3830 2736 3885 illa
2785 3833 2942 3885 enim
2975 3832 3175 3887 statim
3207 3847 3274 3887 ac
3305 3848 3367 3887 se
3400 3832 3740 3887 relaxaverit

2086 3920 2377 3975 contentio
2408 3919 2718 3987 trahentis,
2753 3918 3090 3990 obliquitati
3137 3930 3203 3975 se
3250 3921 3455 3976 reddet
3500 3922 3739 3978 innata.

2087 4008 2287 4065 Sentio
2333 4008 2486 4078 quod
2524 4007 2694 4061 initio
2728 4008 3134 4078 pravideram,
3170 4008 3325 4063 haud
3362 4010 3467 4063 tibi
3516 4011 3741 4081 placere

2086 4115 2216 4169 qua
2238 4113 2517 4153 memoro.
2550 4101 2838 4152 Caterum
2875 4112 2977 4151 nec
3010 4097 3325 4167 pharmace
3356 4104 3571 4168 agroto
3616 4099 3740 4168 pla—

2086 4192 2253 4245 cent:
2280 4193 2477 4243 tamen
2502 4188 2614 4242 nisi
2638 4204 2706 4243 ea
2727 4187 3084 4258 deglutierit,
3116 4187 3234 4241 vita
3259 4188 3488 4242 excidet
3512 4205 3523 4255 ;
3577 4194 3739 4243 eate-

2089 4295 2318 4348 nusque
2349 4276 2433 4333 illi
2493 4276 2811 4332 benevolus
2864 4281 2951 4330 est
2995 4275 3281 4343 medicus,
3317 4281 3610 4347 quatenus
3644 4277 3737 4331 in-

2086 4372 2254 4439 grata
2282 4366 2568 4438 pracipit,
2593 4366 2791 4436 qualia
2822 4365 3121 4436 languenti
3143 4365 3404 4421 salubria
3422 4366 3547 4421 sola
3572 4372 3736 4420 sunt.

2090 4464 2166 4511 Ac
2198 4458 2281 4513 sic
2312 4456 2462 4511 habe
2511 4455 2800 4526 optimum
2833 4470 2962 4509 esse
2994 4454 3315 4519 subditum,
3348 4454 3448 4525 qui
3514 4473 3623 4509 non
3661 4456 3731 4509 ad

2089 4548 2343 4619 gratiam
2401 4544 2619 4613 servit;
2680 4546 2932 4599 amicum
2994 4544 3092 4612 qui
3142 4542 3331 4609 utilia,
3369 4561 3483 4598 non
3520 4543 3738 4599 blanda

2086 4634 2370 4701 consulit;
2405 4634 2703 4704 negotium
2764 4633 2919 4703 quod
2980 4631 3133 4686 felici
3190 4632 3347 4686 exitu
3405 4631 3733 4699 clauditur;

2086 4725 2477 4794 laudemiqua
2510 4740 2543 4777 a
2573 4721 2742 4777 bonis
2773 4722 2982 4789 datur;
3013 4721 3336 4792 principem
3365 4720 3739 4791 prasidentia

2087 4830 2200 4868 non
2234 4812 2573 4883 turgidum;
2626 4810 2866 4865 divitem
2912 4826 3027 4864 non
3062 4809 3240 4863 nimis
3272 4813 3565 4863 attentum
3615 4808 3736 4875 rei;

2085 4902 2344 4958 sodalem
2371 4919 2485 4957 non
2527 4900 2983 4956 contentiosum.
3018 4900 3243 4954 Dicitur
3262 4903 3318 4954 et
3336 4899 3444 4953 hoc
3470 4899 3641 4969 vulgo
3673 4915 3739 4953 ac

2084 5008 2238 5061 vere,
2271 4989 2589 5062 optabilius
2621 5006 2751 5045 esse
2780 5005 2962 5059 supra
2993 5004 3215 5060 prunas
3254 4988 3453 5042 cinera
3480 4992 3738 5059 opertas,

2086 5085 2188 5135 aut
2218 5097 2393 5150 super
2423 5079 2650 5150 viperas
2681 5078 2971 5143 incedere,
2999 5093 3178 5148 quam
3211 5077 3423 5131 habere
3449 5077 3509 5131 in
3531 5081 3738 5132 contu-

2087 5170 2291 5225 bernio
2322 5167 2705 5223 insidiantem
2738 5167 2867 5222 vita
2899 5183 3038 5221 sua.

2159 5275 2298 5331 XIX.
2335 5276 2463 5330 Hac
2492 5290 2705 5345 magno
2731 5273 2938 5328 ardore
2982 5272 3370 5327 disserentem
3402 5272 3738 5345 Vestigato-

2091 5383 2211 5422 rem
2248 5366 2485 5420 intuens
2516 5363 2739 5434 placide
2765 5362 2852 5417 leo
2887 5360 3446 5417 Benevolentissime
3496 5369 3558 5417 tu
3609 5364 3738 5433 qui-

2093 5458 2247 5521 dem,
2281 5455 2385 5521 ait,
2406 5469 2607 5508 verum
2632 5453 2814 5507 cruda
2840 5452 3106 5522 quadam
3126 5454 3181 5506 et
3207 5452 3413 5506 auditu
3448 5452 3596 5506 dura
3626 5451 3740 5506 ista

2093 5561 2406 5601 memoras.
2441 5542 2551 5597 Sed
2597 5542 2805 5597 demus
2832 5541 2914 5595 ita
2939 5556 3067 5597 esse
3099 5541 3170 5595 de
3199 5545 3391 5607 tauro,
3436 5545 3501 5594 ut
3557 5540 3738 5594 refers

2094 5642 2288 5689 tamen
2332 5633 2641 5687 herbivora
2662 5629 2845 5685 bestia
2866 5629 3004 5699 quid
3034 5646 3241 5685 nocere
3267 5628 3412 5683 mihi
3435 5629 3737 5683 carnivoro

2096 5722 2345 5796 poterit?
2371 5722 2593 5776 Natura
2622 5719 2787 5775 illum
2815 5737 2960 5775 mea
2992 5719 3141 5791 gula
3180 5716 3521 5788 vectigalem
3554 5717 3689 5771 fecit
3722 5736 3736 5773 :

2099 5831 2224 5887 ego,
2257 5812 2373 5868 nisi
2404 5811 2632 5867 Iactura
2690 5812 2825 5865 ﬁam
2858 5814 2960 5865 aut
2992 5809 3201 5876 malva,
3235 5809 3435 5863 dentes
3466 5806 3626 5861 illius
3660 5807 3736 5861 tie
