4120 6392
351 471 375 524 1
385 471 488 524 267

1872 458 2255 518 APPENDIX.

3640 464 3779 520 1268

350 611 509 649 mere
544 612 655 651 non
690 596 889 649 debeo.
924 594 1027 649 Hic
1062 595 1396 663 Vestigator
1421 608 1432 645 :
1460 591 1540 646 Ne
1580 604 1757 656 erres,
1792 588 2009 657 inquit,
2043 590 2094 654 Α
2132 586 2441 656 praeferens
2476 586 2930 640 mcestitudincm
2965 585 3161 641 vultus
3193 590 3247 642 et
3278 587 3496 643 indicia
3538 590 3782 661 aegritu-

348 684 610 751 domine,
646 685 800 738 haud
853 683 1103 737 solidam
1164 682 1340 736 habet
1399 682 1587 735 basim
1619 681 1733 734 ista
1765 678 2009 731 fiducia.

351 773 516 829 Ultro
548 774 733 828 fateor
764 776 997 825 taurum
1051 776 1155 841 per
1202 786 1264 825 se
1318 770 1472 825 haud
1526 769 1801 823 idoneum
1851 768 1921 821 ad
1957 772 2011 821 te

351 863 788 919 deturbandum
836 877 964 915 esse
1016 866 1217 914 verum
1245 860 1399 930 quod
1429 872 1530 931 per
1556 875 1617 913 se
1650 866 1763 912 non
1798 856 2009 928 potest,

351 962 455 1024 per
486 950 629 1005 alios
662 951 865 1015 faciet;
902 954 1002 1003 aut
1033 950 1102 1003 de
1148 950 1435 1003 industria
1494 948 1794 1003 concitans
1849 948 1903 1000 in
1960 950 2012 1000 te

353 1040 663 1113 populum,
686 1040 787 1092 aut
807 1038 1173 1093 occasionem
1206 1037 1507 1093 rebellioni
1536 1036 1822 1107 praebens,
1851 1034 2010 1091 odio-

358 1145 490 1183 sum
557 1132 610 1181 te
671 1128 989 1181 reddendo.
1041 1128 1204 1181 Sicut
1238 1126 1559 1196 aliquando
1594 1125 1767 1197 pulex
1822 1125 2014 1179 acrius

357 1232 630 1287 pungens
660 1215 918 1286 sopitum
954 1216 1254 1271 hominem
1288 1231 1467 1269 causa
1518 1214 1799 1285 pereundi
1851 1212 2014 1285 pedi-

362 1307 492 1361 culo
527 1306 819 1374 l'uitjuxta
854 1305 1047 1375 ipsum
1102 1305 1427 1359 modestius
1477 1322 1542 1359 ex
1592 1304 1795 1359 eodem
1840 1302 2017 1357 ubere

366 1394 621 1465 augenti.
664 1394 999 1465 Experrccti
1030 1394 1187 1448 enim
1224 1411 1433 1449 manus
1468 1412 1532 1449 eo
1556 1410 1863 1449 aceurrens
1901 1409 2016 1463 quo

364 1500 573 1539 sensus
595 1484 813 1539 doloris
838 1484 1033 1549 traxit,
1059 1484 1311 1554 pulicem
1364 1483 1601 1555 quidem
1655 1481 1827 1537 celeri
1861 1483 2015 1536 saltu

366 1572 694 1628 evolantem
730 1573 1018 1644 corripere
1074 1590 1189 1627 non
1223 1573 1431 1643 potuit,
1484 1572 1663 1626 alium
1699 1570 1863 1625 illum
1897 1577 2018 1624 tar-

366 1665 612 1730 diorem,
640 1680 746 1718 nec
780 1680 1013 1718 morsus
1037 1676 1308 1717 somnum
1335 1662 2016 1727 excutientisauctorem,

366 1753 535 1808 alinaa
566 1752 793 1823 injuriae
828 1752 1057 1823 piaculo
1093 1752 1390 1807 mactavit.
1432 1753 1493 1806 In
1527 1768 1755 1807 summa
1789 1751 1874 1805 sic
1904 1750 2019 1805 col-

370 1842 525 1913 ligo:
553 1842 944 1912 peregrinanti
978 1854 1080 1912 per
1126 1841 1390 1912 ignotam
1424 1842 1719 1912 regionem
1762 1838 2022 1895 certissi-

2122 675 2278 729 dinis
2312 675 2588 741 ingentis.
2633 675 2895 746 EXceptit
2928 676 3098 730 illum
3135 694 3236 747 pro
3271 678 3442 731 Veteri
3494 678 3777 748 amicitia,

2121 780 2261 817 sane
2296 762 2687 833 familiariter,
2722 763 2868 818 nihil
2924 764 3150 821 sinistri
3187 768 3497 838 suspicans
3532 776 3775 826 taurus:

2122 861 2300 916 Ileusl
2330 866 2414 926 tu,
2436 862 2780 932 inquiens,o
2806 858 3088 929 bone,ubi
3113 865 3341 919 tantum
3368 870 3457 919 est
3483 867 3782 922 moratus?

2121 951 2397 1007 sreculum
2429 955 2518 1006 est
2550 962 2618 1005 ex
2650 969 2765 1022 quo
2812 950 3058 1008 invicem
3094 970 3208 1008 non
3241 950 3536 1021 vidimus;
3573 956 3674 1010 sed
3707 973 3773 1011 eo

2123 1052 2213 1096 me
2246 1039 2518 1096 consolor
2558 1042 2713 1112 quod
2766 1047 3164 1112 quzestuosam
3222 1043 3324 1098 tibi
3370 1044 3550 1099 fuisse
3603 1056 3779 1101 meras

2123 1148 2361 1185 causam
2388 1148 2574 1201 spero.
2603 1130 2703 1185 Dic
2728 1132 2940 1202 agesis,
2965 1133 3099 1201 quid
3127 1133 3200 1187 ab
3225 1132 3432 1189 ultimo
3459 1151 3779 1207 congressu

2126 1226 2325 1275 nostro
2359 1221 2621 1275 lucratus
2653 1219 2788 1275 boni
2824 1221 2924 1275 es?
2977 1223 3060 1276 Ad
3113 1240 3178 1276 ea
3228 1222 3579 1293 Vestigator,
3616 1222 3778 1279 nullo

2125 1309 2314 1365 arrisu
2346 1309 2647 1364 tristitiam
2700 1315 3031 1382 temperans
3059 1328 3071 1364 :
3096 1311 3241 1365 Nam
3261 1312 3427 1383 quid,
3452 1314 3551 1379 ait,
3587 1319 3782 1385 potest

2125 1400 2253 1455 boni
2278 1399 2617 1471 contingere
2651 1399 2957 1453 arbitrium
3004 1400 3093 1455 sui
3130 1416 3242 1455 non
3277 1401 3536 1468 habenti,
3577 1404 3676 1457 sed
3711 1421 3781 1458 ex

2127 1489 2348 1543 domini
2379 1490 2706 1561 arrogantis
2725 1496 2781 1543 et
2808 1490 2971 1545 infidi
3000 1495 3141 1545 nutu
3170 1491 3430 1547 instabili
3455 1510 3781 1565 suspensas

2124 1580 2254 1632 vitai
2279 1596 2342 1633 ac
2365 1581 2555 1634 status
2574 1580 2785 1633 misere
2803 1579 3057 1634 trahenti
3083 1580 3377 1635 rationes?
3403 1581 3561 1636 Bona
3584 1583 3781 1649 verba,

2124 1674 2333 1723 taurus
2384 1668 2604 1739 inquit;
2636 1676 2705 1722 an
2742 1686 2953 1740 passus
2983 1687 3044 1725 es
3095 1669 3314 1740 aliquid
3352 1672 3505 1742 quod
3542 1671 3726 1727 nolles
3754 1670 3781 1726 ?

2127 1766 2233 1819 ede
2264 1766 2401 1833 quid
2424 1781 2585 1819 novas
2609 1765 2688 1819 rei
2733 1769 2843 1820 est.
2880 1765 2981 1820 Hic
3023 1764 3393 1838 Vestigator:
3425 1767 3565 1831 Quis
3600 1769 3782 1851 vitare

2129 1860 2305 1924 queat
2338 1854 2498 1908 fatali
2531 1854 2877 1909 necessitate
2938 1856 3219 1927 ingruens
3279 1855 3521 1926 malum,
3557 1864 3657 1911 aut
3688 1856 3782 1912 cu‘

376 1933 489 1985 mis
523 1930 870 2003 pignoribus
913 1931 1123 1985 debere
1154 1936 1419 1986 constare
1449 1930 1521 1985 de
1555 1930 1667 1984 ﬁde
1697 1945 1763 1983 ac
1795 1928 2017 1983 sincera

2131 1944 2334 1998 aulicee
2367 1943 2667 1999 servitutis
2725 1944 2783 1997 in
2845 1934 3086 2016 obsequi
3148 1945 3478 2017 principum
3528 1945 3785 2001 trahenti

376 2019 779 2075 benevolentia
807 2020 937 2091 eius
958 2020 1052 2075 cui
1076 2036 1139 2075 se
1160 2020 1524 2075 (luctandum
1550 2018 1744 2072 tradit.
1774 2021 2020 2072 Persua-

377 2126 481 2164 sus
507 2108 595 2164 his
631 2110 1009 2165 sermonibus
1050 2110 1135 2163 leo
1163 2125 1174 2164 ε
1202 2109 1349 2174 Quid
1374 2108 1574 2179 igitur,
1610 2107 1821 2177 inquit,
1848 2122 2023 2177 agen-

377 2202 515 2253 dum
562 2200 692 2253 est?
732 2198 837 2254 Qui
887 2198 1223 2269 Vestigator
1254 2215 1268 2253 :
1304 2198 1456 2252 Dens
1508 2197 1876 2268 putrefactus
1907 2206 2021 2250 non

372 2290 539 2342 aliter
575 2288 765 2342 curari
815 2304 991 2358 quam
1024 2286 1322 2342 evulsione
1371 2292 1578 2357 potest,
1612 2291 1667 2339 et
1698 2286 1865 2340 cibus
1897 2302 2022 2339 cor-

371 2383 579 2447 l'tlptus
609 2392 859 2447 gravans
892 2376 1284 2443 stomachum,
1329 2376 1439 2430 nisi
1492 2374 1710 2429 vomitu
1765 2374 2020 2445 ejicitur,

366 2464 595 2522 occidit.
631 2465 833 2519 Dicam
866 2464 1045 2535 igitur
1090 2470 1280 2530 tauro,
1317 2465 1403 2519 leo
1443 2464 1659 2534 inquit,
1698 2468 1759 2517 ut
1792 2464 2024 2518 recedat

364 2571 479 2626 quo
511 2553 745 2609 libitum
778 2555 972 2608 fuerit.
998 2556 1212 2624 Apage,
1240 2553 1320 2607 ait
1350 2552 1684 2623 Vestigator
1724 2554 2020 2623 (metuens

369 2662 439 2699 ne
473 2650 791 2715 congressu
826 2644 975 2697 lauri
1000 2648 1132 2697 cum
1156 2642 1320 2697 leone
1343 2659 1451 2697 sua
1479 2642 1705 2697 malitia
1723 2642 2019 2712 detegere-

368 2734 512 2803 tur),
533 2749 669 2787 cave
685 2732 913 2787 feceris.
939 2732 1041 2786 llle
1068 2732 1286 2802 quippe
1310 2732 1411 2786 tali
1444 2736 1545 2785 tuo
1573 2746 1844 2786 sermone
1886 2748 2019 2787 sen-

367 2825 517 2878 tiens
564 2822 899 2877 suboluisse
949 2821 1054 2875 tibi
1107 2821 1406 2892 quidpiam
1432 2822 1501 2875 de
1523 2822 1755 2876 arcanis
1786 2822 1914 2891 ejus
1962 2822 2020 2875 in

372 2920 430 2969 te
463 2912 890 2978 molitionibus,
926 2912 1261 2983 properabit
1317 2912 1554 2981 exsequi
1589 2912 1743 2981 quod
1800 2912 2019 2966 sensim

370 3002 1008 3071 machinabaturtquaa
1042 3016 1221 3055 causa
1269 3000 1763 3072 prndentissimis
1816 3016 2021 3072 regum

369 3096 481 3159 est,
517 3089 746 3162 publice
770 3090 1005 3160 quidem
1032 3090 1315 3161 puniendi
1345 3090 1535 3161 palam
1570 3090 1863 3145 convictos
1896 3106 2023 3145 sce-a

369 3179 581 3245 lerum,
631 3183 963 3249 compertos
1024 3183 1220 3234 autem
1284 3178 1603 3234 coitionum
1659 3176 2019 3233 occultarum

369 3273 518 3324 clam
547 3270 617 3323 de
651 3268 843 3323 medio
878 3268 1133 3324 tollendi.
1169 3270 1369 3339 Atqui,
1404 3267 1837 3339 responditleo,
1864 3268 2017 3339 prin-

366 3376 502 3430 ceps
524 3359 618 3429 qui
651 3374 718 3413 ex
750 3358 1086 3428 suspicione
1122 3331 1484 3429 supplicium
1505 3331 1914 3427 repraesentat,
1965 3358 2014 3412 si
2048 3331 2089 3396 (ἶ

372 3453 574 3517 postea
594 3447 890 3501 enotuerit
917 3446 1041 3500 sine
1062 3453 1241 3500 caiisa
1272 3452 1615 3516 suspectum
1642 3444 1823 3500 tuisse
1853 3461 2023 3515 quem

371 3536 522 3590 male
556 3534 891 3601 mutaverit,
922 3550 1199 3603 magnam
1249 3534 1552 3604 injustitiae
1601 3535 1826 3589 subibit
1880 3534 2023 3588 invi-

367 3625 547 3678 diam.
582 3624 662 3678 Ne
694 3623 963 3677 timueris
1007 3623 1117 3677 hoc
1184 3624 1447 3693 quidem,
1498 3625 1727 3694 reponit
1761 3624 2023 3694 Vestiga-

369 3719 487 3777 tor;
521 3719 639 3765 tam
668 3710 843 3765 certis
876 3711 1031 3765 enim
1062 3712 1274 3767 indicis
1298 3714 1449 3767 tauri
1481 3712 1767 3767 malitiam
1795 3712 2024 3783 perspi-

371 3802 511 3867 cies,
548 3804 611 3854 ut
643 3800 967 3870 periculum
1021 3800 1249 3855 nullum
1285 3803 1362 3857 sit
1393 3820 1463 3857 ne
1497 3802 1543 3855 is
1588 3803 2025 3858 circumventus

372 3905 476 3960 per
504 3887 867 3943 calumniam
900 3890 1080 3944 videri
1124 3892 1400 3962 cuiquam
1435 3891 1638 3962 possit.
1676 3892 1823 3946 Voca
1855 3895 2025 3947 modo

375 3977 542 4033 illum
576 3982 632 4033 et
679 3980 925 4033 observa
973 3984 1156 4035 nutus
1200 3983 1329 4050 ejus
1379 3983 1737 4051 obtutusque
1772 3998 1784 4034 :
1819 3984 2022 4053 depre-

372 4068 594 4123 hendes
627 4067 785 4123 vultu
822 4068 1128 4139 pallidum,
1172 4075 1515 4125 trementem
1567 4072 1706 4125 totis
1757 4074 2023 4140 artubus,

370 4158 593 4211 incerto
630 4158 766 4211 laeva
799 4159 1119 4228 dextraque
1144 4159 1599 4229 circumspectu,
1634 4166 1794 4213 motu
1830 4160 2024 4215 inten-

372 4252 553 4316 tuque
583 4263 870 4300 cornuum
902 4252 1133 4301 tantum
1171 4265 1283 4302 non
1326 4249 1479 4302 clare
1509 4250 1847 4318 prodentem
1884 4248 2021 4319 quid

370 4336 610 4390 sceleris
633 4336 829 4390 animo
857 4337 1165 4407 parturiat.
1199 4337 1253 4390 Si
1290 4336 1411 4391 haec
1444 4354 1570 4408 quae
1605 4338 1774 4399 dicis,
1806 4338 1887 4391 ait
1912 4336 2021 4405 leo,

369 4426 537 4494 signa
582 4426 834 4489 videam,
886 4424 1117 4496 plenam
1154 4427 1326 4480 fidem
1361 4427 1618 4482 tribuam
1662 4427 1851 4481 verbis
1885 4428 2021 4479 tuis.

368 4514 614 4569 Volebat
633 4514 726 4569 his
751 4513 970 4568 auditis
991 4514 1320 4585 Vestigator
1344 4517 1505 4569 adire
1530 4522 1763 4570 taurum
1798 4516 1866 4569 ad
1904 4515 2023 4568 dis-

375 4604 711 4675 ponendum
744 4619 878 4657 eum
915 4607 1089 4674 prout
1120 4621 1266 4673 opus
1298 4610 1442 4671 erat,
1477 4604 1709 4674 injectis
1734 4603 2023 4674 suspicio-

2126 2034 2365 2104 jugum,
2394 2038 2506 2087 non
2542 2033 2734 2087 evenit
2779 2033 3049 2104 denique,
3086 2032 3207 2088 vice
3240 2028 3461 2105 praemii
3488 2033 3786 2102 laborum,

2132 2123 2339 2193 ingens
2370 2116 2716 2176 calamitas?
2745 2110 2888 2175 Nam
2944 2122 3037 2177 isti
3100 2123 3338 2192 superbi
3372 2124 3619 2191 domini,
3653 2126 3785 2182 suis

2132 2214 2301 2266 unice
2332 2198 2539 2264 intenti
2570 2212 2919 2277 commodis,
2943 2210 3087 2265 alios
3119 2211 3381 2282 aliosque
3406 2212 3780 2269 subditorum

2130 2299 2551 2370 caperiuntur;
2597 2316 2809 2371 eosque
2842 2300 2940 2354 ubi
3000 2316 3068 2353 ex
3099 2299 3180 2355 eis
3215 2301 3580 2371 perceperint
3620 2302 3777 2371 quod

2121 2389 2311 2459 juvat,
2337 2386 2585 2443 miseros
2617 2388 3043 2443 obliviscuntur
3076 2389 3451 2459 abjectosque
3473 2394 3788 2461 spernunt,

2132 2476 2276 2531 nihil
2311 2476 2477 2548 pensi
2502 2475 2808 2543 habentes,
2836 2474 2985 2531 male
3007 2494 3082 2531 an
3105 2478 3251 2532 bene
3274 2483 3487 2548 agatur
3521 2494 3645 2532 cum
3677 2478 3789 2532 mi-

2130 2564 2333 2621 nistris
2365 2566 2683 2631 veteribus,
2718 2567 2859 2620 dum
2896 2566 3358 2638 novisuppctant
3391 2566 3487 2637 qui
3513 2566 3793 2623 suasiliis

2131 2656 2445 2711 conﬁciant
2501 2652 2868 2726 Voluptates;
2928 2654 3155 2710 similes
3202 2657 3579 2711 meretricum
3626 2657 3790 2711 inex-

2132 2744 2298 2817 pletas
2319 2743 2604 2814 libidinis,
2646 2762 2771 2816 quae
2792 2744 2937 2799 alios
2966 2749 3139 2815 atque
3158 2742 3326 2811 alios,
3356 2744 3598 2800 l'aiiditis
3627 2762 3784 2800 sem-

2132 2842 2232 2905 per
2264 2834 2577 2905 prioribus,
2612 2839 2905 2889 amatores
2961 2838 3282 2905 appetunt;
3343 2840 3443 2889 aut
3476 2836 3787 2907 magistro-

2130 2934 2259 2979 rum
2285 2941 2519 2994 operam
2549 2923 3080 2978 docendimercede
3098 2924 3497 2991 vendentium,
3526 2941 3780 2996 quorum

2132 3031 2314 3068 unum
2336 3018 2531 3070 votum
2556 3020 2645 3067 est
2669 3013 2908 3085 plenum
2936 3013 3123 3067 videre
3156 3011 3252 3067 lud
3274 3026 3366 3067 um
3394 3013 3612 3068 afﬁnxu
3641 3028 3785 3085 pras-

2128 3100 2481 3158 textatorum
2521 3101 2799 3158 minerval
2839 3102 3170 3170 ferentium,
3198 3103 3787 3175 securissimisipsis,

2130 3196 2439 3267 proﬁciant
2494 3210 2674 3249 necne
2732 3193 2917 3265 pueri,
2960 3196 3061 3247 aut
3093 3193 3333 3248 omnino
3382 3193 3522 3264 quid
3556 3193 3626 3249 iis
3661 3194 3786 3264 liat,

2131 3290 2231 3349 ubi
2266 3291 2609 3347 recesserint
2660 3290 2995 3345 mercedula
3035 3290 3610 3346 numerat-Lilzecita
3644 3309 3782 3347 con-

2130 3382 2375 3436 lidenter
2396 3387 2588 3435 tecum
2626 3378 2855 3434 fabulor
2887 3378 3068 3435 fretus
3098 3380 3273 3434 veteri
3301 3380 3580 3448 amicitia,
3629 3385 3683 3436 et
3737 3380 3788 3437 si

2131 3471 2321 3525 dicere
2355 3487 2446 3524 me
2478 3470 2646 3537 sinis,
2672 3470 3009 3525 conscentia
3035 3468 3295 3523 benevoli
3325 3469 3527 3537 officii,
3583 3488 3697 3541 quo
3730 3475 3786 3526 te

2132 3562 2188 3617 in
2222 3560 2407 3615 leonis
2432 3560 2677 3630 gratiam
2704 3556 3019 3626 insinuavi,
3044 3576 3342 3630 causaque
3367 3560 3472 3613 tibi
3500 3559 3580 3613 fui
3605 3559 3787 3631 hujus

2132 3668 2248 3721 qua
2303 3650 2525 3704 emines
2582 3644 2873 3720 potentias,
2910 3658 3087 3720 quam
3148 3648 3370 3703 utinam
3408 3640 3514 3703 tibi
3562 3653 3787 3704 certam

2134 3741 2547 3811 propriamque
2574 3740 2655 3793 dii
2689 3744 2955 3806 servent;
3021 3738 3210 3793 nescis
3264 3739 3419 3792 enim
3455 3743 3674 3809 quanto
3726 3740 3788 3795 in

2135 3829 2392 3899 periculo
2413 3828 2686 3893 verseris,
2711 3830 2880 3898 cujus
2914 3845 3019 3899 ego
3057 3828 3332 3883 conscius
3363 3828 3551 3882 celare
3582 3833 3638 3883 te
3671 3846 3789 3883 non

2137 3936 2375 3991 possum
2410 3917 2570 3973 salva
2601 3915 3059 3972 necessitudinis
3092 3908 3228 3971 fide.
3263 3918 3355 3971 Sic
3390 3914 3570 3988 igitur
3617 3914 3791 3982 habe,

2134 4013 2497 4077 compertum
2533 4006 2675 4059 mibi
2726 4022 2793 4059 ex
2851 4010 2997 4059 teste
3050 4008 3263 4070 aurito,
3314 4004 3599 4060 excidisse
3635 4004 3789 4061 leoni

2135 4098 2287 4167 apud
2323 4095 2642 4150 familiares
2675 4095 2820 4149 hanc
2852 4110 3049 4150 vocem
3086 4112 3097 4150 :
3132 4094 3315 4150 Cerno
3342 4096 3494 4149 hunc
3514 4102 3786 4150 nostrum

2137 4191 2366 4240 taurum
2404 4184 2799 4255 przspinguem
2822 4185 2945 4254 jam
2973 4198 3123 4251 esse,
3152 4200 3457 4255 nunquam
3481 4182 3788 4255 tempesti-

2134 4274 2256 4327 vior
2278 4273 2345 4326 ad
2382 4272 2587 4343 epulas
2622 4273 2795 4327 fuerit
2826 4290 2838 4328 :
2872 4273 2998 4329 volo
3030 4290 3165 4328 eum
3200 4275 3645 4345 quamprimum
3682 4275 3779 4328 de-

2133 4378 2354 4416 vorare.
2381 4360 2589 4415 I'Iorrui
2623 4364 2850 4430 auditu,
2886 4363 3176 4419 miserans
3205 4364 3379 4418 amici
3417 4367 3633 4417 sortem
3689 4380 3789 4419 ao-

2134 4450 2408 4520 currique
2442 4450 2511 4505 ad
2546 4457 2620 4519 te,
2656 4455 2720 4505 ut
2753 4454 3150 4507 communiter
3206 4453 3517 4506 videamus
3576 4453 3789 4523 sequid

2133 4540 2389 4609 expediri
2424 4539 2651 4595 consilii
2687 4542 2872 4611 possit
2901 4542 3062 4597 utilis
3090 4543 3161 4597 ad
3190 4542 3413 4597 cladem
3442 4549 3791 4613 praeverten-

2134 4630 2291 4683 dam.
2326 4629 2745 4696 Conturbatus,
2800 4636 2861 4684 ut
2910 4647 3013 4700 par
3038 4637 3181 4697 erat,
3216 4631 3316 4684 tali
3353 4646 3622 4685 sermone
3656 4635 3785 4685 tau-

370 4694 544 4747 nibus
571 4697 627 4746 et
656 4692 773 4746 odii
805 4692 1132 4747 seminibus
1164 4692 1223 4747 in
1257 4694 1523 4761 leonem;
1558 4694 1657 4747 sed
1693 4693 1800 4748 hoc
1838 4695 2023 4748 facere
2059 4707 2101 4769 D
2138 4736 2235 4773 rus
2270 4736 2281 4772 ε
2316 4720 2463 4782 Quid
2498 4719 2601 4774 feci
2634 4692 2741 4774 aut;
2795 4692 2936 4790 quia
2970 4719 3086 4773 dixi
3140 4692 3336 4786 miser,
3372 4719 3586 4790 inquit,
3623 4721 3781 4790 quod

370 4784 496 4838 sine
524 4781 882 4837 conscientia
926 4798 1337 4855 consensuque
1383 4783 1565 4838 leonis
1596 4799 1709 4837 non
1743 4782 2015 4850 audebat,

368 4888 441 4926 ne
474 4872 619 4926 forte
651 4870 885 4926 aliunde
917 4871 1289 4927 innotescens
1332 4872 1415 4925 illi
1448 4872 1880 4926 clandestinum
1913 4873 2017 4927 de-

366 4960 566 5016 latoris
586 4976 718 5015 cum
744 4960 937 5015 delato
968 4960 1350 5032 colloquium,
1384 4962 1609 5016 fraudis
1642 4970 1707 5016 ac
1738 4960 2013 5017 collusio-

368 5050 459 5103 nis
491 5053 644 5104 inter
686 5052 848 5121 ipsos
889 5050 1289 5120 Suspicionem
1343 5056 1620 5119 moveret,
1681 5057 1781 5106 aut
1836 5053 2013 5106 aliam

367 5136 622 5207 aliquam
680 5139 835 5191 viam
900 5138 1181 5208 panderet
1242 5138 1471 5192 technis
1503 5139 1736 5193 artificii
1772 5138 2013 5210 maligni

361 5225 723 5293 detegendis.
758 5225 845 5279 Ait
884 5225 1070 5297 igitur
1121 5226 1299 5281 nimis
1333 5227 1571 5282 credulo
1605 5227 1757 5283 leoni
1790 5244 1803 5284 :
1838 5229 2009 5296 Quin,

356 5312 615 5380 domine,
650 5314 696 5367 si
725 5314 922 5383 jubes,
959 5316 1305 5369 conveniam
1346 5333 1451 5387 ego
1488 5319 1613 5387 ipse
1649 5318 2011 5373 machinato-

359 5418 477 5455 rem
519 5401 815 5467 fraudum,
851 5402 1308 5473 observaboque,
1355 5410 1411 5460 et
1460 5405 1688 5459 eliciam
1722 5406 1868 5459 forte
1902 5405 2012 5459 ali-

361 5493 515 5560 quod
580 5489 863 5545 indicium
924 5492 1333 5548 abstrusorum
1383 5496 1511 5565 ejus
1553 5511 1860 5549 sensuum.
1891 5497 2012 5567 Age

370 5579 733 5650 sane,inquit
763 5578 873 5642 leo,
901 5580 1316 5649 explorataque
1341 5585 1411 5638 ad
1448 5600 1551 5639 nos
1586 5583 1735 5639 refer
1757 5600 1884 5654 quae
1910 5585 2010 5639 de-

360 5668 762 5734 prehenderis.

432 5792 558 5845 XX.
585 5784 705 5846 Sub
727 5792 846 5845 haec
865 5789 1005 5844 adiit
1026 5784 1367 5853 Vestigator
1394 5798 1652 5863 taurum,
1675 5790 2005 5854 ail‘ectatam

2130 4809 2269 4863 talia
2303 4809 2373 4863 de
2401 4827 2492 4863 me
2525 4810 2818 4880 cogitandi
2855 4799 3076 4863 ansam’
3097 4813 3197 4863 aut
3230 4814 3573 4879 praetextum
3627 4810 3782 4864 leoni

2130 4899 2478 4969 praebiterit?
2513 4915 2722 4969 nempe
2753 4899 2838 4952 ha}
2872 4898 3009 4953 sunt
3040 4902 3193 4954 artes
3225 4898 3631 4969 improborum
3678 4900 3785 4969 qui

2129 5014 2219 5052 me
2248 4996 2411 5051 falsis
2432 4998 2582 5068 apud
2610 5014 2741 5052 eum
2764 4996 3111 5051 criminibus
3135 4990 3781 5067 infamaverint.Suspi-

2124 5086 2301 5140 cabar
2322 5086 2677 5155 jamdudum
2711 5085 2989 5140 invidiam
3041 5084 3434 5157 malignorum
3472 5102 3618 5155 quos
3652 5102 3785 5141 mea

2128 5174 2377 5229 l'climtas
2406 5175 2630 5241 urebat,
2668 5191 2771 5228 nec
2805 5174 3053 5229 obscura
3086 5174 3288 5229 horum
3322 5175 3521 5231 livoris
3552 5174 3775 5231 indicia

2130 5264 2343 5318 notavi.
2380 5264 2771 5334 Nunquamne
2806 5262 2876 5318 ab
2912 5264 3143 5320 insidiis
3190 5264 3612 5320 sceleratorum
3646 5270 3777 5323 tuta

2124 5354 2233 5407 erit
2288 5352 2665 5408 innocentia?
2713 5348 2863 5408 Tum
2914 5353 3286 5425 Vestigaior:
3324 5355 3517 5421 Erras,
3554 5355 3773 5427 inquit,

2124 5444 2260 5496 dum
2297 5442 2441 5497 alios
2464 5458 2723 5497 accusas.
2760 5443 2904 5497 Tota
2938 5444 2991 5497 in
3026 5443 3189 5497 leone
3222 5443 3393 5513 culpa
3424 5450 3530 5498 est.
3556 5446 3773 5513 Scires,

2123 5531 2170 5586 si
2205 5548 2339 5586 eum
2374 5548 2600 5601 nosses,
2637 5537 2827 5586 utnos
2861 5532 2953 5603 qui
2990 5533 3215 5587 diutius
3257 5532 3408 5603 apud
3462 5533 3619 5589 hunc
3659 5534 3774 5589 fui-

2123 5636 2274 5675 mus.
2308 5620 2489 5676 Crede
2540 5620 2672 5675 lidis
2704 5626 2759 5675 et
2791 5620 3065 5692 expertis,
3100 5621 3246 5676 nihil
3282 5622 3377 5677 illo
3409 5623 3776 5693 instabilius,

2121 5708 2820 5782 perfidiosius,crudelius
2852 5716 2959 5766 est.
3014 5712 3180 5767 Initio
3217 5711 3310 5766 ille
3355 5712 3593 5783 quidem
3650 5713 3777 5785 pla-

2122 5799 2356 5856 ciditate
2411 5799 2661 5869 qnadam
2719 5799 2921 5870 allicit,
2955 5799 3357 5856 accedentium
3416 5801 3775 5874 sanguinem
