4120 6388
338 433 481 488 1269

1361 445 1723 497 SPECIMEN
1763 441 2168 501 SAPIENleE
2210 447 2542 500 lNDORUM
2583 448 2745 498 VET.

3631 448 3770 501 1270

335 563 536 616 statim
569 561 693 617 sitit
722 579 1039 636 paremque
1062 566 1331 636 rependit
1359 567 1652 621 dulcedini
1680 569 1993 622 admissio-
2029 581 2076 642 Α
2114 572 2183 626 ad
2217 571 2328 640 ipsi
2359 570 2619 625 officiose
2651 574 3002 641 apparentes
3038 585 3185 641 quos
3218 571 3335 625 dixi
3364 570 3626 627 aulicos:
3663 590 3764 628 vos

343 652 436 706 nis
469 652 667 720 primae
689 653 904 707 ultimae
923 656 1326 727 catastrophes
1348 657 1682 712 amaritiem
1699 660 2002 714 acerbissi-

347 757 525 796 mam.
562 742 930 812 Vera,inquit
961 749 1184 811 taurus,
1212 762 1544 815 memoras;
1575 752 1632 802 et
1663 764 1770 819 ego
1801 749 2004 804 infelix

343 832 654 900 degustata
685 831 788 886 illa
822 832 998 903 priori
1033 833 1342 904 suavitate,
1401 847 1556 889 nunc
1604 852 1670 891 eo
1704 838 1904 892 deveni
1940 845 2004 893 ut

346 921 707 975 amarissimi
730 922 888 975 exitii
917 922 1068 978 feces
1091 922 1327 978 haurire
1359 927 1530 980 modo
1562 927 1884 982 debeam.0
1910 941 2000 982 me

341 1009 776 1081 imprudentem
803 1012 902 1081 qui
929 1017 1048 1067 tam
1081 1014 1180 1067 diu
1216 1013 1312 1068 hic
1344 1014 1614 1070 haeserim
1646 1017 1657 1070 !
1697 1033 1799 1071 nec
1833 1034 2002 1088 repu~

342 1101 540 1169 tarim,
576 1103 729 1171 quod
764 1103 912 1158 ratio
945 1106 1238 1171 monebat,
1275 1105 1428 1160 haud
1456 1111 1642 1162 tutam
1680 1123 1808 1163 esse
1839 1121 1997 1164 com-

343 1189 732 1245 morationem
759 1192 991 1261 longam
1018 1193 1332 1248 herbivoroe
1355 1196 1676 1251 animantis
1703 1200 1853 1269 apud
1881 1214 1996 1253 car-

340 1279 760 1335 nivoram.Mod
775 1297 866 1334 um
886 1283 1189 1351 oportebat
1204 1301 1294 1337 me
1311 1289 1568 1339 statuere
1583 1287 1997 1342 consuetudini

340 1378 646 1439 suspectae,
688 1375 1034 1441 matureque
1079 1388 1111 1425 a
1165 1373 1406 1427 macello
1454 1377 1745 1430 recedere.
1783 1377 1993 1432 Fraudi

339 1463 428 1513 est
461 1459 714 1514 incautis
745 1459 995 1514 aviditas
1029 1477 1157 1527 sua,
1194 1463 1330 1516 dum
1382 1475 1531 1535 azgre
1577 1464 1914 1520 avellantur
1962 1486 1994 1522 a

342 1549 734 1619 placentibus,
773 1551 927 1621 passi
961 1552 1113 1620 quod
1138 1551 1397 1620 apiculas
1431 1553 1834 1624 imprudentes
1863 1574 1990 1626 per-

341 1637 447 1704 dit,
481 1654 605 1708 quae
638 1639 779 1693 dum
817 1640 1114 1694 mordicus
1147 1640 1433 1697 inhaerent
1466 1639 1732 1699 dulcibus
1778 1646 1989 1700 floscu-

341 1725 746 1796 lis,volucrum
781 1730 1080 1800 rapacium
1114 1732 1308 1801 praeda
1342 1732 1616 1797 fiunt,aut
1647 1734 1990 1806 superlapso

340 1819 487 1872 forte
539 1818 810 1888 pondere,
865 1817 923 1872 in
973 1820 1280 1890 complexu
1338 1822 1729 1893 intemperant
1787 1830 1987 1879 ai'natze

339 1906 658 1978 voluptatis
691 1907 1126 1977 Opprimuntur.
1184 1910 1466 1965 Decuerat
1515 1913 1717 1984 pannis
1750 1920 1985 1969 conten-

337 2001 488 2060 tum,
524 2010 650 2067 quas
683 1996 871 2067 prima
904 1997 1129 2052 modica
1159 2001 1311 2054 bona
1362 2013 1729 2071 perceperam
1781 2005 1981 2072 procul

337 2089 462 2141 tuto
511 2087 759 2141 fruenda
807 2088 1136 2157 deportare,
1189 2102 1293 2144 nec
1350 2091 1661 2162 periclitari
1708 2109 1775 2148 ex
1823 2094 1982 2148 inex-

334 2174 492 2246 pleta
521 2176 860 2245 gutositate,
895 2185 1233 2233 mascarum
1268 2179 1546 2250 similem,-
1573 2183 1790 2252 quibus
1813 2184 1983 2254 quasi

332 2281 448 2319 non
483 2264 738 2318 sufficiat
771 2266 1056 2335 pabulum
1093 2271 1248 2330 quod
1284 2270 1507 2325 ati‘atim
1561 2272 1620 2325 in
1655 2273 1982 2339 frdndibus,

330 2353 389 2408 in
423 2353 735 2420 fructibus,
769 2355 827 2408 in
864 2358 1022 2410 omni
1060 2371 1253 2414 rerum
1287 2361 1597 2430 superficie
1630 2363 1788 2431 jacet
1835 2363 1984 2434 ipsis

334 2444 688 2514 expositum,
721 2444 897 2498 etiam
932 2447 1137 2501 sordes
1188 2447 1559 2504 leoninar'um
1616 2453 1850 2506 aurium
1885 2470 1983 2507 ca-

334 2537 522 2602 ptant,
553 2548 770 2604 easque
792 2532 1122 2604 sculpentes
1151 2535 1506 2607 importune,
1539 2539 1842 2595 irritabilis
1867 2541 1983 2595 bel-

334 2621 443 2675 luas
476 2622 772 2690 unguibus
807 2630 1069 2694 pereunt.

404 2835 560 2892 ΧΧΙ.
595 2839 756 2894 Mitte
788 2833 899 2894 ista
936 2847 1048 2894 non
1086 2840 1263 2911 hujus
1315 2843 1617 2915 temporis,
1650 2845 1984 2918 interpellat

329 2926 698 2998 Vestigator;
732 2945 890 2983 nunc
922 2930 1078 2984 enim
1112 2933 1494 3002 quaerendum
1532 2935 1725 3004 potius
1757 2941 1980 3008 estqua

328 3015 554 3072 ratione
590 3022 837 3072 mortem
870 3019 1135 3090 effugias.
1168 3020 1368 3091 Atqui,
1401 3019 1483 3077 ait
1503 3025 1980 3090 taurus,evellere

327 3106 469 3161 illud
507 3107 672 3176 mihi,
703 3107 843 3161 dum
865 3125 997 3178 qua:
1025 3103 1141 3162 vidi
1175 3115 1385 3166 cuncta
1417 3115 1852 3184 reputo,animo
1878 3133 1978 3170 ne-

329 3213 502 3267 queo,
537 3196 842 3251 innoxium
897 3197 1131 3269 propria
1175 3191 1369 3255 indole
1418 3201 1642 3257 leonem
1687 3219 1838 3270 esse,
1891 3211 1977 3259 to-

327 3290 569 3356 tamque
599 3285 786 3340 labem
821 3303 850 3340 e
878 3287 1070 3358 pravis
1122 3290 1250 3360 ejus
1301 3283 1690 3348 familiaribus
1736 3295 1978 3350 descen-
2015 3313 2057 3384 Ο

328 3373 484 3440 dere,
519 3373 618 3445 qui
653 3369 874 3430 bonum
909 3375 1105 3449 ipsum
1141 3395 1269 3435 esse
1297 3397 1412 3436 non
1447 3381 1982 3453 sinant,proritent-

332 3481 445 3534 que
463 3459 840 3519 voracitatem
865 3461 1010 3520 nihil
1028 3484 1128 3538 per
1151 3486 1210 3524 se
1239 3469 1350 3524 tale
1364 3461 1676 3541 co‘gitaturi
1701 3473 1761 3528 in
1784 3491 1984 3529 excar-

333 3553 736 3608 nificationem
771 3553 1120 3621 insontium,
1149 3558 1321 3627 quale
1356 3576 1587 3628 passam
1620 3561 1768 3617 alias
1801 3580 1986 3620 came-

331 3642 456 3697 lum
483 3641 723 3697 memini
748 3635 950 3698 fraude
965 3637 1435 3715 conspirantium
1461 3643 1781 3704 bestiarum
1805 3657 1981 3706 trium

333 3731 481 3803 lupi,
515 3729 670 3786 corvi
702 3729 758 3786 et
789 3732 964 3789 tbois.
1001 3733 1304 3805 Regnabat
1337 3731 1426 3792 leo
1471 3731 1712 3808 quidam
1748 3740 1805 3794 in
1839 3739 1988 3796 silva

336 3819 436 3875 viae
469 3820 714 3891 publicae
751 3813 1023 3889 finitima,
1077 3821 1393 3880 familiares
1441 3817 1665 3882 habens
1714 3830 1985 3884 subditos

331 3911 451 3964 tres
484 3927 632 3980 quos
667 3911 1006 3981 memoravi,
1037 3912 1263 3983 lupum,
1299 3931 1536 3970 corvum
1570 3921 1627 3971 et
1656 3917 1983 3990 thoem,ap-

333 3999 523 4069 prime
546 4000 700 4055 inter
721 4017 782 4055 se
814 4001 1152 4058 concordes.
1203 3999 1539 4059 Pertransiit
1597 4023 1713 4077 qua
1743 4008 1860 4063 dixi
1895 4010 1987 4063 via

331 4089 651 4144 comitatus
686 4095 1419 4158 mercatorum,mandram
1453 4112 1630 4167 agens
1662 4097 1983 4168 ingentem,

331 4196 401 4233 ex
433 4195 549 4249 qua
598 4177 856 4234 camelus
911 4198 1028 4236 una
1077 4181 1445 4240 inobservata
1503 4203 1564 4240 se
1605 4187 1983 4253 subtrahens,

331 4268 390 4322 in
427 4285 634 4323 nemus
667 4286 728 4324 se
759 4261 1024 4339 abdidit;
1059 4276 1115 4327 et
1139 4273 1262 4343 jam
1281 4275 1352 4329 ab
1377 4275 1615 4330 homine
1639 4277 1876 4333 domino
1900 4296 1984 4334 se-

332 4355 854 4429 cura,przeoptavit
883 4359 1200 4434 imperium
1233 4367 1580 4437 congeneris
1613 4369 1723 4424 sibi
1758 4369 1983 4430 bellum.

332 4447 681 4519 leonemque
717 4449 794 4503 ibi
837 4450 1242 4508 dominantem
1289 4458 1662 4520 conveniens.
1718 4459 1800 4513 illi
1854 4477 1984 4531 per-

332 4537 584 4592 libenter
615 4534 944 4593 admittenti
966 4548 1334 4597 sacramento
1367 4545 1591 4600 addixit
1612 4548 1982 4618 obsequium.

331 4627 478 4690 Quid
510 4621 770 4698 quaeris?
800 4622 1122 4685 Videbatur
1143 4632 1258 4686 sibi
1289 4635 1458 4689 beata
1493 4653 1506 4689 :
1542 4653 1713 4692 nemo
1746 4640 1983 4709 eratqui

331 4734 479 4771 onus
509 4716 858 4788 imponeret,
895 4717 1046 4775 viam
1078 4721 1427 4794 injungeret,
1465 4724 1666 4796 plagas
1687 4727 1851 4782 fessae
1874 4729 1982 4782 ad-

332 4806 514 4874 deret,
565 4816 617 4861 et
667 4807 755 4862 leo
800 4809 1031 4880 quoties
1102 4818 1438 4870 occurrerat
1489 4815 1778 4884 arridens,
1829 4818 1980 4872 bono

331 4911 460 4950 esse
489 4895 685 4950 animo
729 4897 1001 4968 jubebat,
1052 4899 1195 4956 nihil
1247 4901 1404 4957 aliud
1462 4911 1766 4961 curantem
1801 4924 1978 4978 quam

323 4985 590 5055 jucunde
620 4987 802 5057 pasci.
837 4985 1056 5043 Verum
1091 4991 1183 5046 die
1215 4993 1469 5062 quadam
1510 5011 1783 5066 egressus
1815 5014 1982 5053 vena-

333 5079 459 5128 tum
491 5075 578 5129 leo
613 5075 1298 5147 malisavibus,incurrit
1320 5083 1378 5138 in
1410 5082 1978 5156 elephantem,quem

332 5162 620 5219 lacessere
651 5182 855 5236 ausus,
891 5166 1038 5222 male
1071 5185 1104 5224 a
1134 5169 1357 5226 fortiori
1401 5172 1742 5243 mulctatus,
1776 5176 1979 5232 vulne-

332 5253 496 5308 ribus
544 5253 755 5311 debilis
805 5273 952 5328 aegre
999 5273 1062 5312 se
1117 5262 1335 5332 recepit
1383 5262 1442 5317 in
1495 5280 1732 5333 specum
1787 5283 1977 5321 suam.

334 5341 419 5396 Ibi
452 5341 612 5397 lenta
635 5348 692 5398 et
723 5362 926 5415 parum
944 5348 1279 5419 proficiente
1308 5353 1607 5408 curatione
1631 5355 1982 5411 decumbere

329 5437 588 5501 coactus,
626 5434 776 5488 fame
806 5435 979 5506 erepit
1013 5437 1357 5506 conﬂictari,
1384 5458 1487 5496 nec
1511 5442 1981 5516 viribus,quippe

337 5521 580 5576 defectis
612 5539 821 5592 magna
841 5527 1011 5595 copia
1041 5528 1348 5599 sanguinis
1383 5532 1735 5600 amissa,nec
1759 5536 1978 5604 praeda-

333 5628 459 5665 rum
495 5611 906 5669 instrumentis
937 5617 1206 5685 artubus,
1241 5617 1376 5673 hinc
1408 5619 1645 5688 luxatis,
1678 5623 1813 5678 inde
1844 5640 1978 5678 con-

334 5699 553 5770 fractis,
589 5703 844 5769 amplius
869 5704 993 5773 jam
1028 5705 1228 5762 valens
1260 5709 1686 5780 quotidianam,
1724 5717 1788 5766 ut
1811 5718 1981 5769 antea

334 5794 456 5845 erat
486 5789 719 5862 solitus,
752 5792 1018 5864 saginam
1053 5797 1164 5852 sibi
1197 5815 1422 5868 parare.
1475 5799 1620 5870 Ergo
1667 5819 1980 5859 conversus

2109 661 2593 732 quidem,inquit,
2620 675 2712 714 me
2744 659 3144 729 honoratis,at
3176 678 3280 732 ego
3314 662 3549 716 tabesco
3584 663 3759 730 fame,

2111 753 2232 816 Quo
2268 753 2377 804 ista
2403 749 2546 804 mihi
2570 748 2793 805 sterilia
2816 750 3100 819 obsequia
3122 750 3149 804 "I
3171 750 3247 804 ite
3272 751 3468 821 potius
3491 755 3548 805 et
3566 752 3764 806 afferte

2111 843 2266 895 Unde
2296 841 2606 894 vescar.Ad
2643 853 2709 894 ea
2741 839 2823 892 illi
2860 855 2872 893 :
2909 839 3140 893 Dudum
3175 841 3525 895 fecissemus
3553 849 3762 912 sponte

2109 932 2263 995 quod
2313 930 2507 999 jubes,
2569 935 2626 983 et
2674 935 2873 984 noster
2907 928 2962 982 in
2998 935 3051 983 te
3102 944 3266 983 amor
3299 929 3757 984 admonitionem

2108 1021 2503 1092 prmvertisset
2535 1017 2839 1083 tuammisi
2873 1018 3026 1074 vires
3059 1019 3375 1072 detinerent
3405 1018 3472 1072 ad
3495 1019 3764 1074 conanda

2107 1129 2234 1183 quae
2281 1111 2586 1179 vellemus,
2639 1110 2970 1180 quibusque
3024 1124 3179 1164 nunc
3226 1109 3474 1178 indiges.
3531 1109 3759 1164 Tenues

2108 1221 2212 1258 nos
2246 1215 2476 1267 sumus,
2512 1205 2568 1255 et
2612 1205 2817 1272 pugna
2875 1200 3132 1271 impares
3187 1199 3557 1253 conserendae
3619 1211 3753 1254 cum

2104 1293 2429 1364 pinguibus
2462 1297 2519 1346 et
2550 1291 2762 1345 torosis
2812 1289 2968 1355 feris,
3024 1288 3229 1360 quales
3282 1288 3475 1358 palato
3527 1293 3626 1342 tuo
3660 1301 3749 1342 sa-

2102 1383 2307 1454 pidut:
2342 1383 2483 1452 quin
2523 1380 2688 1434 nobis
2722 1381 2866 1449 ipsis
2901 1380 2991 1433 vix
3025 1379 3356 1432 sutlicimus
3398 1378 3622 1431 exiliter
3657 1389 3752 1448 pa-

2100 1471 2331 1526 scendis
2367 1471 2633 1541 hancqhe
2668 1469 2852 1540 ipsam
2889 1483 3087 1522 suram
3142 1468 3336 1521 studio
3386 1467 3751 1537 imputanius

2097 1563 2183 1615 tui
2219 1577 2332 1615 non
2387 1559 2503 1614 alia
2553 1561 2622 1613 de
2672 1575 2851 1613 causa
2898 1558 3200 1628 cupientes
3248 1556 3460 1620 vivere,
3516 1556 3629 1611 nisi
3680 1569 3750 1610 ne

2098 1650 2292 1705 desint
2323 1650 2421 1720 qui
2457 1655 2568 1703 tuae
2604 1649 2896 1718 majestati
2931 1645 3310 1701 famulentur.
3337 1647 3418 1699 En
3444 1662 3549 1700 nos
3582 1658 3748 1716 para-

2096 1748 2187 1797 to's
2218 1740 2399 1795 habes
2433 1741 2504 1793 ad
2540 1739 2775 1810 quidvis
2807 1743 2909 1793 tua
2940 1755 3118 1791 causa
3151 1734 3392 1806 periculi
3426 1735 3747 1805 (iamniq'ue

2096 1829 2472 1884 subeundam
2502 1845 2515 1894 ;
2551 1835 2751 1881 verum
2795 1827 3048 1896 optimae,
3095 1828 3160 1878 ut
3207 1823 3486 1887 diximus,
3534 1821 3744 1876 volun-

2019 1951 2064 2024 Β
2095 1917 2199 1973 tati
2233 1917 2478 1972 facultas
2513 1916 2664 2024 haud
2704 1929 2807 1986 par
2839 1913 3171 2024 respondet.
3225 1913 3310 2024 Dc:
3354 1916 3549 2024 vestra
3577 1910 3745 1981 equi-

2096 2009 2250 2073 dem,
2286 2007 2514 2076 reponit
2543 2005 2652 2074 leo,-
2686 2003 3089 2060 benevolentia
3128 2019 3245 2057 non
3279 2002 3509 2070 dubito,
3558 2016 3744 2071 eoque

2090 2114 2194 2152 vos
2226 2110 2325 2150 oro
2357 2095 2763 2160 confidentius,
2791 2098 2856 2148 ut
2882 2097 3089 2148 euntes
3113 2093 3173 2146 in
3198 2090 3743 2160 consilium,exqui-

2093 2185 2235 2241 ratis
2264 2186 2414 2242 viam
2437 2184 2692 2255 aliquam
2718 2181 3099 2238 succurrendi
3118 2181 3304 2252 lapsis
3326 2181 3696 2250 rebusAgite
3723 2197 3734 2233 :

2094 2299 2212 2340 non
2246 2284 2429 2341 deerit
2451 2285 2685 2339 fortuna
2709 2301 2722 2351 ;
2748 2281 2949 2337 aii‘erte
2973 2280 3242 2334 alicunde
3265 2279 3377 2334 cibi
3403 2279 3738 2349 quidpiam:

2096 2374 2285 2430 brevis
2312 2379 2402 2428 est
2433 2373 2662 2428 occasio
2692 2372 2880 2426 charm
2932 2371 3100 2425 vobis
3151 2369 3361 2423 anima:
3393 2368 3691 2422 servanda
3727 2381 3740 2420 :

2093 2465 2140 2520 si
2175 2464 2509 2529 moramini,
2544 2461 2782 2516 morior.
2831 2461 2949 2514 Sub
2984 2458 3104 2512 haec
3155 2457 3238 2511 illi
3272 2467 3384 2512 non
3425 2457 3620 2526 procul
3659 2473 3744 2510 re-

2092 2554 2386 2622 cedentes,
2419 2549 2607 2622 capita
2640 2551 2966 2604 conferunt.
3011 2548 3215 2602 Cuncti
3243 2550 3366 2617 jam
3417 2553 3588 2600 antea
3621 2563 3743 2599 ma-

2090 2642 2270 2714 lignis
2319 2640 2504 2696 oculis
2553 2635 2843 2694 camelum‘
2911 2636 3313 2690 intuebantur.
3383 2635 3532 2688 'l‘ttm
3585 2650 3742 2699 vero,

2089 2737 2325 2803 tempus
2376 2730 2554 2795 nacti,
2606 2727 2753 2792 Quid
2805 2727 2997 2788 nobis,
3056 2724 3355 2795 inquinat,
3409 2727 3465 2778 et
3519 2724 3739 2794 ignavae

2089 2821 2227 2876 huic
2261 2819 2458 2875 bestiae
2480 2818 2507 2872 ?
2539 2833 2848 2889 quousque
2877 2816 3121 2870 ferimus
3156 2814 3337 2882 victu,
3371 2812 3588 2878 indole,
3625 2825 3741 2866 mo-

2089 2911 2253 2966 ribus
2285 2905 2633 2964 dissimilem
2666 2899 3045 2972 animantem,
3082 2903 3233 2958 civili
3270 2901 3438 2957 nobis
3471 2901 3743 2956 societate

2091 3000 2338 3055 misceri.
2374 3005 2450 3053 Eo
2483 3006 2620 3068 ergo
2644 2995 3064 3066 conSpirabant
3094 2993 3396 3048 sentcntiae
3431 2996 3494 3046 ut
3541 2991 3739 3046 decer-

2089 3096 2346 3157 neretur,
2379 3088 2741 3143 suadendam
2765 3085 2916 3139 leoni
2947 3082 3152 3138 cameli
3185 3091 3408 3150 necem,
3443 3081 3614 3151 cujus
3639 3097 3740 3133 va-

2088 3187 2244 3236 stum
2281 3185 2494 3249 corphs
2528 3183 2641 3232 non
2679 3181 2826 3230 unas
2883 3176 2939 3228 in
2984 3173 3188 3243 epulas
3235 3161 3620 3226 suffecturum
3655 3171 3741 3223 vi—

2089 3273 2346 3326 deretur.
2379 3267 2532 3322 Thos
2591 3271 2789 3320 tamen
2841 3281 2906 3318 ea
2960 3264 3316 3317 disserentes
3366 3259 3738 3327 admenebat,

2097 3352 2250 3415 haud
2285 3375 2346 3414 se
2386 3364 2618 3428 sperare
2668 3368 3051 3410 assensurum
3097 3350 3145 3406 ei
3198 3347 3441 3405 consilio
3487 3349 3740 3418 leonem,

2095 3459 2297 3530 utique
2361 3463 2679 3512 memorem
2724 3452 2856 3507 ﬁdei
2913 3453 3080 3518 data},
3127 3457 3232 3504 nec
3286 3453 3452 3503 antea
3500 3435 3742 3502 solitu’m

2094 3548 2389 3620 supplices
2423 3547 2482 3601 in
2518 3539 2851 3602 clientelam
2894 3543 3182 3597 admissos
3235 3540 3496 3610 prodere.
3553 3538 3741 3608 Nego-

2093 3640 2239 3693 tiuin
2276 3631 2388 3692 sibi
2425 3642 2617 3692 tamen
2649 3642 2853 3690 corvus
2879 3625 3135 3702 sumpsit
3167 3629 3246 3684 rei
3270 3622 3744 3694 tentandte,con-

2093 3728 2379 3798 tinuoque
2414 3727 2644 3780 leonem
2696 3726 2925 3792 adiens,
2959 3713 3361 3792 interrogatus
3411 3718 3482 3772 ab
3531 3735 3596 3772 eo
3630 3713 3742 3785 est,

2090 3815 2294 3885 ecquid
2329 3806 2527 3868 auXilii
2563 3805 3018 3884 expedivissent,
3043 3805 3100 3865 et
3132 3827 3202 3864 an
3260 3810 3467 3863 Saltem
3503 3807 3625 3877 Spei
3655 3814 3741 3860 ra-

2090 3903 2226 3958 dius
2258 3902 2878 3972 aii‘ulgeretalictznde.
2913 3893 3017 3955 Cui
3051 3907 3259 3955 corvhs
3294 3913 3308 3952 :
3343 3897 3473 3968 Spei
3509 3897 3740 3951 radium

2092 4011 2398 4062 memoras,
2433 3991 2689 4058 domine,
2741 3981 2930 4061 qnalis
2972 3992 3056 4045 vel
3091 3991 3139 4045 si
3198 3983 3484 4061 benignos
3531 3979 3743 4042 aiiuce-

2092 4087 2196 4151 ret,
2230 4079 2423 4137 videre
2456 4085 2653 4136 tamen
2682 4077 3060 4151 nequiremus
3093 4096 3198 4132 nos
3232 4078 3493 4148 quidem,
3523 4076 3741 4147 quibus

2091 4174 2263 4245 longa
2297 4171 2492 4227 inedia
2523 4187 2805 4226 sensuum
2859 4159 3052 4223 afticia
3101 4165 3377 4220 turbavit.
3432 4180 3497 4217 ac
3547 4163 3740 4217 viSum

2093 4261 2416 4336 praesertim
2437 4261 2652 4333 eripuit
2677 4277 2688 4314 :
2716 4260 2978 4330 suppetit
3000 4261 3195 4311 tamen
3221 4255 3291 4309 ad
3318 4263 3557 4308 manum
3585 4249 3740 4305 unde

2092 4353 2335 4426 spiritus
2369 4347 2962 4423 recipere,aciemque
2983 4341 3223 4400 defectis
3249 4343 3371 4415 jam
3407 4341 3586 4396 ferme
3611 4349 3744 4395 ocu-

2090 4443 2164 4498 lis
2201 4442 2506 4497 restituere
2541 4431 2849 4512 pristinam
2896 4427 3212 4509 possimus.
3268 4433 3542 4488 Versatur
3591 4430 3742 4483 inter

2092 4551 2198 4588 nos
2251 4533 2487 4604 pinguis
2537 4533 2593 4584 et
2642 4529 2799 4584 iners
2845 4545 2960 4582 non
3007 4527 3191 4581 nostri
3246 4521 3477 4594 generis
3527 4519 3738 4583 bestia,

2094 4638 2334 4705 paratus
2369 4630 2453 4686 vel
2486 4625 2544 4685 in
2585 4629 2847 4684 triduum
2909 4626 3095 4694 cibus,
3143 4615 3189 4678 si
3239 4618 3502 4702 juggulari
3539 4611 3737 4690 jubes.

2093 4724 2523 4778 Exhorrescens
2551 4719 2620 4773 ad
2657 4717 3014 4772 mentionem
3058 4711 3294 4769 sceleris
3346 4710 3456 4778 leo,
3518 4720 3740 4778 Apage,

2091 4811 2305 4884 inquit,
2342 4801 2663 4866 remedium
2701 4806 2851 4862 malo
2896 4807 3086 4878 pejus.
3146 4803 3341 4885 Egone
3372 4801 3470 4871 jus
3497 4795 3738 4885 hospitii

2092 4901 2357 4971 etjurati
2409 4891 2643 4954 foederis
2690 4895 3029 4968 religionem
3083 4891 3366 4964 polluam,
3419 4905 3484 4942 eo
3518 4884 3739 4940 interfi-

2092 4985 2300 5046 ciendo
2333 4991 2435 5062 qui
2462 4979 2573 5043 sub
2602 4987 2714 5042 mei
2757 4983 3066 5057 patrocinii
3097 4979 3341 5036 tutelam
3399 4977 3553 5032 ultro
3609 4992 3742 5029 con-

2094 5079 2257 5148 fugit,
2293 5080 2405 5134 fide
2429 5077 2760 5133 securitatis
2815 5072 3098 5144 accepta?
3148 5070 3229 5124 Ad
3282 5070 3403 5123 haec
3451 5064 3743 5121 malitiose

2093 5186 2302 5225 corvus
2339 5185 2351 5224 :
2387 5168 2678 5223 Generosa
2705 5176 2877 5235 atque
2900 5168 2960 5218 ut
2984 5169 3039 5217 te
3061 5162 3304 5231 dignum
3322 5163 3412 5212 est
3444 5155 3740 5226 loqueris;

2092 5266 2770 5334 tamen,domine,etiam
2796 5265 2947 5317 inter
2975 5258 3453 5332 religiosissimos
3477 5270 3746 5327 quosque

2093 5357 2150 5410 in
2185 5357 2452 5412 confesso
2485 5372 2614 5410 esse
2661 5353 2834 5408 audio
2886 5353 2971 5406 fas
3021 5367 3147 5406 esse
3194 5348 3366 5404 unius
3413 5345 3624 5417 capitis
3647 5344 3744 5412 ja-

2092 5453 2261 5502 ctura
2292 5445 2498 5499 redimi
2530 5443 2778 5498 salutem
2813 5444 3026 5496 domus
3055 5441 3319 5510 integrae,
3352 5452 3558 5492 rursus
3591 5437 3743 5486 recte

2094 5537 2332 5591 domum
2370 5551 2545 5588 unum
2593 5551 2694 5605 pro
2741 5530 3149 5587 incolumitate
3207 5528 3370 5584 urbis
3427 5523 3608 5577 totius
3643 5521 3742 5575 de-

2093 5624 2261 5692 strui,
2288 5624 2580 5678 civitatem
2617 5639 2850 5694 quoque
2883 5639 3060 5677 unam
3103 5617 3397 5674 servandis
3431 5609 3739 5684 provinciae

2085 5717 2247 5784 juste
2279 5713 2578 5784 impendi;
2615 5714 2869 5785 denique
2921 5712 3018 5767 ubi
3053 5709 3211 5779 regni
3263 5703 3566 5775 imperiive
3609 5701 3740 5754 uni-

2091 5802 2242 5858 versi
2292 5803 2375 5858 sic
2427 5804 2682 5858 rationes
2737 5807 3006 5876 poscunt,
3053 5800 3177 5855 sine
3228 5793 3472 5850 crimine
3505 5790 3737 5862 provin-
