4120 6396
350 433 483 487 1271

1866 436 2102 487 ΑΡΡΕΝ
2116 434 2259 486 UIX.

3636 432 3778 486 1272

349 563 501 616 ciam
535 561 797 632 aliquam
833 563 1044 633 praedis
1077 562 1393 617 hostilibus
1426 562 1653 633 cxpeni.
1691 562 1777 615 Ita
1797 575 2007 630 nempe
2038 566 2090 631 Α
2192 559 2381 613 XXII.
2415 560 2497 613 Ad
2533 576 2600 615 ea
2631 559 2717 614 sic
2748 564 2956 615 contra
2986 560 3292 630 ingressus
3322 560 3632 615 vaferrime
3662 558 3774 612 Ve-

353 657 442 706 est
472 669 484 706 :
518 652 577 705 in
611 668 975 706 summorum
1022 651 1438 705 discriminum
1483 650 1753 704 articulis
1804 649 2007 703 conni-

355 746 493 795 vent
522 741 819 795 interdum
853 739 1010 810 leges
1040 760 1052 807 ;
1089 744 1191 793 aut
1224 739 1436 808 potius,
1492 737 1805 793 silentibus
1838 743 2007 793 caete-

362 831 465 898 ris,
495 847 603 883 una
652 828 880 882 cunctis
938 827 1256 898 praevalens
1312 828 1563 898 imperat
1616 845 1889 899 suprema
1920 827 2011 881 lex

362 918 590 973 invictae
623 916 1033 983 necessitatis;
1072 916 1257 986 qualis
1310 916 1429 971 haec
1461 922 1550 972 est
1580 934 1707 987 quae
1754 934 1860 971 nos
1908 919 2007 971 ho-

362 1009 456 1062 die
489 1006 755 1061 faucibus
788 1010 944 1060 arcte
976 1006 1308 1060 constrictis
1360 1005 1559 1074 trahit,
1596 1006 1801 1076 utique
1835 1008 2009 1060 mori-

364 1103 548 1163 turos,
579 1096 625 1149 si
652 1114 685 1148 a
716 1100 917 1165 parato
960 1095 1128 1149 famis
1159 1099 1431 1149 extremae
1478 1093 1687 1149 solatio
1721 1095 2014 1165 supersti-

360 1184 530 1238 tiosis
572 1183 930 1254 respectibus
965 1199 1253 1237 arcemur.
1288 1183 1392 1237 His
1424 1183 1596 1237 dictis
1630 1184 1909 1238 revolavit
1940 1184 2011 1238 ad

364 1274 555 1327 socios
598 1289 828 1339 corvus,
891 1276 947 1326 et
996 1271 1137 1341 quid
1194 1272 1597 1344 respondisset
1647 1271 1734 1327 leo
1792 1273 2010 1327 retulit.

362 1364 527 1416 Tunc
560 1362 620 1415 hi
657 1367 774 1415 tres
807 1362 958 1415 hanc
1011 1362 1399 1416 communiter
1452 1363 1716 1415 fraudem
1772 1363 2015 1417 adorna-

364 1458 525 1515 runt,
560 1468 675 1522 qua
706 1450 993 1505 camelum
1028 1450 1276 1504 nimium
1314 1450 1648 1522 simplicem
1683 1452 2011 1522 perderent.

367 1541 765 1594 Decreverunt
819 1539 980 1593 adire
1011 1539 1189 1593 simul
1224 1556 1356 1593 cum
1392 1556 1457 1593 ea
1488 1540 1737 1609 leonem,
1770 1541 2014 1595 offerre-

368 1646 480 1700 que
514 1644 574 1682 se
604 1628 687 1681 illi
721 1628 1064 1699 singillatim
1113 1629 1169 1681 in
1220 1628 1437 1683 cibum.
1490 1633 1703 1683 Verum
1754 1629 1837 1684 ita
1868 1631 2017 1684 inter

369 1736 467 1773 eos
497 1724 868 1781 convenerat,
921 1723 984 1771 ut
1027 1717 1203 1772 talem
1238 1718 1696 1789 propositionem
1734 1719 2023 1774 uniuscu-

360 1810 581 1879 jusque
630 1808 832 1872 trium,
888 1824 1003 1861 una
1047 1823 1253 1861 omnes
1324 1808 1591 1877 quaesitis
1643 1810 2018 1880 praetextibus

2116 649 2364 717 stigator
2393 653 2501 715 est,
2535 648 2842 720 implicare
2884 649 3171 704 miserum
3202 653 3442 703 taurum
3476 648 3601 703 suis
3633 648 3776 702 arti-

2119 737 2270 791 ficiis
2305 754 2575 808 pergens,
2610 743 2667 792 et
2698 738 2779 792 sic
2810 754 2943 792 eum
2977 738 3035 791 in
3069 737 3310 791 exitium
3357 738 3593 791 trudere
3631 753 3644 790 :
3677 742 3777 790 Ca-

2118 827 2371 880 vendum
2432 827 2705 897 equidem
2756 826 3089 881 censuerim
3157 827 3278 881 viro
3348 826 3646 897 prudenti,
3701 840 3773 879 ne

2118 921 2337 970 temere
2371 932 2434 970 se
2467 916 2737 987 projiciat
2780 915 2840 970 in
2875 915 3064 970 aleam
3095 915 3370 985 ancipitis
3402 920 3459 969 et
3488 915 3643 969 exitu
3671 931 3774 985 pe-

2121 1006 2359 1061 riculosi
2380 1006 2593 1077 negotii
2620 1008 2914 1078 ;adeoque
2941 1007 3367 1078 sapientissimi
3393 1007 3779 1061 consentiunt

2118 1096 2433 1150 tentandas
2467 1112 2671 1150 omnes
2703 1096 3148 1165 compositionis
3180 1096 3678 1167 vias,priusquam
3706 1097 3777 1150 ad

2120 1184 2235 1237 vim
2290 1184 2631 1254 bellumque
2687 1186 2979 1253 veniatur,
3032 1185 3208 1239 etiam
3260 1202 3393 1239 cum
3444 1186 3779 1240 adversario

2122 1273 2358 1328 inﬁrmo
2392 1274 2551 1345 (nam
2574 1275 2772 1328 varius
2805 1274 2959 1328 Mars
2997 1274 3380 1345 ambiguique
3425 1279 3779 1343 successus),

2121 1368 2342 1433 quanto
2377 1362 2558 1433 magis
2579 1362 2626 1417 si
2661 1363 3015 1434 praevalidus
3048 1363 3096 1417 is
3147 1363 3343 1427 fuerit,
3387 1368 3445 1418 et
3475 1380 3609 1417 cum
3652 1364 3780 1434 opi-

2124 1453 2233 1505 bus
2274 1450 2526 1505 vallatus
2578 1451 3024 1522 praspotenlium
3084 1451 3428 1517 multorum,
3479 1456 3603 1506 tum
3657 1451 3781 1522 ipse

2125 1557 2223 1609 per
2255 1558 2383 1594 sese
2415 1557 2546 1594 acer
2577 1557 2642 1595 ac
2675 1540 2884 1596 solers.
2918 1544 3109 1604 Quare
3166 1542 3211 1596 si
3248 1557 3337 1595 me
3390 1540 3637 1612 dignum
3670 1542 3783 1595 du-

2124 1630 2208 1684 cis
2240 1630 2411 1699 cujus
2439 1630 2701 1684 consiliis
2736 1630 2963 1685 deferas
2996 1630 3322 1701 quidpiam,
3368 1634 3605 1701 propter
3636 1631 3783 1685 satis

2124 1725 2448 1792 spectatam
2484 1721 2660 1773 lidem
2695 1720 2752 1773 in
2788 1726 2843 1774 te
2876 1736 3094 1783 meam,
3155 1720 3565 1790 sinceramque
3596 1719 3786 1773 chari-

2123 1814 2327 1877 tatem,
2359 1809 2519 1876 audi,
2554 1810 2817 1875 obsecro,
2862 1824 2977 1877 me,
3029 1826 3099 1864 ne
3130 1808 3179 1863 si
3230 1808 3403 1863 amici
3456 1807 3785 1879 suggestio-

366 1898 710 1962 refutarent,
737 1896 794 1949 in
843 1895 1018 1951 unius
1051 1897 1257 1951 cameli
1302 1897 1656 1951 oblationem
1692 1898 1818 1953 sine
1849 1916 2015 1955 exee-
2048 1932 2095 1994 Β
2131 1914 2232 1953 nes
2264 1897 2438 1951 utiles
2473 1897 2768 1967 rejeceris,
2802 1898 2956 1952 idem
2990 1897 3306 1968 experieris
3362 1898 3516 1966 quod
3551 1897 3782 1967 alcyon,

365 1987 563 2058 ptione
594 1985 961 2040 consensuri.
994 1986 1226 2040 Sistunt
1256 2002 1387 2040 ecce
1418 1985 1601 2057 igitur
1651 2003 1780 2043 sese
1813 2005 2016 2044 omnes

364 2092 515 2147 aegro
548 2080 604 2130 et
651 2073 976 2129 tabescenti
1030 2074 1183 2128 fame
1231 2074 1407 2128 leoni.
1458 2081 1536 2129 Ae
1583 2092 1790 2130 corvus
1835 2077 2014 2147 prior.

361 2167 510 2220 Dum
544 2165 803 2230 domine,
836 2168 893 2217 et
927 2180 1041 2235 quo
1089 2162 1212 2218 loco
1245 2164 1327 2217 sis
1376 2164 1569 2231 video,
1620 2169 1678 2219 et
1724 2170 2011 2235 quantum

362 2254 468 2309 tibi
502 2255 745 2308 debeam
803 2258 1035 2324 reputo,
1069 2253 1148 2307 sic
1196 2259 1415 2323 statuo,
1466 2253 1607 2309 nihil
1642 2256 2016 2326 essejustius

363 2360 539 2413 quam
575 2348 639 2397 ut
669 2348 873 2413 sponte
897 2348 1083 2397 morte
1099 2359 1227 2397 mea
1254 2344 1435 2396 vitam
1468 2348 1794 2399 sustentem
1819 2350 2013 2401 tuam:

364 2450 435 2487 en
468 2433 667 2503 igitur,
703 2437 893 2485 macta
927 2446 1018 2485 me
1050 2432 1133 2485 sis
1178 2436 1233 2485 et
1265 2433 1524 2487 comede.
1579 2432 1679 2487 Hic
1714 2450 1919 2489 omnes
1950 2452 2018 2489 ex

366 2522 693 2592 composito
728 2520 1069 2587 reclamant,
1104 2521 1265 2575 Mitte
1314 2521 1459 2576 istas
1492 2538 1702 2594 nugas,
1734 2527 1796 2576 tu
1830 2524 2020 2578 minu-

367 2617 492 2666 tum
523 2628 583 2665 es
617 2610 956 2675 animal,vix
982 2611 1036 2664 in
1074 2609 1395 2664 buccellam
1422 2628 1599 2666 unam
1634 2611 2018 2668 suﬂ'ecturum

372 2703 509 2756 Inde
541 2701 673 2754 thos
707 2716 1026 2770 assurgens
1057 2716 1070 2753 :
1105 2702 1189 2754 Me
1213 2700 1432 2770 potius,
1484 2702 1745 2768 domine,
1778 2702 2020 2757 devores

367 2807 613 2857 censeo;
651 2806 782 2842 nam
816 2789 875 2842 in
928 2790 1105 2843 unius
1156 2788 1364 2843 saltem
1419 2789 1534 2843 diei
1590 2796 1821 2859 pastum
1874 2792 2020 2845 satis

370 2880 511 2932 mihi
549 2878 763 2932 habere
795 2878 1062 2931 carnium
1098 2878 1407 2933 videor.Ibi
1441 2895 1647 2933 corvus
1678 2880 1860 2934 vicem
1887 2881 2020 2934 red-

372 2970 541 3035 dens,
574 2968 978 3021 eonclamaute
1011 2968 1163 3021 idem
1212 2968 1352 3038 lupo
1386 2983 1399 3021 :
1436 2968 1667 3031 Desine,
1721 2968 2020 3039 inquiunt,

369 3062 426 3110 et
454 3062 515 3109 tu
568 3055 852 3121 delirare;
909 3074 1116 3111 carnes
1168 3057 1347 3111 habes
1401 3060 1666 3123 fetentes,
1703 3074 1805 3111 nec
1852 3064 2019 3128 aptas

372 3147 440 3199 ad
473 3145 687 3198 cibum.
723 3151 810 3199 Me
853 3146 1070 3216 potius,
1115 3146 1195 3199 ait
1227 3145 1400 3215 lupus
1452 3163 1766 3201 conversus
1798 3148 1869 3201 ad
1902 3148 2019 3202 leo-

372 3252 528 3303 nem,
562 3235 819 3301 domine,
853 3237 1094 3289 comede
1128 3254 1141 3301 ;
1176 3235 1328 3289 haud
1365 3236 1540 3306 paulo
1585 3236 1717 3306 plus
1751 3254 1923 3303 quam
1960 3236 2016 3289 hi

2126 1986 2218 2040 cui
2254 2003 2367 2039 non
2402 1985 2830 2057 obtemperanti
2864 1987 3023 2040 sanis
3067 1984 3329 2051 monitis,
3361 1985 3560 2039 Nereis
3595 1984 3787 2039 furata

2125 2073 2319 2146 pullos
2348 2078 2457 2141 est,
2491 2074 2599 2129 etsi
2632 2091 2730 2129 eos
2772 2076 2975 2128 eadem
3035 2078 3260 2145 postea,
3306 2074 3655 2128 intentatam
3710 2075 3784 2128 ab

2123 2180 2187 2217 eo
2216 2163 2328 2216 vim
2382 2164 2583 2230 verita,
2638 2162 2983 2216 restituerit.
3034 2161 3349 2215 Habitabat
3403 2161 3461 2214 in
3513 2163 3774 2231 quodam

2125 2251 2317 2305 littore
2350 2251 2470 2305 avis
2504 2251 2741 2304 nomine
2773 2250 2996 2322 alcyon,
3030 2266 3164 2304 cum
3199 2250 3467 2320 conjuge,
3504 2251 3779 2320 quaejam

2124 2340 2314 2410 partui
2349 2339 2557 2403 vicina,
2593 2338 2714 2393 viro
2746 2339 2892 2393 dixit
2926 2356 2939 2393 :
2974 2339 3173 2401 Quare
3224 2340 3307 2392 sis
3357 2337 3550 2393 locum
3605 2340 3783 2393 sedu-

2124 2434 2283 2483 ctum
2314 2446 2379 2483 ac
2410 2428 2704 2482 munitum
2741 2428 2839 2481 ubi
2882 2426 3075 2499 pullos
3124 2426 3548 2493 excludamus;
3586 2432 3783 2483 metuo

2125 2522 2280 2575 enim
2316 2536 2408 2585 ne,
2444 2520 2871 2573 intumescente
2905 2518 3073 2573 statis
3104 2518 3350 2573 aestibus
3382 2518 3552 2586 mari,
3587 2519 3784 2574 veniat

2128 2611 2242 2664 huc
2273 2610 2474 2664 Nereis
2525 2615 2580 2663 et
2612 2608 2803 2679 pullos
2854 2614 3085 2663 nostros
3128 2608 3403 2679 abripiat.
3458 2608 3783 2679 Respondit

2126 2702 2176 2755 ei
2211 2700 2298 2754 vir
2331 2718 2342 2753 :
2381 2700 2506 2767 Abi,
2541 2698 2939 2765 formidolosa,
2975 2699 3248 2752 umbram
3299 2699 3502 2765 times;
3535 2698 3778 2769 periculi

2128 2790 2221 2843 hic
2254 2790 2490 2859 quidem
2528 2787 2675 2842 nihil
2699 2794 2808 2857 est,
2863 2787 3106 2842 exclude
3151 2786 3340 2858 pullos
3374 2804 3602 2842 secura.
3636 2787 3782 2841 Her-

2128 2881 2329 2932 bosatn
2355 2886 2409 2932 et
2441 2877 2722 2949 irriguam
2754 2877 3043 2931 habemus
3088 2876 3400 2932 stationem
3437 2895 3449 2931 :
3492 2876 3589 2931 ubi
3622 2894 3783 2931 com-

2129 2968 2385 3035 modius,
2420 2968 2515 3020 ubi
2543 2967 2870 3037 jucundius
2900 2966 3331 3021 diversabimus
3354 2966 3379 3018 ‘3
3431 2965 3534 3019 Cui
3588 2983 3732 3019 uxor
3767 2984 3780 3021 :

2130 3056 2420 3111 Denuntio
2452 3056 2663 3110 iterum
2697 3057 2828 3123 tibi,
2864 3055 3154 3111 obnoxius
3187 3056 3452 3110 Nereidis
3485 3055 3660 3109 furtis
3687 3054 3784 3109 hic

2124 3145 2290 3199 locus
2324 3150 2451 3206 est;
2486 3144 2780 3213 fugiamus
2818 3150 2952 3199 ante
3006 3146 3293 3198 damnum
3329 3161 3339 3197 :
3376 3161 3504 3197 sero
3558 3143 3652 3197 icti
3689 3161 3789 3197 sa—

2133 3234 2384 3303 piemus.
2414 3233 2692 3299 Reposuit
2715 3234 2917 3303 alcyon
2957 3250 2969 3287 :
3002 3234 3174 3302 Tace,
3228 3232 3496 3303 inquam,
3530 3249 3644 3285 non
3680 3249 3785 3285 au-

366 3324 614 3378 idoneus
647 3325 717 3377 ad
747 3325 802 3377 id
851 3341 1005 3389 sum,
1058 3340 1162 3377 nec
1214 3324 1413 3377 minus
1462 3341 1643 3395 quam
1695 3325 2011 3395 quisquam
2048 3301 2091 3365 (ἶ
2130 3320 2291 3373 debit
2333 3324 2534 3373 Nereis
2579 3321 2811 3375 irritare
2862 3336 2975 3390 me,
3016 3320 3169 3375 vires
3220 3336 3382 3375 meas
3438 3321 3619 3388 novit,
3671 3320 3783 3373 sibi

373 3419 636 3484 paratus,
672 3413 773 3483 qui
830 3419 993 3467 tuam
1046 3429 1279 3482 semper
1313 3412 1775 3466 incolumitatem
1833 3418 1889 3466 et
1936 3413 2024 3465 di-

374 3504 657 3573 gnitatem
690 3508 825 3556 ante
856 3503 1056 3555 omnia
1088 3500 1406 3571 posuerim.
1450 3501 1551 3553 Hic
1585 3501 1914 3555 eoorientes
1948 3502 2023 3556 si-

379 3590 500 3645 mul
533 3591 666 3645 thos
697 3595 753 3643 et
783 3606 1015 3658 corvus,
1048 3588 1178 3657 Qui,
1232 3588 1417 3655 aiunt,
1451 3589 1808 3659 strangulari
1836 3607 2027 3645 come-

377 3681 568 3734 dendo
600 3678 744 3743 vult,
779 3677 985 3747 lupum
1019 3677 1331 3731 manducet
1368 3696 1381 3743 ;
1435 3694 1615 3748 rapax
1669 3684 1757 3732 est
1808 3679 2025 3750 bellua,

381 3770 552 3835 cujus
581 3766 752 3819 etiam
787 3769 955 3819 sectae
990 3767 1044 3818 in
1082 3765 1301 3819 frustra
1330 3782 1536 3821 carnes
1568 3772 1627 3820 et
1665 3771 1873 3838 guttur
1901 3770 2028 3840 glu-

379 3854 583 3909 tientis
609 3861 666 3909 et
696 3854 918 3909 viscera
947 3855 1367 3925 discerperent.
1393 3856 1562 3911 Absit
1594 3858 1700 3911 hoc
1733 3875 1763 3911 a
1796 3858 2028 3914 domins

378 3943 545 3999 leone
583 3945 731 3998 lnon
771 3945 1028 4015 patimur
1067 3944 1179 4015 ipsi
1232 3946 1446 4017 apponi
1497 3963 1716 4001 veneno
1773 3950 2026 4019 peiorem

378 4051 592 4089 eseam.
629 4032 905 4087 Omnium
940 4040 1079 4088 tunc
1112 4033 1266 4088 oculi
1306 4035 1690 4090 convolarunt
1740 4037 1796 4090 in
1845 4055 2032 4093 came-

378 4124 524 4187 lum,
560 4139 687 4193 quae
722 4123 936 4177 misera
970 4141 1041 4177 ne
1072 4123 1262 4178 ofﬁcio
1296 4142 1412 4177 una
1461 4126 1664 4180 deesse
1714 4128 2030 4197 videretur,

377 4214 681 4267 confidens
712 4220 908 4266 tamen
943 4217 999 4266 et
1029 4213 1157 4283 ipsa
1188 4218 1615 4283 repugnaturos
1649 4215 2031 4285 propositioni

382 4308 644 4363 caeteros,
684 4302 757 4355 En
797 4317 910 4365 me,
954 4301 1165 4371 inquit,
1218 4302 1454 4356 domine
1504 4302 1614 4368 leo,
1661 4306 1897 4359 comede
1928 4306 2031 4372 sis,

382 4407 517 4444 nam
551 4391 851 4453 carnibus,
903 4396 959 4443 et
1004 4390 1076 4443 iis
1127 4390 1185 4443 ni
1236 4390 1403 4444 t'ellor
1444 4394 1744 4461 suaVIbus,
1779 4394 2030 4448 abundo.

379 4478 840 4535 Conclamarunt
875 4478 1071 4533 statim
1110 4496 1315 4534 omnes
1372 4498 1383 4534 :
1432 4481 1662 4551 Optime
1722 4481 1889 4549 dicis,
1938 4500 2030 4536 ca-

384 4568 553 4633 mele,
605 4585 670 4623 ac
734 4569 829 4622 vix
868 4574 1201 4639 exspectato
1252 4568 1437 4624 leonis
1486 4574 1659 4633 nutu,
1694 4571 2030 4640 jugulatam

2133 3413 2370 3463 metuet.
2406 3408 2449 3462 Ο
2482 3414 2558 3472 te,
2590 3409 2783 3480 inquit
2816 3426 2979 3479 uxor,
3012 3409 3530 3479 temerarium,qui
3568 3409 3783 3462 minari

2132 3499 2249 3551 deae
2300 3498 2539 3552 audeas.
2581 3498 2786 3553 Metire
2835 3504 2889 3553 te
2934 3503 3035 3551 tuo
3088 3497 3344 3563 modulo,
3390 3502 3444 3552 et
3504 3514 3779 3568 agnosce,

2134 3586 2401 3641 mortalis
2442 3603 2574 3642 cum
2626 3588 2948 3642 immortali
2991 3588 3143 3642 male
3199 3592 3601 3658 comparatum
3655 3604 3785 3641 esse

2132 3682 2448 3731 certamen.
2483 3677 2592 3731 Fac
2624 3677 2806 3748 igitur
2845 3676 2999 3746 quod
3047 3676 3230 3744 suasi,
3273 3675 3637 3731 domicilium
3672 3675 3786 3731 alio

2132 3768 2387 3820 transter
2420 3784 2432 3821 ε
2469 3783 2605 3820 nam
2638 3767 2685 3820 si
2718 3766 2998 3821 obfirmas
3031 3765 3410 3835 pertinaciam
3442 3765 3498 3818 in
3536 3782 3647 3819 non
3682 3766 3787 3818 ob-

2135 3855 2435 3925 sequendo
2468 3855 2749 3909 momenti
2783 3858 2957 3921 recta,
3003 3855 3228 3908 eveniet
3257 3854 3411 3908 idem
3467 3854 3571 3908 tibi
3625 3855 3783 3924 quod

2137 3943 2439 3997 testudini.
2479 3943 2691 3997 Ferunt
2722 3943 2939 4014 quippe
2988 3944 3047 3997 in
3106 3944 3360 4013 quodam
3417 3945 3571 3997 fonte
3624 3943 3792 3997 habi-

2134 4038 2293 4085 tasse
2343 4033 2491 4086 duos
2540 4039 2741 4087 anates
2790 4049 2920 4086 eum
2987 4049 3104 4087 una
3155 4033 3518 4086 testitudine.
3573 4033 3788 4087 Exars-

2137 4127 2335 4175 scente
2367 4125 2559 4175 autem
2597 4138 2698 4191 per
2728 4126 2988 4176 aestatem
3025 4123 3201 4188 fonte,
3236 4122 3547 4176 consilium
3585 4129 3792 4177 anates

2138 4216 2416 4280 ceperunt
2447 4210 2585 4263 alibi
2619 4209 3005 4264 diversorium
3042 4212 3363 4280 quazrendi.
3409 4212 3476 4266 Ut
3507 4213 3787 4282 ergojam

2138 4298 2410 4353 collectas
2441 4299 2644 4351 efferre
2684 4298 2947 4352 sarcinas
2978 4306 3295 4369 coeperant,
3340 4302 3693 4370 stabantque
3727 4303 3789 4355 in

2140 4388 2509 4459 migrationis
2555 4387 2878 4457 procinctu,
2930 4388 3078 4441 dixit
3120 4387 3239 4442 illis
3293 4391 3525 4443 testudo
3562 4407 3574 4442 :
3611 4390 3794 4445 Vobis

2139 4478 2375 4549 quidem
2409 4479 2598 4531 vivere
2630 4477 2756 4531 sine
2796 4493 2948 4547 aqua
2988 4477 3346 4546 valentibus,
3398 4480 3511 4533 isto
3561 4478 3790 4534 alarum

2140 4568 2385 4638 remigio
2420 4568 2603 4633 fretis,
2647 4584 2855 4636 parum
2916 4566 3083 4621 affert
3140 4567 3555 4623 sollicitudinis
3616 4569 3796 4623 fontis

382 4660 789 4713 deartuarunt.
826 4661 1042 4711 Vereor
1072 4664 1128 4712 et
1149 4674 1254 4728 ego
1292 4675 1361 4712 ne
1380 4661 1429 4712 si
1460 4676 1631 4729 agam
1666 4660 2026 4726 molliter,si-
2064 4669 2104 4730 ι)
2137 4656 2446 4711 exsiccatio
2477 4672 2497 4717 ;
2530 4656 2675 4709 mihi
2708 4658 2939 4711 miserae
2972 4674 3086 4710 non
3121 4656 3545 4724 consulitis,cui
3578 4662 3633 4712 et
3665 4659 3795 4710 vita:

385 4747 547 4800 milia
581 4748 789 4816 patiar.
822 4746 943 4800 Non
979 4764 1114 4817 ergo
1147 4764 1239 4801 me
1264 4747 1626 4802 committam
1654 4748 2032 4804 insidiisisto-

386 4854 535 4901 rum,
588 4843 689 4891 aut
734 4836 1003 4890 subdolis
1059 4837 1506 4906 parasitantium
1563 4837 1717 4891 leoni
1767 4840 2033 4894 artiﬁciis

386 4926 579 4978 locum
652 4925 927 4989 tribuam,
995 4926 1204 4995 ignava
1278 4926 1648 4997 obnoxiaque
1718 4929 2024 4997 patientia.

392 5014 581 5067 Lenta)
615 5015 850 5068 fraudes
884 5014 1201 5085 aliquando
1244 5016 1423 5069 robur
1472 5031 1753 5086 magnum
1787 5017 2033 5084 elidunt,

392 5108 564 5171 prout
593 5102 777 5169 aiunt,
814 5105 932 5174 pati
966 5108 1187 5174 petram
1239 5120 1271 5157 a
1318 5103 1494 5157 stillis
1538 5105 1760 5174 jugiter
1791 5105 2035 5160 illaben-

393 5190 571 5243 tibus.
606 5192 921 5262 Expediam
956 5210 1204 5264 quarum
1230 5192 1373 5248 mihi
1399 5210 1531 5248 sum
1564 5196 2037 5263 conscius,vires,

391 5284 447 5332 et
494 5294 587 5332 me
636 5282 704 5332 ad
755 5282 947 5352 palam
1004 5282 1414 5337 reluctandum
1484 5284 1744 5338 armabo.
1798 5284 2039 5339 Nullum

389 5367 751 5423 laudabilius
780 5386 927 5438 opus
972 5377 1060 5425 est
1106 5389 1281 5442 quam
1330 5389 1560 5427 servare
1609 5374 2037 5443 semetipsum;

396 5458 647 5529 plusque
675 5458 959 5511 mercedis
982 5460 1059 5512 dii
1088 5466 1524 5531 proposuerunt
1544 5464 2041 5533 caputproprium

394 5550 466 5601 ab
500 5552 760 5600 extreme
792 5546 1133 5602 discrimine
1163 5551 1372 5616 tuenti,
1422 5567 1595 5619 quam
1649 5555 1749 5605 aut
1779 5550 1903 5605 dies
1937 5570 2042 5607 no-

397 5644 637 5705 ctesque
666 5634 1033 5689 orationibus
1062 5638 1316 5703 vacanti,
1351 5643 1454 5691 aut
1485 5639 1849 5693 misericordi
1885 5640 2046 5711 large

403 5723 783 5793 hilariterque
827 5724 1093 5787 donanti,
1150 5729 1251 5777 aut
1300 5730 1607 5780 ascetieam
1660 5727 1811 5781 ultro
1866 5730 2046 5783 susci-

404 5813 584 5881 pienti
614 5815 1068 5885 constanterque
1103 5813 1372 5869 toleranti
1405 5815 1803 5885 disciplinam.

2146 4747 2291 4801 ratio
2326 4763 2391 4800 ac
2424 4762 2557 4815 spes
2590 4745 2783 4799 omnis
2814 4746 2870 4798 in
2908 4762 3060 4816 aqua
3103 4753 3213 4812 est,
3248 4750 3304 4800 et
3352 4747 3515 4799 tarde
3560 4746 3799 4801 mobilis

2144 4842 2385 4891 onerata
2418 4836 2569 4889 mole
2596 4853 2752 4900 sum,
2789 4851 2860 4888 ne
2893 4834 3005 4888 alio
3057 4852 3171 4904 quo
3222 4852 3312 4890 res
3366 4838 3554 4906 poscit
3585 4853 3797 4907 queam

2146 4942 2236 4979 me
2270 4926 2607 4980 transferre.
2642 4927 2868 4989 Quazso.
2912 4923 3100 4978 tollite
3153 4942 3241 4979 me
3270 4926 3600 4992 vobiscum,
3629 4930 3685 4979 et
3717 4925 3798 4978 il-

2150 5017 2242 5070 luc
2273 5014 2449 5069 simul
2481 5015 2778 5085 deportate
2809 5030 2924 5083 quo
2958 5014 3247 5085 migratis.
3299 5015 3402 5069 Cui
3437 5015 3797 5069 anates.Nisi

2141 5106 2333 5173 juras,
2364 5102 2927 5174 inquiunt,nobis,te
2945 5102 3089 5155 nihil
3123 5120 3225 5173 per
3257 5103 3403 5156 viam
3439 5102 3800 5168 locuturum,

2150 5210 2265 5247 non
2300 5202 2349 5246 Ie
2381 5190 2668 5245 tollimus.
2715 5189 2962 5243 Admisit
3008 5190 3403 5245 conditionem
3456 5197 3511 5245 et
3553 5192 3801 5262 juravit.

2152 5297 2401 5352 moxque
2431 5285 2652 5346 anates,
2683 5280 2935 5349 oblongo
2967 5280 3156 5351 tigillo
3198 5297 3470 5351 congruae
3525 5280 3805 5335 latitudi-

2152 5371 2244 5425 nis
2278 5374 2501 5441 parato,
2535 5368 2877 5439 impositam
2908 5369 2959 5422 ei
2994 5368 3186 5424 medio
3210 5370 3594 5435 testudinem,
3627 5374 3805 5426 dorso

2154 5463 2329 5516 ambo
2362 5460 2639 5530 utrinque
2669 5457 2922 5514 sublatis
2954 5458 3101 5529 tigni
3137 5459 3433 5530 capitibus
3465 5460 3809 5517 extulerunt

2155 5550 2472 5605 avolantes.
2506 5548 2797 5613 Viatores,
2832 5547 2999 5602 elatis
3031 5548 3175 5602 forte
3206 5548 3413 5617 oculis,
3448 5550 3547 5603 ubi
3583 5551 3805 5607 mirum

2156 5638 2213 5692 id
2247 5638 2645 5709 spectaculum
2682 5638 2973 5703 viderunt,
3016 5636 3395 5707 Prodigium!
3452 5639 3815 5708 exclamant,

2155 5728 2349 5782 videte
2393 5727 2750 5781 testudinem
2806 5726 2959 5779 inter
3025 5727 3172 5781 duos
3237 5732 3439 5783 anates
3489 5728 3811 5785 volantem.

2157 5816 2408 5873 Collecta
2427 5817 2603 5871 turba
2632 5815 3003 5873 curiosorum
3035 5820 3125 5872 est
3164 5817 3492 5888 auditasque
3522 5833 3645 5873 rem
3679 5836 3817 5875 am-
