4120 6446
378 436 403 487 1
413 433 518 486 273

1400 433 1759 486 SPECIMEN
1797 434 2196 488 SAPIENTIzE
2238 436 2566 492 INDORUM
2605 442 2767 493 VET.

3650 441 3787 495 1274

376 558 585 615 bitiose
612 556 1033 611 celebrantium
1071 573 1274 622 voces;
1338 556 1554 628 quibus
1613 555 1895 610 delectata
1936 556 2023 610 in-
2054 563 2103 625 Α
2142 560 2493 629 nonignavaa
2512 561 2924 633 aleamjacere.
2950 564 3286 637 Hocipsum
3308 566 3656 621 vaferrimas
3679 567 3789 621 Ve-

374 649 634 717 ﬂataque
682 647 938 712 testudo,
985 647 1157 699 etiam
1214 650 1473 701 vectores
1536 644 1835 714 despicere
1889 662 2024 699 suos

374 740 591 812 cmpit;
616 756 680 793 ac
716 739 996 794 titiliante
1036 737 1280 809 gloriola
1338 755 1453 792 non
1477 743 1685 793 tenens
1722 738 2020 807 linguam:

373 832 476 898 En,
511 830 724 901 inquit,
758 829 935 885 etiam
961 846 1085 895 vos,
1122 846 1152 882 ο
1185 834 1409 897 anates,
1444 827 1771 900 supervolo.
1798 827 1882 882 llli
1917 827 2025 882 hoc

374 921 579 975 audito
623 920 981 975 excutientes
1042 919 1293 990 pondus,
1356 919 1653 989 perjuram
1697 916 2024 989 precipita-

372 1016 533 1079 runt,
568 1026 695 1081 quae
714 1009 965 1063 contrita
986 1008 1152 1079 lapsu
1180 1008 1420 1062 interiit.
1450 1007 1609 1062 Talis
1635 1008 1804 1061 ruina
1826 1011 2025 1061 manet

377 1118 495 1155 non
532 1099 889 1171 morigerum
924 1103 1082 1152 recta
1116 1098 1513 1153 monentibus.

452 1224 659 1280 XXIII.
697 1223 1021 1293 Respondit
1047 1222 1252 1294 alcyon
1291 1238 1303 1277 :
1338 1222 1567 1277 Auditis
1624 1239 1750 1293 quae
1800 1224 2023 1288 dixisti,

378 1320 574 1386 persto
608 1319 804 1367 tamen
835 1312 891 1365 in
927 1314 1237 1366 sententia.
1274 1312 1383 1365 Fac
1417 1313 1570 1381 quod
1598 1312 1777 1380 jubeo
1813 1328 1824 1365 :
1876 1329 2025 1383 pone

378 1422 505 1468 ova,
535 1402 775 1458 exclude
809 1400 1021 1472 pullos,
1057 1417 1161 1454 nec
1192 1401 1402 1454 timeas
1457 1399 1784 1455 Nereidem.
1845 1402 2023 1456 Natos

378 1509 550 1564 porro
574 1490 786 1563 pullos,
811 1490 1127 1545 adveniens
1146 1490 1346 1544 Nereis
1367 1506 1498 1544 cum
1516 1490 1643 1560 ipso
1667 1490 1799 1544 nido
1824 1508 2023 1546 secum

376 1581 658 1647 abstulit;
693 1597 807 1651 quo
828 1580 975 1633 facto
994 1596 1136 1632 uxor
1150 1578 1406 1651 alcyonis
1423 1580 1492 1632 ad
1507 1579 1695 1633 virum
1721 1596 2020 1635 conversa:

376 1672 493 1741 Ego
526 1671 786 1741 quidem,
811 1668 911 1737 ait,
946 1668 1054 1722 hoc
1080 1668 1164 1721 ita
1198 1674 1260 1721 ut
1290 1667 1482 1722 evenit
1514 1668 1774 1722 futurum
1801 1672 1855 1722 et
1878 1685 2025 1739 pra:-

372 1760 631 1813 videram
664 1763 721 1813 et
755 1757 1155 1828 praedixeram.
1189 1757 1297 1811 Sed
1317 1758 1493 1812 surdo
1514 1757 1787 1822 cecini,te
1810 1759 1881 1812 ad
1909 1775 2023 1812 non

378 1849 735 1904 credendum
762 1847 1107 1912 obﬁrmato;
1134 1862 1257 1914 quae
1292 1863 1469 1900 causa
1488 1846 1656 1900 nobis
1680 1848 1822 1900 tanti
1849 1847 2024 1917 hujus

375 1938 574 1991 damni
613 1936 737 1991 fuit.
771 1936 873 1991 Cui
908 1934 1106 2005 alcyon
1146 1953 1157 1988 :
1193 1935 1259 1989 Et
1291 1935 1642 2006 pradixeras
1686 1939 1742 1989 et
1785 1937 2025 1989 audive-
2055 1954 2102 2017 B

375 2044 537 2092 ram;
574 2026 675 2081 sed
706 2024 918 2079 videris
952 2024 1129 2079 oblita
1187 2025 1327 2094 quid
1390 2028 1513 2078 tum
1574 2026 1975 2091 responderim
2010 2043 2023 2081 :

375 2132 566 2170 nonne
591 2114 705 2169 dixi
729 2114 859 2182 tibi,
897 2114 944 2168 si
975 2113 1113 2184 quid
1148 2114 1374 2183 injuria:
1412 2113 1581 2168 nobis
1612 2114 1813 2168 Nereis
1874 2115 2026 2169 face-

372 2210 477 2271 ret,
509 2206 787 2258 daturum
827 2221 916 2258 me
950 2220 1189 2273 operam
1222 2207 1287 2256 ut
1324 2220 1437 2256 non
1494 2204 1669 2257 ferret
1727 2203 1972 2275 impune
2002 2204 2028 2259 ‘?

374 2295 491 2349 Hoc
525 2295 677 2365 quod
711 2298 850 2347 tunc
867 2293 1107 2364 promisi
1127 2292 1398 2347 effectum
1417 2292 1597 2359 dabo;
1620 2310 1750 2347 mox
1778 2293 2025 2347 videbis.

374 2385 453 2437 Ea
485 2383 715 2437 locutus
748 2387 1023 2452 cognatos
1056 2382 1395 2452 amicosque
1424 2399 1564 2437 suos
1595 2382 1797 2437 adiens
1829 2382 2028 2452 singil-

375 2473 562 2538 latim,
599 2489 723 2542 qua:
751 2488 960 2542 passus
992 2475 1147 2525 esset
1188 2488 1220 2524 a
1278 2470 1521 2525 Nereide
1581 2471 1867 2537 narravit;
1903 2476 2025 2525 tum

375 2564 458 2617 ait
494 2579 505 2616 :
541 2562 793 2615 Obsecro
828 2561 1205 2631 obtestorque
1235 2577 1337 2614 vos
1373 2576 1441 2614 ne
1476 2576 1564 2614 me
1596 2560 2025 2628 deseratis,sed

378 2654 716 2722 l'requentes
741 2649 1108 2703 auxiliamini
1142 2653 1474 2720 pugnaturo
1508 2656 1711 2703 contra
1743 2650 2026 2719 injustam

377 2740 797 2812 praedatricem,
834 2743 1175 2809 reputantes
1204 2744 1398 2793 vestra
1452 2739 1733 2793 interesse
1779 2744 1840 2792 ut
1898 2740 2027 2807 ejus

377 2831 607 2903 generis
641 2828 801 2882 ausis
832 2830 947 2881 cita
978 2826 1122 2882 ultio
1156 2845 1271 2881 non
1305 2827 1487 2893 desit;
1522 2844 1655 2881 nam
1700 2828 1768 2882 ad
1807 2845 2027 2881 unum-

387 2936 682 2993 quemque
712 2923 970 2972 vestrum
1006 2917 1175 2972 facile
1232 2916 1526 2988 perveniet
1583 2916 1912 2985 calamitas,
1978 2918 2025 2972 si

380 3011 501 3063 hzec
534 3006 797 3078 exempla
845 3006 1129 3060 invitante
1184 3005 1513 3076 inpunitate
1564 3008 2025 3076 frequententur.

382 3097 836 3168 Responderunt
868 3110 1121 3149 omnes:
1166 3098 1378 3149 Prmsto
1439 3111 1667 3161 sumus,
1728 3112 1796 3149 en
1848 3097 2024 3162 imus,

379 3188 492 3241 duc
526 3202 643 3255 quo
666 3186 771 3239 vis.
797 3186 905 3239 Sed
930 3201 1133 3253 parum
1156 3201 1476 3255 possumus
1499 3190 1701 3238 contra
1722 3185 2026 3239 Nereidem

379 3294 488 3331 suo
521 3275 669 3329 mari
702 3280 888 3329 tutam
919 3291 931 3327 :
958 3290 1063 3328 nec
1095 3291 1200 3327 nos
1235 3274 1503 3343 alcyones
1537 3278 1765 3327 tantum
1800 3273 1909 3341 ala,
1936 3292 2027 3329 ro-

380 3372 500 3421 stro
534 3371 635 3420 aut
663 3364 959 3435 unguibus
989 3364 1274 3427 valemus,
1329 3369 1392 3417 ut
1450 3364 1721 3435 persequi
1782 3381 1911 3418 eam
1970 3364 2028 3418 in

382 3472 559 3510 suum
622 3454 857 3525 penitus
912 3470 1155 3523 regnum
1217 3453 1416 3523 ibique
1460 3452 1661 3507 ulcisci
1711 3453 2032 3523 possimus.

386 3546 617 3615 Mergis,
654 3543 871 3615 cycnis,
906 3548 1009 3596 aut
1038 3543 1214 3596 etiam
1249 3542 1572 3607 vulturum,
1608 3542 1942 3611 aquilarum
1979 3550 2036 3597 et

383 3632 695 3687 milvorum
739 3636 1202 3699 casterarumque
1260 3628 1561 3683 volucrum
1625 3629 2030 3697 auxiliaribus,

384 3724 715 3792 iisdemque
749 3720 1101 3787 numerosis,
1136 3736 1284 3789 opus
1318 3719 1386 3772 ad
1449 3719 1556 3772 hoc
1615 3724 1770 3773 esset
1826 3721 2029 3791 copiis.

382 3813 554 3883 Ergo,
577 3811 770 3881 inquit
802 3810 1028 3881 alcyon,
1052 3809 1240 3862 venite
1266 3824 1493 3862 mecum
1520 3824 1747 3875 omnes,
1771 3813 1827 3861 et
1848 3809 2029 3862 simul

383 3920 514 3956 aves
552 3917 825 3971 rogemus
860 3917 929 3953 ne
959 3903 1276 3969 graventur
1299 3896 1706 3961 adessenobis,
1740 3897 1916 3952 chara
1942 3898 2028 3968 pi-

384 4008 567 4063 gnora
600 3990 801 4060 inique
833 3993 1001 4058 rapta
1034 3986 1455 4057 repetentibus.
1510 3985 1636 4040 Una
1671 3988 1778 4040 fuit
1830 3989 2024 4042 avium

380 4081 642 4135 omnium
671 4078 972 4149 responsio
1002 4078 1334 4132 :Faciemus
1360 4076 1513 4147 quod
1542 4076 1736 4147 petitis
1757 4075 2025 4142 libenter,

381 4170 553 4224 modo
586 4169 642 4222 in
677 4169 730 4223 id
766 4185 865 4221 rex
897 4171 1094 4222 noster
1124 4170 1387 4233 annuat;
1422 4182 1557 4219 nam
1594 4166 1817 4235 absque
1847 4167 2024 4236 hujus

383 4268 527 4313 nutu
553 4258 699 4312 nihil
736 4256 847 4311 tale
880 4256 1048 4311 nobis
1081 4256 1214 4311 licet
1245 4254 1565 4325 suscipere.
1604 4255 1748 4319 Quid
1782 4254 1969 4310 multa
1999 4256 2027 4310 ‘2

380 4349 639 4402 defertur
669 4364 760 4401 res
794 4347 861 4400 ad
907 4362 1098 4417 regem
1130 4345 1457 4399 volucrum.
1492 4344 1547 4398 Is
1570 4344 1865 4415 negotium
1890 4363 2023 4414 pro-

381 4439 495 4502 bat,
534 4436 749 4491 bellum
782 4440 903 4490 toto
927 4435 1070 4490 cmlo
1102 4434 1159 4488 in
1191 4435 1498 4489 Nereidam
1534 4434 1736 4488 indicit
1768 4451 1833 4489 ac
1856 4451 2023 4505 expe-

378 4528 657 4581 ditionem
694 4530 879 4597 parat.
913 4524 1170 4578 Audiens
1202 4525 1317 4577 ista
1347 4523 1570 4588 Nereis,
1605 4523 1789 4577 etlate
1810 4525 2025 4579 fervere

379 4621 728 4688 apparatum
764 4613 973 4668 ruituri
1002 4629 1135 4666 mox
1167 4613 1224 4665 in
1252 4612 1440 4682 ipsam
1478 4612 1764 4666 exercitus
1796 4613 2018 4678 videns,

2133 650 2381 717 stigator
2410 651 2641 722 agebat,
2674 654 2943 723 quamvis
2975 655 3338 710 contrarium
3364 654 3672 724 simulans,
3724 661 3785 709 ut

2133 739 2862 796 tauruminsidiosissimis
2876 743 3247 797 sermonibus
3266 743 3324 797 in
3348 744 3563 799 ferocia
3580 743 3785 800 isthmc

2133 843 2277 880 ausa
2312 827 2676 899 propelleret.
2711 831 2861 900 Ergo
2892 835 3147 902 cceptum
3182 849 3249 886 ex
3279 840 3407 887 voto
3441 832 3551 886 sibi
3585 834 3786 887 videns

2133 916 2469 981 succedere,
2504 922 2567 971 ut
2592 917 2875 974 scelerato
2909 920 3379 975 machinamento
3412 922 3781 976 committen-

2134 1005 2341 1061 dorum
2376 1008 2722 1063 aemulorum
2753 1027 2992 1064 manum
3029 1011 3293 1066 ultimam
3331 1013 3653 1082 inponeret,
3687 1014 3782 1066 de-

2131 1093 2411 1150 claranda
2442 1098 2672 1168 putavit
2704 1103 2873 1154 tauro
2902 1100 3073 1170 signa
3105 1116 3229 1170 qua:
3253 1102 3307 1154 in
3330 1099 3514 1167 leone,
3539 1102 3680 1154 dum
3707 1102 3778 1154 ad

2135 1183 2488 1239 saeviendum
2507 1203 2568 1240 se
2583 1187 3052 1259 acciugit,notari
3072 1194 3517 1255 consueverunt,
3539 1188 3783 1242 sicutvi-

2136 1272 2336 1327 cissim
2363 1276 2703 1331 antealeoni
2728 1284 3076 1348 exposuerat
3098 1278 3313 1332 indicia
3340 1278 3561 1333 ferociae
3584 1277 3643 1330 in
3669 1278 3784 1331 vim

2134 1366 2373 1416 exsertae
2397 1364 2551 1418 tauri
2576 1370 2692 1420 toto
2718 1383 2849 1421 mox
2870 1373 3081 1421 conatu
3108 1368 3458 1439 pugnaturi;
3487 1372 3548 1421 ut
3569 1383 3701 1421 cum
3724 1365 3780 1420 in

2138 1468 2233 1505 mu
2246 1458 2409 1507 tuum
2428 1471 2559 1508 mox
2572 1462 2948 1526 conspectum
2967 1458 3138 1511 ambo
3153 1457 3469 1512 adversarii
3488 1457 3788 1511 venissent

2135 1557 2203 1595 ex
2236 1547 2444 1596 mutua
2467 1544 2579 1598 ista
2602 1547 3005 1600 observatione
3024 1547 3329 1617 signorum
3351 1547 3784 1617 praedictorum,

2137 1631 2204 1684 ad
2236 1631 2503 1701 praelium
2542 1652 2605 1687 ac
2638 1636 2854 1689 caedem
2888 1635 3282 1691 irritarentur.
3314 1636 3555 1690 Intuéns
3605 1636 3788 1706 igitur

2134 1725 2370 1774 taurum
2390 1721 2520 1776 ﬁcta
2549 1724 2963 1778 benevolentiae
2985 1725 3196 1795 specie.
3226 1725 3703 1796 Quandoinquit,
3726 1724 3782 1778 in

2137 1810 2189 1863 vi
2222 1810 2617 1867 dissuadenda
2650 1814 2839 1868 frusta
2866 1831 3019 1881 sum,
3055 1820 3110 1869 et
3130 1815 3375 1885 experiri
3400 1816 3552 1869 vires
3576 1814 3785 1869 tuasin

2138 1898 2361 1954 leonem
2398 1902 2858 1958 irrevocabiliter
2880 1910 3072 1957 certus
3096 1905 3350 1975 es,quod
3378 1904 3651 1957 ultimum
3680 1904 3784 1958 tali

2132 1994 2393 2060 tempore
2416 1990 2600 2045 ﬁdelis
2624 1992 2895 2046 amicitia:
2920 1993 3175 2048 ofﬁcium
3201 2010 3268 2047 ex
3290 2009 3382 2046 me
3414 1993 3516 2046 tibi
3537 2008 3662 2048 esse
3691 2011 3786 2064 po-

2133 2083 2266 2145 test,
2309 2080 2593 2135 admoneo
2616 2086 2689 2146 te,
2717 2082 2932 2151 quibus
2956 2100 3021 2136 ex
3043 2082 3230 2153 signis
3254 2086 3408 2137 certo
3434 2098 3616 2152 queas
3640 2100 3790 2153 prm—

2134 2185 2373 2223 noscere
2392 2171 2758 2239 ignoscentes
2777 2171 2905 2226 inte
2930 2172 3113 2226 leonis
3138 2171 3340 2238 furias,
3360 2171 3789 2226 moxinimma-

2134 2258 2410 2312 nissimos
2437 2258 2692 2314 insultus
2717 2267 3050 2331 erupturas.
3082 2260 3181 2315 Ubi
3207 2276 3343 2331 ergo
3364 2259 3554 2315 leonis
3576 2261 3777 2315 effera-

2134 2351 2224 2401 tos
2256 2351 2312 2400 et
2340 2347 2627 2417 sanguine
2660 2349 2918 2403 suffusos
2941 2349 3141 2404 oculos
3173 2349 3409 2415 videris,
3442 2349 3540 2404 ubi
3570 2350 3773 2404 eodem

2132 2440 2394 2507 tempore
2428 2438 2722 2492 notaveris
2756 2438 3155 2509 impatientem
3191 2443 3503 2493 tremorem
3537 2455 3686 2510 aegre
3719 2456 3779 2494 se

2134 2527 2562 2580 continentium
2584 2544 2617 2580 a
2640 2528 2862 2581 rueudo
2878 2534 3136 2596 artuum,
3156 2527 3334 2582 simul
3351 2545 3484 2582 cum
3500 2529 3702 2583 crebro
3720 2533 3777 2583 et

2131 2614 2456 2668 vehementi
2488 2616 2685 2669 caudae
2712 2620 2871 2687 terga
2902 2616 3251 2687 ﬁagellantis
3282 2622 3465 2681 motu,
3491 2634 3625 2672 cave
3652 2622 3778 2672 tum

2133 2702 2258 2771 tibi,
2293 2707 2349 2757 et
2380 2709 2584 2757 contra
2615 2705 2818 2775 expedi
2853 2710 3141 2775 quantum
3176 2705 3358 2760 habes
3400 2706 3512 2759 vim
3551 2721 3564 2759 :
3623 2711 3778 2761 certo

2133 2792 2290 2845 enim
2327 2792 2542 2846 certius
2575 2793 2769 2847 statim
2804 2794 3119 2865 experieris
3180 2794 3534 2849 sazvissimos
3593 2794 3780 2866 impe-

2136 2886 2232 2935 tus
2266 2881 2454 2936 hostis
2487 2882 2934 2953 immanissimi,
2964 2884 3102 2938 totis
3136 2884 3193 2937 in
3224 2888 3279 2938 te
3310 2884 3533 2937 viribus
3584 2885 3773 2938 usuri.

2207 3007 2413 3060 XXIV.
2456 3008 2517 3060 In
2553 3008 2709 3062 hunc
2742 3008 2981 3061 modum
3013 3006 3309 3078 instigatis
3342 3007 3399 3061 in
3435 3024 3494 3061 se
3526 3006 3776 3061 invicem

2135 3095 2418 3150 scelerato
2452 3095 2834 3167 Vestigatoris
2866 3096 3111 3151 artiﬁcio
3144 3096 3308 3150 leone
3359 3101 3534 3166 atque
3591 3100 3782 3163 tauro,

2137 3185 2229 3238 hic
2260 3186 2328 3239 ad
2369 3184 2532 3239 illum
2567 3186 2915 3255 ingreditur.
2937 3187 3237 3240 Ambobus
3262 3191 3457 3240 autem
3492 3202 3553 3240 se
3577 3190 3783 3239 mutuo

2145 3276 2533 3343 intuentibus,
2569 3293 2633 3329 ac
2658 3276 2825 3330 leone
2857 3276 3095 3346 quidem
3128 3280 3361 3330 notante
3390 3275 3449 3328 in
3486 3280 3654 3330 tauro
3704 3276 3787 3330 si—

2147 3382 2263 3435 gna
2294 3365 2723 3419 effervescentis
2756 3365 2812 3418 in
2837 3364 2952 3418 vim
3000 3366 3096 3419 irae
3130 3382 3255 3436 quae
3280 3365 3617 3436 Vestigator
3640 3382 3783 3436 prae-

2148 3458 2457 3508 monuerat
2489 3471 2506 3507 :
2541 3458 2706 3507 tauro
2735 3453 2999 3507 vicissim
3033 3453 3195 3523 paria
3222 3452 3440 3506 indicia
3472 3452 3788 3523 prurientis

2145 3546 2202 3598 in
2238 3559 2498 3614 pugnam
2532 3543 2777 3609 fcrociae,
2810 3559 2936 3613 quae
2970 3543 3122 3596 idem
3141 3542 3507 3613 praedixerat,
3541 3543 3598 3596 in
3623 3541 3791 3598 leone

2143 3638 2439 3701 cernente,
2474 3632 2633 3702 prior
2662 3636 2868 3686 taurus
2888 3631 2969 3686 sic
3003 3630 3161 3701 loqui
3189 3648 3359 3685 orsus
3386 3636 3475 3686 est
3508 3635 3791 3685 :Przestat

2141 3722 2400 3775 assidere
2421 3721 2711 3791 speluncas
2736 3721 3119 3791 quantumvis
3150 3721 3259 3774 diri
3286 3721 3580 3784 draconis,
3606 3737 3784 3791 quam

2139 3810 2286 3864 aula:
2318 3810 2472 3879 regis
2500 3811 2584 3864 tui
2625 3811 2861 3879 similis,
2898 3828 2929 3864 ο
2960 3812 3070 3877 leo,
3106 3811 3319 3866 hocest
3343 3810 3547 3881 injusti
3572 3827 3787 3864 acsan-

2138 3900 2389 3969 guinarii
2423 3917 2435 3966 ;
2471 3905 2525 3951 et
2560 3904 2687 3968 post
2720 3900 2867 3952 hanc
2900 3900 3067 3969 quasi
3103 3900 3570 3971 clarigationem,
3606 3900 3787 3971 impe-

2140 3992 2264 4040 tum
2298 3988 2367 4041 ad
2402 3987 2519 4039 vim
2552 3986 2801 4056 expedit.
2835 3989 2945 4042 Sed
2980 3996 3226 4058 occupat
3262 3990 3369 4057 leo,
3400 4007 3465 4045 ac
3489 3990 3788 4045 violentis-

2136 4076 2570 4131 simeinsiliens
2630 4077 2912 4131 miserum
2963 4078 3245 4148 discerpit
3303 4083 3361 4132 et
3391 4079 3786 4134 excarniﬁcat.

2134 4166 2227 4220 Sic
2257 4164 2532 4221 occubuit
2563 4172 2763 4219 taurus
2795 4165 2854 4218 in
2877 4163 3063 4219 oculis
3086 4164 3470 4236 Vestigatoris
3502 4170 3557 4219 et
3614 4169 3785 4220 Coro-

2133 4255 2253 4309 nati
2286 4256 2443 4326 (nam
2479 4258 2535 4309 et
2565 4255 2659 4309 hic
2693 4256 2836 4309 forte
2863 4271 3118 4325 praesens
3153 4255 3388 4325 adfuit),
3432 4253 3529 4324 qui
3592 4254 3787 4309 sciens

2134 4345 2266 4416 quis
2298 4345 2654 4415 compositor
2684 4344 2865 4413 hujus
2897 4343 3195 4415 tragoediae
3217 4343 3443 4409 fuisset,
3469 4360 3786 4398 conversus

2133 4436 2201 4489 ad
2239 4434 2517 4488 artiﬁcem
2553 4431 2791 4487 sceleris
2822 4434 3267 4503 Vestigatorem,
3302 4431 3372 4486 iis
3408 4432 3567 4485 illum
3605 4432 3787 4485 intui—

2131 4528 2224 4576 tus
2255 4529 2342 4577 est
2364 4523 2548 4577 oculis
2583 4523 2683 4593 qui
2716 4524 2858 4576 satis
2891 4523 3266 4576 ostenderent
3299 4526 3354 4575 et
3414 4537 3591 4590 quam
3649 4536 3782 4590 gra-

2134 4612 2650 4683 viterimproharet
2676 4616 2914 4674 factum,
2944 4609 3455 4681 etquantuminde
3490 4609 3780 4663 malorum

377 4708 643 4760 difﬁdere
674 4702 984 4776 cmpitsuis
1010 4702 1257 4769 viribus,
1299 4700 1662 4771 consilioque
1695 4718 1891 4755 secum
1924 4703 2027 4755 ha-
2060 4688 2106 4748 ί)
2142 4702 2194 4754 in
2231 4702 2489 4756 auctoris
2520 4706 2695 4772 caput
2736 4701 3202 4755 redundaturum
3263 4703 3416 4753 esset
3474 4698 3786 4770 praedicere

379 4797 521 4862 bito,
582 4795 835 4849 decrevit
886 4792 1206 4863 periculum
1265 4790 1607 4861 pmnitentia
1662 4796 2019 4861 praevertere.

380 4886 574 4941 Rediit
603 4900 739 4953 ergo
773 4884 840 4936 ad
870 4882 1191 4951 alcyonem,
1227 4885 1281 4933 et
1313 4896 1451 4933 suos
1471 4878 1553 4932 illi
1580 4878 1771 4949 pullos
1804 4878 2023 4933 incolu-

380 4991 503 5029 mes
534 4972 809 5028 reddidit.
844 4975 975 5024 Haec
1006 4969 1124 5023 dixi
1157 4974 1221 5023 ut
1254 4967 1567 5039 intelligas,
1594 4973 1782 5031 taure,
1804 4967 1943 5038 quid
1969 4972 2023 5023 te

379 5070 634 5120 statuere
659 5060 965 5116 conveniat
994 5059 1050 5113 in
1085 5059 1194 5113 hoc
1217 5058 1525 5112 temerario
1561 5058 1859 5129 procinctu
1886 5057 2022 5111 belli

380 5151 727 5224 capessendi
752 5150 1031 5205 adversus
1062 5148 1314 5213 leonem,
1348 5148 1437 5201 cui
1474 5147 1611 5201 totis
1636 5146 1758 5201 suis
1784 5152 1839 5200 et
1860 5146 2021 5217 regni

378 5242 590 5314 Opibus
624 5238 865 5294 bellanti
900 5238 1057 5292 haud
1104 5238 1293 5307 magis
1342 5242 1398 5291 te
1444 5237 1769 5291 resistendo
1820 5252 2021 5306 parem

381 5348 556 5402 quam
594 5328 900 5383 Nereidem
936 5327 1055 5397 regi
1098 5326 1469 5393 avium,tute,
1496 5330 1560 5379 ut
1601 5325 1851 5379 arbitror
1880 5326 2021 5379 fate-

378 5421 553 5475 beris.
588 5418 767 5473 Cedes
800 5434 957 5487 ergo,
995 5416 1043 5470 si
1089 5432 1180 5470 me
1234 5415 1461 5480 audias,
1523 5419 1579 5468 et
1626 5413 2023 5485 pacatioribus

377 5509 646 5563 intendes
680 5507 944 5561 animum
980 5504 1259 5559 consiliis.
1294 5504 1418 5558 Non
1452 5504 1781 5575 acquiesco,
1828 5503 2021 5573 inquit

372 5598 641 5654 ferociter
663 5600 867 5650 taurus
898 5612 910 5650 :
934 5599 1139 5665 pacata
1165 5593 1279 5649 ista
1305 5593 1418 5648 ista
1440 5592 1686 5648 consilia
1710 5592 1934 5646 lentum
1958 5592 2017 5647 in

373 5688 621 5744 exitium
655 5701 748 5739 me
785 5684 1209 5753 pertraherent.
1246 5683 1505 5750 Praastat,
1536 5689 1593 5737 et
1623 5688 1847 5737 certum
1907 5688 2017 5750 est,

390 5776 572 5833 semel
601 5773 945 5847 periclitari,
978 5778 1035 5827 et
1070 5773 1154 5827 vel
1192 5773 1406 5828 nobilis
1435 5773 2015 5843 victorize,\relmortis

2134 4794 2293 4847 taciti
2328 4793 2841 4847 viderentur.Tum
2875 4808 3008 4845 eum
3044 4789 3782 4861 privatim,quamprimum

2133 4883 2322 4946 licuit,
2357 4899 2424 4936 ac
2458 4883 2583 4935 sine
2608 4881 2849 4936 arbttris
2882 4881 3259 4945 conveniens,
3295 4880 3389 4933 his
3427 4884 3516 4933 est
3574 4879 3784 4932 affatus

2134 4972 2337 5027 vorbia
2371 4990 2382 5025 :
2418 4972 2545 5025 Scis
2574 4963 2977 5042 quid'egeris;
3031 4976 3087 5023 et
3134 4970 3188 5023 in
3251 4969 3383 5023 sinu
3445 4965 3783 5039 gratularis,

2137 5066 2333 5115 nactas
2366 5077 2493 5114 esse
2522 5076 2691 5127 quem
2718 5064 2952 5130 optaras
2974 5074 3311 5111 successum
3336 5061 3467 5109 tuas
3489 5054 3783 5109 scelestis-

2137 5151 2320 5206 simas
2352 5148 2621 5204 insidias.
2656 5148 2829 5218 Atqui
2863 5153 2917 5201 te
2948 5146 3249 5217 providere
3280 5162 3346 5198 ac
3407 5149 3788 5215 prtemctuere

2144 5238 2618 5294 funestissimum
2653 5238 2763 5307 ipsi
2800 5237 2897 5289 tibi
2934 5236 3015 5289 tui
3051 5234 3321 5289 screleris
3364 5234 3583 5287 exitum
3618 5250 3787 5304 opor-

2140 5331 2347 5383 tuerat.
2371 5325 2674 5379 Maculasti
2698 5324 2882 5379 leonis
2905 5325 3140 5389 famam,
3166 5322 3627 5378 invidiosissime
3651 5338 3785 5376 sua-

2138 5419 2330 5473 dendo
2388 5415 2676 5481 facinore;
2734 5420 2970 5468 taurum
3031 5414 3403 5469 innocentem
3459 5411 3784 5483 perdidisti,

2142 5504 2489 5563 commisisti
2523 5503 2688 5574 prius
2712 5502 3033 5557 concordes
3066 5502 3225 5573 regni
3260 5518 3525 5573 proceres
3558 5501 3613 5553 in
3650 5516 3785 5569 per-

2141 5595 2596 5650 niciosissimam
2660 5592 3012 5646 discordiam
3048 5597 3104 5646 et
3134 5590 3565 5646 commilitones
3606 5588 3664 5642 in
3724 5604 3786 5641 se

2134 5686 2405 5748 invicem,
2448 5682 2625 5751 jactis
2687 5682 3047 5737 seditionum
3108 5679 3456 5741 seminibus,
3518 5677 3783 5731 armasti.

2134 5779 2217 5829 ‘An
2250 5777 2490 5844 impune
2513 5776 2568 5827 et
2598 5771 2854 5827 laturum
2890 5788 3092 5843 speras
3114 5770 3360 5824 crimina
3382 5773 3497 5823 tam
3526 5767 3788 5823 atrocia?
