4120 6406
372 426 510 492 1277

1387 431 1752 486 SPECIMEN
1793 420 2193 484 SAPIBNTUE
2234 428 2567 484 INDORUM
2604 430 2767 482 va'r.

3652 416 3792 475 1278

367 567 549 617 totam
593 572 766 613 avara
796 556 1120 628 cupiditate
1158 555 1580 609 devoraverat:
1618 552 2019 607 Periculosum
2053 546 2106 620 Α
2211 544 2439 607 XXVII.
2491 551 2801 621 Digressus
2846 542 3146 605 fraudator
3200 547 3481 615 nefarias,
3535 550 3784 617 patrem,

366 647 904 722 inquit,consilium
941 645 1248 715 suggeris;
1283 658 1417 698 nam
1443 644 1584 697 dum
1614 659 2020 707 numeramus,

366 743 510 795 dum
544 738 845 793 efferimus
877 750 1114 801 aurum,
1153 733 1544 788 intervenient
1575 730 1809 788 molesti
1837 737 1893 786 et
1928 748 2028 787 ra-

368 845 543 902 paces
576 826 803 882 arbitri.
838 830 955 896 Age
982 824 1177 895 potius
1208 821 1561 877 infodiamus
1588 822 2026 892 quamprimum

368 921 479 973 sub
514 918 614 972 illa
665 932 877 987 quercu
930 915 1085 985 quod
1139 913 1487 983 reperimus,
1538 912 1675 965 inde
1726 909 2029 981 sumpturi

367 1008 620 1064 subinde
652 1006 807 1077 quod
842 1021 986 1059 usus
1021 1006 1260 1074 poscet;
1307 1002 1391 1056 sic
1423 1001 1578 1055 enim
1632 1006 2025 1071 praeterquam

367 1098 522 1169 quod
558 1097 747 1151 securi
778 1096 999 1149 erimus
1030 1091 1395 1147 acalumniis
1427 1090 1645 1156 litium,
1667 1107 1697 1143 a
1731 1090 2023 1145 fiscalium

367 1185 881 1250 concussionibus,
916 1184 987 1237 ab
1023 1182 1256 1237 insidiis
1284 1181 1502 1243 furum,
1538 1181 1711 1234 etiam
1739 1179 1845 1233 hoc
1880 1194 2025 1234 novo

369 1276 636 1330 indivisa:
671 1272 1061 1345 possessionis
1122 1271 1355 1324 vinculo
1386 1270 1787 1338 astringemus
1817 1268 2025 1322 fortius

369 1366 583 1420 initam
609 1364 761 1417 inter
782 1377 888 1417 nos
929 1361 1207 1415 amicitiae
1237 1360 1597 1423 societatem,
1634 1360 1803 1426 cuj‘us
1835 1357 2024 1425 initia,

372 1455 472 1526 qui
506 1453 654 1509 tanti
710 1467 1023 1507 successus
1079 1449 1327 1519 augurio
1374 1446 1751 1503 fortunarunt
1804 1447 2020 1517 superi,

365 1543 666 1598 declarare
718 1542 992 1595 videntur
1043 1539 1300 1594 voluisse
1358 1538 1504 1592 nihil
1563 1550 1675 1592 non
1732 1536 2024 1592 felicitatis

364 1644 433 1689 ex
471 1635 600 1701 ejus
643 1646 749 1686 nos
801 1644 1039 1700 sperare
1087 1628 1526 1697 perseverantia
1582 1628 1810 1681 debere.
1874 1626 2018 1692 Quid

363 1719 927 1776 multa?PerSUasit
967 1718 1116 1773 latro
1166 1717 1423 1787 perfidus
1482 1716 1687 1786 ignaro
1750 1718 2021 1769 fraudum

363 1810 519 1882 quod
552 1808 827 1865 volebat:
869 1808 1155 1877 amboque
1187 1806 1488 1861 commUni
1530 1816 1727 1876 opera,
1763 1805 1872 1859 sub
1906 1814 2024 1875 qna

2138 652 2307 713 quem
2359 642 2515 696 domi
2574 638 2826 695 habebat
2870 640 3162 702 vetulum,
3196 639 3486 705 convenit,
3523 641 3597 699 et,
3624 636 3783 701 Quod

2137 732 2386 787 docuisti
2441 747 2529 785 me
2574 745 2827 801 semper,
2880 729 3097 799 inquit,
3130 729 3291 783 omni
3325 733 3445 781 arte
3480 743 3544 781 ac
3576 730 3787 780 conatu

2135 832 2256 876 rem
2301 830 2526 892 parare,
2562 820 2617 873 in
2654 830 2718 874 eo
2753 821 3030 873 navandae
3064 834 3249 887 Opera:
3286 817 3540 887 benigna
3591 832 3653 870 se
3685 830 3787 869 no-

2137 912 2227 969 bis
2261 913 2475 983 prazhet
2506 912 2756 979 occasio,
2790 911 2889 964 sed
2925 920 3050 979 qua!
3100 914 3267 963 tuum
3320 908 3579 977 exposcit
3625 906 3787 961 auxi-

2135 1004 2279 1059 lium
2330 1004 2387 1057 in
2441 1010 2499 1057 re
2560 1011 2674 1055 non
2733 1000 2910 1073 gravi.
2973 1000 3099 1055 Scis
3150 1002 3294 1070 quot
3352 1000 3477 1052 auri
3541 996 3781 1066 talenta,

2137 1094 2397 1149 Laverna
2425 1094 2672 1161 favente,
2707 1093 2947 1146 domum
2994 1102 3179 1160 naper
3212 1089 3506 1142 intulerim
3538 1103 3550 1141 :
3586 1104 3653 1141 ea
3683 1103 3783 1141 cu-

2136 1185 2361 1240 mulare
2419 1184 2745 1239 addicendo
2803 1182 2972 1236 nobis
3034 1179 3389 1253 patrimonio
3449 1176 3787 1233 scholastici

2135 1274 2306 1330 istius
2340 1270 2767 1344 simplicissimi
2825 1270 3104 1339 hominis,
3138 1274 3195 1324 et
3244 1269 3479 1323 animus
3535 1272 3592 1321 et
3650 1282 3786 1336 spes

2134 1371 2242 1432 est,
2282 1365 2451 1419 modo
2478 1374 2591 1417 non
2627 1363 2887 1433 graveris
2935 1359 3227 1430 cooperari
3265 1374 3364 1429 pro
3422 1357 3572 1411 virili
3605 1360 3790 1427 coepto

2136 1461 2343 1508 nostra:
2378 1450 2616 1506 familia:
2652 1450 3177 1522 quaestuosissime.
3204 1447 3449 1518 Exponit
3478 1447 3612 1501 inde
3644 1446 3786 1515 quid

2125 1542 2312 1613 judici
2349 1539 2704 1613 promiserit,
2735 1540 2875 1611 quid
2908 1539 2959 1594 is
3009 1538 3402 1594 constutuerit
3455 1537 3512 1590 in
3574 1536 3783 1590 crasti-

2133 1648 2296 1687 num.
2332 1634 2483 1686 Tum
2533 1630 2710 1685 infert
2748 1647 2760 1684 :
2799 1628 3099 1699 Exploravi
3145 1626 3459 1696 diligenter
3501 1638 3785 1696 quercum

2132 1722 2318 1792 illam,
2356 1738 2533 1792 quam
2569 1716 2853 1774 afﬁrmavi
2885 1717 3287 1773 testimonium
3314 1733 3415 1785 pro
3468 1730 3558 1769 me
3593 1716 3784 1769 dictu~

2132 1822 2535 1879 ram;cavum
2570 1812 2731 1865 intus
2791 1815 3065 1864 truncum
3126 1808 3324 1872 habet,
3382 1810 3439 1861 et
3489 1804 3548 1859 in
3607 1806 3783 1859 istam

362 1903 588 1957 dictum
621 1906 709 1956 est
735 1916 958 1954 annosa
988 1912 1229 1969 quercu,
1265 1898 1325 1951 in
1380 1896 1504 1951 loco
1536 1896 1661 1950 avio
1723 1896 1857 1961 sita,
1891 1896 2017 1949 the-
2052 1913 2096 1979 Β
2128 1911 2368 1975 specum
2403 1908 2654 1971 superne
2687 1900 2846 1973 patet
2877 1896 3075 1955 aditus
3111 1896 3294 1953 facilis
3354 1908 3458 1951 nec
3511 1894 3784 1950 Observa-

362 2006 604 2047 saurum
639 1991 939 2044 inventum
992 1987 1401 2053 condiderunt,
1463 1985 1658 2040 ablata
1709 1986 1769 2038 in
1838 1994 2011 2039 usum

364 2083 710 2152 praetentem
790 2079 1020 2133 modica
1080 2082 1281 2148 parte;
1368 2074 1571 2145 sicque
1649 2079 2016 2129 recesserunt

365 2172 606 2225 domum
636 2170 891 2239 quiaque
922 2182 1113 2233 suam,
1144 2165 1361 2221 omisso
1392 2164 1635 2219 consilio
1670 2164 2008 2235 peregrina-

364 2258 564 2323 tionis,
599 2257 771 2327 cujus
805 2256 1088 2310 institutze
1114 2254 1262 2309 litori
1303 2252 1532 2308 honesti
1580 2252 1798 2318 studio,
1861 2256 2017 2307 certa

354 2349 481 2418 jam
543 2350 719 2401 tanta:
780 2346 1040 2416 pecunia:
1102 2344 1341 2414 adeprio
1392 2359 1607 2397 causus
1667 2342 2013 2398 abstulerat.

363 2443 585 2493 Paucos
622 2441 750 2506 post
791 2435 915 2489 dies
971 2432 1345 2503 conSUmptis
1403 2431 1813 2497 scholasticus,
1868 2447 2015 2502 quos

360 2543 429 2581 ex
459 2527 737 2580 thesauro
765 2523 1143 2587 delibaverat,
1197 2522 1479 2585 nummis,
1533 2522 1757 2575 socium
1809 2535 2016 2574 convu-

360 2618 467 2684 nit,
501 2619 577 2682 et,
614 2615 674 2670 Si
707 2614 811 2669 tibi
865 2613 1110 2677 videtur,
1146 2611 1360 2681 inquit,
1406 2620 1611 2665 eamus
1658 2611 1730 2664 ad
1776 2610 2012 2664 thesau-

359 2722 532 2773 rum;
594 2705 839 2774 expendi
894 2704 1051 2757 enim
1103 2703 1259 2772 quod
1311 2700 1653 2755 extuleram.
1709 2701 1880 2764 Sane,
1933 2700 2015 2754 ait

358 2796 476 2862 ille,
513 2796 622 2851 hoc
661 2796 855 2866 ipsum
892 2794 1226 2865 cupiebam,
1275 2790 1581 2845 vaferrime
1630 2790 2012 2846 dissimulans

358 2891 537 2941 noctu
571 2894 632 2941 ae
666 2885 989 2955 profectum
1018 2884 1086 2938 ad
1106 2892 1386 2954 qdercum
1416 2888 1547 2935 cum
1574 2880 1734 2934 cistis
1768 2884 1824 2933 et
1842 2880 2015 2949 baju-

359 2975 453 3043 lis,
480 2978 686 3030 cuncta
719 2978 1036 3029 convasata
1066 2972 1462 3043 praeripuisse.
1498 2972 1651 3024 Eunt
1686 2970 2009 3038 ,eli‘odiunt,

361 3064 509 3120 nihil
542 3065 869 3119 inveniunt.
913 3063 1108 3118 Mirari
1162 3060 1582 3126 scholasticus;
1617 3064 1675 3114 at
1707 3060 1798 3113 fur
1828 3058 2011 3114 scele-

363 3154 663 3209 stissimus
724 3152 992 3208 bacchari
1052 3150 1292 3221 tragicis
1326 3149 1718 3220 intemperiis,
1769 3148 2012 3219 capillos

363 3242 475 3298 sibi
543 3243 772 3309 vellere,
828 3245 1004 3312 caput
1070 3240 1342 3307 tundere,
1422 3239 1627 3293 insane
1686 3238 2011 3305 vociferari,

363 3334 536 3387 deum
572 3332 995 3401 hominumque
1026 3331 1306 3384 obtestari
1338 3329 2008 3395 iidem,circumventum

364 3436 493 3475 sese
525 3434 557 3475 a
598 3419 947 3475 scholastice
998 3420 1281 3489 dejerare.
1332 3419 1441 3483 Tu,
1478 3417 1689 3485 aiebat,
1726 3415 1840 3470 ista
1872 3414 2018 3469 falsa

364 3509 671 3578 probitatis
723 3509 914 3579 specie
964 3512 1187 3561 tantam
1219 3506 1525 3576 perfidiam
1576 3505 1831 3576 legebas.
1884 3498 2013 3559 Tibi

360 3597 466 3653 soli
502 3602 671 3653 notus
710 3599 870 3652 locus
903 3601 1045 3663 erat;
1084 3602 1143 3650 tu
1191 3611 1280 3649 me
1329 3593 1868 3663 circumscripsisti,
1924 3610 2012 3648 ra-

361 3688 702 3758 pacissimis
733 3687 862 3741 istis
897 3686 1193 3749 manibus,
1230 3688 1425 3753 noctu,
1470 3699 1694 3736 mecum
1730 3682 2011 3736 tibicom-

361 3794 623 3845 munem,
650 3778 957 3849 pecuniam
993 3792 1144 3829 unus
1174 3776 1466 3828 auferens.
1494 3773 1596 3826 Hic
1630 3772 1809 3826 miser
1840 3772 2007 3826 scho-

358 3867 624 3937 lasticus,
658 3867 757 3922 ubi
796 3884 893 3937 per
924 3882 1126 3921 omnes
1175 3867 1411 3934 juratus
1460 3865 1600 3918 deos
1656 3879 1773 3916 suae
1832 3862 2006 3915 fidem

362 3957 709 4012 innocentiae
744 3974 854 4011 non
893 3956 1044 4017 fecit,
1096 3954 1450 4023 adjudiccm
1487 3970 1519 4006 a
1552 3951 1735 4006 sodali
1772 3950 2009 4021 nequis-

356 4046 509 4102 simo
568 4052 793 4101 tractus
854 4051 959 4100 est.
1022 4044 1258 4109 Praetor,
1324 4059 1435 4096 non
1516 4042 1757 4111 ignarus
1807 4041 2007 4110 officii,

353 4152 623 4190 severum
688 4134 933 4189 delatori
992 4133 1220 4187 vultum
1296 4133 1665 4186 obvertens:
1729 4136 2007 4195 Accusas,

351 4224 567 4295 inquit,
595 4228 932 4296 negantem,
969 4222 1158 4277 neutri
1186 4226 1445 4276 vestrum
1479 4220 1801 4275 credimus.
1836 4222 2009 4274 Ciste-

352 4332 481 4368 rum
518 4314 622 4368 tibi
660 4314 844 4368 actori
876 4329 1028 4367 onus
1060 4311 1352 4366 incumbit
1409 4309 1793 4365 convincendi
1833 4310 2010 4364 certis

347 4403 583 4457 indiciis
617 4402 844 4469 rei.Age
879 4402 1081 4473 igitur,
1139 4417 1253 4469 quo
1291 4405 1440 4454 teste
1487 4400 1701 4470 probas
1751 4401 2007 4453 furatum

357 4494 509 4546 hunc
544 4492 853 4564 pecuniam
891 4491 1001 4545 sub
1047 4506 1264 4561 quercu
1310 4490 1603 4544 defossam
1631 4488 1657 4542 ‘?
1689 4491 1809 4553 Quo
1844 4493 2008 4559 teste,

345 4581 563 4652 inquit,
597 4580 856 4652 quaeris?
898 4580 1065 4650 quasi
1097 4579 1348 4634 arbitros
1378 4577 1495 4632 illic
1526 4578 1859 4633 adhibuerit
1887 4595 2008 4632 ma-

2126 1992 2262 2048 bilis
2296 1992 2667 2047 intuentibus
2703 2007 2770 2045 ex
2803 1990 3000 2060 plano.
3032 1993 3175 2059 Age,
3211 1990 3343 2042 ante
3387 1987 3576 2040 lucem
3612 2002 3787 2039 occu—

2126 2094 2332 2153 pemus
2364 2099 2429 2137 eo
2482 2083 2656 2137 ambo
2715 2097 2819 2136 nos
2880 2079 3163 2134 conferre.
3211 2076 3399 2132 Scalis
3458 2077 3525 2130 ad
3590 2088 3785 2129 ramos

2129 2180 2396 2229 evectum
2430 2177 2485 2227 te
2515 2188 2619 2243 ego
2679 2168 3091 2243 percommode
3146 2168 3447 2223 demittam
3500 2167 3559 2220 in
3610 2182 3784 2236 pene-

2124 2262 2298 2319 tralia
2324 2280 2473 2318 cavae
2506 2263 2731 2317 arboris
2758 2280 2770 2328 ;
2796 2260 2876 2315 ibi
2908 2265 3035 2315 tuto
3069 2255 3544 2325 delitescens,ubi
3565 2259 3785 2311 statuta

2124 2354 2287 2424 hora,
2325 2356 2609 2425 praesente
2635 2355 2760 2422 jam
2797 2356 3062 2423 praetore,
3098 2349 3555 2420 interrogabitur
3613 2363 3784 2417 quer-

2123 2459 2227 2499 cus
2258 2442 2389 2513 quis
2416 2442 2758 2496 thesaurum
2794 2438 3125 2504 abstulerit,
3182 2442 3480 2492 memento
3536 2454 3605 2491 ex
3662 2436 3779 2490 imo

2123 2532 2497 2604 respondere,
2532 2530 2952 2585 scholasticam
3012 2526 3404 2599 praeripuisse.
3458 2528 3781 2597 Respondit

2123 2616 2191 2675 ad
2228 2638 2293 2675 ca
2324 2637 2500 2676 senex
2533 2637 2545 2674 ε
2576 2616 2803 2675 Faciam
2837 2619 3130 2689 equidem,
3182 2617 3284 2685 ﬁli,
3337 2619 3488 2687 quod
3523 2617 3643 2685 vis;
3673 2616 3772 2671 sed

2121 2716 2178 2767 te
2209 2711 2382 2766 etiam
2415 2717 2592 2781 atque
2640 2709 2816 2764 etiam
2852 2710 3222 2763 considerare
3270 2713 3480 2761 cuncta
3513 2707 3674 2777 prius
3709 2724 3773 2761 ac

2122 2816 2445 2873 praecavere
2477 2814 2774 2870 cuperem,
2807 2814 2878 2852 ne
2914 2799 3057 2851 forte
3098 2796 3215 2851 tuis
3271 2796 3398 2866 ipse
3438 2795 3770 2866 implicitus

2124 2890 2373 2959 laqueis,
2412 2888 2651 2960 patiaris
2709 2888 2861 2957 quod
2896 2903 3074 2958 cycno
3106 2884 3375 2955 contigit,
3429 2884 3658 2939 insidiis
3705 2885 3775 2938 ad

2122 2986 2445 3032 extremum
2478 2993 2779 3048 oppresso,
2814 2993 2963 3046 quas
2996 2974 3093 3029 ille
3131 2973 3372 3029 inimico
3405 2989 3776 3044 comparave-

2084 3060 2087 3063 ’
2122 3067 2383 3122 rat.Audi
2419 3066 2703 3133 fabulam,
2738 3082 2854 3121 non
2888 3064 3064 3135 longa
3094 3067 3331 3119 narratu
3397 3068 3507 3119 est.
3563 3064 3782 3117 Ferunt

2121 3157 2421 3211 nidificare
2439 3156 2680 3211 solitum
2698 3171 2946 3226 cycnum
2966 3166 3079 3209 non
3109 3154 3279 3224 longe
3295 3170 3326 3207 a
3341 3169 3481 3207 cavo
3507 3152 3779 3207 familiari

2128 3244 2259 3298 feras.
2281 3244 2739 3313 serpentis.quae
2774 3242 3038 3296 maleﬁco
3068 3240 3385 3310 indulgens
3418 3240 3611 3310 genio,
3648 3239 3776 3310 pul-

2126 3331 2213 3386 los
2245 3332 2406 3404 cycni
2438 3331 2614 3385 simul
2666 3331 2884 3385 exclusi
2923 3331 3170 3394 fuerant,
3195 3330 3317 3399 jam
3355 3329 3571 3399 saepius
3601 3329 3776 3383 devo-

2126 3426 2372 3477 raverat.
2410 3422 2674 3477 lrritatns
2734 3421 2952 3488 injuria
3012 3426 3134 3474 tam
3174 3418 3501 3474 vehementi
3535 3435 3774 3489 cycnus,

2127 3511 2371 3567 consilia
2392 3518 2590 3566 tamen
2628 3508 3443 3582 neglexitamioorum,locum
3469 3508 3777 3572 infestum,

2126 3607 2427 3671 utcunque
2460 3600 2543 3654 illi
2577 3601 2647 3654 ad
2681 3606 2887 3654 caetera
2942 3599 3339 3666 commodum,
3402 3597 3513 3651 alio
3575 3596 3779 3650 tutiori

2122 3695 2486 3745 commutare
2515 3690 2911 3744 suadentium.
2948 3689 3056 3743 Sed
3120 3694 3274 3743 totus
3306 3688 3569 3741 intentus
3600 3686 3658 3740 in
3695 3686 3779 3740 ul-

2119 3780 2339 3833 tionem
2374 3779 2578 3847 injusti
2613 3779 2986 3848 grassatoris,
3019 3778 3364 3848 exquirebat
3404 3793 3603 3831 secum
3650 3793 3775 3831 m0-

2118 3868 2223 3922 dos
2268 3867 2587 3937 reponendi
2646 3868 2696 3921 ei
2732 3868 2955 3923 damni.
2993 3867 3158 3921 Talia
3190 3867 3572 3921 meditantem
3600 3866 3779 3919 adivit

2117 3974 2345 4024 cancer,
2381 3960 2456 4023 et,
2492 3956 2626 4025 Cur,
2662 3958 2764 4023 ait,
2801 3973 2999 4028 cyone,
3033 3956 3471 4027 cagitabundus
3501 3961 3557 4011 et
3590 3956 3779 4011 tristis

2117 4063 2179 4101 es
2202 4046 2228 4099 ?
2258 4046 2431 4101 Justa
2463 4044 2630 4111 mihi,
2666 4062 2885 4113 cycnus
2913 4044 3128 4115 inquit,
3160 4049 3216 4098 et
3246 4031 3693 4100 sollicitudinis
3721 4050 3779 4098 et

2119 4135 2383 4190 mmroris
2433 4151 2612 4189 causa
2660 4138 2749 4188 est
2790 4133 3001 4188 vicinia
3032 4132 3424 4186 voracissima
3453 4134 3774 4203 serpentis,

2120 4242 2260 4280 meae
2322 4222 2543 4279 sobolis
2593 4240 2794 4277 cruore
2839 4222 3093 4292 saginari
3129 4221 3335 4277 solitae.
3393 4222 3490 4276 ilic
3540 4238 3773 4287 cancer,

2121 4313 2651 4385 Vides,inquit,hoc
2679 4312 2915 4367 cavum?
2946 4312 3319 4381 (ostendebat
3376 4329 3440 4365 os
3500 4309 3770 4380 patulum

2119 4402 2473 4458 carvernulaa
2501 4401 2838 4472 oppositum
2874 4418 2904 4455 e
2926 4400 3161 4471 regione
3184 4398 3438 4470 hospitio
3456 4400 3769 4471 serpentis)

2119 4495 2195 4549 ibi
2234 4495 2455 4550 habitat
2494 4492 2965 4564 nymphe,nostri
2996 4508 3341 4547 cancrorum
3378 4491 3608 4562 generis
3642 4492 3768 4545 ani-

2121 4584 2238 4638 mal
2270 4600 2447 4637 vorax
2469 4588 2527 4636 et
2558 4581 2744 4637 valide
2777 4586 3092 4641 armatum.
3156 4581 3225 4635 ad
3276 4581 3395 4635 haec
3430 4581 3772 4635 inimicissi-

344 4670 532 4725 leﬁcio
571 4675 897 4735 nocturno;
942 4676 1136 4723 tamen
1193 4673 1257 4721 ut
1287 4666 1395 4720 diit
1427 4670 1646 4721 scelera
1675 4666 1857 4721 latere
1890 4684 2004 4721 non
2042 4639 2086 4700 Β
2119 4691 2280 4728 mum
2317 4672 2873 4743 serpentibus.AiI'er
2903 4687 2931 4724 e
2964 4670 3221 4741 piscibds
3252 4670 3470 4739 quibus
3494 4672 3772 4739 vescaris,

344 4759 574 4827 sinunt,
637 4764 846 4813 testem
905 4757 1058 4812 dabo
1120 4756 1310 4828 ipsam
1388 4756 1657 4809 arborem
1706 4755 2001 4810 consciam

352 4848 510 4901 furti.
546 4849 686 4902 Cras
720 4864 789 4901 ne
838 4846 1098 4918 graveris
1156 4863 1222 4901 eo
1284 4843 1590 4898 nobiscum
1654 4847 1779 4907 (nec
1830 4842 2005 4913 longa

339 4933 431 4989 via
461 4936 567 5003 est)
614 4934 891 5002 tendere;
944 4932 1148 4987 audies
1199 4948 1314 4986 rem
1372 4931 1607 4995 miram,
1666 4930 1999 5001 loquentem

352 5024 619 5078 arborem
642 5029 699 5078 et
714 5023 936 5077 facinus
966 5021 1476 5093 improbissimum
1500 5021 1997 5092 prodentem.Jam

340 5113 565 5166 dudum
604 5112 916 5167 subolebat
976 5111 1252 5181 prudenti
1303 5110 1496 5180 judici
1557 5126 1625 5165 ex
1685 5110 1812 5180 ipsa
1871 5111 1999 5179 ejus

331 5200 774 5273 inquietissima
801 5201 1148 5271 jactatione,
1170 5204 1228 5254 et
1257 5199 1597 5256 scholastici
1623 5199 1998 5270 simplicitate

328 5292 625 5347 eminente
671 5309 736 5346 ex
783 5308 880 5346 ore
936 5296 1110 5362 atque
1170 5288 1379 5358 oculis,
1441 5289 1753 5345 nebulonis
1801 5291 1993 5359 fraus;

328 5398 464 5449 ergo
523 5380 860 5452 suspicans,
922 5381 1076 5451 quod
1141 5396 1234 5434 res
1292 5386 1437 5447 erat,
1500 5379 1699 5433 dolum
1776 5381 1849 5434 ab
1928 5397 1993 5435 eo

326 5472 647 5540 quemdam
690 5464 1064 5536 adornatum;
1109 5470 1210 5523 sed
1246 5469 1566 5539 prudenter
1592 5469 1990 5540 suspicionem

329 5560 742 5628 dissimulans,
777 5558 1174 5615 conditionem
1221 5558 1508 5626 admisit;
1569 5558 1878 5630 edictoque
1929 5564 1993 5614 ut

319 5651 608 5720 postridie
650 5652 796 5706 hora
847 5651 1019 5705 tertia
1076 5654 1190 5702 tam
1248 5652 1554 5703 accusator
1613 5665 1791 5719 quam
1856 5666 1988 5703 reus

318 5739 391 5793 ad
426 5756 709 5808 quercum
745 5741 1039 5806 adessent,
1075 5738 1274 5792 eodem
1337 5737 1466 5807 ipse
1509 5736 1817 5794 lictoribus
1871 5756 1982 5794 oze-

314 5832 577 5900 teraeque
610 5830 831 5885 forensi
866 5828 1095 5885 familias
1128 5826 1408 5882 condixit.

2115 4768 2172 4817 et
2206 4780 2306 4833 per
2338 4761 2715 4817 intervallum
2750 4760 3108 4815 foraminum
3139 4761 3392 4814 duorum
3425 4776 3657 4832 sparge,
3692 4761 3770 4815 ita

2117 4856 2181 4907 ut
2214 4856 2406 4923 partes
2435 4850 3118 4905 ultimusostiocavernae
3141 4847 3430 4919 serpentis
3454 4850 3767 4905 admoveas

2114 4942 2397 5013 proxime.
2434 4942 2704 5011 Egressa,
2740 4948 2799 4993 ut
2855 4940 3025 5007 solet,
3086 4938 3341 5009 nymphe
3398 4938 3469 4992 ad
3531 4939 3771 4994 odorem

2112 5028 2447 5099 praedaembi
2482 5027 2751 5098 saginam
2785 5043 3063 5098 sequens,
3097 5028 3166 5081 ad
3205 5044 3443 5097 specum
3480 5029 3772 5099 serpentis

2110 5116 2662 5188 pervenerit,isthuc
2694 5132 2928 5187 quoque
2960 5116 3484 5187 penetransipsam
3519 5118 3769 5173 occidet.

2107 5207 2263 5261 Fecit
2295 5208 2448 5277 quod
2485 5207 2913 5260 admonebatur
2944 5210 3259 5274 cycnus,et
3291 5208 3509 5260 factum
3535 5224 3766 5264 succes-

2109 5296 2206 5365 sit,
2242 5295 2396 5350 ultra
2422 5294 2657 5365 quidem
2692 5294 2881 5365 ipsius
2913 5298 3135 5363 votum,
3168 5294 3240 5348 ad
3275 5296 3594 5365 perniciem
3618 5300 3770 5367 ejus;

2106 5401 2242 5437 nam
2275 5383 2469 5439 occisa
2501 5388 2793 5452 serpente,
2846 5383 3121 5454 nymphe,
3186 5400 3429 5454 cycnum
3490 5391 3771 5455 praeterea

2103 5486 2283 5540 prope
2317 5469 2705 5524 dormientem
2744 5475 2932 5535 nacta,
2990 5470 3260 5533 confecit,
3322 5471 3500 5540 pullis
3546 5472 3763 5542 quibus

2103 5558 2414 5613 incubabat
2451 5557 2668 5627 pariter
2699 5558 3050 5628 absumptis.
3106 5559 3295 5613 Simili
3329 5560 3620 5629 exemplo,
3654 5561 3767 5630 fili,

2096 5664 2300 5702 vereor
2334 5665 2403 5701 ne
2438 5665 2545 5701 nos
2578 5664 2812 5718 quoque
2845 5648 3198 5703 insidiantes
3231 5647 3419 5713 alteri,
3464 5654 3766 5707 confracta

2097 5736 2154 5791 in
2192 5754 2296 5792 nos
2332 5754 2511 5807 quam
2531 5736 2821 5792 struimus
2846 5738 3115 5793 machina
3142 5736 3763 5808 opprimamur,Filius

2096 5827 2166 5880 ad
2193 5844 2260 5881 ca
2297 5842 2308 5882 :
2346 5827 2503 5882 Bono
2555 5826 2753 5882 animo
2808 5832 2953 5895 esto,
2990 5832 3175 5898 pater,
3225 5826 3432 5895 inquit,
3491 5830 3767 5886 turricula
