4120 6426
343 417 481 472 1279

1854 421 2246 476 APPENDIX.

3622 422 3763 477 1280

339 544 541 597 isthaec
576 559 723 596 vana
765 546 950 608 sunt;
1002 541 1349 614 navigamus
1394 542 1449 595 in
1500 546 1691 612 portu.
1745 541 2075 608 TalentaA
2104 544 2450 612 tnigreditus
2510 547 2826 604 incolumis
2877 548 3247 621 interpellare
3305 548 3761 620 gratulationem

340 636 510 687 modo
544 639 601 687 et
633 633 885 703 preedam
920 633 1175 701 opimam
1197 630 1386 701 cogita
1408 631 1662 686 fructum
1689 630 1989 702 paratissi-

336 740 497 778 mum
531 739 643 776 non
679 722 978 775 laboriosa:
1015 720 1261 774 fraudis.
1297 719 1445 783 Quid
1483 719 1990 775 multa?Persua—

335 830 439 868 sus
471 829 647 867 senex
678 826 877 864 cavam
914 810 1185 862 arborem
1218 808 1395 863 subit.
1431 807 1621 863 Judex
1659 810 1731 863 ad
1792 808 1991 864 condi-

336 907 495 957 ctum
532 900 1091 968 adest.Interrogata
1125 913 1339 968 magna
1382 914 1520 951 voce
1566 914 1806 968 quercu,
1860 896 1994 969 quis

338 994 565 1046 furatus
596 989 936 1042 thesaurum
972 986 1172 1040 esset?
1214 987 1369 1040 senis
1419 1004 1770 1057 responsum
1821 986 1989 1040 audi-

336 1087 452 1147 tur,
487 1097 520 1133 a
560 1077 912 1132 scholastice
954 1075 1227 1129 effossam
1281 1076 1653 1147 oblatamque
1687 1076 1992 1147 pecuniam

339 1171 661 1223 afﬁrmans.
698 1165 1050 1221 Mirantibus
1082 1165 1336 1230 cunctis,
1370 1180 1546 1235 sagax
1581 1170 1793 1236 praeter
1824 1164 1993 1217 intel-

340 1258 478 1312 lexit
509 1256 662 1327 quod
701 1272 793 1309 res
826 1259 967 1320 erat,
1006 1253 1137 1307 dolo
1169 1254 1321 1307 malo
1355 1254 1656 1308 conditum
1709 1254 1866 1308 intra
1907 1271 1997 1308 ca-

336 1365 465 1401 vam
499 1361 774 1415 quercum
810 1344 1109 1398 hominem
1146 1344 1357 1397 auditas
1389 1344 1548 1398 vocis
1582 1348 1912 1409 auctorem;
1939 1349 1997 1397 et

343 1436 573 1491 sublato
610 1435 663 1488 in
700 1449 970 1488 severum
1004 1432 1868 1504 supercilio:Mentiris,inquit,
1903 1449 1995 1487 ar-

347 1528 450 1581 bor
480 1524 767 1593 improba,
798 1522 1132 1576 innocentia
1154 1522 1487 1576 scholastici
1518 1526 1821 1593 perspecta
1852 1521 1997 1576 mihi

347 1615 547 1668 cst.Tu
572 1630 701 1667 vero
724 1611 1182 1665 falsitestimonii
1200 1611 1422 1680 justam
1451 1628 1681 1681 pd-nam
1700 1610 1998 1680 mejudice

348 1720 460 1758 non
496 1702 758 1771 effugies.
794 1706 922 1755 Mox
953 1702 1022 1754 ad
1068 1700 1451 1770 apparitores,
1488 1700 1723 1765 Atl'erte,
1754 1700 1992 1764 clamat,

343 1793 540 1863 ignem
561 1788 1163 1858 ocius,hucstipulam
1190 1796 1245 1842 et
1272 1787 1776 1857 faces;conflagret
1798 1788 1997 1842 statim

341 1881 590 1935 mendax
613 1884 991 1944 truncus,nec
1006 1877 1229 1932 diutius
1246 1878 1462 1932 mundo
1478 1876 1786 1932 fallacibus
1800 1892 2000 1931 oracu—
2030 1913 2080 1978 Β

340 1972 415 2025 lis
450 1971 676 2025 illudat.
714 1970 951 2023 Paretur
983 1968 1133 2023 illico
1170 1987 1181 2023 :
1211 1970 1335 2039 jam
1368 1972 1563 2022 cortex
1611 1968 1820 2034 futuat,
1856 1968 1983 2037 jam

342 2062 592 2116 flammae
624 2061 707 2115 vis
738 2062 893 2115 intus
920 2060 1329 2131 penetratjam
1346 2076 1523 2113 sensu
1549 2059 1836 2114 excitatus
1861 2057 2001 2112 mali

341 2155 397 2203 et
429 2150 685 2220 imagine
717 2153 1127 2203 consternatus
1162 2146 1409 2217 periculi
1446 2163 1645 2217 senex,
1661 2145 1952 2202 exclamat
1983 2162 1998 2201 :

344 2239 522 2292 Vivus
550 2238 747 2302 ardeo,
790 2236 1020 2291 educite
1066 2252 1177 2290 me.
1233 2236 1541 2290 Extractus
1588 2233 1999 2291 semiustulato

344 2333 555 2381 trunco
588 2332 753 2397 pater
783 2330 839 2379 et
869 2342 1039 2379 suum
1074 2333 1125 2378 et
1158 2325 1262 2378 ﬁlii
1323 2323 1517 2379 scelus
1556 2324 1998 2396 impudentissi-

346 2433 510 2471 mum
544 2416 830 2487 prodit.ln
866 2414 1072 2468 ambos
1101 2413 1227 2485 lege
1255 2418 1471 2469 actum:
1508 2419 1565 2469 et
1593 2414 1907 2469 thesaurus
1938 2414 1996 2469 in

345 2505 602 2561 solidum
629 2503 1004 2573 adjudicatus
1036 2502 1386 2557 scholastice
1410 2507 1518 2558 est.
1536 2504 1841 2574 Ejusmodi
1874 2520 2001 2558 suc-

343 2611 545 2650 cessus
567 2593 758 2648 solent
781 2609 909 2647 esse
931 2592 1282 2646 insidiarum
1302 2592 1593 2648 malitiose
1617 2597 2000 2651 structarum.

420 2711 665 2766 XXVIII.
724 2711 911 2774 Quare
986 2708 1200 2781 (pergit
1271 2710 1625 2782 Vestigatori
1680 2714 2003 2768 Coronatus

351 2802 563 2871 dicere)
599 2801 894 2856 infaustus
926 2800 1056 2865 tibi,
1102 2805 1158 2854 et
1186 2801 1411 2856 utinam
1448 2801 1632 2857 falsus
1663 2805 1848 2871 vates,
1881 2806 2005 2857 exi-

354 2896 502 2949 tium
528 2893 850 2960 denuntio;
886 2893 1087 2948 deesse
1119 2892 1411 2963 siquidem
1453 2910 1567 2948 non
1619 2896 1808 2964 potest
1859 2893 2003 2963 quin

356 2985 507 3040 male
564 3002 629 3039 ac
663 2988 889 3039 mature
921 3000 1124 3055 pereas
1176 2983 1394 3038 scelere
1431 2983 1655 3056 linguae
1694 2983 1868 3039 istius
1900 2984 2002 3038 oh-

353 3075 703 3130 trectatricis
751 3078 809 3128 et
855 3074 1113 3129 rixarum
1147 3074 1382 3129 satricis
1414 3078 1546 3144 tuae,
1580 3090 1755 3145 quam
1792 3078 1857 3129 ut
1882 3091 2003 3129 ser-

356 3166 656 3238 pentinam
693 3165 921 3233 horreo,
946 3164 1131 3218 nihilo
1163 3164 1319 3219 enim
1354 3180 1532 3234 quam
1567 3164 1687 3218 haec
1718 3164 1915 3218 minus
1948 3168 2006 3218 et

356 3258 457 3311 illa
485 3273 776 3312 venenum
811 3256 1053 3327 spargit.
1088 3256 1206 3311 Nec
1238 3256 1428 3328 magis
1474 3261 1532 3310 te
1588 3261 1755 3311 vetus
1805 3260 2005 3310 nostra
2037 3287 2078 3349 Ο

361 3349 505 3402 mihi
538 3348 909 3403 necessitudo
940 3346 1415 3417 conciliat,quam
1441 3364 1672 3401 morum
1704 3364 1769 3400 ac
1798 3345 2003 3400 volun-

360 3440 497 3494 tatis
556 3437 955 3494 irrevocabilis
1015 3436 1354 3505 malignitas
1405 3452 1646 3490 exosum
1686 3436 1838 3491 facit.
1868 3434 2007 3490 Novi

359 3529 514 3582 enim
551 3532 609 3582 et
639 3528 820 3598 probo
853 3526 1136 3597 sapientis
1193 3526 1454 3589 effatum,
1517 3524 1854 3588 sceleratos,
1908 3528 2006 3577 ut-

365 3633 597 3688 cunque
626 3613 1240 3684 intimi,quantumvis
1271 3612 1616 3684 cognatione
1650 3617 1752 3667 aut
1802 3612 2010 3683 quovis

365 3705 481 3760 alio
515 3705 600 3758 vel
630 3704 958 3757 arctissimo
1004 3700 1311 3755 afﬁnitatis
1358 3700 1590 3755 vinculo
1631 3701 1826 3771 juncti
1879 3718 2009 3772 pro-

364 3794 516 3848 xime
543 3793 679 3856 sint,
710 3806 851 3845 cane
876 3791 1044 3860 pejus
1075 3794 1131 3844 et
1162 3806 1349 3857 angue
1379 3788 1708 3860 fugiendos.
1741 3791 1849 3845 Sed
1881 3796 2011 3846 tan-

370 3882 548 3952 tisper
570 3882 741 3950 juvat
774 3880 1067 3934 remittere
1102 3896 1194 3933 me
1221 3896 1289 3933 ex
1321 3879 1636 3935 acerbitate
1665 3881 2011 3946 tanta,tibi-

369 3987 482 4042 que
542 3970 951 4024 imminentem
1014 3969 1470 4040 detegendarum
1546 3986 1678 4024 mox
1736 3969 2011 4025 fraudum

368 4060 747 4131 ignominiam
785 4059 1002 4113 mitiori
1024 4059 1285 4130 exemplo
1336 4076 1679 4130 proponere.
1732 4060 2017 4115 Mercator

367 4150 684 4221 aliquando
718 4165 922 4203 navem
957 4148 1190 4204 solvens
1220 4148 1279 4202 in
1332 4148 1748 4218 profectionem
1783 4149 2013 4219 longin—

369 4256 564 4311 quam,
592 4238 845 4293 laminos
873 4239 1006 4292 ferri
1033 4238 1260 4309 probati
1295 4242 1533 4292 centum
1570 4238 1720 4307 apud
1757 4239 2011 4292 amicum

369 4328 837 4400 deposuit.Hedit
868 4326 1063 4382 salvus
1096 4332 1227 4397 post
1260 4342 1492 4381 menses
1528 4326 1837 4396 aliquet,et
1869 4327 2012 4380 ami-

369 4436 499 4473 cum
534 4418 815 4485 invisens,
844 4418 917 4471 ab
966 4432 1053 4485 eo,
1104 4415 1151 4469 si
1203 4416 1488 4480 videatur,
1532 4416 1867 4484 depositum
1927 4433 2013 4470 re-

371 4508 533 4579 petit.
569 4506 672 4561 llle
724 4505 1003 4576 perﬁdus,
1046 4505 1147 4574 qui
1181 4504 1392 4558 ferrum
1444 4504 1667 4557 dudum
1710 4504 2012 4558 venditum

368 4598 425 4651 in
461 4613 581 4651 rem
615 4610 783 4650 suam
816 4598 1087 4657 verterat,
1124 4592 1387 4663 Ignosce,
1420 4593 1633 4661 inquit,
1668 4596 1723 4646 et
1772 4593 2014 4648 condole

368 4684 644 4739 humanis
672 4683 927 4738 casibus.
955 4681 1067 4751 Ego
1095 4686 1262 4734 tuum
1324 4680 1659 4750 depositum
1719 4682 2011 4750 apothecae

366 4775 675 4829 tutissimre
708 4771 1147 4837 commiseram,
1183 4774 1377 4838 portas
1410 4774 1467 4822 et
1512 4785 1674 4823 seras
1722 4769 2017 4823 validissi-

369 4881 493 4918 mas
537 4863 835 4917 obducens
881 4861 1160 4913 adversus
1220 4863 1489 4913 externos
1549 4858 1726 4927 fures,
1774 4860 2017 4930 ignarus

365 4953 677 5022 nequiores
701 4951 852 5022 apud
888 4966 976 5003 me
996 4947 1156 5002 nasci
1182 4964 1247 5001 ac
1274 4947 1428 5001 domi
1458 4948 1772 5002 nundinari
1797 4948 2018 5003 latrun-

366 5041 530 5095 culos
563 5039 1098 5110 mures,quiquam
1152 5040 1295 5091 bene
1340 5037 1558 5091 dentati
1620 5037 1736 5091 sint
1786 5038 2014 5093 labora-

370 5130 733 5200 bis,0pinor,
775 5131 833 5183 in
870 5128 1194 5194 credendo;
1260 5142 1393 5180 nam
1454 5142 1526 5179 ne
1581 5126 1722 5179 mihi
1777 5127 2014 5197 quidem

369 5217 707 5288 persuaderi
739 5219 1044 5288 potuisset,
1081 5215 1192 5269 nisi
1237 5215 1540 5269 vidissem.
1601 5215 1783 5271 Narro
1814 5221 2014 5273 autem

367 5322 498 5377 qum
529 5305 712 5359 oculis
748 5323 1001 5376 presens
1034 5304 1258 5374 subjeci
1314 5321 1327 5359 :
1380 5304 1625 5360 Circiter
1679 5314 1805 5375 post
1852 5322 2014 5361 men-

368 5411 490 5449 sem
528 5409 705 5464 quam
740 5393 991 5448 laminas
1033 5398 1167 5448 tuas
1210 5394 1268 5447 in
1320 5397 1447 5447 tuto
1505 5410 1903 5464 reposueram,
1956 5396 2013 5450 in

366 5484 639 5538 intimum
676 5483 822 5537 illud
870 5486 1173 5553 ingressus
1231 5482 1549 5553 penetrale,
1604 5486 1827 5555 reperio
1861 5501 2011 5554 ecce,

370 5576 575 5628 miram
623 5576 776 5630 rem!
813 5573 1031 5630 comesi
1070 5593 1102 5627 a
1143 5574 1434 5629 soricibus
1469 5575 1601 5629 ferri
1620 5577 2011 5645 exiguasdun-

369 5665 527 5713 taxat
554 5663 849 5733 reliquias,
895 5668 951 5717 et
982 5661 1118 5714 vilia
1163 5661 1305 5714 nulli
1358 5663 1437 5715 rei
1498 5663 1665 5718 utilia
1725 5672 2009 5724 ramenta.

367 5744 583 5800 Verum
620 5767 732 5807 non
765 5769 833 5808 ea
864 5750 1012 5807 tanti
1044 5754 1169 5804 tota
1208 5749 1442 5803 demum
1487 5752 1720 5821 jactura
1778 5760 1887 5825 est,
1946 5762 2008 5811 ut

2101 632 2343 703 debeat;
2411 634 2838 692 obliviscamur
2896 640 3029 705 ista,
3086 644 3145 695 et
3201 640 3416 694 soteria
3453 643 3556 693 tua
3603 636 3757 692 cele-

2104 720 2347 777 bremus
2382 723 2623 793 hilares,
2672 744 2791 782 una
2821 728 3012 782 simus
3047 728 3217 783 hodie
3248 730 3319 783 ad
3354 744 3599 783 cmnam.
3634 729 3765 792 Dic,

2104 811 2296 878 sodes,
2349 814 2580 883 spernis
2630 815 2913 885 sodalem,
2947 834 3019 871 an
3052 821 3459 889 exspectamus
3503 821 3557 871 te
3582 817 3607 870 ‘l
3631 822 3769 871 Haec

2108 906 2393 956 mercator
2425 904 2693 973 audiens,
2731 906 2836 961 etsi
2874 906 3107 977 penitus
3141 906 3575 978 indignabatur,
3626 906 3761 960 inﬁ-

2105 989 2341 1044 ciatoris
2379 992 2808 1062 impudentiam
2861 997 3185 1062 admirans,
3238 996 3384 1051 iram
3436 1000 3632 1050 tamen
3706 996 3764 1049 in

2107 1084 2396 1149 potestate
2428 1081 2653 1151 habuit,
2713 1090 2769 1138 et
2826 1086 2951 1140 suis
2997 1086 3182 1140 furem
3243 1086 3469 1139 artibus
3522 1083 3769 1155 aggredi

2107 1173 2321 1234 certus,
2355 1171 2722 1227 occasionem
2766 1176 3118 1245 exsequendi
3156 1175 3458 1239 meditata,
3492 1173 3549 1226 in
3601 1190 3767 1227 omna

2109 1257 2222 1312 ista
2256 1260 2323 1311 ad
2361 1276 2535 1329 quam
2572 1262 2952 1329 invitabatur,
3010 1264 3366 1318 offerendam
3416 1264 3527 1318 sibi
3571 1268 3766 1328 ratus,

2106 1348 2337 1401 vocanti
2373 1349 2615 1403 comiter
2646 1351 2934 1421 promisit.
2990 1353 3139 1406 Tum
3176 1351 3350 1422 paulo
3381 1356 3514 1406 ante
3545 1352 3770 1405 consti-

2107 1440 2300 1488 tutum
2328 1438 2664 1505 adveniens,
2698 1439 3001 1495 ludentem
3034 1442 3093 1496 in
3127 1441 3274 1495 ostio
3334 1441 3537 1511 perﬁdi
3591 1439 3767 1494 amici

2110 1524 2353 1579 ﬁliolum
2390 1532 2623 1592 nactus,
2658 1529 3028 1584 familiariter
3060 1530 3118 1583 in
3153 1529 3321 1584 ulnas
3349 1528 3647 1584 sublatum
3702 1529 3766 1583 in

2109 1630 2277 1668 suam
2311 1616 2548 1671 domum
2579 1618 2789 1687 aufert,
2822 1623 2880 1673 et
2923 1620 3049 1675 suis
3078 1619 3156 1672 ibi
3215 1618 3526 1690 diligenter
3573 1634 3766 1672 asser-

2109 1704 2365 1758 vandum
2400 1708 2779 1761 commendat
2812 1708 3029 1777 pueris.
3084 1708 3371 1762 Reversus
3415 1708 3574 1761 vultu
3611 1706 3769 1762 reni-

2110 1791 2292 1859 denti,
2320 1798 2586 1863 paratum
2621 1811 2684 1850 se
2716 1796 2788 1849 ad
2821 1795 3316 1851 discumbendum
3350 1797 3533 1851 offert.
3567 1799 3640 1850 At
3670 1812 3768 1867 pa-

2110 1886 2198 1935 ter
2226 1882 2486 1950 infantis,
2519 1885 2648 1953 ejus
2695 1885 2964 1939 absentia
3017 1885 3330 1951 sollicitus,
3380 1886 3576 1939 statim
3640 1886 3765 1940 viso

2111 1976 2477 2027 mercatore:
2513 1973 2706 2028 Heus!
2756 1990 2872 2044 quo
2933 1974 3144 2043 inquit,
3189 1974 3497 2045 pusionem
3549 1975 3763 2045 depor-

2107 2060 2295 2114 tasti?
2349 2078 2484 2116 nam
2516 2066 2573 2116 te
2604 2061 2921 2117 abstulisse
2971 2063 3160 2133 geruli
3218 2067 3553 2117 narrarunt.
3612 2063 3766 2117 Tum

2109 2152 2546 2219 mercator,lleu
2582 2167 2783 2205 casum
2818 2150 3145 2205 infelicem!
3184 2151 3533 2205 exclamavit
3581 2167 3593 2202 :
3642 2156 3763 2204 sta-

2106 2239 2212 2292 tim
2248 2238 2507 2293 sedatius
2538 2239 3343 2310 subjungens:Referendum
3378 2239 3535 2293 enim
3568 2244 3627 2292 et
3657 2254 3766 2308 ego

2110 2327 2291 2381 habeo
2359 2328 2902 2397 in0pinatissimum
2976 2333 3032 2383 et
3106 2329 3212 2383 tibi
3271 2328 3363 2381 vix
3415 2326 3758 2381 credibilem

2107 2422 2399 2471 eventum.
2433 2419 2727 2472 Teneham
2780 2418 3048 2487 amplexu
3110 2419 3391 2472 suavians
3431 2415 3762 2487 parvulum,

2109 2523 2243 2561 cum
2276 2508 2554 2578 accipiter
2583 2506 3098 2577 impetudevolans
3149 2511 3423 2577 ereptum
3471 2523 3501 2560 e
3542 2505 3765 2577 gremio

2111 2596 2291 2653 altum
2324 2598 2540 2668 rapuit,
2600 2597 2971 2669 avolavitque
3031 2597 3227 2652 nescio
3287 2613 3424 2667 quo,
3474 2594 3771 2667 disparuit

2110 2688 2329 2758 quippe
2377 2703 2443 2741 ex
2504 2687 2689 2743 oculis
2734 2686 3042 2742 citissime.
3105 2688 3321 2758 Apage,
3371 2690 3607 2740 vocator
3661 2683 3767 2749 ait,

2111 2793 2295 2845 nugas
2329 2777 2495 2841 istas,
2526 2776 2699 2831 redde
2730 2776 2814 2831 sis
2846 2777 3126 2830 infantem
3161 2792 3172 2829 :
3208 2774 3518 2846 accipitres
3549 2790 3766 2845 pueros

2112 2865 2610 2937 rapiant,scilicet.
2638 2866 2847 2928 Quidni
2882 2866 3156 2935 rapiant?
3190 2865 3422 2935 reponit
3453 2868 3769 2928 mercator,

2114 2956 2333 3011 ironico
2366 2954 2585 3022 arrisu;
2616 2954 2888 3026 equidem
2923 2971 2990 3010 ex
3022 2972 3156 3025 quo,
3193 2958 3257 3008 ut
3289 2969 3603 3015 memoras,
3669 2968 3770 3005 ro-

2114 3046 2247 3099 dere
2299 3060 2496 3099 mures
2558 3046 2774 3099 ferrum
2835 3048 3153 3115 cmperunt,
3213 3043 3414 3097 eadem
3463 3045 3763 3095 astrorum

2114 3135 2203 3188 vis
2236 3151 2452 3189 arcana
2474 3150 2604 3204 quae
2630 3135 2835 3188 dentes
2875 3135 3133 3188 sericum
3177 3131 3586 3187 adamantinos
3636 3131 3770 3183 red-

2115 3223 2283 3285 didit,
2321 3239 2547 3292 ungues
2581 3238 2811 3292 quoque
2874 3221 3167 3275 falconum
3229 3238 3341 3274 mre
3399 3225 3519 3274 tam
3579 3220 3774 3290 rigido

2119 3311 2389 3376 armavit,
2425 3314 2490 3364 ut
2512 3312 2633 3379 jam
2690 3310 2776 3363 vel
2823 3310 3165 3380 elephantes
3197 3311 3253 3364 in
3290 3310 3474 3364 altum
3536 3309 3771 3364 tollant.

2118 3400 2211 3454 Sic
2242 3399 2423 3469 igitur
2446 3399 2614 3466 habe,
2648 3399 2772 3469 pari
2813 3399 3100 3453 ambobus
3135 3398 3305 3453 nobis
3337 3414 3476 3452 casu
3524 3397 3774 3467 periisse

2118 3488 2261 3544 mihi
2296 3490 2534 3553 ferrum,
2588 3488 2695 3542 tibi
2732 3486 2937 3542 ﬁlium.
2986 3487 3391 3552 Deprehensus
3450 3487 3604 3540 dicto
3664 3502 3769 3540 ne-

2117 3578 2276 3641 bulo,
2340 3577 2572 3633 nonnisi
2651 3577 2921 3647 abnegati
2993 3576 3240 3647 depositi
3302 3575 3597 3647 persoluto
3658 3575 3771 3629 rite

2119 3667 2301 3739 pretio
2334 3675 2535 3721 natum
2570 3666 2821 3736 denique
2852 3666 3089 3736 recepit.

2190 3791 2596 3847 XXIX.Talem
2630 3796 2686 3844 et
2708 3796 2763 3845 te
2782 3791 3182 3845 confusionem
3204 3793 3539 3859 exspectare
3567 3789 3774 3857 jubeo,

2121 3882 2239 3937 tuis
2273 3882 2510 3936 tandem
2547 3880 2854 3935 fraudibus
2884 3879 3323 3949 mendaciisque
3364 3877 3776 3949 deprehensis.

2119 3972 2231 4027 Sed
2263 3970 2390 4025 lavo
2423 3970 2664 4024 laterem
2708 3969 2827 4023 haec
2886 3968 3232 4032 admonens,
3263 3984 3594 4038 aquamque
3627 3968 3791 4036 pari-

2120 4066 2207 4115 ter
2238 4065 2407 4128 atque
2440 4075 2674 4130 operam
2708 4058 2765 4111 in
2799 4058 3152 4129 detergenda
3194 4055 3478 4127 [Ethiopis
3511 4055 3778 4126 nigredi-

2123 4167 2214 4216 ne,
2278 4165 2406 4219 quae
2469 4148 2702 4218 penitus
2748 4150 3019 4201 concreta
3073 4145 3235 4200 nullo
3287 4144 3439 4199 nitro
3498 4144 3772 4199 delebilis

2122 4238 2378 4302 inolevit,
2414 4237 2612 4307 perdo.
2647 4236 2741 4290 Sic
2765 4236 2938 4290 homo
2972 4235 3184 4301 malus,
3223 4238 3534 4305 postquam
3569 4235 3776 4288 omnia

2122 4327 2458 4392 tentaveris,
2495 4323 2641 4378 nihil
2675 4325 2913 4377 demum
2949 4323 3104 4377 aliud
3138 4339 3318 4394 quam
3355 4324 3526 4377 homo
3582 4322 3776 4377 malus

2125 4422 2213 4471 est
2245 4434 2257 4470 :
2293 4420 2356 4469 ut
2378 4430 2615 4486 pomum
2660 4413 2957 4480 acerbum,
3009 4416 3311 4484 utcunque
3356 4413 3550 4484 ipsum
3600 4413 3774 4467 melle

2125 4506 2340 4576 saapius
2371 4505 2621 4572 oblinas,
2648 4504 2924 4558 acerbum
2952 4508 3145 4558 tamen
3187 4507 3386 4557 manet
3418 4519 3430 4556 :
3468 4519 3581 4556 non
3615 4502 3775 4555 enim

2128 4601 2358 4651 mutare
2392 4598 2661 4648 naturam
2696 4592 2972 4664 applicita
3004 4592 3257 4648 exterius
3291 4596 3479 4663 potest
3530 4591 3730 4645 unctio
3761 4607 3774 4644 :

2130 4691 2228 4740 aut
2262 4684 2373 4739 mel
2399 4685 2455 4737 in
2491 4683 2797 4753 superﬁcie
2855 4682 3167 4751 affrictum,
3194 4682 3521 4736 amaritiem
3576 4698 3778 4734 emen-

2128 4777 2264 4829 dare
2287 4773 2445 4827 succi
2464 4772 3124 4843 maligni,substantiam
3152 4771 3418 4825 intimam
3438 4770 3777 4824 inﬁcientis.

2128 4867 2314 4931 Quare
2347 4863 2531 4917 satius
2562 4863 2983 4932 est,desperala
3014 4861 3315 4916 curatione
3345 4860 3777 4930 improborum,

2128 4955 2394 5009 recedere
2425 4953 2497 5006 ab
2528 4968 2726 5006 eorum
2756 4950 3216 5016 consuetudine;
3251 4950 3588 5020 versarique
3639 4965 3773 5002 cum

2126 5043 2297 5097 bonis
2326 5046 2383 5096 et
2414 5039 3188 5095 innocentibus.Periculum
3224 5039 3378 5092 enim
3414 5043 3502 5092 est
3530 5055 3600 5091 ne
3626 5054 3777 5091 mor-

2126 5130 2233 5183 lius
2256 5128 2600 5197 contagione
2634 5131 3008 5197 propagetur,
3071 5133 3129 5182 et
3178 5127 3303 5180 sani
3341 5142 3773 5196 supervacaneo

2126 5217 2315 5273 seduli
2349 5216 2713 5287 injuvandis
2764 5216 2934 5287 tegris
2980 5216 3338 5281 istiusmodi,
3391 5232 3495 5269 nec
3545 5215 3775 5284 prosint

2124 5308 2266 5376 illis,
2299 5310 2356 5360 et
2386 5306 2498 5359 sibi
2534 5310 2817 5371 noceant;
2852 5321 2917 5360 ac
2949 5305 2999 5359 si
3034 5305 3229 5359 minus
3271 5303 3583 5375 Ianguores
3612 5305 3772 5373 ipso-

2125 5414 2249 5451 rum
2288 5394 2671 5462 contrahant;
2704 5399 2857 5448 certe
2889 5394 3066 5448 afflati
3105 5394 3257 5448 malo
3310 5409 3378 5447 ex
3430 5393 3502 5447 iis
3532 5392 3772 5446 halante

2126 5488 2322 5551 odore,
2358 5484 2612 5549 feteant;
2647 5500 2761 5537 non
2798 5484 2952 5537 enim
2987 5484 3131 5537 bene
3181 5481 3335 5537 olere
3395 5486 3641 5550 possunt
3670 5480 3771 5551 qui

2125 5573 2357 5629 latrinis
2389 5577 2490 5626 aut
2519 5571 2734 5627 cloacis
2761 5573 3043 5639 assident,
3080 5576 3145 5626 ut
3191 5588 3221 5625 e
3274 5570 3566 5625 contrario
3626 5587 3773 5624 nun-

2126 5679 2302 5735 quam
2363 5662 2529 5716 abest
2572 5661 2713 5732 quin
2766 5661 3023 5716 suaviter
3079 5661 3305 5732 spirent
3351 5663 3448 5731 qui
3499 5659 3769 5729 seplasiis

2126 5752 2615 5809 aromatariorum
2676 5751 3084 5806 immorantur.
3145 5751 3261 5807 Nec
3287 5766 3378 5805 me
3408 5750 3559 5821 fugit
3587 5764 3765 5819 quam
