4120 6404
338 442 473 497 1281

1360 446 1725 499 SPECIMEN
1767 446 2167 499 SAPIENTIE
2207 445 2542 500 INDORUM
2580 446 2744 499 VET.

3618 448 3760 501 1282

337 569 501 624 nulla
528 586 665 640 spes
696 569 974 641 alfulgeat
1006 570 1141 625 huic
1158 587 1307 625 vano
1330 576 1387 624 et
1418 570 1563 625 mihi
1597 569 1765 624 noxio
1797 568 1982 624 labori
2014 576 2066 638 Α
2098 586 2221 636 rus,
2246 570 2461 623 nedum
2495 584 2739 639 regnare
2773 568 2907 623 felix
2930 575 3185 640 poteras.
3222 574 3409 636 Quare
3451 573 3601 627 refer
3622 575 3758 628 ani-

343 676 497 724 meo,
530 659 729 729 gratiae
764 658 974 714 saltem
1006 660 1276 715 ineunda:
1304 677 1337 714 a
1364 664 1439 727 te,
1462 676 1637 731 quem
1663 659 1783 714 scio
1807 658 1997 729 gravi-

342 752 431 803 ter
460 748 674 802 offendi
711 748 952 803 monitis
984 748 1145 804 bisce
1178 749 1336 815 meis,
1372 765 1435 803 ac
1469 765 1539 802 ne
1571 750 1720 803 ferre
1760 747 1998 819 quidem

340 836 593 892 libenter
640 843 1021 909 conspectum
1074 856 1294 893 meum.
1338 837 1429 891 Sic
1480 838 1635 892 enim
1688 852 1997 906 compara-

344 931 470 981 tum
514 930 727 981 natura
777 931 887 995 est,
923 932 987 981 ut
1046 927 1257 998 ingrati
1323 932 1531 982 mutuo
1581 926 1702 981 sint
1762 930 1999 980 contra—

340 1016 561 1070 riorum
616 1032 945 1071 occursus:
1009 1022 1064 1071 et
1114 1016 1282 1071 stulti
1336 1016 1717 1086 sapientium,
1778 1014 1997 1069 indocti

340 1105 747 1171 eruditorum,
804 1107 959 1176 parci
1015 1105 1352 1176 largorum,
1402 1104 1721 1159 irritabiles
1772 1105 1999 1174 patien-

343 1201 491 1257 tum,
544 1210 898 1263 congressus
949 1200 1312 1264 aversentur,
1374 1200 1431 1249 et
1472 1194 1820 1248 exborreant
1866 1194 1995 1247 visu

342 1283 471 1353 ipso
531 1283 700 1353 quasi
765 1283 959 1337 avium
1022 1284 1263 1337 infausti
1324 1284 1593 1353 augurii.
1655 1282 1785 1336 Haec
1836 1281 1996 1337 locu-

346 1376 445 1427 tus
504 1372 832 1426 Coronatus
892 1374 1145 1428 recesuit
1190 1375 1451 1427 domum.
1501 1372 1784 1427 Cmterum
1820 1372 1998 1426 inter-

345 1464 494 1517 fecto
514 1467 703 1529 tauro,
722 1462 918 1517 statim
944 1462 1171 1517 leonem
1189 1464 1321 1517 facti
1343 1461 1633 1533 paenituit,
1655 1460 1997 1515 exstabant-

341 1569 457 1623 que
484 1552 539 1605 in
560 1552 690 1622 ejus
714 1552 877 1606 vultu
910 1569 1026 1607 non
1051 1551 1534 1607 obseuraindicia
1558 1549 1846 1616 mteroris;
1872 1566 1997 1620 quas

344 1660 477 1697 cum
500 1642 873 1696 observasset
900 1642 1359 1697 scelestissimus
1390 1641 1743 1712 Vestigator,
1795 1645 1851 1694 et
1886 1638 1999 1694 sibi

347 1731 501 1786 male
527 1732 799 1785 conscius
832 1738 1118 1786 metueret
1149 1748 1217 1786 ne
1250 1731 1621 1785 retractanda
1647 1730 1799 1784 tauri
1823 1746 2001 1783 causa

347 1821 568 1892 aliquid
603 1823 994 1891 detegeretur,
1037 1823 1192 1891 quod
1236 1838 1343 1875 sua
1396 1821 1647 1874 maxime
1692 1819 2001 1873 interesset

2106 676 2271 714 mum
2305 661 2377 715 ad
2401 661 2791 715 constantiam
2817 664 2873 715 te
2894 661 3157 731 dignam,
3181 667 3258 727 et,
3282 679 3529 717 excussa
3551 664 3758 720 mulie-

2108 749 2197 802 bri
2231 749 2499 815 mollitie,
2534 749 2830 821 gratulare
2863 751 2969 804 tibi
2992 756 3049 805 et
3081 752 3250 805 nobis
3282 756 3760 808 communemfe-

2106 836 2409 906 licitatem,
2442 854 2547 909 pro
2607 843 2763 893 certo
2796 839 3043 905 habens,
3101 838 3159 893 id
3201 842 3355 909 quod
3419 846 3614 896 actum
3676 846 3765 896 est

2108 928 2507 981 necessarium
2544 927 2871 981 remedium
2910 928 3046 982 mali
3079 928 3418 999 gravissimi
3452 930 3657 985 fuisse.
3693 931 3765 985 Ut

2106 1016 2259 1069 enim
2293 1016 2624 1070 membrum
2656 1017 2812 1087 quod
2844 1016 3038 1087 vipera
3081 1018 3419 1085 momordit,
3470 1019 3581 1073 nisi
3634 1038 3765 1075 sca-

2107 1106 2387 1176 riﬁcetur,
2424 1113 2526 1161 aut
2566 1108 2741 1161 etiam
2791 1108 3165 1178 praecidatur,
3213 1124 3503 1163 venenum
3558 1129 3761 1182 propri-

2106 1199 2205 1266 gat
2263 1195 2319 1248 in
2384 1212 2598 1266 corpus
2656 1196 2973 1267 reliquum,
3035 1198 3224 1266 quoad
3287 1198 3345 1250 in
3406 1198 3533 1269 ipso
3586 1203 3760 1256 cordo

2107 1284 2282 1338 vitam
2316 1286 2669 1353 exstinguat,
2698 1285 2783 1338 sic
2815 1289 3024 1339 taurus
3048 1286 3155 1339 iste
3176 1287 3424 1355 negotiis
3459 1304 3492 1341 a
3523 1292 3578 1341 te
3610 1306 3762 1359 prae-

2109 1373 2359 1443 positus,
2396 1379 2510 1429 ete
2556 1375 2841 1429 membris
2901 1380 3113 1428 nostrae
3174 1375 3505 1446 reipublicze
3569 1380 3766 1449 prmci-

2108 1482 2319 1536 puum,
2351 1466 2719 1536 indulgentia
2741 1472 2843 1521 tua
2873 1466 3087 1531 factus,
3133 1471 3444 1537 postquam
3498 1470 3763 1540 viperino

2109 1555 2363 1624 quodam
2391 1555 2798 1627 ingratissimis
2823 1554 3246 1609 i'nvidieelivore
3269 1572 3455 1627 usque
3478 1559 3547 1611 ad
3563 1560 3762 1613 odium

2109 1644 2195 1697 tui
2253 1648 2310 1697 et
2373 1644 2669 1697 nefarium
2731 1644 3046 1697 insidiandi
3108 1645 3239 1698 vitae
3277 1648 3389 1698 tuae
3450 1647 3764 1702 consilium

2109 1731 2676 1801 extabuit,abscindi
2695 1735 2921 1785 mature
2936 1730 3159 1800 debuit,
3186 1748 3257 1785 ne
3283 1736 3467 1787 totum
3493 1749 3763 1804 regnum.

2110 1824 2167 1873 et
2198 1827 2251 1874 te
2286 1821 2560 1886 maxime,
2595 1838 2694 1875 cor
2743 1838 2808 1876 ac
2840 1827 3017 1890 caput
3068 1820 3249 1889 hujus
3295 1824 3578 1893 corporis,
3615 1824 3767 1879 male

351 1910 647 1965 occultum
687 1928 1049 1981 permanere,
1087 1910 1587 1965 conﬁdentissime
1620 1909 1847 1962 leonem
1894 1908 1995 1961 ad—
2036 1938 2079 2001 Β
2113 1913 2398 1984 perderet.
2446 1914 2524 1967 Ea
2574 1912 2782 1983 perﬁdi
2833 1913 3175 1967 veteratoris
3221 1914 3377 1968 dicta
3430 1914 3580 1969 leoni
3629 1921 3768 1971 tunc

348 2004 495 2056 iens:
522 2001 669 2067 Quid
698 2006 774 2067 te,
809 2000 1021 2069 inquit,
1058 1999 1313 2063 domine,
1346 1999 1577 2052 tristem
1636 1997 1803 2051 video
1864 2013 1997 2050 cum

350 2098 571 2166 injuria
602 2097 867 2163 fortuna,
902 2096 997 2150 cui
1028 2095 1073 2149 si
1108 2100 1329 2166 gratus,
1368 2099 1431 2148 ut
1466 2094 1662 2160 debes,
1716 2107 1846 2146 esse
1892 2090 2000 2157 vis,

353 2200 671 2255 agnoscere
728 2190 786 2238 et
819 2183 1133 2254 praedicare
1190 2188 1244 2237 te
1298 2186 1528 2251 oportet
1587 2195 1886 2235 summum
1949 2182 2005 2231 et

354 2272 830 2326 recentissimum
878 2272 1007 2341 ejus
1037 2271 1409 2338 beneﬁcium,
1441 2286 1557 2340 quo
1604 2286 1637 2322 a
1682 2266 2007 2339 proditione

350 2361 705 2431 insidiisque
736 2361 888 2416 tauri
954 2365 1225 2414 servatus
1260 2376 1342 2414 es.
1372 2362 1443 2413 At
1499 2363 1559 2413 tu
1596 2363 1803 2413 contra
1862 2355 2006 2410 mihi

351 2451 595 2517 videris,
629 2451 800 2505 fatuae
832 2450 1065 2503 cuidam
1119 2447 1435 2517 indulgens
1485 2446 1679 2501 cordis
1719 2446 2005 2501 teneritu-

351 2539 519 2608 dini,
596 2538 838 2593 fallaces
900 2536 1265 2593 insidiatoris
1334 2535 1632 2590 val‘errimi
1691 2532 2007 2589 blanditias

353 2628 668 2695 recordari,
694 2629 959 2697 adeoque
985 2642 1129 2697 pene
1152 2624 1490 2685 desiderare
1515 2625 1679 2694 justo
1712 2620 2006 2693 supplicio

354 2723 748 2789 peremptum,
784 2734 901 2788 quo
934 2715 1213 2771 incolumi
1250 2730 1320 2769 ne
1348 2713 1536 2768 vivere
1568 2712 1803 2785 quidem
1840 2726 2006 2765 secu-

2113 2000 2462 2072 scrupulum
2488 2005 2849 2063 exemerunt,
2877 2001 2957 2054 ita
2980 2006 3043 2054 ut
3068 2017 3300 2071 aequum
3320 2003 3445 2071 jam
3478 2004 3764 2071 animum,

2115 2094 2181 2143 ut
2212 2093 2366 2155 ante,
2401 2089 2657 2159 negotiis
2701 2090 3049 2153 adverteret,
3096 2105 3417 2159 persuasus
3479 2092 3768 2148 meruisse

2115 2182 2352 2232 taurum
2384 2195 2511 2247 quae
2534 2195 2745 2248 passus
2770 2179 2976 2233 fuerat.
3006 2176 3107 2231 His
3128 2180 3620 2250 gymnosophista
3643 2198 3767 2252 per-

2116 2267 2297 2324 oratis
2355 2268 2820 2338 disputationem
2881 2266 3239 2321 concludens
3300 2269 3419 2340 regi
3462 2271 3660 2326 dixit:
3706 2273 3769 2327 In

2118 2354 2275 2409 hunc
2308 2358 2572 2421 modum,
2606 2356 2864 2425 domine,
2898 2356 3051 2426 quod
3078 2357 3417 2426 quasieras,
3443 2358 3617 2414 homo
3642 2377 3770 2415 sce‘

2117 2444 2339 2499 leratus
2371 2450 2427 2499 et
2462 2446 2696 2499 invidus
2730 2448 2876 2499 duos
2926 2448 3097 2499 antea
3133 2445 3285 2500 inter
3333 2464 3394 2502 se
3453 2451 3771 2505 concordes

2117 2534 2502 2591 calumniosis
2536 2534 2807 2589 artiﬁciis
2840 2533 3086 2589 invicem
3119 2537 3456 2602 committit,
3495 2555 3563 2592 ex
3586 2540 3779 2594 aliena

2119 2626 2175 2676 et
2206 2641 2358 2695 saepe
2391 2623 2624 2695 publica
2655 2623 2991 2677 calamitate
3050 2623 3342 2693 privatum
3400 2626 3775 2683 astutissime

2122 2717 2413 2782 quaestum
2446 2716 2713 2783 captans.

1480 2949 2005 3011 DlSSERTATIO
2032 2949 2533 3011 PARABOLICA
2564 2950 2646 3006 II.

362 3076 699 3149 Exprimit
756 3070 1087 3149 ingenium
1144 3073 1241 3125 rei
1298 3067 1564 3125 audacis
1612 3075 1673 3124 et
1728 3068 1955 3127 callidi
2010 3073 2082 3126 in
2129 3066 2441 3128 eludendo
2496 3064 2765 3133 judicio,
2826 3071 2887 3120 et
2943 3064 3336 3123 demonstrat
3396 3071 3630 3126 inutile
3692 3070 3778 3127 ad

1380 3156 1736 3206 extremum
1765 3166 1891 3206 esse
1923 3156 2125 3208 totum
2168 3149 2344 3207 istud
2374 3149 2749 3222 artiﬁcium.

434 3277 585 3331 Dixit
610 3280 809 3331 autem
843 3291 941 3329 rex
972 3271 1493 3347 gymnosophistae:
1527 3271 1812 3342 Cuperem
1843 3272 2012 3327 audi-
2045 3285 2089 3351 ρ
2130 3272 2359 3345 pungit,
2390 3285 2604 3339 corpus
2634 3267 2831 3338 ipsum
2864 3268 3055 3321 exedit
3076 3272 3132 3322 et
3165 3276 3442 3326 macerat.
3496 3273 3777 3330 Praeterea

364 3383 423 3421 re
457 3366 597 3436 quid
649 3364 1001 3435 Vestigatori
1058 3362 1316 3418 evenerit
1346 3366 1480 3433 post
1508 3377 1707 3417 necem
1741 3362 1916 3417 tauri.

450 3457 487 3508 l.
524 3454 847 3526 Respondit
875 3451 1382 3524 gymnosophista:
1408 3450 1608 3505 Occiso
1640 3454 1830 3517 tauro,
1857 3454 2024 3505 nocte

373 3545 629 3615 quadam
707 3559 978 3613 egressus
1066 3540 1422 3611 leopardus,
1500 3539 1601 3610 qui
1676 3539 1818 3594 olim
1900 3540 2024 3593 fue-

373 3639 461 3688 rat
496 3633 774 3705 magister
833 3630 1039 3697 leonis,
1071 3634 1127 3683 et
1176 3633 1315 3682 tunc
1376 3627 1528 3681 inter
1576 3628 1705 3697 ejus
1750 3626 2022 3681 consilia.

370 3722 486 3777 rios
520 3722 762 3777 intimos
786 3722 897 3774 ﬁde
920 3726 1096 3790 atque
1119 3716 1461 3772 auctoritate
1486 3716 1818 3787 praecipuus
1840 3716 2022 3769 babe-

371 3813 567 3880 batur,
601 3810 889 3883 applicuit
935 3825 1133 3864 aurem
1173 3808 1317 3862 forte
1362 3808 1655 3860 transiens
1698 3806 1768 3859 ad
1804 3804 2021 3859 ostium

376 3902 781 3972 Vestigatoris,
814 3916 881 3955 eo
914 3898 1289 3954 commodum
1324 3901 1584 3966 tempore
1607 3912 1723 3961 quo
1754 3911 1822 3949 ea
1850 3898 2022 3947 Coro-

380 3996 600 4046 nantus
623 3991 670 4044 ei
708 4005 1042 4053 succesens,
1090 3986 1465 4057 loquebatur,
1486 4002 1612 4055 qua:
1647 3982 1819 4038 retuli
1848 3981 2022 4053 paulo

372 4081 668 4151 superius.
702 4078 935 4133 Audivit
967 4078 1142 4145 igitur
1171 4074 1617 4146 exprobrantem
1673 4070 2022 4143 Vestigatori

370 4172 725 4227 Coronatum
766 4169 1054 4240 malignas
1100 4171 1254 4221 artes
1302 4164 1541 4237 quibus,
1577 4164 1804 4219 invidia:
1847 4169 2023 4234 atque

370 4261 504 4315 odio
536 4259 852 4330 indulgens
895 4258 1167 4329 pr0priis,
1204 4265 1435 4311 laurum
1490 4255 1858 4309 innocentem
1910 4256 2021 4309 cir-

371 4352 765 4411 cumvenerat,
800 4348 1027 4403 leonem
1064 4347 1179 4400 ﬁdo
1210 4349 1267 4399 et
1300 4344 1428 4399 utili
1464 4343 1735 4398 ministro
1768 4345 2024 4414 privave-

371 4444 480 4493 rat:
518 4437 981 4492 comminantem
1017 4436 1192 4489 etiam
1226 4435 1373 4487 iram
1414 4434 1678 4501 deorum,
1732 4437 1787 4487 et
1836 4451 2023 4506 augu-

372 4532 601 4583 rantem
635 4526 684 4579 ei
714 4544 747 4580 a
777 4526 943 4580 leone
974 4524 1102 4593 ipso
1150 4539 1321 4593 quem
1387 4524 1713 4592 deceperat,
1776 4522 2021 4593 dignum

370 4635 477 4672 suo
511 4615 728 4671 scelere
760 4614 1137 4686 supplicium.
1174 4616 1305 4666 Haec
1346 4611 1662 4681 leopardus
1722 4611 2023 4682 inepinato

368 4704 605 4775 cognita
636 4704 838 4758 statim
878 4718 1091 4756 arcano
1142 4698 1353 4755 detulit
1401 4700 1471 4753 ad
1512 4697 1699 4753 leonis
1752 4704 2021 4757 matrem.

370 4794 610 4848 Interim
644 4798 839 4847 autem
874 4790 961 4845 leo
984 4789 1123 4861 quid
1156 4789 1378 4859 egisset
1410 4793 1712 4857 reputans,
1767 4788 2020 4844 revolve-

368 4884 545 4937 batur
573 4882 633 4936 in
663 4879 1021 4936 desiderium
1059 4879 1246 4933 tauri:
1280 4894 1382 4931 nec
1425 4876 1645 4931 ultimae
1691 4875 1803 4929 illae
1834 4877 2021 4933 Vesti-

367 4974 586 5041 gatoris
612 4987 786 5025 voces
813 4971 937 5039 jam
967 4972 1201 5022 tantum
1227 4968 1381 5037 apud
1414 4966 1543 5035 ejus
1574 4965 1837 5020 animum
1862 4967 2018 5022 vale-

368 5062 535 5129 bant,
561 5066 625 5115 ut
658 5076 771 5114 non
808 5059 935 5130 ipse
962 5057 1295 5128 Vestigator
1327 5054 1551 5109 fraudis
1574 5058 1747 5123 atque
1780 5056 2018 5111 insidia-

369 5168 498 5205 rum
531 5148 871 5221 suspicione
902 5146 1216 5201 laboraret.
1250 5146 1394 5200 Cum
1430 5144 1542 5198 ista
1573 5144 1790 5199 mentis
1813 5145 2014 5198 conﬂi-

367 5247 620 5297 ctantem
646 5238 995 5311 aegritudine
1020 5236 1294 5291 convenit
1326 5240 1593 5290 materna
1616 5234 2018 5290 familiaritate

363 5348 561 5403 regem
597 5330 825 5385 leonem
855 5328 982 5397 ejus
1030 5343 1242 5395 parens
1279 5329 1373 5391 ;et
1418 5328 1697 5379 incestum
1748 5322 1916 5377 illum
1949 5341 2017 5378 ea

369 5438 545 5492 quam
565 5420 683 5474 dixi
704 5434 902 5483 causa,
928 5415 1289 5485 conspicata,
1316 5413 1558 5469 Vultum
1586 5413 2013 5481 babes,inquit,

364 5512 469 5575 ﬁli,
503 5510 741 5567 solliciti
774 5526 839 5563 ac
875 5508 1025 5563 male
1056 5507 1165 5562 sibi
1198 5505 1440 5562 conscii:
1478 5506 1631 5575 quod
1661 5503 1931 5574 equidem
1962 5509 2017 5559 et

364 5602 547 5655 miror
576 5606 632 5654 et
657 5616 805 5671 aegre
837 5598 978 5664 fero,
1007 5596 1153 5651 satis
1176 5612 1381 5668 gnara,
1415 5594 1559 5649 nihil
1588 5594 1770 5665 magis
1794 5593 2013 5648 valetu-

363 5690 485 5743 dini
518 5691 827 5743 adversum
864 5702 1041 5755 quam
1072 5702 1271 5739 curam
1309 5700 1525 5751 aerem,
1575 5687 1630 5737 et
1686 5682 2011 5753 prmsertim

363 5776 770 5849 paenitentiam
802 5771 1096 5837 inutilem,
1130 5789 1257 5842 quae
1291 5772 1431 5825 dum
1467 5770 1734 5825 animum
1771 5768 2012 5824 moleste

2134 3364 2284 3435 quod
2322 3359 2712 3433 perniciosum
2747 3356 2830 3411 vel
2866 3358 3121 3413 maxime
3162 3361 3431 3430 regnanti
3481 3367 3592 3429 est,
3645 3364 3781 3419 cali-

2131 3455 2327 3525 ginem
2361 3448 2599 3505 obducit
2631 3446 2831 3515 menti,
2857 3463 3034 3517 quam
3066 3447 3163 3502 ille
3195 3465 3428 3519 semper
3460 3451 3689 3521 vigilem
3722 3460 3779 3509 et

2132 3539 2453 3613 tranquille
2508 3541 2793 3593 attentam
2825 3536 3103 3591 adhibere
3162 3538 3415 3609 negotiis
3470 3540 3774 3597 debuerat.

2130 3633 2262 3701 Sed,
2296 3645 2494 3701 quaeso
2526 3632 2601 3697 te,
2638 3627 2816 3681 fatere
2848 3624 2989 3679 mihi
3024 3625 3164 3697 quid
3207 3631 3261 3681 te
3291 3634 3506 3699 angat;
3570 3636 3673 3685 aut
3729 3632 3781 3686 si

2130 3720 2321 3775 dicere
2357 3715 2677 3783 cunctaris,
2712 3714 2859 3779 sine,
2895 3713 3173 3775 divinem;
3208 3733 3317 3770 non
3370 3717 3525 3772 enim
3560 3724 3782 3775 temere

2130 3808 2499 3861 afﬁrmatum
2558 3803 2779 3870 videor,
2837 3802 3085 3857 cruciari
3141 3808 3195 3857 te
3250 3820 3379 3859 sera
3440 3808 3785 3877 pmnitentia

2131 3896 2289 3950 necis
2324 3894 2502 3959 tauri,
2535 3890 2707 3961 quasi
2737 3890 2865 3959 ejus
2897 3899 3205 3945 accusator
3246 3893 3423 3948 nimis
3471 3896 3635 3952 facile
3668 3915 3785 3953 cre-

2129 3982 2372 4039 dideris:
2408 3997 2538 4034 cum
2570 3978 2861 4033 aestimare
2893 3982 2948 4031 te
2983 3980 3177 4048 potius
3210 3981 3280 4035 de
3312 3984 3442 4051 ejus
3478 3985 3537 4039 in
3569 3991 3624 4039 te
3657 3988 3783 4042 ani-

2131 4093 2225 4131 mo
2257 4092 2324 4129 ex
2351 4079 2451 4127 tuo
2485 4072 2543 4125 in
2575 4085 2710 4125 eum
2739 4068 2949 4123 affectu
2982 4086 3088 4138 par
3142 4070 3379 4141 fuisset;
3428 4074 3545 4128 fere
3595 4078 3781 4148 siqui-

2130 4169 2263 4222 dem
2297 4165 2409 4218 ista
2458 4160 2566 4215 sibi
2621 4162 2827 4213 mutuo
2878 4159 3272 4228 respondent:
3328 4178 3647 4235 rarumque
3692 4173 3783 4221 est

2132 4272 2244 4309 non
2278 4250 2570 4307 reclamari
2603 4248 2827 4303 sincere
2885 4248 2986 4316 qui
3022 4262 3150 4300 vere
3206 4246 3423 4319 diligit,
3469 4252 3612 4306 adeo
3670 4253 3784 4308 ista

2130 4343 2483 4399 commercia
2514 4339 2777 4395 eordium
2817 4337 3016 4389 fucum
3049 4336 3389 4392 excludunt.
3424 4342 3541 4411 Age
3576 4336 3781 4414 igitur,

2130 4433 2223 4487 dic
2256 4431 2399 4485 mihi
2423 4428 2717 4501 quomodo
2748 4430 2808 4478 tu
2842 4426 3084 4479 affectus
3116 4442 3253 4495 erga
3279 4430 3511 4483 taurum
3530 4433 3782 4486 eras?Ad

2131 4540 2199 4577 ea
2233 4521 2341 4577 leo:
2379 4519 2687 4591 Equidem,
2720 4518 2928 4583 mater,
2963 4513 3179 4584 inquit,
3223 4514 3469 4571 charum
3511 4535 3645 4573 eum
3680 4520 3786 4575 ba—

2135 4611 2345 4665 bebam
2400 4608 2773 4675 ﬁdebamque
2815 4602 2897 4655 illi
2961 4602 3211 4657 maxime
3247 4610 3343 4670 ;et
3402 4622 3536 4661 cum
3584 4613 3785 4665 mente

2138 4703 2332 4768 repeto
2366 4713 2543 4769 quam
2578 4695 2850 4765 prompta
2881 4706 3111 4761 semper
3134 4692 3262 4761 ejus
3312 4698 3371 4747 et
3412 4694 3695 4751 benevola
3728 4698 3785 4752 in

2132 4805 2225 4842 me
2256 4787 2449 4841 ofﬁcia
2479 4786 2795 4848 exstarent,
2822 4780 3007 4834 facere
3029 4780 3121 4834 vix
3153 4797 3397 4847 possum
3428 4784 3569 4853 quin
3592 4786 3786 4857 suspi-

2131 4894 2226 4931 cer
2256 4875 2451 4931 seelus
2484 4872 2721 4943 aliquod
2754 4868 2997 4924 artiﬁcis
3054 4869 3432 4939 Vestigatoris
3493 4873 3593 4943 qui
3652 4891 3785 4930 eum

2130 4965 2295 5020 falsis
2327 4964 2484 5036 apud
2518 4978 2609 5017 me
2640 4956 3149 5015 criminationibus
3186 4958 3577 5029 infamaverit,
3611 4969 3668 5018 et
3720 4981 3786 5020 eo

2129 5055 2383 5124 denique
2409 5070 2501 5108 me
2534 5049 2796 5123 adegerit
2828 5052 2893 5102 ut
2942 5047 3188 5101 facerem
3219 5050 3374 5118 quod
3441 5052 3785 5109 meminisse

2128 5147 2326 5203 horret
2356 5147 2613 5211 animus,
2645 5148 2702 5197 et
2724 5138 3036 5212 quantovis
3056 5139 3240 5209 pretio
3264 5142 3639 5215 redemptum
3666 5147 3787 5203 vel-

2126 5235 2239 5291 lem
2277 5253 2391 5290 non
2424 5233 2633 5305 egisse.
2659 5233 2746 5286 Tu
2780 5245 2937 5296 vero,
2956 5244 3168 5298 parens
3197 5228 3438 5300 optima,
3465 5249 3537 5288 ne
3560 5251 3757 5306 quaeso
3776 5279 3791 5305 ,

2126 5325 2425 5379 caalaveris
2454 5322 2503 5377 si
2530 5320 2667 5391 quid
2703 5319 2831 5389 eius
2866 5318 3011 5371 forte
3043 5316 3125 5369 rei
3159 5317 3443 5387 didicisti;
3481 5324 3598 5378 fere
3630 5325 3784 5379 enim

2127 5418 2406 5468 emanant
2430 5412 2489 5465 in
2525 5409 2793 5465 notitiam
2828 5402 3195 5475 quantalibet
3243 5411 3368 5463 arte
3412 5411 3785 5467 dissimulata

2126 5505 2370 5569 scelera,
2408 5518 2513 5556 nec
2543 5498 2731 5554 caveri
2765 5495 2919 5550 dolis
2950 5494 3229 5550 omnibus
3281 5504 3491 5568 potest,
3539 5502 3635 5571 qui
3670 5502 3781 5557 sal-

2125 5597 2245 5647 tem
2261 5591 2490 5645 timidis
2503 5587 2763 5645 susurris
2789 5583 3153 5657 proditiones
3168 5585 3627 5642 abstrusissimze
3647 5606 3783 5660 pro-

2127 5682 2357 5735 dantur.
2394 5680 2470 5732 Ea
2503 5694 2673 5749 porro
2716 5677 2867 5729 fame
2900 5671 3033 5727 licet
3061 5672 3291 5727 incertae
3325 5692 3389 5727 ac
3438 5674 3779 5748 vulgarium

2124 5786 2435 5826 rumorum
2474 5767 2911 5839 qualiacunque
2952 5761 3312 5830 testimonia,
3347 5779 3500 5835 saepe
3548 5765 3789 5825 interic.
