4120 6398
388 420 527 472 1283

1902 412 2288 466 AP-PENDIX.

3671 416 3812 472 1284

380 544 551 599 ribus
584 543 817 599 indiciis
846 544 1125 613 adjuncta
1154 540 1406 595 multum
1452 540 1759 594 conferunt
1790 537 1860 591 ad
1906 552 2046 590 con-
2078 539 2130 603 Α
2163 539 2572 591 emunctarum
2607 536 2988 606 sagacitatem
3022 536 3267 606 fallunt;
3300 540 3534 610 quando
3579 557 3813 596 movens

382 634 708 689 vietionem
741 632 1146 687 scelestarum.
1208 629 1489 698 Reposuit
1529 628 1600 682 ad
1650 627 1771 680 haec
1803 629 1991 680 mater
2022 640 2037 678 :

393 723 669 777 Audivia
718 722 967 792 quodam
1031 720 1143 773 fide
1203 717 1551 789 dignissimo
1609 715 2038 785 Vestigatorem

382 812 620 867 invidia)
654 811 971 865 instinctus
1008 809 1314 862 mentitum
1350 807 1457 861 tibi
1514 822 1644 860 esse
1692 809 1906 869 cuncta
1936 802 2041 857 illa

385 919 517 973 quae
550 902 619 955 de
655 905 821 953 taur-o
854 897 1082 965 detulit,
1120 897 1341 966 alioqui
1392 894 1751 950 alienissima
1802 912 1835 947 a
1881 908 2037 961 vero,

380 996 436 1044 et
467 989 590 1043 sola
622 990 749 1057 ejus
790 988 995 1039 fraude
1027 987 1298 1039 conﬁcta.
1340 985 1553 1047 Amabo
1586 990 1663 1049 te,
1698 987 1902 1049 mater,
1949 980 2037 1035 leo

378 1078 596 1148 inquit,
635 1078 759 1143 ede,
797 1076 841 1129 si
879 1092 990 1128 non
1016 1090 1187 1143 grave
1221 1078 1330 1137 est,
1366 1073 1498 1143 quis
1530 1074 1639 1127 iste
1683 1072 1759 1126 sit
1802 1088 1868 1125 ex
1920 1086 2036 1141 quo

380 1167 521 1221 talia
552 1165 799 1221 audisti?
828 1166 908 1219 Ne
937 1181 1151 1234 qurere,
1216 1163 1341 1228 ﬁlii,
1384 1164 1467 1217 ait
1517 1166 1724 1229 mater,
1780 1166 2034 1215 actorem

386 1258 548 1323 dicti,
586 1257 683 1326 qui
720 1256 1068 1308 nominatim
1102 1270 1163 1306 se
1188 1252 1351 1324 prodi
1380 1255 1584 1316 vetuit,
1612 1267 1745 1304 cum
1778 1267 1897 1304 rem
1923 1249 2035 1303 sibi

384 1344 917 1416 compertissimam
965 1342 1110 1396 mihi
1159 1358 1370 1396 arcano
1419 1343 1830 1403 commztteret,
1882 1338 2026 1391 indi-

381 1436 653 1499 candam,
686 1434 733 1487 si
766 1433 1037 1503 expedire
1070 1447 1384 1499 censerem,
1419 1430 1546 1484 tibi.
1592 1428 1713 1484 Etsi
1759 1438 1949 1483 autem
1986 1426 2036 1482 is

388 1524 544 1591 talis,
581 1529 645 1578 ut
678 1523 818 1591 dixi,
870 1526 977 1585 est,
1014 1522 1106 1575 cui
1162 1526 1286 1574 tute
1320 1520 1553 1590 quidvis
1611 1518 1764 1573 credi
1828 1516 2032 1585 possit,

386 1632 497 1668 non
532 1619 665 1685 peto
723 1618 918 1667 tamen
949 1619 1013 1666 ut
1045 1616 1146 1665 aut
1191 1628 1353 1676 meae,
1404 1613 1505 1664 aut
1562 1608 1723 1662 illius
1780 1606 2036 1662 auctori-

380 1703 484 1757 tali
513 1703 874 1771 acquiescas,
930 1719 995 1755 ac
1054 1706 1256 1755 nostro
1314 1698 1651 1752 testimonio
1711 1696 2036 1768 praecipites

379 1791 734 1848 sententiam
771 1792 829 1844 in
866 1806 1027 1849 reum
1054 1790 1413 1852 inauditum,
1453 1787 1675 1856 nequid
1711 1785 1903 1841 simile
1934 1802 2034 1855 pa-

2150 630 2248 679 tur
2277 625 2714 697 agitanturque,
2748 626 3057 697 mephitim
3090 628 3381 695 exhalant,
3417 631 3810 687 etmanifesto

2149 714 2349 769 fetoris
2404 714 2619 769 indicio
2679 716 3228 787 deprehenduntur.
3293 717 3495 789 Itaque
3553 719 3813 774 viderint

2150 820 2327 875 quam
2359 808 2793 875 consequenter
2823 812 3199 864 accusatores
3231 808 3345 862 mei
3386 809 3659 864 eumdem
3694 824 3809 877 me,

2149 910 2321 965 quem
2359 895 2553 950 nimim
2581 894 2924 951 calliditatis
2955 896 3328 962 insimulant,
3380 902 3497 953 tam
3560 897 3810 952 stultum

2149 989 2372 1054 putent,
2408 989 2472 1038 ut
2499 984 2639 1038 mihi
2676 983 2827 1039 male
2878 986 3173 1052 conscius,
3227 986 3379 1040 ultre
3424 987 3676 1042 examini
3713 1004 3809 1043 me

2147 1074 2483 1144 subjiciam.
2507 1074 2816 1143 Nunquam
2843 1076 3097 1144 profecto
3120 1075 3453 1141 inevitabile
3482 1077 3806 1131 convictio-

2148 1163 2238 1217 nis
2273 1162 2601 1233 periculum
2635 1164 3034 1233 deposcerem,
3067 1163 3194 1220 alea
3218 1164 3431 1234 judicii
3469 1166 3801 1231 subeunda,

2146 1252 2259 1305 nisi
2295 1270 2421 1307 mea
2454 1269 2546 1307 me
2587 1257 2778 1306 tutum
2838 1253 3173 1308 innocentia
3210 1260 3513 1324 praeteret
3544 1273 3557 1322 ;
3594 1254 3685 1309 sin
3723 1255 3802 1311 ita

2146 1348 2322 1407 esset,
2359 1358 2471 1395 non
2508 1359 2601 1396 me
2633 1342 2725 1395 hic
2758 1342 2964 1412 utique
2996 1343 3415 1412 videretis;jam
3433 1344 3589 1399 enim
3622 1344 3803 1399 alicu:

2146 1430 2203 1484 bi
2236 1436 2524 1487 terrarum
2560 1447 2832 1485 securum
2871 1431 3199 1501 perfugium
3234 1438 3472 1504 captare
3521 1449 3800 1503 occupas,

2145 1536 2287 1581 sem,
2323 1521 2491 1587 cujus
2524 1522 2605 1574 rei
2639 1521 2973 1575 facultatem
3008 1537 3283 1591 magnam
3341 1521 3524 1576 cuivis
3586 1522 3803 1592 praebet

2144 1607 2437 1665 latissime
2464 1614 2670 1680 patens
2702 1609 2859 1665 orbis
2901 1609 3159 1666 universi
3218 1612 3481 1665 vastitas.
3544 1612 3629 1667 Ab
3690 1611 3800 1667 hoc

2146 1696 2415 1769 ingressu
2447 1698 2800 1753 vaferrimas
2834 1698 3188 1767 Vestigator,
3223 1706 3458 1770 repente
3478 1714 3799 1757 conversus

2144 1786 2215 1839 ad
2242 1784 2494 1851 leonem,
2528 1787 2641 1843 Oro
2686 1786 2888 1856 igitur,
2939 1787 3040 1854 ait,
3092 1787 3477 1858 obscenoque,
3532 1786 3792 1850 domine,

378 1882 545 1936 tiaris
576 1886 706 1952 post
739 1879 1115 1951 Vestigatoris
1148 1895 1379 1949 pcenam
1414 1877 1463 1931 ei
1497 1877 1650 1947 quod
1707 1880 1837 1947 post
1884 1874 2033 1939 tauri
2067 1910 2111 1972 Β
2145 1874 2363 1945 regiam
2387 1875 2747 1944 majestatem
2773 1880 2961 1939 tuam,
2987 1876 3283 1947 utinquiri
3309 1876 3586 1941 continuo
3614 1892 3797 1947 quam

384 1970 743 2041 supplicium
779 1985 840 2024 es
874 1985 1107 2039 passus,
1142 1984 1207 2022 ac
1229 1972 1370 2021 tunc
1402 1982 1636 2037 quoque
1658 1964 1792 2018 ﬁdei
1819 1969 2036 2019 temere

380 2060 592 2114 habitae
626 2059 744 2113 aeri
778 2074 976 2112 morsu
1017 2055 1388 2111 conscientiae
1436 2071 1636 2125 pmnas
1681 2054 1832 2108 luas.
1864 2056 2037 2107 Recte

376 2164 602 2215 mones,
628 2153 839 2212 mater,
869 2146 1065 2217 inquit
1088 2146 1200 2199 leo.
1228 2145 1373 2215 Ergo
1397 2143 1665 2214 quamvis
1686 2142 1791 2196 tibi
1813 2142 2045 2208 tribue,.

382 2238 465 2291 uti
500 2237 703 2303 debeo,
739 2235 1061 2305 plurimum
1098 2233 1254 2295 ﬁdei,
1314 2238 1511 2286 tamen
1573 2230 1873 2301 explorare
1932 2245 2034 2299 per

385 2343 477 2381 me
511 2325 808 2395 negotium
864 2323 1112 2387 decrevi,
1177 2338 1279 2379 nec
1312 2320 1682 2375 committere
1715 2320 1930 2374 iterum
1967 2322 2030 2373 ut

389 2417 701 2471 festinasse
735 2432 827 2468 me
859 2431 988 2468 sero
1019 2413 1315 2484 pmniteat.

445 2545 511 2598 II.
548 2542 649 2595 His
681 2540 769 2594 leo
800 2545 855 2594 et
888 2558 919 2593 a
978 2544 1164 2593 matre
1197 2538 1415 2603 auditis
1443 2542 1496 2591 et
1527 2538 1596 2590 ad
1653 2540 1901 2589 matrem
1946 2536 2031 2589 di-

370 2631 504 2696 ctis,
540 2647 680 2685 suos
708 2646 911 2684 omnes
944 2628 1306 2695 convocavit,
1340 2635 1391 2679 el
1425 2643 1557 2680 cum
1592 2625 1664 2679 iis
1697 2624 2030 2693 Vestigato-

368 2738 512 2774 rem.
550 2720 665 2788 Qui
688 2736 788 2789 pro
824 2735 927 2773 sua
957 2718 1130 2773 solita
1161 2715 1517 2770 conﬁdentia
1548 2714 1774 2767 leonem
1822 2702 2027 2767 videns

370 2809 830 2881 cogitabundum
856 2817 910 2860 et
942 2811 1150 2861 moesto
1181 2805 1456 2871 similem,
1484 2804 1635 2857 ultro
1661 2802 1728 2857 ad
1764 2805 2026 2855 astantes

372 2914 687 2953 conversus
723 2914 736 2952 :
772 2896 919 2959 Quid
954 2912 1165 2961 causae,
1230 2894 1438 2963 inquit,
1486 2899 1574 2959 est
1634 2908 1739 2955 cur
1792 2889 2021 2957 leonem

371 2987 693 3051 sollicitum
725 3003 789 3041 ac
822 2986 1051 3051 tristem
1087 3000 1258 3049 cerno
1290 2984 1315 3037 ?
1346 2981 1449 3039 Cui
1486 2984 1671 3045 mater
1730 2979 1935 3046 leonis,
1969 2984 2027 3032 et

372 3078 503 3147 ipsa
535 3092 816 3147 praesens,
843 3074 1144 3145 respondit
1175 3074 1232 3127 in
1266 3072 1423 3126 hunc
1452 3072 1711 3135 modum:
1735 3071 1819 3123 'l‘u
1846 3086 2025 3131 causa

370 3165 622 3220 tristitiae
655 3163 839 3219 leonis
870 3181 930 3219 es
966 3182 977 3217 :
1014 3162 1169 3216 hunc
1201 3162 1355 3216 enim
1411 3160 1566 3214 dolet
1615 3159 1767 3230 quod
1808 3163 1859 3211 te
1914 3158 2023 3211 hac

371 3259 543 3308 tenus
576 3253 767 3308 vivere
794 3270 858 3307 ac
889 3253 1069 3307 libere
1102 3268 1267 3321 agere
1293 3252 1369 3306 sit
1392 3267 1624 3321 passus,
1652 3254 1723 3318 te,
1748 3248 2017 3317 inquam,
2048 3268 2091 3330 α

374 3343 476 3415 qui
507 3342 619 3397 sibi
651 3342 961 3396 fraudibus
994 3358 1059 3395 ac
1094 3340 1416 3395 mendaciis
1465 3340 1730 3408 decepto,
1775 3341 1839 3389 ut
1888 3341 2018 3389 tau-

374 3449 503 3485 rum
533 3432 905 3485 innocentem
932 3431 1151 3499 injuste
1177 3428 1507 3499 perimeret,
1535 3423 2016 3496 persuaseris.Ad

369 3537 439 3576 ea
472 3521 719 3574 minime
750 3522 1023 3573 turbatus
1053 3517 1405 3586 Vestigator,
1431 3514 1670 3582 Nempe,
1705 3512 2020 3581 inquit,hic

372 3627 501 3664 mos
535 3610 805 3664 aularum
835 3612 924 3661 est
966 3612 1028 3660 ut
1059 3607 1320 3675 ingratas
1348 3609 1499 3657 recte
1532 3606 1791 3655 actorum
1844 3601 2018 3667 vices,

369 3696 659 3768 supplicia
713 3713 816 3765 pro
879 3693 1178 3748 beneficiis
1239 3695 1573 3762 exspectare
1641 3690 2021 3746 verisimilius

369 3802 549 3855 quam
583 3783 845 3855 praemia,
866 3782 963 3851 qui
990 3780 1717 3852 principibusinserviunt,
1746 3781 2015 3835 debeant.

366 3877 499 3938 Quae
526 3871 868 3941 justissima
899 3875 988 3925 est
1014 3871 1227 3925 ascetis
1257 3870 1312 3923 in
1340 3869 1694 3926 solitudines
1727 3887 1757 3924 c
1782 3870 2017 3941 palatiis

367 3967 540 4032 atque
574 3960 820 4015 urbibus
865 3959 1175 4015 secedendi
1208 3976 1404 4029 causa,
1446 3976 1517 4014 ne
1567 3976 1683 4015 non
1737 3960 2015 4014 virtutem

363 4066 629 4107 exercere
663 4050 911 4122 possint,
940 4050 1039 4105 ubi
1071 4049 1122 4104 ei
1153 4058 1372 4105 certam
1398 4048 1739 4119 intelligunt
1785 4065 2017 4120 pmnam

365 4157 492 4195 esse
525 4140 925 4195 constitutam.
986 4140 1103 4193 Ista
1152 4154 1258 4209 ego
1306 4138 1429 4209 lege
1480 4137 1777 4208 periclitor
1822 4137 2019 4203 hodie,

364 4229 465 4298 qui
499 4229 655 4298 quod
692 4227 827 4282 ﬁdei
860 4227 1051 4281 ofﬁcio
1085 4227 1426 4292 instinctus,
1454 4225 1734 4281 benevole
1766 4225 2017 4280 indicavi

361 4318 484 4389 regi
518 4320 753 4387 paratas
802 4335 833 4371 a
893 4321 1059 4371 taure
1119 4316 1392 4379 insidias,
1428 4323 1481 4370 et
1541 4316 2013 4385 conjurationcm

366 4423 521 4475 mox,
555 4406 614 4460 ni
647 4410 1016 4477 praecaveret,
1051 4406 1109 4458 in
1143 4405 1332 4475 ipsius
1365 4421 1431 4459 ac
1482 4408 1644 4474 regni
1697 4405 2014 4475 perniciem

362 4499 727 4566 erupturam,
763 4511 919 4548 nunc
954 4495 1136 4548 miser
1166 4493 1224 4547 in
1255 4493 1655 4564 suspicionem
1688 4493 2013 4549 calumnia-

364 4602 497 4639 rum
524 4600 701 4639 vocor
734 4600 747 4637 :
782 4584 841 4637 in
869 4600 985 4653 quo
1008 4600 1140 4637 cum
1177 4582 1363 4637 multa
1423 4589 1563 4637 sunt
1616 4583 1853 4648 misera,
1887 4590 2012 4638 tum

364 4673 508 4728 illud
545 4674 841 4727 enimvero
863 4674 997 4741 jure
1052 4688 1180 4726 meo
1212 4674 1509 4743 deprecor,
1572 4686 1642 4725 ne
1676 4678 1895 4728 temere
1944 4675 2013 4728 de

360 4780 453 4818 me
484 4763 624 4817 talia
656 4763 984 4817 credantur.
1012 4760 1360 4831 Explorctur
1389 4762 1553 4832 prius
1587 4776 1701 4827 res,
1742 4762 2013 4833 inquire-

358 4856 456 4906 tur
486 4852 800 4923 diligenter
829 4852 900 4906 de
940 4852 1194 4921 impacto
1230 4850 1375 4905 mihi
1400 4850 1679 4919 crimine;
1709 4868 2010 4923 nunquam

360 4948 484 4998 tam
517 4942 635 4997 alte
664 4943 807 4997 latet
829 4942 1020 4998 scelus
1052 4941 1250 4997 animo
1284 4947 1635 5012 conceptum
1663 4944 1807 5013 quin
1828 4944 2016 5017 legiti—

368 5029 981 5102 misindagationibus
1004 5029 1273 5084 eliciatur
1290 5030 1526 5084 tandem
1551 5045 1617 5085 ac
1641 5033 2017 5100 protrahatur

363 5119 421 5171 in
458 5117 669 5174 lucem:
705 5136 841 5174 nam
873 5124 929 5175 et
961 5119 1329 5190 penitissime
1381 5120 1697 5175 abstrusus
1741 5121 1800 5176 in
1851 5123 2013 5179 venis

367 5206 600 5261 silicum
632 5209 819 5277 perito
847 5212 1053 5264 attritu
1104 5209 1257 5280 ignis
1309 5209 1696 5280 exsculpitur,
1732 5215 1785 5265 et
1834 5229 2011 5282 quam

365 5311 537 5350 nemo
580 5297 984 5364 suspicaretur
1042 5298 1233 5353 inesse
1291 5298 1546 5369 putridis
1580 5296 1758 5370 lignis
1807 5302 2014 5358 artifex

366 5385 628 5440 effr-ictus
662 5385 880 5440 excitat
913 5386 1237 5443 ﬂammam.
1291 5388 1545 5442 Omnino
1590 5390 1639 5443 si
1689 5390 1830 5459 quid
1880 5408 2015 5447 con-

363 5473 610 5529 scientia
643 5479 816 5544 turpe
849 5474 1177 5542 abscondit,
1213 5477 1388 5531 odorc
1412 5492 1474 5531 se
1504 5476 1597 5531 sui
1624 5479 2016 5547 prodet,certa

364 5563 639 5617 methodo
674 5566 728 5617 in
774 5564 905 5632 ejus
948 5563 1345 5631 exploratione
1391 5567 1802 5622 versantibus:
1856 5569 2012 5625 haud

364 5650 531 5703 aliter
563 5669 628 5706 ac
661 5653 1062 5724 graveolentes
1097 5657 1305 5707 natura
1335 5672 1443 5709 sua
1474 5656 1649 5726 feces,
1696 5658 1834 5713 dum
1888 5678 2014 5731 per-

362 5740 485 5790 stat
516 5737 800 5798 immotus
831 5742 923 5796 cui
985 5739 1243 5795 subsunt
1301 5739 1515 5812 liquor,
1549 5744 1782 5801 narium
1837 5754 2013 5810 etiam

2143 1964 2588 2020 accuratissime
2621 1965 2690 2019 de
2723 1965 3076 2033 mejubeas,
3133 1982 3236 2036 per
3273 1966 3536 2036 judicem
3589 1983 3800 2036 quam?

2139 2052 2283 2117 libet
2313 2069 2606 2116 severum.
2642 2054 2963 2117 dummodo
2990 2054 3188 2127 justus
3237 2054 3391 2119 idem
3448 2056 3796 2125 integerun

2139 2143 2233 2208 sit,
2267 2159 2373 2197 nec
2394 2143 2692 2204 veritatem
2730 2143 2887 2207 sinat
2918 2143 3087 2203 obrui
3121 2143 3480 2214 preajudiciis
3532 2145 3791 2212 invidia),

2135 2251 2311 2305 quam
2349 2234 2488 2288 mihi
2525 2250 2799 2303 magnam
2835 2233 3099 2305 intelligo
3133 2235 3471 2301 conﬂatam,
3507 2252 3621 2295 non
3670 2234 3791 2293 ulle

2137 2338 2264 2377 meo
2296 2321 2609 2389 maleﬁcio,
2642 2322 2740 2380 sed
2778 2322 3010 2391 magnis
3043 2322 3160 2377 tuis
3193 2339 3333 2393 erga
3366 2340 3458 2385 me
3484 2322 3792 2383 beneﬁciis

2136 2430 2259 2483 quae
2295 2413 2532 2467 livorem
2556 2411 2931 2465 concitarunt
2954 2410 3321 2480 iniquorum.
3347 2413 3492 2478 Tua,
3521 2413 3792 2481 inquam,

2135 2508 2255 2569 tua,
2289 2501 2548 2563 domine,
2586 2500 2881 2571 praecipua
2914 2501 2971 2555 in
3002 2517 3089 2557 Ine
3118 2502 3307 2571 gratia
3332 2518 3531 2559 meum
3565 2502 3790 2557 crimen

2134 2596 2241 2645 est:
2275 2606 2389 2661 quo
2420 2594 2475 2643 te
2506 2594 2595 2644 est
2619 2588 2844 2659 aequius
2906 2589 3045 2645 dare
3076 2605 3338 2659 operam,
3399 2605 3469 2650 ne
3493 2589 3790 2659 pernicies

2134 2699 2201 2735 sa
2230 2687 2331 2734 tua
2357 2696 2603 2746 munera
2640 2684 2943 2750 putentur,
2976 2683 3033 2735 nt
3063 2696 3237 2749 quem
3273 2695 3472 2739 amore
3504 2680 3793 2755 dignatus

2136 2771 2315 2824 fueris
2366 2768 2662 2840 amplecti,
2714 2766 2975 2822 voluisse
3022 2769 3263 2838 perdere
3308 2769 3583 2822 videaris.
3638 2768 3789 2822 Nam

2133 2862 2181 2925 si
2211 2862 2361 2927 hanc
2394 2860 2788 2927 conditionem
2814 2859 2950 2913 ferri
2982 2859 3181 2913 virtuti
3209 2858 3382 2925 sinis,
3416 2876 3545 2929 quae
3596 2863 3793 2913 tutam

2134 2952 2277 3004 forte
2310 2946 2775 3002 benevolentiam
2811 2946 3219 3017 promeruerit,
3252 2951 3315 3001 ut
3336 2946 3517 3001 vitare
3538 2950 3796 3016 nequeat

2132 3039 2271 3111 quin
2306 3039 2555 3093 dedatur
2585 3038 2735 3092 odiis
2766 3037 3195 3107 improborum,
3228 3037 3525 3108 quodnam
3563 3042 3663 3101 aut
3689 3036 3794 3099 ubi

2132 3136 2421 3184 terrarum
2456 3127 2681 3197 asylum
2716 3128 2929 3181 deinde
2962 3127 3256 3198 reliquum
3304 3128 3381 3181 sit
3432 3126 3662 3181 afﬂictas
3721 3143 3793 3181 ac

2134 3217 2426 3283 laboranti
2447 3216 2869 3281 innocentiae?U
2885 3234 2915 3281 ι]
2930 3234 3024 3283 um
3045 3222 3227 3283 restat
3242 3220 3406 3283 tanta
3425 3217 3667 3281 fortunis
3683 3232 3761 3271 sae
3775 3247 3790 3257 -

2132 3306 2272 3369 vitia
2292 3304 2581 3372 exercitis,
2614 3308 2821 3367 testem
2876 3305 3146 3372 invocare
3201 3306 3297 3373 [iei
3330 3310 3539 3371 cuncta
3571 3304 3786 3369 intime

2129 3394 2520 3465 pervidentem
2579 3392 2839 3458 oculum.
2893 3394 3177 3477 Equidem
3222 3396 3423 3469 hujus,
3466 3393 3785 3474 puritatem

2130 3500 2268 3549 meae
2309 3483 2678 3551 conscientia:
2713 3483 3028 3551 cernentis,
3065 3485 3249 3549 fretus
3301 3485 3637 3555 incorrupto
3692 3488 3787 3541 te-

2128 3574 2680 3643 sti,nonio,morte_m
2698 3573 2889 3645 ipsam
2906 3574 3283 3639 inimicorum
3302 3574 3475 3631 mihit
3493 3574 3786 3639 raudibus

2129 3669 2394 3735 paratam
2429 3664 2616 3729 audeo
2639 3667 3033 3732 Contemnere;
3069 3680 3173 3725 nec
3199 3666 3323 3737 jam
3378 3680 3581 3729 recuso
3633 3665 3785 3734 quin

2128 3754 2285 3825 quod
2339 3752 2658 3822 aliquando
2706 3753 3042 3821 necessitati
3084 3758 3304 3821 natura:
3361 3754 3565 3819 debes.
3618 3751 3791 3819 livori

2129 3840 2574 3913 pravalentium
2621 3842 3039 3908 sceleratorum
3098 3842 3396 3908 exsolvere.
3450 3857 3731 3912 Occupem
3773 3883 3788 3908 .

2129 3936 2463 3997 extremum
2529 3931 2740 3999 fatum,
2776 3930 2994 4007 quippe
3051 3932 3150 4001 qui
3209 3931 3393 4000 vitam
3447 3931 3793 4003 impendere

2127 4024 2241 4081 tuae
2282 4019 2481 4091 gloriae
2536 4024 2711 4092 atque
2744 4019 3026 4092 obsequio
3063 4021 3183 4089 jam
3218 4025 3345 4088 tum
3405 4036 3472 4083 ex
3506 4036 3621 4101 quo
3654 4019 3790 4085 tibi,

2127 4118 2385 4184 domine,
2422 4118 2596 4177 ﬁdem
2633 4117 2828 4173 addixi
2863 4134 3077 4187 meam,
3129 4118 3408 4187 omnibus
3462 4118 3786 4185 momentis

2127 4212 2372 4279 paratus
2412 4208 2516 4262 fui.

2199 4332 2469 4388 IlI.Talia
2484 4349 2697 4403 magna
2715 4333 2787 4386 tld
2800 4332 2929 4388 ucia
2942 4332 3369 4404 Vestigatorem
3387 4338 3758 4405 perorantem
3772 4378 3784 4401 ,

2125 4423 2508 4495 interpellans
2541 4441 2571 4479 e
2621 4422 2912 4478 militibus
2974 4424 3315 4480 astantibus
3366 4426 3608 4495 quidam
3648 4441 3659 4479 :
3707 4424 3793 4480 Ne

2126 4515 2299 4584 tinge,
2333 4512 2682 4583 Vestigator,
2718 4512 2947 4584 inquit;
2983 4531 3097 4569 non
3129 4518 3185 4569 te
3236 4514 3303 4568 ad
3357 4514 3530 4569 istam
3584 4514 3786 4567 defen-

2127 4602 2303 4656 dendi
2366 4602 2801 4657 contentionem
2861 4603 3123 4657 studium
3200 4603 3354 4673 quod
3418 4600 3670 4656 simulas
3730 4602 3785 4655 in

2127 4692 2473 4764 principem,
2505 4694 2605 4749 sed
2659 4710 2800 4748 cura
2830 4693 3065 4765 tegendi
3098 4693 3184 4747 tui
3217 4691 3454 4749 sceleris
3517 4698 3573 4748 et
3605 4707 3787 4763 paenae

2124 4798 2295 4854 quam
2331 4798 2391 4836 es
2454 4783 2698 4837 meritus
2741 4801 2775 4837 a
2828 4788 2929 4838 tuo
2982 4783 3170 4854 capite
3230 4783 3498 4837 arcenda;
3550 4781 3782 4836 incitat.

2125 4862 2317 4937 Salus,
2350 4872 2614 4941 inquam,
2649 4877 2754 4927 tua
2796 4873 3051 4944 propria,
3114 4889 3227 4927 non
3280 4871 3439 4927 zelus
3493 4870 3788 4941 obsequii,

2126 4966 2228 5016 aut
2258 4962 2582 5016 reverentia
2615 4963 2965 5032 majestatis,
2995 4967 3049 5018 te
3074 4963 3359 5017 disertum
3385 4961 3443 5016 in
3469 4961 3578 5016 hac
3609 4978 3789 5015 causa

2126 5050 2285 5115 facit.
2320 5050 2486 5105 Hunc
2514 5051 2911 5117 audacissimo
2945 5052 3131 5123 figens
3190 5053 3402 5106 obtutu
3431 5050 3784 5121 Vestigator,

2126 5140 2249 5194 Non
2286 5144 2341 5194 te
2391 5140 2595 5210 pudet,
2650 5141 2863 5211 inquit,
2918 5139 3270 5196 stultissime
3321 5141 3668 5207 viventium,
3721 5156 3787 5194 eo

2128 5229 2435 5284 mortalem
2470 5229 2795 5296 criminari,
2830 5231 2986 5301 quod
3021 5236 3235 5286 natura
3294 5230 3575 5285 omnibus
3637 5230 3787 5284 lucis

2128 5334 2371 5373 usuram
2428 5318 2920 5389 participantibus
2978 5319 3107 5391 lege
3166 5319 3584 5390 antiquissima
3639 5334 3788 5390 prae-

2126 5406 2393 5476 scripsit?
2424 5411 2587 5463 Itane
2636 5414 2735 5464 tuo
2778 5408 3005 5479 judicio
3066 5408 3390 5466 sceleratus
3440 5427 3597 5474 sum,
3651 5407 3791 5479 quia

2128 5496 2402 5565 salutem,
2434 5512 2550 5566 quo
2586 5514 2825 5567 possum
2860 5497 3343 5569 prmsidio,tutari
3368 5514 3561 5553 meam
3585 5512 3784 5561 conor,

2129 5585 2281 5655 quod
2317 5584 2365 5638 si
2400 5602 2525 5655 quae
2558 5586 2954 5641 animantium
2988 5587 3045 5640 in
3093 5586 3280 5642 multo
3312 5586 3525 5642 minori
3579 5585 3785 5641 discri-

2130 5690 2288 5728 mine
2320 5691 2436 5728 non
2471 5676 2666 5745 faciat,
2701 5676 2979 5731 omnibus
3022 5677 3165 5731 orba
3225 5677 3523 5743 sensibus,
3557 5681 3613 5731 et
3671 5675 3788 5727 vita

2129 5762 2377 5833 indigna
2436 5765 2776 5820 censeatur?
2834 5764 3009 5837 Atqui
3063 5766 3149 5821 sic
3209 5765 3379 5835 habe,
3445 5778 3783 5821 mensuram
