4120 6394
322 395 466 451 1285

1339 406 1704 460 SPECIMEN
1745 407 2146 462 SAPIENTIIE
2185 412 2520 467 INDORUM
2563 416 2722 470 VltT.

3600 431 3745 485 1256

321 522 685 578 fortitudinis
715 523 773 578 in
808 525 1130 582 amicorum
1173 532 1230 582 et
1287 528 1661 584 dominorum
1697 529 1974 601 periculis
2004 533 2058 598 Α
2091 535 2329 589 modum
2365 553 2377 590 :
2411 536 2570 592 Paris
2607 539 2807 611 ﬂagitii
2842 543 3180 601 viderentur
3209 549 3289 604 rei
3324 553 3420 622 qui
3469 557 3744 626 mysteria

319 613 392 670 ab
425 613 622 684 aliquo
680 617 1004 686 speranda,
1037 634 1107 672 ex
1145 620 1412 686 ejusdem
1464 636 1569 690 pro
1623 637 1731 674 suo
1789 620 1980 691 ipsius

322 702 511 774 capite
544 705 864 760 certamine
896 707 1049 760 sumi
1085 707 1323 774 debere;
1360 725 1466 763 nec
1517 725 1721 779 regum
1775 726 1978 780 quem-

323 809 500 863 quam
587 799 944 865 exspectare,
1005 795 1055 850 si
1114 797 1353 869 quidem
1429 798 1640 870 sapiat,
1732 798 1978 854 militem

323 882 586 953 quamvis
620 900 795 939 suum
823 887 877 940 in
913 886 1057 950 acie,
1092 903 1199 941 sua
1232 903 1409 943 causa
1435 889 1522 942 vel
1559 889 1816 960 publica,
1869 906 1979 960 pu-

324 972 570 1042 gnacius
603 973 1022 1029 dimicaturum
1066 993 1242 1047 quam
1302 977 1454 1032 idem
1504 977 1688 1032 soleat
1719 978 1776 1032 in
1809 995 1976 1033 occa-

323 1060 595 1117 sionibus
628 1064 840 1119 salutis
876 1067 1121 1136 propria
1169 1084 1201 1120 a
1249 1067 1487 1122 casibus
1540 1067 1773 1123 infestis
1804 1086 1976 1140 expe-

322 1151 552 1207 dienda
576 1170 921 1224 repugnare.
947 1155 1259 1211 Tacuisses
1283 1173 1419 1228 ergo
1448 1157 1777 1212 consultius
1801 1175 1977 1229 quam

323 1242 436 1297 ista
458 1242 662 1296 insana
687 1245 1041 1314 professione
1059 1251 1170 1300 tua
1191 1247 1710 1317 contemptissimae
1735 1248 1977 1315 inertia,

321 1331 515 1403 palam
580 1334 731 1403 quod
772 1334 983 1399 fecisti,
1045 1335 1428 1402 declarasses,
1473 1341 1528 1392 te
1586 1354 1690 1393 nec
1752 1337 1978 1392 ﬁdelem

324 1423 663 1489 subditum,
702 1441 806 1479 nec
843 1426 1078 1480 ﬁrmum
1117 1429 1399 1496 amicum,
1452 1445 1555 1482 nec
1596 1429 1804 1484 fortem
1853 1445 1983 1483 esse

327 1513 597 1583 militem,
634 1514 899 1585 nihilque
933 1517 1166 1571 demum
1201 1517 1359 1572 aliud
1413 1536 1589 1589 quam
1625 1519 1978 1574 vilissimum

326 1602 689 1674 mancipium
724 1603 1103 1675 injustissimi
1136 1612 1312 1678 atque
1346 1608 1710 1679 ignavissimi
1757 1608 1978 1676 livoris.

327 1708 442 1762 quo
474 1693 665 1747 ell'erri
699 1697 752 1748 te
787 1693 1084 1750 levissime
1117 1697 1199 1751 sis
1233 1715 1443 1768 passus
1478 1700 1532 1753 in
1564 1698 1710 1752 hanc
1744 1699 1985 1768 probro-

327 1782 634 1837 sissimam
695 1787 808 1838 tua
867 1785 1056 1854 ipsius
1115 1787 1543 1842 confessionem
1575 1788 1912 1859 ignominia
1967 1805 1979 1842 :

2088 640 2200 676 non
2238 625 2492 682 initiatis
2525 630 3075 702 vulgat,muliehres
3108 653 3301 694 mores
3335 642 3420 695 vir
3441 625 3739 714 atfectans,

2089 712 2304 768 mulier
2318 715 2512 772 virum
2537 720 2843 788 simulans,
2885 723 3100 796 hospes
3124 744 3184 784 se
3210 747 3312 800 pro
3337 733 3577 789 domino
3613 712 3741 806 ejus

2089 801 2147 856 in
2181 820 2298 874 qua
2330 808 2590 876 precario
2614 810 2959 884 diversatur,
2985 816 3200 872 domus
3223 820 3414 876 ferens
3448 839 3459 877 :
3489 825 3743 896 denique

2089 893 2188 962 qui
2218 895 2337 964 regi
2371 895 2440 950 de
2474 897 2565 952 his
2599 903 2912 971 respondet
2963 905 3031 958 de
3083 908 3298 976 quibus
3331 927 3442 966 non
3497 893 3743 970 interro-

2089 986 2280 1050 gatur.
2317 983 2478 1039 Talia
2508 989 2862 1056 garrientem
2909 1009 3144 1049 rursum
3179 995 3564 1070 interpellans
3589 1005 3745 1074 regis

2091 1076 2277 1126 mater
2312 1091 2322 1126 :
2357 1076 2497 1146 Age,
2556 1077 2766 1148 inquit,
2831 1081 2921 1134 his
2980 1083 3281 1141 tralatitiis
3315 1089 3460 1144 nihil
3494 1093 3562 1146 ad
3620 1112 3741 1149 rein

2093 1159 2442 1218 facientibus
2476 1168 2734 1235 omissis,
2770 1169 2862 1223 dic
2893 1173 3102 1243 ecquid
3137 1179 3384 1243 sentias,
3417 1183 3651 1251 quantis
3684 1189 3742 1239 te

2091 1250 2412 1309 sceleribus
2442 1254 2892 1330 inquinaveris?
2917 1263 2991 1316 Ad
3026 1281 3088 1316 ca
3149 1250 3478 1339 Vestigator
3503 1290 3514 1326 :
3538 1275 3643 1338 Qui
3679 1293 3739 1330 se

2089 1339 2220 1394 istis
2252 1358 2381 1412 quae
2404 1345 2490 1398 ais
2519 1346 3148 1425 sceleribusinquinat,
3177 1359 3396 1413 nemini
3424 1361 3735 1419 benevolus

2090 1439 2171 1483 est
2210 1432 2429 1488 nullam
2462 1438 2818 1506 operationis
2851 1443 3105 1510 nefaria,
3163 1447 3232 1500 ad
3285 1465 3461 1518 quam
3514 1456 3737 1523 quavis

2092 1518 2272 1574 libido
2334 1522 2652 1596 impulerit,
2688 1526 2879 1584 labem
2936 1538 3258 1589 aversatur.
3311 1538 3399 1592 Me
3459 1518 3555 1594 rex
3613 1543 3738 1614 ipse

2089 1608 2302 1664 fatetur
2332 1611 2442 1666 sibi
2476 1613 2821 1671 benevolum
2858 1619 3040 1675 fuisse
3095 1639 3107 1675 :
3151 1625 3499 1684 innocentia
3541 1608 3737 1687 autem

2090 1715 2229 1753 mea
2263 1706 2481 1756 catera
2515 1709 2598 1758 tot
2629 1710 2809 1760 testes
2853 1709 3186 1768 habeantur
3243 1721 3386 1787 quot
3442 1726 3582 1774 sunt
3641 1723 3740 1792 qui

2089 1788 2235 1842 nihil
2256 1807 2348 1844 me
2367 1794 2888 1866 agereimprobum
2914 1801 3479 1862 viderunt.N0ndum
3503 1809 3619 1864 hac
3640 1788 3738 1866 ab-

328 1885 460 1952 post
491 1897 669 1952 quam
704 1882 940 1953 spoliari
977 1884 1254 1939 continuo
1277 1902 1576 1941 merueras
1607 1887 1741 1941 istis
1772 1888 1977 1955 armis,

2095 1877 2358 1948 solverat,
2380 1899 2511 1936 cum
2557 1886 2773 1961 regina,
2805 1889 2885 1943 Ne
2911 1907 3132 1960 speres,
3157 1894 3262 1962 ait,
3297 1897 3738 1973 scelestissime,

333 1971 462 2024 istis
495 1971 835 2044 insignibus
860 1973 1125 2027 muneris
1159 1973 1400 2044 publici,
1436 1979 1491 2028 et
1523 1977 1594 2030 ah
1645 1975 1782 2030 ostii
1835 1975 1979 2047 regii

327 2061 614 2127 custodia,
651 2061 748 2113 ubi
782 2059 976 2116 locum
1010 2063 1267 2118 melioris
1299 2063 1582 2134 indignus
1615 2082 1890 2136 occupas,
1919 2071 1984 2120 ut

328 2148 576 2203 inﬁdum
609 2155 786 2221 atque
819 2151 1052 2205 imbelle
1077 2169 1253 2222 pecus
1302 2154 1477 2223 abigi.
1502 2154 1657 2208 lctus
1682 2153 1983 2224 inopinata

328 2238 784 2307 reprehensione
819 2239 1010 2307 miles,
1043 2247 1383 2296 cunctorum
1414 2243 1538 2316 jam
1573 2243 1758 2298 oculis
1783 2243 1980 2314 ipsum

327 2326 666 2396 ﬁgentibus,
725 2327 934 2398 plenus
998 2331 1279 2386 dedecore
1339 2317 1580 2386 recessit
1608 2332 1979 2387 erubescens.

328 2417 570 2481 Quando
603 2417 956 2472 exsultantis
979 2437 1098 2474 sua
1131 2419 1508 2491 impudentia
1540 2437 1816 2475 successu
1841 2422 1980 2476 Ves-

329 2505 595 2574 tigatoris
626 2509 938 2563 retundere
992 2510 1409 2564 conﬁdentiam
1462 2511 1613 2580 regis
1667 2517 1854 2566 mater
1883 2528 1979 2565 vo-

328 2594 478 2661 lens,
513 2596 693 2650 Miror
724 2603 883 2651 tuam
946 2597 1157 2678 inquit,
1192 2615 1222 2652 o
1254 2599 1611 2670 Vestigator,
1672 2600 1978 2654 eﬁ‘rontem

328 2685 658 2754 audaciam,
706 2703 822 2757 qua
881 2692 1038 2740 totus
1099 2687 1388 2742 conflatus
1449 2704 1516 2742 ex
1574 2688 1812 2754 scelere,
1864 2706 1976 2742 non

329 2774 566 2828 dubitas
587 2774 723 2830 huic
743 2776 1183 2847 sapientissimo
1207 2778 1532 2849 consessui,
1560 2784 1615 2832 te
1640 2796 1742 2849 pro
1762 2777 1975 2832 insonti

328 2865 713 2931 vanditando,
748 2865 947 2920 fucum
982 2865 1494 2936 impudentissime
1538 2867 1724 2923 facere
1756 2868 1976 2922 conari.

329 2963 410 3018 Ne
443 2963 550 3018 hoc
582 2964 818 3034 quidem
877 2969 996 3028 tam
1056 2981 1199 3020 acra
1244 2971 1414 3020 tanta
1449 2983 1709 3038 persona
1753 2966 1977 3026 dictum

329 3053 702 3118 conturbavit
730 3058 1006 3124 argutum
1051 3053 1427 3123 nebulonem,
1481 3060 1542 3110 ut
1601 3073 1715 3110 non
1775 3057 1976 3110 statim

328 3143 618 3214 intrepide
653 3148 1003 3214 reponeret:
1040 3143 1230 3198 Altero
1285 3145 1587 3216 nimirum,
1638 3163 1670 3198 ο
1717 3145 1977 3211 domina,

334 3248 423 3286 me
501 3232 823 3287 etiamnum
899 3232 1144 3288 intueris
1205 3232 1396 3305 oculo,
1456 3235 1556 3306 qui
1617 3234 1981 3290 calumniosa

331 3321 674 3392 prajudicia
704 3323 1033 3392 grassantis
1068 3324 1125 3378 in
1160 3330 1429 3378 nostrum
1455 3324 1693 3379 exitium
1726 3325 1980 3393 invidia,

331 3410 640 3480 caliginem
668 3411 1026 3468 oﬁ’uderunt.
1049 3417 1130 3467 Tu
1159 3429 1292 3468 vero
1316 3413 1468 3479 vide,
1501 3432 1572 3469 an
1599 3431 1714 3469 non
1739 3413 1986 3486 dignum

332 3500 530 3571 potius
563 3499 740 3555 fuerit
770 3501 884 3556 ista
912 3501 1099 3556 atatis
1151 3508 1207 3556 et
1257 3502 1584 3558 nobilitatis
1616 3505 1986 3559 auctoritate.

337 3598 792 3671 periclitantium
871 3600 1068 3654 causis
1147 3605 1328 3655 totam
1389 3611 1444 3656 et
1504 3602 1750 3657 liberam
1810 3620 1987 3674 aqua

337 3689 551 3743 mentis
575 3689 757 3745 aciem
783 3690 1101 3759 advertere,
1142 3689 1714 3762 circumspicereque
1750 3707 1986 3746 omnem

335 3778 396 3832 in
432 3782 654 3849 partem
687 3783 921 3848 cuncta,
955 3795 1020 3833 ac
1050 3779 1278 3833 nullum
1331 3778 1645 3849 vestigium
1692 3778 1988 3850 negligere

335 3867 680 3938 indaganda
741 3868 1003 3923 veritatis
1053 3883 1066 3922 :
1115 3867 1219 3932 rei,
1289 3867 1434 3922 heu!
1487 3867 1662 3923 hodie
1719 3869 1985 3923 omnium

329 3955 714 4023 cxosissima,
746 3973 924 4028 quam
959 3960 1024 4010 ut
1054 3956 1312 4028 impune,
1348 3955 1432 4011 sic
1484 3957 1725 4028 passim,
1781 3973 1986 4012 omnes

326 4050 692 4112 aversantur,
719 4063 926 4110 omnes
959 4033 1529 4118 libere-oppugnant;
1548 4047 1809 4117 rege,qui
1830 4063 1985 4101 unus

324 4140 526 4206 posset
551 4136 1385 4204 obsistere,connivente,dum
1413 4153 1529 4208 pra
1573 4136 1755 4191 nimia
1793 4136 1984 4190 facili-

323 4229 443 4278 tate
472 4241 538 4280 ac
572 4224 958 4294 benignitatis
991 4226 1357 4280 ostentanda
1390 4213 1612 4292 studio,
1660 4225 1889 4281 nullum
1924 4230 1984 4282 in

327 4313 547 4368 malum
583 4330 832 4385 pronum
867 4314 1286 4370 comminando
1317 4315 1634 4382 deterrere,
1687 4316 1984 4371 neminem

323 4408 693 4474 compertum
710 4403 956 4474 neglecti
974 4403 1150 4458 ofﬁcii
1166 4405 1458 4475 castigare
1476 4405 1844 4477 objurgando
1860 4423 1989 4461 sus-

317 4496 486 4547 tinet.
506 4497 623 4547 Hac
647 4491 1036 4564 Vestigatoris
1059 4491 1331 4548 libertate
1356 4493 1586 4549 irritata
1610 4495 1891 4563 majorem
1925 4496 1983 4548 in

321 4583 564 4637 modum
589 4581 743 4654 regis
771 4586 976 4637 mater.
1021 4580 1248 4647 Videte,
1291 4583 1509 4654 inquit,
1542 4583 1649 4638 hoc
1681 4583 1980 4655 nequissi-

310 4688 452 4727 mum
469 4675 526 4726 et
541 4649 1066 4727 sceleratissimum
1085 4677 1457 4742 caput.utorn
1470 4673 1631 4727 nium
1646 4674 1978 4744 ﬂagitorum
2013 4649 2060 4714 D

319 4761 688 4816 deformatus
712 4761 961 4816 maculis
995 4767 1050 4816 et
1080 4761 1569 4833 gravissimorum
1597 4767 1829 4818 tantum
1865 4781 1977 4819 non

313 4860 618 4915 convictus
651 4860 997 4927 criminum,
1031 4866 1225 4915 tamen
1288 4861 1466 4916 audet
1513 4861 1686 4916 istam
1737 4864 1981 4918 menda-

325 4950 551 5004 ciorum
585 4950 872 5005 artiﬁcem
907 4949 1176 5021 linguam
1235 4967 1524 5028 exserere,
1582 4968 1689 5008 nec
1747 4952 1982 5010 dubitat

315 5045 806 5109 argumentorum
842 5039 1135 5108 inanium,
1162 5045 1264 5094 aut
1296 5041 1494 5112 potius
1543 5041 1976 5114 sophismatum

312 5127 1268 5200 vanissimorum,captioslssimis
1295 5128 1525 5203 laqueis
1556 5130 1859 5203 implicare
1883 5149 1979 5188 co-

313 5218 444 5274 nari
477 5217 807 5286 veritatem,
836 5235 900 5274 eo
935 5234 1145 5289 usque,
1185 5225 1248 5273 ut
1279 5235 1413 5284 cum
1451 5218 1669 5290 injuria
1693 5219 1977 5277 intolera-

314 5307 416 5364 bili
453 5312 535 5372 ιον,
566 5307 898 5377 sapientum
928 5307 1018 5363 hic
1043 5307 1515 5378 prasentium,se
1539 5308 1634 5364 his
1657 5309 1976 5383 prastigiis

312 5401 512 5469 speret
539 5414 604 5451 os
636 5396 932 5452 sublinere
989 5397 1268 5453 omnibus
1327 5415 1519 5469 posse.
1577 5399 1702 5453 Non
1749 5399 1978 5456 inultus

308 5488 465 5540 hanc
497 5490 617 5540 tam
651 5503 912 5541 amaram
967 5487 1429 5558 increpationem
1482 5487 1704 5543 ardelio
1751 5488 1973 5561 impro-

311 5574 604 5631 bissimus
633 5576 875 5631 audivit.
909 5574 1015 5631 Per
1045 5577 1322 5646 ambages
1347 5575 1502 5630 enim
1528 5579 1812 5656 quasdam
1833 5579 1980 5633 obli-

333 5681 447 5737 que
499 5665 906 5737 perstringens
948 5666 1232 5737 reginam,
1269 5665 1644 5737 generalibus
1677 5670 1985 5725 sententiis

311 5755 752 5826 declamandis,
813 5755 1126 5811 audientia
1205 5754 1393 5809 illusit
1449 5753 1508 5809 in
1563 5755 1723 5812 hunc
1797 5759 1982 5819 ferme

2092 1974 2146 2022 te
2179 1968 2286 2024 hac
2320 1972 2682 2042 impudentia
2716 1979 3184 2036 mendacissima
3229 1986 3590 2044 defensionis
3622 1968 3740 2045 veri

2084 2057 2292 2127 judicii
2323 2062 2686 2119 severitatem
2721 2065 3042 2124 elusurum.
3071 2073 3151 2126 Ad
3191 2073 3298 2129 hoc
3321 2077 3495 2133 solita
3524 2079 3739 2152 lingua

2093 2150 2560 2220 promptitudine
2637 2157 2897 2225 reposuit
2974 2159 3325 2232 Vestigator,
3407 2167 3514 2230 Qui
3593 2150 3740 2227 falsa

2094 2239 2646 2306 comminiscuntur,
2698 2245 2794 2314 qui
2851 2249 3100 2304 scientes
3157 2254 3228 2306 ab
3288 2271 3452 2325 aquo
3512 2265 3568 2313 et
3607 2262 3741 2328 jure

2095 2327 2414 2393 declinant,
2477 2331 2694 2401 quibus
2770 2336 2838 2389 ad
2930 2342 3303 2409 purgandum
3361 2327 3740 2406 innocentem

2095 2415 2350 2487 impacto
2403 2435 2504 2488 per
2559 2421 2917 2478 calumniam
2979 2430 3229 2487 crimine
3279 2451 3383 2489 nec
3431 2437 3606 2493 verba
3639 2457 3743 2495 nec

2093 2521 2264 2575 opera
2307 2508 2633 2577 sufﬁciunt,
2661 2513 2815 2580 paris
2847 2531 3052 2570 omnes
3107 2519 3412 2590 injustitia
3444 2531 3739 2600 tenentur,

2091 2594 2249 2649 Inter
2281 2596 2401 2649 hac
2435 2599 2692 2667 prudens
2728 2602 2927 2672 regina
2958 2605 3129 2662 silere
3157 2609 3383 2677 leonem
3408 2615 3632 2682 videns,

2094 2685 2306 2739 merito
2339 2687 2516 2741 verita
2538 2705 2610 2743 ne
2645 2707 2742 2759 per
2778 2693 2955 2748 fricta
2986 2697 3192 2761 frontis
3217 2706 3520 2769 praesentis
3554 2708 3734 2764 animi

2092 2774 2356 2829 etmulta
2371 2779 2596 2831 astutia
2621 2781 2831 2835 nebulo
2855 2784 3052 2852 l‘ucurn
3079 2787 3161 2841 illi
3190 2791 3423 2863 faceret,
3457 2799 3738 2854 accedens

2094 2862 2213 2918 ﬁlio
2246 2864 2303 2919 in
2339 2883 2536 2921 aurem
2575 2874 2839 2926 materna
2883 2876 3231 2941 auctoritate
3263 2862 3584 2954 suggessit,
3618 2889 3738 2945 ﬁeri

2094 2969 2266 3035 posse
2297 2959 2360 3008 ut
2387 2957 2485 3025 qui
2522 2962 2633 3012 tam
2660 2965 2997 3017 constanter
3027 2982 3221 3022 coram
3251 2986 3381 3042 rege
3414 2991 3479 3028 ac
3532 2985 3739 3034 senatu

2096 3059 2198 3114 pro
2232 3060 2292 3096 se
2324 3044 2514 3100 dicere
2547 3048 2806 3119 auderet,
2841 3069 3039 3109 revera
3063 3050 3364 3127 innocens,
3387 3070 3540 3126 esset
3563 3083 3744 3140 quare

2092 3132 2274 3187 videri
2325 3136 2678 3191 sumendum
2729 3141 2986 3211 spatium
3022 3135 3430 3217 examinandis
3477 3132 3743 3213 testimo-

2093 3221 2226 3276 niis.
2266 3224 2343 3277 Eo
2376 3241 2469 3278 rex
2501 3227 2699 3281 audito
2732 3229 2922 3299 palam
2956 3239 3376 3307 pronuntiavit,
3421 3244 3632 3312 jubere
3681 3266 3743 3303 se

2098 3311 2157 3365 in
2211 3314 2522 3384 prasentia
2568 3315 2992 3388 Vestigatorem
3027 3328 3307 3392 custodia
3357 3311 3526 3400 tradi,
3561 3336 3744 3393 donec

2101 3407 2366 3457 accurate
2392 3408 2513 3459 tota
2544 3422 2722 3462 causa
2751 3419 3156 3478 cognoscatur.
3191 3418 3461 3490 Conjecto
3497 3440 3627 3479 mox
3651 3443 3744 3481 reo

2098 3490 2156 3545 in
2192 3507 2505 3562 carcerem,
2542 3497 2686 3551 adiit
2735 3498 2955 3566 leonem
3019 3513 3220 3576 mater,
3267 3491 3324 3562 et
3382 3511 3431 3563 ei
3474 3515 3745 3570 confessa

2100 3585 2189 3636 est
2219 3599 2280 3647 se
2313 3600 2440 3674 qua
2473 3585 2542 3640 de
2577 3589 2940 3668 Vestigatore
2989 3577 3301 3662 detulerat,
3347 3615 3414 3653 ex
3470 3601 3747 3674 leopardo

2099 3675 2248 3725 teste
2280 3673 2472 3727 aurito
2504 3677 2879 3748 cognovisse;
2935 3682 3108 3754 hujus
3162 3687 3421 3760 probitas
3454 3707 3626 3774 quam
3663 3693 3747 3749 illi

2098 3764 2255 3815 esset
2282 3770 2586 3844 perspecta
2618 3766 2769 3830 scire
2792 3785 2942 3835 sese,
2977 3789 3146 3855 posse
3170 3775 3334 3833 illum
3376 3764 3746 3854 interrogari,

2097 3859 2306 3904 cuncta
2361 3851 2698 3917 distinctius
2733 3851 3152 3928 indicaturum.
3180 3867 3264 3921 Ad
3293 3883 3361 3930 ea
3392 3868 3501 3934 leo,
3537 3851 3751 3928 Secura

2099 3937 2201 4016 sis,
2237 3943 2444 4006 mater,
2481 3940 2592 4009 ait;
2629 3944 2741 3998 cito
2794 3947 3020 4004 videbis
3070 3953 3276 4022 judice
3304 3974 3397 4014 me
3429 3941 3543 4024 non
3592 3962 3751 4019 abire

2096 4027 2387 4097 impunita
2420 4030 2659 4087 scelera.

2171 4153 2261 4210 ιν.
2295 4154 2472 4209 Nocte
2507 4155 2768 4220 insecuta
2798 4163 3072 4219 convenit
3106 4168 3531 4240 Vestigatorem
3575 4175 3745 4234 Coro-

2099 4248 2293 4316 natus,
2328 4249 2381 4299 et
2410 4245 2668 4310 vinctum
2704 4266 2833 4304 eum
2859 4267 3124 4321 cernens,
3148 4273 3261 4322 non
3288 4258 3414 4315 sine
3448 4261 3744 4335 lacrymis,

2098 4333 2425 4398 Evenerunt
2461 4353 2671 4409 nempe
2733 4339 2945 4412 inquit,
2997 4359 3122 4415 qua
3182 4347 3286 4402 tibi
3348 4333 3746 4422 pradixeram.

2094 4422 2180 4476 Tu
2213 4428 2433 4492 autem,
2466 4441 2616 4482 caeo
2658 4432 2741 4483 tui
2775 4447 2972 4493 amore
3028 4451 3092 4497 ac
3143 4437 3502 4507 praﬁdentia
3532 4441 3744 4511 elatus,

2096 4515 2516 4570 contemnebas
2550 4533 2693 4573 sana
2728 4521 2966 4600 monita,
2999 4529 3056 4578 et
3087 4513 3585 4598 denuntiationes,
3620 4549 3746 4602 qua

2096 4617 2274 4670 quam
2337 4621 2481 4659 vera
2533 4606 2749 4662 fuerint
2825 4627 2950 4666 sero
3010 4613 3264 4686 denique
3323 4635 3479 4673 nunc
3537 4623 3743 4676 sentis.

2099 4691 2818 4768 ResponditVestigator
2875 4719 2888 4756 :
2947 4701 3096 4758 Vera
3181 4708 3521 4776 exprobras,
3598 4711 3747 4768 nihil

2097 4780 2203 4835 tibi
2267 4785 2560 4854 relictum,
2619 4804 2649 4842 ο
2704 4790 2912 4860 amice,
2973 4798 3106 4851 est:
3182 4783 3542 4853 admonuisti
3628 4801 3747 4854 uti-

2095 4869 2175 4925 lia
2234 4871 2648 4942 interminatus
2705 4895 2766 4933 es
2826 4896 2981 4935 vera.
3032 4883 3149 4954 Ego
3208 4889 3407 4940 autem
3468 4905 3584 4943 non
3644 4890 3750 4944 ob-

2097 4963 2415 5031 temperavi
2477 4965 2602 5033 tibi,
2663 4967 3034 5040 inexplebilis
3106 4975 3441 5044 cupiditatis
3520 4979 3752 5034 insania

2100 5049 2280 5104 miser
2308 5052 2699 5112 demeetatus.
2752 5062 2971 5122 Passus
3005 5061 3158 5117 enim
3194 5080 3367 5119 suum
3401 5065 3556 5121 idem
3591 5071 3748 5139 quod

2094 5137 2554 5210 intemperantes
2610 5147 2768 5218 agri,
2832 5149 2931 5220 qui
2992 5149 3128 5206 licet
3171 5153 3413 5226 experti,
3447 5137 3749 5227 gravi—suo

2094 5229 2333 5300 damno,
2367 5233 2482 5286 vim
2516 5235 2842 5300 maleﬁcam
2878 5239 3196 5297 insalubris
3227 5242 3340 5307 cibi
3393 5249 3588 5302 tamen
3623 5250 3750 5320 ejus

2097 5319 2587 5390 malesuadavicti
2620 5324 2952 5395 dulcedine,
2996 5346 3108 5385 non
3144 5347 3205 5386 se
3231 5334 3536 5390 continent
3584 5338 3654 5390 ab
3684 5354 3748 5392 eo

2095 5412 2478 5480 regustando.
2567 5412 2657 5469 Me
2715 5432 2848 5472 vero
2903 5435 3059 5474 nunc
3117 5419 3178 5475 in
3240 5421 3350 5488 has
3437 5425 3747 5496 angustias

2094 5499 2399 5555 redactum
2461 5518 2574 5556 non
2635 5520 2765 5560 mea
2825 5507 3040 5574 solum,
3129 5527 3305 5582 quam
3370 5513 3543 5583 culpa
3603 5513 3750 5568 mihi

2092 5587 2367 5644 accersivi
2428 5591 2690 5663 propria,
2747 5593 3054 5652 calamitas
3114 5601 3293 5673 angit,
3365 5603 3462 5657 sed
3555 5607 3750 5658 metus

2093 5682 2376 5747 praterea
2436 5681 2750 5737 conturbat
2779 5684 2850 5739 de
2893 5689 2948 5741 te
2993 5703 3063 5742 ne
3102 5687 3386 5745 innocens
3441 5691 3753 5759 involvaris

2097 5783 2228 5823 meo
2291 5768 2562 5826 crimine.
2627 5770 2878 5828 Pronum
2939 5776 3097 5832 enim
3159 5779 3310 5833 factu
3372 5783 3480 5850 est,
3523 5786 3763 5852 propter
