4120 6396
388 388 524 440 1287

1884 375 2266 428 APPENDIX.

3663 372 3807 426 1288

391 518 585 569 notam
618 511 772 566 inter
804 526 908 564 nos
956 507 1298 575 amicitiam,
1342 508 1407 558 ut
1459 502 1557 573 qui
1614 518 1705 555 me
1737 499 2033 571 perditum
2065 503 2119 567 Α
2151 498 2524 553 excruciatur
2546 498 2675 569 ejus
2698 500 2955 565 animus,
2982 516 3087 553 nec
3109 499 3323 571 quietis
3354 515 3557 571 capere
3583 506 3810 571 partem

388 602 657 674 cupiunt,
691 618 759 655 ex
808 605 863 655 te
910 615 1105 655 rerum
1138 597 1401 652 omnium
1454 591 1692 646 conscio
1750 604 2038 657 mearum,

386 691 794 747 testimonium
866 691 1151 742 conentur
1211 689 1575 753 extorquere,
1638 696 1705 734 ac
1762 684 1867 732 tua
1929 676 2044 730 fide

390 782 693 853 cupiditati
729 794 930 835 eorum
964 794 1078 831 non
1128 776 1510 846 obsequente,
1557 777 1676 825 tam
1710 769 1854 823 diris
1889 785 1954 823 ex
1988 772 2045 821 te

391 870 811 942 quaestionibus
871 868 1024 938 quod
1088 883 1179 920 me
1245 868 1446 934 gravet
1518 859 1775 928 eliciant,
1838 862 1901 911 ut
1980 862 2042 910 tu

394 959 754 1016 cruciatibus
818 959 1246 1010 tormentorum
1307 954 1570 1014 enectus,
1640 964 1746 1018 ego
1806 944 2044 1000 indiciis

393 1047 682 1119 expressis
756 1043 1079 1115 quaestione
1165 1041 1488 1107 convictus,
1577 1036 1794 1107 pariter
1872 1034 2045 1088 ambo

394 1152 724 1207 pereamus.
788 1131 1113 1203 Respondit
1168 1130 1495 1183 Coronatus
1532 1144 1543 1179 :
1578 1129 1692 1180 Hoc
1743 1124 1939 1195 ipsum
1990 1126 2047 1176 et

391 1243 495 1297 ego
553 1222 777 1295 providi
834 1224 1121 1287 futurum,
1154 1224 1211 1274 et
1274 1222 1470 1273 metuo
1506 1233 1621 1270 non
1659 1214 1849 1284 magis
1898 1212 2043 1267 mihi

392 1331 569 1385 quam
600 1313 721 1367 tibi.
756 1312 814 1366 Si
858 1311 1014 1365 enim
1074 1308 1260 1363 alieno
1320 1304 1660 1361 testimonio
1719 1303 2043 1372 convictus,

393 1410 707 1459 contumax
740 1408 796 1457 et
824 1401 1202 1473 impoenitens
1253 1403 1437 1453 morte
1489 1395 1788 1464 afficiaris,
1822 1393 1937 1448 scis
1991 1397 2045 1446 te

394 1495 461 1548 ad
496 1493 683 1547 dirius
746 1491 903 1545 aliud
964 1490 1115 1545 trahi
1174 1488 1457 1556 tribunal,
1489 1504 1520 1539 a
1551 1503 1665 1556 quo
1712 1482 2045 1553 inexpiatus

397 1582 818 1653 deprehensus,
870 1578 1249 1650 sempiternis
1328 1575 1618 1632 addiceris
1698 1571 2043 1643 suppliciis;

394 1690 518 1743 qum
578 1689 711 1726 cum
766 1673 1129 1724 commutare
1188 1666 1465 1721 brevibus
1524 1664 1701 1734 hujus
1736 1660 2043 1731 temporis,

391 1762 579 1833 pmnis
612 1760 765 1814 ultro
800 1757 1111 1815 subeuntis
1144 1755 1334 1810 adhuc
1391 1752 1603 1824 possis,
1657 1767 1905 1821 suggero
1938 1749 2045 1803 tibi

2154 586 2335 641 ullam
2360 589 2532 655 valet,
2554 589 2744 658 quoad
2769 588 3279 644 calumniatiorem
3297 589 3811 659 scelestissimum,

2152 677 2322 745 cujus
2353 677 2582 731 artibus
2611 677 2850 732 nefariis
2902 677 2960 731 in
3005 696 3132 733 eam
3169 680 3434 733 fraudem
3472 679 3817 750 implicatus

2153 771 2261 831 cst,
2290 765 2474 835 pmnis
2499 767 2727 821 meritis
2777 766 3115 837 subjecerit.
3138 770 3325 833 Quare
3348 769 3520 839 agite,
3553 770 3813 823 conferte

2156 856 2211 908 in
2264 855 2374 909 hoc
2421 872 2659 927 operam
2695 862 2753 911 et
2782 857 3116 928 reipublicaz
3161 862 3217 912 et
3264 859 3405 929 regi,
3442 868 3508 911 ut
3540 859 3646 912 rite
3676 875 3814 914 reus

2157 945 2350 1016 peragi
2383 944 2911 1015 legitimojudicio,
2944 952 3229 1001 veterator
3265 946 3667 1018 nequissimus
3700 948 3810 1003 iste

2154 1033 2487 1106 Vestigator
2512 1035 2719 1106 possit.
2741 1036 3024 1106 Pernegat
3046 1037 3202 1090 enim
3224 1038 3437 1090 factum
3458 1054 3568 1091 non
3594 1038 3808 1092 minori

2157 1123 2477 1187 pervicacia
2500 1141 2676 1194 quam
2725 1130 2949 1195 quanta
2964 1126 3093 1195 ejus
3120 1125 3226 1179 fuit
3246 1126 3301 1179 in
3323 1142 3387 1180 eo
3422 1129 3810 1196 perpetrando

2155 1212 2418 1282 perfidia.
2454 1214 2561 1267 Sed
2595 1212 2962 1284 impudentia
2997 1214 3305 1268 nebulonis
3358 1214 3590 1285 perditi,
3643 1216 3811 1270 testi-

2159 1301 2370 1356 moniis
2401 1303 2670 1357 convicta
2711 1303 3102 1371 consciorum,
3148 1303 3392 1358 illudere
3418 1304 3640 1359 diutius
3675 1304 3807 1358 fidei

2156 1390 2395 1461 publica:
2429 1392 2854 1462 prohibebitur.
2909 1397 3140 1447 Promat
3174 1394 3345 1447 modo
3397 1393 3579 1447 libere
3624 1411 3807 1448 unus-

2154 1481 2399 1551 quisque
2455 1485 2712 1535 vestrum
2772 1483 2927 1552 quod
2980 1483 3047 1536 de
3098 1482 3196 1536 illo
3217 1484 3397 1549 novit,
3434 1484 3811 1553 respondebit

2154 1588 2257 1640 pro
2289 1588 2350 1625 se
2388 1587 2521 1625 reus
2579 1588 2834 1642 prazsens
2888 1572 3039 1642 quod
3074 1572 3384 1626 videbitur.
3435 1572 3809 1640 Quazsitores,

2155 1660 2381 1715 cunctis
2417 1660 2691 1730 utrinque
2727 1660 2968 1725 auditis,
3003 1661 3485 1727 arbitrabuntur;
3523 1661 3605 1715 sic
3639 1662 3804 1731 judi-

2157 1749 2312 1803 cium
2339 1749 2446 1803 rite
2470 1753 2644 1820 atque
2667 1750 2888 1819 ordine,
2916 1753 3066 1821 quod
3093 1768 3191 1805 rex
3214 1751 3565 1805 nominatim
3600 1752 3808 1821 jussit,

392 1852 499 1905 hoc
528 1849 802 1904 ultimum
861 1852 917 1901 et
974 1864 1076 1917 pro
1127 1849 1283 1900 statu
1347 1859 1541 1897 rerum
1594 1848 1828 1895 tuarum
1875 1838 2043 1892 unice
2077 1856 2123 1918 Β
2156 1846 2541 1903 exercebitur.
2602 1847 2883 1918 Leopardi
2941 1848 3263 1903 orationem
3322 1848 3548 1919 excepit
3590 1848 3810 1902 arbiter

394 1939 534 1994 utile
556 1936 896 2005 consilium,
918 1940 981 1989 ut
998 1938 1207 2005 sponte
1230 1930 1563 1987 conﬁtearis
1586 1946 1713 2001 quae
1740 1928 1990 1999 peccasti
2020 1945 2036 1997 ;

403 2046 469 2084 ac
516 2028 589 2095 si,
650 2026 803 2097 quod
866 2040 1103 2096 sperare
1162 2022 1299 2077 licet
1354 2037 1384 2075 e
1442 2021 1597 2090 regis
1656 2017 2037 2089 benignitate,

392 2117 643 2189 gratiam
679 2114 955 2185 supplicii
996 2111 1378 2176 nanciscaris,
1414 2109 1591 2163 vitam
1644 2108 2037 2162 condonatam

393 2207 551 2261 lucro
615 2205 907 2275 imputes;
967 2202 1057 2257 sin
1112 2200 1237 2272 lege
1296 2200 1353 2253 in
1418 2204 1473 2253 te
1532 2202 1758 2268 agetur,
1812 2194 2038 2267 piaculo

391 2293 718 2349 voluntarie
771 2295 1046 2362 suscepto
1080 2306 1261 2362 pcenze
1320 2287 1683 2358 temporariae
1735 2289 2037 2355 purgatus,

390 2389 742 2439 aeternorum
776 2382 928 2453 apud
990 2396 1194 2434 manes
1246 2377 1615 2433 cruciatuum
1653 2373 1908 2447 periculo
1942 2374 2039 2428 de-

394 2472 678 2543 fungaris.
716 2471 843 2525 Haec
867 2470 1197 2540 Vestigator
1226 2468 1493 2529 audiens,
1537 2470 1594 2520 et
1640 2463 1813 2519 solita
1844 2480 1905 2517 se
1935 2464 2042 2517 ob-

395 2562 635 2617 ﬁrmans
667 2562 944 2615 adversus
978 2576 1119 2613 sana
1148 2556 1370 2611 monita
1411 2553 1646 2622 duritie,
1693 2552 1999 2623 respondit
2028 2566 2042 2606 :

396 2650 668 2705 Nondum
701 2649 781 2703 ita
811 2648 1123 2718 desperata
1173 2661 1301 2700 mea
1329 2660 1508 2699 causa
1540 2645 1650 2706 est,
1680 2646 1745 2695 ut
1776 2641 1847 2694 ad
1886 2638 2041 2693 istud

395 2745 723 2795 extremum
750 2736 1225 2793 descendendum
1254 2732 1399 2787 mihi
1418 2730 1732 2787 consilium
1752 2728 2041 2799 judicem.

393 2827 669 2899 Experiar
722 2827 885 2897 prius
939 2824 1204 2895 quaedam
1267 2820 1400 2885 alia,
1466 2833 1779 2887 morasque
1827 2816 2045 2885 quibus

390 2923 588 2990 potero
618 2917 845 2971 artibus
876 2916 1191 2980 obducam,
1225 2912 1273 2967 si
1313 2912 1457 2967 forte
1488 2908 1829 2981 insperatis,
1865 2912 1931 2961 ut
1980 2906 2045 2959 ﬁt

396 3008 720 3076 interdum,
784 3004 1101 3059 momentis
1161 3018 1225 3057 ac
1278 3000 1515 3055 casibus
1576 2998 1807 3052 fortuna
1834 2992 2045 3065 judicii

395 3096 824 3169 prosperiorem
902 3094 963 3148 in
1030 3092 1250 3147 exitum
1338 3093 1515 3161 queat
1600 3102 1855 3159 vergere.
1952 3084 2048 3138 llis

394 3192 715 3245 Coronatus
749 3185 986 3253 auditis,
1050 3186 1360 3255 desperata
1416 3178 1720 3236 curatione
1763 3176 2042 3233 obstinati
2076 3224 2118 3287 Ο

393 3276 595 3345 animi,
628 3274 870 3331 recessit
900 3271 1281 3329 acerbissime
1320 3269 1544 3334 dolens,
1586 3271 1641 3323 et
1671 3270 1829 3321 certo
1865 3264 2040 3321 amici

389 3367 583 3434 exitio,
617 3369 674 3421 et
707 3383 813 3421 suo
858 3362 1047 3436 ipsius
1096 3359 1445 3433 gravissimo
1479 3355 1736 3428 periculo
1773 3371 1785 3410 :
1824 3354 2041 3425 quippe

388 3456 488 3528 qui
548 3453 1093 3528 perspectissimum
1154 3450 1415 3516 haberet,
1474 3446 1645 3500 vitari
1706 3460 1820 3497 non
1871 3457 2042 3512 posse

389 3546 528 3616 quin
568 3546 970 3616 perseverante
1003 3540 1060 3595 in
1092 3536 1362 3593 criminis
1393 3533 1751 3588 inticiatione
1771 3530 2040 3601 Vestiga-

391 3640 533 3701 tore,
567 3632 691 3703 ipse
722 3645 895 3700 quem
931 3642 1137 3681 omnes
1166 3624 1217 3678 ei
1242 3618 1771 3677 familiarissimum
1798 3617 2041 3686 scirent,

396 3728 497 3777 aut
551 3717 860 3791 quaestioni
920 3714 1330 3784 subjiceretur,
1364 3714 1466 3765 aut
1507 3708 1657 3763 velut
1690 3707 1958 3763 conscius
1990 3710 2046 3761 et

393 3810 680 3881 particeps
712 3803 949 3860 sceleris
980 3801 1268 3873 ejusdem,
1306 3799 1429 3871 pari
1468 3815 1600 3852 cum
1655 3797 1755 3852 illo
1797 3798 2041 3851 damna-

392 3896 537 3952 tioni
592 3893 1017 3950 succumberet.
1073 3890 1203 3945 Haec
1255 3906 1390 3961 ergo
1424 3886 1843 3943 maestissimus
1871 3902 2044 3956 repu-

392 3991 543 4055 tans,
578 3987 635 4039 et
662 3987 946 4054 pertaesus
974 3981 1127 4050 vitae,
1162 3978 1374 4035 hausto
1423 3978 1578 4032 ultro
1625 3992 1847 4032 veneno
1878 3974 2043 4028 efﬂa-

391 4076 471 4132 vit
502 4074 780 4131 animam.

461 4201 529 4256 V.
567 4198 854 4255 Postridie
906 4198 1081 4267 jussu
1142 4194 1298 4265 regis
1354 4210 1457 4263 pro
1517 4190 1799 4246 tribunali
1835 4193 2048 4261 praztor

398 4292 574 4360 sedit,
605 4287 1007 4345 assidentibus
1052 4285 1359 4357 judicibus
1418 4282 1681 4338 delectis.
1744 4280 1956 4335 Eodem
1992 4284 2049 4334 et

394 4382 708 4452 lcopardus
730 4379 907 4434 venit.
940 4380 1306 4433 Concussum
1330 4375 1513 4429 densa
1531 4389 1746 4427 corona
1769 4370 2049 4425 circums-

392 4474 554 4528 tabat
601 4473 887 4527 universa
937 4466 1205 4538 palatinae
1232 4465 1476 4520 militiae.
1503 4464 1808 4518 Adductus
1831 4462 1889 4515 in
1921 4478 2045 4515 me-

393 4564 555 4616 dinm
604 4579 633 4616 e
679 4575 904 4615 carcere
932 4558 1264 4629 Vestigator
1286 4560 1395 4619 est,
1442 4570 1679 4609 causam
1712 4552 1769 4606 in
1803 4551 2048 4605 vinculis
2077 4587 2123 4649 D

391 4654 681 4708 dicturus.
714 4650 964 4715 Primus,
999 4647 1371 4719 congregatis
1404 4644 1657 4713 cunctis,
1692 4642 1865 4696 verba
1914 4641 2048 4695 fecit

392 4742 704 4814 lcopardus
734 4740 793 4794 in
826 4739 983 4794 hunc
1017 4740 1254 4793 modum
1284 4755 1295 4790 :
1322 4737 1442 4791 Rex
1475 4739 1690 4803 noster,
1737 4750 1767 4787 o
1800 4731 2043 4787 commi-

390 4832 629 4897 litones,
664 4828 1007 4902 participem
1033 4844 1127 4883 me
1177 4826 1313 4882 fecit
1344 4825 1655 4895 cujusdam
1679 4822 1870 4896 gravis
1893 4838 2043 4877 curae

390 4940 507 4976 sua:
535 4938 709 4992 quam
752 4919 928 4975 etiam
980 4914 1405 4973 communicari
1446 4912 1609 4968 vobis
1641 4911 1842 4967 voluit.
1880 4909 2045 4965 Acris

393 5027 525 5063 eum
577 5007 921 5080 pmnitentia
980 5005 1224 5062 incessit
1274 5003 1558 5059 interfecti
1616 5000 1793 5068 tauri,
1829 4999 2047 5054 idcirco

391 5098 546 5168 quod
582 5115 693 5152 non
727 5093 1176 5152 contemnendis
1211 5092 1445 5147 indiciis
1504 5106 1634 5145 sero
1663 5089 1838 5160 ccepit
1870 5086 2048 5142 intel-

393 5186 592 5253 ligere,
626 5186 999 5241 innocentem
1054 5183 1249 5250 illum,
1282 5198 1344 5237 se
1376 5180 1525 5236 dolis
1561 5178 1733 5233 malis
1789 5182 1845 5233 et
1887 5176 2047 5231 dela-

390 5276 651 5330 tionibus
684 5275 847 5331 falsis
911 5277 966 5329 in
1024 5276 1155 5346 ejus
1197 5290 1400 5329 necem
1450 5270 1750 5342 instigato,
1805 5268 2048 5341 periisse

389 5368 518 5421 Jam
550 5365 661 5420 hoc
695 5368 847 5435 ejus,
872 5383 974 5436 per
1000 5366 1114 5420 alia
1137 5382 1371 5437 quoque
1394 5361 1793 5433 experimenta
1817 5358 2047 5415 cunctis

394 5463 537 5512 notae
554 5457 837 5513 bonitatis
854 5456 1164 5525 etjustitiae
1177 5474 1242 5512 eo
1261 5453 1617 5511 laudabilius
1631 5456 2047 5523 argumentum

392 5552 499 5613 est,
561 5566 673 5609 quo
733 5549 845 5604 fert
917 5546 1130 5617 aegrius
1206 5548 1449 5602 illusum
1507 5545 1618 5599 sibi
1680 5559 1812 5598 cum
1886 5544 2051 5595 tanta

392 5634 645 5693 insontis
678 5637 888 5712 capitis
923 5636 1159 5705 injuria.
1192 5636 1247 5689 Si
1281 5635 1422 5705 quid
1454 5633 1609 5689 enim
1632 5632 1779 5688 mihi
1811 5629 2049 5686 creditis

393 5719 737 5785 intimorum
792 5729 923 5799 ejns
984 5739 1266 5781 sensuum
1319 5722 1575 5790 conscio,
1624 5717 2050 5777 incredibiliter

2153 1935 2497 2005 quaestionis
2522 1940 2732 2006 praetor
2757 1936 2813 1989 in
2851 1936 2970 1991 haec
3005 1937 3181 1991 verba
3207 1954 3218 1989 :
3242 1936 3810 1991 Convenientissime

2144 2025 2260 2094 juri
2298 2041 2361 2078 ac
2396 2025 2544 2078 mori
2580 2026 2869 2095 majorum
2905 2030 2962 2078 et
2991 2024 3079 2079 leo
3103 2026 3469 2096 praecepit,et
3497 2024 3811 2093 IeOpardus

2149 2113 2458 2181 peroravit.
2494 2114 2654 2175 Quod
2690 2117 2980 2183 superest,
3028 2118 3313 2179 vestrum,
3348 2118 3635 2184 quotquot
3668 2113 3804 2166 adc-

2147 2201 2279 2270 stis,
2309 2201 2714 2271 unusquisque
2736 2218 2798 2256 se
2820 2202 3090 2271 accingat
3105 2202 3173 2256 ad
3198 2202 3610 2273 proferendum
3638 2218 3771 2255 sum
3791 2232 3806 2243 -

2151 2307 2245 2343 ma
2269 2290 2378 2343 {ide
2400 2290 2642 2361 parique
2666 2289 2929 2344 libertate
2958 2291 3113 2360 quod
3152 2292 3223 2344 de
3267 2290 3371 2344 hac
3406 2307 3585 2344 causa
3611 2290 3806 2359 deque

2147 2378 2515 2450 Vestigatore
2556 2384 2919 2449 compertum
2954 2379 3143 2434 habet.
3180 2379 3655 2449 Cooperabimini
3689 2378 3802 2432 hoc

2153 2469 2376 2538 agendo
2421 2466 2508 2521 vel
2569 2468 2817 2522 maxime
2873 2468 3172 2521 communi
3235 2468 3511 2535 utilitati;
3571 2467 3806 2538 publice

2155 2556 2369 2628 quippe
2430 2556 2671 2610 interest
2730 2574 2843 2611 non
2896 2556 3138 2627 impune
3172 2557 3333 2611 abire
3365 2557 3698 2619 sceleratos,
3738 2575 3809 2611 ne

2154 2646 2344 2701 securi
2377 2646 2705 2701 severitatis
2730 2646 2922 2717 legum
2950 2644 3240 2716 quidlibet
3261 2645 3512 2717 improbi
3534 2647 3808 2700 audeant.

2153 2736 2271 2790 Sub
2303 2734 2424 2790 haec
2480 2735 2636 2789 dicta
2691 2734 2995 2789 silentium
3066 2734 3405 2805 aliquandiu
3458 2739 3809 2789 cunctorum

2157 2826 2285 2891 fuit,
2322 2825 2474 2895 quod
2527 2823 2755 2895 primus
2801 2824 3160 2895 abrumpens
3204 2823 3555 2895 Vestigator,
3610 2824 3807 2878 lleus!

2154 2931 2277 2981 vos,
2334 2913 2551 2984 inquit,
2613 2917 2746 2985 post
2798 2918 2917 2968 tam
2975 2913 3131 2969 acria
3191 2913 3424 2968 dicendi
3474 2914 3647 2983 jussa
3704 2930 3812 2967 cur

2155 3001 2408 3071 tacetis»?
2464 3002 2649 3074 Agite,
2726 3019 2818 3058 me
2888 3019 3124 3074 quoque
3183 3002 3486 3074 invitante,
3548 3004 3809 3075 proferte

2158 3092 2447 3164 quidquid
2472 3093 2541 3146 de
2574 3109 2666 3147 me
2693 3092 2912 3160 nostis;
2937 3110 3049 3147 non
3076 3109 3305 3160 recuso,
3332 3092 3474 3164 quin
3503 3093 3677 3147 etiam
3700 3093 3805 3148 ﬂa-

2157 3189 2519 3261 gito.Audire
2534 3189 2704 3259 cupio
2723 3189 2861 3260 quid
2879 3189 3023 3245 mihi
3047 3194 3399 3261 opponatur,
3419 3196 3658 3262 paratus
3673 3207 3809 3245 con-

2151 3279 2316 3333 tinuo
2364 3294 2496 3332 vere
2526 3277 2754 3347 objecta
2796 3276 2984 3345 fateri,
3020 3277 3166 3333 falso
3188 3278 3466 3348 imposita
3516 3279 3804 3335 refellere.

2151 3368 2246 3422 Sic
2278 3384 2414 3438 ergo
2447 3367 2713 3423 dicturus
2769 3367 3021 3439 quisque
3067 3386 3128 3425 se
3160 3376 3476 3441 comparet,
3509 3378 3570 3425 ut
3600 3376 3807 3426 contra

2152 3474 2340 3511 meam
2368 3456 2770 3512 defensionem
2795 3458 2945 3513 tueri
2970 3460 3376 3515 testimonium
3400 3476 3573 3515 suum
3597 3466 3807 3531 queat;

2151 3547 2252 3617 qui
2284 3565 2455 3602 secus
2487 3548 2689 3603 fecerit
2750 3548 2808 3602 in
2866 3556 3042 3619 caput
3091 3567 3265 3605 suum
3325 3551 3613 3622 peccabit.
3665 3554 3806 3618 Quae

2152 3638 2307 3691 enim
2343 3638 2563 3692 nostris
2617 3636 2846 3708 legibus
2870 3640 3228 3709 aequissimas
3259 3640 3594 3695 constitutis
3628 3658 3812 3712 pmnae

2153 3733 2293 3782 sunt
2324 3728 2383 3781 in
2413 3726 2682 3783 falsarios
2713 3726 2925 3799 linguae
2986 3746 3051 3784 ac
3114 3729 3249 3785 fidei
3306 3731 3551 3798 venalis,
3594 3748 3692 3786 eas
3751 3748 3819 3787 se

2154 3818 2526 3873 subituorum
2555 3833 2645 3871 me
2675 3822 2902 3889 agente,
2927 3836 2991 3873 ac
3014 3824 3282 3890 praetore,
3334 3826 3510 3892 prout
3536 3820 3626 3875 lex
3648 3822 3823 3891 jubet

2154 3913 2211 3961 et
2244 3924 2331 3961 res
2362 3907 2961 3977 exiget,decernente,
2996 3908 3162 3964 sciat.
3207 3910 3395 3980 Atque
3420 3910 3564 3966 adeo
3591 3910 3815 3975 videat,

2154 3994 2204 4049 si
2237 3996 2335 4066 qui
2386 3994 2587 4064 lingua
2622 3995 2676 4049 in
2710 3996 3195 4051 obtrectationem
3244 3998 3455 4068 prurit,
3488 4016 3560 4053 ne
3592 3998 3817 4055 similia

2155 4085 2416 4155 patiatur
2440 4084 2712 4155 imperito
2752 4086 2975 4139 medico
3008 4086 3109 4155 qui
3143 4104 3351 4157 parum
3388 4087 3614 4143 habens
3649 4090 3807 4159 quod

2155 4178 2351 4245 ageret
2382 4174 2439 4227 in
2473 4173 2680 4243 patria,
2716 4173 2815 4227 ubi
2850 4174 3119 4245 cognitus
3174 4176 3603 4248 negligebatur,
3638 4194 3806 4248 pere-

2155 4280 2256 4334 gre
2316 4261 2614 4333 simplices
2663 4263 2933 4333 quaesivit
2991 4264 3208 4334 quibus
3268 4271 3395 4322 tuto
3454 4266 3804 4339 imponeret.

2157 4360 2458 4413 Profectus
2491 4376 2627 4430 ergo
2659 4360 2717 4413 in
2750 4359 3068 4430 civitatem,
3092 4363 3264 4433 cujus
3309 4363 3582 4434 princeps
3623 4364 3808 4420 ﬁliam

2157 4450 2410 4505 habebat
2449 4466 2516 4502 ex
2548 4447 2747 4503 morbo
2778 4450 2939 4519 gravi
2985 4451 3455 4522 decumbentem,
3490 4454 3546 4507 in
3582 4458 3811 4525 partem

2157 4538 2288 4607 ejus
2335 4534 2658 4590 curationis
2719 4536 3022 4593 adhibitus
3080 4539 3337 4611 periculo
3392 4559 3498 4597 suo
3552 4548 3661 4612 est,
3701 4541 3813 4597 hac

2159 4626 2412 4699 quadam
2437 4640 2505 4679 ex
2522 4641 2695 4679 causa
2717 4641 2728 4677 ε
2755 4630 2879 4681 erat
2912 4628 2970 4681 in
2989 4646 3056 4684 ea
3078 4629 3221 4685 urbe
3244 4630 3506 4687 medicus
3527 4648 3809 4703 perquam

2155 4714 2441 4783 eruditus,
2504 4714 2599 4769 sed
2653 4715 2840 4770 aetatis
2892 4717 3057 4785 vitio,
3119 4728 3216 4773 aut
3259 4718 3615 4775 calamitati:
3646 4737 3815 4786 casu,

2156 4805 2393 4875 penitus
2425 4804 2665 4858 orbatus
2714 4803 2846 4859 luce
2902 4807 3230 4864 oculorum.
3280 4808 3535 4865 Vocatus
3594 4809 3692 4864 ille
3734 4812 3809 4865 ad

2155 4910 2390 4964 aegram,
2424 4909 2493 4947 ex
2524 4896 2742 4947 attactu
2777 4892 2988 4965 pulsus
3022 4898 3362 4969 caeterisque
3401 4916 3528 4970 qua:
3560 4900 3809 4967 audivit,

2156 4982 2455 5038 intellecta
2510 4982 2697 5037 morbi
2746 5000 2924 5038 causa
2984 4986 3306 5042 remedium
3377 4988 3427 5042 ei
3487 4989 3809 5044 indubitati

2158 5088 2469 5127 successus
2500 5070 2795 5142 opposuit,
2820 5074 3249 5143 praascribenda
3283 5076 3517 5147 potione
3539 5094 3607 5133 ex
3630 5095 3807 5133 succo

2157 5162 2349 5216 herbae
2409 5161 2502 5215 cui
2560 5160 2808 5232 capillus
2867 5165 3109 5219 Veneris
3164 5182 3373 5221 nomen
3433 5171 3540 5221 est.
3594 5168 3808 5223 Verum

2158 5252 2315 5323 quod
2348 5249 2535 5305 oculis
2566 5249 2691 5320 ipse
2724 5255 2934 5323 captus
2993 5254 3321 5309 discernere
3382 5256 3628 5312 herbam
3686 5275 3806 5313 non

2156 5339 2396 5409 valeret,
2483 5339 2829 5410 proﬁcisens
2910 5342 2969 5395 in
3047 5344 3386 5415 apothecam
3446 5346 3814 5415 herbariam,

2159 5440 2431 5496 comitem
2468 5439 2687 5511 optavit
2727 5456 2967 5512 peregre
2997 5443 3313 5513 appulsum
3360 5445 3671 5499 medicum.
3713 5447 3819 5501 Hic

2160 5529 2306 5584 nihil
2341 5530 2541 5585 nimus
2572 5546 2748 5600 quam
2805 5531 2958 5600 quod
2994 5533 3376 5601 proﬁtebatur
3423 5534 3643 5589 callens
3693 5538 3818 5591 tam

2160 5620 2429 5691 imperite
2463 5620 2522 5674 in
2559 5619 2785 5674 delectu
2819 5626 3087 5676 versatus
3136 5628 3245 5689 est,
3298 5628 3361 5677 ut
3412 5625 3661 5679 cicutam
3697 5626 3825 5682 vice

2158 5709 2357 5783 capilli
2394 5709 2626 5767 Veneris
2665 5709 2983 5780 pharmace
3015 5711 3387 5785 admisceret,
3436 5731 3550 5785 quo
3602 5714 3825 5774 hausto
