4120 6450
270 484 408 537 1289

1292 487 1653 540 SPECIMEN
1692 487 2094 539 SAPIENTUE
2134 486 2466 540 INDORUM
2505 489 2667 540 VET.

3557 488 3695 541 1290

264 609 382 663 lilia
412 608 692 680 principis
724 612 961 683 repente
1003 614 1091 664 est
1138 614 1388 663 mortua.
1422 611 1665 665 Cunctis
1698 610 1917 664 miran-
1951 614 2003 677 Α
2037 610 2220 664 sontis
2256 615 2309 665 te
2344 616 2692 682 praepostere
2718 612 3377 682 perspicacem,vidisse
3410 614 3691 668 festucam

264 703 456 769 tibus,
519 706 574 757 et
633 719 779 757 caeco
841 703 1067 757 medico
1138 708 1284 758 notae
1356 704 1576 774 peritiae
1636 720 1703 758 ac
1762 704 1917 771 ﬁdei,

266 796 702 863 perseverante,
763 808 877 847 non
940 793 1201 862 potuisse
1263 792 1570 848 mulierem
1626 792 1918 863 exstingui

267 881 520 953 potione,
558 882 669 935 nisi
704 886 961 936 erratum
1015 886 1170 937 esset
1202 884 1259 936 in
1292 882 1714 953 compositione
1746 881 1919 952 phar-

267 970 436 1039 maci,
492 971 675 1026 herba
726 972 897 1026 noxia
954 988 1057 1042 pro
1112 972 1241 1026 utili
1298 972 1618 1043 supposita.
1662 972 1921 1043 Dynasta

267 1066 436 1131 pater
486 1064 752 1125 mortuae,
783 1062 1137 1131 {expressum
1190 1077 1258 1115 ex
1305 1062 1508 1115 eadem
1560 1060 1741 1115 herba
1792 1076 1919 1131 quae

270 1150 453 1205 ﬁliam
484 1150 777 1205 occiderat
826 1168 1069 1205 succum
1115 1151 1346 1206 ebibere
1378 1168 1575 1205 coram
1625 1167 1687 1205 se
1738 1150 1919 1203 medi-

268 1257 399 1294 cum
434 1245 696 1294 exterum
731 1241 939 1311 coegit,
976 1241 1075 1311 qui
1110 1240 1290 1295 miser
1326 1241 1602 1295 continuo
1636 1241 1919 1306 extabuit,

270 1328 575 1398 imperitia:
608 1329 979 1398 audaciaeque
1022 1347 1138 1383 suae
1181 1347 1383 1400 poenas
1413 1330 1716 1383 exsolvens
1744 1328 1922 1382 meri-

268 1419 553 1473 tissimas.
590 1418 684 1471 Sic
716 1418 961 1481 eveniet,
989 1420 1113 1489 jam
1145 1418 1284 1473 hinc
1314 1417 1620 1487 denuntio,
1651 1417 1917 1472 testimo-

267 1508 426 1561 nium
460 1513 662 1561 contra
695 1524 786 1561 me
822 1509 1035 1561 falsum
1079 1512 1181 1562 aut
1218 1508 1636 1563 inconveniens
1667 1508 1917 1574 dicenti;

266 1594 754 1666 strangulabitur,
807 1612 981 1664 quem
1044 1597 1196 1651 male
1253 1597 1546 1661 nexuerit,
1606 1596 1813 1667 laqueo
1863 1601 1921 1650 et

267 1684 459 1756 gladio
492 1685 701 1739 inscite
732 1684 936 1739 stricto
969 1701 1097 1740 sese
1131 1686 1439 1741 confodiet.

336 1808 428 1863 Vl.
466 1808 621 1863 Nihil
656 1810 763 1863 hac
791 1810 1246 1865 comminatione
1278 1810 1541 1881 territus,
1565 1816 1622 1866 et
1653 1810 1920 1867 irritatus

266 1896 620 1952 conﬁdentia
670 1896 934 1967 loquacis
984 1898 1089 1962 rei,
1123 1898 1445 1953 assurrexit
1488 1900 1597 1954 sub
1646 1917 1714 1954 ea
1762 1900 1917 1955 dicta

271 1986 502 2057 primus
562 2002 883 2057 coquorum
935 1987 1109 2057 regis.
1162 1989 1249 2057 Et,

271 2077 372 2149 qui
407 2075 628 2130 adestis
672 2075 728 2129 in
774 2076 1017 2131 consilio
1059 2077 1333 2132 :ail‘cram
1373 2079 1529 2132 enim
1564 2079 1717 2149 quod
1750 2096 1923 2133 nosse

271 2166 344 2221 ad
378 2182 616 2219 causam
652 2165 858 2235 prosit,
873 2182 941 2219 ex
968 2167 1222 2236 quadam
1246 2166 1420 2237 longo
1444 2166 1587 2221 mihi
1624 2185 1732 2222 usu
1758 2174 1925 2239 parta

267 2255 479 2327 peritia
513 2270 705 2309 mores
732 2272 800 2309 ex
834 2256 978 2310 facie
1010 2256 1311 2311 noscendi.
1334 2261 1535 2313 Certos
1565 2256 1825 2313 vultibus
1858 2275 1923 2312 ac

262 2345 559 2399 frontibus
600 2360 949 2398 arcanorum
993 2345 1178 2399 animi
1225 2362 1510 2399 sensuum
1557 2346 1923 2402 characteres

261 2440 477 2488 natura
536 2433 770 2501 indidit,
820 2450 888 2487 ex
946 2434 1225 2504 qualibus
1284 2441 1550 2505 apparet,
1600 2434 1921 2506 Vestigato-

259 2540 385 2577 rem
431 2538 683 2593 nequam
718 2538 781 2576 ac
817 2522 1133 2576 subdolum
1181 2522 1522 2594 nulliusque
1566 2523 1698 2578 ﬁdei
1737 2524 1919 2576 nebu—

260 2611 461 2666 lonem
512 2627 660 2677 esse,
698 2612 917 2681 quippe
951 2612 1049 2681 qui
1099 2610 1299 2665 oculos
1348 2612 1585 2681 oblique
1618 2612 1919 2676 distortos,

258 2707 316 2756 et
370 2700 582 2755 horum
632 2699 835 2754 laevum
887 2700 1087 2754 dextro
1138 2701 1485 2767 breviorem,
1528 2701 1921 2772 eumdemque

258 2789 694 2861 inquietissime
738 2788 1013 2843 mobilem
1059 2788 1300 2857 habeat;
1337 2790 1405 2844 ad
1442 2792 1582 2859 haec,
1616 2795 1796 2860 caput
1824 2790 1919 2844 in-

258 2886 352 2935 ter
383 2880 771 2934 incedendum
827 2884 1043 2933 temere
1074 2879 1315 2934 inclinet
1349 2896 1361 2931 :
1396 2896 1521 2949 qua:
1573 2880 1740 2951 signa
1794 2896 1918 2934 cer-

256 2970 495 3024 tissima
526 2968 669 3022 vafri
712 2966 1158 3021 calumniatoris
1191 2986 1257 3022 ac
1290 2968 1601 3038 proditoris
1643 2969 1918 3040 perﬁdio-

258 3057 514 3123 sissimi,
558 3073 774 3127 magno
834 3073 1121 3111 consensu
1183 3056 1642 3127 physiognomici
1694 3058 1918 3111 dudum

253 3149 576 3202 tradidere.
611 3147 825 3202 Contra
875 3146 1020 3212 ha-c,
1074 3147 1353 3201 innuente
1395 3147 1618 3216 judice,
1652 3147 1923 3202 dicturus

249 3236 616 3307 Vestigator,
641 3253 812 3290 orsus
840 3241 929 3291 est
954 3254 987 3291 a
1018 3235 1359 3291 laudatione
1389 3236 1609 3292 ironica
1641 3236 1922 3308 principis

2032 698 2090 753 in
2123 700 2289 754 oculo
2323 699 2589 769 alterius,
2627 702 2728 772 qui
2782 702 3006 756 trabem
3043 703 3101 755 in
3135 707 3236 757 tuo
3280 719 3393 757 non
3427 703 3692 758 attende-

2033 788 2133 842 ris.
2166 789 2387 844 Similis
2442 789 2744 844 malesana
2803 789 3034 845 mulieri
3096 808 3126 845 e
3185 792 3382 846 fabula
3426 791 3687 863 vulgata.

2032 877 2238 931 Fertur
2262 878 2441 947 enim,
2475 880 2620 933 duas
2672 878 2993 949 aliquando
3047 896 3279 935 sorores
3331 881 3689 952 proripiondi

2033 982 2161 1021 sese
2192 968 2380 1021 nudas
2410 984 2440 1021 e
2467 968 2756 1035 custodia,
2792 984 2910 1039 qua
2941 970 3085 1024 dura
3117 971 3490 1037 tenebantur,
3524 986 3688 1025 occa-

2033 1056 2257 1110 sionem
2292 1062 2517 1121 nactas,
2549 1058 2690 1112 dum
2732 1075 2849 1113 una
2884 1075 3017 1112 cum
3050 1063 3213 1129 patre
3243 1059 3452 1113 iisdem
3487 1060 3687 1130 elapso

2031 1146 2282 1201 vinculis
2314 1147 2568 1217 fugiunt,
2591 1147 2801 1201 harum
2835 1147 3079 1203 alteram
3116 1148 3261 1204 forte
3290 1148 3526 1203 invento
3558 1164 3687 1203 cen~

2032 1240 2166 1288 tone
2196 1235 2289 1289 vix
2340 1237 2613 1305 pudenda
2658 1242 3085 1307 contegentem,
3118 1237 3421 1308 increpare
3453 1254 3684 1308 germa-

2035 1341 2167 1378 nam
2202 1324 2449 1395 ccepisse
2480 1327 2636 1396 quod
2672 1327 2831 1380 nuda
2870 1326 3185 1382 incederet.
3220 1327 3323 1382 Cui
3356 1331 3538 1397 pater,
3572 1326 3681 1381 Sa-

2034 1430 2201 1481 nane,
2248 1415 2459 1484 inquit,
2496 1432 2577 1483 es,
2612 1431 2739 1487 quae
2790 1416 2976 1471 sorori
3025 1418 3358 1486 exprobras,
3394 1416 3522 1471 sine
3572 1433 3681 1471 sua

2032 1504 2205 1576 culpa
2236 1505 2683 1575 patienti,quod
2728 1510 2783 1559 et
2827 1510 2887 1559 tu
2941 1506 3066 1575 pari
3114 1506 3458 1560 necessitate
3508 1521 3682 1575 passa

2032 1613 2092 1651 es
2144 1602 2200 1650 et
2248 1594 2504 1665 pateris?
2560 1594 2690 1649 Haec
2739 1594 2985 1649 audiens
3039 1595 3310 1666 princeps
3352 1588 3676 1665 "coquorum

2030 1686 2181 1754 quod
2215 1688 2523 1756 reponeret
2561 1700 2675 1738 non
2725 1683 2951 1751 habuit,
2986 1683 3278 1738 universis
3330 1699 3679 1753 responsum

2029 1772 2406 1842 Vestigatoris
2439 1772 2596 1827 haud
2629 1772 2806 1826 dubie
2843 1771 3252 1842 probantibus.
3290 1773 3533 1843 Ipseque
3570 1770 3681 1837 leo,

2032 1864 2128 1918 ubi
2182 1879 2303 1917 rem
2354 1862 2638 1933 cognovit,
2673 1860 2849 1916 stulte
2899 1860 3161 1916 locutum
3211 1860 3536 1933 principem
3584 1878 3682 1916 co-

1300 1949 1445 1998 """,
1488 1949 1592 1954 ”“”
1651 1949 1721 1999 ’ἶ
1769 1949 1917 1999 ””“.’”
2032 1969 2282 2022 quorum
2315 1950 2440 2006 loco
2476 1950 2671 2016 mOVit,
2706 1966 2776 2005 ne
2817 1949 2873 2003 in
2908 1951 3108 2005 ουιίηδ
3148 1951 3381 2021 qvidem
3418 1967 3527 2004 sua
3557 1954 3679 2003 tam

1300 1989 1509 2043 Audite
1562 1994 1921 2059 me,1nqu1t,
1956 1982 1999 2043 Β
2236 2058 2241 2059 ί
3019 2039 3124 2059 rw
3190 2041 3210 2059 J
3264 2056 3281 2059 Α
3577 2038 3679 2059 τ’τ-

1662 2032 1674 2056 ,
1710 2030 1921 2056 μυρίην,

2033 2040 2254 2095 nullius
2279 2040 2485 2109 judicii
2520 2040 2826 2094 ministros
2867 2040 2979 2094 sibi
3018 2039 3286 2095 ferendos
3319 2045 3552 2110 putans.
3577 2038 3681 2093 His

2032 2146 2097 2184 eo
2129 2147 2405 2184 consessu
2440 2129 2609 2195 actis,
2640 2133 2696 2182 et
2728 2146 2827 2198 per
2869 2128 3198 2184 actuarium
3232 2129 3288 2182 in
3323 2132 3682 2183 commenta-

2032 2219 2185 2273 rium
2231 2218 2449 2285 relatis,
2485 2218 2712 2288 riteque
2756 2217 3025 2288 signatis,
3058 2218 3205 2272 hora
3228 2218 3349 2289 jam
3386 2222 3679 2289 provecta,

2034 2307 2259 2363 solutus
2290 2312 2473 2363 ccntus
2503 2312 2610 2376 est,
2638 2323 2733 2362 reo
2767 2308 3024 2361 nondum
3062 2306 3321 2361 convicto
3354 2308 3589 2361 reducto
3622 2307 3680 2360 in

2032 2414 2347 2453 carcerem.

2101 2522 2224 2576 VII.
2264 2522 2575 2576 Redditum
2630 2521 2911 2575 custodiae
2944 2521 3370 2591 Vestigatorem
3421 2522 3691 2575 convenit

2034 2611 2184 2665 alius
2235 2611 2475 2681 quidam
2511 2627 2578 2663 ex
2608 2610 2733 2679 ejus
2779 2609 3191 2675 familiaribus,
3225 2610 3491 2664 Coronati
3526 2627 3686 2663 com-

2034 2702 2231 2757 munis
2265 2701 2434 2755 amici
2470 2706 2719 2754 mortem
2754 2699 3174 2754 muastissimus
3206 2700 3509 2753 nuntians.
3545 2699 3687 2753 Con-

2032 2798 2329 2846 sternatus
2383 2789 2591 2844 acerbo
2651 2805 2789 2842 casu
2846 2788 3176 2858 Vestigator
3226 2788 3517 2860 lacrymas
3569 2806 3682 2841 non

2030 2883 2241 2946 tenuit,
2274 2879 2428 2933 inter
2459 2896 2605 2949 quas
2651 2878 2737 2932 hee
2768 2894 2940 2932 voces
2972 2880 3097 2947 ejus
3127 2878 3519 2932 audiebantur
3552 2895 3563 2931 :
3598 2881 3686 2932 Me

2033 2970 2314 3023 miserum
2367 2969 2467 3040 qui
2518 2985 2671 3036 vero,
2700 2968 3117 3038 experimentis
3165 2969 3431 3039 probato,
3466 2972 3522 3021 et
3561 2984 3682 3022 om-

2030 3061 2194 3114 nium
2232 3065 2561 3130 temporum
2610 3058 2797 3112 amico
2848 3057 3113 3128 privatus
3145 3057 3317 3113 hodie
3350 3055 3497 3112 siml
3532 3059 3679 3123 Quid

2032 3167 2124 3203 me
2182 3148 2371 3203 vivere
2430 3146 2638 3201 attinet
2692 3151 2748 3201 te
2806 3146 2972 3212 mihi,
3029 3140 3313 3203 Coronate
3373 3147 3680 3211 ﬁdissime,

2031 3237 2379 3294 subtracto?
2438 3237 2612 3291 Recte
2665 3236 2831 3290 aiunt
2880 3235 3070 3307 vulgo,
3132 3241 3340 3291 catena
3389 3253 3683 3292 connexus

246 3344 606 3399 coquorum,
633 3327 739 3395 En,
766 3327 1064 3397 inquiens,
1090 3327 1355 3383 omnium
1383 3327 1479 3399 qui
1514 3329 1623 3383 sub
1648 3328 1789 3384 coelo
1816 3346 1916 3383 su-
1949 3351 1993 3418 ο
2030 3328 2289 3399 quadam
2343 3342 2444 3397 per
2501 3325 2701 3380 orbem
2761 3341 3090 3380 commeare
3149 3324 3534 3391 calamitates,
3578 3341 3685 3380 nec

248 3433 385 3472 mus
417 3415 591 3488 longe
636 3415 1141 3486 sapientissimus,
1176 3415 1271 3471 cui
1317 3431 1486 3471 nemo
1537 3416 1920 3487 quantumvis

250 3506 527 3561 eminens
583 3505 913 3575 comparari
964 3504 1234 3560 doctrina
1282 3509 1339 3561 et
1374 3505 1589 3576 judicii
1640 3507 1925 3577 gravitate

251 3600 456 3665 queat.
489 3594 734 3649 Miseros
783 3611 884 3649 vos
934 3595 1269 3649 conditores
1320 3594 1541 3665 legum,
1588 3597 1688 3665 qui
1742 3595 1921 3650 talem

241 3702 363 3740 non
398 3683 792 3739 adhibueritis
844 3683 900 3736 in
933 3682 1273 3751 consilium,
1305 3681 1749 3738 lucrifecissetis
1782 3700 1924 3753 ope-

240 3792 370 3828 ram
408 3774 647 3827 inanem
699 3771 998 3827 statuendi
1050 3787 1254 3842 pcnnas
1305 3770 1521 3825 sceleri
1574 3788 1640 3826 ac
1695 3772 1926 3843 praemia

250 3865 489 3917 virtuti.
540 3862 597 3915 Si
652 3862 806 3915 enim
855 3859 1219 3915 ineluctabili
1267 3859 1614 3915 necessitate
1671 3860 1928 3915 trahitur

253 3952 504 4009 animus
553 3952 624 4005 ad
657 3966 724 4004 ea
755 3950 1023 4004 facienda
1056 3966 1183 4020 qua;
1226 3948 1343 4003 oris
1396 3947 1752 4004 lineamenta
1802 3949 1928 4004 sine

258 4046 472 4096 nostro
509 4039 678 4093 nobis
709 4039 949 4093 arbitrio
993 4055 1025 4092 a
1078 4042 1283 4091 natura
1312 4037 1537 4092 tributa
1568 4038 1927 4110 signiﬁcent,

256 4131 409 4202 quid
447 4128 652 4183 attinet
703 4127 988 4182 mulctare
1036 4125 1340 4198 suppliciis
1390 4127 1490 4199 qui
1542 4127 1692 4183 male
1723 4133 1928 4199 agunt,

260 4221 679 4275 characterum
714 4216 1107 4285 ingenitorum
1140 4232 1353 4283 errare,
1380 4221 1442 4270 ut
1471 4216 1565 4270 hic
1596 4218 1786 4287 docet,
1811 4236 1927 4273 non

252 4306 616 4375 valentium,
650 4305 981 4361 necessario
1018 4305 1196 4360 ﬁdem
1229 4305 1604 4361 sancientes?
1654 4306 1928 4379 Alioquin

259 4398 560 4470 puniatur
588 4396 744 4467 ignis
778 4395 918 4467 quia
949 4394 1087 4463 urit,
1114 4413 1277 4467 aqua:
1314 4400 1598 4451 tormenta
1622 4397 1933 4452 decernan-

256 4493 365 4544 tur
399 4486 543 4558 quia
569 4485 661 4539 vel
711 4500 958 4540 excussa
984 4499 1013 4538 e
1046 4484 1202 4538 nube
1249 4484 1528 4540 viatorem
1582 4488 1935 4542 mandefacit

255 4577 352 4633 vel
389 4575 703 4632 exundans
735 4590 764 4627 e
795 4578 1052 4628 torrente
1083 4578 1214 4627 sata
1244 4572 1418 4627 laedit.
1455 4574 1603 4636 Quid
1637 4574 1740 4629 tibi
1772 4576 1930 4630 vide-

2034 3433 2297 3488 unquam
2343 3416 2444 3470 uni
2494 3414 2824 3486 singulares
2872 3431 3195 3470 occurrere.
3230 3416 3311 3470 En
3346 3414 3490 3469 mihi
3524 3414 3683 3485 capi-

2033 3506 2136 3563 tali
2174 3504 2401 3577 judicio
2450 3504 2825 3575 periclitanti,
2860 3521 2925 3561 ac
2973 3504 3119 3559 diris
3153 3504 3404 3559 vinculis
3437 3504 3685 3559 constri-

2034 3600 2149 3662 cto,
2185 3597 2483 3651 funestum
2537 3593 2877 3665 supervenit
2906 3594 3238 3649 auctarium
3287 3593 3690 3666 irreparabilis

2026 3688 2271 3757 jacturae
2317 3685 2530 3757 capitis
2582 3685 2938 3751 charissimi,
2989 3685 3189 3752 etiam,
3222 3686 3377 3756 quod
3429 3685 3689 3739 dolorem

2035 3773 2317 3839 incendit,
2352 3791 2530 3828 causa
2584 3791 2714 3829 mea
2766 3774 3054 3829 exstincti.
3091 3776 3221 3830 Haec
3268 3774 3348 3829 ita
3381 3774 3687 3845 deploran-

2034 3869 2147 3917 tem
2183 3865 2551 3925 invenerunt,
2586 3864 2681 3930 qui
2734 3864 3015 3932 postridie
3058 3865 3235 3934 jussu
3286 3864 3554 3935 praetoris
3586 3864 3689 3917 de-

2035 3969 2151 4006 nuo
2186 3952 2442 4005 citarunt
2490 3952 2886 4020 stiteruntque
2917 3952 3340 4019 Vestigatorem
3377 3953 3448 4006 ad
3497 3952 3685 4007 tribu-

2038 4040 2151 4096 nal.
2190 4041 2271 4093 lbi
2298 4040 2480 4110 judex
2529 4039 2643 4094 alte
2691 4040 3003 4095 considens
3038 4057 3050 4093 :
3086 4040 3234 4106 Quid
3275 4040 3406 4103 tibi,
3438 4059 3470 4095 o
3506 4041 3687 4095 Vesti-

2037 4136 2220 4202 gator,
2255 4130 2355 4193 ait,
2388 4128 2618 4183 consilii
2672 4146 2784 4182 nox
2834 4128 3066 4183 attulit?
3107 4146 3247 4183 num
3304 4130 3540 4183 tandem
3592 4130 3682 4182 iu-

2038 4218 2255 4274 duxisti
2285 4219 2341 4272 in
2375 4218 2639 4273 animum
2684 4218 2848 4273 fateri
2905 4219 3061 4289 quod
3111 4218 3418 4287 agnoscis?
3448 4219 3687 4273 Cunctis

2033 4310 2154 4379 jam
2182 4312 2382 4378 patent
2402 4312 2504 4362 tua
2524 4307 2766 4375 scelera,
2790 4323 3081 4378 nemoque
3105 4324 3220 4362 non
3246 4308 3491 4361 miratur
3511 4309 3690 4361 conli-

2040 4398 2301 4451 dentiam
2356 4401 2540 4462 tuam,
2578 4396 3004 4468 perseverantis
3052 4397 3301 4451 inﬁciari
3354 4398 3688 4451 manifesta.

2044 4486 2218 4542 Nulla
2237 4485 2343 4541 tibi
2366 4487 2489 4555 jam
2521 4485 2746 4557 reliqua
2767 4487 3065 4541 excusatio
3089 4490 3206 4555 est;
3232 4503 3298 4541 ac
3319 4484 3436 4540 nisi
3457 4502 3695 4540 summa

2042 4581 2098 4631 et
2146 4575 2380 4630 inﬁnita
2427 4576 2693 4646 quaedam
2747 4574 3150 4631 misericordia
3198 4576 3354 4647 regis
3404 4579 3579 4641 esset,
3632 4579 3695 4628 tu

253 4675 383 4737 tur,
419 4663 833 4734 archimagire,
861 4663 932 4715 de
964 4660 1077 4715 ista
1104 4665 1206 4715 tua
1238 4661 1492 4716 mirabili
1527 4662 1934 4735 physiologia?
1966 4704 2011 4766 D
2045 4664 2504 4720 fcedissimorum
2556 4664 2913 4719 constrictus
2944 4665 3303 4720 conscientia
3346 4664 3694 4730 facinorum,

258 4756 485 4811 Utrum
529 4751 739 4817 mavis,
773 4751 873 4821 qui
923 4750 1204 4822 praeditus
1254 4750 1405 4816 istis,
1441 4768 1588 4822 quas
1635 4752 1934 4823 indicasti,

256 4844 432 4898 notis
481 4841 540 4894 in
588 4840 778 4894 lucem
828 4838 1075 4903 venerit,
1109 4854 1309 4893 cavere
1340 4856 1370 4892 a
1415 4838 1569 4893 malo
1618 4856 1811 4911 posse,
1862 4858 1935 4896 an

252 4928 688 4987 inevitabiliter
709 4944 837 4984 esse
870 4927 1250 4997 improbum?
1279 4927 1330 4981 Si
1358 4926 1522 4997 prius
1552 4927 1720 4999 dicis,
1746 4930 1939 4985 inanis

255 5025 360 5077 est
397 5023 502 5073 tua
532 5016 800 5072 collectio
828 5033 840 5072 :
868 5015 1115 5071 forsitan
1139 5016 1296 5071 enim
1329 5032 1435 5087 ego
1467 5033 1640 5088 quem
1672 5035 1940 5087 accusas,

261 5114 379 5165 aut
415 5105 688 5162 similiter
718 5105 1037 5178 insignitus
1071 5105 1285 5175 quivis,
1320 5104 1533 5161 indolis
1567 5107 1779 5162 innatas
1808 5126 1937 5179 pro-

258 5196 627 5271 pensionem
656 5200 869 5250 conatu
895 5194 1134 5249 virtutis
1168 5193 1567 5250 inﬂexerimus
1600 5196 1657 5250 in
1685 5202 1939 5267 rectum;

258 5290 314 5345 si
387 5286 647 5341 alterum
709 5285 930 5350 fateris,
974 5301 1168 5340 nonne
1216 5302 1393 5356 quam
1454 5285 1945 5359 inconsequenter

254 5377 545 5449 loquaris
580 5375 765 5441 vides,
793 5376 895 5446 qui
929 5392 1158 5446 poenam
1194 5393 1459 5446 apponas
1490 5378 1589 5431 ubi
1622 5378 1797 5450 culpa
1826 5397 1944 5437 non

258 5472 383 5524 est.
425 5466 592 5528 Quod
628 5465 675 5519 si
712 5465 1011 5535 recipitur,
1050 5465 1188 5535 quid
1241 5466 1313 5519 de
1364 5470 1419 5519 te
1469 5467 1604 5520 ﬁet?
1634 5484 1769 5522 nam
1804 5474 1947 5540 quot

253 5557 389 5614 eris
429 5554 749 5625 suppliciis
783 5555 1155 5619 mactandus,
1185 5553 1235 5606 si
1266 5554 1532 5608 omnium
1567 5572 1693 5626 qua:
1725 5574 1828 5628 per
1854 5559 1943 5612 vi-

255 5652 395 5701 tam
430 5642 765 5698 necessario
790 5642 879 5697 vel
906 5642 1092 5698 fecisti
1116 5641 1205 5699 vel
1230 5660 1440 5714 passus
1471 5660 1553 5709 es,
1579 5661 1753 5701 causa
1790 5665 1946 5702 nunc

253 5736 376 5791 tibi
415 5732 696 5802 dicenda,
728 5732 949 5787 invidia
991 5732 1359 5798 sustinenda,
1388 5734 1601 5788 luenda
1632 5736 1948 5806 expienda-

250 5839 383 5896 que
409 5821 779 5877 cruciatibus
806 5821 1169 5877 conscientia
1191 5821 1270 5878 sit
1289 5826 1311 5877 ξ’
1329 5823 1575 5894 Ecquid,
1601 5826 1800 5894 stulte,
1816 5827 1945 5897 jam

559 5938 830 6000 Paraor.
880 5939 989 5998 Gn.
1038 5935 1304 5999 CXLIII.

2048 4753 2428 4824 omniumque
2450 4754 2576 4823 jam
2609 4753 2967 4825 praejudiciis
2999 4755 3339 4822 damnatus,
3364 4754 3556 4808 adhuc
3587 4754 3699 4808 uti-

2049 4858 2160 4912 que
2211 4858 2325 4896 non
2376 4842 2617 4897 viveres.
2665 4843 2751 4897 Ad
2802 4858 2870 4898 ea
2902 4842 3233 4915 Vestigator
3280 4842 3693 4910 audacissime,

2049 4930 2513 5002 Quantaeunque
2545 4930 2640 4996 sit,
2663 4931 2764 4997 ait,
2790 4931 2903 4987 ista
2932 4948 3109 5003 quam
3144 4948 3434 4987 memoras
3461 4948 3698 4986 summa

2050 5024 2107 5074 et
2155 5019 2386 5074 inﬁnita
2440 5019 2844 5075 misericordia
2891 5021 3066 5092 regis,
3109 5026 3304 5077 tamen
3351 5036 3481 5076 eam
3531 5019 3701 5091 longe

2051 5113 2290 5180 superat
2354 5108 2761 5165 inenarrabilis
2827 5110 3246 5181 importunitas
3312 5109 3702 5165 immanitatis

2051 5203 2185 5252 tuaz.
2224 5198 2401 5252 Video
2439 5197 2595 5253 enim
2627 5203 2685 5252 te
2715 5198 3163 5267 sanguinarium
3213 5198 3573 5269 mancipium
3615 5198 3705 5252 in-

2053 5286 2292 5358 expletae
2341 5288 2732 5355 crudelitatis,
2758 5287 2920 5342 sitire
2968 5305 3231 5343 cruorem
3279 5305 3492 5359 meum,
3525 5304 3711 5359 eoque

2054 5378 2175 5433 fera
2204 5376 2504 5433 voluntate
2537 5393 2947 5450 praeoccupare
2987 5395 3143 5433 sanae
3175 5379 3394 5434 mentis
3426 5379 3710 5443 ofﬁcium,

2056 5484 2188 5523 mea
2227 5483 2334 5522 nec
2384 5467 2632 5523 convicti
2682 5484 2790 5523 nec
2838 5468 3105 5523 damnati
3142 5473 3348 5537 morte,
3375 5474 3578 5524 contra
3626 5465 3713 5521 fas

2054 5573 2249 5627 omne,
2268 5557 2651 5613 decernenda.
2672 5562 2788 5613 Nec
2812 5557 2997 5613 miror
3017 5564 3069 5613 te
3096 5558 3399 5628 talem,qui
3417 5557 3557 5612 olim
3586 5573 3713 5627 pes-

2057 5646 2273 5701 simum
2308 5646 2590 5715 noverim,
2614 5652 2671 5701 et
2709 5648 2792 5701 ita
2826 5652 3038 5703 natura
3069 5651 3471 5719 comparatum
3506 5646 3711 5715 sciam,

2058 5740 2122 5791 ut
2166 5752 2400 5808 semper
2446 5737 2702 5809 optimos
2754 5738 3100 5809 nequissimi
3156 5737 3411 5809 pessime
3460 5735 3708 5791 oderint.

2062 5827 2173 5882 Has
2223 5826 2613 5883 contumelias
2662 5844 2865 5898 aequus
2916 5845 2981 5884 ac
3032 5828 3372 5884 moderatus
3414 5825 3613 5895 judex,
3648 5829 3714 5880 ut

3350 5946 3419 6001 41
