4120 6394
360 473 491 527 1291

360 597 572 657 medici
620 594 790 650 mites
841 599 1129 659 aegrorum
1176 575 1558 635 delirantium
1611 564 2011 634 intemperies,
2044 565 2098 631 Α

360 688 657 760 sapienter
700 658 917 743 ferens,
949 677 1105 731 Bona
1156 669 1349 731 verba,
1382 660 1595 734 inquit,
1627 663 1685 713 et
1717 659 1931 711 frustra
1956 658 2013 708 et

363 796 479 836 non
514 777 569 832 in
602 780 887 843 tempore,
916 763 1271 832 Vestigator,
1296 751 1600 817 irasceris;
1633 764 1762 819 quas
1795 742 2012 801 audisti

364 868 563 922 minus
614 864 720 918 tibi
772 862 959 931 grata,
992 871 1061 909 ex
1110 848 1299 906 cilicio
1350 843 1537 900 nostri
1567 836 1829 895 muneris
1860 832 2018 888 dicta

362 959 542 1012 libere
576 958 715 1010 sunt
749 971 760 1007 :
798 965 934 1005 nam
990 939 1369 999 dissimulare
1399 950 1505 989 nos
1554 929 1711 987 haud
1745 923 2019 984 convenit

365 1064 513 1118 quos
545 1047 613 1101 ad
664 1038 1044 1099 coercendam
1095 1030 1500 1102 improborum
1554 1018 1859 1079 audaciam
1912 1030 2016 1069 au-

364 1102 633 1192 dtoritate
664 1150 731 1190 ac
765 1132 1049 1202 potestate
1100 1120 1334 1194 publica
1368 1114 1638 1187 princeps
1672 1124 1737 1167 ac
1767 1102 2020 1178 populus

366 1228 632 1293 armavit.
668 1227 975 1283 Caeterum,
1007 1215 1055 1271 si
1088 1212 1220 1284 quis
1259 1207 1411 1279 apud
1456 1211 1513 1260 te
1550 1198 1813 1257 consiliis
1846 1197 2020 1250 bene-

368 1325 513 1381 volis
548 1322 711 1376 locus
743 1318 853 1377 est,
884 1311 1087 1365 auctor
1119 1312 1475 1372 magnopere
1508 1292 1612 1349 tibi
1644 1304 1797 1359 sum,
1828 1290 1892 1341 ut
1924 1299 2021 1338 nc-

372 1413 643 1471 cessitate
676 1407 732 1460 in
767 1416 941 1457 usum
966 1411 1155 1460 versa,
1179 1388 1476 1450 brevibus,
1504 1397 1651 1453 quas
1676 1379 1875 1449 fugere
1907 1388 2021 1428 non

376 1462 773 1577 potesi,ﬁbujus
817 1485 1102 1559 temporis
1157 1480 1342 1551 pcenis
1392 1473 1688 1545 sapienter
1740 1464 1924 1523 utaris
1952 1462 2023 1516 ad

375 1551 709 1652 :edimenda
741 1579 1031 1653 supplicia
1062 1578 1275 1629 aeterna
1306 1583 1435 1638 quas
1465 1559 1731 1634 gravium
1762 1551 2029 1611 conscios

376 1687 658 1745 scelerum
711 1673 1038 1745 inexpiatos
1076 1684 1146 1723 ex
1190 1663 1296 1718 hac
1331 1660 1448 1714 vita
1494 1654 1868 1710 transeuntes
1900 1661 2025 1699 ma—

379 1781 539 1835 nent.

449 1902 598 1956 VIII.
634 1896 735 1951 His
768 1893 970 1947 contra
1014 1882 1098 1939 sic
1130 1874 1385 1935 occurrit
1416 1862 1941 1925 obfirmatissimus
1972 1856 2030 1910 in

382 1951 754 2050 contumacia
786 1975 999 2036 nebulo
1025 1990 1038 2028 ε
1063 1969 1206 2029 Novi
1238 1971 1296 2021 et
1327 1979 1453 2035 ego,
1490 1954 1723 2029 quando
1756 1955 1812 2005 et
1831 1951 2040 2050 .qua'te-
2072 1963 2118 2028 Β

383 2100 495 2138 nus
528 2092 676 2151 opus
715 2075 823 2137 est,
861 2063 1198 2140 praebabere
1248 2051 1609 2123 sempiterna
1660 2035 2038 2098 transitoriis.

1333 2148 1340 2151 -
1666 2148 1709 2151 η
1775 2127 1870 2151 --με
1926 2141 2036 2151 ...Ακ

384 2127 605 2227 Verum
640 2162 783 2237 quid
835 2160 957 2213 haec
988 2153 1057 2208 ad
1104 2148 1445 2223 praesentem
1480 2148 1741 2197 causam,
1775 2127 1873 2184 ubi
1926 2141 2041 2179 non

403 2211 605 2227 'UluL-a
642 2211 783 2237 Ἰ--ν-
836 2211 869 2213 κὴ
1106 2211 1117 2223 .

393 2261 533 2334 quid
569 2269 737 2327 agere
771 2249 1013 2303 debeam
1048 2241 1155 2294 rite
1187 2224 1644 2294 damnatus,sed
1670 2238 1740 2275 an
1774 2211 2044 2272 damnari

981 2332 990 2334 _
1109 2329 1130 2334 Δ
1198 2328 1210 2334 -
1238 2326 1248 2334 -
1504 2321 1542 2334 Α.
1601 2322 1902 2334 -Α-Α-ιιεσλιαΛ
1960 2303 2043 2334 ςιδί

438 2303 533 2317 ...υ
569 2303 732 2327 νο---

386 2303 522 2424 ΞΠΡΟ
554 2342 775 2418 possim
818 2329 1133 2407 quaeritur?
1182 2326 1290 2380 Aio
1342 2336 1443 2390 ego
1494 2321 1551 2370 et
1601 2322 1924 2384 persevero,
1960 2303 2045 2424 ut:

393 2389 597 2500 debet;
648 2421 1146 2488 constantissime,
1197 2412 1571 2469 innocentem
1633 2417 1726 2456 me
1785 2389 2048 2451 accusari

394 2530 542 2585 falso
602 2540 668 2579 ac
728 2508 1135 2574 circumveniri
1200 2520 1300 2577 per
1356 2493 1707 2555 calumnias.
1769 2489 1855 2543 Tu
1914 2498 2049 2537 vero

392 2632 628 2690 aequum
662 2624 889 2673 censes,
923 2596 1217 2673 cooperari
1255 2607 1346 2647 me
1378 2580 1679 2657 iniquitati
1710 2576 2051 2649 opprimen-

1119 2688 1152 2690 “’
1223 2685 1236 2690 ’
1285 2683 1303 2690 ’⁸
1413 2679 1446 2690 ⁸·
1643 2669 1751 2690 Ἀιῖ
1808 2664 1952 2690 ι---ΑᾹ
1990 2665 2049 2690 «tu

393 2664 1049 2765 tiammeinuidlenim
1081 2685 1241 2744 aliud
1280 2679 1457 2736 fuerit
1488 2669 1777 2735 mendaci,
1802 2664 1958 2737 quod
1990 2665 2053 2716 tu

395 2795 673 2861 hortaris,
708 2785 1079 2845 confessione
1128 2779 1429 2846 imponere
1457 2758 1831 2821 conscientim
1891 2768 2055 2820 meae,

1496 2858 1513 2861 -
1584 2851 1643 2861 ·Α
1696 2850 1727 2861 ι·-
1806 2845 1817 2861 ι
1948 2841 2055 2861 ι.--

397 2841 673 2861 usum“,
714 2841 768 2845 -_
1217 2841 1231 2846 _

397 2888 708 2956 attingere
758 2894 853 2934 me
899 2872 1107 2928 fecisse
1137 2882 1268 2938 quis
1320 2876 1436 2917 non
1490 2851 1644 2910 feci?
1695 2845 1899 2904 Scelus
1948 2841 2059 2899 hoc

1324 2951 1334 2956 ⁸
1392 2953 1398 2956 ‘
1492 2952 1500 2956 λ
1584 2941 1617 2956 ⁸⁸
1678 2940 1698 2956 τ’
1742 2942 1879 2956 Iun“
1933 2930 2059 2956 ..ειη

400 2930 691 3035 θηίῐῐικῗθτο
743 2969 912 3032 foret,
965 2961 1096 3015 istis
1142 2971 1270 3027 quas
1320 2941 1621 3005 intentasti
1676 2940 1882 2994 futura”:
1933 2930 2060 2986 vita)

404 3062 718 3121 immensis
767 3051 1077 3126 suppliciis
1133 3044 1437 3105 luendum,
1467 3050 1583 3107 quo
1637 3029 1858 3085 avertat
1912 3026 2061 3077 Deus

407 3176 477 3212 ne
523 3170 614 3209 me
652 3144 1068 3205 contaminem.
1096 3144 1181 3190 An
1205 3132 1361 3189 enim
1398 3126 1580 3181 levius
1607 3114 1914 3176 arbitraris
1938 3124 2066 3181 pec-

406 3262 561 3311 care,
586 3244 753 3297 famaz
778 3252 843 3291 ac
865 3230 1079 3288 salutis
1098 3219 1501 3281 voluntarium
1532 3209 1895 3284 proditorem
1923 3218 2065 3268 suae,

407 3290 561 3311 νων,
786 3290 805 3291 κν

407 3351 586 3408 quam
611 3327 958 3386 insidiantes
982 3320 1169 3375 alieno
1194 3310 1368 3383 capiti
1396 3323 1461 3361 ac
1482 3295 1798 3371 sanguini?
1824 3290 2067 3361 Equius

1398 3404 1405 3408 -
1500 3393 1535 3408 --
1620 3406 1628 3408 ξ
1675 3390 1847 3408 μιν...
1875 3379 2049 3408 ,ικηηι

409 3379 586 3408 ’νιν-ιι·
613 3379 840 3386 --η-ννη
1268 3379 1283 3383 ,

406 3443 542 3497 ergo
574 3436 675 3476 vos
706 3433 836 3472 mea
866 3414 987 3469 vice
1025 3420 1318 3467 moneam,
1352 3404 1417 3452 ut
1462 3393 1639 3449 etiam
1672 3390 1849 3455 atque
1874 3379 2053 3435 etiam

1126 3495 1133 3497 .
1203 3493 1214 3497 _
1266 3496 1269 3497 ν
1614 3478 1786 3497 ,,____
1864 3482 2052 3497 MMM

406 3478 653 3570 videatis
685 3524 760 3563 ne
788 3504 937 3560 foede
987 3495 1171 3554 ruatis
1202 3493 1317 3546 isto
1349 3498 1562 3541 cursu:
1612 3478 1811 3545 idque,
1864 3482 2056 3523 meam

408 3600 658 3659 insontis
705 3589 1143 3652 damnationem
1201 3569 1635 3651 praecipitando,
1686 3555 2059 3617 consciscatis

412 3693 569 3765 quod
619 3702 751 3742 sera
801 3678 1014 3735 deinde
1046 3664 1387 3742 poenitentia
1438 3655 1837 3728 nequidquam
1892 3651 2062 3717 opta-

1016 3762 1027 3765 ·
1307 3754 1317 3765 ·
1408 3756 1416 3765 -
1552 3741 1837 3765 ~~U_:-.m
1895 3734 2062 3765 mmin

611 3734 919 3833 infectum,
952 3734 1070 3819 tale
1129 3754 1492 3828 experientes
1539 3741 1842 3816 quidpiam
1893 3734 2067 3807 quale

418 3824 555 3925 olim
588 3824 835 3930 contigit
866 3824 1102 3911 testanti
1134 3824 1259 3917 quae
1300 3859 1415 3897 non
1456 3837 1700 3893 viderat.
1733 3829 1833 3885 Vir
1867 3827 1976 3882 fuit
2009 3824 2068 3879 in

422 3956 627 4031 primis
656 3952 836 4008 totius
888 3944 1063 4001 India:
1110 3936 1384 4009 copiosus
1416 3933 1473 3984 et
1504 3922 1737 3988 nobilis,
1770 3920 1871 3989 qui
1922 3913 2069 3971 acci-

1644 4012 1696 4031 "'
1728 4009 1952 4031 ῗ-Ὶῖ-Α-Α
1987 4005 2041 4031 ζ.-

424 4005 647 4121 pitrum
681 4037 924 4096 custode
950 4032 1225 4088 utebatur
1254 4036 1508 4093 nequam
1540 4032 1608 4071 ac
1641 4009 1954 4067 libidinoso
1982 4005 2069 4074 ju-

1112 4118 1172 4121 "‘
1358 4110 1392 4121 "
1580 4099 1799 4121 ἰημιε-
1834 4092 2069 4121 ..Δεηηιςη

423 4092 588 4202 vene,
612 4132 848 4188 natione
878 4131 1072 4179 Persa.
1109 4118 1212 4174 Hic
1243 4110 1428 4169 oculis
1460 4099 1801 4176 cupiditatis
1833 4092 2079 4163 adjectis

428 4232 498 4287 ad
532 4240 769 4283 uxorem
814 4217 907 4274 sui
946 4209 1195 4277 domini,
1229 4209 1552 4261 matronam
1606 4198 1801 4249 forma:
1852 4185 2082 4260 pudici-

429 4321 635 4388 lireque
668 4305 1027 4384 praestantis,
1060 4317 1126 4355 eo
1166 4289 1512 4353 temeritatis
1543 4284 1659 4341 ruit
1704 4286 1774 4336 ut
1826 4280 2081 4333 furorem

428 4410 478 4465 ei
513 4421 682 4463 suam
735 4397 898 4455 fateri
942 4409 1058 4450 non
1091 4390 1408 4451 vereretur,
1442 4396 1508 4435 ac
1557 4376 1833 4445 rejectus,
1868 4371 1933 4421 ut
1983 4380 2087 4437 par

428 4503 572 4566 erat,
605 4496 675 4549 ab
730 4482 1151 4544 honestissima
1200 4472 1468 4537 muliere,
1502 4472 1658 4521 totus
1710 4457 1980 4515 incubuit
2026 4454 2087 4507 in

1238 4564 1248 4566 4
1298 4563 1307 4566 ’
1477 4559 1491 4566 ⁸
1751 4550 1762 4566 ¹
1813 4564 1844 4566 η
1944 4546 2085 4566 Π-..-

432 4546 572 4566 mw,

432 4584 797 4658 propositum
862 4571 1139 4630 atrociter
1196 4559 1545 4619 ulciscenda:
1603 4550 1871 4623 repulsae.
1943 4546 2088 4615 Ergo

431 4693 565 4733 cum
600 4667 875 4728 familiari
910 4658 1230 4719 exercendo
1273 4648 1523 4720 aucupio
1556 4646 1705 4699 duas
1735 4640 1882 4694 forte
1913 4651 2089 4691 vena-

434 4774 532 4821 tus
564 4763 728 4835 picas
758 4758 934 4818 esset,
959 4754 1197 4805 domum
1233 4742 1439 4798 ambas
1460 4736 1619 4790 vivas
1645 4727 1901 4801 pertulit,
1927 4740 2088 4779 men-

1347 4828 1384 4835 “
1499 4829 1507 4835 ‘
1802 4815 1959 4835 9‘13---
1993 4810 2088 4835 --ι.ε

440 4810 597 4911 ὶὶωέ
613 4867 683 4906 ex
716 4844 952 4901 Perside
1003 4838 1296 4901 advectas,
1331 4828 1584 4883 disertae
1616 4836 1753 4875 aves
1800 4815 1962 4871 illius
1993 4810 2094 4867 ubi

443 5401 564 5450 tore
609 5383 1076 5447 concumbcntem,
1117 5371 1284 5430 alteri
1334 5369 1458 5423 haec
1504 5362 1682 5419 verba
1730 5356 1935 5412 eadem
1983 5351 2101 5405 lin-

444 5502 558 5558 gua
592 5498 605 5537 :
639 5480 747 5550 Ego
779 5489 903 5530 vero
954 5472 1081 5523 licet
1113 5466 1258 5521 idem
1287 5460 1550 5522 viderim,
1582 5451 1728 5507 nihil
1778 5447 1917 5501 dico.
1956 5441 2103 5499 Insi-

1088 5556 1097 5558 ‘
1349 5556 1356 5558 -
1477 5547 1512 5558 --
1609 5543 1643 5558 η
1690 5538 1840 5558 ἈΛ
1891 5530 2072 5558 ---τηε

488 5530 558 5539 με.
594 5530 605 5537 .
639 5530 735 5550 -υν

445 5530 771 5630 Ξὶοεὶεεὶπιί
802 5558 1033 5619 artificii
1086 5556 1208 5609 hmo
1242 5556 1367 5606 erat
1404 5547 1575 5604 ratio.
1609 5538 1843 5597 Sciebat
1891 5530 2106 5603 accipi-

444 5662 661 5719 trarius
711 5657 921 5710 Persas
977 5646 1263 5716 quosdam
1321 5636 1628 5710 primarius
1674 5630 1853 5690 viros,
1883 5620 2104 5677 visendi

448 5756 577 5806 tum
609 5764 675 5803 ac
706 5738 971 5799 discendi
1017 5748 1195 5789 causa
1241 5728 1683 5799 peregrinantes
1711 5732 1811 5789 per
1858 5712 2105 5777 Indiam,

454 5856 568 5893 non
600 5837 679 5889 ila
722 5832 910 5886 multo
961 5827 1093 5897 post
1119 5822 1400 5875 venturos
1432 5817 1490 5871 in
1520 5812 1725 5867 urbem
1776 5802 2022 5873 regiam,
2050 5802 2110 5855 et

1874 439 2264 496 APPENDIX.

3648 407 3788 463 1292

2129 560 2218 616 sui
2263 556 2511 622 domini,
2544 571 2678 611 cum
2712 569 2829 623 quo
2881 548 3027 620 ipsis
3058 540 3457 601 intercedebat
3505 534 3790 600 amicitia,

2127 649 2388 721 hospitio
2415 662 2647 701 usuros.
2682 641 2921 699 Interim
2957 642 3154 693 autem
3210 634 3350 704 picze
3401 629 3621 683 dictata
3646 640 3794 696 quo-

2128 740 2270 795 tidie
2302 737 2615 794 recitantes
2659 728 3036 789 oblectationi
3082 721 3429 781 domesticis
3476 719 3663 781 erant,
3693 729 3795 785 pe-

2130 830 2429 901 regrinum
2464 826 2725 882 humano
2777 818 3030 877 similem
3062 833 3093 871 e
3124 812 3330 871 rostris
3371 807 3657 865 emissum
3688 819 3791 861 vo-

2131 919 2360 975 lucrum
2396 912 2828 973 admirantibus
2861 924 3095 973 sonum,
3126 900 3359 959 nemine
3391 902 3584 957 tamen
3612 891 3788 948 intel-

2131 1010 2348 1081 ligente
2382 1007 2523 1078 quid
2556 1005 2731 1061 verba
2771 999 3176 1073 signiﬁcarent
3206 1011 3220 1050 :
3255 991 3470 1064 quippe
3499 1002 3633 1045 cum
3669 999 3788 1039 non

2131 1104 2289 1156 esset
2344 1098 2425 1153 ibi
2479 1096 2635 1151 ullus
2682 1092 2783 1164 qui
2817 1090 2995 1149 sciret
3051 1084 3302 1151 Persice,
3338 1084 3542 1153 praeter
3601 1088 3788 1129 unum

2134 1191 2329 1261 ipsum
2358 1187 2583 1243 fraudis
2617 1183 2924 1244 artiﬁcem.
2948 1178 3200 1247 Jamque
3233 1173 3290 1228 in
3324 1169 3600 1226 viciniam
3634 1166 3792 1219 fama

2134 1280 2532 1343 emanaverat,
2583 1278 2641 1331 et
2698 1272 2910 1329 domus
2965 1262 3453 1337 frequentabatur
3500 1268 3792 1311 concursu

2136 1376 2532 1443 curiosorum,
2564 1369 2770 1426 audire
2810 1364 3185 1438 gestientium
3232 1360 3493 1416 humano
3526 1364 3798 1411 sermone

2139 1470 2369 1522 utentes
2427 1439 2621 1528 alites,
2675 1477 2743 1515 ac
2796 1455 3071 1513 videlicet
3125 1447 3513 1507 invidentium
3572 1439 3802 1500 Persidi

2139 1555 2484 1613 felicitatem
2545 1566 2775 1617 raram;
2831 1548 2959 1619 ipsa
3017 1558 3251 1615 quoque
3304 1536 3596 1594 interdum
3657 1547 3799 1601 gau-

2142 1648 2316 1701 dente
2342 1638 2815 1705 matrefamilias,
2836 1634 3041 1707 quanti
3064 1632 3157 1688 sui
3182 1627 3423 1700 periculi
3448 1621 3801 1680 miraculum

2141 1735 2251 1790 hoc
2294 1736 2471 1801 esset,
2522 1735 2649 1785 tum
2702 1728 2897 1783 adhuc
2927 1725 3129 1799 ignara
3181 1724 3237 1774 et
3284 1718 3413 1777 ideo
3459 1729 3686 1771 secura.
3719 1715 3805 1767 Ea

2141 1825 2265 1881 vice
2297 1838 2493 1878 rerum
2546 1818 2864 1876 adveniunt
2902 1808 3221 1884 exspectati
3270 1808 3457 1867 Persae
3507 1817 3805 1876 proceres,

2150 1919 2367 1971 etcum
2410 1915 2530 1966 toto
2582 1909 2865 1965 comitatu
2897 1901 3270 1977 excipiuntur
3317 1893 3595 1971 hospitali
3628 1895 3805 1959 tecto,

2154 2021 2256 2075 pro
2289 2000 2514 2059 domini
2554 1998 2720 2070 cepia
2768 2001 2824 2053 et
2873 1992 3265 2058 humanitate,
3301 1982 3807 2058 splendidissime.

2156 2101 2348 2161 Prima
2394 2101 2582 2170 nocte,
2618 2094 2872 2154 triclinio
2926 2088 3237 2161 magniﬁce
3285 2088 3511 2148 ornato,
3546 2076 3816 2134 lautissi-

2157 2190 2269 2249 mis
2302 2188 2493 2264 epulis
2523 2183 2842 2257 gratulatio
2887 2182 3200 2235 admentus
3233 2172 3557 2231 amicorum
3591 2164 3818 2237 geniali

2159 2256 2363 2339 laetitia
2409 2256 2813 2333 celebrabatur
2848 2287 2861 2324 :
2895 2266 3129 2339 quando
3177 2263 3285 2319 rite
3333 2258 3531 2317 libatis
3576 2256 3687 2312 sub
3722 2272 3824 2311 se-

2157 2369 2385 2425 cundas
2426 2381 2659 2423 mensas
2715 2360 2839 2416 Jovi
2890 2357 3057 2414 xenio
3113 2351 3362 2426 poculis,
3413 2348 3691 2404 renidens
3743 2346 3821 2400 ad

2158 2457 2423 2531 hospites
2471 2456 2619 2513 festa
2668 2450 2963 2511 hilaritate
3014 2462 3190 2502 ccente
3241 2445 3406 2517 pater
3438 2455 3452 2493 :
3484 2439 3819 2504 Assuetam,

2164 2530 2373 2619 inquit,
2428 2542 2703 2615 hospitiis
2749 2535 3095 2593 vestratium
3148 2530 3340 2589 inistis
3391 2530 3664 2593 domum;
3699 2540 3823 2579 non

2165 2638 2321 2693 enim
2355 2652 2454 2690 vos
2486 2651 2515 2688 e
2545 2631 2781 2687 Perside
2832 2629 3054 2699 primos
3095 2621 3439 2692 accipimus.
3476 2615 3651 2672 Bonis
3696 2613 3824 2668 avi-

2166 2729 2280 2783 bus
2326 2722 2617 2797 auspicati
2663 2715 3083 2776 commercium
3138 2713 3422 2775 faustum,
3456 2705 3743 2763 fecundas
3793 2720 3826 2758 e

2166 2823 2360 2873 vestra
2392 2814 2579 2887 patria
2609 2811 2833 2867 dudum
2872 2804 3187 2863 accersitos
3220 2800 3309 2855 hic
3341 2798 3630 2853 habemus
3660 2793 3827 2848 volu-

2168 2923 2320 2963 cres.
2354 2906 2503 2961 Tum
2547 2902 2803 2957 innuens
2854 2890 3224 2967 accipitrario
3275 2893 3339 2945 ut
3382 2886 3629 2943 inferret
3661 2882 3833 2953 picas

2174 2991 2647 3069 Recognoscetis,
2700 2986 2955 3062 perrexit
3004 2982 3218 3051 dicere,
3267 2994 3402 3033 cum
3452 2974 3733 3047 quadam,
3768 2974 3837 3026 ut

2175 3102 2365 3161 spero,
2390 3061 2980 3154 voluptateilinguam
3013 3076 3289 3129 vestram.
3322 3072 3535 3138 Magna
3563 3061 3835 3118 omnium

2176 3171 2604 3243 exspectatione
2651 3168 2996 3225 introducta:
3027 3162 3155 3219 duce
3207 3174 3413 3220 caveae,
3446 3154 3711 3226 picarum
3746 3155 3838 3205 to-

2177 3265 2357 3317 tidem
2410 3257 2746 3323 diversoria,
2806 3254 2931 3309 loco
2990 3247 3273 3309 eminenti
3331 3243 3714 3301 collocantur.
3748 3239 3841 3294 Fit

2179 3350 2504 3417 silentium,
2537 3346 2657 3405 illis
2702 3343 3015 3403 edentibus
3046 3344 3103 3396 et
3147 3335 3363 3409 saepius
3410 3331 3840 3405 replicantibus

2167 3440 2520 3498 cantilenam
2566 3435 2824 3493 solitam.
2858 3431 2964 3486 Hic
3005 3428 3300 3485 enimvero
3334 3429 3519 3480 Persa:
3552 3436 3831 3493 proceres

2173 3529 2395 3596 mirari,
2449 3527 2694 3583 innuero
2742 3522 3018 3591 invicem,
3056 3534 3189 3573 mox
3240 3516 3416 3572 etiam
3466 3511 3845 3575 erubescere,

2174 3628 2417 3685 asseclis
2448 3626 2711 3697 ipsorum
2756 3626 2814 3679 et
2858 3617 3148 3677 ministris
3177 3632 3247 3671 ex
3275 3614 3481 3672 eadem
3534 3612 3708 3682 gente
3742 3607 3849 3679 qui

2177 3722 2471 3788 astabant,
2523 3718 2656 3775 aliis
2725 3711 2926 3773 l'urtim
2993 3706 3416 3773 arridentibus,
3479 3699 3842 3773 quibusdam

2180 3828 2329 3887 aegre
2358 3805 2771 3869 cobibentibus
2793 3799 3149 3860 cachinnum
3172 3796 3605 3865 erumpentem.
3633 3788 3851 3845 Obstu-

2187 3878 2309 3976 puit
2343 3901 2462 3957 haec
2491 3898 2812 3955 observans
2856 3906 3030 3949 omnes
3077 3884 3374 3958 presbiter,
3407 3887 3464 3939 et
3492 3881 3646 3936 Num
3699 3878 3849 3951 quid

2185 4010 2308 4059 vos,
2342 3991 2445 4059 ait,
2479 3986 2763 4058 hospites,
2796 3981 2855 4037 in
2888 3982 3063 4035 cantu
3100 3973 3481 4031 familiarium
3518 3969 3709 4035 vobis,
3745 3984 3854 4025 no-

2191 4058 2301 4140 bis
2333 4058 2776 4153 peregrinarum
2821 4069 3070 4128 oﬂ‘endit
3097 4064 3345 4123 avium?
3396 4068 3483 4121 An
3532 4060 3763 4132 aliquid
3798 4058 3856 4117 in

2193 4150 2495 4231 sententia
2516 4168 2610 4224 hic
2647 4166 2851 4235 ignota
2880 4159 3045 4217 vobis
3084 4153 3549 4228 percipientibus
3582 4150 3726 4222 quid
3760 4165 3858 4205 so-

2194 4267 2315 4331 net,
2358 4262 2502 4317 forte
2537 4254 2852 4313 molestum
2897 4248 3152 4306 accidit?
3204 4240 3705 4314 lnterprctamini,
3745 4236 3856 4293 nisi

2197 4329 2369 4425 grave
2414 4351 2526 4414 est,
2578 4344 2719 4416 quid
2771 4340 3009 4396 tandem
3043 4338 3100 4391 id
3153 4336 3250 4392 sit.
3282 4334 3366 4388 Ad
3421 4348 3491 4388 ea
3542 4329 3743 4385 senior
3790 4343 3857 4382 ex

2197 4440 2392 4513 ipsis:
2439 4442 2566 4492 Non
2622 4437 2732 4499 est,
2792 4428 3008 4501 inquit,
3061 4425 3321 4491 domine,
3378 4420 3621 4493 pudoris
3673 4413 3861 4473 nostri

2202 4530 2499 4587 notionem
2532 4525 2843 4580 verborum
2894 4535 3022 4591 quae
3054 4516 3359 4579 audimus,
3392 4510 3597 4581 lingua
3637 4507 3748 4562 tibi
3781 4506 3861 4560 fa-

2205 4618 2444 4685 miliari,
2478 4631 2656 4688 quam
2697 4616 2755 4667 et
2804 4626 2912 4665 nos
2944 4608 3040 4662 bic
3068 4601 3494 4677 peregrinando
3545 4595 3861 4652 didicimus

2124 4712 2167 4776 D
2200 4710 2558 4783 exprimere;
2592 4704 2733 4775 quia
2763 4706 2960 4755 tamen
2985 4712 3079 4752 res
3101 4698 3193 4750 est
3213 4689 3531 4763 ejusmodi,
3556 4702 3733 4759 quam
3764 4689 3863 4739 tua

2206 4799 2529 4873 plurimum
2563 4795 2809 4849 interest
2840 4804 3037 4856 nosse,
3055 4782 3307 4856 explicet
3335 4779 3483 4835 eain
3508 4792 3708 4833 aurem
3736 4772 3862 4837 tibi,

2206 4914 2381 4972 quem
2434 4890 2957 4958 circumducimus,
2991 4885 3306 4953 interpres.
3335 4880 3496 4933 Tunc
3522 4877 3699 4947 jussu
3735 4874 3865 4928 Per-

2207 5004 2407 5046 sarum
2440 4983 2725 5040 accedens
2767 4979 3057 5047 interpres
3107 4973 3176 5027 ad
3229 4963 3736 5042 patremfamilias,
3770 4964 3863 5016 In-

2208 5080 2337 5135 dice
2381 5074 2660 5142 reddidit,
2694 5086 2831 5124 voce
2880 5064 3183 5123 submissa
3235 5059 3393 5130 quod
3444 5056 3583 5128 picta
3634 5052 3862 5108 Persice

2211 5168 2622 5240 loquebantur.
2647 5140 2901 5217 'Astabat
2950 5156 3212 5209 intentus
3257 5150 3328 5203 ad
3381 5164 3448 5203 ea
3495 5161 3621 5216 quea
3649 5140 3864 5196 ﬁebant

2212 5253 2704 5315 sceleratissimus
2763 5250 2999 5303 curator
3058 5239 3432 5311 accipitrum,
3491 5234 3589 5306 qui
3654 5233 3859 5286 ferrum

2214 5351 2355 5403 dum
2389 5343 2648 5400 fervebat
2685 5336 3058 5393 tundendum
3120 5334 3308 5396 ratus,
3355 5320 3865 5397 impudentissimo

2215 5434 2491 5494 clamavit
2534 5430 2732 5487 Indico
2763 5438 3056 5491 sermone,
3087 5422 3329 5475 intuens
3378 5414 3691 5470 dominum
3726 5427 3739 5465 :
3773 5411 3862 5463 Ar-

2216 5529 2406 5598 guunt
2436 5538 2530 5577 me
2560 5516 2871 5575 inofficiosi
2904 5511 3120 5569 silentii
3156 5508 3377 5573 bestiae,
3412 5505 3552 5559 dum
3586 5502 3859 5573 probrum

2217 5623 2327 5672 tua:
2361 5616 2572 5669 domus
2610 5608 2882 5677 evulgare
2921 5603 3233 5671 occupant.
3266 5597 3420 5667 quod
3448 5610 3576 5664 ego,
3612 5607 3725 5645 non
3760 5584 3865 5641 mi-

2221 5721 2331 5761 nus
2362 5717 2542 5775 quam
2572 5698 2724 5771 ipsis
2754 5695 2900 5751 mihi
2936 5692 3310 5764 perspectum
3347 5680 3753 5756 superstitiosa
3778 5688 3865 5728 ve-

2221 5767 2501 5853 recundia
2545 5767 2834 5845 hactenus
2873 5779 3049 5837 tacui.
3087 5776 3158 5833 Ut
3185 5775 3368 5847 igitur
3396 5772 3551 5844 quod
3604 5767 3865 5824 omittere
