4120 6396
278 448 417 506 1293

1304 447 1665 499 SPECIMEN
1702 445 2102 498 SAPIENTIE
2144 446 2473 499 INDORUM
2512 445 2674 500 VET.

3566 456 3700 509 1294

279 575 465 645 salva,
499 589 676 645 quam
715 572 818 626 tibi
854 571 1195 636 debeo,ﬁde
1224 587 1339 624 non
1389 586 1657 641 possum,
1688 568 1775 623 vel
1815 584 1945 623 sero
1974 572 2026 637 Α
2057 584 2300 639 gravare
2339 571 2678 627 testimonio
2733 575 2977 645 paratis,
3040 594 3140 647 pro
3192 594 3260 633 ea
3316 596 3438 647 quae
3495 580 3710 651 cuique

278 681 587 734 exsequar,
622 664 714 719 aio
766 678 1151 731 asseveroque
1202 662 1356 716 idem
1404 662 1560 731 quod
1604 660 1743 730 piczs
1796 660 1938 714 refe-

281 761 453 823 runt,
506 754 722 808 vidisse
773 752 1053 806 nimirum
1108 767 1201 805 me
1251 766 1485 821 quoque
1535 749 1699 803 hisce
1756 747 1942 803 oculis

284 862 399 901 non
451 843 632 901 semel
683 850 738 897 et
789 841 1025 909 iterum,
1083 841 1182 896 sed
1245 840 1479 911 srspius,
1523 838 1837 894 adulterari
1870 837 1942 891 ab

282 935 713 992 ostiariotuam
764 934 1080 1003 conjugem
1130 929 1423 986 volentem
1463 935 1521 984 et
1577 935 1941 999 poscentem.

285 1026 572 1080 Etl‘eratus
604 1028 765 1080 tanto
798 1040 904 1079 suo
950 1023 1233 1077 dedecore
1274 1019 1719 1091 paterfamilias,
1763 1017 1943 1072 simul

286 1115 509 1171 furioso
541 1114 740 1169 deﬁxit
776 1116 981 1169 obtutu
1016 1112 1230 1176 eidem,
1262 1115 1318 1164 et
1347 1109 1537 1181 ipsam
1588 1125 1800 1163 mensis
1841 1124 1938 1162 ac-

287 1204 663 1260 cumbentem
701 1218 957 1266 uxorem,
1002 1198 1177 1257 simul
1234 1214 1448 1253 manus
1478 1202 1533 1251 et
1578 1214 1742 1250 arma
1773 1212 1945 1265 expe-

289 1294 489 1349 diebat
518 1292 569 1347 ci
602 1290 799 1346 statim
834 1290 889 1345 in
922 1290 1111 1344 oculis
1143 1288 1520 1343 convivarum
1562 1286 1943 1341 trucidandae.

289 1384 655 1440 Obstiterunt
711 1385 1136 1450 consurgentes
1195 1377 1479 1449 hospites,
1537 1393 1649 1431 non
1695 1378 1944 1445 gratiam

289 1472 587 1547 supplicii,
641 1472 741 1526 sed
797 1487 1018 1527 moram
1070 1470 1139 1524 ad
1196 1467 1591 1539 cognitionem
1642 1482 1705 1521 se
1756 1472 1949 1536 petere

291 1561 537 1616 aientes.
570 1558 809 1614 Interim
846 1556 1183 1612 miserrima
1241 1560 1532 1623 matrona,
1593 1559 1829 1623 sumpto
1879 1568 1949 1606 ex

295 1648 653 1707 conscientia
698 1648 927 1713 animo,
980 1646 1165 1701 virum
1220 1645 1312 1699 his
1358 1645 1549 1700 verbis
1590 1644 1950 1698 conﬁdenter

294 1745 383 1796 est
408 1740 616 1796 atrata:
650 1738 732 1793 Ne
787 1737 1115 1809 prazcipites
1170 1736 1611 1793 damnationem
1670 1734 1949 1791 inauditis

299 1847 429 1900 reae,
465 1829 607 1885 adeo
658 1846 771 1887 non
824 1828 1149 1885 recusantis
1200 1825 1587 1883 saevissimam
1635 1840 1859 1887 necem,
1903 1822 1949 1879 si

2054 659 2474 730 antiquissima
2505 667 2594 717 est
2626 664 2872 735 propria“:
2899 665 3322 724 incolumitatis
3350 687 3509 734 cura,
3545 687 3712 741 repu-

2052 754 2264 816 tantes,
2298 756 2556 806 metuere
2589 770 2693 822 par
2721 758 2811 808 est
2844 754 3134 811 intentam
3176 757 3232 811 in
3267 759 3702 814 calumniarum

2054 838 2337 895 ultionem
2370 840 2630 911 vigiliam
2668 844 3065 913 Providentiae,
3100 851 3473 920 statuereque
3510 849 3711 904 vobis-

2055 946 2211 999 cum,
2246 947 2359 986 non
2394 931 2607 986 minori
2651 950 2753 987 vos
2812 939 3002 989 vestro
3052 951 3229 1007 quam
3261 953 3389 991 meo
3451 937 3710 1010 periculo

2055 1019 2112 1073 in
2146 1019 2255 1074 hoc
2278 1020 2505 1089 judicio
2540 1023 2907 1077 mentituros.

2129 1109 2226 1163 IX.
2264 1111 2391 1163 Haec
2422 1128 2455 1163 a
2486 1111 2845 1181 Vestigatore
2878 1114 3076 1169 audita
3139 1115 3436 1170 silentium
3490 1118 3719 1189 excepit

2058 1198 2401 1269 astantium,
2438 1200 2670 1255 nemine
2706 1220 2819 1256 non
2872 1219 3075 1258 eorum
3109 1206 3208 1275 qui
3242 1206 3453 1260 dicturi
3488 1208 3715 1279 aliquid

2057 1294 2357 1358 venerant,
2391 1306 2499 1344 sua
2530 1307 2708 1345 causa
2756 1292 3130 1362 formidante,
3182 1300 3301 1349 tam
3352 1301 3627 1367 argutum
3662 1301 3720 1351 et

2058 1376 2364 1447 loquacem
2399 1396 2563 1433 reum
2596 1381 3181 1437 temerelacessendo
3215 1383 3272 1437 in
3305 1401 3430 1439 sese
3463 1386 3713 1441 irritare.

2058 1467 2447 1530 Quaestionem
2482 1470 2665 1539 igitur
2714 1470 2997 1541 ampliare
3040 1478 3274 1527 coactus
3316 1476 3518 1543 judex,
3572 1493 3713 1530 con-

2058 1560 2294 1610 ventum
2328 1557 2522 1621 solvit,
2565 1558 2719 1613 diem
2770 1559 2905 1615 inde
2959 1562 3268 1631 septimam
3331 1564 3715 1619 instaurando

2050 1645 2276 1715 judicio
2307 1647 2643 1704 condicens.
2676 1648 2893 1703 Verum
2928 1665 2992 1703 eo
3025 1650 3215 1721 spatio
3253 1653 3716 1716 prudentissima

2060 1735 2215 1807 regis
2246 1740 2431 1789 mater
2461 1736 2645 1790 tilium
2680 1739 2906 1803 adiens,
2939 1739 3271 1811 Quousque,
3300 1741 3516 1812 inquit,
3541 1744 3715 1797 susti-

2061 1840 2164 1879 nes
2196 1830 2493 1880 versutum
2530 1826 2686 1881 hunc
2742 1827 3203 1899 vitilitigatorern
3237 1829 3342 1884 tibi
3387 1835 3443 1885 et
3490 1831 3718 1903 legibus

297 1920 521 1977 crimen
551 1919 703 1989 quod
728 1918 1007 1987 objicitur
1048 1932 1245 1971 verum
1302 1920 1414 1972 est.
1475 1918 1539 1971 ut
1594 1918 1953 1984 occupatura
1983 1946 2030 2010 B
2061 1913 2343 1969 illudere?
2381 1916 2618 1984 Excute,
2662 1934 2858 1988 quaeso
2908 1924 2983 1988 te,
3028 1919 3348 1990 proculque
3396 1920 3563 1991 abige
3613 1938 3716 1976 su-

300 2010 453 2065 ultro
486 2008 680 2069 fuerit.
705 2013 843 2063 Cave
884 2010 1052 2079 putes
1078 2004 1305 2061 vocales
1328 2021 1463 2059 aves
1495 2004 1649 2075 quod
1703 2001 1953 2057 viderint

296 2101 546 2167 referre;
581 2097 834 2155 reddunt
866 2112 992 2169 qum
1024 2094 1359 2160 audierunt,
1393 2110 1519 2164 quas
1570 2092 1775 2149 artifex
1826 2107 1952 2145 sce-

302 2189 441 2245 leris
478 2186 696 2254 docuit,
734 2184 1231 2256 recitant,ignarm
1265 2183 1401 2254 ipsae
1443 2183 1583 2251 quid
1615 2181 1953 2252 lquantur.

297 2279 469 2349 Jube,
494 2278 541 2332 si
576 2276 834 2339 dubitas,
886 2272 1233 2344 interrogari
1294 2288 1365 2327 ne
1424 2271 1554 2331 aliis
1608 2287 1708 2329 eas
1754 2269 1956 2340 lingua

298 2385 414 2442 qua
446 2366 568 2423 haec
607 2366 833 2435 dicunt,
866 2363 917 2419 si
950 2363 1191 2420 verbum
1246 2365 1547 2433 praeterea,
1580 2360 1667 2419 vel
1712 2359 1951 2414 unicum

292 2456 582 2515 sermonis
616 2454 853 2521 Persici,
906 2458 1008 2508 aut
1057 2450 1383 2522 intelligere
1432 2450 1812 2514 videbuntur,
1852 2450 1956 2503 aut

293 2563 575 2621 reponere
610 2548 882 2616 poterunt
906 2542 1271 2611 rogantibus,
1305 2538 1537 2595 cunctis
1570 2555 1662 2599 me
1690 2542 1953 2593 tormen-

287 2638 366 2694 tis
391 2634 679 2692 excrucia.
715 2638 863 2689 Fons
897 2631 1112 2703 piaculi
1147 2630 1323 2687 totius
1358 2628 1535 2697 hujus
1595 2626 1951 2697 accipitrarii

290 2725 635 2798 nequissimi
688 2720 1145 2779 eﬁ‘renatissima
1198 2718 1373 2775 libido
1449 2721 1556 2773 est.
1617 2716 1719 2773 Ille
1768 2733 1951 2773 ausus

292 2822 517 2875 tentare
554 2812 895 2887 pudicitiam
932 2826 1145 2876 meam,
1180 2808 1279 2862 ubi
1311 2808 1563 2877 rejectus
1594 2806 1785 2863 audiit
1828 2823 1951 2875 quae

295 2905 531 2975 meruit,
566 2903 674 2959 has
698 2900 1004 2959 adornavit
1024 2899 1267 2957 technas
1294 2896 1437 2953 mihi
1470 2896 1799 2967 perdendae;
1826 2911 1954 2949 suc-

296 2996 558 3063 cedente,
606 2997 672 3048 ut
725 2992 841 3047 fere
893 2992 975 3059 tit,
1023 2990 1080 3043 in
1144 2988 1336 3047 locum
1400 2984 1672 3056 ﬁagitinsi
1734 2985 1953 3043 amoris

297 3090 494 3158 optato
548 3082 833 3147 frustrati,
884 3079 1266 3152 sanguinaria
1312 3077 1683 3133 immanitate
1748 3076 1953 3146 tragici

298 3173 630 3232 odii.Plura
664 3172 955 3227 dicturam
1013 3166 1403 3238 interpellavit
1455 3184 1518 3221 os
1553 3168 1801 3223 ferreum
1854 3183 1954 3220 au-

300 3262 601 3321 dacissimi
626 3261 755 3317 calu
769 3258 1095 3324 mniatoris,
1124 3272 1503 3328 perseverans
1522 3256 1597 3311 im
1610 3255 1958 3326 probissime

299 3372 505 3411 verum
558 3368 618 3407 se
669 3350 894 3417 testari,
948 3348 1126 3404 falsas
1180 3347 1588 3403 excusationes
1647 3346 1958 3401 obtendere

296 3448 555 3501 astutam
586 3439 936 3497 adulteram.
973 3437 1096 3494 Tali
1130 3436 1376 3493 articulo
1428 3436 1641 3501 adfuit,
1684 3440 1964 3506 tanquam

303 3536 455 3589 Deus
485 3548 517 3587 e
538 3530 835 3599 machina,
857 3526 1123 3587 mirabile
1150 3531 1469 3583 ostentum.
1499 3524 1707 3594 Raptis
1731 3530 1965 3593 repente

306 3622 448 3681 loris
470 3619 778 3693 expeditus
804 3634 832 3673 e
867 3616 1086 3686 pertica
1120 3614 1413 3671 t‘alconum
1465 3614 1785 3678 maximus,
1819 3630 1967 3683 quos

304 3714 417 3768 iste
453 3710 664 3767 nebulo
698 3708 965 3774 curabat,
1002 3704 1229 3761 infestis
1260 3709 1316 3763 et
1351 3707 1537 3763 rostro
1559 3707 1616 3761 et
1668 3704 1968 3774 unguibus

306 3800 602 3865 involans,
648 3798 698 3852 ei
751 3795 952 3852 oculos
996 3794 1189 3860 eruit;
1240 3791 1756 3862 consternavitque
1802 3792 1966 3857 adeo,

304 3898 427 3948 tam
462 3887 778 3945 manifesto
813 3883 1078 3943 numinis
1112 3882 1328 3938 indicio
1360 3880 1715 3947 convictum,
1768 3886 1831 3934 ut
1864 3881 1968 3936 tta-

307 3982 523 4056 gitium
548 3981 674 4051 jam
701 3994 900 4045 suum,
938 3979 1248 4045 totumque
1296 3971 1644 4027 insidiarum
1704 3970 1970 4027 ordinem

305 4072 465 4129 ultro
510 4068 796 4125 conﬁtens
860 4064 1156 4136 panderet.
1224 4064 1306 4118 Ita
1359 4060 1580 4125 oculos,
1635 4060 1851 4130 quibus
1912 4076 1974 4113 se

314 4160 713 4221 mentiebatur
742 4156 960 4211 vidisse
1001 4170 1129 4224 qua:
1163 4153 1442 4223 ﬁngebat,
1487 4150 1822 4220 justissima
1854 4150 1977 4205 vice

316 4253 606 4324 impostor
636 4248 861 4313 amisit,
895 4250 951 4301 et
1003 4249 1271 4301 matrona
1328 4243 1606 4298 innocens
1657 4244 1977 4297 subornato

317 4340 511 4397 avium
559 4336 864 4395 mendacio
898 4334 1203 4403 infamata,
1224 4332 1348 4387 avis
1373 4332 1598 4387 ultricis
1625 4349 1739 4386 non
1768 4331 1978 4402 implo-

316 4437 446 4486 rata
487 4426 828 4485 defensione
864 4428 1114 4494 purgata
1142 4427 1249 4477 est.
1285 4422 1427 4477 Tam
1460 4438 1593 4476 caro
1626 4422 1859 4492 procaci
1885 4423 1980 4491 ju-

315 4519 449 4575 veni
480 4516 768 4579 constitit,
818 4513 1006 4571 aliena
1039 4529 1153 4569 non
1203 4511 1485 4566 merentis
1534 4510 1787 4581 pernicie
1818 4528 1984 4568 men-

323 4609 423 4664 tiri
455 4606 751 4667 voluisse:
783 4602 939 4675 quod
966 4618 1088 4669 vos,
1123 4600 1169 4655 si
1204 4598 1304 4670 qui
1352 4616 1445 4654 me
1496 4600 1790 4655 insontem
1840 4600 1986 4657 falso

2064 2003 2431 2074 pertitiosum
2468 2011 2685 2060 metum
2716 2009 2970 2077 errandi,
3017 2008 3319 2064 subdendo
3366 2010 3551 2080 poenis
3586 2027 3715 2065 ma-

2065 2094 2272 2149 nifeste
2305 2095 2527 2150 meritis
2554 2097 3063 2166 improbissimum
3094 2104 3290 2169 caput,
3324 2102 3493 2169 cujus
3526 2116 3595 2154 ex
3617 2116 3715 2156 ore

2064 2182 2191 2253 ipso
2220 2183 2379 2238 domi
2411 2201 2529 2238 sure
2558 2184 2682 2239 sine
2730 2185 2937 2240 timore
2997 2186 3200 2241 arbitri
3260 2203 3395 2242 vera
3453 2188 3718 2254 fatentis,

2064 2272 2398 2343 leopardus,
2431 2275 2756 2344 quantasvis
2804 2280 3009 2330 auctor
3056 2274 3212 2341 fidei,
3262 2277 3483 2331 audivit
3532 2278 3722 2332 diser~

2067 2364 2357 2417 tissimam
2388 2364 2813 2418 confessionem
2841 2365 3220 2421 circumventi
3256 2367 3587 2436 proditione
3618 2382 3722 2421 ne-

2065 2452 2493 2507 fariainsontis
2526 2455 2698 2507 tauri.
2732 2456 2878 2519 Quid
2942 2454 3073 2509 aliis
3134 2461 3415 2525 praeterea
3470 2458 3723 2512 testibus

2064 2557 2212 2611 opus
2243 2546 2350 2607 est,
2382 2546 2482 2594 aut
2513 2558 2795 2611 quorsum
2850 2543 3156 2613 inquisitio
3217 2546 3583 2614 producitur,
3622 2545 3721 2600 ubi

2064 2631 2283 2684 crimen
2316 2634 2551 2684 tenetur
2571 2630 2598 2684 ‘?
2621 2630 2743 2684 Non
2778 2631 2939 2686 vides
2959 2632 3063 2686 hoc
3083 2649 3511 2702 supervacaneo
3531 2633 3721 2703 legiti-

2064 2719 2529 2789 maaqutestionis
2557 2726 2840 2790 apparatu
2894 2738 3125 2775 scenam
3146 2722 3417 2776 adornari
3454 2722 3721 2777 artiﬁciis

2065 2807 2436 2863 callidissimi
2468 2809 2705 2871 rabulas,
2742 2811 2895 2864 unde
2922 2812 3223 2879 sejactent
3248 2812 3524 2880 usquead
3553 2811 3718 2881 plau-

2067 2915 2197 2951 sum
2233 2898 2652 2968 imperitorum,
2677 2905 2732 2953 et
2752 2900 3111 2969 triumphata
3137 2900 3494 2969 judiciorum
3531 2905 3728 2956 aucto-

2068 2987 2230 3054 ritas,
2253 2987 2512 3059 strophis
2537 2987 2892 3047 cavillatoris
2918 2989 3446 3057 impudentissimi,
3473 2989 3728 3044 ludibrio

2059 3079 2185 3149 jam
2216 3079 2371 3150 vulgi
2410 3080 2770 3134 traducatur.
2807 3080 2868 3136 In
2901 3096 3140 3137 summa
3180 3080 3265 3135 sic
3304 3080 3492 3136 habe:
3527 3080 3575 3135 si
3622 3080 3732 3134 hoc

2068 3167 2164 3223 ille
2188 3168 2413 3227 diutius
2437 3170 2864 3241 feratimpune,
2891 3171 3151 3225 futurum
3183 3169 3425 3225 omnino
3456 3174 3519 3225 ut
3545 3167 3731 3239 maior

2071 3258 2344 3333 deinceps
2379 3259 2692 3317 securitate
2742 3260 2960 3317 scelera
3009 3262 3449 3329 frequententur
3490 3276 3733 3329 persua-

2073 3349 2155 3407 sis
2177 3349 2349 3405 istius
2366 3350 2720 3419 experientia
2738 3366 3047 3406 successus
3072 3348 3453 3419 aequissimis
3477 3348 3731 3418 quibus-

2073 3457 2207 3510 quc,
2236 3440 2377 3495 satis
2404 3446 2598 3499 tutum
2625 3440 2989 3509 improbitati
3016 3439 3357 3511 praesidium
3379 3439 3433 3493 in
3463 3437 3733 3493 formulis

2074 3529 2486 3600 leguleiorum,
2519 3546 2583 3583 ac
2635 3529 2970 3584 forensibus
3002 3529 3249 3599 argutiis
3302 3529 3584 3585 adversus
3617 3528 3733 3580 vim

2076 3619 2271 3691 legum
2301 3636 2430 3675 esse
2462 3618 2872 3675 constitutum.
2900 3619 3029 3675 Haec
3052 3619 3265 3688 reginas
3288 3617 3473 3677 oratio
3497 3632 3738 3672 causam

2077 3706 2348 3765 absolvit.
2401 3706 2603 3765 Victus
2652 3708 2809 3765 enim
2857 3707 3109 3763 evidenti
3160 3708 3401 3763 veritate
3452 3706 3739 3775 sapientis

2080 3795 2284 3855 moniti
2338 3795 2426 3851 leo
2473 3812 2593 3864 rex,
2650 3797 2811 3855 misit
2868 3797 3256 3867 spiculatores
3326 3796 3383 3855 in
3444 3811 3738 3851 carcerem

2072 3886 2272 3955 jussos
2304 3882 2382 3941 ibi
2407 3883 2825 3953 Vestigatorem
2860 3885 3207 3943 interficere.
3246 3889 3381 3941 I—‘ost
3424 3901 3553 3955 quia
3605 3901 3742 3938 nar-

2080 3978 2207 4028 rata
2229 3972 2509 4043 coiligens
2542 3972 2964 4042 disputationis
2996 3990 3115 4028 suae
3141 3989 3436 4030 summam
3488 3989 3739 4041 gymno-

2083 4063 2369 4133 sophista,
2396 4060 2518 4117 haec
2550 4061 2672 4132 regi
2704 4061 3086 4117 Abessalomo
3116 4062 3302 4116 dixit:
3336 4063 3397 4117 In
3433 4060 3589 4115 hunc
3623 4078 3744 4115 mo-

2086 4152 2248 4211 dum,
2282 4149 2540 4217 domine,
2574 4150 2796 4220 ubique
2837 4167 2900 4204 ac
2929 4165 3161 4220 semper
3194 4149 3382 4205 serius
3413 4148 3578 4204 ocius
3611 4165 3741 4203 eve-

2087 4240 2206 4295 niet
2230 4243 2292 4295 ut
2310 4238 2408 4309 qui
2430 4238 2582 4292 male
2609 4240 2731 4309 agit
2763 4238 2914 4294 male
2946 4238 3227 4309 patiatur,
3259 4244 3316 4293 et
3346 4238 3674 4307 insidiator,
3698 4238 3748 4292 si

2090 4345 2204 4384 non
2222 4327 2421 4383 statim
2448 4327 2689 4382 cadatin
2718 4328 2942 4382 foveam
2968 4343 3143 4398 quam
3160 4326 3325 4382 alteri
3356 4325 3750 4393 foderit,brevi

2093 4417 2302 4473 saltem
2337 4416 2634 4473 similibus
2668 4416 2895 4487 laqueis
2928 4418 3387 4485 circumventus,
3421 4415 3754 4470 calamitate

2093 4507 2459 4579 opprimatur
2485 4506 2611 4578 ejus
2645 4505 2769 4577 pari
2798 4523 2973 4576 quam
3011 4504 3398 4578 procuraverit
3436 4504 3678 4560 insonti.

1500 4848 1970 4907 DISSERTA'I‘IO
2002 4852 2465 4909 PARABOLICA
2492 4853 2591 4909 IIl.

1267 4957 1489 5027 Officia,
1518 4955 1744 5026 praxim
1773 4966 1823 5015 et
1849 4959 2063 5027 fructus
2090 4974 2235 5017 vers:
2263 4958 2531 5016 amicitia:
2562 4961 2833 5021 declarat.

408 5084 510 5139 His
542 5082 760 5137 auditis
794 5080 939 5135 dixit
968 5095 1066 5133 rex
1098 5074 1638 5148 gymnosophistae:
1673 5076 1826 5130 Satis
1884 5076 1997 5131 ista
2028 5082 2073 5145 D
2108 5077 2179 5133 ab
2212 5078 2792 5147 urbanajuventute,
2829 5078 3055 5149 praedas
3096 5077 3216 5132 illic
3270 5077 3642 5147 quotidianas
3692 5078 3773 5131 fa-

336 5173 592 5246 percepi;
651 5170 858 5227 vellem
919 5167 1060 5223 mihi
1095 5166 1369 5234 deinceps
1400 5163 1682 5235 exemplis
1715 5164 2001 5221 declarari

338 5264 500 5335 leges
531 5267 588 5319 et
616 5260 811 5316 officia
833 5255 1105 5316 amicitias
1137 5253 1486 5310 constantis.

417 5352 460 5409 Ι.
497 5353 577 5409 Ad
638 5367 707 5406 ea
748 5345 1237 5421 gymnosophista
1290 5342 1634 5414 respondit:
1694 5344 2001 5400 Amicitias.

344 5441 606 5509 domine,
638 5455 806 5507 verte,
840 5454 960 5507 qua
991 5434 1136 5490 nihil
1170 5432 1563 5505 expetibilius,
1599 5432 1745 5487 nihil
1788 5435 2004 5504 pretio-

347 5532 474 5587 sius
504 5530 563 5585 in
590 5528 706 5585 vita
737 5532 845 5593 est,
893 5524 1207 5595 imaginem
1266 5521 1591 5578 informabo
1648 5520 2005 5579 luculentam

347 5622 409 5676 in
443 5619 535 5676 his
564 5635 695 5689 quae
727 5632 860 5677 mox
893 5615 1137 5670 referam
1170 5613 1241 5667 de
1273 5610 1567 5679 columba,
1604 5627 1796 5677 corvo,
1820 5628 2008 5683 mure,

348 5709 649 5767 testudine
683 5710 741 5762 et
770 5721 1001 5777 caprea.
1054 5704 1190 5758 Erat
1226 5717 1407 5773 prope
1452 5701 1775 5771 quamdam
1809 5701 2008 5759 civita-

351 5809 471 5856 tem
504 5797 669 5857 locus
701 5800 875 5868 aptus
907 5792 1183 5863 aucupio,
1242 5793 1649 5861 frequentatus
1708 5796 2014 5863 propterea

2113 5184 2239 5224 oere
2270 5168 2461 5224 solita.
2506 5170 2787 5224 Arborem
2849 5168 2967 5223 illic
3019 5185 3302 5223 annosam
3358 5169 3471 5224 late
3527 5183 3773 5239 opacam

2114 5258 2295 5313 ramis
2328 5259 2763 5325 frondentibus,
2802 5262 2953 5313 stato
2977 5259 3200 5312 dudum
3236 5256 3535 5313 domicilio
3570 5272 3777 5311 corvus

2114 5347 2447 5415 insederat;
2477 5350 2646 5419 cujus
2678 5364 2708 5402 e
2740 5348 3045 5402 cacumine
3078 5364 3212 5402 cum
3246 5348 3500 5403 staretin
3536 5344 3779 5418 specula

2118 5437 2349 5508 prodire
2390 5437 2536 5491 vidit
2567 5441 2924 5507 venatorem,
2949 5454 3127 5491 manu
3154 5438 3390 5493 dextera
3420 5433 3773 5491 venabulum

2118 5530 2238 5581 rete
2261 5526 2501 5582 sinistra
2533 5532 2885 5598 portantem.
2936 5526 3125 5582 Facile
3156 5526 3439 5583 intellexit
3488 5524 3607 5578 haec
3654 5538 3778 5577 cer-

2123 5631 2265 5670 nens
2298 5632 2527 5684 corvus,
2562 5634 2667 5671 suo
2699 5618 2878 5672 istum
2935 5622 2991 5671 et
3040 5616 3130 5671 sui
3178 5615 3465 5672 similium
3519 5611 3779 5685 periculo

2123 5707 2343 5771 venire,
2378 5723 2772 5778 mussansque
2803 5724 2868 5762 ac
2901 5706 3014 5761 sibi
3066 5723 3295 5773 cavens,
3344 5702 3649 5759 constituit
3691 5705 3781 5756 ta-

2124 5811 2255 5851 men
2288 5798 2596 5853 observare
2618 5796 2847 5852 curiose
2880 5812 2994 5866 quo
3027 5796 3136 5851 iste
3168 5795 3363 5850 avium
3409 5791 3609 5865 generi
3654 5793 3791 5862 jure
