4120 6420
384 440 525 497 1295

1900 440 2132 490 ΔΡΡΕΝ
2144 439 2273 490 ΒΙΧ
2286 474 2299 487 .

3676 437 3816 491 1296

385 572 700 639 suspectus
732 571 1052 640 apparatus
1083 568 1435 636 erumperet.
1470 564 1613 617 Ecce
1634 566 1831 617 autem
1847 562 2045 618 statim
2079 566 2132 630 Α
2165 562 2304 629 Quis
2337 566 2533 617 autem
2560 580 2673 617 non
2708 564 2966 618 adversis
3013 566 3315 618 exercetur
3370 563 3610 618 deﬁnito
3667 568 3818 619 tem-

394 663 553 731 post,
590 664 713 714 rete
743 674 958 728 auceps
992 656 1292 726 aliquanto
1327 670 1509 725 supra
1538 668 1815 724 campum
1864 652 2053 722 spatio

389 747 595 818 tigillis
627 763 983 819 suspensum
1016 744 1314 813 explicuit,
1347 743 1545 815 granis
1579 743 1854 797 frumenti
1908 744 2046 797 sub-

387 843 487 892 tus
519 837 744 908 sparsis
779 861 792 902 ;
826 834 1042 905 quibus
1073 832 1274 904 procul
1318 832 1462 888 visis
1521 831 1796 887 columba
1852 832 2049 886 senior

391 926 537 981 alias
559 925 784 995 aliquot
817 922 1088 992 juniores
1137 938 1336 977 secum
1371 923 1615 987 ducens,
1650 921 1943 975 advolavit
1974 921 2046 974 ad

388 1015 661 1069 viciniam
699 1012 839 1067 retis
869 1017 925 1065 et
957 1012 1145 1082 ipsam
1182 1010 1503 1065 seminibus
1533 1012 1885 1080 inspersam,
1921 1026 2046 1079 quae

391 1105 580 1160 obiter
611 1102 883 1157 columba
914 1118 1048 1155 cum
1081 1101 1384 1156 sodalibus
1416 1099 1637 1171 legens,
1669 1100 1891 1155 sensim
1920 1099 2049 1167 ipsa

390 1194 552 1263 prior
582 1191 797 1245 subivit
830 1195 947 1245 rete
979 1190 1238 1260 aliasque
1272 1191 1473 1244 eodem
1510 1189 1705 1243 traxit.
1769 1188 1897 1242 Haec
1931 1204 2045 1241 non

391 1281 563 1352 longe
597 1280 946 1335 delitescens
981 1280 1037 1333 in
1073 1280 1305 1333 insidiis
1347 1278 1764 1348 speculabatur
1807 1293 2044 1347 auceps,

392 1372 491 1441 qui
529 1371 627 1424 ubi
664 1370 913 1440 przedam
944 1369 1003 1421 in
1032 1384 1228 1423 casses
1269 1368 1536 1421 indutam
1592 1366 1758 1433 vidit,
1792 1370 2045 1421 attractu

390 1459 603 1514 furtivo
624 1458 861 1512 funiculi
880 1458 1303 1512 statuminibus
1325 1456 1783 1520 subductis,rete
1802 1454 2048 1509 devolvit

390 1552 451 1605 in
483 1551 531 1605 ei
557 1550 855 1621 subjectas
876 1550 1162 1604 volucres.
1188 1550 1584 1604 Consternata:
1614 1547 1723 1601 illre
1743 1547 1939 1601 subito
1962 1546 2045 1600 la-

392 1658 500 1712 psu
536 1646 696 1710 sunt,
732 1657 859 1696 sese
892 1646 1094 1711 captas
1143 1641 1500 1694 sentientes:
1551 1643 1740 1693 tamen
1803 1636 1903 1692 illa
1953 1654 2041 1693 se-

388 1732 536 1797 nior,
572 1735 913 1785 cazterarum
956 1730 1202 1797 ductrix,
1245 1731 1397 1784 bono
1432 1747 1557 1785 esse
1604 1730 1802 1783 animo
1855 1730 2044 1785 socias

382 1821 585 1891 jussit,
620 1837 725 1874 nec
752 1825 873 1874 tam
905 1819 1017 1874 cito
1049 1820 1379 1889 desperare,
1414 1819 1554 1889 quin
1588 1818 1734 1872 ratio
1768 1817 1901 1871 iniri
1935 1816 2044 1870 ali-

391 1927 506 1981 qua
563 1914 762 1980 posset
809 1908 1183 1979 expediendae
1240 1924 1308 1963 ex
1363 1925 1429 1963 eo
1492 1907 1751 1979 periculo
1811 1905 2039 1961 salutis.

390 2000 639 2070 Moxque
661 1999 1105 2070 circumspectis
1136 1999 1412 2054 omnibus
1441 1998 1499 2052 in
1531 1998 1745 2053 ﬁducia
1775 1998 2039 2050 firmata:

390 2094 549 2145 Heus
571 2106 693 2156 vos,
720 2089 912 2159 inquit
933 2090 1004 2143 ad
1038 2088 1304 2156 comites,
1337 2089 1490 2159 agite
1524 2086 1895 2143 connitimini
1942 2102 2044 2155 pro

392 2197 455 2234 se
487 2196 729 2250 quaeque
750 2196 977 2234 mecum
1007 2195 1019 2231 :
1055 2178 1253 2233 multae
1281 2195 1513 2245 sumus,
1533 2181 1591 2232 et
1614 2182 1730 2231 rete
1750 2176 2043 2231 modicum

390 2273 502 2335 est,
537 2269 834 2323 evolemus
874 2267 1049 2322 simul
1084 2267 1141 2322 in
1174 2283 1327 2337 aera,
1359 2271 1479 2321 rete
1529 2283 1766 2320 sursum
1799 2264 2044 2319 evehen-

393 2364 502 2414 tes.
538 2359 779 2412 Factum
815 2357 1057 2411 dictum.
1103 2359 1336 2412 Abeunt
1383 2355 1668 2411 sublimes
1714 2357 2047 2410 auferentes

392 2447 727 2518 reticulum,
757 2464 870 2518 quo
903 2449 1078 2502 etiam
1110 2447 1421 2519 implicata:
1439 2448 1808 2502 tenebantur.
1845 2446 2047 2514 Suspi-

394 2539 588 2595 ciebat
630 2538 931 2594 admirans
961 2542 1224 2606 venator,
1276 2555 1381 2594 nec
1429 2538 1802 2609 dcspondens
1852 2540 2045 2590 tamen

394 2628 697 2695 animum;
732 2629 1071 2700 providebat
1103 2629 1255 2683 enim
1291 2634 1452 2683 tanto
1486 2628 1681 2683 labore
1730 2632 1905 2697 atque
1934 2625 2048 2679 im-

394 2720 724 2788 pedimento
770 2720 1155 2791 implexarum
1199 2719 1454 2774 cassium
1490 2719 1647 2774 haud
1684 2717 1882 2789 procul
1913 2733 2052 2771 avo—

396 2811 641 2864 laturas.
676 2809 1041 2879 Sequebatur
1072 2826 1209 2881 ergo
1242 2825 1485 2863 currens
1525 2808 1583 2862 in
1635 2821 2053 2877 quamcunque

396 2898 531 2953 illas
558 2903 784 2970 partem
818 2899 923 2953 niti
959 2899 1185 2953 alarum
1220 2897 1465 2969 remigio
1488 2896 1782 2952 cernebat.

469 3016 538 3070 lt.
571 3014 764 3070 Variis
788 3032 855 3071 ea
876 3032 1087 3071 corvus
1109 3017 1350 3071 intuens
1374 3015 1732 3070 miscebatur
1749 3012 2057 3069 affectibus

396 3122 461 3160 ac
497 3106 769 3161 sensibus
801 3105 1558 3173 formidinis,miserationis
1590 3110 1647 3159 et
1675 3102 2058 3159 curiositatis.

392 3196 550 3252 Vicit
579 3197 701 3252 hac
734 3196 945 3253 ultima
968 3203 1031 3253 ut
1057 3198 1405 3266 attenderet,
1424 3201 1480 3252 et
1498 3213 1615 3252 non
1641 3195 1835 3251 solum
1867 3193 2055 3259 oculo,

396 3289 498 3343 sed
531 3293 587 3343 et
615 3294 788 3345 cauto
819 3289 1017 3344 volatu
1042 3294 1389 3360 sequeretur
1405 3287 1711 3343 columbas
1737 3286 2049 3357 fugientes,

394 3377 548 3432 haud
603 3376 732 3433 sine
782 3395 960 3434 causa
1003 3395 1206 3434 verens
1239 3382 1303 3433 nt
1349 3377 1525 3448 longa
1556 3375 1675 3430 illis
1706 3382 1759 3429 et
1790 3374 1925 3428 felix
1977 3372 2050 3426 ad

396 3469 722 3520 extremum
776 3467 913 3537 fuga
954 3466 1342 3536 contingeret.
1401 3464 1635 3518 Audivit
1684 3465 1880 3516 autem
1936 3458 2054 3531 pri-

395 3555 643 3609 mariam
669 3555 1081 3611 columbarum
1114 3554 1196 3609 sic
1227 3555 1642 3608 admonentem
1679 3550 1907 3605 socias:
1960 3547 2053 3605 Vi-

396 3644 549 3698 detis
580 3644 738 3698 hunc
784 3659 1072 3713 aucupem
1124 3659 1302 3696 cursu
1348 3644 1741 3696 assectantem
1792 3639 2052 3695 volatum

397 3733 769 3799 nostrum;id
803 3731 900 3786 ille
948 3730 1119 3785 faciet
1157 3730 1419 3801 quandiu
1471 3747 1652 3801 supra
1702 3727 2057 3800 campestria

399 3824 456 3875 et
501 3819 675 3890 plana
723 3819 851 3875 loca
904 3818 1257 3875 volabimus.
1288 3819 1613 3875 Flectamus
1640 3818 1817 3891 igitur
1850 3833 2055 3873 censeo

398 3924 605 3963 versus
637 3912 891 3963 montem
926 3909 1105 3963 istum
1141 3909 1395 3980 scopulis
1446 3909 1756 3980 praeruptis
1788 3906 2011 3961 invium
2039 3922 2052 3960 :

405 3996 584 4051 simul
631 4014 696 4053 eo
755 4014 861 4053 nos
919 3998 1156 4053 tendere
1207 3998 1438 4064 viderit,
1501 3996 1833 4068 desperabit
1888 3994 2054 4065 sequi

405 4104 580 4159 posse
610 4104 676 4141 ac
706 4104 942 4143 securas
977 4087 1289 4160 relinquet.
1313 4090 1412 4143 Est
1434 4087 1591 4142 aliud
1629 4091 1906 4158 praeterea
1937 4100 2053 4155 quo

402 4175 543 4231 illuc
576 4176 794 4231 trahor:
830 4176 1059 4231 habitat
1088 4176 1168 4231 ibi
1197 4177 1439 4247 quidam
1473 4176 1699 4231 amicus
1757 4190 1921 4230 meus
1954 4172 2053 4243 qui

401 4282 508 4320 nos
540 4267 803 4337 expediet
846 4266 939 4321 his
989 4266 1237 4338 laqueis.
1296 4268 1689 4322 Assenserunt
1746 4264 2051 4320 columbae.

398 4353 645 4410 Volatus
678 4354 1072 4410 communiter
1101 4356 1366 4410 omnium
1412 4372 1591 4426 super
1632 4352 1851 4408 montis
1884 4351 2050 4406 fasti-

400 4442 566 4513 gium
598 4443 945 4511 intenditur;
972 4448 1235 4509 venator,
1268 4460 1372 4515 spe
1403 4460 1589 4515 operae
1622 4442 1791 4514 pretii
1823 4440 2051 4510 perdita

398 4532 640 4587 recedit.
694 4532 933 4598 Corvus,
995 4550 1141 4588 nova
1194 4533 1535 4588 curiositate
1592 4532 1910 4587 instinctus
1966 4529 2048 4584 vi-

399 4620 574 4675 dendi
606 4621 779 4677 amici
810 4638 987 4692 quam
1018 4622 1291 4677 columba
1332 4627 1775 4686 memoraverat,
1831 4624 1887 4674 et
1932 4636 2048 4689 quo

2164 668 2323 721 pore,
2358 668 2491 707 cum
2525 657 2581 707 et
2613 653 2697 708 sol
2748 652 2901 708 lunae
2950 654 3301 723 interpositu
3361 653 3613 719 deficiat,
3674 652 3819 708 luna

2162 742 2381 795 umbrae
2412 746 2583 795 terrae
2615 742 2889 797 immerso
2923 743 3292 810 obscuretur,
3324 743 3503 813 piscis
3553 760 3620 797 ex
3680 760 3817 814 pro-

2163 831 2343 885 fundo
2404 829 2593 901 pelagi
2654 832 2829 887 hamo
2890 831 3191 898 evellalur,
3249 850 3382 888 aves
3427 832 3627 903 sagitis
3686 832 3813 887 icta:

2161 919 2515 989 dejiciantur
2535 937 2603 974 ex
2633 938 2786 987 acre,
2821 926 2997 992 atque
3048 922 3107 975 in
3157 925 3372 976 terram
3404 921 3658 991 delapsa:
3715 938 3812 975 ca-

2159 1008 2412 1077 piantur,
2451 1011 2686 1079 quando
2720 1011 2803 1065 sic
2827 1011 2917 1066 lex
2947 1011 3143 1066 fatalis
3176 1012 3403 1067 statuit.
3455 1012 3611 1066 Adeo
3672 1011 3814 1080 quid

2158 1099 2409 1170 quisque
2440 1100 2600 1165 vitet,
2632 1100 2775 1154 nulli
2812 1101 2956 1157 satis
2988 1106 3225 1155 cautum
3259 1106 3368 1167 est,
3403 1118 3532 1155 cum
3567 1101 3689 1155 sint
3710 1118 3816 1155 suc

2159 1207 2361 1244 cessus
2378 1197 2698 1245 conatuum
2716 1191 3111 1259 itaincerti,ut
3136 1193 3337 1247 eadem
3357 1191 3603 1262 saepevel
3631 1190 3817 1245 simili

2157 1296 2332 1349 opera
2364 1298 2482 1351 qua
2505 1280 2719 1335 stultus
2744 1286 2940 1352 optato
2966 1282 3470 1353 potitur,sapiens,
3495 1286 3813 1352 quantum-

2155 1368 2241 1423 vis
2270 1370 2555 1425 sollicitus
2586 1375 2642 1425 et
2681 1374 2917 1426 strenue
2972 1376 3267 1443 satagens,
3330 1387 3506 1441 scopo
3557 1371 3811 1424 excidat.

2229 1477 2324 1530 Ill.
2361 1481 2489 1531 Hrec
2513 1476 2801 1548 loquentis
2833 1478 3119 1534 columbae
3152 1496 3283 1533 mus
3315 1477 3812 1547 officiosissimus,

2156 1582 2258 1636 per
2290 1582 2352 1619 se
2382 1566 2716 1638 intelligens
2748 1568 2885 1638 quid
2915 1584 3063 1639 opus
3098 1570 3249 1622 facto
3280 1572 3435 1622 esset
3452 1567 3624 1635 coepit
3647 1583 3811 1620 arro-

2154 1656 2291 1709 dere
2323 1656 2600 1711 dentibus
2632 1657 2864 1712 vincula
2896 1663 2961 1711 ut
2990 1675 3116 1713 eam
3153 1658 3363 1713 horum
3416 1673 3566 1711 nexu
3618 1653 3813 1709 exsol-

2152 1748 2329 1799 veret.
2366 1749 2436 1798 At
2468 1744 2586 1811 illa,
2629 1747 2819 1817 magis
2859 1746 3112 1802 sollicita
3170 1764 3272 1819 pro
3331 1746 3527 1813 sociis,
3593 1743 3815 1814 Incipe,

2155 1833 2361 1903 amice,
2398 1834 2610 1905 inquit,
2635 1836 3043 1905 gratissimum
3067 1837 3327 1891 officium
3352 1854 3385 1891 a
3406 1834 3654 1889 vinculis
3685 1850 3813 1904 quae

2155 1922 2388 1977 sodales
2409 1924 2825 1995 constringunt
2847 1941 3005 1980 meas
3040 1925 3181 1979 mihi
3219 1924 3456 1996 meipsa
3489 1923 3809 1978 cbariores.

2158 2011 2395 2065 Audivit
2426 2029 2579 2083 mus,
2642 2030 2745 2068 nec
2805 2014 3028 2069 destitit
3075 2031 3268 2085 agere,
3320 2016 3474 2084 quod
3534 2018 3813 2083 coeperat,

2156 2101 2317 2155 omni
2348 2103 2566 2157 ratione
2598 2103 2840 2173 cupiens
2869 2108 3003 2157 ante
3030 2120 3234 2157 omnes
3258 2104 3508 2157 amicam
3542 2101 3813 2155 liberare.

2155 2190 2365 2260 Sicque
2418 2192 2632 2245 surdus
2690 2192 2762 2246 ad
2838 2192 3127 2246 monitum
3190 2192 3571 2246 incumbebat
3622 2189 3812 2259 operi,

2157 2279 2349 2349 quoad
2375 2278 2648 2334 columba
2678 2281 2868 2350 major
2898 2280 3177 2335 intentius
3237 2280 3584 2339 vociferans.
3628 2278 3815 2347 Atqui

2158 2368 2205 2421 si
2239 2367 2381 2421 mihi
2418 2366 2644 2437 placere
2676 2371 2902 2435 studes,
2952 2368 3164 2440 inquit,
3226 2370 3451 2423 audiet
3508 2370 3599 2422 fac
3656 2366 3818 2436 quod

2161 2473 2381 2528 precor.
2415 2456 2562 2513 Vilis
2596 2458 2741 2513 mihi
2775 2475 2904 2513 mea
2929 2464 3017 2514 est
3049 2458 3234 2525 salus,
3269 2463 3440 2527 prout
3497 2456 3657 2512 hisce
3718 2472 3822 2510 co-

2158 2546 2718 2617 gnatisjunioribus
2752 2548 3081 2603 consultum
3144 2552 3375 2603 mature
3429 2545 3626 2615 velim,
3680 2563 3824 2599 con-

2159 2641 2338 2691 testor
2368 2641 2424 2691 et
2452 2636 2735 2691 denuntio
2769 2636 2915 2691 nihil
2944 2654 3115 2709 agere
3155 2642 3211 2691 te
3246 2638 3404 2708 quod
3466 2634 3669 2704 gratim
3699 2633 3825 2688 im-

2163 2730 2384 2796 putem,
2418 2725 2467 2779 si
2499 2742 2591 2781 me
2623 2728 2872 2797 primam
2914 2727 3293 2791 liberaveris;
3325 2724 3625 2795 antiquior
3675 2723 3828 2777 mihi

2161 2814 2334 2886 longe
2360 2832 2502 2870 cura
2533 2818 2781 2871 istarum
2815 2821 2904 2870 est
2936 2832 3075 2871 meae
3133 2816 3266 2870 fidei
3329 2814 3818 2869 commissarum.

2163 2902 2219 2955 Si
2252 2905 2492 2957 venator
2523 2903 2915 2974 superveniat,
2951 2901 3149 2958 malim
3186 2918 3277 2956 me
3307 2901 3497 2955 adhuc
3532 2900 3827 2954 irretitum

2166 3008 2340 3061 quam
2364 2991 2497 3047 illas
2517 2992 2793 3063 opprimi.
2838 2993 2982 3047 Dum
3016 2991 3177 3047 salva
3210 3008 3307 3046 eas
3369 2990 3703 3060 liberasque
3740 2988 3831 3041 vi-

2170 3080 2364 3147 deam,
2392 3097 2592 3136 casum
2628 3081 2896 3152 quemvis
2929 3083 3075 3137 ferre
3107 3098 3347 3153 possum
3383 3096 3546 3150 aequo
3600 3078 3827 3133 animo.

2169 3170 2378 3237 Quare,
2412 3170 2461 3224 si
2493 3186 2587 3225 me
2645 3188 2833 3236 amas,
2886 3172 3188 3226 sororibus
3233 3177 3366 3225 ante
3424 3168 3624 3224 omnia
3676 3167 3827 3222 meis

2081 3298 2126 3360 ϐ
2171 3258 2536 3313 exsolvendis
2558 3276 2717 3314 vaca.
2750 3259 2859 3314 Ubi
2901 3277 3106 3315 omnes
3138 3260 3270 3315 illas
3319 3257 3668 3331 expedieris,
3729 3274 3829 3312 me

2169 3362 2403 3416 quoque
2434 3347 2616 3400 simili
2665 3348 2984 3418 dignabere
3023 3348 3344 3404 beneﬁcio:
3405 3365 3518 3402 non
3551 3346 3705 3401 enim
3770 3350 3829 3402 te

2171 3435 2552 3506 quantumvis
2606 3435 2833 3491 lassum
2884 3454 3113 3494 cessare
3143 3443 3343 3493 tunca
3375 3454 3466 3491 me
3518 3436 3831 3491 liberanda

2169 3525 2323 3579 sinet
2382 3525 2855 3597 compertissima
2908 3527 3053 3581 mihi
3111 3531 3215 3582 tua
3263 3526 3319 3581 in
3375 3543 3467 3581 me
3526 3524 3826 3580 charitas:

2170 3614 2331 3685 quali
2362 3630 2496 3669 cum
2528 3615 2635 3670 has
2658 3633 2772 3670 non
2794 3616 3169 3687 amplectere,
3195 3617 3457 3670 nondum
3495 3620 3662 3669 notas
3693 3613 3829 3683 tibi,

2167 3720 2398 3759 vererer
2431 3704 2777 3769 ne,liberata
2832 3721 2946 3775 me,
3009 3707 3067 3760 in
3126 3706 3336 3760 harum
3398 3705 3599 3776 aliqua
3655 3704 3833 3758 extri-

2169 3794 2356 3849 canda
2387 3795 2585 3865 segnis
2617 3811 2801 3862 esses,
2832 3799 2890 3849 et
2915 3795 3015 3849 illa
3044 3796 3261 3850 misera
3291 3795 3486 3865 praeda
3517 3795 3678 3849 fieret
3709 3794 3833 3847 huc

2172 3886 2315 3940 forte
2346 3886 2433 3940 vel
2465 3902 2594 3939 sero
2629 3886 2966 3957 adrepentis
2996 3887 3261 3956 aucupis.
3288 3886 3453 3949 Quod
3486 3886 3536 3939 si
3561 3884 3832 3941 accidere

2170 3979 2435 4029 nostrum
2499 3975 2752 4046 cuipiam
2831 3976 2948 4030 fato
3009 3977 3309 4031 decretum
3369 3980 3479 4046 est,
3534 3990 3829 4045 occupare

2169 4064 2323 4118 istud
2350 4064 2736 4119 infortunium
2762 4064 2820 4119 in
2854 4081 3049 4120 meum
3079 4065 3441 4137 caputlonge
3462 4063 3617 4119 malo
3640 4080 3824 4135 quam

2168 4152 2350 4208 ullam
2379 4153 2859 4209 dulcissimarum
2894 4154 3039 4208 mihi
3072 4156 3354 4211 comitum
3389 4154 3827 4226 prodere.Talia

2166 4259 2301 4296 mus
2350 4243 2626 4297 audiens:
2689 4247 2873 4307 Quam
2925 4248 3147 4313 sancte,
3198 4246 3279 4300 ait
3327 4245 3601 4299 amicitiae
3659 4243 3824 4315 leges

2165 4331 2346 4398 colas,
2379 4336 2483 4386 tua
2515 4332 2635 4387 haec
2668 4334 3037 4388 demonstrat
3069 4334 3274 4389 oratio.
3323 4335 3497 4391 Porro
3556 4334 3672 4389 ista
3722 4334 3824 4390 bo-

2166 4419 2316 4475 nitas
2347 4426 2406 4475 et
2455 4436 2712 4477 amorem
2775 4421 2835 4476 in
2886 4427 2941 4477 te
2998 4428 3250 4479 veterem
3302 4424 3511 4479 fortius
3567 4425 3828 4480 intendit

2164 4526 2383 4576 meum,
2417 4515 2474 4566 et
2504 4512 2796 4566 sodalium
2819 4512 2926 4566 tibi
2951 4518 3188 4568 tuarum
3216 4516 3595 4584 majorem,ut
3624 4531 3823 4585 spero,

2163 4599 2499 4655 conciliabit
2530 4600 2897 4657 charitatem.
2933 4602 3010 4657 Ea
3041 4603 3287 4673 loquens
3320 4603 3526 4660 sedulo
3549 4604 3829 4660 incubuit

394 4709 449 4765 is
480 4714 647 4780 pacto
680 4684 1037 4765 liberaturus
1066 4727 1194 4765 eam
1228 4716 1401 4776 esset,
1445 4710 1556 4764 alia
1588 4715 1644 4765 et
1695 4684 1820 4781 ipse
1873 4684 2053 4779 sui,“
2084 4684 2128 4747 D
2166 4691 2222 4744 in
2257 4691 3176 4781 rodendatilaquibuscolumbae
3201 4694 3457 4751 minores
3481 4695 3827 4766 ligabantur

396 4803 656 4855 montem
713 4798 941 4854 nititur.
997 4803 1208 4854 Cavum
1268 4800 1348 4853 ibi
1401 4803 1526 4855 erat
1582 4798 1768 4854 muris
1820 4797 2043 4852 vetuli:

390 4903 571 4958 prope
602 4889 1026 4944 descendentes
1069 4888 1489 4960 acquieverunt
1537 4887 1817 4943 columbae
1866 4885 2045 4943 simul

390 4991 618 5041 omnes.
651 4979 933 5034 Prodiens
965 4994 1103 5033 cavo
1140 4994 1269 5032 mus
1317 4977 1653 5032 columbam
1715 4976 2043 5049 principem

388 5063 501 5118 sibi
533 5065 674 5121 olim
704 5067 1058 5123 familiarem
1083 5084 1295 5137 magno
1316 5067 1615 5139 excipiens
1645 5067 1877 5134 affectu,
1903 5068 2044 5130 Quis

389 5156 469 5213 te.
502 5152 716 5223 inquit,
747 5155 1118 5226 charissima,
1159 5156 1252 5212 his
1300 5156 1591 5227 implicuit
1647 5155 1944 5212 vinculis?
1971 5160 2044 5209 At

387 5239 521 5306 illa,
546 5240 767 5310 Nescis,
801 5246 900 5314 ait,
946 5247 1097 5300 bona
1155 5250 1213 5299 et
1270 5244 1423 5301 mala
1469 5245 1631 5300 fatali
1694 5245 2041 5301 mortalibus

387 5329 736 5386 necessitate
758 5334 1061 5402 provenire
1083 5335 1110 5388 ‘?
1142 5335 1347 5390 Fatum
1367 5352 1458 5391 me
1491 5334 1727 5405 impulit
1757 5336 1826 5389 ad
1860 5351 2041 5406 grana

383 5419 669 5475 insidiose
701 5435 905 5490 sparsa
936 5424 1301 5492 appetenda;
1353 5423 1505 5494 quod
1538 5425 1677 5478 dum
1740 5441 1843 5494 ago
1903 5441 2037 5479 cum

382 5507 543 5562 hisce
580 5508 726 5564 meis
764 5508 1064 5563 sororibus
1116 5512 1424 5583 implicatae
1478 5513 1588 5568 hoc
1650 5513 1755 5568 reti
1806 5530 2035 5568 sumus.

381 5599 517 5665 quia
578 5600 625 5649 ἱεΙ
689 5597 961 5653 aviditate
1012 5600 1315 5656 obcaecatae
1378 5620 1492 5657 non
1544 5602 1708 5673 prius
1758 5602 2035 5671 vidimus,

382 5701 556 5753 quam
600 5688 694 5741 illo
728 5685 1078 5741 constrictas
1103 5705 1209 5741 nos
1243 5690 1563 5760 sensimus,
1591 5708 1693 5745 nec
1717 5692 1904 5746 mirus
1935 5698 2036 5745 aut

382 5772 514 5825 mihi
553 5794 733 5831 novus
784 5777 879 5829 hic
934 5792 1108 5831 casus
1157 5782 1283 5831 est:
1339 5794 1367 5832 e
1423 5779 1793 5851 gravioribus
1853 5782 2032 5835 evasi.

2159 4782 2348 4851 quoad
2382 4780 2453 4834 iis
2488 4779 2655 4851 plane
2687 4783 2876 4852 ruptis
2911 4782 3021 4837 illa!
3054 4801 3259 4839 omnes
3292 4785 3351 4839 in
3383 4802 3654 4840 securum
3685 4803 3827 4842 avo-

2156 4868 2376 4924 larunt.
2401 4868 2516 4924 Has
2553 4869 2760 4924 ultima
2791 4871 3078 4934 omnium.
3110 4872 3306 4927 soluta
3362 4878 3419 4928 et
3474 4876 3623 4944 ipsa,
3682 4880 3825 4945 post

2156 4960 2377 5014 multas
2408 4962 2566 5014 actas
2598 4960 2877 5015 servatori
2911 4960 3150 5032 gratias,
3190 4963 3375 5033 major
3397 4963 3673 5019 columba
3726 4970 3823 5020 est

2154 5052 2379 5104 secuta.

2227 5156 2319 5210 IV.
2345 5154 2447 5209 His
2478 5170 2684 5209 corvus
2716 5155 3142 5212 animadversis
3172 5159 3448 5214 continuo
3481 5176 3540 5214 sc
3562 5160 3821 5215 contulit

2155 5247 2223 5299 ad
2259 5262 2324 5300 os
2352 5260 2611 5299 cavernae
2645 5245 2855 5313 muris,
2915 5245 2971 5299 in
3024 5263 3177 5313 eam,
3221 5248 3417 5303 statim
3482 5254 3653 5320 atqoe
3711 5267 3815 5305 co-

2151 5334 2363 5390 lumbae
2398 5333 2725 5399 avolarunt,
2751 5334 2943 5390 denuo
2977 5337 3220 5405 conditi,
3283 5337 3571 5410 illumque
3620 5341 3817 5394 nomi-

2153 5424 2335 5478 natim
2370 5422 2646 5477 evocavit.
2709 5424 3027 5494 Respondit
3075 5442 3208 5480 mus
3267 5443 3335 5481 ex
3392 5432 3518 5482 tuto
3569 5428 3821 5483 minime

2151 5513 2449 5582 prodiens:
2483 5511 2625 5575 Quis
2651 5512 2808 5566 enim
2842 5518 2904 5568 tu
2930 5530 2992 5568 es
3012 5514 3110 5584 qui
3145 5517 3455 5572 mevocas‘?
3498 5517 3822 5588 Resposuit

2151 5602 2200 5654 is
2234 5619 2245 5655 :
2280 5603 2396 5671 Ego
2426 5618 2555 5657 sum
2616 5618 2844 5668 corvus,
2907 5604 3007 5673 qui
3061 5606 3373 5661 observata
3431 5608 3545 5662 fide
3601 5612 3705 5663 tua
3760 5614 3821 5663 et

2148 5691 2434 5745 charitate
2465 5691 2523 5745 in
2584 5691 2827 5760 amicos,
2890 5695 3173 5764 majorem
3230 5696 3287 5749 in
3345 5697 3584 5751 modum
3639 5697 3819 5767 cupio

2148 5779 2296 5833 inire
2326 5784 2516 5834 tecum
2548 5780 2889 5848 amicitiam,
2931 5787 2988 5837 et
3013 5798 3080 5838 ea
3136 5784 3324 5853 gratia
3382 5784 3497 5839 huc
3564 5786 3817 5842 accessi.
