4120 6396
350 434 485 486 1297

1367 448 1723 500 SPECIMEN
1763 450 2165 505 SAPIENTU‘E
2207 454 2540 508 INDORUM
2583 458 2741 509 VET.

3630 463 3650 510 1
3663 458 3765 511 298

344 567 561 628 Apage,
609 578 742 617 mus
790 563 1002 636 inquit,
1056 567 1211 622 intra
1259 586 1466 623 cavum
1523 576 1810 641 perstans,
1864 588 1994 642 qua
2022 576 2073 639 Α
2107 576 2238 629 dem
2266 580 2325 628 ut
2353 576 2518 631 ﬁrma
2542 584 2599 632 et
2623 581 2899 652 utrinque
2936 581 3173 636 innoxia
3195 598 3260 636 ac
3285 586 3411 637 tuta
3440 582 3761 637 coalescere

345 649 486 700 mihi
514 654 708 704 tecum
734 651 1093 710 intercedere
1113 658 1483 713 necessitudo
1505 660 1736 714 fcederis
1766 661 1997 731 potest?

344 736 556 791 Desine
587 754 711 808 qua
744 741 867 795 ﬁeri
901 751 1202 815 nequeunt
1230 746 1375 801 velle
1408 748 1605 802 conari
1643 765 1654 802 :
1693 766 1804 802 non
1838 749 1994 804 enim

344 826 674 898 sapientius
708 830 763 883 id
796 834 1131 901 tentavcris,
1154 853 1331 905 quam
1379 844 1575 893 arator
1608 840 1705 907 qui
1757 843 1993 893 conten-

344 917 445 970 dat
471 916 623 972 stiva
655 934 757 989 per
791 920 999 975 fluctus
1033 924 1258 992 adacta,
1312 926 1485 980 dorso
1534 943 1821 996 aquarum
1872 927 1996 982 acie

345 1006 597 1059 vomeris
631 1007 861 1063 sulcum
894 1009 1202 1079 inﬁndere,
1237 1020 1338 1069 aut
1368 1020 1548 1069 nauta
1579 1015 1677 1085 qui
1713 1016 1865 1071 serio
1897 1033 1994 1071 sa-

344 1099 505 1164 tagat
562 1112 769 1151 navem
830 1101 1154 1170 propellere
1211 1120 1311 1173 per
1350 1121 1583 1175 aquora
1623 1122 1990 1176 camporum.

344 1191 642 1247 Enimvero
675 1210 802 1264 qua
836 1212 969 1267 spes
1002 1200 1243 1255 omnino
1273 1202 1369 1269 sit,
1397 1203 1569 1257 ﬁdere
1603 1218 1694 1256 me
1728 1220 1989 1274 unquam

343 1287 407 1337 ut
436 1282 624 1339 amico
659 1285 763 1338 tibi
798 1303 991 1357 pesse,
1026 1306 1195 1360 quem
1232 1293 1352 1346 scio
1382 1310 1627 1365 corpora
1658 1294 1841 1349 nostri
1891 1311 1992 1367 ge-

343 1372 521 1440 neris,
550 1374 887 1446 ubicunque
919 1394 981 1431 se
1012 1382 1316 1436 commode
1349 1383 1618 1453 offerunt,
1654 1383 1837 1439 solere
1889 1402 1984 1439 co-

342 1463 619 1517 medere?
648 1465 730 1518 Ad
765 1466 873 1519 hoc
919 1484 1129 1523 corvus
1184 1487 1195 1523 :
1248 1471 1326 1525 Te
1374 1472 1556 1537 decet,
1607 1472 1706 1541 ait,
1758 1490 1825 1527 ea
1875 1492 1989 1544 qua

340 1552 498 1607 vales
530 1555 890 1625 perspicacia
944 1557 1276 1615 discernere
1324 1562 1577 1617 rationes
1626 1564 1869 1618 timendi
1923 1582 1987 1620 ac

341 1643 614 1712 sperandi
665 1662 698 1697 a
750 1662 862 1699 me.
913 1650 1089 1702 Porro
1122 1666 1299 1719 quam
1336 1651 1417 1705 ha
1452 1652 1506 1706 in
1543 1653 1649 1706 hac
1680 1670 1856 1708 causa
1885 1672 1985 1726 po-

340 1732 517 1787 tiores
548 1734 686 1803 sint,
736 1735 1027 1807 intelliges
1073 1756 1207 1793 cum
1262 1743 1645 1812 reputaveris,
1696 1745 1981 1798 securita-

338 1829 452 1876 tem
486 1828 649 1877 tuam
683 1841 814 1878 cum
852 1842 979 1881 mea
1011 1830 1311 1897 praestanti
1362 1830 1612 1886 utilitate
1662 1850 1790 1888 esse
1843 1849 1981 1888 con-

2110 664 2264 718 inter
2295 682 2400 719 nos
2432 667 2689 722 cbaritas
2723 668 3142 739 queat.(‘.0ntra
3175 687 3241 723 ea
3270 686 3479 723 corvus
3513 687 3526 724 :
3560 670 3759 736 Erras,

2108 753 2320 824 inquit,
2356 772 2456 825 per
2487 757 2729 813 nimiam
2773 759 3169 829 prudentiam,
3224 763 3280 814 et
3324 776 3472 813 vano
3520 761 3758 815 terreris

2108 846 2287 896 metu.
2320 846 2587 914 Spondeo
2618 851 2675 901 et
2705 851 2915 919 prasto
2942 847 3074 917 tibi,
3108 865 3222 903 non
3255 850 3430 903 modo
3461 848 3638 903 ﬁdam
3692 865 3757 903 ac

2105 931 2419 1001 sinceram,
2470 937 2568 989 sed
2621 940 2985 991 constantem
3032 952 3095 991 ac
3129 953 3442 1007 perennem
3476 953 3664 991 meam
3700 936 3758 992 in

2105 1024 2160 1074 te
2201 1021 2704 1093 benevolentiam;
2740 1024 2833 1078 cui
2884 1025 2933 1079 si
2984 1025 3337 1096 respondere
3386 1042 3501 1080 non
3551 1041 3759 1097 grava-

2104 1110 2440 1178 beris,nihil
2475 1113 2745 1167 amicitia
2778 1117 2988 1169 nostra
3022 1114 3353 1184 deerit,quo
3385 1114 3589 1169 minus
3620 1132 3753 1169 cum

2101 1198 2425 1254 verissimis
2458 1202 2643 1271 possit
2671 1203 2916 1272 aquari.
2964 1203 3107 1257 Novi
3152 1219 3257 1275 ego
3303 1219 3535 1274 quoque
3583 1203 3752 1258 diffe-

2103 1289 2324 1343 rentias
2357 1288 2829 1345 familiaritatum
2863 1294 2921 1346 et
2950 1292 3238 1360 quasdam
3273 1308 3549 1347 vasorum
3599 1293 3751 1348 ﬁcti-

2099 1375 2244 1431 lium
2280 1377 2399 1432 scio
2430 1378 2681 1449 similes,
2714 1395 2841 1449 qua
2876 1396 3010 1435 cum
3039 1380 3152 1435 cito
3185 1397 3248 1435 ac
3276 1381 3444 1435 facile
3476 1382 3753 1454 franguna

2102 1470 2216 1537 tur,
2250 1470 2377 1521 tum
2406 1468 2663 1538 reparari
2692 1485 2757 1522 ac
2787 1466 2995 1540 reﬁngi
3047 1486 3155 1541 ope
3204 1487 3271 1526 ac
3316 1487 3482 1525 mora
3530 1476 3753 1539 queunt

2098 1554 2295 1622 nulla;
2332 1572 2531 1611 verum
2566 1556 2711 1611 alias
2742 1559 3120 1628 pretiosiores
3153 1561 3443 1631 quasdam
3478 1560 3749 1616 lancibus

2098 1648 2197 1697 aut
2229 1644 2455 1714 poculis
2485 1644 2681 1700 aureis
2713 1646 3004 1701 amicitias
3032 1646 3239 1700 merito
3271 1661 3565 1717 comparo,
3618 1664 3746 1719 qua

2096 1732 2366 1789 videlicet
2408 1750 2523 1788 non
2576 1740 2815 1804 temere,
2870 1739 2973 1789 aut
3020 1752 3203 1806 prona
3251 1742 3388 1790 rota
3440 1737 3744 1807 vertigine,

2095 1822 2293 1876 statim
2319 1827 2474 1894 nata,
2490 1824 2591 1878 sed
2622 1826 2799 1879 cauta
2830 1825 3135 1879 fornacum
3166 1824 3566 1896 exploratione
3598 1824 3744 1880 mal-

328 1912 610 1982 junctam.
646 1914 801 1967 Licet
832 1915 1022 1971 adhuc
1052 1917 1158 1971 tibi
1188 1936 1299 1973 non
1342 1925 1578 1991 experto
1634 1923 1965 1992 probitaten

2095 1910 2439 1983 leorumque
2496 1913 2706 1967 artiﬁci
2765 1913 3038 1968 tunsione
3093 1913 3317 1984 liquata
3377 1915 3744 1986 formataque

336 2018 549 2071 meam,
583 2003 767 2056 vereri
799 2022 870 2059 ne
896 2006 954 2060 in
987 2007 1292 2062 occasione
1324 2013 1379 2063 te
1411 2011 1651 2081 vorandi
1689 2012 1827 2065 mihi
1863 2029 1978 2068 non

334 2094 679 2162 temperem.
713 2094 818 2146 Sed
853 2094 901 2148 si
955 2112 1046 2149 me
1095 2113 1211 2151 non
1263 2098 1511 2153 stultum
1560 2104 1751 2171 putas,
1804 2102 1979 2157 debes

332 2181 647 2248 conﬁdere,
678 2198 766 2237 me
798 2188 1003 2238 contra
1042 2186 1303 2241 rationes
1348 2188 1634 2258 proprias,
1667 2206 1800 2244 cum
1858 2207 1979 2244 ma-

329 2285 443 2340 gno
477 2288 605 2325 meo
642 2273 855 2327 damno
906 2290 1021 2328 non
1076 2275 1392 2331 facturum.
1441 2279 1631 2333 Facile
1690 2279 1831 2333 mibi
1893 2284 1982 2335 est

328 2360 465 2416 alibi
500 2360 752 2432 reperire
782 2364 936 2431 quod
971 2364 1211 2419 suavius
1244 2365 1420 2420 etiam
1455 2370 1761 2423 comedam
1798 2386 1978 2440 quam

326 2463 403 2524 te,
437 2459 692 2514 amicum
754 2460 832 2514 ita
890 2461 1145 2531 ﬁdelem,
1195 2464 1277 2517 ita
1338 2464 1719 2534 industrium,
1773 2468 1872 2538 qui
1926 2465 1979 2523 si

326 2549 561 2619 quando
592 2548 650 2604 in
686 2549 925 2620 laqueos
956 2550 1238 2617 incidam,
1271 2558 1329 2607 et
1360 2555 1548 2624 possit
1588 2558 1643 2609 et
1688 2555 1826 2610 velit
1876 2574 1975 2613 eos

324 2639 613 2709 frangere,
663 2656 953 2709 nusquam
1014 2640 1331 2713 inveniam,
1376 2646 1431 2697 te
1481 2644 1725 2714 perdito.
1778 2646 1973 2703 Sentis

322 2729 579 2799 profecto
612 2746 787 2799 quam
823 2746 1066 2785 securus
1097 2747 1225 2785 esse
1258 2732 1471 2787 debeas
1506 2733 1747 2803 periculi
1780 2736 1973 2805 cujus-

322 2817 409 2872 vis
439 2818 835 2889 impendentis
868 2836 901 2873 a
933 2837 1043 2886 me,
1079 2819 1172 2874 cui
1206 2820 1360 2875 haud
1397 2823 1513 2876 fere
1546 2823 1744 2877 minus
1794 2841 1968 2893 quam

323 2908 437 2979 ipsi
470 2908 573 2962 tibi
606 2909 873 2977 expediat
904 2908 1133 2963 salvum
1166 2914 1222 2964 te
1254 2926 1317 2965 ac
1352 2910 1576 2965 felicem
1610 2928 1784 2981 quam
1838 2913 1971 2968 diu-

322 2997 552 3053 tissime
596 2998 801 3052 vivere.
860 2998 1020 3052 Mitte
1070 2999 1251 3068 igitur
1299 2999 1661 3069 suspiciones
1712 3002 1876 3067 istas,
1912 3008 1970 3058 et

323 3087 469 3142 mihi
502 3088 656 3142 bona
686 3087 800 3141 ﬁde
832 3087 917 3141 fac
947 3087 1174 3158 copiam
1209 3087 1475 3143 amicitia
1500 3093 1632 3158 tua,
1668 3091 1835 3160 cujus
1879 3109 1971 3148 me

322 3176 546 3232 dudum
579 3175 871 3247 cupiditas
924 3176 1183 3231 incessit.
1238 3176 1382 3232 Nolo
1431 3177 1585 3233 enim
1634 3180 1970 3238 existimare

316 3269 373 3321 te
426 3265 706 3320 hodierno
748 3264 859 3320 isto
891 3265 1290 3336 experimento
1322 3266 1499 3322 ofﬁcii
1531 3271 1644 3322 ate
1676 3268 1966 3325 columbis

312 3355 579 3419 exhibiti,
613 3354 865 3425 primam
899 3354 1041 3409 mihi
1075 3355 1310 3411 virtutis
1342 3360 1455 3411 tua
1489 3358 1752 3412 notitiam
1802 3358 1963 3414 obla-

310 3451 428 3500 tam
466 3443 856 3515 :jampridem
890 3446 960 3498 de
996 3448 1097 3498 tua
1135 3444 1503 3501 humanitate
1552 3462 1960 3516 cognoveram,

306 3544 483 3598 odore
515 3542 768 3613 quodam
802 3542 930 3611 ejus
964 3541 1078 3595 late
1110 3558 1170 3596 se
1212 3541 1494 3597 fundente
1542 3544 1754 3615 suique
1807 3546 1958 3601 inlli-

302 3633 461 3687 cium
494 3629 1062 3702 spargente.Similis
1094 3629 1246 3684 enim
1280 3630 1537 3686 charitas
1572 3633 1815 3687 moscbo
1848 3639 1956 3701 est,

302 3721 554 3777 aromati
621 3720 975 3776 suavissime
1035 3719 1341 3788 fragranti,
1402 3720 1574 3790 cujus
1627 3720 1762 3776 sinu
1824 3722 1959 3777 licet

302 3810 543 3875 conditi,
578 3827 721 3864 aura
770 3809 1033 3880 quadam
1083 3807 1427 3863 illecebrosa
1451 3810 1779 3878 exspirans,
1814 3829 1955 3866 cun-

304 3904 432 3955 ctos
475 3904 533 3953 et
580 3897 759 3953 afﬁcit
808 3902 863 3951 et
897 3897 1104 3951 allicit.
1145 3897 1438 3953 Adversus
1464 3896 1587 3952 hac
1621 3916 1772 3967 mus,
1809 3916 1953 3954 non-

306 3990 445 4043 dum
482 3986 655 4059 plane
688 4003 1031 4057 persuasus,
1079 3988 1341 4057 excipere
1391 3988 1644 4058 perrexit
1688 3987 1744 4041 in
1796 3988 1953 4044 hunc

305 4080 548 4132 modum
585 4094 597 4131 :
632 4077 845 4147 Magna
872 4077 960 4130 vis
991 4079 1080 4130 est
1108 4074 1394 4130 naturalis
1435 4076 1575 4141 odii,
1627 4078 1795 4147 cujus
1845 4079 1951 4133 du-

306 4166 517 4239 plicem
574 4166 743 4220 video
801 4165 1057 4236 speciem
1111 4182 1124 4219 :
1176 4164 1455 4231 alteram;
1502 4182 1629 4235 qua
1689 4166 1951 4223 infensos

300 4256 545 4311 amulos
573 4256 630 4309 in
664 4254 989 4309 certamina
1012 4254 1548 4325 committit,qualis
1571 4254 1949 4326 elephantum

299 4351 357 4400 et
387 4345 622 4399 leonum
658 4344 966 4398 inimicitia
996 4351 1103 4409 est;
1134 4343 1381 4398 alteram
1414 4361 1540 4414 qua
1575 4345 1951 4414 pravalentes

296 4451 431 4490 cum
467 4433 737 4500 inﬁrmis,
772 4433 1012 4487 timidos
1045 4449 1175 4487 cum
1209 4434 1529 4488 audacibus
1575 4451 1947 4505 comparans,

295 4526 585 4595 impetum
617 4540 684 4577 ac
716 4524 830 4576 vim
864 4538 1073 4577 savam
1111 4522 1451 4576 fortioribus
1482 4523 1946 4593 inspirat,imbe-

296 4612 447 4669 cillis
472 4612 616 4667 nihil
640 4628 959 4683 suggerens
974 4610 1129 4665 aliud
1147 4611 1258 4665 nisi
1277 4611 1648 4665 formidinem
1667 4629 1731 4666 ac
1746 4614 1944 4684 fugam

2093 2002 2335 2056 materia
2369 2001 2687 2072 elaborata,
2723 2008 2844 2057 tum
2876 2003 3245 2058 constantius
3275 2004 3510 2071 durant;
3531 2008 3656 2059 tum
3690 2006 3739 2060 si

2091 2090 2231 2162 quid
2265 2091 2595 2146 detrimenti
2629 2091 2798 2162 lapsu
2832 2096 2935 2147 aut
2964 2092 3207 2147 incursu
3240 2094 3592 2164 acceperint,
3619 2112 3736 2149 non

2091 2180 2407 2235 difﬁculter
2438 2186 2847 2236 restaurantur
2878 2188 3361 2253 reponunturque
3408 2183 3467 2237 in
3516 2190 3738 2239 statum

2091 2268 2429 2340 pristinum.
2463 2269 2621 2325 Talis
2678 2270 2807 2339 erit,
2860 2288 2931 2325 ne
2987 2270 3248 2339 dubites,
3298 2288 3463 2327 amor
3516 2278 3736 2339 noster,

2090 2375 2202 2413 non
2239 2359 2499 2425 fortuito,
2533 2360 2633 2414 sed
2690 2375 2757 2414 ex
2806 2364 2963 2414 certa
3009 2365 3067 2414 et
3114 2364 3346 2415 matura
3390 2361 3739 2416 meritorum

2087 2452 2263 2519 atque
2324 2448 2649 2503 utilitatum
2710 2457 3053 2504 mutuarum
3109 2450 3500 2506 aestimatione
3550 2455 3737 2518 ortus,

2086 2536 2317 2607 qualem
2342 2537 2501 2591 nulla
2523 2554 2785 2607 unquam
2807 2537 3214 2609 longinquitas
3231 2538 3738 2609 temporis,nullus

2084 2643 2259 2681 casus
2288 2629 2392 2681 aut
2415 2643 2579 2681 error
2607 2625 3064 2682 labefactaverit.

2154 2750 2546 2806 V.Emollitus
2576 2754 2695 2805 tam
2728 2750 2971 2807 instanti
3006 2751 3270 2807 oratione
3302 2753 3730 2824 mus,Accipio,

2081 2840 2297 2912 inquit,
2329 2857 2505 2910 quam
2536 2839 2710 2896 offers
2737 2840 3083 2907 amicitiam,
3112 2857 3217 2896 nec
3247 2846 3303 2896 te
3352 2842 3611 2913 primum
3663 2860 3732 2899 ex

2081 2928 2355 2985 omnibus
2387 2928 2487 3000 qui
2514 2945 2602 2984 me
2633 2928 2853 3000 aliquid
2888 2934 3191 3000 rogarunt,
3218 2930 3401 3003 Optati
3434 2936 3730 3003 expertem

2080 3019 2397 3074 dimittam.
2432 3018 2557 3075 Non
2591 3023 2787 3074 tamen
2816 3019 3063 3091 poenitet
3109 3018 3397 3091 allegasse
3444 3037 3575 3092 quae
3621 3039 3727 3077 au-

2081 3108 2243 3174 disti,
2278 3108 2633 3180 pertinentia
2679 3108 2869 3179 magis
2919 3109 2990 3163 ad
3041 3109 3480 3166 excusationem
3532 3128 3725 3167 meam

2079 3214 2257 3269 quam
2316 3197 2385 3252 ad
2450 3196 2962 3269 pramunitionem
3020 3201 3209 3253 tuam.
3241 3197 3411 3254 Volui
3442 3203 3561 3254 tam
3594 3201 3725 3255 fusa

1997 3317 2039 3382 Ο
2080 3286 2471 3342 declarations
2502 3302 2766 3341 meorum
2798 3302 3084 3341 sensuum
3116 3287 3428 3357 praripere
3458 3288 3561 3343 tibi
3595 3305 3727 3343 om-

2078 3392 2210 3430 nem
2241 3391 2446 3430 ansam
2478 3373 2804 3430 insultandi
2835 3391 3097 3447 unquam
3146 3375 3511 3448 simplicitati
3560 3394 3723 3445 mea,

2073 3465 2123 3520 si
2155 3465 2413 3535 quando,
2446 3464 2603 3534 quod
2655 3463 2843 3518 absitl
2898 3465 3267 3536 contingeret
3309 3465 3537 3521 resilire
3584 3472 3641 3522 te
3690 3485 3724 3522 a

2072 3554 2414 3625 pactis.Non
2447 3554 2605 3609 enim
2634 3557 2778 3608 tunc
2807 3552 3091 3624 gratulari
3122 3560 3312 3609 tecum
3356 3572 3581 3626 posses,
3631 3557 3722 3612 fu-

2071 3659 2205 3698 cum
2234 3649 2293 3698 te
2320 3642 2530 3699 fecisse
2556 3642 2673 3698 tuis
2704 3642 3011 3697 fraudibus
3042 3660 3239 3698 crasso
3272 3644 3507 3699 cuidam
3530 3649 3587 3700 et
3608 3646 3721 3701 im-

2067 3730 2330 3801 provido,
2364 3747 2621 3802 eumque
2645 3747 2797 3786 vana
2847 3731 3236 3787 ostentatione
3288 3732 3717 3803 promissorum

2066 3819 2247 3874 stulte
2295 3820 2602 3874 credulum
2660 3819 2969 3876 induxisse
3018 3822 3089 3875 ad
3141 3820 3354 3888 fadus,
3400 3823 3530 3893 ejus
3578 3824 3717 3879 olim

2066 3907 2322 3979 pernicie
2351 3908 2975 3963 sanciendum.Testor
2997 3910 3116 3978 jam
3151 3927 3305 3966 nunc
3333 3915 3391 3966 te
3422 3912 3617 3982 ipsum
3644 3930 3716 3967 an

2062 3996 2579 4068 praviderim?an
2614 4013 2729 4052 non
2782 3999 3281 4067 pramonuerim‘?
3329 4001 3574 4055 Duritiei
3624 4020 3715 4057 me

2063 4102 2266 4157 posses
2296 4101 2573 4141 accusare
2605 4085 2655 4139 si
2685 4102 2799 4140 non
2846 4100 3192 4154 annuerem,
3242 4087 3411 4141 fatua
3458 4090 3711 4144 creduli-

2060 4175 2197 4231 tatis
2230 4178 2286 4229 et
2315 4174 2726 4246 imprudentia
2755 4174 3037 4230 damnare
3071 4191 3142 4230 ne
3182 4180 3241 4229 tu
3296 4175 3536 4247 quidem
3586 4178 3712 4248 ipse

2062 4280 2287 4337 posses,
2320 4265 2555 4334 quando
2587 4263 2764 4335 (quod
2800 4280 2914 4317 non
2949 4263 3203 4319 arbitror
3234 4265 3375 4334 fore,
3401 4282 3508 4321 nec
3556 4266 3711 4321 Deus

2061 4353 2280 4425 siverit)
2308 4354 2469 4409 abuti
2502 4352 2643 4407 olim
2684 4352 2864 4408 velles
2911 4352 3185 4408 amicitia
3236 4354 3451 4409 ﬁducia
3499 4357 3569 4409 ad
3623 4372 3712 4411 me

2058 4444 2363 4499 incautum
2395 4443 2873 4515 opprimendum.
2904 4445 3010 4497 His
3039 4443 3231 4513 dictis,
3264 4445 3330 4498 ad
3366 4460 3430 4499 os
3463 4445 3585 4499 cavi
3617 4445 3708 4499 sui

2060 4551 2192 4588 mus
2223 4533 2552 4595 accessit,et
2580 4538 2757 4603 caput
2783 4533 3067 4587 duntaxat
3097 4533 3252 4588 foras
3279 4533 3537 4605 protulit.
3559 4534 3705 4587 Tum

2057 4639 2285 4691 corvus,
2321 4622 2599 4692 lnjuriam
2633 4621 2778 4676 mihi
2812 4621 2978 4689 facis,
3013 4621 3112 4690 ait,
3160 4622 3257 4691 qui
3307 4624 3569 4677 nondum
3621 4623 3705 4676 vi-

296 4701 609 4773 trepidam-
644 4702 806 4757 Talis
857 4702 1039 4755 nostri
1088 4700 1344 4754 murium
1395 4701 1628 4769 generis
1679 4718 1809 4756 cum
1864 4706 1941 4758 ΓΘ·
1978 4685 2021 4746 D
2054 4714 2226 4767 deare
2258 4718 2479 4767 metum
2513 4712 2625 4766 mei
2658 4713 2966 4782 deponere.
3001 4712 3150 4774 Quin
3186 4717 3246 4767 tu
3280 4717 3437 4766 totus
3488 4714 3555 4765 ad
3612 4729 3703 4768 mc

296 4793 457 4847 libus
489 4791 764 4846 simultas
796 4796 945 4859 est,a
977 4807 1092 4861 qua
1124 4807 1237 4845 non
1273 4790 1522 4843 multum
1550 4790 1743 4845 ditlert
1764 4797 1949 4847 vestra

297 4899 531 4953 quoque
554 4882 987 4937 carnivcrarum
1013 4884 1068 4933 et
1089 4879 1389 4950 rapacium
1417 4878 1713 4933 volucrum
1750 4881 1805 4935 in
1842 4899 1947 4936 nos

294 4971 594 5038 violentia,
628 4987 755 5039 qua
786 4986 919 5025 cum
955 4973 1228 5022 naturam
1264 4968 1471 5023 habeat
1502 4972 1822 5034 auctorem,
1852 4970 1947 5024 vix

296 5069 419 5123 ulla
451 5085 711 5139 unquam
748 5068 993 5121 rationis
1026 5065 1425 5120 moderatione
1458 5066 1944 5137 mitigatur;ejus-

293 5160 426 5213 dem
462 5159 679 5228 quippe
711 5155 1065 5211 conditionis
1096 5160 1187 5209 est
1216 5172 1350 5209 cum
1384 5155 1646 5209 dissidiis
1684 5155 1943 5211 elemen-

289 5254 483 5302 torum
546 5263 786 5317 prorsus
845 5242 1321 5315 implacabilibus
1369 5247 1425 5297 et
1454 5243 1943 5313 desperatissima

286 5336 746 5408 paciﬁcationis;
782 5333 1018 5404 quando
1044 5332 1199 5386 enim
1254 5338 1625 5403 exspectetur
1674 5338 1737 5387 ut
1779 5351 1942 5404 aqua

285 5428 443 5481 bona
475 5426 585 5480 ﬁde
618 5441 748 5478 cum
787 5424 919 5493 igne
950 5421 1304 5477 conveniat?
1335 5421 1537 5477 Caleﬁt
1568 5421 1805 5491 quidem
1840 5439 1941 5494 ge-

286 5515 449 5569 lidus
482 5515 677 5581 liquor
708 5514 956 5567 flamma
985 5512 1037 5563 vi
1073 5512 1339 5575 admota,
1376 5510 1699 5581 ebullitque
1739 5529 1804 5565 ac
1856 5514 1941 5565 fu-

292 5610 436 5669 mat,
470 5605 570 5658 sed
606 5608 995 5672 praeterquam
1039 5600 1149 5654 sibi
1204 5601 1460 5667 relictus,
1517 5603 1773 5654 nativum
1828 5602 1943 5656 cito

288 5697 481 5768 frigus
505 5693 863 5762 recipit,tum
887 5690 1063 5744 etiam
1089 5706 1223 5743 cum
1252 5694 1426 5744 lervet
1451 5690 1721 5756 maxime,
1746 5690 1941 5761 ignem

292 5787 354 5841 in
379 5801 553 5858 quem
584 5781 855 5837 inciderit
884 5779 1515 5851 exstinguit.Quocirca
1545 5796 1745 5835 vereor
1773 5782 1941 5852 equi-

2057 4802 2300 4872 prodis?
2332 4806 2429 4856 aut
2463 4802 2602 4872 quid
2635 4801 2807 4855 times
2841 4804 2971 4871 post
2995 4805 3116 4855 tam
3160 4801 3418 4856 sinceras
3469 4820 3704 4871 expres-

2058 4891 2253 4945 siones
2286 4908 2426 4946 mea
2456 4890 2563 4945 tibi
2595 4890 2839 4945 addicta
2861 4890 3296 4945 voluntatis?Ad
3320 4908 3389 4945 ea
3419 4909 3550 4946 mus
3582 4892 3699 4947 hac

2055 4979 2319 5050 reposuit
2352 4996 2363 5033 :
2399 4978 2682 5033 Amicitia
2713 4977 2929 5049 duplex
2959 4994 3142 5049 genus
3176 4979 3233 5033 in
3264 4979 3379 5034 vita
3409 4984 3531 5048 est;
3562 4998 3699 5036 nam

2056 5068 2151 5122 alii
2184 5068 2391 5122 affectu
2427 5068 2634 5121 intimo
2668 5067 2850 5121 animi
2881 5083 2943 5121 se
2971 5066 3215 5121 invicem
3268 5068 3523 5139 amplexi
3570 5087 3702 5125 vere

2056 5162 2398 5227 amant,non
2430 5156 2609 5211 alium
2638 5162 2951 5227 sequentes
2984 5156 3201 5211 amoris
3231 5158 3487 5213 fructum
3522 5176 3701 5230 quam

2053 5246 2242 5316 ipsam
2277 5246 2488 5317 dignos
2516 5246 2753 5301 amandi
2792 5248 3195 5313 honestatem;
3247 5246 3499 5303 aliorum
3544 5267 3705 5320 qua-

2054 5335 2277 5390 stuosis
2326 5334 2629 5406 implicata
2677 5334 3004 5390 rationibus
3046 5338 3103 5390 et
3151 5337 3395 5393 minime
3448 5340 3706 5410 gratuita

2053 5424 2286 5479 dilectio
2354 5430 2461 5490 est,
2496 5424 2888 5496 spectantium
2951 5442 3067 5479 non
3129 5443 3411 5498 personas
3469 5429 3704 5483 dotesve

2054 5514 2340 5569 amabiles
2387 5513 2755 5579 dilectorum,
2807 5515 2907 5569 sed
2959 5531 3100 5585 opes
3144 5516 3412 5587 vicesque
3464 5521 3699 5573 mutuas

2053 5608 2422 5673 speratorum
2451 5619 2519 5656 ex
2548 5602 2693 5673 ipsis
2737 5602 3065 5658 ofﬁciorum
3116 5605 3187 5659 ad
3238 5605 3364 5658 vita
3414 5610 3698 5674 opportu-

2053 5694 2267 5748 nitates
2300 5694 2556 5747 utilium.
2586 5693 2700 5748 Hos
2731 5710 2836 5765 ego
2868 5711 3209 5766 comparare
3248 5696 3455 5749 vestris
3507 5695 3696 5750 hosti-

2050 5784 2163 5839 bus
2194 5784 2524 5854 aucupibus
2554 5784 2735 5851 seleo,
2770 5785 2911 5839 dum
2944 5802 3127 5857 grana
3157 5789 3463 5857 spargunt,
3497 5803 3692 5842 escam
