  <div class='ocr_page' id='page_1' title='image "/cluster/home/n/w/nwhite01/storage/ocr_20150623/143:no.1/coo.31924054870484/659.png"; bbox 0 0 4120 6390; ppageno 0'>
   <div class='ocr_carea' id='block_1_1' title="bbox 362 412 504 467">
    <p class='ocr_par' dir='ltr' id='par_1_1' title="bbox 362 412 504 467">
     <span class='ocr_line' id='line_1_1' title="bbox 362 412 504 467; baseline -0.014 0"><span class='ocrx_word' id='word_1_1' title='bbox 362 412 504 467; x_wconf 81' lang='grc'>1299</span> 
     </span>
    </p>
   </div>
   <div class='ocr_carea' id='block_1_2' title="bbox 1879 425 2268 477">
    <p class='ocr_par' dir='ltr' id='par_1_2' title="bbox 1879 425 2268 477">
     <span class='ocr_line' id='line_1_2' title="bbox 1879 425 2268 477; baseline 0.003 -1"><span class='ocrx_word' id='word_1_2' title='bbox 1879 425 2268 477; x_wconf 77' lang='lat' dir='ltr'>APPENDIX.</span> 
     </span>
    </p>
   </div>
   <div class='ocr_carea' id='block_1_3' title="bbox 3660 422 3801 480">
    <p class='ocr_par' dir='ltr' id='par_1_3' title="bbox 3660 422 3801 480">
     <span class='ocr_line' id='line_1_3' title="bbox 3660 422 3801 480; baseline -0.021 0"><span class='ocrx_word' id='word_1_3' title='bbox 3660 422 3801 480; x_wconf 87' lang='grc'>1300</span> 
     </span>
    </p>
   </div>
   <div class='ocr_carea' id='block_1_4' title="bbox 366 540 3805 619">
    <p class='ocr_par' dir='ltr' id='par_1_4' title="bbox 366 540 3805 619">
     <span class='ocr_line' id='line_1_4' title="bbox 366 540 3805 619; baseline 0.003 -24"><span class='ocrx_word' id='word_1_4' title='bbox 366 540 685 611; x_wconf 70' lang='lat' dir='ltr'>eXpetitam</span> <span class='ocrx_word' id='word_1_5' title='bbox 719 543 1135 616; x_wconf 86' lang='lat' dir='ltr'>avibus,1arga</span> <span class='ocrx_word' id='word_1_6' title='bbox 1166 561 1342 599; x_wconf 88' lang='lat' dir='ltr'>manu</span> <span class='ocrx_word' id='word_1_7' title='bbox 1376 546 1597 600; x_wconf 87' lang='lat' dir='ltr'>circum</span> <span class='ocrx_word' id='word_1_8' title='bbox 1632 547 2013 615; x_wconf 81' lang='lat' dir='ltr'>laqueos,non</span> <span class='ocrx_word' id='word_1_9' title='bbox 2050 551 2102 614; x_wconf 84' lang='grc' dir='ltr'><strong>Α</strong></span> <span class='ocrx_word' id='word_1_10' title='bbox 2134 548 2393 602; x_wconf 84' lang='lat' dir='ltr'>ofﬁcium</span> <span class='ocrx_word' id='word_1_11' title='bbox 2444 550 2625 605; x_wconf 89' lang='lat' dir='ltr'>moris</span> <span class='ocrx_word' id='word_1_12' title='bbox 2672 550 2730 604; x_wconf 91' lang='lat' dir='ltr'>in</span> <span class='ocrx_word' id='word_1_13' title='bbox 2780 550 3111 619; x_wconf 86' lang='lat' dir='ltr'>columbas,</span> <span class='ocrx_word' id='word_1_14' title='bbox 3158 553 3214 605; x_wconf 87' lang='lat' dir='ltr'>et</span> <span class='ocrx_word' id='word_1_15' title='bbox 3261 553 3621 605; x_wconf 80' lang='lat' dir='ltr'>contractam</span> <span class='ocrx_word' id='word_1_16' title='bbox 3667 566 3805 605; x_wconf 92' lang='lat' dir='ltr'>cum</span> 
     </span>
    </p>
   </div>
   <div class='ocr_carea' id='block_1_5' title="bbox 376 630 2029 706">
    <p class='ocr_par' dir='ltr' id='par_1_5' title="bbox 376 630 2029 706">
     <span class='ocr_line' id='line_1_5' title="bbox 376 630 2029 706; baseline 0.004 -23"><span class='ocrx_word' id='word_1_17' title='bbox 376 630 497 685; x_wconf 89' lang='lat' dir='ltr'>ulla</span> <span class='ocrx_word' id='word_1_18' title='bbox 527 631 879 689; x_wconf 87' lang='lat' dir='ltr'>liberalitate</span> <span class='ocrx_word' id='word_1_19' title='bbox 912 641 1011 689; x_wconf 90' lang='lat' dir='ltr'>aut</span> <span class='ocrx_word' id='word_1_20' title='bbox 1043 636 1452 690; x_wconf 79' lang='lat' dir='ltr'>benefaciendi</span> <span class='ocrx_word' id='word_1_21' title='bbox 1500 637 1719 706; x_wconf 89' lang='lat' dir='ltr'>studio,</span> <span class='ocrx_word' id='word_1_22' title='bbox 1753 637 1853 691; x_wconf 89' lang='lat' dir='ltr'>sed</span> <span class='ocrx_word' id='word_1_23' title='bbox 1905 652 2029 691; x_wconf 87' lang='lat' dir='ltr'>sor-</span> 
     </span>
    </p>
   </div>
   <div class='ocr_carea' id='block_1_6' title="bbox 378 719 2031 797">
    <p class='ocr_par' dir='ltr' id='par_1_6' title="bbox 378 719 2031 797">
     <span class='ocr_line' id='line_1_6' title="bbox 378 719 2031 797; baseline 0.005 -26"><span class='ocrx_word' id='word_1_24' title='bbox 378 719 512 773; x_wconf 86' lang='lat' dir='ltr'>dida</span> <span class='ocrx_word' id='word_1_25' title='bbox 547 720 810 777; x_wconf 84' lang='lat' dir='ltr'>instincti</span> <span class='ocrx_word' id='word_1_26' title='bbox 842 723 1168 793; x_wconf 82' lang='lat' dir='ltr'>cupiditate</span> <span class='ocrx_word' id='word_1_27' title='bbox 1201 724 1498 795; x_wconf 71' lang='lat' dir='ltr'>praedandi</span> <span class='ocrx_word' id='word_1_28' title='bbox 1530 742 1711 797; x_wconf 90' lang='lat' dir='ltr'>seque</span> <span class='ocrx_word' id='word_1_29' title='bbox 1742 727 1904 797; x_wconf 90' lang='lat' dir='ltr'>ipsos</span> <span class='ocrx_word' id='word_1_30' title='bbox 1936 742 2031 780; x_wconf 87' lang='lat' dir='ltr'>sa-</span> 
     </span>
    </p>
   </div>
   <div class='ocr_carea' id='block_1_7' title="bbox 380 809 2034 885">
    <p class='ocr_par' dir='ltr' id='par_1_7' title="bbox 380 809 2034 885">
     <span class='ocr_line' id='line_1_7' title="bbox 380 809 2034 885; baseline 0.005 -23"><span class='ocrx_word' id='word_1_31' title='bbox 380 809 623 880; x_wconf 88' lang='lat' dir='ltr'>ginandi</span> <span class='ocrx_word' id='word_1_32' title='bbox 656 812 933 865; x_wconf 70' lang='lat' dir='ltr'>carnibus</span> <span class='ocrx_word' id='word_1_33' title='bbox 965 813 1340 885; x_wconf 88' lang='lat' dir='ltr'>deceptarum</span> <span class='ocrx_word' id='word_1_34' title='bbox 1388 814 1749 870; x_wconf 84' lang='lat' dir='ltr'>illecebrosis</span> <span class='ocrx_word' id='word_1_35' title='bbox 1799 814 2034 871; x_wconf 89' lang='lat' dir='ltr'>insidiis</span> 
     </span>
    </p>
   </div>
   <div class='ocr_carea' id='block_1_8' title="bbox 382 900 2034 978">
    <p class='ocr_par' dir='ltr' id='par_1_8' title="bbox 382 900 2034 978">
     <span class='ocr_line' id='line_1_8' title="bbox 382 900 2034 978; baseline 0.004 -24"><span class='ocrx_word' id='word_1_36' title='bbox 382 900 925 958; x_wconf 88' lang='lat' dir='ltr'>volucrum.Procul</span> <span class='ocrx_word' id='word_1_37' title='bbox 957 906 1079 957; x_wconf 68' lang='lat' dir='ltr'>haec</span> <span class='ocrx_word' id='word_1_38' title='bbox 1108 922 1140 958; x_wconf 91' lang='lat' dir='ltr'>a</span> <span class='ocrx_word' id='word_1_39' title='bbox 1174 922 1302 960; x_wconf 91' lang='lat' dir='ltr'>meo</span> <span class='ocrx_word' id='word_1_40' title='bbox 1331 922 1439 960; x_wconf 90' lang='lat' dir='ltr'>usu</span> <span class='ocrx_word' id='word_1_41' title='bbox 1477 911 1534 961; x_wconf 90' lang='lat' dir='ltr'>et</span> <span class='ocrx_word' id='word_1_42' title='bbox 1563 907 1733 978; x_wconf 91' lang='lat' dir='ltr'>genio</span> <span class='ocrx_word' id='word_1_43' title='bbox 1766 905 2034 961; x_wconf 80' lang='lat' dir='ltr'>amicitiae</span> 
     </span>
    </p>
   </div>
   <div class='ocr_carea' id='block_1_9' title="bbox 385 990 2033 1067">
    <p class='ocr_par' dir='ltr' id='par_1_9' title="bbox 385 990 2033 1067">
     <span class='ocr_line' id='line_1_9' title="bbox 385 990 2033 1067; baseline 0.005 -23"><span class='ocrx_word' id='word_1_44' title='bbox 385 990 575 1045; x_wconf 87' lang='lat' dir='ltr'>forma</span> <span class='ocrx_word' id='word_1_45' title='bbox 604 996 712 1057; x_wconf 90' lang='lat' dir='ltr'>est,</span> <span class='ocrx_word' id='word_1_46' title='bbox 743 1009 919 1062; x_wconf 85' lang='lat' dir='ltr'>quam</span> <span class='ocrx_word' id='word_1_47' title='bbox 955 1010 1025 1048; x_wconf 89' lang='lat' dir='ltr'>ne</span> <span class='ocrx_word' id='word_1_48' title='bbox 1056 994 1159 1048; x_wconf 88' lang='lat' dir='ltr'>tibi</span> <span class='ocrx_word' id='word_1_49' title='bbox 1214 995 1452 1066; x_wconf 89' lang='lat' dir='ltr'>quidem</span> <span class='ocrx_word' id='word_1_50' title='bbox 1500 997 1733 1067; x_wconf 88' lang='lat' dir='ltr'>probari</span> <span class='ocrx_word' id='word_1_51' title='bbox 1785 998 2033 1053; x_wconf 91' lang='lat' dir='ltr'>conﬁdo.</span> 
     </span>
    </p>
   </div>
   <div class='ocr_carea' id='block_1_10' title="bbox 387 1076 2036 1151">
    <p class='ocr_par' dir='ltr' id='par_1_10' title="bbox 387 1076 2036 1151">
     <span class='ocr_line' id='line_1_10' title="bbox 387 1076 2036 1151; baseline 0.005 -19"><span class='ocrx_word' id='word_1_52' title='bbox 387 1076 672 1150; x_wconf 86' lang='lat' dir='ltr'>Equidem</span> <span class='ocrx_word' id='word_1_53' title='bbox 708 1082 852 1135; x_wconf 90' lang='lat' dir='ltr'>mihi</span> <span class='ocrx_word' id='word_1_54' title='bbox 885 1100 1017 1138; x_wconf 92' lang='lat' dir='ltr'>sum</span> <span class='ocrx_word' id='word_1_55' title='bbox 1050 1085 1343 1151; x_wconf 87' lang='lat' dir='ltr'>conscius,</span> <span class='ocrx_word' id='word_1_56' title='bbox 1378 1102 1568 1141; x_wconf 87' lang='lat' dir='ltr'>meam</span> <span class='ocrx_word' id='word_1_57' title='bbox 1601 1088 1659 1141; x_wconf 90' lang='lat' dir='ltr'>in</span> <span class='ocrx_word' id='word_1_58' title='bbox 1692 1093 1747 1141; x_wconf 90' lang='lat' dir='ltr'>te</span> <span class='ocrx_word' id='word_1_59' title='bbox 1780 1104 1898 1142; x_wconf 90' lang='lat' dir='ltr'>uno</span> <span class='ocrx_word' id='word_1_60' title='bbox 1944 1088 2036 1141; x_wconf 86' lang='lat' dir='ltr'>di-</span> 
     </span>
    </p>
   </div>
   <div class='ocr_carea' id='block_1_11' title="bbox 388 1170 2037 1247">
    <p class='ocr_par' dir='ltr' id='par_1_11' title="bbox 388 1170 2037 1247">
     <span class='ocr_line' id='line_1_11' title="bbox 388 1170 2037 1247; baseline 0.005 -24"><span class='ocrx_word' id='word_1_61' title='bbox 388 1170 694 1225; x_wconf 86' lang='lat' dir='ltr'>lectionem</span> <span class='ocrx_word' id='word_1_62' title='bbox 731 1172 1125 1243; x_wconf 86' lang='lat' dir='ltr'>acquiescere,</span> <span class='ocrx_word' id='word_1_63' title='bbox 1159 1191 1264 1230; x_wconf 92' lang='lat' dir='ltr'>nec</span> <span class='ocrx_word' id='word_1_64' title='bbox 1293 1175 1397 1230; x_wconf 91' lang='lat' dir='ltr'>ulli</span> <span class='ocrx_word' id='word_1_65' title='bbox 1435 1182 1710 1247; x_wconf 63' lang='lat' dir='ltr'>praeterea</span> <span class='ocrx_word' id='word_1_66' title='bbox 1738 1194 1805 1233; x_wconf 84' lang='lat' dir='ltr'>ex</span> <span class='ocrx_word' id='word_1_67' title='bbox 1839 1184 1895 1231; x_wconf 86' lang='lat' dir='ltr'>te</span> <span class='ocrx_word' id='word_1_68' title='bbox 1942 1194 2037 1232; x_wconf 82' lang='lat' dir='ltr'>ca-</span> 
     </span>
    </p>
   </div>
   <div class='ocr_carea' id='block_1_12' title="bbox 389 1259 2035 1335">
    <p class='ocr_par' dir='ltr' id='par_1_12' title="bbox 389 1259 2035 1335">
     <span class='ocr_line' id='line_1_12' title="bbox 389 1259 2035 1335; baseline 0.005 -23"><span class='ocrx_word' id='word_1_69' title='bbox 389 1259 607 1330; x_wconf 90' lang='lat' dir='ltr'>ptando</span> <span class='ocrx_word' id='word_1_70' title='bbox 667 1260 896 1316; x_wconf 87' lang='lat' dir='ltr'>inhiare</span> <span class='ocrx_word' id='word_1_71' title='bbox 947 1265 1292 1335; x_wconf 88' lang='lat' dir='ltr'>compendio</span> <span class='ocrx_word' id='word_1_72' title='bbox 1344 1272 1447 1320; x_wconf 87' lang='lat' dir='ltr'>aut</span> <span class='ocrx_word' id='word_1_73' title='bbox 1495 1268 1824 1322; x_wconf 88' lang='lat' dir='ltr'>commodo.</span> <span class='ocrx_word' id='word_1_74' title='bbox 1877 1267 2035 1330; x_wconf 86' lang='lat' dir='ltr'>Quod</span> 
     </span>
    </p>
   </div>
   <div class='ocr_carea' id='block_1_13' title="bbox 386 1352 2042 1424">
    <p class='ocr_par' dir='ltr' id='par_1_13' title="bbox 386 1352 2042 1424">
     <span class='ocr_line' id='line_1_13' title="bbox 386 1352 2042 1424; baseline 0.005 -23"><span class='ocrx_word' id='word_1_75' title='bbox 386 1352 583 1402; x_wconf 90' lang='lat' dir='ltr'>autem</span> <span class='ocrx_word' id='word_1_76' title='bbox 617 1352 879 1405; x_wconf 90' lang='lat' dir='ltr'>nondum</span> <span class='ocrx_word' id='word_1_77' title='bbox 913 1356 1073 1408; x_wconf 88' lang='lat' dir='ltr'>totus</span> <span class='ocrx_word' id='word_1_78' title='bbox 1106 1355 1465 1424; x_wconf 89' lang='lat' dir='ltr'>prodeo,non</span> <span class='ocrx_word' id='word_1_79' title='bbox 1503 1356 1659 1411; x_wconf 87' lang='lat' dir='ltr'>ullus</span> <span class='ocrx_word' id='word_1_80' title='bbox 1689 1374 1721 1410; x_wconf 91' lang='lat' dir='ltr'>a</span> <span class='ocrx_word' id='word_1_81' title='bbox 1750 1362 1805 1410; x_wconf 89' lang='lat' dir='ltr'>te</span> <span class='ocrx_word' id='word_1_82' title='bbox 1847 1361 2042 1411; x_wconf 87' lang='lat' dir='ltr'>metus</span> 
     </span>
    </p>
   </div>
   <div class='ocr_carea' id='block_1_14' title="bbox 384 1436 2041 1500">
    <p class='ocr_par' dir='ltr' id='par_1_14' title="bbox 384 1436 2041 1500">
     <span class='ocr_line' id='line_1_14' title="bbox 384 1436 2041 1500; baseline 0.004 -10"><span class='ocrx_word' id='word_1_83' title='bbox 384 1436 442 1491; x_wconf 89' lang='lat' dir='ltr'>in</span> <span class='ocrx_word' id='word_1_84' title='bbox 478 1455 658 1493; x_wconf 89' lang='lat' dir='ltr'>causa</span> <span class='ocrx_word' id='word_1_85' title='bbox 688 1444 810 1494; x_wconf 90' lang='lat' dir='ltr'>est:</span> <span class='ocrx_word' id='word_1_86' title='bbox 846 1441 990 1495; x_wconf 80' lang='lat' dir='ltr'>satis</span> <span class='ocrx_word' id='word_1_87' title='bbox 1023 1443 1251 1498; x_wconf 89' lang='lat' dir='ltr'>conﬁdo</span> <span class='ocrx_word' id='word_1_88' title='bbox 1281 1445 1476 1500; x_wconf 87' lang='lat' dir='ltr'>verbis</span> <span class='ocrx_word' id='word_1_89' title='bbox 1508 1446 1624 1499; x_wconf 88' lang='lat' dir='ltr'>tuis</span> <span class='ocrx_word' id='word_1_90' title='bbox 1676 1451 1739 1499; x_wconf 91' lang='lat' dir='ltr'>ut</span> <span class='ocrx_word' id='word_1_91' title='bbox 1791 1462 1883 1499; x_wconf 88' lang='lat' dir='ltr'>me</span> <span class='ocrx_word' id='word_1_92' title='bbox 1933 1444 2041 1498; x_wconf 88' lang='lat' dir='ltr'>tibi</span> 
     </span>
    </p>
   </div>
   <div class='ocr_carea' id='block_1_15' title="bbox 386 1528 2043 1590">
    <p class='ocr_par' dir='ltr' id='par_1_15' title="bbox 386 1528 2043 1590">
     <span class='ocr_line' id='line_1_15' title="bbox 386 1528 2043 1590; baseline 0.004 -8"><span class='ocrx_word' id='word_1_93' title='bbox 386 1528 623 1583; x_wconf 87' lang='lat' dir='ltr'>credere</span> <span class='ocrx_word' id='word_1_94' title='bbox 663 1547 775 1584; x_wconf 89' lang='lat' dir='ltr'>non</span> <span class='ocrx_word' id='word_1_95' title='bbox 823 1531 1091 1587; x_wconf 86' lang='lat' dir='ltr'>dubitem</span> <span class='ocrx_word' id='word_1_96' title='bbox 1124 1552 1137 1588; x_wconf 88' lang='lat'>:</span> <span class='ocrx_word' id='word_1_97' title='bbox 1172 1550 1372 1588; x_wconf 91' lang='lat' dir='ltr'>verum</span> <span class='ocrx_word' id='word_1_98' title='bbox 1422 1534 1521 1589; x_wconf 88' lang='lat' dir='ltr'>alii</span> <span class='ocrx_word' id='word_1_99' title='bbox 1571 1534 2043 1590; x_wconf 86' lang='lat' dir='ltr'>circumvolitant</span> 
     </span>
    </p>
   </div>
   <div class='ocr_carea' id='block_1_16' title="bbox 388 1618 2041 1697">
    <p class='ocr_par' dir='ltr' id='par_1_16' title="bbox 388 1618 2041 1697">
     <span class='ocr_line' id='line_1_16' title="bbox 388 1618 2041 1697; baseline 0.005 -26"><span class='ocrx_word' id='word_1_100' title='bbox 388 1618 473 1672; x_wconf 85' lang='lat' dir='ltr'>tui</span> <span class='ocrx_word' id='word_1_101' title='bbox 508 1618 794 1689; x_wconf 88' lang='lat' dir='ltr'>similes,a</span> <span class='ocrx_word' id='word_1_102' title='bbox 825 1637 1077 1692; x_wconf 90' lang='lat' dir='ltr'>quorum</span> <span class='ocrx_word' id='word_1_103' title='bbox 1110 1624 1167 1677; x_wconf 89' lang='lat' dir='ltr'>vi</span> <span class='ocrx_word' id='word_1_104' title='bbox 1201 1624 1365 1679; x_wconf 89' lang='lat' dir='ltr'>nulla</span> <span class='ocrx_word' id='word_1_105' title='bbox 1393 1624 1535 1678; x_wconf 89' lang='lat' dir='ltr'>mihi</span> <span class='ocrx_word' id='word_1_106' title='bbox 1560 1626 1751 1680; x_wconf 89' lang='lat' dir='ltr'>adhuc</span> <span class='ocrx_word' id='word_1_107' title='bbox 1772 1625 2041 1697; x_wconf 87' lang='lat' dir='ltr'>pactione</span> 
     </span>
    </p>
   </div>
   <div class='ocr_carea' id='block_1_17' title="bbox 391 1710 2042 1784">
    <p class='ocr_par' dir='ltr' id='par_1_17' title="bbox 391 1710 2042 1784">
     <span class='ocr_line' id='line_1_17' title="bbox 391 1710 2042 1784; baseline 0.005 -23"><span class='ocrx_word' id='word_1_108' title='bbox 391 1716 630 1763; x_wconf 87' lang='lat' dir='ltr'>cautum</span> <span class='ocrx_word' id='word_1_109' title='bbox 664 1714 772 1764; x_wconf 90' lang='lat' dir='ltr'>est.</span> <span class='ocrx_word' id='word_1_110' title='bbox 806 1710 1025 1767; x_wconf 87' lang='lat' dir='ltr'>Horum</span> <span class='ocrx_word' id='word_1_111' title='bbox 1060 1728 1287 1784; x_wconf 87' lang='lat' dir='ltr'>ungues</span> <span class='ocrx_word' id='word_1_112' title='bbox 1318 1720 1373 1768; x_wconf 88' lang='lat' dir='ltr'>et</span> <span class='ocrx_word' id='word_1_113' title='bbox 1404 1719 1596 1770; x_wconf 89' lang='lat' dir='ltr'>rostra</span> <span class='ocrx_word' id='word_1_114' title='bbox 1628 1732 1743 1770; x_wconf 90' lang='lat' dir='ltr'>non</span> <span class='ocrx_word' id='word_1_115' title='bbox 1776 1715 1903 1770; x_wconf 86' lang='lat' dir='ltr'>sine</span> <span class='ocrx_word' id='word_1_116' title='bbox 1950 1732 2042 1770; x_wconf 86' lang='lat' dir='ltr'>ra-</span> 
     </span>
    </p>
   </div>
   <div class='ocr_carea' id='block_1_18' title="bbox 392 1796 2042 1874">
    <p class='ocr_par' dir='ltr' id='par_1_18' title="bbox 392 1796 2042 1874">
     <span class='ocr_line' id='line_1_18' title="bbox 392 1796 2042 1874; baseline 0.005 -23"><span class='ocrx_word' id='word_1_117' title='bbox 392 1796 548 1851; x_wconf 89' lang='lat' dir='ltr'>tione</span> <span class='ocrx_word' id='word_1_118' title='bbox 580 1798 865 1853; x_wconf 86' lang='lat' dir='ltr'>metuenti</span> <span class='ocrx_word' id='word_1_119' title='bbox 895 1799 1197 1871; x_wconf 88' lang='lat' dir='ltr'>ignoscere</span> <span class='ocrx_word' id='word_1_120' title='bbox 1229 1806 1282 1857; x_wconf 88' lang='lat' dir='ltr'>te</span> <span class='ocrx_word' id='word_1_121' title='bbox 1312 1803 1459 1858; x_wconf 87' lang='lat' dir='ltr'>mihi</span> <span class='ocrx_word' id='word_1_122' title='bbox 1490 1819 1723 1874; x_wconf 69' lang='lat' dir='ltr'>aequum</span> <span class='ocrx_word' id='word_1_123' title='bbox 1755 1808 1876 1872; x_wconf 88' lang='lat' dir='ltr'>est;</span> <span class='ocrx_word' id='word_1_124' title='bbox 1927 1820 2042 1859; x_wconf 88' lang='lat' dir='ltr'>non</span> 
     </span>
    </p>
   </div>
   <div class='ocr_carea' id='block_1_19' title="bbox 392 1886 2041 1963">
    <p class='ocr_par' dir='ltr' id='par_1_19' title="bbox 392 1886 2041 1963">
     <span class='ocr_line' id='line_1_19' title="bbox 392 1886 2041 1963; baseline 0.005 -23"><span class='ocrx_word' id='word_1_125' title='bbox 392 1886 549 1940; x_wconf 90' lang='lat' dir='ltr'>enim</span> <span class='ocrx_word' id='word_1_126' title='bbox 584 1886 759 1942; x_wconf 89' lang='lat' dir='ltr'>iidem</span> <span class='ocrx_word' id='word_1_127' title='bbox 794 1889 1056 1944; x_wconf 89' lang='lat' dir='ltr'>omnium</span> <span class='ocrx_word' id='word_1_128' title='bbox 1093 1908 1284 1947; x_wconf 89' lang='lat' dir='ltr'>mores</span> <span class='ocrx_word' id='word_1_129' title='bbox 1315 1908 1382 1947; x_wconf 88' lang='lat' dir='ltr'>ac</span> <span class='ocrx_word' id='word_1_130' title='bbox 1425 1909 1637 1949; x_wconf 86' lang='lat' dir='ltr'>sensus</span> <span class='ocrx_word' id='word_1_131' title='bbox 1684 1898 1845 1960; x_wconf 88' lang='lat' dir='ltr'>sunt,</span> <span class='ocrx_word' id='word_1_132' title='bbox 1894 1910 2041 1963; x_wconf 88' lang='lat' dir='ltr'>quos</span> 
     </span>
    </p>
   </div>
   <div class='ocr_carea' id='block_1_20' title="bbox 390 1977 2038 2054">
    <p class='ocr_par' dir='ltr' id='par_1_20' title="bbox 390 1977 2038 2054">
     <span class='ocr_line' id='line_1_20' title="bbox 390 1977 2038 2054; baseline 0.005 -23"><span class='ocrx_word' id='word_1_133' title='bbox 390 1981 613 2032; x_wconf 75' lang='lat' dir='ltr'>naturae</span> <span class='ocrx_word' id='word_1_134' title='bbox 644 1977 856 2034; x_wconf 88' lang='lat' dir='ltr'>similis</span> <span class='ocrx_word' id='word_1_135' title='bbox 880 1980 1081 2053; x_wconf 83' lang='lat' dir='ltr'>jungit</span> <span class='ocrx_word' id='word_1_136' title='bbox 1106 1983 1464 2038; x_wconf 86' lang='lat' dir='ltr'>communio.</span> <span class='ocrx_word' id='word_1_137' title='bbox 1506 1983 1707 2054; x_wconf 87' lang='lat' dir='ltr'>Neque</span> <span class='ocrx_word' id='word_1_138' title='bbox 1755 1984 1864 2039; x_wconf 91' lang='lat' dir='ltr'>hoc</span> <span class='ocrx_word' id='word_1_139' title='bbox 1919 1986 2038 2039; x_wconf 90' lang='lat' dir='ltr'>for-</span> 
     </span>
    </p>
   </div>
   <div class='ocr_carea' id='block_1_21' title="bbox 390 2067 2039 2137">
    <p class='ocr_par' dir='ltr' id='par_1_21' title="bbox 390 2067 2039 2137">
     <span class='ocr_line' id='line_1_21' title="bbox 390 2067 2039 2137; baseline 0.005 -18"><span class='ocrx_word' id='word_1_140' title='bbox 390 2067 601 2134; x_wconf 88' lang='lat' dir='ltr'>mides,</span> <span class='ocrx_word' id='word_1_141' title='bbox 634 2068 717 2123; x_wconf 87' lang='lat' dir='ltr'>ait</span> <span class='ocrx_word' id='word_1_142' title='bbox 745 2085 978 2137; x_wconf 87' lang='lat' dir='ltr'>corvus,</span> <span class='ocrx_word' id='word_1_143' title='bbox 1031 2088 1167 2126; x_wconf 90' lang='lat' dir='ltr'>nam</span> <span class='ocrx_word' id='word_1_144' title='bbox 1217 2072 1407 2128; x_wconf 59' lang='lat' dir='ltr'>foedus</span> <span class='ocrx_word' id='word_1_145' title='bbox 1450 2074 1722 2128; x_wconf 84' lang='lat' dir='ltr'>ineuntes</span> <span class='ocrx_word' id='word_1_146' title='bbox 1766 2074 2039 2129; x_wconf 64' lang='lat' dir='ltr'>amicitias</span> 
     </span>
    </p>
   </div>
   <div class='ocr_carea' id='block_1_22' title="bbox 388 2157 2041 2233">
    <p class='ocr_par' dir='ltr' id='par_1_22' title="bbox 388 2157 2041 2233">
     <span class='ocr_line' id='line_1_22' title="bbox 388 2157 2041 2233; baseline 0.004 -23"><span class='ocrx_word' id='word_1_147' title='bbox 388 2174 492 2227; x_wconf 87' lang='lat' dir='ltr'>pro</span> <span class='ocrx_word' id='word_1_148' title='bbox 542 2173 601 2212; x_wconf 90' lang='lat' dir='ltr'>se</span> <span class='ocrx_word' id='word_1_149' title='bbox 652 2157 893 2229; x_wconf 89' lang='lat' dir='ltr'>suisque</span> <span class='ocrx_word' id='word_1_150' title='bbox 926 2160 1339 2230; x_wconf 86' lang='lat' dir='ltr'>paciscuntur;</span> <span class='ocrx_word' id='word_1_151' title='bbox 1374 2162 1681 2233; x_wconf 89' lang='lat' dir='ltr'>primaque</span> <span class='ocrx_word' id='word_1_152' title='bbox 1714 2179 1858 2218; x_wconf 64' lang='lat' dir='ltr'>vera</span> <span class='ocrx_word' id='word_1_153' title='bbox 1894 2164 2041 2218; x_wconf 88' lang='lat' dir='ltr'>ami-</span> 
     </span>
    </p>
   </div>
   <div class='ocr_carea' id='block_1_23' title="bbox 388 2246 2043 2325">
    <p class='ocr_par' dir='ltr' id='par_1_23' title="bbox 388 2246 2043 2325">
     <span class='ocr_line' id='line_1_23' title="bbox 388 2246 2043 2325; baseline 0.006 -26"><span class='ocrx_word' id='word_1_154' title='bbox 388 2246 537 2300; x_wconf 69' lang='lat' dir='ltr'>citiae</span> <span class='ocrx_word' id='word_1_155' title='bbox 560 2246 647 2301; x_wconf 85' lang='lat' dir='ltr'>lex</span> <span class='ocrx_word' id='word_1_156' title='bbox 666 2253 754 2303; x_wconf 91' lang='lat' dir='ltr'>est</span> <span class='ocrx_word' id='word_1_157' title='bbox 771 2248 992 2305; x_wconf 90' lang='lat' dir='ltr'>amicos</span> <span class='ocrx_word' id='word_1_158' title='bbox 1012 2266 1208 2306; x_wconf 87' lang='lat' dir='ltr'>amare</span> <span class='ocrx_word' id='word_1_159' title='bbox 1230 2253 1559 2307; x_wconf 86' lang='lat' dir='ltr'>amicorum</span> <span class='ocrx_word' id='word_1_160' title='bbox 1583 2256 2043 2325; x_wconf 89' lang='lat' dir='ltr'>eorumdemque</span> 
     </span>
    </p>
   </div>
   <div class='ocr_carea' id='block_1_24' title="bbox 388 2334 2040 2415">
    <p class='ocr_par' dir='ltr' id='par_1_24' title="bbox 388 2334 2040 2415">
     <span class='ocr_line' id='line_1_24' title="bbox 388 2334 2040 2415; baseline 0.007 -28"><span class='ocrx_word' id='word_1_161' title='bbox 388 2334 589 2389; x_wconf 77' lang='lat' dir='ltr'>hostes</span> <span class='ocrx_word' id='word_1_162' title='bbox 622 2337 754 2391; x_wconf 88' lang='lat' dir='ltr'>odio</span> <span class='ocrx_word' id='word_1_163' title='bbox 786 2343 1081 2409; x_wconf 88' lang='lat' dir='ltr'>prosequi.</span> <span class='ocrx_word' id='word_1_164' title='bbox 1119 2341 1366 2396; x_wconf 86' lang='lat' dir='ltr'>Dabitur</span> <span class='ocrx_word' id='word_1_165' title='bbox 1392 2343 1598 2398; x_wconf 84' lang='lat' dir='ltr'>elficax</span> <span class='ocrx_word' id='word_1_166' title='bbox 1629 2362 1662 2398; x_wconf 90' lang='lat' dir='ltr'>a</span> <span class='ocrx_word' id='word_1_167' title='bbox 1703 2361 1793 2399; x_wconf 89' lang='lat' dir='ltr'>me</span> <span class='ocrx_word' id='word_1_168' title='bbox 1842 2361 2040 2415; x_wconf 87' lang='lat' dir='ltr'>opera,</span> 
     </span>
    </p>
   </div>
   <div class='ocr_carea' id='block_1_25' title="bbox 394 2425 2046 2502">
    <p class='ocr_par' dir='ltr' id='par_1_25' title="bbox 394 2425 2046 2502">
     <span class='ocr_line' id='line_1_25' title="bbox 394 2425 2046 2502; baseline 0.007 -26"><span class='ocrx_word' id='word_1_169' title='bbox 394 2442 466 2477; x_wconf 89' lang='lat' dir='ltr'>ne</span> <span class='ocrx_word' id='word_1_170' title='bbox 515 2425 769 2495; x_wconf 85' lang='lat' dir='ltr'>dubites,</span> <span class='ocrx_word' id='word_1_171' title='bbox 823 2444 935 2481; x_wconf 92' lang='lat' dir='ltr'>non</span> <span class='ocrx_word' id='word_1_172' title='bbox 996 2430 1165 2484; x_wconf 87' lang='lat' dir='ltr'>modo</span> <span class='ocrx_word' id='word_1_173' title='bbox 1218 2437 1281 2485; x_wconf 92' lang='lat' dir='ltr'>ut</span> <span class='ocrx_word' id='word_1_174' title='bbox 1333 2449 1402 2486; x_wconf 92' lang='lat' dir='ltr'>ne</span> <span class='ocrx_word' id='word_1_175' title='bbox 1451 2432 1589 2502; x_wconf 91' lang='lat' dir='ltr'>quid</span> <span class='ocrx_word' id='word_1_176' title='bbox 1640 2433 1747 2486; x_wconf 86' lang='lat' dir='ltr'>tibi</span> <span class='ocrx_word' id='word_1_177' title='bbox 1800 2439 2046 2489; x_wconf 85' lang='lat' dir='ltr'>noceant</span> 
     </span>
    </p>
   </div>
   <div class='ocr_carea' id='block_1_26' title="bbox 396 2514 2043 2589">
    <p class='ocr_par' dir='ltr' id='par_1_26' title="bbox 396 2514 2043 2589">
     <span class='ocr_line' id='line_1_26' title="bbox 396 2514 2043 2589; baseline 0.007 -22"><span class='ocrx_word' id='word_1_178' title='bbox 396 2514 607 2569; x_wconf 81' lang='lat' dir='ltr'>fratres</span> <span class='ocrx_word' id='word_1_179' title='bbox 638 2517 1071 2589; x_wconf 87' lang='lat' dir='ltr'>necessariique</span> <span class='ocrx_word' id='word_1_180' title='bbox 1103 2520 1239 2587; x_wconf 90' lang='lat' dir='ltr'>mei,</span> <span class='ocrx_word' id='word_1_181' title='bbox 1273 2538 1473 2576; x_wconf 85' lang='lat' dir='ltr'>verum</span> <span class='ocrx_word' id='word_1_182' title='bbox 1507 2523 1683 2577; x_wconf 88' lang='lat' dir='ltr'>etiam</span> <span class='ocrx_word' id='word_1_183' title='bbox 1717 2530 1780 2577; x_wconf 90' lang='lat' dir='ltr'>ut</span> <span class='ocrx_word' id='word_1_184' title='bbox 1828 2529 1883 2578; x_wconf 91' lang='lat' dir='ltr'>te</span> <span class='ocrx_word' id='word_1_185' title='bbox 1929 2541 2043 2577; x_wconf 91' lang='lat' dir='ltr'>non</span> 
     </span>
    </p>
   </div>
   <div class='ocr_carea' id='block_1_27' title="bbox 402 2605 2046 2683">
    <p class='ocr_par' dir='ltr' id='par_1_27' title="bbox 402 2605 2046 2683">
     <span class='ocr_line' id='line_1_27' title="bbox 402 2605 2046 2683; baseline 0.006 -26"><span class='ocrx_word' id='word_1_186' title='bbox 402 2605 601 2659; x_wconf 89' lang='lat' dir='ltr'>minus</span> <span class='ocrx_word' id='word_1_187' title='bbox 650 2622 829 2675; x_wconf 90' lang='lat' dir='ltr'>quam</span> <span class='ocrx_word' id='word_1_188' title='bbox 880 2624 986 2679; x_wconf 90' lang='lat' dir='ltr'>ego</span> <span class='ocrx_word' id='word_1_189' title='bbox 1036 2626 1104 2664; x_wconf 85' lang='lat' dir='ltr'>ex</span> <span class='ocrx_word' id='word_1_190' title='bbox 1154 2611 1351 2665; x_wconf 88' lang='lat' dir='ltr'>animo</span> <span class='ocrx_word' id='word_1_191' title='bbox 1382 2610 1633 2683; x_wconf 85' lang='lat' dir='ltr'>diligant</span> <span class='ocrx_word' id='word_1_192' title='bbox 1665 2630 1728 2667; x_wconf 82' lang='lat' dir='ltr'>ac</span> <span class='ocrx_word' id='word_1_193' title='bbox 1758 2630 1862 2683; x_wconf 91' lang='lat' dir='ltr'>pro</span> <span class='ocrx_word' id='word_1_194' title='bbox 1892 2612 2046 2667; x_wconf 89' lang='lat' dir='ltr'>virili</span> 
     </span>
    </p>
   </div>
   <div class='ocr_carea' id='block_1_28' title="bbox 393 2694 2048 2774">
    <p class='ocr_par' dir='ltr' id='par_1_28' title="bbox 393 2694 2048 2774">
     <span class='ocr_line' id='line_1_28' title="bbox 393 2694 2048 2774; baseline 0.007 -29"><span class='ocrx_word' id='word_1_195' title='bbox 393 2695 616 2762; x_wconf 85' lang='lat' dir='ltr'>juvent.</span> <span class='ocrx_word' id='word_1_196' title='bbox 679 2694 779 2749; x_wconf 87' lang='lat' dir='ltr'>His</span> <span class='ocrx_word' id='word_1_197' title='bbox 833 2697 1085 2769; x_wconf 91' lang='lat' dir='ltr'>denique</span> <span class='ocrx_word' id='word_1_198' title='bbox 1144 2700 1362 2755; x_wconf 84' lang='lat' dir='ltr'>auditis</span> <span class='ocrx_word' id='word_1_199' title='bbox 1410 2718 1590 2755; x_wconf 90' lang='lat' dir='ltr'>ausus</span> <span class='ocrx_word' id='word_1_200' title='bbox 1639 2704 1835 2774; x_wconf 84' lang='lat' dir='ltr'>egredi</span> <span class='ocrx_word' id='word_1_201' title='bbox 1892 2720 2048 2769; x_wconf 89' lang='lat' dir='ltr'>mus,</span> 
     </span>
    </p>
   </div>
   <div class='ocr_carea' id='block_1_29' title="bbox 402 2782 2049 2859">
    <p class='ocr_par' dir='ltr' id='par_1_29' title="bbox 402 2782 2049 2859">
     <span class='ocr_line' id='line_1_29' title="bbox 402 2782 2049 2859; baseline 0.007 -22"><span class='ocrx_word' id='word_1_202' title='bbox 402 2782 664 2838; x_wconf 89' lang='lat' dir='ltr'>solemne</span> <span class='ocrx_word' id='word_1_203' title='bbox 695 2782 963 2840; x_wconf 65' lang='lat' dir='ltr'>amicitiae</span> <span class='ocrx_word' id='word_1_204' title='bbox 999 2786 1432 2845; x_wconf 88' lang='lat' dir='ltr'>sacramentum</span> <span class='ocrx_word' id='word_1_205' title='bbox 1467 2808 1635 2845; x_wconf 85' lang='lat' dir='ltr'>corvo</span> <span class='ocrx_word' id='word_1_206' title='bbox 1675 2792 1839 2859; x_wconf 85' lang='lat' dir='ltr'>dixit,</span> <span class='ocrx_word' id='word_1_207' title='bbox 1872 2792 2049 2847; x_wconf 88' lang='lat' dir='ltr'>vicis-</span> 
     </span>
    </p>
   </div>
   <div class='ocr_carea' id='block_1_30' title="bbox 402 2874 2048 2946">
    <p class='ocr_par' dir='ltr' id='par_1_30' title="bbox 402 2874 2048 2946">
     <span class='ocr_line' id='line_1_30' title="bbox 402 2874 2048 2946; baseline 0.005 -18"><span class='ocrx_word' id='word_1_208' title='bbox 402 2874 635 2945; x_wconf 89' lang='lat' dir='ltr'>simque</span> <span class='ocrx_word' id='word_1_209' title='bbox 667 2876 893 2946; x_wconf 88' lang='lat' dir='ltr'>accepit</span> <span class='ocrx_word' id='word_1_210' title='bbox 921 2883 1150 2932; x_wconf 64' lang='lat' dir='ltr'>aeternae</span> <span class='ocrx_word' id='word_1_211' title='bbox 1185 2879 1598 2935; x_wconf 67' lang='lat' dir='ltr'>benevolentiae</span> <span class='ocrx_word' id='word_1_212' title='bbox 1630 2882 1926 2936; x_wconf 84' lang='lat' dir='ltr'>ﬁrmatum</span> <span class='ocrx_word' id='word_1_213' title='bbox 1977 2884 2048 2937; x_wconf 88' lang='lat' dir='ltr'>ab</span> 
     </span>
    </p>
   </div>
   <div class='ocr_carea' id='block_1_31' title="bbox 397 2965 1066 3033">
    <p class='ocr_par' dir='ltr' id='par_1_31' title="bbox 397 2965 1066 3033">
     <span class='ocr_line' id='line_1_31' title="bbox 397 2965 1066 3033; baseline 0.007 -17"><span class='ocrx_word' id='word_1_214' title='bbox 397 2978 485 3033; x_wconf 90' lang='lat' dir='ltr'>eo,</span> <span class='ocrx_word' id='word_1_215' title='bbox 521 2967 632 3017; x_wconf 90' lang='lat' dir='ltr'>Deo</span> <span class='ocrx_word' id='word_1_216' title='bbox 664 2966 838 3031; x_wconf 86' lang='lat' dir='ltr'>teste,</span> <span class='ocrx_word' id='word_1_217' title='bbox 870 2965 1066 3021; x_wconf 88' lang='lat' dir='ltr'>ﬁdem.</span> 
     </span>
    </p>
   </div>
   <div class='ocr_carea' id='block_1_32' title="bbox 472 3086 2052 3151">
    <p class='ocr_par' dir='ltr' id='par_1_32' title="bbox 472 3086 2052 3151">
     <span class='ocr_line' id='line_1_32' title="bbox 472 3086 2052 3151; baseline 0.006 -11"><span class='ocrx_word' id='word_1_218' title='bbox 472 3086 564 3144; x_wconf 88' lang='lat' dir='ltr'>VI.</span> <span class='ocrx_word' id='word_1_219' title='bbox 599 3088 741 3143; x_wconf 88' lang='lat' dir='ltr'>Inde</span> <span class='ocrx_word' id='word_1_220' title='bbox 772 3089 829 3143; x_wconf 88' lang='lat' dir='ltr'>in</span> <span class='ocrx_word' id='word_1_221' title='bbox 864 3090 1264 3148; x_wconf 82' lang='lat' dir='ltr'>familiaritate</span> <span class='ocrx_word' id='word_1_222' title='bbox 1296 3094 1565 3148; x_wconf 67' lang='lat' dir='ltr'>fraternae</span> <span class='ocrx_word' id='word_1_223' title='bbox 1597 3095 2052 3151; x_wconf 86' lang='lat' dir='ltr'>necessitudinis</span> 
     </span>
    </p>
   </div>
   <div class='ocr_carea' id='block_1_33' title="bbox 405 3178 2051 3252">
    <p class='ocr_par' dir='ltr' id='par_1_33' title="bbox 405 3178 2051 3252">
     <span class='ocr_line' id='line_1_33' title="bbox 405 3178 2051 3252; baseline 0.007 -22"><span class='ocrx_word' id='word_1_224' title='bbox 405 3192 541 3231; x_wconf 91' lang='lat' dir='ltr'>cum</span> <span class='ocrx_word' id='word_1_225' title='bbox 600 3178 876 3247; x_wconf 88' lang='lat' dir='ltr'>viverent,</span> <span class='ocrx_word' id='word_1_226' title='bbox 928 3182 1184 3252; x_wconf 88' lang='lat' dir='ltr'>quadam</span> <span class='ocrx_word' id='word_1_227' title='bbox 1235 3183 1330 3238; x_wconf 91' lang='lat' dir='ltr'>die</span> <span class='ocrx_word' id='word_1_228' title='bbox 1381 3200 1590 3240; x_wconf 81' lang='lat' dir='ltr'>corvus</span> <span class='ocrx_word' id='word_1_229' title='bbox 1638 3186 1793 3240; x_wconf 84' lang='lat' dir='ltr'>muri</span> <span class='ocrx_word' id='word_1_230' title='bbox 1844 3186 1990 3241; x_wconf 79' lang='lat' dir='ltr'>dixit</span> <span class='ocrx_word' id='word_1_231' title='bbox 2037 3204 2051 3243; x_wconf 86' lang='lat'><strong>:</strong></span> 
     </span>
    </p>
   </div>
   <div class='ocr_carea' id='block_1_34' title="bbox 404 3269 2124 3368">
    <p class='ocr_par' dir='ltr' id='par_1_34' title="bbox 404 3269 2124 3368">
     <span class='ocr_line' id='line_1_34' title="bbox 404 3269 2124 3368; baseline 0.006 -45"><span class='ocrx_word' id='word_1_232' title='bbox 404 3269 581 3324; x_wconf 87' lang='lat' dir='ltr'>Video</span> <span class='ocrx_word' id='word_1_233' title='bbox 618 3286 823 3326; x_wconf 91' lang='lat' dir='ltr'>cavum</span> <span class='ocrx_word' id='word_1_234' title='bbox 858 3272 965 3327; x_wconf 90' lang='lat' dir='ltr'>hoc</span> <span class='ocrx_word' id='word_1_235' title='bbox 995 3280 1165 3329; x_wconf 88' lang='lat' dir='ltr'>tuum</span> <span class='ocrx_word' id='word_1_236' title='bbox 1198 3275 1301 3329; x_wconf 71' lang='lat' dir='ltr'>visa</span> <span class='ocrx_word' id='word_1_237' title='bbox 1333 3275 1573 3331; x_wconf 86' lang='lat' dir='ltr'>militari</span> <span class='ocrx_word' id='word_1_238' title='bbox 1606 3278 1961 3347; x_wconf 82' lang='lat' dir='ltr'>proximum,</span> <span class='ocrx_word' id='word_1_239' title='bbox 1993 3284 2051 3333; x_wconf 88' lang='lat' dir='ltr'>et</span> <span class='ocrx_word' id='word_1_240' title='bbox 2082 3303 2124 3368; x_wconf 67' lang='grc' dir='ltr'>α</span> 
     </span>
    </p>
   </div>
   <div class='ocr_carea' id='block_1_35' title="bbox 402 3360 2049 3438">
    <p class='ocr_par' dir='ltr' id='par_1_35' title="bbox 402 3360 2049 3438">
     <span class='ocr_line' id='line_1_35' title="bbox 402 3360 2049 3438; baseline 0.004 -24"><span class='ocrx_word' id='word_1_241' title='bbox 402 3376 600 3415; x_wconf 88' lang='lat' dir='ltr'>vereor</span> <span class='ocrx_word' id='word_1_242' title='bbox 622 3376 694 3415; x_wconf 91' lang='lat' dir='ltr'>ne</span> <span class='ocrx_word' id='word_1_243' title='bbox 717 3360 1083 3433; x_wconf 82' lang='lat' dir='ltr'>frequentem</span> <span class='ocrx_word' id='word_1_244' title='bbox 1112 3380 1305 3420; x_wconf 86' lang='lat' dir='ltr'>meum</span> <span class='ocrx_word' id='word_1_245' title='bbox 1334 3362 1447 3420; x_wconf 88' lang='lat' dir='ltr'>huc</span> <span class='ocrx_word' id='word_1_246' title='bbox 1471 3365 1789 3437; x_wconf 77' lang='lat' dir='ltr'>appulsam</span> <span class='ocrx_word' id='word_1_247' title='bbox 1814 3367 2049 3438; x_wconf 88' lang='lat' dir='ltr'>conspi-</span> 
     </span>
    </p>
   </div>
   <div class='ocr_carea' id='block_1_36' title="bbox 404 3450 2058 3526">
    <p class='ocr_par' dir='ltr' id='par_1_36' title="bbox 404 3450 2058 3526">
     <span class='ocr_line' id='line_1_36' title="bbox 404 3450 2058 3526; baseline 0.002 -21"><span class='ocrx_word' id='word_1_248' title='bbox 404 3450 517 3505; x_wconf 89' lang='lat' dir='ltr'>cati</span> <span class='ocrx_word' id='word_1_249' title='bbox 548 3450 816 3516; x_wconf 82' lang='lat' dir='ltr'>vialores,</span> <span class='ocrx_word' id='word_1_250' title='bbox 852 3453 1157 3508; x_wconf 87' lang='lat' dir='ltr'>advertant</span> <span class='ocrx_word' id='word_1_251' title='bbox 1198 3454 1463 3509; x_wconf 90' lang='lat' dir='ltr'>animum</span> <span class='ocrx_word' id='word_1_252' title='bbox 1516 3456 1587 3509; x_wconf 85' lang='lat' dir='ltr'>ad</span> <span class='ocrx_word' id='word_1_253' title='bbox 1635 3456 2058 3526; x_wconf 83' lang='lat' dir='ltr'>explorandum</span> 
     </span>
    </p>
   </div>
   <div class='ocr_carea' id='block_1_37' title="bbox 410 3541 2061 3612">
    <p class='ocr_par' dir='ltr' id='par_1_37' title="bbox 410 3541 2061 3612">
     <span class='ocr_line' id='line_1_37' title="bbox 410 3541 2061 3612; baseline 0.004 -19"><span class='ocrx_word' id='word_1_254' title='bbox 410 3555 693 3609; x_wconf 87' lang='lat' dir='ltr'>quorsum</span> <span class='ocrx_word' id='word_1_255' title='bbox 738 3541 895 3596; x_wconf 89' lang='lat' dir='ltr'>hunc</span> <span class='ocrx_word' id='word_1_256' title='bbox 948 3541 1007 3596; x_wconf 89' lang='lat' dir='ltr'>in</span> <span class='ocrx_word' id='word_1_257' title='bbox 1066 3541 1259 3598; x_wconf 90' lang='lat' dir='ltr'>locum</span> <span class='ocrx_word' id='word_1_258' title='bbox 1319 3548 1441 3599; x_wconf 87' lang='lat' dir='ltr'>tam</span> <span class='ocrx_word' id='word_1_259' title='bbox 1500 3545 1701 3599; x_wconf 87' lang='lat' dir='ltr'>crebro</span> <span class='ocrx_word' id='word_1_260' title='bbox 1757 3545 2061 3612; x_wconf 89' lang='lat' dir='ltr'>ventitem,</span> 
     </span>
    </p>
   </div>
   <div class='ocr_carea' id='block_1_38' title="bbox 414 3628 2062 3704">
    <p class='ocr_par' dir='ltr' id='par_1_38' title="bbox 414 3628 2062 3704">
     <span class='ocr_line' id='line_1_38' title="bbox 414 3628 2062 3704; baseline 0.004 -22"><span class='ocrx_word' id='word_1_261' title='bbox 414 3628 611 3698; x_wconf 88' lang='lat' dir='ltr'>sicque</span> <span class='ocrx_word' id='word_1_262' title='bbox 640 3645 773 3683; x_wconf 91' lang='lat' dir='ltr'>cum</span> <span class='ocrx_word' id='word_1_263' title='bbox 803 3631 1020 3685; x_wconf 88' lang='lat' dir='ltr'>damno</span> <span class='ocrx_word' id='word_1_264' title='bbox 1052 3636 1154 3685; x_wconf 90' lang='lat' dir='ltr'>tuo</span> <span class='ocrx_word' id='word_1_265' title='bbox 1204 3632 1262 3686; x_wconf 93' lang='lat' dir='ltr'>in</span> <span class='ocrx_word' id='word_1_266' title='bbox 1314 3630 1585 3687; x_wconf 86' lang='lat' dir='ltr'>notitiam</span> <span class='ocrx_word' id='word_1_267' title='bbox 1636 3632 1875 3687; x_wconf 82' lang='lat' dir='ltr'>veniant</span> <span class='ocrx_word' id='word_1_268' title='bbox 1901 3634 2062 3704; x_wconf 72' lang='lat' dir='ltr'>:late-</span> 
     </span>
    </p>
   </div>
   <div class='ocr_carea' id='block_1_39' title="bbox 417 3720 2066 3796">
    <p class='ocr_par' dir='ltr' id='par_1_39' title="bbox 417 3720 2066 3796">
     <span class='ocr_line' id='line_1_39' title="bbox 417 3720 2066 3796; baseline 0.004 -23"><span class='ocrx_word' id='word_1_269' title='bbox 417 3720 656 3773; x_wconf 88' lang='lat' dir='ltr'>brarum</span> <span class='ocrx_word' id='word_1_270' title='bbox 698 3725 956 3775; x_wconf 89' lang='lat' dir='ltr'>tuarum.</span> <span class='ocrx_word' id='word_1_271' title='bbox 1007 3721 1147 3776; x_wconf 90' lang='lat' dir='ltr'>Novi</span> <span class='ocrx_word' id='word_1_272' title='bbox 1196 3726 1393 3777; x_wconf 89' lang='lat' dir='ltr'>autem</span> <span class='ocrx_word' id='word_1_273' title='bbox 1447 3724 1762 3779; x_wconf 89' lang='lat' dir='ltr'>stationem</span> <span class='ocrx_word' id='word_1_274' title='bbox 1811 3724 1984 3796; x_wconf 86' lang='lat' dir='ltr'>longe</span> <span class='ocrx_word' id='word_1_275' title='bbox 2031 3741 2066 3779; x_wconf 88' lang='lat' dir='ltr'>a</span> 
     </span>
    </p>
   </div>
   <div class='ocr_carea' id='block_1_40' title="bbox 414 3807 2067 3883">
    <p class='ocr_par' dir='ltr' id='par_1_40' title="bbox 414 3807 2067 3883">
     <span class='ocr_line' id='line_1_40' title="bbox 414 3807 2067 3883; baseline 0.006 -23"><span class='ocrx_word' id='word_1_276' title='bbox 414 3807 515 3861; x_wconf 89' lang='lat' dir='ltr'>tali</span> <span class='ocrx_word' id='word_1_277' title='bbox 543 3807 798 3877; x_wconf 89' lang='lat' dir='ltr'>periculo</span> <span class='ocrx_word' id='word_1_278' title='bbox 832 3815 1142 3879; x_wconf 89' lang='lat' dir='ltr'>remotam,</span> <span class='ocrx_word' id='word_1_279' title='bbox 1178 3812 1277 3867; x_wconf 91' lang='lat' dir='ltr'>ubi</span> <span class='ocrx_word' id='word_1_280' title='bbox 1338 3812 1529 3883; x_wconf 90' lang='lat' dir='ltr'>pisces</span> <span class='ocrx_word' id='word_1_281' title='bbox 1578 3812 1751 3868; x_wconf 82' lang='lat' dir='ltr'>multi</span> <span class='ocrx_word' id='word_1_282' title='bbox 1803 3819 1964 3883; x_wconf 89' lang='lat' dir='ltr'>sunt,</span> <span class='ocrx_word' id='word_1_283' title='bbox 2010 3818 2067 3870; x_wconf 88' lang='lat' dir='ltr'>et</span> 
     </span>
    </p>
   </div>
   <div class='ocr_carea' id='block_1_41' title="bbox 415 3897 2068 3974">
    <p class='ocr_par' dir='ltr' id='par_1_41' title="bbox 415 3897 2068 3974">
     <span class='ocr_line' id='line_1_41' title="bbox 415 3897 2068 3974; baseline 0.005 -24"><span class='ocrx_word' id='word_1_284' title='bbox 415 3913 611 3951; x_wconf 92' lang='lat' dir='ltr'>rerum</span> <span class='ocrx_word' id='word_1_285' title='bbox 670 3897 921 3954; x_wconf 90' lang='lat' dir='ltr'>aliarum</span> <span class='ocrx_word' id='word_1_286' title='bbox 980 3901 1051 3955; x_wconf 92' lang='lat' dir='ltr'>ad</span> <span class='ocrx_word' id='word_1_287' title='bbox 1110 3902 1332 3957; x_wconf 81' lang='lat' dir='ltr'>victum</span> <span class='ocrx_word' id='word_1_288' title='bbox 1385 3907 1848 3974; x_wconf 87' lang='lat' dir='ltr'>opportunarum</span> <span class='ocrx_word' id='word_1_289' title='bbox 1900 3904 2068 3974; x_wconf 88' lang='lat' dir='ltr'>copia</span> 
     </span>
    </p>
   </div>
   <div class='ocr_carea' id='block_1_42' title="bbox 413 3986 2069 4059">
    <p class='ocr_par' dir='ltr' id='par_1_42' title="bbox 413 3986 2069 4059">
     <span class='ocr_line' id='line_1_42' title="bbox 413 3986 2069 4059; baseline 0.004 -20"><span class='ocrx_word' id='word_1_290' title='bbox 413 3986 687 4058; x_wconf 86' lang='lat' dir='ltr'>benigna;</span> <span class='ocrx_word' id='word_1_291' title='bbox 711 3987 894 4043; x_wconf 89' lang='lat' dir='ltr'>habeo</span> <span class='ocrx_word' id='word_1_292' title='bbox 926 3998 1204 4059; x_wconf 81' lang='lat' dir='ltr'>praeterea</span> <span class='ocrx_word' id='word_1_293' title='bbox 1232 3991 1450 4046; x_wconf 87' lang='lat' dir='ltr'>ibidem</span> <span class='ocrx_word' id='word_1_294' title='bbox 1486 3992 1893 4047; x_wconf 88' lang='lat' dir='ltr'>testitudinem</span> <span class='ocrx_word' id='word_1_295' title='bbox 1928 3993 2069 4047; x_wconf 89' lang='lat' dir='ltr'>ami-</span> 
     </span>
    </p>
   </div>
   <div class='ocr_carea' id='block_1_43' title="bbox 414 4080 2070 4153">
    <p class='ocr_par' dir='ltr' id='par_1_43' title="bbox 414 4080 2070 4153">
     <span class='ocr_line' id='line_1_43' title="bbox 414 4080 2070 4153; baseline 0.004 -21"><span class='ocrx_word' id='word_1_296' title='bbox 414 4096 577 4148; x_wconf 89' lang='lat' dir='ltr'>cam;</span> <span class='ocrx_word' id='word_1_297' title='bbox 634 4096 815 4150; x_wconf 86' lang='lat' dir='ltr'>quare</span> <span class='ocrx_word' id='word_1_298' title='bbox 873 4080 1011 4136; x_wconf 93' lang='lat' dir='ltr'>illuc</span> <span class='ocrx_word' id='word_1_299' title='bbox 1070 4082 1323 4153; x_wconf 85' lang='lat' dir='ltr'>migrare</span> <span class='ocrx_word' id='word_1_300' title='bbox 1380 4081 1580 4152; x_wconf 89' lang='lat' dir='ltr'>ibique</span> <span class='ocrx_word' id='word_1_301' title='bbox 1648 4083 1934 4139; x_wconf 88' lang='lat' dir='ltr'>diversari</span> <span class='ocrx_word' id='word_1_302' title='bbox 1997 4084 2070 4138; x_wconf 89' lang='lat' dir='ltr'>de</span> 
     </span>
    </p>
   </div>
   <div class='ocr_carea' id='block_1_44' title="bbox 415 4169 2067 4241">
    <p class='ocr_par' dir='ltr' id='par_1_44' title="bbox 415 4169 2067 4241">
     <span class='ocr_line' id='line_1_44' title="bbox 415 4169 2067 4241; baseline 0.002 -18"><span class='ocrx_word' id='word_1_303' title='bbox 415 4177 618 4225; x_wconf 71' lang='lat' dir='ltr'>caetero</span> <span class='ocrx_word' id='word_1_304' title='bbox 658 4169 1029 4240; x_wconf 88' lang='lat' dir='ltr'>decrevi,nisi</span> <span class='ocrx_word' id='word_1_305' title='bbox 1062 4172 1201 4241; x_wconf 91' lang='lat' dir='ltr'>quid</span> <span class='ocrx_word' id='word_1_306' title='bbox 1230 4178 1294 4225; x_wconf 93' lang='lat' dir='ltr'>tu</span> <span class='ocrx_word' id='word_1_307' title='bbox 1328 4187 1500 4225; x_wconf 89' lang='lat' dir='ltr'>secus</span> <span class='ocrx_word' id='word_1_308' title='bbox 1530 4173 1737 4227; x_wconf 86' lang='lat' dir='ltr'>sentis.</span> <span class='ocrx_word' id='word_1_309' title='bbox 1770 4173 1865 4227; x_wconf 87' lang='lat' dir='ltr'>Ait</span> <span class='ocrx_word' id='word_1_310' title='bbox 1896 4187 2067 4227; x_wconf 86' lang='lat' dir='ltr'>mus:</span> 
     </span>
    </p>
   </div>
   <div class='ocr_carea' id='block_1_45' title="bbox 417 4260 2070 4330">
    <p class='ocr_par' dir='ltr' id='par_1_45' title="bbox 417 4260 2070 4330">
     <span class='ocr_line' id='line_1_45' title="bbox 417 4260 2070 4330; baseline 0.002 -18"><span class='ocrx_word' id='word_1_311' title='bbox 417 4260 517 4313; x_wconf 89' lang='lat' dir='ltr'>lbo</span> <span class='ocrx_word' id='word_1_312' title='bbox 568 4263 624 4313; x_wconf 89' lang='lat' dir='ltr'>et</span> <span class='ocrx_word' id='word_1_313' title='bbox 655 4276 760 4329; x_wconf 87' lang='lat' dir='ltr'>ego</span> <span class='ocrx_word' id='word_1_314' title='bbox 794 4260 1150 4330; x_wconf 89' lang='lat' dir='ltr'>perlibenter</span> <span class='ocrx_word' id='word_1_315' title='bbox 1176 4264 1393 4329; x_wconf 85' lang='lat' dir='ltr'>tecum,</span> <span class='ocrx_word' id='word_1_316' title='bbox 1427 4261 1583 4316; x_wconf 83' lang='lat' dir='ltr'>soleo</span> <span class='ocrx_word' id='word_1_317' title='bbox 1616 4261 1773 4315; x_wconf 89' lang='lat' dir='ltr'>enim</span> <span class='ocrx_word' id='word_1_318' title='bbox 1808 4278 1921 4316; x_wconf 90' lang='lat' dir='ltr'>non</span> <span class='ocrx_word' id='word_1_319' title='bbox 1969 4265 2070 4316; x_wconf 90' lang='lat' dir='ltr'>uni</span> 
     </span>
    </p>
   </div>
   <div class='ocr_carea' id='block_1_46' title="bbox 418 4349 2070 4423">
    <p class='ocr_par' dir='ltr' id='par_1_46' title="bbox 418 4349 2070 4423">
     <span class='ocr_line' id='line_1_46' title="bbox 418 4349 2070 4423; baseline 0.002 -18"><span class='ocrx_word' id='word_1_320' title='bbox 418 4349 785 4421; x_wconf 89' lang='lat' dir='ltr'>receptaculo</span> <span class='ocrx_word' id='word_1_321' title='bbox 833 4351 1148 4406; x_wconf 79' lang='lat' dir='ltr'>conﬁdere.</span> <span class='ocrx_word' id='word_1_322' title='bbox 1200 4352 1311 4407; x_wconf 91' lang='lat' dir='ltr'>Sed</span> <span class='ocrx_word' id='word_1_323' title='bbox 1346 4367 1438 4405; x_wconf 89' lang='lat' dir='ltr'>me</span> <span class='ocrx_word' id='word_1_324' title='bbox 1470 4368 1701 4423; x_wconf 89' lang='lat' dir='ltr'>semper</span> <span class='ocrx_word' id='word_1_325' title='bbox 1724 4354 1891 4421; x_wconf 86' lang='lat' dir='ltr'>juvat</span> <span class='ocrx_word' id='word_1_326' title='bbox 1920 4353 2070 4408; x_wconf 85' lang='lat' dir='ltr'>duas</span> 
     </span>
    </p>
   </div>
   <div class='ocr_carea' id='block_1_47' title="bbox 418 4439 2069 4510">
    <p class='ocr_par' dir='ltr' id='par_1_47' title="bbox 418 4439 2069 4510">
     <span class='ocr_line' id='line_1_47' title="bbox 418 4439 2069 4510; baseline 0 -15"><span class='ocrx_word' id='word_1_327' title='bbox 418 4439 626 4495; x_wconf 88' lang='lat' dir='ltr'>saltem</span> <span class='ocrx_word' id='word_1_328' title='bbox 659 4440 875 4495; x_wconf 90' lang='lat' dir='ltr'>habere</span> <span class='ocrx_word' id='word_1_329' title='bbox 905 4440 1262 4507; x_wconf 88' lang='lat' dir='ltr'>mansiones,</span> <span class='ocrx_word' id='word_1_330' title='bbox 1289 4457 1537 4510; x_wconf 88' lang='lat' dir='ltr'>quarum</span> <span class='ocrx_word' id='word_1_331' title='bbox 1564 4440 1624 4494; x_wconf 91' lang='lat' dir='ltr'>in</span> <span class='ocrx_word' id='word_1_332' title='bbox 1656 4440 1899 4495; x_wconf 80' lang='lat' dir='ltr'>alteram</span> <span class='ocrx_word' id='word_1_333' title='bbox 1931 4457 2069 4495; x_wconf 91' lang='lat' dir='ltr'>con-</span> 
     </span>
    </p>
   </div>
   <div class='ocr_carea' id='block_1_48' title="bbox 418 4529 2071 4600">
    <p class='ocr_par' dir='ltr' id='par_1_48' title="bbox 418 4529 2071 4600">
     <span class='ocr_line' id='line_1_48' title="bbox 418 4529 2071 4600; baseline 0.001 -16"><span class='ocrx_word' id='word_1_334' title='bbox 418 4532 639 4600; x_wconf 81' lang='lat' dir='ltr'>fugiam</span> <span class='ocrx_word' id='word_1_335' title='bbox 671 4530 721 4585; x_wconf 90' lang='lat' dir='ltr'>si</span> <span class='ocrx_word' id='word_1_336' title='bbox 752 4529 938 4585; x_wconf 88' lang='lat' dir='ltr'>altera</span> <span class='ocrx_word' id='word_1_337' title='bbox 968 4529 1371 4584; x_wconf 80' lang='lat' dir='ltr'>excludar.His</span> <span class='ocrx_word' id='word_1_338' title='bbox 1404 4546 1610 4585; x_wconf 85' lang='lat' dir='ltr'>corvus</span> <span class='ocrx_word' id='word_1_339' title='bbox 1639 4530 1857 4584; x_wconf 90' lang='lat' dir='ltr'>auditis</span> <span class='ocrx_word' id='word_1_340' title='bbox 1884 4532 2071 4585; x_wconf 91' lang='lat' dir='ltr'>muris</span> 
     </span>
    </p>
   </div>
   <div class='ocr_carea' id='block_1_49' title="bbox 417 4618 2063 4675">
    <p class='ocr_par' dir='ltr' id='par_1_49' title="bbox 417 4618 2063 4675">
     <span class='ocr_line' id='line_1_49' title="bbox 417 4618 2063 4675; baseline 0 -1"><span class='ocrx_word' id='word_1_341' title='bbox 417 4620 664 4675; x_wconf 88' lang='lat' dir='ltr'>caudam</span> <span class='ocrx_word' id='word_1_342' title='bbox 698 4623 888 4675; x_wconf 87' lang='lat' dir='ltr'>rostro</span> <span class='ocrx_word' id='word_1_343' title='bbox 919 4622 1125 4673; x_wconf 89' lang='lat' dir='ltr'>tenens</span> <span class='ocrx_word' id='word_1_344' title='bbox 1152 4618 1398 4673; x_wconf 88' lang='lat' dir='ltr'>evolavit</span> <span class='ocrx_word' id='word_1_345' title='bbox 1447 4620 1514 4673; x_wconf 80' lang='lat' dir='ltr'>ad</span> <span class='ocrx_word' id='word_1_346' title='bbox 1565 4630 1725 4673; x_wconf 89' lang='lat' dir='ltr'>oram</span> <span class='ocrx_word' id='word_1_347' title='bbox 1777 4619 1955 4673; x_wconf 87' lang='lat' dir='ltr'>fontis</span> <span class='ocrx_word' id='word_1_348' title='bbox 2003 4618 2063 4674; x_wconf 88' lang='lat' dir='ltr'>in</span> 
     </span>
    </p>
   </div>
   <div class='ocr_carea' id='block_1_50' title="bbox 417 4706 2060 4780">
    <p class='ocr_par' dir='ltr' id='par_1_50' title="bbox 417 4706 2060 4780">
     <span class='ocr_line' id='line_1_50' title="bbox 417 4706 2060 4780; baseline 0 -16"><span class='ocrx_word' id='word_1_349' title='bbox 417 4726 533 4780; x_wconf 88' lang='lat' dir='ltr'>quo</span> <span class='ocrx_word' id='word_1_350' title='bbox 566 4710 798 4763; x_wconf 88' lang='lat' dir='ltr'>testudo</span> <span class='ocrx_word' id='word_1_351' title='bbox 829 4708 1094 4778; x_wconf 84' lang='lat' dir='ltr'>degebat.</span> <span class='ocrx_word' id='word_1_352' title='bbox 1130 4707 1260 4762; x_wconf 76' lang='lat' dir='ltr'>Haec</span> <span class='ocrx_word' id='word_1_353' title='bbox 1310 4706 1512 4778; x_wconf 89' lang='lat' dir='ltr'>procul</span> <span class='ocrx_word' id='word_1_354' title='bbox 1563 4707 1777 4762; x_wconf 86' lang='lat' dir='ltr'>intuita</span> <span class='ocrx_word' id='word_1_355' title='bbox 1823 4708 2060 4764; x_wconf 86' lang='lat' dir='ltr'>venien-</span> 
     </span>
    </p>
   </div>
   <div class='ocr_carea' id='block_1_51' title="bbox 415 4796 2060 4854">
    <p class='ocr_par' dir='ltr' id='par_1_51' title="bbox 415 4796 2060 4854">
     <span class='ocr_line' id='line_1_51' title="bbox 415 4796 2060 4854; baseline 0.001 -1"><span class='ocrx_word' id='word_1_356' title='bbox 415 4806 529 4854; x_wconf 87' lang='lat' dir='ltr'>tem</span> <span class='ocrx_word' id='word_1_357' title='bbox 576 4815 813 4854; x_wconf 89' lang='lat' dir='ltr'>corvum</span> <span class='ocrx_word' id='word_1_358' title='bbox 863 4813 997 4851; x_wconf 89' lang='lat' dir='ltr'>cum</span> <span class='ocrx_word' id='word_1_359' title='bbox 1057 4813 1233 4852; x_wconf 90' lang='lat' dir='ltr'>onere</span> <span class='ocrx_word' id='word_1_360' title='bbox 1276 4796 1516 4852; x_wconf 72' lang='lat' dir='ltr'>insolito</span> <span class='ocrx_word' id='word_1_361' title='bbox 1565 4796 1750 4852; x_wconf 90' lang='lat' dir='ltr'>muris</span> <span class='ocrx_word' id='word_1_362' title='bbox 1795 4813 1825 4851; x_wconf 91' lang='lat' dir='ltr'>e</span> <span class='ocrx_word' id='word_1_363' title='bbox 1874 4803 2060 4854; x_wconf 90' lang='lat' dir='ltr'>rostro</span> 
     </span>
    </p>
   </div>
   <div class='ocr_carea' id='block_1_52' title="bbox 417 4878 2058 4960">
    <p class='ocr_par' dir='ltr' id='par_1_52' title="bbox 417 4878 2058 4960">
     <span class='ocr_line' id='line_1_52' title="bbox 417 4878 2058 4960; baseline 0 -17"><span class='ocrx_word' id='word_1_364' title='bbox 417 4888 749 4960; x_wconf 87' lang='lat' dir='ltr'>pendentis,</span> <span class='ocrx_word' id='word_1_365' title='bbox 782 4888 907 4942; x_wconf 79' lang='lat' dir='ltr'>visu</span> <span class='ocrx_word' id='word_1_366' title='bbox 944 4886 1143 4941; x_wconf 85' lang='lat' dir='ltr'>territa</span> <span class='ocrx_word' id='word_1_367' title='bbox 1189 4882 1516 4957; x_wconf 88' lang='lat' dir='ltr'>inepinato,</span> <span class='ocrx_word' id='word_1_368' title='bbox 1566 4878 1845 4941; x_wconf 85' lang='lat' dir='ltr'>demersit</span> <span class='ocrx_word' id='word_1_369' title='bbox 1892 4904 1953 4942; x_wconf 91' lang='lat' dir='ltr'>se</span> <span class='ocrx_word' id='word_1_370' title='bbox 2002 4888 2058 4943; x_wconf 90' lang='lat' dir='ltr'>in</span> 
     </span>
    </p>
   </div>
   <div class='ocr_carea' id='block_1_53' title="bbox 417 4974 2058 5049">
    <p class='ocr_par' dir='ltr' id='par_1_53' title="bbox 417 4974 2058 5049">
     <span class='ocr_line' id='line_1_53' title="bbox 417 4974 2058 5049; baseline 0.001 -17"><span class='ocrx_word' id='word_1_371' title='bbox 417 4995 628 5049; x_wconf 86' lang='lat' dir='ltr'>aquam</span> <span class='ocrx_word' id='word_1_372' title='bbox 685 4977 882 5048; x_wconf 83' lang='lat' dir='ltr'>ibique</span> <span class='ocrx_word' id='word_1_373' title='bbox 930 4974 1327 5042; x_wconf 84' lang='lat' dir='ltr'>delitescebat,</span> <span class='ocrx_word' id='word_1_374' title='bbox 1380 4976 1570 5046; x_wconf 84' lang='lat' dir='ltr'>quoad</span> <span class='ocrx_word' id='word_1_375' title='bbox 1631 4974 1833 5047; x_wconf 88' lang='lat' dir='ltr'>ﬁliam,</span> <span class='ocrx_word' id='word_1_376' title='bbox 1894 4993 2058 5034; x_wconf 89' lang='lat' dir='ltr'>mure</span> 
     </span>
    </p>
   </div>
   <div class='ocr_carea' id='block_1_54' title="bbox 418 5065 2054 5135">
    <p class='ocr_par' dir='ltr' id='par_1_54' title="bbox 418 5065 2054 5135">
     <span class='ocr_line' id='line_1_54' title="bbox 418 5065 2054 5135; baseline 0 -13"><span class='ocrx_word' id='word_1_377' title='bbox 418 5067 672 5122; x_wconf 87' lang='lat' dir='ltr'>molliter</span> <span class='ocrx_word' id='word_1_378' title='bbox 718 5067 779 5122; x_wconf 89' lang='lat' dir='ltr'>in</span> <span class='ocrx_word' id='word_1_379' title='bbox 828 5066 1005 5122; x_wconf 87' lang='lat' dir='ltr'>fontis</span> <span class='ocrx_word' id='word_1_380' title='bbox 1057 5066 1322 5135; x_wconf 85' lang='lat' dir='ltr'>margine</span> <span class='ocrx_word' id='word_1_381' title='bbox 1370 5065 1656 5135; x_wconf 90' lang='lat' dir='ltr'>deposito,</span> <span class='ocrx_word' id='word_1_382' title='bbox 1708 5066 2054 5122; x_wconf 82' lang='lat' dir='ltr'>nominatim</span> 
     </span>
    </p>
   </div>
   <div class='ocr_carea' id='block_1_55' title="bbox 415 5155 2056 5227">
    <p class='ocr_par' dir='ltr' id='par_1_55' title="bbox 415 5155 2056 5227">
     <span class='ocr_line' id='line_1_55' title="bbox 415 5155 2056 5227; baseline 0.001 -16"><span class='ocrx_word' id='word_1_383' title='bbox 415 5156 787 5227; x_wconf 87' lang='lat' dir='ltr'>compellavit</span> <span class='ocrx_word' id='word_1_384' title='bbox 816 5171 1045 5226; x_wconf 88' lang='lat' dir='ltr'>corvus,</span> <span class='ocrx_word' id='word_1_385' title='bbox 1078 5155 1249 5225; x_wconf 88' lang='lat' dir='ltr'>cujus</span> <span class='ocrx_word' id='word_1_386' title='bbox 1297 5155 1495 5209; x_wconf 86' lang='lat' dir='ltr'>statim</span> <span class='ocrx_word' id='word_1_387' title='bbox 1553 5156 1801 5210; x_wconf 87' lang='lat' dir='ltr'>amicam</span> <span class='ocrx_word' id='word_1_388' title='bbox 1858 5172 2056 5212; x_wconf 90' lang='lat' dir='ltr'>vocem</span> 
     </span>
    </p>
   </div>
   <div class='ocr_carea' id='block_1_56' title="bbox 412 5244 2056 5316">
    <p class='ocr_par' dir='ltr' id='par_1_56' title="bbox 412 5244 2056 5316">
     <span class='ocr_line' id='line_1_56' title="bbox 412 5244 2056 5316; baseline 0.001 -16"><span class='ocrx_word' id='word_1_389' title='bbox 412 5245 646 5300; x_wconf 88' lang='lat' dir='ltr'>testudo</span> <span class='ocrx_word' id='word_1_390' title='bbox 678 5261 1027 5315; x_wconf 85' lang='lat' dir='ltr'>agnoscens,</span> <span class='ocrx_word' id='word_1_391' title='bbox 1078 5260 1325 5299; x_wconf 84' lang='lat' dir='ltr'>excussa</span> <span class='ocrx_word' id='word_1_392' title='bbox 1377 5244 1688 5300; x_wconf 81' lang='lat' dir='ltr'>formidine</span> <span class='ocrx_word' id='word_1_393' title='bbox 1738 5245 1809 5299; x_wconf 91' lang='lat' dir='ltr'>ad</span> <span class='ocrx_word' id='word_1_394' title='bbox 1859 5248 2056 5316; x_wconf 87' lang='lat' dir='ltr'>ipsum</span> 
     </span>
    </p>
   </div>
   <div class='ocr_carea' id='block_1_57' title="bbox 415 5334 2057 5405">
    <p class='ocr_par' dir='ltr' id='par_1_57' title="bbox 415 5334 2057 5405">
     <span class='ocr_line' id='line_1_57' title="bbox 415 5334 2057 5405; baseline 0.001 -15"><span class='ocrx_word' id='word_1_395' title='bbox 415 5334 626 5405; x_wconf 83' lang='lat' dir='ltr'>prodiit</span> <span class='ocrx_word' id='word_1_396' title='bbox 660 5349 672 5387; x_wconf 91' lang='lat'>:</span> <span class='ocrx_word' id='word_1_397' title='bbox 706 5334 1077 5405; x_wconf 88' lang='lat' dir='ltr'>salutatoque</span> <span class='ocrx_word' id='word_1_398' title='bbox 1107 5334 1283 5388; x_wconf 87' lang='lat' dir='ltr'>charo</span> <span class='ocrx_word' id='word_1_399' title='bbox 1314 5335 1525 5405; x_wconf 89' lang='lat' dir='ltr'>capite,</span> <span class='ocrx_word' id='word_1_400' title='bbox 1553 5339 1609 5389; x_wconf 87' lang='lat' dir='ltr'>et</span> <span class='ocrx_word' id='word_1_401' title='bbox 1637 5340 1837 5405; x_wconf 82' lang='lat' dir='ltr'>rogato</span> <span class='ocrx_word' id='word_1_402' title='bbox 1871 5340 1935 5389; x_wconf 92' lang='lat' dir='ltr'>ut</span> <span class='ocrx_word' id='word_1_403' title='bbox 1966 5353 2057 5391; x_wconf 89' lang='lat' dir='ltr'>va-</span> 
     </span>
    </p>
   </div>
   <div class='ocr_carea' id='block_1_58' title="bbox 410 5422 2053 5494">
    <p class='ocr_par' dir='ltr' id='par_1_58' title="bbox 410 5422 2053 5494">
     <span class='ocr_line' id='line_1_58' title="bbox 410 5422 2053 5494; baseline 0.002 -17"><span class='ocrx_word' id='word_1_404' title='bbox 410 5425 569 5490; x_wconf 77' lang='lat' dir='ltr'>leret,</span> <span class='ocrx_word' id='word_1_405' title='bbox 604 5426 662 5477; x_wconf 90' lang='lat' dir='ltr'>et</span> <span class='ocrx_word' id='word_1_406' title='bbox 710 5422 885 5477; x_wconf 87' lang='lat' dir='ltr'>satin’</span> <span class='ocrx_word' id='word_1_407' title='bbox 933 5422 1102 5478; x_wconf 75' lang='lat' dir='ltr'>salvae</span> <span class='ocrx_word' id='word_1_408' title='bbox 1152 5440 1265 5491; x_wconf 90' lang='lat' dir='ltr'>res,</span> <span class='ocrx_word' id='word_1_409' title='bbox 1318 5425 1389 5478; x_wconf 93' lang='lat' dir='ltr'>ad</span> <span class='ocrx_word' id='word_1_410' title='bbox 1441 5428 1769 5479; x_wconf 84' lang='lat' dir='ltr'>extremum</span> <span class='ocrx_word' id='word_1_411' title='bbox 1812 5440 2053 5494; x_wconf 87' lang='lat' dir='ltr'>percon-</span> 
     </span>
    </p>
   </div>
   <div class='ocr_carea' id='block_1_59' title="bbox 408 5510 2056 5580">
    <p class='ocr_par' dir='ltr' id='par_1_59' title="bbox 408 5510 2056 5580">
     <span class='ocr_line' id='line_1_59' title="bbox 408 5510 2056 5580; baseline 0.001 -12"><span class='ocrx_word' id='word_1_412' title='bbox 408 5518 530 5568; x_wconf 85' lang='lat' dir='ltr'>tata</span> <span class='ocrx_word' id='word_1_413' title='bbox 560 5510 899 5567; x_wconf 86' lang='lat' dir='ltr'>humaniter</span> <span class='ocrx_word' id='word_1_414' title='bbox 928 5517 1015 5563; x_wconf 90' lang='lat' dir='ltr'>est</span> <span class='ocrx_word' id='word_1_415' title='bbox 1048 5512 1147 5565; x_wconf 91' lang='lat' dir='ltr'>ubi</span> <span class='ocrx_word' id='word_1_416' title='bbox 1178 5513 1377 5567; x_wconf 88' lang='lat' dir='ltr'>taudiu</span> <span class='ocrx_word' id='word_1_417' title='bbox 1417 5513 1701 5580; x_wconf 64' lang='lat' dir='ltr'>haesisset,</span> <span class='ocrx_word' id='word_1_418' title='bbox 1736 5514 1889 5567; x_wconf 90' lang='lat' dir='ltr'>unde</span> <span class='ocrx_word' id='word_1_419' title='bbox 1936 5518 2056 5569; x_wconf 90' lang='lat' dir='ltr'>tam</span> 
     </span>
    </p>
   </div>
   <div class='ocr_carea' id='block_1_60' title="bbox 411 5601 2059 5674">
    <p class='ocr_par' dir='ltr' id='par_1_60' title="bbox 411 5601 2059 5674">
     <span class='ocr_line' id='line_1_60' title="bbox 411 5601 2059 5674; baseline 0.001 -17"><span class='ocrx_word' id='word_1_420' title='bbox 411 5618 579 5657; x_wconf 81' lang='lat' dir='ltr'>serus</span> <span class='ocrx_word' id='word_1_421' title='bbox 625 5602 697 5656; x_wconf 86' lang='lat' dir='ltr'>ad</span> <span class='ocrx_word' id='word_1_422' title='bbox 749 5615 811 5654; x_wconf 91' lang='lat' dir='ltr'>ss</span> <span class='ocrx_word' id='word_1_423' title='bbox 863 5601 1290 5653; x_wconf 83' lang='lat' dir='ltr'>reverteretur?</span> <span class='ocrx_word' id='word_1_424' title='bbox 1339 5602 1556 5657; x_wconf 87' lang='lat' dir='ltr'>Corvus</span> <span class='ocrx_word' id='word_1_425' title='bbox 1611 5604 1733 5674; x_wconf 90' lang='lat' dir='ltr'>pari</span> <span class='ocrx_word' id='word_1_426' title='bbox 1785 5604 2059 5660; x_wconf 89' lang='lat' dir='ltr'>comitate</span> 
     </span>
    </p>
   </div>
   <div class='ocr_carea' id='block_1_61' title="bbox 410 5686 2059 5759">
    <p class='ocr_par' dir='ltr' id='par_1_61' title="bbox 410 5686 2059 5759">
     <span class='ocr_line' id='line_1_61' title="bbox 410 5686 2059 5759; baseline 0.002 -16"><span class='ocrx_word' id='word_1_427' title='bbox 410 5693 551 5759; x_wconf 85' lang='lat' dir='ltr'>quid</span> <span class='ocrx_word' id='word_1_428' title='bbox 585 5690 722 5755; x_wconf 88' lang='lat' dir='ltr'>sibi,</span> <span class='ocrx_word' id='word_1_429' title='bbox 747 5703 818 5742; x_wconf 84' lang='lat' dir='ltr'>ex</span> <span class='ocrx_word' id='word_1_430' title='bbox 847 5700 964 5756; x_wconf 91' lang='lat' dir='ltr'>quo</span> <span class='ocrx_word' id='word_1_431' title='bbox 995 5686 1242 5741; x_wconf 87' lang='lat' dir='ltr'>invicem</span> <span class='ocrx_word' id='word_1_432' title='bbox 1280 5705 1392 5743; x_wconf 91' lang='lat' dir='ltr'>non</span> <span class='ocrx_word' id='word_1_433' title='bbox 1426 5691 1708 5759; x_wconf 88' lang='lat' dir='ltr'>viderant,</span> <span class='ocrx_word' id='word_1_434' title='bbox 1742 5691 1899 5746; x_wconf 90' lang='lat' dir='ltr'>varie</span> <span class='ocrx_word' id='word_1_435' title='bbox 1921 5708 2059 5747; x_wconf 91' lang='lat' dir='ltr'>eon-</span> 
     </span>
    </p>
   </div>
   <div class='ocr_carea' id='block_1_62' title="bbox 406 5775 2059 5850">
    <p class='ocr_par' dir='ltr' id='par_1_62' title="bbox 406 5775 2059 5850">
     <span class='ocr_line' id='line_1_62' title="bbox 406 5775 2059 5850; baseline 0.004 -18"><span class='ocrx_word' id='word_1_436' title='bbox 406 5779 643 5850; x_wconf 87' lang='lat' dir='ltr'>tigisset</span> <span class='ocrx_word' id='word_1_437' title='bbox 688 5775 1006 5841; x_wconf 88' lang='lat' dir='ltr'>enarravit,</span> <span class='ocrx_word' id='word_1_438' title='bbox 1041 5775 1196 5831; x_wconf 88' lang='lat' dir='ltr'>haud</span> <span class='ocrx_word' id='word_1_439' title='bbox 1248 5777 1499 5834; x_wconf 87' lang='lat' dir='ltr'>reticens</span> <span class='ocrx_word' id='word_1_440' title='bbox 1526 5781 1899 5836; x_wconf 88' lang='lat' dir='ltr'>observatum</span> <span class='ocrx_word' id='word_1_441' title='bbox 1934 5799 1966 5837; x_wconf 90' lang='lat' dir='ltr'>a</span> <span class='ocrx_word' id='word_1_442' title='bbox 1997 5798 2059 5838; x_wconf 89' lang='lat' dir='ltr'>se</span> 
     </span>
    </p>
   </div>
   <div class='ocr_carea' id='block_1_63' title="bbox 2142 640 3803 711">
    <p class='ocr_par' dir='ltr' id='par_1_63' title="bbox 2142 640 3803 711">
     <span class='ocr_line' id='line_1_63' title="bbox 2142 640 3803 711; baseline 0.002 -19"><span class='ocrx_word' id='word_1_443' title='bbox 2142 645 2261 693; x_wconf 89' lang='lat' dir='ltr'>tam</span> <span class='ocrx_word' id='word_1_444' title='bbox 2297 640 2469 694; x_wconf 89' lang='lat' dir='ltr'>ﬁrmo</span> <span class='ocrx_word' id='word_1_445' title='bbox 2499 645 2555 693; x_wconf 91' lang='lat' dir='ltr'>et</span> <span class='ocrx_word' id='word_1_446' title='bbox 2587 640 2703 694; x_wconf 83' lang='lat' dir='ltr'>fido</span> <span class='ocrx_word' id='word_1_447' title='bbox 2735 641 2923 695; x_wconf 91' lang='lat' dir='ltr'>amico</span> <span class='ocrx_word' id='word_1_448' title='bbox 2968 641 3486 695; x_wconf 89' lang='lat' dir='ltr'>necessitudinem.</span> <span class='ocrx_word' id='word_1_449' title='bbox 3541 644 3803 711; x_wconf 87' lang='lat' dir='ltr'>Appare-</span> 
     </span>
    </p>
   </div>
   <div class='ocr_carea' id='block_1_64' title="bbox 2145 728 3803 800">
    <p class='ocr_par' dir='ltr' id='par_1_64' title="bbox 2145 728 3803 800">
     <span class='ocr_line' id='line_1_64' title="bbox 2145 728 3803 800; baseline 0.001 -17"><span class='ocrx_word' id='word_1_450' title='bbox 2145 730 2244 783; x_wconf 87' lang='lat' dir='ltr'>bat</span> <span class='ocrx_word' id='word_1_451' title='bbox 2273 729 2544 784; x_wconf 89' lang='lat' dir='ltr'>delectari</span> <span class='ocrx_word' id='word_1_452' title='bbox 2580 745 2851 785; x_wconf 89' lang='lat' dir='ltr'>sermone</span> <span class='ocrx_word' id='word_1_453' title='bbox 2881 730 3263 797; x_wconf 87' lang='lat' dir='ltr'>testudinem,</span> <span class='ocrx_word' id='word_1_454' title='bbox 3319 746 3449 800; x_wconf 63' lang='lat' dir='ltr'>quae</span> <span class='ocrx_word' id='word_1_455' title='bbox 3498 728 3675 783; x_wconf 86' lang='lat' dir='ltr'>etiam</span> <span class='ocrx_word' id='word_1_456' title='bbox 3727 729 3803 785; x_wconf 89' lang='lat' dir='ltr'>iis</span> 
     </span>
    </p>
   </div>
   <div class='ocr_carea' id='block_1_65' title="bbox 2144 817 3804 874">
    <p class='ocr_par' dir='ltr' id='par_1_65' title="bbox 2144 817 3804 874">
     <span class='ocr_line' id='line_1_65' title="bbox 2144 817 3804 874; baseline 0.001 -1"><span class='ocrx_word' id='word_1_457' title='bbox 2144 818 2330 873; x_wconf 90' lang='lat' dir='ltr'>oculis</span> <span class='ocrx_word' id='word_1_458' title='bbox 2363 825 2486 873; x_wconf 86' lang='lat' dir='ltr'>tum</span> <span class='ocrx_word' id='word_1_459' title='bbox 2522 817 2911 873; x_wconf 87' lang='lat' dir='ltr'>laudabilium</span> <span class='ocrx_word' id='word_1_460' title='bbox 2948 823 3245 874; x_wconf 84' lang='lat' dir='ltr'>auctorem</span> <span class='ocrx_word' id='word_1_461' title='bbox 3292 818 3619 874; x_wconf 80' lang='lat' dir='ltr'>facinorum</span> <span class='ocrx_word' id='word_1_462' title='bbox 3668 835 3804 874; x_wconf 87' lang='lat' dir='ltr'>mu-</span> 
     </span>
    </p>
   </div>
   <div class='ocr_carea' id='block_1_66' title="bbox 2146 907 3803 978">
    <p class='ocr_par' dir='ltr' id='par_1_66' title="bbox 2146 907 3803 978">
     <span class='ocr_line' id='line_1_66' title="bbox 2146 907 3803 978; baseline 0 -16"><span class='ocrx_word' id='word_1_463' title='bbox 2146 926 2266 962; x_wconf 91' lang='lat' dir='ltr'>rem</span> <span class='ocrx_word' id='word_1_464' title='bbox 2300 908 2683 976; x_wconf 53' lang='lat' dir='ltr'>{intuebatun</span> <span class='ocrx_word' id='word_1_465' title='bbox 2739 907 2844 978; x_wconf 88' lang='lat' dir='ltr'>qui</span> <span class='ocrx_word' id='word_1_466' title='bbox 2893 907 3062 962; x_wconf 85' lang='lat' dir='ltr'>facile</span> <span class='ocrx_word' id='word_1_467' title='bbox 3112 908 3584 963; x_wconf 87' lang='lat' dir='ltr'>demonstrarent</span> <span class='ocrx_word' id='word_1_468' title='bbox 3633 907 3803 963; x_wconf 88' lang='lat' dir='ltr'>illum</span> 
     </span>
    </p>
   </div>
   <div class='ocr_carea' id='block_1_67' title="bbox 2146 996 3805 1070">
    <p class='ocr_par' dir='ltr' id='par_1_67' title="bbox 2146 996 3805 1070">
     <span class='ocr_line' id='line_1_67' title="bbox 2146 996 3805 1070; baseline 0 -19"><span class='ocrx_word' id='word_1_469' title='bbox 2146 1000 2219 1052; x_wconf 90' lang='lat' dir='ltr'>ab</span> <span class='ocrx_word' id='word_1_470' title='bbox 2252 999 2379 1070; x_wconf 87' lang='lat' dir='ltr'>ipsa</span> <span class='ocrx_word' id='word_1_471' title='bbox 2411 999 2787 1068; x_wconf 86' lang='lat' dir='ltr'>quoquejam</span> <span class='ocrx_word' id='word_1_472' title='bbox 2824 1013 2981 1052; x_wconf 90' lang='lat' dir='ltr'>nunc</span> <span class='ocrx_word' id='word_1_473' title='bbox 3003 996 3191 1069; x_wconf 85' lang='lat' dir='ltr'>diligi.</span> <span class='ocrx_word' id='word_1_474' title='bbox 3218 1002 3365 1052; x_wconf 89' lang='lat' dir='ltr'>Tum</span> <span class='ocrx_word' id='word_1_475' title='bbox 3388 1012 3597 1052; x_wconf 91' lang='lat' dir='ltr'>corvus</span> <span class='ocrx_word' id='word_1_476' title='bbox 3631 997 3805 1052; x_wconf 87' lang='lat' dir='ltr'>fami-</span> 
     </span>
    </p>
   </div>
   <div class='ocr_carea' id='block_1_68' title="bbox 2146 1087 3803 1158">
    <p class='ocr_par' dir='ltr' id='par_1_68' title="bbox 2146 1087 3803 1158">
     <span class='ocr_line' id='line_1_68' title="bbox 2146 1087 3803 1158; baseline 0 -15"><span class='ocrx_word' id='word_1_477' title='bbox 2146 1090 2371 1143; x_wconf 89' lang='lat' dir='ltr'>liariter</span> <span class='ocrx_word' id='word_1_478' title='bbox 2402 1105 2720 1143; x_wconf 88' lang='lat' dir='ltr'>conversus</span> <span class='ocrx_word' id='word_1_479' title='bbox 2750 1088 2820 1141; x_wconf 90' lang='lat' dir='ltr'>ad</span> <span class='ocrx_word' id='word_1_480' title='bbox 2856 1103 3084 1142; x_wconf 88' lang='lat' dir='ltr'>murem</span> <span class='ocrx_word' id='word_1_481' title='bbox 3119 1105 3131 1142; x_wconf 91' lang='lat'>:</span> <span class='ocrx_word' id='word_1_482' title='bbox 3166 1090 3307 1158; x_wconf 85' lang='lat' dir='ltr'>Age,</span> <span class='ocrx_word' id='word_1_483' title='bbox 3337 1087 3553 1158; x_wconf 89' lang='lat' dir='ltr'>inquit,</span> <span class='ocrx_word' id='word_1_484' title='bbox 3606 1087 3803 1156; x_wconf 89' lang='lat' dir='ltr'>ﬁdem,</span> 
     </span>
    </p>
   </div>
   <div class='ocr_carea' id='block_1_69' title="bbox 2149 1177 3805 1248">
    <p class='ocr_par' dir='ltr' id='par_1_69' title="bbox 2149 1177 3805 1248">
     <span class='ocr_line' id='line_1_69' title="bbox 2149 1177 3805 1248; baseline -0.001 -15"><span class='ocrx_word' id='word_1_485' title='bbox 2149 1181 2195 1233; x_wconf 86' lang='lat' dir='ltr'>si</span> <span class='ocrx_word' id='word_1_486' title='bbox 2230 1177 2719 1245; x_wconf 79' lang='lat' dir='ltr'>videtur,exsolve</span> <span class='ocrx_word' id='word_1_487' title='bbox 2751 1178 3433 1248; x_wconf 88' lang='lat' dir='ltr'>promissorum,quibus</span> <span class='ocrx_word' id='word_1_488' title='bbox 3453 1182 3509 1233; x_wconf 89' lang='lat' dir='ltr'>te</span> <span class='ocrx_word' id='word_1_489' title='bbox 3540 1182 3805 1232; x_wconf 88' lang='lat' dir='ltr'>narratu-</span> 
     </span>
    </p>
   </div>
   <div class='ocr_carea' id='block_1_70' title="bbox 2149 1266 3805 1338">
    <p class='ocr_par' dir='ltr' id='par_1_70' title="bbox 2149 1266 3805 1338">
     <span class='ocr_line' id='line_1_70' title="bbox 2149 1266 3805 1338; baseline -0.002 -14"><span class='ocrx_word' id='word_1_490' title='bbox 2149 1286 2300 1333; x_wconf 89' lang='lat' dir='ltr'>rum,</span> <span class='ocrx_word' id='word_1_491' title='bbox 2335 1269 2434 1323; x_wconf 90' lang='lat' dir='ltr'>ubi</span> <span class='ocrx_word' id='word_1_492' title='bbox 2484 1272 2734 1333; x_wconf 88' lang='lat' dir='ltr'>vocaret,</span> <span class='ocrx_word' id='word_1_493' title='bbox 2787 1266 3056 1338; x_wconf 85' lang='lat' dir='ltr'>recepisti</span> <span class='ocrx_word' id='word_1_494' title='bbox 3108 1267 3378 1337; x_wconf 66' lang='lat' dir='ltr'>quaedam</span> <span class='ocrx_word' id='word_1_495' title='bbox 3424 1282 3629 1323; x_wconf 89' lang='lat' dir='ltr'>eorum</span> <span class='ocrx_word' id='word_1_496' title='bbox 3677 1284 3805 1338; x_wconf 62' lang='lat' dir='ltr'>quis</span> 
     </span>
    </p>
   </div>
   <div class='ocr_carea' id='block_1_71' title="bbox 2148 1356 3809 1428">
    <p class='ocr_par' dir='ltr' id='par_1_71' title="bbox 2148 1356 3809 1428">
     <span class='ocr_line' id='line_1_71' title="bbox 2148 1356 3809 1428; baseline -0.002 -15"><span class='ocrx_word' id='word_1_497' title='bbox 2148 1359 2323 1428; x_wconf 75' lang='lat' dir='ltr'>longa</span> <span class='ocrx_word' id='word_1_498' title='bbox 2353 1358 2460 1412; x_wconf 92' lang='lat' dir='ltr'>tibi</span> <span class='ocrx_word' id='word_1_499' title='bbox 2493 1361 2661 1412; x_wconf 79' lang='lat' dir='ltr'>aetate</span> <span class='ocrx_word' id='word_1_500' title='bbox 2690 1356 2939 1427; x_wconf 83' lang='lat' dir='ltr'>experiri</span> <span class='ocrx_word' id='word_1_501' title='bbox 2974 1372 3039 1410; x_wconf 89' lang='lat' dir='ltr'>ac</span> <span class='ocrx_word' id='word_1_502' title='bbox 3070 1357 3265 1411; x_wconf 90' lang='lat' dir='ltr'>videre</span> <span class='ocrx_word' id='word_1_503' title='bbox 3314 1357 3591 1428; x_wconf 87' lang='lat' dir='ltr'>contigit;</span> <span class='ocrx_word' id='word_1_504' title='bbox 3645 1373 3809 1425; x_wconf 89' lang='lat' dir='ltr'>nam,</span> 
     </span>
    </p>
   </div>
   <div class='ocr_carea' id='block_1_72' title="bbox 2152 1445 3809 1517">
    <p class='ocr_par' dir='ltr' id='par_1_72' title="bbox 2152 1445 3809 1517">
     <span class='ocr_line' id='line_1_72' title="bbox 2152 1445 3809 1517; baseline -0.002 -14"><span class='ocrx_word' id='word_1_505' title='bbox 2152 1450 2210 1503; x_wconf 92' lang='lat' dir='ltr'>ni</span> <span class='ocrx_word' id='word_1_506' title='bbox 2246 1448 2431 1515; x_wconf 79' lang='lat' dir='ltr'>fallor,</span> <span class='ocrx_word' id='word_1_507' title='bbox 2464 1452 2521 1503; x_wconf 90' lang='lat' dir='ltr'>et</span> <span class='ocrx_word' id='word_1_508' title='bbox 2552 1447 2828 1502; x_wconf 89' lang='lat' dir='ltr'>idoneum</span> <span class='ocrx_word' id='word_1_509' title='bbox 2861 1445 3048 1517; x_wconf 74' lang='lat' dir='ltr'>longua</span> <span class='ocrx_word' id='word_1_510' title='bbox 3099 1445 3559 1501; x_wconf 89' lang='lat' dir='ltr'>confabulationi</span> <span class='ocrx_word' id='word_1_511' title='bbox 3611 1445 3809 1500; x_wconf 90' lang='lat' dir='ltr'>locum</span> 
     </span>
    </p>
   </div>
   <div class='ocr_carea' id='block_1_73' title="bbox 2150 1535 3723 1607">
    <p class='ocr_par' dir='ltr' id='par_1_73' title="bbox 2150 1535 3723 1607">
     <span class='ocr_line' id='line_1_73' title="bbox 2150 1535 3723 1607; baseline -0.003 -14"><span class='ocrx_word' id='word_1_512' title='bbox 2150 1539 2245 1593; x_wconf 87' lang='lat' dir='ltr'>hic</span> <span class='ocrx_word' id='word_1_513' title='bbox 2278 1538 2586 1603; x_wconf 90' lang='lat' dir='ltr'>habemus,</span> <span class='ocrx_word' id='word_1_514' title='bbox 2618 1540 2675 1591; x_wconf 91' lang='lat' dir='ltr'>et</span> <span class='ocrx_word' id='word_1_515' title='bbox 2705 1540 2941 1606; x_wconf 89' lang='lat' dir='ltr'>tempus</span> <span class='ocrx_word' id='word_1_516' title='bbox 2972 1553 3005 1590; x_wconf 90' lang='lat' dir='ltr'>a</span> <span class='ocrx_word' id='word_1_517' title='bbox 3038 1535 3245 1607; x_wconf 86' lang='lat' dir='ltr'>majori</span> <span class='ocrx_word' id='word_1_518' title='bbox 3278 1552 3419 1590; x_wconf 90' lang='lat' dir='ltr'>cura</span> <span class='ocrx_word' id='word_1_519' title='bbox 3448 1551 3723 1590; x_wconf 90' lang='lat' dir='ltr'>vacuum.</span> 
     </span>
    </p>
   </div>
   <div class='ocr_carea' id='block_1_74' title="bbox 2223 1639 3809 1701">
    <p class='ocr_par' dir='ltr' id='par_1_74' title="bbox 2223 1639 3809 1701">
     <span class='ocr_line' id='line_1_74' title="bbox 2223 1639 3809 1701; baseline -0.003 -2"><span class='ocrx_word' id='word_1_520' title='bbox 2223 1645 2513 1701; x_wconf 88' lang='lat' dir='ltr'>Vll.Tunc</span> <span class='ocrx_word' id='word_1_521' title='bbox 2545 1658 2681 1698; x_wconf 91' lang='lat' dir='ltr'>mus</span> <span class='ocrx_word' id='word_1_522' title='bbox 2711 1643 2783 1695; x_wconf 89' lang='lat' dir='ltr'>ad</span> <span class='ocrx_word' id='word_1_523' title='bbox 2818 1641 3024 1696; x_wconf 89' lang='lat' dir='ltr'>ambos</span> <span class='ocrx_word' id='word_1_524' title='bbox 3066 1641 3367 1695; x_wconf 89' lang='lat' dir='ltr'>inhianter</span> <span class='ocrx_word' id='word_1_525' title='bbox 3414 1644 3671 1695; x_wconf 87' lang='lat' dir='ltr'>attentos</span> <span class='ocrx_word' id='word_1_526' title='bbox 3722 1639 3809 1695; x_wconf 92' lang='lat' dir='ltr'>sic</span> 
     </span>
    </p>
   </div>
   <div class='ocr_carea' id='block_1_75' title="bbox 2152 1727 3809 1802">
    <p class='ocr_par' dir='ltr' id='par_1_75' title="bbox 2152 1727 3809 1802">
     <span class='ocr_line' id='line_1_75' title="bbox 2152 1727 3809 1802; baseline -0.005 -11"><span class='ocrx_word' id='word_1_527' title='bbox 2152 1737 2343 1792; x_wconf 89' lang='lat' dir='ltr'>dicere</span> <span class='ocrx_word' id='word_1_528' title='bbox 2376 1751 2545 1788; x_wconf 90' lang='lat' dir='ltr'>orsus</span> <span class='ocrx_word' id='word_1_529' title='bbox 2576 1732 2969 1787; x_wconf 72' lang='lat' dir='ltr'>estzprimum</span> <span class='ocrx_word' id='word_1_530' title='bbox 3004 1747 3111 1802; x_wconf 89' lang='lat' dir='ltr'>ego</span> <span class='ocrx_word' id='word_1_531' title='bbox 3145 1730 3319 1785; x_wconf 81' lang='lat' dir='ltr'>fixam</span> <span class='ocrx_word' id='word_1_532' title='bbox 3353 1727 3667 1785; x_wconf 88' lang='lat' dir='ltr'>stationem</span> <span class='ocrx_word' id='word_1_533' title='bbox 3702 1744 3809 1799; x_wconf 85' lang='lat' dir='ltr'>po-</span> 
     </span>
    </p>
   </div>
   <div class='ocr_carea' id='block_1_76' title="bbox 2151 1820 3813 1895">
    <p class='ocr_par' dir='ltr' id='par_1_76' title="bbox 2151 1820 3813 1895">
     <span class='ocr_line' id='line_1_76' title="bbox 2151 1820 3813 1895; baseline -0.007 -10"><span class='ocrx_word' id='word_1_534' title='bbox 2151 1828 2240 1885; x_wconf 90' lang='lat' dir='ltr'>sui</span> <span class='ocrx_word' id='word_1_535' title='bbox 2274 1829 2333 1883; x_wconf 90' lang='lat' dir='ltr'>in</span> <span class='ocrx_word' id='word_1_536' title='bbox 2365 1827 2513 1883; x_wconf 91' lang='lat' dir='ltr'>cella</span> <span class='ocrx_word' id='word_1_537' title='bbox 2542 1824 2853 1895; x_wconf 88' lang='lat' dir='ltr'>cujusdam</span> <span class='ocrx_word' id='word_1_538' title='bbox 2895 1823 3163 1889; x_wconf 86' lang='lat' dir='ltr'>solitarii,</span> <span class='ocrx_word' id='word_1_539' title='bbox 3216 1822 3316 1877; x_wconf 91' lang='lat' dir='ltr'>ubi</span> <span class='ocrx_word' id='word_1_540' title='bbox 3362 1824 3521 1876; x_wconf 90' lang='lat' dir='ltr'>victu</span> <span class='ocrx_word' id='word_1_541' title='bbox 3572 1820 3813 1875; x_wconf 84' lang='lat' dir='ltr'>fruebar</span> 
     </span>
    </p>
   </div>
   <div class='ocr_carea' id='block_1_77' title="bbox 2071 1911 3815 1993">
    <p class='ocr_par' dir='ltr' id='par_1_77' title="bbox 2071 1911 3815 1993">
     <span class='ocr_line' id='line_1_77' title="bbox 2071 1911 3815 1993; baseline -0.006 -17"><span class='ocrx_word' id='word_1_542' title='bbox 2071 1928 2118 1993; x_wconf 82' lang='grc' dir='ltr'><strong>Β</strong></span> <span class='ocrx_word' id='word_1_543' title='bbox 2151 1921 2335 1987; x_wconf 91' lang='lat' dir='ltr'>lauto,</span> <span class='ocrx_word' id='word_1_544' title='bbox 2369 1918 2520 1973; x_wconf 90' lang='lat' dir='ltr'>clam</span> <span class='ocrx_word' id='word_1_545' title='bbox 2557 1928 2887 1987; x_wconf 68' lang='lat' dir='ltr'>praevorans</span> <span class='ocrx_word' id='word_1_546' title='bbox 2917 1930 3045 1984; x_wconf 61' lang='lat' dir='ltr'>quis</span> <span class='ocrx_word' id='word_1_547' title='bbox 3077 1911 3175 1967; x_wconf 89' lang='lat' dir='ltr'>ille</span> <span class='ocrx_word' id='word_1_548' title='bbox 3207 1912 3319 1967; x_wconf 90' lang='lat' dir='ltr'>sibi</span> <span class='ocrx_word' id='word_1_549' title='bbox 3370 1913 3694 1982; x_wconf 88' lang='lat' dir='ltr'>paraverat,</span> <span class='ocrx_word' id='word_1_550' title='bbox 3751 1912 3815 1966; x_wconf 88' lang='lat' dir='ltr'>et</span> 
     </span>
    </p>
   </div>
   <div class='ocr_carea' id='block_1_78' title="bbox 2151 1997 3814 2079">
    <p class='ocr_par' dir='ltr' id='par_1_78' title="bbox 2151 1997 3814 2079">
     <span class='ocr_line' id='line_1_78' title="bbox 2151 1997 3814 2079; baseline -0.008 -14"><span class='ocrx_word' id='word_1_551' title='bbox 2151 2027 2220 2065; x_wconf 86' lang='lat' dir='ltr'>ex</span> <span class='ocrx_word' id='word_1_552' title='bbox 2236 2009 2327 2064; x_wconf 88' lang='lat' dir='ltr'>his</span> <span class='ocrx_word' id='word_1_553' title='bbox 2350 2024 2480 2079; x_wconf 80' lang='lat' dir='ltr'>quae</span> <span class='ocrx_word' id='word_1_554' title='bbox 2504 2001 3153 2061; x_wconf 87' lang='lat' dir='ltr'>abundabantsatietati</span> <span class='ocrx_word' id='word_1_555' title='bbox 3177 2017 3317 2055; x_wconf 57' lang='lat' dir='ltr'>meae</span> <span class='ocrx_word' id='word_1_556' title='bbox 3338 2015 3511 2070; x_wconf 87' lang='lat' dir='ltr'>magn</span> <span class='ocrx_word' id='word_1_557' title='bbox 3523 2015 3615 2053; x_wconf 89' lang='lat' dir='ltr'>um</span> <span class='ocrx_word' id='word_1_558' title='bbox 3637 1997 3814 2053; x_wconf 81' lang='lat' dir='ltr'>soda-</span> 
     </span>
    </p>
   </div>
   <div class='ocr_carea' id='block_1_79' title="bbox 2150 2085 3812 2161">
    <p class='ocr_par' dir='ltr' id='par_1_79' title="bbox 2150 2085 3812 2161">
     <span class='ocr_line' id='line_1_79' title="bbox 2150 2085 3812 2161; baseline -0.008 -9"><span class='ocrx_word' id='word_1_559' title='bbox 2150 2099 2296 2153; x_wconf 91' lang='lat' dir='ltr'>lium</span> <span class='ocrx_word' id='word_1_560' title='bbox 2361 2109 2625 2150; x_wconf 90' lang='lat' dir='ltr'>meorum</span> <span class='ocrx_word' id='word_1_561' title='bbox 2682 2106 2996 2147; x_wconf 90' lang='lat' dir='ltr'>numerum</span> <span class='ocrx_word' id='word_1_562' title='bbox 3059 2105 3329 2161; x_wconf 88' lang='lat' dir='ltr'>pascens,</span> <span class='ocrx_word' id='word_1_563' title='bbox 3385 2089 3486 2160; x_wconf 90' lang='lat' dir='ltr'>qui</span> <span class='ocrx_word' id='word_1_564' title='bbox 3530 2102 3596 2142; x_wconf 88' lang='lat' dir='ltr'>eo</span> <span class='ocrx_word' id='word_1_565' title='bbox 3657 2085 3812 2141; x_wconf 89' lang='lat' dir='ltr'>mihi</span> 
     </span>
    </p>
   </div>
   <div class='ocr_carea' id='block_1_80' title="bbox 2152 2174 3814 2250">
    <p class='ocr_par' dir='ltr' id='par_1_80' title="bbox 2152 2174 3814 2250">
     <span class='ocr_line' id='line_1_80' title="bbox 2152 2174 3814 2250; baseline -0.01 -7"><span class='ocrx_word' id='word_1_566' title='bbox 2152 2185 2435 2243; x_wconf 84' lang='lat' dir='ltr'>beneﬁcio</span> <span class='ocrx_word' id='word_1_567' title='bbox 2466 2181 2750 2249; x_wconf 90' lang='lat' dir='ltr'>obstricti,</span> <span class='ocrx_word' id='word_1_568' title='bbox 2784 2179 3087 2250; x_wconf 88' lang='lat' dir='ltr'>obsequio,</span> <span class='ocrx_word' id='word_1_569' title='bbox 3124 2183 3187 2232; x_wconf 84' lang='lat' dir='ltr'>ut</span> <span class='ocrx_word' id='word_1_570' title='bbox 3216 2178 3299 2247; x_wconf 89' lang='lat' dir='ltr'>ﬁt,</span> <span class='ocrx_word' id='word_1_571' title='bbox 3335 2182 3393 2233; x_wconf 92' lang='lat' dir='ltr'>et</span> <span class='ocrx_word' id='word_1_572' title='bbox 3424 2177 3641 2231; x_wconf 89' lang='lat' dir='ltr'>honore</span> <span class='ocrx_word' id='word_1_573' title='bbox 3680 2174 3814 2229; x_wconf 90' lang='lat' dir='ltr'>lar-</span> 
     </span>
    </p>
   </div>
   <div class='ocr_carea' id='block_1_81' title="bbox 2153 2262 3819 2346">
    <p class='ocr_par' dir='ltr' id='par_1_81' title="bbox 2153 2262 3819 2346">
     <span class='ocr_line' id='line_1_81' title="bbox 2153 2262 3819 2346; baseline -0.007 -16"><span class='ocrx_word' id='word_1_574' title='bbox 2153 2278 2394 2346; x_wconf 86' lang='lat' dir='ltr'>gitorem</span> <span class='ocrx_word' id='word_1_575' title='bbox 2451 2270 2847 2328; x_wconf 89' lang='lat' dir='ltr'>celebrabant.</span> <span class='ocrx_word' id='word_1_576' title='bbox 2905 2268 3144 2323; x_wconf 83' lang='lat' dir='ltr'>Interim</span> <span class='ocrx_word' id='word_1_577' title='bbox 3193 2266 3515 2331; x_wconf 86' lang='lat' dir='ltr'>solitarius,</span> <span class='ocrx_word' id='word_1_578' title='bbox 3572 2262 3819 2319; x_wconf 87' lang='lat' dir='ltr'>damnis</span> 
     </span>
    </p>
   </div>
   <div class='ocr_carea' id='block_1_82' title="bbox 2154 2356 3816 2438">
    <p class='ocr_par' dir='ltr' id='par_1_82' title="bbox 2154 2356 3816 2438">
     <span class='ocr_line' id='line_1_82' title="bbox 2154 2356 3816 2438; baseline -0.009 -17"><span class='ocrx_word' id='word_1_579' title='bbox 2154 2363 2518 2438; x_wconf 88' lang='lat' dir='ltr'>quotidianis</span> <span class='ocrx_word' id='word_1_580' title='bbox 2552 2362 2794 2421; x_wconf 89' lang='lat' dir='ltr'>irratus,</span> <span class='ocrx_word' id='word_1_581' title='bbox 2826 2358 2973 2411; x_wconf 90' lang='lat' dir='ltr'>nihil</span> <span class='ocrx_word' id='word_1_582' title='bbox 3001 2374 3116 2411; x_wconf 90' lang='lat' dir='ltr'>non</span> <span class='ocrx_word' id='word_1_583' title='bbox 3167 2356 3435 2411; x_wconf 87' lang='lat' dir='ltr'>tentabat</span> <span class='ocrx_word' id='word_1_584' title='bbox 3484 2369 3597 2422; x_wconf 91' lang='lat' dir='ltr'>quo</span> <span class='ocrx_word' id='word_1_585' title='bbox 3645 2366 3816 2407; x_wconf 81' lang='lat' dir='ltr'>meas</span> 
     </span>
    </p>
   </div>
   <div class='ocr_carea' id='block_1_83' title="bbox 2156 2446 3818 2524">
    <p class='ocr_par' dir='ltr' id='par_1_83' title="bbox 2156 2446 3818 2524">
     <span class='ocr_line' id='line_1_83' title="bbox 2156 2446 3818 2524; baseline -0.01 -12"><span class='ocrx_word' id='word_1_586' title='bbox 2156 2474 2188 2512; x_wconf 90' lang='lat' dir='ltr'>a</span> <span class='ocrx_word' id='word_1_587' title='bbox 2219 2472 2279 2511; x_wconf 90' lang='lat' dir='ltr'>se</span> <span class='ocrx_word' id='word_1_588' title='bbox 2310 2453 2562 2524; x_wconf 88' lang='lat' dir='ltr'>injurias</span> <span class='ocrx_word' id='word_1_589' title='bbox 2606 2448 2940 2518; x_wconf 86' lang='lat' dir='ltr'>depelleret.</span> <span class='ocrx_word' id='word_1_590' title='bbox 2988 2446 3099 2500; x_wconf 87' lang='lat' dir='ltr'>Sed</span> <span class='ocrx_word' id='word_1_591' title='bbox 3160 2446 3379 2498; x_wconf 82' lang='lat' dir='ltr'>frustra</span> <span class='ocrx_word' id='word_1_592' title='bbox 3434 2446 3602 2498; x_wconf 87' lang='lat' dir='ltr'>erant</span> <span class='ocrx_word' id='word_1_593' title='bbox 3655 2446 3818 2496; x_wconf 83' lang='lat' dir='ltr'>artes</span> 
     </span>
    </p>
   </div>
   <div class='ocr_carea' id='block_1_84' title="bbox 2156 2534 3821 2617">
    <p class='ocr_par' dir='ltr' id='par_1_84' title="bbox 2156 2534 3821 2617">
     <span class='ocr_line' id='line_1_84' title="bbox 2156 2534 3821 2617; baseline -0.011 -13"><span class='ocrx_word' id='word_1_594' title='bbox 2156 2548 2285 2617; x_wconf 83' lang='lat' dir='ltr'>ejus</span> <span class='ocrx_word' id='word_1_595' title='bbox 2316 2555 2644 2610; x_wconf 88' lang='lat' dir='ltr'>omnes,me</span> <span class='ocrx_word' id='word_1_596' title='bbox 2673 2536 2916 2592; x_wconf 85' lang='lat' dir='ltr'>solerter</span> <span class='ocrx_word' id='word_1_597' title='bbox 2946 2552 3013 2591; x_wconf 91' lang='lat' dir='ltr'>ac</span> <span class='ocrx_word' id='word_1_598' title='bbox 3046 2534 3294 2590; x_wconf 90' lang='lat' dir='ltr'>feliciter</span> <span class='ocrx_word' id='word_1_599' title='bbox 3323 2536 3529 2588; x_wconf 88' lang='lat' dir='ltr'>contra</span> <span class='ocrx_word' id='word_1_600' title='bbox 3577 2542 3821 2602; x_wconf 89' lang='lat' dir='ltr'>semper</span> 
     </span>
    </p>
   </div>
   <div class='ocr_carea' id='block_1_85' title="bbox 2158 2623 3817 2698">
    <p class='ocr_par' dir='ltr' id='par_1_85' title="bbox 2158 2623 3817 2698">
     <span class='ocr_line' id='line_1_85' title="bbox 2158 2623 3817 2698; baseline -0.009 -6"><span class='ocrx_word' id='word_1_601' title='bbox 2158 2634 2555 2692; x_wconf 81' lang='lat' dir='ltr'>machinante.</span> <span class='ocrx_word' id='word_1_602' title='bbox 2612 2629 2834 2698; x_wconf 90' lang='lat' dir='ltr'>Itaque,</span> <span class='ocrx_word' id='word_1_603' title='bbox 2886 2642 3019 2681; x_wconf 91' lang='lat' dir='ltr'>cum</span> <span class='ocrx_word' id='word_1_604' title='bbox 3071 2625 3223 2679; x_wconf 89' lang='lat' dir='ltr'>inter</span> <span class='ocrx_word' id='word_1_605' title='bbox 3272 2623 3387 2677; x_wconf 87' lang='lat' dir='ltr'>alia</span> <span class='ocrx_word' id='word_1_606' title='bbox 3441 2626 3817 2677; x_wconf 85' lang='lat' dir='ltr'>commentus</span> 
     </span>
    </p>
   </div>
   <div class='ocr_carea' id='block_1_86' title="bbox 2159 2710 3818 2792">
    <p class='ocr_par' dir='ltr' id='par_1_86' title="bbox 2159 2710 3818 2792">
     <span class='ocr_line' id='line_1_86' title="bbox 2159 2710 3818 2792; baseline -0.013 -8"><span class='ocrx_word' id='word_1_607' title='bbox 2159 2731 2314 2783; x_wconf 87' lang='lat' dir='ltr'>esset</span> <span class='ocrx_word' id='word_1_608' title='bbox 2344 2720 2795 2792; x_wconf 90' lang='lat' dir='ltr'>suspensionem</span> <span class='ocrx_word' id='word_1_609' title='bbox 2829 2732 2897 2771; x_wconf 87' lang='lat' dir='ltr'>ex</span> <span class='ocrx_word' id='word_1_610' title='bbox 2930 2714 3142 2787; x_wconf 88' lang='lat' dir='ltr'>paxillo</span> <span class='ocrx_word' id='word_1_611' title='bbox 3176 2711 3360 2784; x_wconf 86' lang='lat' dir='ltr'>parati</span> <span class='ocrx_word' id='word_1_612' title='bbox 3382 2713 3509 2782; x_wconf 89' lang='lat' dir='ltr'>jam</span> <span class='ocrx_word' id='word_1_613' title='bbox 3554 2710 3818 2783; x_wconf 79' lang='lat' dir='ltr'>prandii,</span> 
     </span>
    </p>
   </div>
   <div class='ocr_carea' id='block_1_87' title="bbox 2161 2804 3821 2888">
    <p class='ocr_par' dir='ltr' id='par_1_87' title="bbox 2161 2804 3821 2888">
     <span class='ocr_line' id='line_1_87' title="bbox 2161 2804 3821 2888; baseline -0.01 -17"><span class='ocrx_word' id='word_1_614' title='bbox 2161 2815 2352 2888; x_wconf 86' lang='lat' dir='ltr'>quoad</span> <span class='ocrx_word' id='word_1_615' title='bbox 2403 2813 2548 2866; x_wconf 90' lang='lat' dir='ltr'>hora</span> <span class='ocrx_word' id='word_1_616' title='bbox 2597 2811 2767 2876; x_wconf 82' lang='lat' dir='ltr'>juxta</span> <span class='ocrx_word' id='word_1_617' title='bbox 2829 2804 3206 2876; x_wconf 89' lang='lat' dir='ltr'>disciplinam</span> <span class='ocrx_word' id='word_1_618' title='bbox 3267 2808 3598 2856; x_wconf 87' lang='lat' dir='ltr'>ascetarum</span> <span class='ocrx_word' id='word_1_619' title='bbox 3660 2804 3821 2855; x_wconf 88' lang='lat' dir='ltr'>stata</span> 
     </span>
    </p>
   </div>
   <div class='ocr_carea' id='block_1_88' title="bbox 2158 2888 3823 2977">
    <p class='ocr_par' dir='ltr' id='par_1_88' title="bbox 2158 2888 3823 2977">
     <span class='ocr_line' id='line_1_88' title="bbox 2158 2888 3823 2977; baseline -0.012 -15"><span class='ocrx_word' id='word_1_620' title='bbox 2158 2905 2492 2977; x_wconf 85' lang='lat' dir='ltr'>legitimum</span> <span class='ocrx_word' id='word_1_621' title='bbox 2521 2896 2795 2954; x_wconf 87' lang='lat' dir='ltr'>vescendi</span> <span class='ocrx_word' id='word_1_622' title='bbox 2824 2900 3060 2966; x_wconf 89' lang='lat' dir='ltr'>tempus</span> <span class='ocrx_word' id='word_1_623' title='bbox 3091 2892 3438 2958; x_wconf 84' lang='lat' dir='ltr'>reduxisset,</span> <span class='ocrx_word' id='word_1_624' title='bbox 3460 2907 3565 2962; x_wconf 88' lang='lat' dir='ltr'>ego</span> <span class='ocrx_word' id='word_1_625' title='bbox 3596 2888 3823 2944; x_wconf 89' lang='lat' dir='ltr'>nihilo-</span> 
     </span>
    </p>
   </div>
   <div class='ocr_carea' id='block_1_89' title="bbox 2161 2978 3822 3061">
    <p class='ocr_par' dir='ltr' id='par_1_89' title="bbox 2161 2978 3822 3061">
     <span class='ocr_line' id='line_1_89' title="bbox 2161 2978 3822 3061; baseline -0.011 -9"><span class='ocrx_word' id='word_1_626' title='bbox 2161 2996 2360 3053; x_wconf 89' lang='lat' dir='ltr'>minus</span> <span class='ocrx_word' id='word_1_627' title='bbox 2389 2995 2687 3061; x_wconf 55' lang='lat' dir='ltr'>{arrepens</span> <span class='ocrx_word' id='word_1_628' title='bbox 2734 2992 2793 3042; x_wconf 88' lang='lat' dir='ltr'>et</span> <span class='ocrx_word' id='word_1_629' title='bbox 2849 3000 3088 3040; x_wconf 87' lang='lat' dir='ltr'>sursum</span> <span class='ocrx_word' id='word_1_630' title='bbox 3150 2982 3346 3037; x_wconf 92' lang='lat' dir='ltr'>nitens</span> <span class='ocrx_word' id='word_1_631' title='bbox 3402 2997 3469 3035; x_wconf 90' lang='lat' dir='ltr'>eo</span> <span class='ocrx_word' id='word_1_632' title='bbox 3520 2978 3822 3051; x_wconf 87' lang='lat' dir='ltr'>pertinge-</span> 
     </span>
    </p>
   </div>
   <div class='ocr_carea' id='block_1_90' title="bbox 2162 3060 3822 3149">
    <p class='ocr_par' dir='ltr' id='par_1_90' title="bbox 2162 3060 3822 3149">
     <span class='ocr_line' id='line_1_90' title="bbox 2162 3060 3822 3149; baseline -0.011 -8"><span class='ocrx_word' id='word_1_633' title='bbox 2162 3088 2321 3149; x_wconf 90' lang='lat' dir='ltr'>bam,</span> <span class='ocrx_word' id='word_1_634' title='bbox 2355 3060 2505 3136; x_wconf 79' lang='lat' dir='ltr'>dans</span> <span class='ocrx_word' id='word_1_635' title='bbox 2537 3077 2805 3134; x_wconf 85' lang='lat' dir='ltr'>sedulam</span> <span class='ocrx_word' id='word_1_636' title='bbox 2837 3088 3074 3145; x_wconf 85' lang='lat' dir='ltr'>operam</span> <span class='ocrx_word' id='word_1_637' title='bbox 3105 3076 3171 3126; x_wconf 93' lang='lat' dir='ltr'>ut</span> <span class='ocrx_word' id='word_1_638' title='bbox 3208 3086 3278 3125; x_wconf 82' lang='lat' dir='ltr'>ex</span> <span class='ocrx_word' id='word_1_639' title='bbox 3326 3068 3475 3125; x_wconf 89' lang='lat' dir='ltr'>meis</span> <span class='ocrx_word' id='word_1_640' title='bbox 3524 3070 3822 3124; x_wconf 84' lang='lat' dir='ltr'>duntaxat</span> 
     </span>
    </p>
   </div>
   <div class='ocr_carea' id='block_1_91' title="bbox 2165 3157 3817 3243">
    <p class='ocr_par' dir='ltr' id='par_1_91' title="bbox 2165 3157 3817 3243">
     <span class='ocr_line' id='line_1_91' title="bbox 2165 3157 3817 3243; baseline -0.01 -15"><span class='ocrx_word' id='word_1_641' title='bbox 2165 3171 2427 3243; x_wconf 87' lang='lat' dir='ltr'>reliquiis</span> <span class='ocrx_word' id='word_1_642' title='bbox 2482 3167 2675 3222; x_wconf 87' lang='lat' dir='ltr'>vivere</span> <span class='ocrx_word' id='word_1_643' title='bbox 2732 3162 3035 3220; x_wconf 85' lang='lat' dir='ltr'>solitarius</span> <span class='ocrx_word' id='word_1_644' title='bbox 3094 3164 3480 3215; x_wconf 87' lang='lat' dir='ltr'>assuesceret.</span> <span class='ocrx_word' id='word_1_645' title='bbox 3547 3158 3617 3212; x_wconf 87' lang='lat' dir='ltr'>Et</span> <span class='ocrx_word' id='word_1_646' title='bbox 3686 3157 3817 3212; x_wconf 85' lang='lat' dir='ltr'>vice</span> 
     </span>
    </p>
   </div>
   <div class='ocr_carea' id='block_1_92' title="bbox 2166 3244 3829 3321">
    <p class='ocr_par' dir='ltr' id='par_1_92' title="bbox 2166 3244 3829 3321">
     <span class='ocr_line' id='line_1_92' title="bbox 2166 3244 3829 3321; baseline -0.01 -4"><span class='ocrx_word' id='word_1_647' title='bbox 2166 3277 2361 3317; x_wconf 87' lang='lat' dir='ltr'>rerum</span> <span class='ocrx_word' id='word_1_648' title='bbox 2395 3256 2630 3312; x_wconf 90' lang='lat' dir='ltr'>divertit</span> <span class='ocrx_word' id='word_1_649' title='bbox 2661 3254 2729 3308; x_wconf 89' lang='lat' dir='ltr'>ad</span> <span class='ocrx_word' id='word_1_650' title='bbox 2765 3268 2900 3307; x_wconf 90' lang='lat' dir='ltr'>eum</span> <span class='ocrx_word' id='word_1_651' title='bbox 2940 3251 3157 3321; x_wconf 87' lang='lat' dir='ltr'>hospes</span> <span class='ocrx_word' id='word_1_652' title='bbox 3187 3264 3201 3302; x_wconf 88' lang='lat'><strong>:</strong></span> <span class='ocrx_word' id='word_1_653' title='bbox 3234 3252 3530 3319; x_wconf 85' lang='lat' dir='ltr'>exceptus,</span> <span class='ocrx_word' id='word_1_654' title='bbox 3582 3250 3648 3301; x_wconf 91' lang='lat' dir='ltr'>ut</span> <span class='ocrx_word' id='word_1_655' title='bbox 3694 3244 3829 3301; x_wconf 87' lang='lat' dir='ltr'>ﬁeri</span> 
     </span>
    </p>
   </div>
   <div class='ocr_carea' id='block_1_93' title="bbox 2165 3336 3829 3414">
    <p class='ocr_par' dir='ltr' id='par_1_93' title="bbox 2165 3336 3829 3414">
     <span class='ocr_line' id='line_1_93' title="bbox 2165 3336 3829 3414; baseline -0.01 -9"><span class='ocrx_word' id='word_1_656' title='bbox 2165 3352 2237 3405; x_wconf 87' lang='lat' dir='ltr'>ab</span> <span class='ocrx_word' id='word_1_657' title='bbox 2270 3348 2400 3403; x_wconf 90' lang='lat' dir='ltr'>istis</span> <span class='ocrx_word' id='word_1_658' title='bbox 2432 3346 2600 3414; x_wconf 91' lang='lat' dir='ltr'>solet,</span> <span class='ocrx_word' id='word_1_659' title='bbox 2634 3358 2774 3397; x_wconf 89' lang='lat' dir='ltr'>sane</span> <span class='ocrx_word' id='word_1_660' title='bbox 2805 3338 3081 3394; x_wconf 88' lang='lat' dir='ltr'>benevole</span> <span class='ocrx_word' id='word_1_661' title='bbox 3112 3354 3177 3392; x_wconf 88' lang='lat' dir='ltr'>ac</span> <span class='ocrx_word' id='word_1_662' title='bbox 3208 3337 3471 3392; x_wconf 89' lang='lat' dir='ltr'>comiter.</span> <span class='ocrx_word' id='word_1_663' title='bbox 3520 3336 3659 3391; x_wconf 85' lang='lat' dir='ltr'>Post</span> <span class='ocrx_word' id='word_1_664' title='bbox 3705 3336 3829 3407; x_wconf 91' lang='lat' dir='ltr'>pri-</span> 
     </span>
    </p>
   </div>
   <div class='ocr_carea' id='block_1_94' title="bbox 2167 3424 3827 3501">
    <p class='ocr_par' dir='ltr' id='par_1_94' title="bbox 2167 3424 3827 3501">
     <span class='ocr_line' id='line_1_94' title="bbox 2167 3424 3827 3501; baseline -0.01 -6"><span class='ocrx_word' id='word_1_665' title='bbox 2167 3457 2295 3494; x_wconf 90' lang='lat' dir='ltr'>mas</span> <span class='ocrx_word' id='word_1_666' title='bbox 2328 3434 2730 3501; x_wconf 89' lang='lat' dir='ltr'>salutationes,</span> <span class='ocrx_word' id='word_1_667' title='bbox 2759 3430 2912 3485; x_wconf 91' lang='lat' dir='ltr'>inter</span> <span class='ocrx_word' id='word_1_668' title='bbox 2942 3428 3207 3484; x_wconf 86' lang='lat' dir='ltr'>ofﬁciosa</span> <span class='ocrx_word' id='word_1_669' title='bbox 3256 3425 3567 3496; x_wconf 87' lang='lat' dir='ltr'>colloquia,</span> <span class='ocrx_word' id='word_1_670' title='bbox 3620 3424 3827 3480; x_wconf 74' lang='lat' dir='ltr'>solita-</span> 
     </span>
    </p>
   </div>
   <div class='ocr_carea' id='block_1_95' title="bbox 2166 3514 3826 3595">
    <p class='ocr_par' dir='ltr' id='par_1_95' title="bbox 2166 3514 3826 3595">
     <span class='ocr_line' id='line_1_95' title="bbox 2166 3514 3826 3595; baseline -0.01 -11"><span class='ocrx_word' id='word_1_671' title='bbox 2166 3530 2291 3584; x_wconf 87' lang='lat' dir='ltr'>rius</span> <span class='ocrx_word' id='word_1_672' title='bbox 2323 3525 2568 3595; x_wconf 84' lang='lat' dir='ltr'>strepitu</span> <span class='ocrx_word' id='word_1_673' title='bbox 2604 3518 3003 3590; x_wconf 32' lang='lat' dir='ltr'>forteaaudito,</span> <span class='ocrx_word' id='word_1_674' title='bbox 3050 3534 3145 3572; x_wconf 89' lang='lat' dir='ltr'>me</span> <span class='ocrx_word' id='word_1_675' title='bbox 3196 3514 3391 3570; x_wconf 89' lang='lat' dir='ltr'>moliri</span> <span class='ocrx_word' id='word_1_676' title='bbox 3444 3514 3668 3585; x_wconf 87' lang='lat' dir='ltr'>aliquid</span> <span class='ocrx_word' id='word_1_677' title='bbox 3717 3530 3826 3585; x_wconf 88' lang='lat' dir='ltr'>pro</span> 
     </span>
    </p>
   </div>
   <div class='ocr_carea' id='block_1_96' title="bbox 2169 3604 3828 3681">
    <p class='ocr_par' dir='ltr' id='par_1_96' title="bbox 2169 3604 3828 3681">
     <span class='ocr_line' id='line_1_96' title="bbox 2169 3604 3828 3681; baseline -0.01 -8"><span class='ocrx_word' id='word_1_678' title='bbox 2169 3634 2331 3673; x_wconf 85' lang='lat' dir='ltr'>more</span> <span class='ocrx_word' id='word_1_679' title='bbox 2384 3620 2568 3681; x_wconf 90' lang='lat' dir='ltr'>ratus,</span> <span class='ocrx_word' id='word_1_680' title='bbox 2623 3610 2970 3667; x_wconf 82' lang='lat' dir='ltr'>exterrendo</span> <span class='ocrx_word' id='word_1_681' title='bbox 3025 3606 3171 3662; x_wconf 91' lang='lat' dir='ltr'>mihi</span> <span class='ocrx_word' id='word_1_682' title='bbox 3226 3604 3539 3676; x_wconf 83' lang='lat' dir='ltr'>complosit</span> <span class='ocrx_word' id='word_1_683' title='bbox 3584 3620 3828 3659; x_wconf 89' lang='lat' dir='ltr'>manus.</span> 
     </span>
    </p>
   </div>
   <div class='ocr_carea' id='block_1_97' title="bbox 2170 3694 3826 3778">
    <p class='ocr_par' dir='ltr' id='par_1_97' title="bbox 2170 3694 3826 3778">
     <span class='ocr_line' id='line_1_97' title="bbox 2170 3694 3826 3778; baseline -0.011 -14"><span class='ocrx_word' id='word_1_684' title='bbox 2170 3709 2352 3778; x_wconf 91' lang='lat' dir='ltr'>quue</span> <span class='ocrx_word' id='word_1_685' title='bbox 2384 3720 2563 3760; x_wconf 87' lang='lat' dir='ltr'>causa</span> <span class='ocrx_word' id='word_1_686' title='bbox 2588 3700 2790 3756; x_wconf 89' lang='lat' dir='ltr'>eadem</span> <span class='ocrx_word' id='word_1_687' title='bbox 2822 3714 2955 3753; x_wconf 91' lang='lat' dir='ltr'>cum</span> <span class='ocrx_word' id='word_1_688' title='bbox 2987 3696 3198 3751; x_wconf 87' lang='lat' dir='ltr'>iterum</span> <span class='ocrx_word' id='word_1_689' title='bbox 3230 3699 3288 3749; x_wconf 91' lang='lat' dir='ltr'>et</span> <span class='ocrx_word' id='word_1_690' title='bbox 3326 3694 3501 3749; x_wconf 86' lang='lat' dir='ltr'>tertio</span> <span class='ocrx_word' id='word_1_691' title='bbox 3554 3694 3826 3761; x_wconf 81' lang='lat' dir='ltr'>frequen-</span> 
     </span>
    </p>
   </div>
   <div class='ocr_carea' id='block_1_98' title="bbox 2168 3780 3828 3862">
    <p class='ocr_par' dir='ltr' id='par_1_98' title="bbox 2168 3780 3828 3862">
     <span class='ocr_line' id='line_1_98' title="bbox 2168 3780 3828 3862; baseline -0.01 -10"><span class='ocrx_word' id='word_1_692' title='bbox 2168 3800 2370 3861; x_wconf 83' lang='lat' dir='ltr'>tasset,</span> <span class='ocrx_word' id='word_1_693' title='bbox 2403 3793 2617 3862; x_wconf 89' lang='lat' dir='ltr'>hospes</span> <span class='ocrx_word' id='word_1_694' title='bbox 2648 3805 2752 3844; x_wconf 90' lang='lat' dir='ltr'>cur</span> <span class='ocrx_word' id='word_1_695' title='bbox 2775 3788 2833 3842; x_wconf 92' lang='lat' dir='ltr'>id</span> <span class='ocrx_word' id='word_1_696' title='bbox 2865 3786 3100 3846; x_wconf 86' lang='lat' dir='ltr'>faceret.</span> <span class='ocrx_word' id='word_1_697' title='bbox 3134 3782 3421 3854; x_wconf 65' lang='lat' dir='ltr'>quaesivit.</span> <span class='ocrx_word' id='word_1_698' title='bbox 3455 3781 3559 3837; x_wconf 87' lang='lat' dir='ltr'>Cui</span> <span class='ocrx_word' id='word_1_699' title='bbox 3614 3780 3828 3836; x_wconf 86' lang='lat' dir='ltr'>solita—</span> 
     </span>
    </p>
   </div>
   <div class='ocr_carea' id='block_1_99' title="bbox 2171 3869 3833 3946">
    <p class='ocr_par' dir='ltr' id='par_1_99' title="bbox 2171 3869 3833 3946">
     <span class='ocr_line' id='line_1_99' title="bbox 2171 3869 3833 3946; baseline -0.01 -5"><span class='ocrx_word' id='word_1_700' title='bbox 2171 3887 2314 3941; x_wconf 89' lang='lat' dir='ltr'>rius.</span> <span class='ocrx_word' id='word_1_701' title='bbox 2347 3884 2565 3938; x_wconf 90' lang='lat' dir='ltr'>lnfesta</span> <span class='ocrx_word' id='word_1_702' title='bbox 2592 3879 2844 3943; x_wconf 89' lang='lat' dir='ltr'>dudum,</span> <span class='ocrx_word' id='word_1_703' title='bbox 2888 3874 3106 3946; x_wconf 89' lang='lat' dir='ltr'>inquit,</span> <span class='ocrx_word' id='word_1_704' title='bbox 3152 3872 3275 3927; x_wconf 76' lang='lat' dir='ltr'>haec</span> <span class='ocrx_word' id='word_1_705' title='bbox 3324 3869 3685 3927; x_wconf 89' lang='lat' dir='ltr'>domuncula</span> <span class='ocrx_word' id='word_1_706' title='bbox 3737 3874 3833 3927; x_wconf 89' lang='lat' dir='ltr'>est</span> 
     </span>
    </p>
   </div>
   <div class='ocr_carea' id='block_1_100' title="bbox 2171 3961 3829 4031">
    <p class='ocr_par' dir='ltr' id='par_1_100' title="bbox 2171 3961 3829 4031">
     <span class='ocr_line' id='line_1_100' title="bbox 2171 3961 3829 4031; baseline -0.01 0"><span class='ocrx_word' id='word_1_707' title='bbox 2171 3974 2452 4031; x_wconf 89' lang='lat' dir='ltr'>intestino</span> <span class='ocrx_word' id='word_1_708' title='bbox 2509 3968 2816 4027; x_wconf 83' lang='lat' dir='ltr'>latrocinio</span> <span class='ocrx_word' id='word_1_709' title='bbox 2868 3962 3226 4022; x_wconf 85' lang='lat' dir='ltr'>astutissimi</span> <span class='ocrx_word' id='word_1_710' title='bbox 3284 3961 3494 4029; x_wconf 88' lang='lat' dir='ltr'>muris,</span> <span class='ocrx_word' id='word_1_711' title='bbox 3560 3978 3593 4015; x_wconf 89' lang='lat' dir='ltr'>a</span> <span class='ocrx_word' id='word_1_712' title='bbox 3655 3961 3829 4030; x_wconf 90' lang='lat' dir='ltr'>cujus</span> 
     </span>
    </p>
   </div>
   <div class='ocr_carea' id='block_1_101' title="bbox 2172 4048 3831 4133">
    <p class='ocr_par' dir='ltr' id='par_1_101' title="bbox 2172 4048 3831 4133">
     <span class='ocr_line' id='line_1_101' title="bbox 2172 4048 3831 4133; baseline -0.011 -12"><span class='ocrx_word' id='word_1_713' title='bbox 2172 4067 2344 4120; x_wconf 84' lang='lat' dir='ltr'>dente</span> <span class='ocrx_word' id='word_1_714' title='bbox 2375 4079 2440 4118; x_wconf 86' lang='lat' dir='ltr'>ac</span> <span class='ocrx_word' id='word_1_715' title='bbox 2472 4060 2613 4133; x_wconf 90' lang='lat' dir='ltr'>gula</span> <span class='ocrx_word' id='word_1_716' title='bbox 2644 4057 2788 4113; x_wconf 90' lang='lat' dir='ltr'>nihil</span> <span class='ocrx_word' id='word_1_717' title='bbox 2817 4070 3058 4127; x_wconf 89' lang='lat' dir='ltr'>prorsus</span> <span class='ocrx_word' id='word_1_718' title='bbox 3091 4068 3296 4108; x_wconf 90' lang='lat' dir='ltr'>eorum</span> <span class='ocrx_word' id='word_1_719' title='bbox 3347 4060 3475 4121; x_wconf 67' lang='lat' dir='ltr'>qua?</span> <span class='ocrx_word' id='word_1_720' title='bbox 3529 4048 3679 4104; x_wconf 90' lang='lat' dir='ltr'>mihi</span> <span class='ocrx_word' id='word_1_721' title='bbox 3728 4053 3831 4104; x_wconf 89' lang='lat' dir='ltr'>aut</span> 
     </span>
    </p>
   </div>
   <div class='ocr_carea' id='block_1_102' title="bbox 2173 4139 3823 4224">
    <p class='ocr_par' dir='ltr' id='par_1_102' title="bbox 2173 4139 3823 4224">
     <span class='ocr_line' id='line_1_102' title="bbox 2173 4139 3823 4224; baseline -0.011 -14"><span class='ocrx_word' id='word_1_722' title='bbox 2173 4152 2509 4224; x_wconf 91' lang='lat' dir='ltr'>hospitibus</span> <span class='ocrx_word' id='word_1_723' title='bbox 2564 4165 2704 4219; x_wconf 89' lang='lat' dir='ltr'>paro</span> <span class='ocrx_word' id='word_1_724' title='bbox 2750 4150 2875 4201; x_wconf 91' lang='lat' dir='ltr'>arte</span> <span class='ocrx_word' id='word_1_725' title='bbox 2923 4143 3116 4197; x_wconf 88' lang='lat' dir='ltr'>adhuc</span> <span class='ocrx_word' id='word_1_726' title='bbox 3166 4140 3287 4196; x_wconf 88' lang='lat' dir='ltr'>ulla</span> <span class='ocrx_word' id='word_1_727' title='bbox 3336 4155 3566 4194; x_wconf 88' lang='lat' dir='ltr'>servare</span> <span class='ocrx_word' id='word_1_728' title='bbox 3612 4139 3823 4210; x_wconf 89' lang='lat' dir='ltr'>potuit,</span> 
     </span>
    </p>
   </div>
   <div class='ocr_carea' id='block_1_103' title="bbox 2174 4230 3823 4315">
    <p class='ocr_par' dir='ltr' id='par_1_103' title="bbox 2174 4230 3823 4315">
     <span class='ocr_line' id='line_1_103' title="bbox 2174 4230 3823 4315; baseline -0.01 -17"><span class='ocrx_word' id='word_1_729' title='bbox 2174 4242 2494 4315; x_wconf 90' lang='lat' dir='ltr'>quominus</span> <span class='ocrx_word' id='word_1_730' title='bbox 2518 4238 2698 4293; x_wconf 86' lang='lat' dir='ltr'>libata</span> <span class='ocrx_word' id='word_1_731' title='bbox 2744 4236 2953 4290; x_wconf 85' lang='lat' dir='ltr'>cuncta</span> <span class='ocrx_word' id='word_1_732' title='bbox 3000 4247 3067 4288; x_wconf 87' lang='lat' dir='ltr'>ac</span> <span class='ocrx_word' id='word_1_733' title='bbox 3114 4231 3263 4286; x_wconf 75' lang='lat' dir='ltr'>foede</span> <span class='ocrx_word' id='word_1_734' title='bbox 3311 4230 3636 4285; x_wconf 86' lang='lat' dir='ltr'>deformata</span> <span class='ocrx_word' id='word_1_735' title='bbox 3686 4243 3823 4299; x_wconf 84' lang='lat' dir='ltr'>quo-</span> 
     </span>
    </p>
   </div>
   <div class='ocr_carea' id='block_1_104' title="bbox 2175 4318 3823 4399">
    <p class='ocr_par' dir='ltr' id='par_1_104' title="bbox 2175 4318 3823 4399">
     <span class='ocr_line' id='line_1_104' title="bbox 2175 4318 3823 4399; baseline -0.01 -12"><span class='ocrx_word' id='word_1_736' title='bbox 2175 4332 2318 4387; x_wconf 90' lang='lat' dir='ltr'>tidie</span> <span class='ocrx_word' id='word_1_737' title='bbox 2372 4327 2681 4399; x_wconf 85' lang='lat' dir='ltr'>reperiam.</span> <span class='ocrx_word' id='word_1_738' title='bbox 2742 4324 2891 4378; x_wconf 89' lang='lat' dir='ltr'>Tum</span> <span class='ocrx_word' id='word_1_739' title='bbox 2949 4321 3188 4392; x_wconf 90' lang='lat' dir='ltr'>hospes,</span> <span class='ocrx_word' id='word_1_740' title='bbox 3243 4322 3442 4385; x_wconf 85' lang='lat' dir='ltr'>Estne,</span> <span class='ocrx_word' id='word_1_741' title='bbox 3511 4318 3616 4382; x_wconf 88' lang='lat' dir='ltr'>ait,</span> <span class='ocrx_word' id='word_1_742' title='bbox 3689 4332 3823 4371; x_wconf 90' lang='lat' dir='ltr'>mus</span> 
     </span>
    </p>
   </div>
   <div class='ocr_carea' id='block_1_105' title="bbox 2175 4405 3829 4484">
    <p class='ocr_par' dir='ltr' id='par_1_105' title="bbox 2175 4405 3829 4484">
     <span class='ocr_line' id='line_1_105' title="bbox 2175 4405 3829 4484; baseline -0.01 -8"><span class='ocrx_word' id='word_1_743' title='bbox 2175 4421 2270 4475; x_wconf 92' lang='lat' dir='ltr'>hic</span> <span class='ocrx_word' id='word_1_744' title='bbox 2301 4419 2483 4484; x_wconf 91' lang='lat' dir='ltr'>solus,</span> <span class='ocrx_word' id='word_1_745' title='bbox 2510 4434 2582 4472; x_wconf 89' lang='lat' dir='ltr'>an</span> <span class='ocrx_word' id='word_1_746' title='bbox 2611 4413 2856 4470; x_wconf 89' lang='lat' dir='ltr'>comites</span> <span class='ocrx_word' id='word_1_747' title='bbox 2888 4410 3091 4466; x_wconf 85' lang='lat' dir='ltr'>habet?</span> <span class='ocrx_word' id='word_1_748' title='bbox 3117 4410 3189 4465; x_wconf 88' lang='lat' dir='ltr'>Et</span> <span class='ocrx_word' id='word_1_749' title='bbox 3218 4408 3339 4479; x_wconf 90' lang='lat' dir='ltr'>ille,</span> <span class='ocrx_word' id='word_1_750' title='bbox 3370 4407 3576 4473; x_wconf 89' lang='lat' dir='ltr'>Habet,</span> <span class='ocrx_word' id='word_1_751' title='bbox 3613 4405 3829 4477; x_wconf 89' lang='lat' dir='ltr'>inquit,</span> 
     </span>
    </p>
   </div>
   <div class='ocr_carea' id='block_1_106' title="bbox 2177 4494 3829 4577">
    <p class='ocr_par' dir='ltr' id='par_1_106' title="bbox 2177 4494 3829 4577">
     <span class='ocr_line' id='line_1_106' title="bbox 2177 4494 3829 4577; baseline -0.01 -12"><span class='ocrx_word' id='word_1_752' title='bbox 2177 4510 2462 4577; x_wconf 91' lang='lat' dir='ltr'>minutos,</span> <span class='ocrx_word' id='word_1_753' title='bbox 2525 4521 2674 4577; x_wconf 90' lang='lat' dir='ltr'>quos</span> <span class='ocrx_word' id='word_1_754' title='bbox 2732 4517 2971 4558; x_wconf 89' lang='lat' dir='ltr'>cursare</span> <span class='ocrx_word' id='word_1_755' title='bbox 3027 4515 3144 4555; x_wconf 91' lang='lat' dir='ltr'>non</span> <span class='ocrx_word' id='word_1_756' title='bbox 3203 4514 3334 4553; x_wconf 89' lang='lat' dir='ltr'>raro</span> <span class='ocrx_word' id='word_1_757' title='bbox 3389 4496 3577 4562; x_wconf 92' lang='lat' dir='ltr'>video,</span> <span class='ocrx_word' id='word_1_758' title='bbox 3639 4494 3829 4549; x_wconf 89' lang='lat' dir='ltr'>socios</span> 
     </span>
    </p>
   </div>
   <div class='ocr_carea' id='block_1_107' title="bbox 2176 4584 3826 4670">
    <p class='ocr_par' dir='ltr' id='par_1_107' title="bbox 2176 4584 3826 4670">
     <span class='ocr_line' id='line_1_107' title="bbox 2176 4584 3826 4670; baseline -0.012 -15"><span class='ocrx_word' id='word_1_759' title='bbox 2176 4616 2291 4655; x_wconf 89' lang='lat' dir='ltr'>non</span> <span class='ocrx_word' id='word_1_760' title='bbox 2326 4613 2565 4670; x_wconf 88' lang='lat' dir='ltr'>paucos,</span> <span class='ocrx_word' id='word_1_761' title='bbox 2612 4594 2713 4650; x_wconf 90' lang='lat' dir='ltr'>sed</span> <span class='ocrx_word' id='word_1_762' title='bbox 2767 4591 2987 4663; x_wconf 68' lang='lat' dir='ltr'>exiguae</span> <span class='ocrx_word' id='word_1_763' title='bbox 3038 4586 3362 4655; x_wconf 63' lang='lat' dir='ltr'>industriae,</span> <span class='ocrx_word' id='word_1_764' title='bbox 3416 4601 3521 4640; x_wconf 89' lang='lat' dir='ltr'>nec</span> <span class='ocrx_word' id='word_1_765' title='bbox 3570 4584 3826 4638; x_wconf 89' lang='lat' dir='ltr'>multum</span> 
     </span>
    </p>
   </div>
   <div class='ocr_carea' id='block_1_108' title="bbox 2176 4672 3820 4748">
    <p class='ocr_par' dir='ltr' id='par_1_108' title="bbox 2176 4672 3820 4748">
     <span class='ocr_line' id='line_1_108' title="bbox 2176 4672 3820 4748; baseline -0.012 -4"><span class='ocrx_word' id='word_1_766' title='bbox 2176 4691 2304 4745; x_wconf 90' lang='lat' dir='ltr'>ideo</span> <span class='ocrx_word' id='word_1_767' title='bbox 2339 4686 2684 4743; x_wconf 89' lang='lat' dir='ltr'>formidatos</span> <span class='ocrx_word' id='word_1_768' title='bbox 2733 4681 2914 4746; x_wconf 89' lang='lat' dir='ltr'>mihi;</span> <span class='ocrx_word' id='word_1_769' title='bbox 2960 4677 3128 4733; x_wconf 89' lang='lat' dir='ltr'>facile</span> <span class='ocrx_word' id='word_1_770' title='bbox 3178 4677 3396 4748; x_wconf 90' lang='lat' dir='ltr'>quippe</span> <span class='ocrx_word' id='word_1_771' title='bbox 3444 4672 3577 4728; x_wconf 89' lang='lat' dir='ltr'>illos</span> <span class='ocrx_word' id='word_1_772' title='bbox 3626 4673 3820 4744; x_wconf 87' lang='lat' dir='ltr'>abigo.</span> 
     </span>
    </p>
   </div>
   <div class='ocr_carea' id='block_1_109' title="bbox 2178 4762 3823 4843">
    <p class='ocr_par' dir='ltr' id='par_1_109' title="bbox 2178 4762 3823 4843">
     <span class='ocr_line' id='line_1_109' title="bbox 2178 4762 3823 4843; baseline -0.012 -8"><span class='ocrx_word' id='word_1_773' title='bbox 2178 4780 2392 4835; x_wconf 87' lang='lat' dir='ltr'>Verum</span> <span class='ocrx_word' id='word_1_774' title='bbox 2427 4777 2707 4832; x_wconf 87' lang='lat' dir='ltr'>adversus</span> <span class='ocrx_word' id='word_1_775' title='bbox 2740 4769 3085 4843; x_wconf 89' lang='lat' dir='ltr'>primarium</span> <span class='ocrx_word' id='word_1_776' title='bbox 3120 4766 3286 4821; x_wconf 89' lang='lat' dir='ltr'>illum</span> <span class='ocrx_word' id='word_1_777' title='bbox 3320 4764 3586 4819; x_wconf 86' lang='lat' dir='ltr'>fraudem</span> <span class='ocrx_word' id='word_1_778' title='bbox 3637 4762 3823 4817; x_wconf 80' lang='lat' dir='ltr'>artiﬁ-</span> 
     </span>
    </p>
   </div>
   <div class='ocr_carea' id='block_1_110' title="bbox 2178 4851 3826 4926">
    <p class='ocr_par' dir='ltr' id='par_1_110' title="bbox 2178 4851 3826 4926">
     <span class='ocr_line' id='line_1_110' title="bbox 2178 4851 3826 4926; baseline -0.012 -1"><span class='ocrx_word' id='word_1_779' title='bbox 2178 4886 2300 4925; x_wconf 91' lang='lat' dir='ltr'>cem</span> <span class='ocrx_word' id='word_1_780' title='bbox 2332 4867 2559 4922; x_wconf 89' lang='lat' dir='ltr'>nullum</span> <span class='ocrx_word' id='word_1_781' title='bbox 2594 4863 2736 4919; x_wconf 91' lang='lat' dir='ltr'>mihi</span> <span class='ocrx_word' id='word_1_782' title='bbox 2770 4858 3107 4926; x_wconf 90' lang='lat' dir='ltr'>consilium,</span> <span class='ocrx_word' id='word_1_783' title='bbox 3143 4854 3305 4910; x_wconf 91' lang='lat' dir='ltr'>nulla</span> <span class='ocrx_word' id='word_1_784' title='bbox 3334 4870 3511 4925; x_wconf 91' lang='lat' dir='ltr'>opera</span> <span class='ocrx_word' id='word_1_785' title='bbox 3541 4851 3826 4923; x_wconf 89' lang='lat' dir='ltr'>procedit,</span> 
     </span>
    </p>
   </div>
   <div class='ocr_carea' id='block_1_111' title="bbox 2176 4942 3827 5025">
    <p class='ocr_par' dir='ltr' id='par_1_111' title="bbox 2176 4942 3827 5025">
     <span class='ocr_line' id='line_1_111' title="bbox 2176 4942 3827 5025; baseline -0.013 -10"><span class='ocrx_word' id='word_1_786' title='bbox 2176 4961 2318 5015; x_wconf 88' lang='lat' dir='ltr'>adeo</span> <span class='ocrx_word' id='word_1_787' title='bbox 2347 4957 2527 5025; x_wconf 89' lang='lat' dir='ltr'>vafer,</span> <span class='ocrx_word' id='word_1_788' title='bbox 2577 4953 2855 5022; x_wconf 88' lang='lat' dir='ltr'>idemque</span> <span class='ocrx_word' id='word_1_789' title='bbox 2906 4945 3236 5018; x_wconf 89' lang='lat' dir='ltr'>intrepidus</span> <span class='ocrx_word' id='word_1_790' title='bbox 3284 4942 3827 5011; x_wconf 89' lang='lat' dir='ltr'>eallidissimusque</span> 
     </span>
    </p>
   </div>
   <div class='ocr_carea' id='block_1_112' title="bbox 2178 5034 3827 5120">
    <p class='ocr_par' dir='ltr' id='par_1_112' title="bbox 2178 5034 3827 5120">
     <span class='ocr_line' id='line_1_112' title="bbox 2178 5034 3827 5120; baseline -0.014 -15"><span class='ocrx_word' id='word_1_791' title='bbox 2178 5044 2634 5120; x_wconf 82' lang='lat' dir='ltr'>Opportunitatis</span> <span class='ocrx_word' id='word_1_792' title='bbox 2667 5044 2932 5112; x_wconf 87' lang='lat' dir='ltr'>captator</span> <span class='ocrx_word' id='word_1_793' title='bbox 2963 5037 3057 5092; x_wconf 90' lang='lat' dir='ltr'>hic</span> <span class='ocrx_word' id='word_1_794' title='bbox 3082 5035 3231 5091; x_wconf 86' lang='lat' dir='ltr'>latro</span> <span class='ocrx_word' id='word_1_795' title='bbox 3263 5034 3827 5102; x_wconf 88' lang='lat' dir='ltr'>est.Consequenter</span> 
     </span>
    </p>
   </div>
   <div class='ocr_carea' id='block_1_113' title="bbox 2178 5120 3824 5204">
    <p class='ocr_par' dir='ltr' id='par_1_113' title="bbox 2178 5120 3824 5204">
     <span class='ocr_line' id='line_1_113' title="bbox 2178 5120 3824 5204; baseline -0.014 -10"><span class='ocrx_word' id='word_1_796' title='bbox 2178 5138 2436 5194; x_wconf 87' lang='lat' dir='ltr'>narravit</span> <span class='ocrx_word' id='word_1_797' title='bbox 2453 5134 2649 5204; x_wconf 88' lang='lat' dir='ltr'>aliqua</span> <span class='ocrx_word' id='word_1_798' title='bbox 2667 5148 2697 5186; x_wconf 81' lang='grc' dir='ltr'>θ</span> <span class='ocrx_word' id='word_1_799' title='bbox 2718 5130 2862 5185; x_wconf 90' lang='lat' dir='ltr'>meis</span> <span class='ocrx_word' id='word_1_800' title='bbox 2882 5125 3366 5191; x_wconf 88' lang='lat' dir='ltr'>facinoribus,me</span> <span class='ocrx_word' id='word_1_801' title='bbox 3384 5122 3559 5176; x_wconf 90' lang='lat' dir='ltr'>tacite</span> <span class='ocrx_word' id='word_1_802' title='bbox 3578 5120 3824 5183; x_wconf 68' lang='lat' dir='ltr'>ridente,</span> 
     </span>
    </p>
   </div>
   <div class='ocr_carea' id='block_1_114' title="bbox 2178 5212 3825 5284">
    <p class='ocr_par' dir='ltr' id='par_1_114' title="bbox 2178 5212 3825 5284">
     <span class='ocr_line' id='line_1_114' title="bbox 2178 5212 3825 5284; baseline -0.013 1"><span class='ocrx_word' id='word_1_803' title='bbox 2178 5247 2313 5284; x_wconf 89' lang='lat' dir='ltr'>nam</span> <span class='ocrx_word' id='word_1_804' title='bbox 2345 5226 2546 5283; x_wconf 89' lang='lat' dir='ltr'>omnia</span> <span class='ocrx_word' id='word_1_805' title='bbox 2583 5242 2651 5279; x_wconf 87' lang='lat' dir='ltr'>ex</span> <span class='ocrx_word' id='word_1_806' title='bbox 2700 5220 2879 5276; x_wconf 83' lang='lat' dir='ltr'>altero</span> <span class='ocrx_word' id='word_1_807' title='bbox 2932 5234 3059 5273; x_wconf 87' lang='lat' dir='ltr'>meo</span> <span class='ocrx_word' id='word_1_808' title='bbox 3109 5232 3248 5271; x_wconf 89' lang='lat' dir='ltr'>cavo</span> <span class='ocrx_word' id='word_1_809' title='bbox 3299 5212 3611 5269; x_wconf 85' lang='lat' dir='ltr'>audiebam</span> <span class='ocrx_word' id='word_1_810' title='bbox 3663 5226 3825 5266; x_wconf 89' lang='lat' dir='ltr'>mus-</span> 
     </span>
    </p>
   </div>
   <div class='ocr_carea' id='block_1_115' title="bbox 2178 5336 2336 5375">
    <p class='ocr_par' dir='ltr' id='par_1_115' title="bbox 2178 5336 2336 5375">
     <span class='ocr_line' id='line_1_115' title="bbox 2178 5336 2336 5375; baseline -0.019 0"><span class='ocrx_word' id='word_1_811' title='bbox 2178 5336 2336 5375; x_wconf 71' lang='lat' dir='ltr'>SRDS.</span> 
     </span>
    </p>
   </div>
   <div class='ocr_carea' id='block_1_116' title="bbox 2248 5404 3825 5484">
    <p class='ocr_par' dir='ltr' id='par_1_116' title="bbox 2248 5404 3825 5484">
     <span class='ocr_line' id='line_1_116' title="bbox 2248 5404 3825 5484; baseline -0.015 -3"><span class='ocrx_word' id='word_1_812' title='bbox 2248 5425 2389 5481; x_wconf 85' lang='lat' dir='ltr'><strong>VIII.</strong></span> <span class='ocrx_word' id='word_1_813' title='bbox 2424 5421 2573 5478; x_wconf 86' lang='lat' dir='ltr'>Tum</span> <span class='ocrx_word' id='word_1_814' title='bbox 2607 5420 2692 5475; x_wconf 89' lang='lat' dir='ltr'>sic</span> <span class='ocrx_word' id='word_1_815' title='bbox 2733 5432 2975 5474; x_wconf 87' lang='lat' dir='ltr'>exorsus</span> <span class='ocrx_word' id='word_1_816' title='bbox 3024 5414 3239 5484; x_wconf 87' lang='lat' dir='ltr'>hospes</span> <span class='ocrx_word' id='word_1_817' title='bbox 3291 5416 3381 5466; x_wconf 88' lang='lat' dir='ltr'>est</span> <span class='ocrx_word' id='word_1_818' title='bbox 3441 5424 3453 5461; x_wconf 89' lang='lat'><strong>:</strong></span> <span class='ocrx_word' id='word_1_819' title='bbox 3498 5404 3825 5477; x_wconf 89' lang='lat' dir='ltr'>Aliquando</span> 
     </span>
    </p>
   </div>
   <div class='ocr_carea' id='block_1_117' title="bbox 2175 5499 3830 5586">
    <p class='ocr_par' dir='ltr' id='par_1_117' title="bbox 2175 5499 3830 5586">
     <span class='ocr_line' id='line_1_117' title="bbox 2175 5499 3830 5586; baseline -0.015 -15"><span class='ocrx_word' id='word_1_820' title='bbox 2175 5530 2281 5586; x_wconf 84' lang='lat' dir='ltr'>ego</span> <span class='ocrx_word' id='word_1_821' title='bbox 2312 5517 2368 5569; x_wconf 91' lang='lat' dir='ltr'>et</span> <span class='ocrx_word' id='word_1_822' title='bbox 2397 5528 2623 5568; x_wconf 89' lang='lat' dir='ltr'>mecum</span> <span class='ocrx_word' id='word_1_823' title='bbox 2658 5508 2981 5564; x_wconf 89' lang='lat' dir='ltr'>amicorum</span> <span class='ocrx_word' id='word_1_824' title='bbox 3016 5503 3259 5574; x_wconf 90' lang='lat' dir='ltr'>quidam</span> <span class='ocrx_word' id='word_1_825' title='bbox 3294 5499 3385 5555; x_wconf 82' lang='lat' dir='ltr'>usi</span> <span class='ocrx_word' id='word_1_826' title='bbox 3418 5512 3633 5552; x_wconf 88' lang='lat' dir='ltr'>sumus</span> <span class='ocrx_word' id='word_1_827' title='bbox 3670 5508 3830 5586; x_wconf 43' lang='lat' dir='ltr'>pere:</span> 
     </span>
    </p>
   </div>
   <div class='ocr_carea' id='block_1_118' title="bbox 2173 5582 3824 5677">
    <p class='ocr_par' dir='ltr' id='par_1_118' title="bbox 2173 5582 3824 5677">
     <span class='ocr_line' id='line_1_118' title="bbox 2173 5582 3824 5677; baseline -0.015 -17"><span class='ocrx_word' id='word_1_828' title='bbox 2173 5582 2274 5677; x_wconf 71' lang='lat' dir='ltr'>gre</span> <span class='ocrx_word' id='word_1_829' title='bbox 2304 5601 2621 5659; x_wconf 88' lang='lat' dir='ltr'>diversorio</span> <span class='ocrx_word' id='word_1_830' title='bbox 2654 5597 2963 5669; x_wconf 85' lang='lat' dir='ltr'>cujusdam</span> <span class='ocrx_word' id='word_1_831' title='bbox 2994 5593 3136 5648; x_wconf 90' lang='lat' dir='ltr'>civis</span> <span class='ocrx_word' id='word_1_832' title='bbox 3168 5592 3229 5646; x_wconf 90' lang='lat' dir='ltr'>in</span> <span class='ocrx_word' id='word_1_833' title='bbox 3262 5589 3407 5645; x_wconf 90' lang='lat' dir='ltr'>urbe</span> <span class='ocrx_word' id='word_1_834' title='bbox 3437 5603 3552 5642; x_wconf 89' lang='lat' dir='ltr'>non</span> <span class='ocrx_word' id='word_1_835' title='bbox 3586 5582 3824 5677; x_wconf 68' lang='lat' dir='ltr'>ignobili</span> 
     </span>
    </p>
   </div>
   <div class='ocr_carea' id='block_1_119' title="bbox 2172 5671 3825 5759">
    <p class='ocr_par' dir='ltr' id='par_1_119' title="bbox 2172 5671 3825 5759">
     <span class='ocr_line' id='line_1_119' title="bbox 2172 5671 3825 5759; baseline -0.015 -10"><span class='ocrx_word' id='word_1_836' title='bbox 2172 5671 2328 5749; x_wconf 78' lang='lat' dir='ltr'>haud</span> <span class='ocrx_word' id='word_1_837' title='bbox 2359 5692 2527 5748; x_wconf 79' lang='lat' dir='ltr'>valde</span> <span class='ocrx_word' id='word_1_838' title='bbox 2557 5686 3068 5759; x_wconf 89' lang='lat' dir='ltr'>locupletis.Hune</span> <span class='ocrx_word' id='word_1_839' title='bbox 3094 5698 3200 5754; x_wconf 91' lang='lat' dir='ltr'>ego</span> <span class='ocrx_word' id='word_1_840' title='bbox 3223 5681 3384 5752; x_wconf 88' lang='lat' dir='ltr'>(nam</span> <span class='ocrx_word' id='word_1_841' title='bbox 3416 5676 3610 5749; x_wconf 83' lang='lat' dir='ltr'>paries</span> <span class='ocrx_word' id='word_1_842' title='bbox 3634 5671 3825 5729; x_wconf 88' lang='lat' dir='ltr'>tenuis</span> 
     </span>
    </p>
   </div>
   <div class='ocr_carea' id='block_1_120' title="bbox 2173 5761 3823 5851">
    <p class='ocr_par' dir='ltr' id='par_1_120' title="bbox 2173 5761 3823 5851">
     <span class='ocr_line' id='line_1_120' title="bbox 2173 5761 3823 5851; baseline -0.015 -11"><span class='ocrx_word' id='word_1_843' title='bbox 2173 5782 2509 5840; x_wconf 90' lang='lat' dir='ltr'>cubiculum</span> <span class='ocrx_word' id='word_1_844' title='bbox 2538 5781 2667 5851; x_wconf 86' lang='lat' dir='ltr'>ejus</span> <span class='ocrx_word' id='word_1_845' title='bbox 2699 5796 2732 5834; x_wconf 90' lang='lat' dir='ltr'>a</span> <span class='ocrx_word' id='word_1_846' title='bbox 2764 5783 2956 5833; x_wconf 86' lang='lat' dir='ltr'>nostro</span> <span class='ocrx_word' id='word_1_847' title='bbox 2990 5773 3321 5839; x_wconf 87' lang='lat' dir='ltr'>dirimebat)</span> <span class='ocrx_word' id='word_1_848' title='bbox 3348 5771 3518 5824; x_wconf 88' lang='lat' dir='ltr'>nocte</span> <span class='ocrx_word' id='word_1_849' title='bbox 3541 5761 3823 5820; x_wconf 89' lang='lat' dir='ltr'>concubia</span> 
     </span>
    </p>
   </div>
  </div>
