4120 6396
342 420 475 475 1301

1363 422 1723 473 SPECIMEN
1761 422 2161 477 SAPIENTIJE
2198 425 2537 479 INDORUM
2578 428 2738 480 VET.

3624 426 3647 479 1
3659 426 3767 479 302

348 562 483 600 cum
519 560 693 600 uxore
724 544 1079 600 fabulantem
1106 545 1417 600 audiebam
1437 544 1496 598 in
1533 544 1687 597 hunc
1716 545 1992 599 modum:
2030 553 2075 614 Α
2113 548 2545 619 frugem,antea
2568 553 2864 606 mundatis
2887 551 3354 620 admiscuit,haac
3377 567 3577 607 secum
3602 569 3761 605 mus-

344 633 488 689 Volo
546 635 693 689 istos
752 648 901 705 quos
960 639 1110 690 tecto
1169 635 1529 706 excepimus,
1594 634 1892 700 honestos,
1943 646 2006 689 ut

346 729 612 795 apparet,
658 724 813 779 viros
848 723 1107 779 convivio
1166 724 1341 779 etiam
1396 723 1674 778 adhibere
1723 739 1887 792 cras;
1922 725 2005 778 sic

344 814 500 869 enim
562 814 867 868 urbanitas
929 820 986 868 et
1039 813 1298 868 officium
1360 812 1598 884 hospitii
1658 813 2001 883 praascribit.

350 912 522 966 Recte
579 910 822 978 cogitas,
884 912 962 965 mi
1023 911 1130 975 vir,
1166 927 1310 966 uxor
1363 912 1464 977 ait,
1500 912 1669 965 modo
1721 911 1799 965 sit
1849 913 2005 966 unde

348 1017 615 1055 mensam
677 1001 1067 1067 instruamus,
1103 1018 1208 1056 nos
1240 1001 1395 1055 enim
1442 1000 1502 1055 in
1556 1001 1733 1069 diem,
1770 1005 1832 1053 ut
1863 1000 1999 1067 scis,

342 1091 633 1158 vivimus;
667 1096 726 1145 et
758 1108 883 1161 quae
918 1096 1036 1160 tua,
1072 1108 1141 1146 ne
1174 1091 1494 1163 quidquam
1543 1095 1660 1145 tam
1709 1105 1860 1161 saepe
1892 1092 2000 1145 im-

346 1180 594 1251 probata
630 1180 795 1245 mihi,
831 1181 1293 1236 dissolutissima
1321 1181 1452 1235 vita:
1487 1180 1631 1236 ratio
1659 1185 1767 1249 est,
1791 1184 2001 1236 cuncta

344 1268 427 1322 ita
456 1268 868 1323 consumimus
922 1270 1128 1340 quovis
1168 1286 1405 1341 vespere
1437 1275 1499 1324 ut
1527 1269 1671 1323 nihil
1704 1270 1761 1323 in
1796 1270 1999 1324 crasti-

346 1375 484 1412 num
517 1358 594 1413 sit
644 1358 875 1428 reliqui.
928 1360 1034 1413 tlui
1087 1361 1191 1427 vir,
1253 1362 1429 1423 Tace,
1462 1360 1676 1431 inquit,
1711 1375 1844 1414 cum
1879 1360 1998 1414 tuis

344 1449 475 1503 istis
507 1448 797 1519 angustiis
829 1448 1009 1502 animi
1040 1466 1051 1511 ;
1087 1449 1344 1504 crastina
1374 1450 1495 1504 dies
1532 1450 1856 1520 providebit
1884 1446 1997 1521 ipsi

348 1539 461 1593 sibi
494 1554 598 1593 nec
632 1540 702 1593 ab
734 1538 1018 1594 hodierna
1065 1541 1335 1610 degener,
1385 1546 1661 1611 suggeret
1690 1541 1819 1611 ipsa
1851 1558 1997 1612 quo—

347 1644 461 1699 que
492 1628 675 1700 hujus
700 1630 965 1701 exemplo
1018 1632 1172 1700 quod
1208 1630 1455 1685 edamus
1489 1634 1545 1685 et
1576 1629 1783 1686 amicis
1816 1647 1996 1702 appo-

345 1733 581 1773 namus.
617 1719 790 1773 Porro
849 1718 946 1773 isti
1004 1734 1252 1789 quorum
1316 1721 1374 1774 in
1435 1736 1746 1774 numerum
1780 1721 1995 1775 frustra

348 1822 437 1862 me
470 1807 704 1876 invitas,
740 1809 894 1863 avari
928 1810 1315 1880 respositores
1349 1809 1740 1879 afﬂuentiam,
1776 1810 1874 1881 qui
1914 1812 1998 1865 fa—

344 1910 498 1951 mem
532 1896 875 1952 hodiernam
909 1914 1011 1969 pro
1043 1899 1301 1953 crastina
1333 1898 1545 1969 pacisci
1579 1898 1747 1969 copia
1777 1898 1991 1965 solent,
2024 1910 2070 1978 Β

346 1987 497 2041 male
530 1987 806 2057 peribunt
836 1992 893 2041 et
922 1988 1218 2043 venatoris
1248 1992 1303 2041 et
1335 1986 1455 2058 lupi
1488 1988 1753 2059 exemplo
1777 1988 1993 2058 quibus

337 2091 514 2146 quam
568 2075 719 2130 male
772 2093 879 2131 sua
940 2078 1303 2148 providentia
1362 2079 1713 2134 successerit
1742 2078 1995 2133 breviter

334 2165 551 2236 accipe.
590 2166 938 2236 Progressus
980 2168 1050 2222 ad
1112 2170 1447 2223 venandum
1504 2170 1595 2223 vir
1647 2184 1781 2223 cum
1828 2185 1989 2238 arcu,

336 2272 739 2321 occurrentem
774 2284 1045 2338 capream
1105 2267 1321 2339 sagitta
1378 2270 1585 2324 stravit
1644 2282 1891 2341 eamque
1933 2270 1989 2324 in

332 2351 615 2410 humeros
647 2356 985 2428 impositam
1016 2358 1259 2413 domum
1296 2359 1568 2430 pertulit;
1606 2376 1712 2413 nec
1764 2357 1990 2431 epulari

328 2458 357 2497 e
390 2448 554 2499 tanta
591 2446 787 2515 praeda
818 2448 1123 2512 sustinuit,
1157 2447 1256 2501 sed
1301 2446 1539 2503 inhians
1573 2449 1803 2518 majori,
1830 2450 1988 2519 jeju-

327 2548 441 2587 nus
474 2534 683 2589 iternm
713 2536 847 2589 exit.
886 2536 1025 2590 Ecce
1086 2552 1200 2589 non
1256 2536 1451 2591 minus
1498 2539 1721 2591 favente
1756 2539 1988 2594 fortuna

325 2624 528 2692 procul
580 2641 791 2696 aprum
844 2625 1241 2695 conspicatur,
1274 2628 1330 2680 et
1364 2625 1489 2697 figit
1537 2626 1777 2697 explosa
1812 2645 1985 2683 nervo

330 2713 593 2785 tragula;
658 2719 715 2770 at
777 2717 959 2770 ferum
1025 2733 1386 2787 prrepropere
1444 2724 1744 2771 mortuum
1799 2723 1983 2787 ratus,

331 2803 469 2858 dum
503 2800 713 2874 cupide
743 2800 868 2859 vult
898 2803 1100 2859 tollere
1143 2802 1376 2875 spirans
1428 2804 1522 2860 ille
1574 2806 1763 2861 adhuc
1795 2813 1851 2860 et
1883 2808 1983 2861 do-

330 2889 451 2946 lore
480 2890 737 2947 vulneris
772 2890 1074 2964 irritatior,
1110 2910 1259 2949 srevo
1292 2896 1465 2949 dente
1498 2893 1795 2950 hominem
1833 2897 1979 2950 lace-

326 2988 413 3034 rat
448 2998 459 3036 :
490 2984 615 3035 tum
651 2983 845 3051 ambo,
878 2984 935 3037 vi
965 2982 1190 3039 cruoris
1223 2981 1441 3039 amissa
1475 2985 1750 3051 maxima,
1777 2982 1976 3040 eodem

324 3070 383 3124 in
416 3070 541 3125 loco
576 3073 923 3127 moriuntur.
969 3075 1313 3145 Supervenit
1344 3091 1458 3128 non
1491 3074 1573 3128 ita
1605 3074 1789 3129 multo
1824 3080 1975 3145 post,

317 3161 573 3231 praedam
591 3162 1183 3234 quaerenslupusﬂui
1204 3162 1345 3218 visis
1363 3163 1973 3233 corporibusduohus,

2112 637 2319 706 sitans,
2346 640 2427 693 En
2458 656 2635 710 quam
2679 641 2969 712 expediat,
2996 641 3285 712 quidquid
3320 641 3403 695 vir
3425 656 3591 695 meus
3614 658 3756 695 con-

2110 730 2198 781 tra
2227 728 2504 798 disputet,
2542 730 2859 800 repositum
2906 748 3136 786 servare
3166 730 3385 800 aliquid
3436 732 3494 785 in
3547 730 3761 784 crasti-

2111 836 2249 874 num
2280 836 2290 874 :
2322 837 2529 892 nempe
2562 822 2675 876 nisi
2708 821 2857 876 clam
2890 822 3012 890 illo,
3049 827 3113 876 ut
3154 821 3333 889 soleo,
3368 821 3752 890 providissem

2108 912 2330 978 partem
2381 908 2639 979 aliquam
2700 909 2917 964 sesami
2982 909 3238 981 purgati,
3293 908 3435 962 nihil
3488 909 3765 963 haberem

2108 1000 2262 1068 quod
2295 1000 2557 1054 venturis
2590 1001 2660 1054 ad
2706 999 3044 1054 condictum
3078 998 3335 1054 convivis
3368 998 3541 1052 hodie
3575 1014 3757 1069 appo-

2108 1104 2299 1143 nerem
2346 1106 2502 1144 nunc
2562 1104 2691 1143 cum
2753 1090 2957 1143 saltem
2995 1104 3126 1160 pars
3160 1090 3230 1143 ad
3269 1104 3507 1142 manum
3560 1087 3763 1157 aliqua

2107 1179 2185 1234 sit
2216 1180 2429 1233 sesami
2466 1180 2751 1249 mandati,
2789 1179 3012 1233 minore
3039 1180 3412 1233 incommodo
3435 1177 3485 1231 ei
3517 1179 3761 1247 adjungi

2107 1288 2241 1342 pars
2275 1270 2385 1325 alia
2420 1286 2528 1325 non
2566 1274 2811 1342 purgata
2848 1271 3094 1340 poterit;
3131 1270 3339 1323 modus
3371 1274 3459 1323 est
3490 1267 3758 1323 videlicet

2105 1360 2164 1415 in
2200 1362 2393 1427 rebus,
2429 1365 2484 1415 et
2516 1360 2701 1415 nimia
2730 1365 2786 1415 et
2820 1360 2979 1414 nulla
3032 1360 3400 1430 providentia
3452 1357 3669 1428 pariter
3696 1357 3755 1410 in

2103 1450 2241 1505 vitio
2274 1455 2433 1507 sunt.
2467 1454 2601 1516 Qure
2635 1451 2735 1505 illa
2781 1452 2919 1504 dum
2971 1458 3027 1505 et
3060 1456 3255 1519 ageret
3304 1455 3359 1503 et
3409 1449 3629 1502 diceret
3662 1465 3757 1501 sa-

2105 1540 2330 1611 pienter
2364 1544 2417 1594 et
2449 1544 2695 1604 morate,
2758 1542 2848 1594 vix
2908 1546 3105 1594 tamen
3138 1540 3337 1594 vitavit
3378 1538 3754 1593 temerarium

2094 1629 2389 1701 judicium
2424 1630 2757 1699 cujusdam,
2797 1630 2895 1700 qui
2955 1646 3083 1684 eam
3140 1629 3345 1683 videns
3374 1628 3562 1681 facere
3596 1629 3753 1699 quod

2101 1718 2241 1788 dixi,
2274 1720 2483 1787 Quam,
2519 1718 2736 1790 inquit,
2767 1734 3007 1773 causam
3038 1719 3213 1773 habet
3242 1718 3359 1772 ista
3392 1715 3603 1771 mulier
3625 1717 3749 1771 fru-

2100 1824 2201 1881 ges
2236 1810 2489 1863 mundae
2516 1809 2768 1880 impuris
2793 1808 3155 1863 admiscendi
3184 1811 3206 1862 Ρ

2175 1934 2270 1989 ΙΧ.
2310 1933 2407 1989 llis
2437 1930 2606 1989 dictis
2657 1932 2989 1990 solitarium
3040 1933 3256 2005 hospes
3307 1933 3565 2005 intuens,
3610 1934 3748 2002 Ista,

2102 2025 2317 2095 inquit,
2350 2024 2637 2094 exempla,
2681 2023 2728 2077 si
2781 2020 2971 2078 dicere
3023 2040 3118 2078 me
3149 2023 3317 2091 sinis,
3353 2023 3410 2077 in
3447 2029 3499 2078 te
3534 2024 3753 2095 pariter

2099 2122 2155 2171 et
2187 2116 2589 2171 subsessorem
2622 2120 2791 2170 tuum
2824 2133 3052 2170 murem
3088 2132 3396 2171 sensuram
3426 2116 3748 2185 intentant;

2101 2222 2235 2259 nam
2270 2221 2457 2276 neque
2487 2208 2550 2259 tu
2577 2204 2936 2275 quotidianis
2968 2202 3148 2275 hujus
3180 2204 3469 2259 vexareris
3492 2204 3748 2275 injuriis,

2100 2294 2211 2349 nisi
2252 2310 2691 2366 supervacanea
2743 2293 3111 2366 providentia
3157 2293 3375 2349 cibaria
3423 2294 3529 2348 tibi
3569 2294 3754 2349 multo

2098 2392 2230 2442 ante
2262 2403 2439 2457 quam
2492 2386 2748 2441 verearis
2797 2404 3132 2458 praeparans
3155 2386 3417 2457 spatium
3454 2385 3615 2441 illius
3633 2404 3751 2440 ma-

2096 2476 2535 2531 chinationibus
2590 2476 2897 2546 przsberes.
2953 2476 3065 2530 Iste
3119 2493 3290 2547 porro
3349 2476 3473 2546 ipse
3522 2475 3617 2530 iur
3645 2478 3747 2529 do-

2094 2565 2379 2621 mesticus
2408 2566 2561 2619 haud
2593 2568 2966 2635 grassaretur
3006 2569 3127 2619 tam
3161 2563 3423 2629 licenter,
3460 2566 3569 2619 nisi
3606 2582 3746 2619 con-

2091 2658 2266 2725 gestae
2328 2654 2616 2708 incubans
2645 2653 2747 2719 rei,
2783 2654 3150 2725 provisarum
3185 2654 3301 2707 sibi
3330 2670 3507 2722 opum
3579 2657 3633 2707 et
3684 2654 3743 2707 in

2089 2747 2215 2798 tuto
2250 2743 2578 2813 positarum
2613 2741 2975 2797 conscientia
3006 2741 3403 2797 insolesceret.
3440 2746 3582 2813 Age,
3618 2758 3745 2813 per-

2091 2831 2380 2887 fodiamus
2412 2831 2542 2900 ejus
2572 2842 2804 2896 cavum,
2859 2834 2961 2883 aut
3015 2829 3183 2884 valde
3217 2830 3409 2896 fallor,
3444 2838 3546 2884 aut
3578 2832 3744 2886 inve-

2087 2922 2317 2975 niemus
2377 2919 2596 2974 cubilia
2631 2919 2761 2989 ipsa
2791 2919 3129 2990 rapinarum
3173 2923 3349 2990 caput
3399 2934 3466 2974 ac
3497 2936 3736 2974 causam

2087 3010 2480 3065 conﬁdentiae.
2508 3009 2595 3062 Ab
2618 3008 2710 3063 his
2739 3009 2931 3063 statim
2973 3024 3033 3063 se
3072 3010 3389 3080 accingunt
3435 3009 3617 3079 operi,
3652 3024 3744 3062 ca-

2085 3116 2321 3155 vernam
2356 3112 2541 3154 meam
2578 3099 2960 3170 prcecipuam,
2984 3101 3155 3169 cujus
3178 3114 3241 3154 os
3269 3098 3558 3163 exstabat,
3587 3101 3741 3155 unde

2086 3205 2179 3244 me
2202 3206 2354 3259 saepe
2383 3189 2614 3259 prodire
2639 3188 2942 3244 solitarius
2964 3194 3283 3256 notaverat,
3318 3190 3579 3259 aggressi
3603 3206 3736 3244 cum

322 3254 381 3304 et
406 3265 538 3350 5m“
574 3251 865 3350 νθηδίξπίε
898 3268 1012 3350 Ῑξοη
1050 3253 1533 3350 procuijafef‘te’
1576 3254 1972 3350 “morati”
2006 3282 2047 3350 α
2089 3280 2300 3335 marris
2317 3283 2375 3333 et
2397 3278 2674 3333 terrebris
2696 3279 3047 3348 pertundere
3070 3278 3436 3347 scrutarique
3459 3292 3643 3346 usque
3666 3280 3738 3333 ad

324 3338 453 3409 quit
485 3354 709 3405 secum,
743 3340 865 3395 haec
896 3342 1012 3396 duo
1062 3358 1193 3396 cras
1222 3346 1278 3397 et
1321 3342 1531 3397 diebus
1590 3343 1976 3413 sequentibus

321 3428 623 3482 comedam
648 3444 660 3483 :
687 3429 1031 3486 hodiernam
1049 3431 1260 3487 famem
1279 3430 1509 3502 placare
1523 3431 1665 3487 satis
1680 3432 1788 3486 erit
1805 3449 1978 3488 nervo

319 3533 493 3572 arcus
515 3534 692 3587 quem
742 3518 824 3572 ibi
878 3520 1171 3589 abjectum
1210 3536 1403 3575 cerno.
1439 3519 1540 3574 His
1572 3520 1746 3576 dictis
1777 3522 1846 3575 ad
1883 3539 1974 3576 ar-

318 3622 454 3661 cum
505 3607 749 3676 accedit,
782 3613 840 3663 et
892 3625 1095 3663 vorare
1142 3608 1422 3663 ohordam
1451 3610 1809 3679 aggreditur.
1842 3615 1977 3665 Erat

318 3703 514 3754 autem
550 3700 843 3754 intentum
865 3699 925 3754 in
943 3716 1010 3755 ea
1032 3704 1091 3755 et
1114 3698 1743 3770 jaculationiparatum
1772 3700 1971 3758 telum.

317 3812 432 3866 quo
489 3798 558 3851 ad
621 3798 878 3867 primum
938 3796 1062 3869 lupi
1119 3801 1403 3853 attactum
1473 3797 1731 3868 exploso,
1795 3799 1975 3855 miser

318 3886 495 3943 corde
520 3888 988 3942 transverberato
1020 3887 1219 3942 statim
1264 3885 1441 3956 lupus
1471 3886 1714 3940 interiit.
1749 3886 1972 3945 Similis

317 3994 527 4032 avaros
558 3995 729 4049 pcena
763 3983 978 4042 manet,
1038 3994 1103 4032 ac
1160 3977 1427 4032 videlicet
1475 3980 1530 4031 te
1575 3994 1827 4048 quoque,
1857 3980 1969 4034 nisi

318 4066 543 4122 desinis
572 4067 643 4122 de
673 4068 931 4122 crastino
966 4082 1094 4122 esse
1126 4066 1395 4123 sollicita.
1438 4065 1678 4121 Talibus
1707 4067 1796 4122 vel
1838 4085 1972 4138 per-

317 4174 519 4226 suasa,
549 4157 634 4212 vel
670 4173 1013 4228 persuasam
1073 4174 1135 4213 se
1193 4156 1406 4212 mulier
1448 4156 1758 4223 simulans,
1790 4159 1966 4226 Bene,

314 4246 522 4315 inquit,
556 4246 769 4302 habet:
795 4246 914 4302 seio
947 4246 1043 4301 ubi
1078 4247 1155 4301 sit
1182 4262 1360 4317 oryza
1416 4249 1473 4300 et
1520 4262 1817 4301 sesamum
1857 4263 1870 4302 :
1905 4265 1970 4303 ea

313 4352 445 4391 cras
490 4336 838 4407 tempestive
896 4352 1145 4407 coquam
1178 4340 1232 4391 et
1269 4335 1581 4404 condiam;
1636 4352 1779 4391 voca
1837 4336 1970 4393 licet

315 4442 466 4498 quos
496 4425 674 4495 voles,
732 4425 1017 4480 Postridie
1077 4441 1249 4481 mane
1298 4426 1417 4479 vidi
1464 4425 1969 4483 matremfamilias

316 4519 535 4571 certam
571 4516 786 4570 sesami
821 4531 1183 4582 mensuram,
1230 4518 1451 4585 quanta
1500 4515 1756 4571 convivis
1786 4533 1819 4569 a
1851 4517 1970 4572 viro

318 4606 593 4660 vocandis
619 4604 933 4670 sufﬁceret,
977 4620 1133 4675 aqua
1180 4603 1393 4669 lavare,
1447 4619 1699 4674 moxque
1750 4621 1965 4676 purga-

312 4702 436 4752 tam
469 4696 799 4766 eXpandere
830 4697 899 4750 ad
926 4694 1131 4761 solem,
1156 4699 1284 4749 tum
1317 4694 1386 4749 ad
1408 4693 1523 4750 alla
1557 4711 1619 4749 se
1651 4694 1963 4750 ministerii

310 4784 623 4842 domestici
657 4801 834 4856 opera
855 4788 1101 4841 vertere.
1134 4785 1533 4855 Occupaverat
1556 4788 1751 4839 autem
1775 4783 1964 4855 pridie

310 4877 659 4931 demensum
710 4874 928 4930 sesami
970 4873 1093 4929 viro
1125 4878 1183 4929 et
1221 4873 1333 4929 sibi
1365 4873 1750 4928 suffecturum
1782 4873 1841 4927 in
1876 4889 1964 4929 se.

310 4972 587 5039 quentem
649 4966 803 5022 diem
856 4982 1125 5037 purgare,
1186 4970 1243 5021 et
1299 4964 1526 5020 lautum
1559 4965 1962 5036 siccatumque

312 5068 678 5136 reposuerat,
714 5064 807 5119 cui
850 5067 1134 5133 quantum
1158 5062 1531 5134 absumpturi
1566 5067 1730 5117 erant
1760 5062 1959 5133 hospi-

309 5159 398 5209 tes
432 5170 588 5208 nunc
620 5153 1016 5224 superaddere
1047 5156 1309 5224 parabat.
1364 5151 1470 5205 Sed
1502 5164 1675 5206 casus
1705 5150 1958 5205 interve-

309 5247 397 5302 nit
432 5262 572 5301 sane
612 5245 1021 5301 incommodus
1055 5260 1067 5299 :
1105 5260 1239 5298 nam
1276 5242 1438 5298 canis
1492 5244 1826 5312 praeteriens
1860 5258 1957 5295 ex-

307 5352 564 5409 pansum
599 5337 669 5390 ad
702 5335 885 5391 solem
911 5348 1187 5389 sesanum
1220 5332 1585 5388 comminxit.
1619 5334 1740 5396 Quo
1776 5331 1962 5386 anim-

303 5427 548 5482 adverso
592 5425 830 5491 femina,
894 5424 1185 5495 pollutum
1248 5422 1418 5477 urina
1475 5422 1670 5477 cibum
1731 5422 1957 5476 abomi~

304 5533 474 5584 nans,
508 5514 737 5586 abjecit.
779 5513 1013 5569 Excludi
1060 5515 1255 5567 autem
1289 5528 1350 5567 se
1382 5516 1646 5583 tempore
1676 5512 1956 5580 sentiens,

306 5624 381 5664 ne
404 5606 563 5661 aliud
598 5621 873 5661 sesanum
906 5603 1167 5659 ablueret
1197 5603 1348 5673 quod
1384 5601 1710 5673 quantitate
1761 5618 1957 5656 neces-

309 5696 467 5754 saria
488 5696 671 5767 pridie
696 5699 895 5767 parato
918 5694 1284 5764 adjungeret,
1309 5697 1363 5746 et
1388 5692 1528 5746 cista
1557 5692 1957 5761 depromptam

309 5800 651 5846 mensuram
683 5787 811 5857 ejus
834 5784 1008 5855 priori
1035 5796 1255 5855 parem,
1290 5782 1682 5850 immundam,
1717 5786 1782 5835 ut
1815 5785 1955 5851 erat,

2086 3371 2390 3425 intimum.
2423 3369 2765 3423 Tremebam
2801 3384 2907 3440 ego
2938 3370 3076 3423 totis
3100 3369 3350 3423 artubus
3381 3372 3594 3423 cuncta
3615 3368 3737 3424 haec

2085 3460 2330 3515 audiens
2363 3474 2393 3513 e
2437 3459 2698 3513 secundo
2748 3473 2877 3512 meo
2938 3457 3253 3513 seductiori
3294 3457 3600 3525 foramine,
3634 3459 3733 3512 ubi

2080 3555 2225 3604 tunc
2259 3550 2422 3614 forte,
2458 3552 2522 3601 ut
2552 3547 2691 3611 dixi,
2716 3547 3152 3616 delitescebam,
3178 3546 3350 3601 anxio
3372 3551 3515 3603 aestu
3550 3547 3731 3602 animi

2082 3636 2445 3692 misserrime
2478 3642 2767 3700 metuens,
2793 3652 2863 3691 ne
2896 3636 2987 3690 bis
3037 3635 3197 3691 mille
3227 3648 3456 3702 aureos,
3490 3650 3638 3705 quos
3671 3636 3728 3688 in

2079 3728 2198 3781 imo
2214 3726 2365 3781 antri
2386 3741 2563 3796 specu
2590 3726 2809 3780 sensim
2838 3724 3008 3779 furtis
3029 3724 3207 3780 variis
3232 3730 3500 3796 aggestus
3523 3724 3724 3780 condi-

2078 3817 2301 3879 deram,
2355 3814 2862 3883 deprehenderent
2892 3820 2948 3869 et
2979 3815 3252 3870 tollerent
3283 3831 3295 3869 :
3330 3815 3387 3868 id
3422 3816 3575 3886 quod
3609 3828 3722 3868 non

2078 3904 2265 3959 multo
2314 3906 2446 3973 post
2492 3902 2705 3957 evenit.
2736 3901 2944 3957 Ablato
3006 3903 3283 3957 thesauro
3342 3919 3471 3959 meo
3505 3903 3721 3974 hospes

2074 3992 2171 4047 ille
2204 4006 2334 4045 meo
2365 3990 2583 4045 damno
2615 3990 2873 4059 sapiens,
2908 3991 3373 4058 Exarmavimus,
3397 3992 3612 4063 inquit,
3638 3993 3726 4047 la-

2074 4087 2301 4137 tronem
2336 4094 2348 4133 :
2384 4078 2467 4133 nil
2494 4077 2750 4147 audebit,
2786 4078 2866 4131 nil
2913 4078 3124 4149 poterit
3168 4079 3225 4131 in
3273 4084 3597 4148 posterum.
3632 4081 3725 4135 Ni-

2076 4172 2278 4237 mium,
2312 4170 2419 4224 hoc
2443 4167 2667 4235 dicens,
2692 4182 2863 4223 verax
2889 4168 3015 4237 fuit,
3039 4173 3125 4223 Ex
3154 4167 3251 4223 illo
3270 4173 3569 4225 momento
3595 4184 3725 4225 mea

2073 4260 2265 4317 omnis
2296 4256 2649 4313 conﬁdentia
2678 4257 2906 4325 dejecta
2936 4261 3050 4324 est,
3088 4258 3175 4312 vis
3221 4262 3513 4327 enervata,
3546 4258 3721 4313 indu-

2074 4350 2219 4405 stria
2250 4348 2499 4403 evanuit.
2521 4351 2716 4402 Mures
2748 4346 3030 4412 minores,
3070 4346 3171 4417 qui
3218 4362 3310 4400 me
3349 4351 3519 4402 antea
3546 4362 3723 4402 vene-

2074 4441 2371 4508 rebantur,
2423 4442 2563 4493 tunc
2614 4441 2999 4510 aSpernantes
3056 4438 3403 4493 irridehant.
3462 4442 3721 4495 Conatus

2074 4533 2189 4603 ipsi
2215 4530 2329 4584 mei
2364 4542 2638 4584 successu
2670 4527 2841 4583 solito
2871 4528 3168 4582 carebant.
3202 4528 3347 4583 Cum
3393 4528 3549 4583 enim
3584 4544 3722 4599 pos-

2076 4620 2269 4686 tridie,
2307 4619 2463 4690 quod
2498 4618 2662 4689 prius
2714 4632 2865 4687 saepe
2898 4616 3172 4679 feceram,
3218 4616 3421 4672 cistam
3456 4617 3719 4673 edulium

2075 4724 2425 4780 suspensam
2458 4705 2702 4776 {insilire
2742 4710 3090 4770 tentassem,
3125 4705 3317 4760 medio
3364 4706 3584 4776 impetu
3619 4706 3723 4760 de-

2072 4798 2219 4853 cidi:
2282 4797 2590 4867 magisque
2644 4811 2709 4848 ac
2752 4794 2939 4865 magis
2967 4795 3027 4849 in
3058 4794 3230 4849 horas
3261 4794 3629 4863 debilitabar,
3664 4800 3721 4848 et

2074 4887 2175 4960 qui
2209 4902 2300 4941 me
2347 4884 2511 4955 prius
2567 4883 2706 4939 olim
2758 4882 2990 4938 obnoxii
3050 4883 3291 4938 clientes
3346 4888 3719 4938 contemnere

2072 4980 2386 5048 coeperant,
2419 4973 2764 5045 nunciultro
2794 4974 2971 5028 etiam
2994 4974 3237 5028 oderant
3265 4978 3322 5028 et
3352 4973 3587 5046 pulsare
3610 4974 3721 5028 mi-

2072 5067 2385 5122 nabantur.
2410 5065 2667 5120 Mirabar
2688 5064 3065 5119 vehementer
3086 5072 3309 5134 quanta
3339 5064 3425 5118 vis
3448 5064 3573 5118 auri
3600 5064 3678 5119 sit
3704 5082 3716 5120 :

2072 5172 2172 5227 per
2198 5153 2341 5209 illud
2378 5153 2647 5209 amicitiae
2691 5154 2851 5223 jura,
2902 5153 3272 5207 necessitudo
3304 5153 3718 5223 consanguini-

2069 5244 2227 5310 tatis,
2277 5244 2421 5298 fides
2476 5241 2757 5297 clientelas
2793 5246 3095 5308 constant;
3144 5241 3274 5313 ipsa
3324 5259 3511 5312 mens,
3548 5243 3717 5314 ratio,

2072 5334 2394 5403 ingenium,
2447 5331 2759 5397 industria,
2796 5335 2950 5385 artes
3008 5332 3293 5401 dotesque
3341 5333 3721 5388 obsolescunt

2072 5423 2309 5479 sineillo
2334 5437 2438 5476 nec
2460 5422 2573 5477 voti
2597 5421 2777 5476 ullius
2806 5421 2897 5475 sui
2922 5436 3161 5493 compos
3186 5422 3311 5478 fieri
3335 5423 3622 5494 spoliatus
3652 5439 3717 5477 eo

2073 5518 2282 5584 potest.
2311 5514 2456 5583 Ergo
2488 5510 2585 5565 illa
2615 5510 2923 5564 verissima
2952 5516 3184 5581 patrum
3218 5513 3290 5567 ad
3323 5527 3534 5583 pueros
3579 5515 3719 5566 sunt

2072 5603 2331 5657 monita:
2364 5601 2617 5656 Pecunia
2649 5616 2796 5671 opus
2834 5606 2923 5654 est
2963 5603 3090 5656 sine
3122 5602 3224 5657 illa
3266 5601 3411 5656 nihil
3444 5606 3597 5655 recte
3628 5604 3713 5671 iit,

2071 5692 2248 5761 Veiis,
2295 5692 2489 5761 remis,
2551 5690 2800 5745 navibus
2854 5695 3031 5761 atque
3082 5691 3380 5763 quadrigis
3439 5691 3717 5761 fugienda

2072 5783 2403 5851 paupertas,
2437 5788 2489 5834 et
2523 5779 2603 5834 vel
2639 5794 2740 5850 per
2772 5784 3089 5834 scatentem
3126 5779 3337 5835 belluis
3370 5784 3612 5851 pontum
3648 5799 3715 5836 ac
