4120 6388
392 398 531 451 1303

1909 397 2293 449 APPENDIX.

3682 400 3821 455 1304

388 524 747 579 swvissimas
772 522 1055 595 procellas
1084 525 1153 577 ad
1173 522 1407 577 divitias
1431 521 1811 575 currendum.
1837 518 2044 589 Inopes
2075 518 2130 583 Α
2162 519 2365 588 pensio
2397 529 2503 587 est,
2524 536 2553 574 e
2573 522 2862 576 diametro
2879 521 3149 577 videlicet
3168 521 3437 593 opposita
3458 523 3818 594 capitalissi-

394 628 578 681 aequae
612 613 787 667 rivuli
821 618 994 667 tenue
1026 610 1169 665 illud
1201 610 1451 680 liquoris
1498 609 1663 663 tilum
1700 625 1815 662 non
1859 606 2045 674 perfe-

390 706 532 755 runt
560 702 629 755 ad
666 718 857 768 mare;
892 706 1105 755 ﬂumen
1155 699 1394 770 plenum
1438 698 1513 753 sit
1560 701 1790 768 oportet
1852 700 1917 749 ut
1973 696 2046 749 ad

394 804 678 843 oceanum
712 790 1025 859 pertingat.
1082 788 1167 842 Ita
1216 804 1457 857 pauper,
1523 803 1626 841 nec
1677 785 1856 853 huius
1911 783 2046 838 vitae

394 879 705 932 commoda
734 893 838 931 nec
864 878 1072 931 futurae
1097 875 1432 931 felicitatem
1467 875 1619 946 potis
1647 879 1735 929 est
1760 874 1996 943 assequi
2031 888 2045 926 :

394 966 494 1020 sed
530 971 782 1036 spretus,
816 965 1089 1032 afﬂictus,
1121 981 1352 1032 exosus,
1405 964 1581 1019 etiam
1630 980 1785 1017 sanie
1831 961 2046 1015 mentis

394 1059 450 1108 et
475 1054 639 1108 bona:
675 1056 837 1107 famae
870 1054 1244 1126 dispendium
1278 1054 1497 1125 patitur
1528 1053 1876 1107 necessitate
1909 1053 2047 1104 ada-

395 1148 525 1197 ctus
558 1144 629 1197 ad
662 1144 1029 1215 peccandum
1064 1162 1076 1198 :
1113 1161 1243 1198 nam
1276 1143 1505 1198 suasilli
1530 1143 1813 1213 angustiae
1833 1157 2046 1195 mrum-

395 1250 601 1303 nasque
634 1237 857 1287 mature
891 1234 1184 1304 cogitandi
1217 1250 1283 1287 ac
1307 1250 1405 1302 per
1436 1232 1545 1288 hoc
1579 1233 1874 1303 sapienter
1902 1247 2043 1285 con-

396 1321 653 1390 sulendi,
688 1323 945 1393 spatium
979 1329 1037 1377 et
1081 1322 1421 1377 facultatem
1454 1323 1741 1387 demunt;
1775 1319 2047 1375 exclusus

396 1427 539 1465 sano
574 1411 834 1476 consilio,
897 1413 1301 1482 imprudenter
1346 1417 1643 1482 operatur,
1668 1410 1835 1465 utilia
1892 1411 2043 1465 factu

396 1500 634 1569 omittit,
660 1502 785 1571 jam
811 1517 941 1571 quae
972 1501 1029 1555 in
1060 1502 1342 1555 divitibus
1371 1502 1692 1555 laudantur
1722 1501 1925 1555 eadem
1960 1502 2047 1555 ot-

397 1592 644 1648 fendunt
670 1597 725 1646 et
755 1592 1165 1662 vituperantur
1197 1592 1254 1644 in
1292 1608 1497 1662 egeno.
1524 1591 1612 1645 Sit
1643 1607 1867 1662 pauper
1900 1591 2050 1645 bello

396 1685 582 1748 fortis,
616 1684 815 1737 audiet
843 1684 1193 1738 temerarius
1225 1687 1281 1737 et
1314 1700 1601 1753 praaceps;
1628 1684 1705 1736 sit
1722 1682 2044 1755 beneficus,

395 1773 675 1844 prodigus
706 1773 964 1840 dicetur;
1028 1772 1105 1827 sit
1161 1777 1509 1827 mansuetus
1559 1777 1615 1827 et
1663 1773 1869 1837 comis,
1916 1774 2046 1828 vilis

2168 623 2261 660 mo
2282 608 2555 663 vitiorum
2582 626 2647 664 ac
2670 610 2984 677 scelerum,
3021 612 3374 682 congerendi
3400 611 3520 677 siti,
3550 618 3607 667 et
3638 613 3824 684 raptis

2163 696 2467 752 incubanti
2500 700 2890 770 parcimoniaa.
2920 700 3159 755 Initium
3189 705 3279 756 est
3310 701 3609 772 sapientia:
3635 703 3821 758 inten-

2163 788 2298 842 dere
2329 788 2566 857 futuris,
2602 789 2899 863 negligere
2928 790 3275 861 praesentia;
3312 791 3820 862 magnanimitatis

2162 893 2303 946 apex
2338 895 2629 945 summus,
2661 880 2897 950 aggredi
2922 896 3217 950 quemque
3248 896 3309 934 se
3329 880 3509 950 digna
3539 896 3817 950 quaepos-

2163 966 2238 1020 sit
2275 969 2574 1037 consequi,
2622 972 2898 1023 conatum
2940 984 3011 1023 ne
3058 969 3299 1039 perdere
3340 970 3395 1022 in
3438 970 3640 1023 arduis
3666 973 3819 1024 ultra

2162 1070 2349 1124 spem.
2390 1054 2600 1110 Plenus
2631 1055 2791 1110 hisce
2822 1056 3279 1127 cogitationibus
3320 1055 3517 1127 appuli
3550 1057 3817 1112 animum

2162 1145 2233 1198 ad
2293 1146 2606 1200 consilium
2642 1146 2769 1200 vitae
2803 1146 2953 1201 serio
2990 1147 3307 1201 mutandas.
3372 1147 3567 1202 Vitare
3626 1149 3816 1203 homi-

2162 1249 2304 1287 num
2337 1235 2726 1289 contubernia
2763 1235 3032 1303 decrevi;
3081 1235 3324 1307 migravi
3358 1253 3425 1290 ex
3459 1237 3600 1291 urbe
3632 1237 3688 1290 in
3722 1254 3817 1291 so-

2161 1321 2497 1391 litudinem,
2533 1340 2562 1379 e
2594 1325 2827 1395 magnis
2848 1324 3075 1380 aedibus
3098 1326 3157 1380 in
3182 1330 3411 1396 agreste
3433 1343 3637 1380 cavum
3662 1325 3817 1381 ruris

2162 1409 2293 1464 avii.
2325 1410 2447 1465 Illic
2472 1412 2666 1482 paravi
2694 1413 2836 1467 mihi
2863 1413 3196 1468 columbam
3225 1415 3499 1480 amicam,
3525 1431 3657 1468 cum
3697 1432 3817 1485 qua

2161 1499 2301 1554 mihi
2328 1502 2613 1556 vetustior
2634 1519 2809 1572 quam
2837 1518 2969 1556 cum
2998 1503 3105 1557 hoc
3133 1519 3324 1569 corvo,
3360 1508 3423 1557 ut
3445 1520 3513 1557 ex
3548 1505 3673 1575 ipso
3706 1520 3816 1559 au-

2161 1588 2284 1642 dire
2308 1588 2573 1659 potuisti,
2598 1591 2970 1645 necessitudo
2998 1591 3308 1646 coaluerat.
3335 1591 3511 1646 Plane
3537 1609 3816 1647 summum

2159 1678 2288 1731 vita:
2313 1678 2556 1747 bonum,
2589 1680 2860 1751 voluptas
2890 1680 3167 1748 maxima,
3200 1680 3257 1735 in
3301 1682 3677 1737 moderandis
3700 1682 3818 1736 im-

2164 1770 2385 1824 mensis
2409 1771 2718 1825 desideriis
2739 1776 2831 1826 est
2852 1772 2986 1828 sita.
3010 1772 3160 1827 Felix
3188 1774 3299 1827 erit
3322 1773 3421 1844 qui
3446 1791 3633 1844 pauca
3658 1790 3819 1827 mere

398 1864 668 1919 adulator
694 1862 1064 1932 reputabitur
1094 1879 1107 1917 :
1142 1863 1350 1916 doctus
1386 1880 1487 1933 pro
1505 1861 1740 1916 rancido
1773 1861 2044 1933 antiqua-
2078 1864 2123 1927 B
2159 1860 2493 1914 necessaria
2517 1878 2775 1931 quaerere
2799 1862 2944 1916 satis
2964 1862 3239 1916 habuerit
3268 1880 3280 1918 :
3315 1864 3483 1916 obvia
3501 1862 3657 1917 enim
3691 1863 3818 1916 hinc

401 1954 506 2019 rio,
543 1951 823 2022 eloquens
848 1969 951 2022 pro
982 1950 1381 2023 nugivendulo
1416 1950 1643 2017 rabula,
1678 1956 1947 2005 maturus
1980 1969 2045 2006 ac

400 2043 600 2096 tardus
634 2042 690 2094 in
721 2040 1035 2112 loquendo,
1072 2058 1171 2111 pro
1208 2041 1408 2095 hebete
1440 2057 1505 2094 ac
1554 2040 1735 2093 stulto
1788 2041 2046 2095 traduci-

398 2138 526 2197 tur;
558 2137 622 2184 ut
654 2130 839 2185 satius
898 2130 974 2183 sit
1028 2132 1214 2183 vitum
1274 2131 1645 2199 abrumpere,
1695 2131 2047 2184 accersenda

398 2226 608 2285 morte,
668 2236 865 2290 quam,
902 2224 963 2273 ut
1021 2218 1119 2274 ille
1178 2220 1281 2284 ait,
1315 2219 1435 2273 sole
1484 2220 1565 2272 uti
1620 2218 1921 2273 dedecoris
1954 2221 2042 2274 sui

397 2317 569 2374 teste,
602 2309 926 2380 prasertim
960 2310 1195 2378 quando
1227 2325 1292 2363 eo
1325 2309 1634 2363 deventum
1661 2308 1911 2363 miserim
1934 2314 2044 2375 est,

399 2407 463 2455 ut
496 2398 829 2454 mendicare
876 2415 909 2452 a
958 2398 1385 2468 superbissimo
1420 2396 1703 2451 nobilium
1737 2397 2046 2468 epulento-

396 2509 529 2547 rum
562 2506 775 2562 genere
808 2490 884 2544 sit
919 2506 1175 2544 necesse.

462 2617 525 2673 X.
547 2617 623 2671 Ea
646 2617 787 2669 dum
815 2630 1043 2669 mecum
1069 2618 1316 2669 mcestus
1341 2618 1572 2686 reputo,
1606 2631 1953 2686 progressus
1986 2618 2043 2670 in

394 2708 587 2763 locum
620 2707 776 2760 unde
800 2705 1214 2759 inobservatus
1251 2704 1447 2759 videre
1491 2708 1753 2774 poteram
1784 2722 1909 2776 quae
1944 2708 2046 2760 ﬁe-

395 2799 557 2860 bant,
594 2795 980 2852 animadverti
1006 2794 1297 2864 hospitem
1322 2798 1619 2848 auctorem
1643 2794 1872 2849 consilii
1901 2794 2045 2848 mihi

393 2886 609 2942 funesti
643 2886 921 2957 partitum
974 2900 1104 2937 cum
1142 2882 1404 2937 solitario
1467 2898 1659 2936 meam
1710 2884 2045 2954 pecuniam,

391 2981 611 3048 partem
640 2992 806 3029 suam
831 2973 888 3027 in
932 2989 1271 3027 crumenam
1309 2971 1668 3039 condidisse,
1706 2990 1881 3043 quam
1919 2990 2043 3027 cer-

389 3064 559 3121 vicali
592 3064 954 3118 decumbens
998 3062 1329 3133 supposuit.
1379 3062 1714 3132 Exspectavi
1761 3063 1901 3116 dum
1936 3063 2042 3116 ob-

391 3158 740 3213 dormivisse
763 3156 1074 3210 videretur.
1111 3156 1275 3209 Tunc
1303 3155 1453 3208 clam
1489 3155 1709 3209 accessi
1734 3154 1861 3210 sine
1893 3160 2040 3209 stre-

2157 1956 2473 2005 occurrunt
2489 1951 2700 2006 volenti
2725 1952 2909 2007 cuivis
2936 1972 2948 2019 ;
2984 1954 3201 2023 quippe
3222 1953 3430 2007 beatus
3455 1959 3673 2007 natura:
3707 1972 3819 2008 au-

2157 2044 2282 2093 ctor
2306 2040 2524 2110 ubique
2548 2039 2803 2095 locorum
2832 2042 2951 2095 hazc
2984 2042 3272 2112 exposuit,
3306 2042 3500 2095 cibum
3545 2042 3822 2097 videlicet

2157 2133 2213 2183 et
2235 2146 2465 2198 aquam.
2493 2130 2671 2201 Finge
2694 2130 2951 2201 aliquem
2992 2130 3173 2184 totius
3214 2130 3417 2184 mundi
3455 2130 3762 2183 dominum
3805 2148 3819 2184 :

2157 2235 2297 2272 num
2334 2235 2394 2272 se
2428 2224 2621 2273 tamen
2656 2220 2883 2273 cunctis
2913 2235 3039 2289 quae
3073 2218 3303 2287 uspiam
3356 2224 3497 2272 sunt
3536 2219 3687 2272 escis
3721 2219 3817 2271 in-

2157 2306 2527 2377 gurgitabit?
2560 2324 2699 2361 num
2735 2308 2980 2361 ﬂumina
3003 2310 3059 2362 et
3088 2307 3243 2361 dolia
3287 2307 3488 2360 omnia
3524 2306 3822 2361 immensa

2155 2394 2412 2466 ingluvie
2436 2395 2775 2451 exhauriet?
2822 2397 3033 2451 Paucis
3079 2400 3136 2450 et
3178 2394 3263 2448 illi
3289 2395 3619 2449 necessario
3645 2394 3819 2449 alun-

2156 2491 2271 2551 tur,
2298 2486 2397 2557 qui
2428 2486 2682 2557 plurima
2705 2486 3029 2557 possident.
3057 2484 3204 2549 Quid
3234 2485 3591 2557 igiturjuvat
3619 2486 3674 2539 in
3697 2485 3813 2539 im-

2160 2592 2363 2630 mensa
2412 2592 2475 2630 se
2524 2576 2851 2643 extendere,
2888 2576 3253 2630 modicorum
3289 2591 3559 2645 capacem
3584 2575 3612 2628 ?
3642 2574 3816 2630 Crevi

2158 2666 2267 2719 sub
2296 2665 2416 2719 hmo
2439 2665 2592 2719 veris
2625 2665 2856 2736 opibus,
2900 2681 3146 2719 numero
3189 2664 3551 2731 amicorum;
3588 2681 3719 2719 nam
3754 2670 3818 2720 et

2158 2759 2289 2825 post
2308 2754 2643 2809 columbam
2665 2755 2923 2809 contraxi
2953 2771 3087 2808 cum
3111 2771 3280 2809 corvo
3305 2754 3667 2821 societatem,
3689 2772 3810 2825 quo

2158 2844 2376 2899 ferente
2415 2844 2529 2899 huc
2552 2844 2704 2911 veni,
2726 2850 2781 2900 et
2801 2850 3017 2910 tecum,
3041 2844 3393 2899 charissima
3425 2844 3677 2910 testudo,
3714 2844 3815 2900 hic

2156 2933 2615 2990 familiaritatem
2647 2933 2950 3005 contraho,
2975 2934 3214 2989 cumulo
3248 2950 3361 2988 non
3395 2934 3602 3002 exiguo
3628 2934 3813 2988 bono-

2157 3039 2308 3077 rum.

2222 3151 2326 3204 Xl.
2383 3149 2485 3204 His
2533 3149 2784 3204 audistis
2840 3149 3077 3204 testudo
3136 3149 3289 3202 muri
3350 3148 3469 3203 dixi
3503 3166 3515 3203 :
3552 3148 3813 3220 Cognovi

392 3250 538 3319 pitu,
575 3253 631 3300 et
662 3246 891 3300 trahere
920 3246 991 3299 ad
1026 3262 1116 3299 me
1150 3244 1445 3299 mordicus
1479 3244 1913 3315 apprehensum
1948 3259 2040 3297 co-
2075 3235 2117 3300 C
2161 3239 2409 3293 libenter
2440 3254 2569 3308 quae
2604 3237 2858 3292 narrasti
2892 3239 2980 3291 sui
3019 3236 3297 3292 varietate
3348 3237 3633 3307 speciosa,
3675 3243 3819 3292 tuae-

392 3341 565 3391 natus
595 3333 920 3400 sacculum,
956 3350 1069 3388 non
1126 3332 1303 3387 fefelli
1363 3337 1650 3387 attentum
1706 3333 1785 3387 rei
1838 3348 2036 3387 senem

393 3428 489 3498 qui
529 3433 795 3498 paratum
826 3424 883 3477 in
914 3423 1059 3477 istos
1094 3440 1238 3477 usus
1268 3421 1541 3477 baculum
1566 3423 1623 3476 in
1647 3429 1824 3494 caput
1856 3425 2039 3496 impe-

391 3517 476 3588 git
505 3517 722 3570 misero
755 3512 921 3573 mihi.
957 3512 1114 3566 unde
1144 3510 1236 3564 vix
1284 3512 1482 3565 salvus
1530 3527 1623 3565 me
1652 3512 1860 3582 recepi.
1904 3515 2043 3570 Post

388 3607 563 3661 horas
575 3604 801 3675 aliquot
821 3602 1032 3658 iterum
1054 3600 1273 3655 tentavi
1287 3601 1478 3656 bursze
1497 3600 1711 3672 ligulas
1725 3605 2037 3661 attrahere.

386 3697 458 3749 At
484 3693 601 3763 ille,
635 3694 888 3747 dracone
938 3688 1294 3760 vigilantior,
1356 3688 1565 3743 iterato
1621 3694 1679 3744 et
1709 3690 1918 3747 fortius
1949 3694 2039 3748 in-

392 3798 566 3837 cusso
598 3780 771 3834 fustis
801 3779 942 3848 ictu,
977 3782 1099 3832 tam
1133 3778 1387 3848 graviter
1428 3776 1574 3831 mihi
1610 3777 1873 3849 sinciput
1900 3798 2041 3837 con-

392 3871 567 3935 tudit,
602 3874 667 3923 ut
696 3884 911 3939 magna
931 3866 985 3921 vi
1009 3865 1313 3937 sanguinis
1343 3881 1588 3921 excussa
1620 3868 1862 3923 naribus
1895 3872 2043 3925 deli-

396 3958 602 4030 quium
639 3963 884 4029 paterer,
927 3972 1195 4025 aegreque
1226 3959 1442 4010 tacitus
1475 3972 1567 4010 me
1597 3973 1733 4012 cavo
1767 3962 2041 4014 reconde-

398 4064 543 4113 rem,
579 4046 676 4101 ubi
711 4063 810 4117 per
841 4044 1017 4100 horas
1048 4044 1273 4115 aliquot
1308 4061 1453 4115 pene
1484 4045 1741 4101 animam
1778 4050 2037 4117 agebam.

397 4138 605 4208 Recepi
637 4138 869 4192 tandem
906 4152 997 4190 me
1021 4133 1353 4205 paululum,
1387 4151 1527 4189 auro
1546 4136 1854 4193 maledicta
1881 4139 2041 4211 inge-

392 4230 629 4285 minans
662 4231 748 4282 tot
779 4226 1152 4280 miseriarum
1184 4241 1374 4279 causae
1400 4242 1415 4290 ;
1443 4228 1796 4298 tantumque
1828 4228 1885 4282 in
1919 4246 2041 4284 sce-

390 4319 641 4373 leratum
674 4316 729 4371 id
762 4314 1067 4370 metallum
1094 4314 1214 4368 odii
1246 4315 1505 4385 concepi,
1557 4320 1618 4369 ut
1662 4316 1938 4387 deinceps
1971 4320 2041 4372 ad

393 4407 750 4463 mentionem
776 4405 903 4473 ejus
927 4402 1417 4471 exhorrescerem,
1454 4419 1557 4457 nec
1589 4405 2043 4459 nominarimibi

394 4497 696 4553 sustinens
719 4493 985 4548 omnium
1009 4492 1140 4546 vitae
1161 4490 1474 4559 malorum,
1511 4498 1575 4546 ut
1597 4493 1737 4547 mihi
1764 4499 1887 4547 tum
1926 4495 2043 4549 fero

390 4589 722 4651 videbatur,
758 4583 1098 4653 pestiferum
1126 4582 1365 4636 fontem.
1392 4582 1783 4654 Erumpebam
1810 4601 2044 4655 quoque
2074 4608 2121 4670 Β

392 4675 765 4730 stomachum
794 4673 852 4726 in
876 4686 1106 4725 avaram
1142 4671 1547 4741 cupiditatem,
1573 4676 1788 4726 certam
1825 4679 2039 4727 morta-

390 4764 534 4818 lium
568 4761 904 4832 perniciem,
948 4758 1210 4828 dirisque
1263 4759 1613 4813 devovebam
1648 4760 1867 4830 primos
1900 4778 2038 4816 auc-

389 4857 543 4907 tores
584 4850 1087 4919 congerendarum
1117 4864 1295 4918 opum
1329 4852 1525 4917 atque,
1581 4852 1641 4902 ut
1684 4853 1823 4903 tunc
1854 4867 2037 4919 eram,

390 4944 534 4998 mihi
568 4941 826 5005 videbar,
852 4937 997 4993 nihil
1031 4954 1145 4992 non
1180 4937 1373 5008 potius
1408 4938 1851 5007 przesentissimi
1886 4941 2037 5010 peri-

390 5032 503 5086 culi
542 5040 701 5085 terra
759 5028 1026 5098 marique
1079 5026 1374 5094 aditurus,
1435 5042 1612 5096 quam
1669 5027 1757 5082 vel
1816 5032 1944 5083 utro
1977 5046 2038 5084 se

389 5121 725 5174 oﬂ'erentem
760 5118 887 5172 auri
920 5116 1148 5199 copiam
1182 5114 1520 5185 contingere
1550 5117 1848 5172 auderem.
1882 5122 2039 5173 Tunc

388 5212 489 5266 illa
514 5228 637 5281 qua:
660 5210 798 5264 olim
824 5210 1022 5264 audita
1044 5214 1506 5279 contempseram
1524 5209 1854 5280 sapientum
1870 5212 2039 5265 effata

386 5299 750 5370 resipiscenti
787 5298 1159 5352 recurrebant
1202 5296 1399 5351 animo
1457 5302 1733 5369 certoque
1752 5300 1878 5369 jam
1911 5315 2038 5353 cre-

384 5390 618 5455 debam,
642 5386 933 5457 optimum
960 5384 1216 5451 mortali,
1239 5384 1441 5455 paucis
1463 5391 1805 5441 contentum
1858 5404 1987 5443 esse
2021 5405 2034 5444 :

384 5481 566 5535 vitam
601 5475 860 5535 avaritia:
892 5477 1208 5543 eXpertem,
1251 5475 1446 5547 vigere
1498 5476 1866 5543 fortitudine,
1902 5496 2037 5533 con-

386 5574 540 5624 stare
574 5566 878 5639 patientia,
903 5562 1063 5618 omni
1087 5579 1295 5629 genere
1325 5563 1519 5619 laudis
1541 5565 1867 5629 honestari,
1888 5584 1917 5621 e
1939 5584 2037 5620 ca-

387 5659 550 5713 sibus
566 5652 1026 5729 perplexissimis
1044 5652 1315 5719 expedire
1340 5654 1562 5709 felicem
1577 5656 1819 5710 exitum.
1846 5657 2036 5711 Enim-

384 5760 516 5800 vero
552 5751 847 5819 princeps,
883 5747 948 5797 ut
989 5739 1179 5803 aiunt,
1230 5740 1515 5796 virtutum
1568 5743 1850 5815 largiendi
1905 5762 2035 5815 pro-

2150 3341 2263 3397 que
2292 3325 2530 3379 virtutis
2587 3329 2644 3378 et
2702 3324 3024 3395 prudentiae
3080 3324 3449 3379 indicatione
3480 3324 3584 3378 tibi
3618 3327 3823 3395 ampla

2149 3431 2215 3471 ac
2270 3413 2717 3485 perhonorifica.
2782 3414 3005 3468 Gavisa
3053 3414 3229 3468 etiam
3284 3430 3413 3468 sum
3448 3412 3821 3468 animadver-

2149 3510 2301 3571 tens,
2344 3521 2411 3558 ex
2465 3504 2730 3559 adversis
2784 3504 3102 3574 profecisse
3150 3508 3225 3571 te,
3276 3508 3331 3558 et
3386 3508 3691 3575 perceptas
3750 3521 3821 3559 ex

2148 3594 2361 3649 horum
2393 3594 2753 3665 experientia
2773 3593 3007 3648 notitias
3038 3592 3284 3647 memori
3307 3594 3505 3648 animo
3530 3594 3811 3648 mandas-

2152 3703 2236 3756 se,
2272 3691 2590 3756 tenereque
2639 3686 2783 3740 adeo
2836 3688 3157 3756 praesentes
3210 3684 3612 3756 intelligentiae
3658 3702 3822 3740 nunc

2153 3790 2411 3846 quoque.
2448 3779 2642 3831 Unum
2677 3774 2832 3844 quod
2868 3777 3089 3828 restare
3140 3773 3209 3827 ad
3263 3772 3443 3828 decus
3494 3774 3820 3844 perfectum

2152 3866 2340 3933 video,
2368 3882 2479 3919 non
2515 3865 2784 3919 omittam
2818 3864 3137 3918 admonere
3169 3867 3247 3918 te.
3283 3864 3393 3918 Fac
3423 3865 3569 3919 bene
3601 3864 3821 3935 cogita-

2153 3955 2253 4019 tis,
2285 3954 2743 4019 exsecutionem,
2776 3952 3041 4023 sigillum
3073 3968 3365 4023 apponas;
3399 3970 3604 4023 parum
3656 3954 3816 4008 enim

2155 4044 2417 4114 proderit
2446 4047 2597 4096 recte
2633 4041 2954 4109 providisse
2984 4040 3225 4095 vitanda
3261 4043 3683 4113 sequendaque
3708 4058 3815 4095 nec

2155 4132 2555 4204 prosequenti,
2582 4148 2687 4185 nec
2718 4129 2962 4201 fugienti
3022 4147 3148 4198 quae
3202 4129 3315 4200 ipsi
3364 4131 3598 4201 expedit
3629 4132 3811 4187 decli-

2155 4237 2293 4275 nare
2320 4219 2406 4274 vel
2438 4218 2714 4289 amplecti
2750 4235 2763 4272 :
2798 4234 2932 4271 nam
2967 4218 3294 4287 quidjuvat
3311 4226 3593 4289 aagrotum
3616 4221 3809 4276 morbi

2153 4311 2243 4365 sui
2276 4309 2551 4380 cognitio,
2575 4310 2809 4379 abigere
2848 4308 3013 4362 illum
3035 4326 3135 4379 per
3164 4326 3292 4364 eam
3328 4328 3440 4365 non
3465 4311 3758 4368 valentem
3785 4314 3807 4367 ?

2152 4401 2232 4455 Ne
2264 4405 2319 4454 te
2351 4400 2529 4471 igitur
2559 4399 2685 4453 auri
2710 4398 2847 4453 olim
2882 4400 3094 4469 perditi
3115 4401 3473 4455 desiderium
3505 4402 3807 4471 sollicitet,

2154 4506 2287 4543 nam
2338 4488 2426 4542 vir
2468 4493 2826 4559 exaggerata;
2858 4489 3091 4542 virtutis
3124 4489 3248 4544 sine
3282 4507 3421 4546 auro
3452 4494 3808 4549 venerabilis

2153 4584 2210 4633 et
2241 4578 2435 4633 clarus
2495 4583 2603 4644 est,
2655 4581 2719 4632 ut
2777 4577 3077 4632 dormiens
3108 4577 3198 4633 leo
3234 4579 3473 4634 timetur
3507 4597 3520 4635 :
3553 4581 3805 4637 vitiosus

2154 4672 2345 4723 autem
2383 4669 2563 4733 dives,
2616 4671 2682 4721 ut
2728 4666 2913 4733 canis,
2957 4683 3097 4721 auro
3128 4665 3305 4722 illusa
3338 4668 3628 4725 incinctus
3660 4671 3806 4726 vitta

2150 4757 2308 4829 vulgi
2333 4756 2589 4812 ludibrio
2616 4756 2964 4810 traducitur.
2997 4755 3111 4810 Nec
3142 4762 3198 4811 te
3231 4759 3590 4829 peregrinari
3614 4762 3803 4829 paeni-

2150 4853 2265 4901 teat
2300 4864 2311 4902 :
2349 4846 2551 4901 nullus
2583 4845 2820 4916 sapiens
2865 4862 3116 4917 usquam
3167 4848 3575 4917 peregrinatur
3606 4868 3620 4919 ;
3670 4851 3803 4904 ubi-

2151 4954 2265 5008 que
2323 4938 2526 4991 urbem
2588 4934 2809 4989 invenit
2867 4935 3035 5004 cujus
3086 4935 3226 4990 civis
3275 4936 3367 4990 sit.
3400 4936 3591 4992 Nolim
3624 4940 3801 4995 etiam

2151 5027 2329 5081 nimis
2358 5025 2647 5080 recordari
2701 5027 2757 5078 te
2805 5024 3092 5095 priorum,
3131 5029 3231 5079 aut
3289 5027 3459 5081 anxie
3509 5030 3805 5083 revolvere

2149 5115 2346 5170 animo
2405 5114 2636 5169 divitias
2690 5129 2834 5183 quas
2895 5113 3197 5178 habueris,
3249 5131 3398 5184 quas
3452 5118 3799 5186 perdideris.

2148 5205 2457 5274 chﬁdeo
2503 5202 2933 5257 contemnenda
2989 5207 3149 5268 sunt,
3210 5208 3275 5257 ut
3327 5204 3672 5261 meminisse
3728 5223 3798 5260 ne

2148 5294 2464 5365 dignemur
2514 5291 2773 5363 quidem.
2834 5291 3031 5346 xEstus
3090 5292 3272 5347 fervet
3302 5291 3358 5346 in
3395 5296 3613 5349 mundo
3655 5297 3800 5349 reci-

2151 5399 2362 5454 procus
2424 5381 2761 5436 mortalium
2820 5386 3167 5435 cunctorum
3201 5398 3213 5436 :
3251 5380 3466 5452 ﬂuunt,
3520 5384 3800 5452 effluunt,

2150 5472 2448 5541 oriuntur,
2483 5470 2779 5526 occidunt.
2832 5469 3003 5525 Orbis
3034 5470 3154 5524 haec
3188 5471 3542 5527 universitas
3583 5474 3800 5527 dicitur

2148 5567 2206 5615 et
2236 5564 2341 5623 est,
2392 5560 2552 5613 orbis
2584 5561 2694 5613 ritu
2730 5559 2845 5612 cito
2896 5558 3155 5627 subsilit,
3196 5566 3494 5615 momento
3524 5561 3799 5627 volvitur,

2148 5648 2586 5718 inquietissima
2643 5646 2929 5717 vertigine
2990 5652 3229 5701 rotatur.
3264 5655 3479 5704 Rerum
3531 5653 3797 5705 omnium

2150 5738 2555 5793 incertissima:
2605 5737 2903 5807 dicuntur,
2937 5735 3170 5792 animus
3220 5738 3635 5810 adolescentis,
3666 5742 3799 5795 otti-
