4120 6390
351 422 373 471 1
382 418 488 471 305

1363 427 1726 481 SPECIMEN
1765 427 2166 480 SAPIENTIE
2203 426 2537 480 INDORUM
2578 427 2738 480 VET.

3625 427 3764 480 1306

349 542 521 595 ciosze
551 541 941 597 fabulationes
978 545 1400 616 improborum,
1451 564 1612 603 amor
1658 548 1998 612 mulierum,
2031 551 2083 615 Α
2115 548 2328 619 queis?
2359 549 2686 604 Prudentia;
2717 553 2828 604 tuae
2882 550 3074 605 fuerat
3124 567 3237 606 non
3299 551 3411 606 nisi
3467 553 3762 623 explorato

354 631 502 686 falsa
533 629 688 696 laus,
721 632 932 687 divitiae
966 635 1092 688 sine
1121 636 1352 690 virtute.
1390 637 1490 692 His
1541 654 1732 709 neque
1763 637 2012 692 affluen—

356 720 515 775 tibus
547 721 806 791 prudens
838 725 1075 793 gaudet,
1111 742 1216 779 nec
1247 727 1566 782 subtractis
1610 733 1712 782 aut
1754 727 2008 798 maligne

352 809 833 880 provenientibus
895 813 1183 884 queritur.
1244 815 1406 870 Talia
1450 816 1774 871 disserente
1822 821 2006 871 testu-

353 899 510 969 dine,
538 899 862 955 delectatus
896 903 1178 972 majorem
1208 905 1267 960 in
1301 906 1541 960 modum
1573 923 1783 961 corvus
1815 907 2007 961 excla-

354 989 556 1042 mavit:
595 989 739 1059 Ohe,
773 995 838 1044 ut
871 991 1017 1045 nihil
1069 993 1299 1048 dulcius
1350 995 1408 1049 in
1457 994 1572 1048 vita
1621 1000 1710 1050 est
1743 996 2008 1066 jucunda

351 1077 832 1134 confabulatione
863 1085 920 1135 et
953 1087 1153 1136 mutua
1172 1084 1625 1139 commonitione
1648 1085 2002 1140 amicorum!

355 1184 487 1220 nam
520 1167 705 1222 bonos
739 1186 854 1223 non
883 1169 980 1224 alii
1014 1189 1190 1243 quam
1227 1173 1358 1228 boni
1383 1175 1596 1244 juvant
1635 1178 1736 1229 aut
1777 1175 1834 1228 in
1881 1193 2003 1229 am-

353 1255 530 1326 biguo
562 1257 1394 1332 dirigunt,sicutelephantem
1424 1262 1654 1334 lapsum
1680 1263 1875 1318 nullus
1891 1264 2004 1318 nisi

352 1343 593 1415 elephas
623 1347 774 1400 valet
796 1347 1038 1418 erigere.

422 1469 548 1524 XII.
576 1471 706 1525 Haec
737 1475 792 1526 et
824 1472 915 1526 his
949 1473 1164 1528 similia
1193 1475 1472 1546 loquente
1502 1493 1692 1546 corvo,
1734 1479 2007 1549 apparuit

352 1559 576 1629 procul,
613 1577 788 1616 cursu
814 1563 884 1616 ad
922 1565 1136 1617 fontem
1163 1564 1446 1620 citissime
1465 1567 1748 1622 festinans
1774 1585 2003 1638 caprea,

351 1649 526 1717 cujus
557 1650 800 1720 strepitu
831 1656 888 1705 et
920 1651 1171 1707 novitate
1217 1654 1502 1724 inopinati
1553 1656 1835 1710 adventus
1884 1663 2003 1712 tre-

353 1740 474 1810 pidi
528 1741 722 1794 cuncti
772 1741 930 1796 varie
975 1744 1213 1800 abeunt.
1264 1746 1519 1800 Testudo
1560 1763 1622 1800 se
1674 1747 1844 1816 aquis
1892 1748 2002 1802 im-

354 1829 579 1894 mersit,
624 1845 758 1883 mus
809 1846 1013 1884 cavum
1066 1832 1142 1885 ibi
1196 1841 1492 1904 repertum
1538 1837 1746 1902 subiit,
1793 1853 2002 1891 corvus

351 1917 602 1972 evolavit
647 1919 703 1972 in
738 1936 1040 1974 summum
1065 1921 1312 1991 arboris,
1339 1925 1491 1978 unde
1513 1924 1853 1995 diligentius
1881 1942 2002 1980 rem
2037 1919 2083 1983 Β

353 2004 684 2075 speculans,
743 2007 1082 2079 explorabat
1136 2025 1277 2065 num
1339 2028 1466 2081 quae
1527 2012 1647 2066 fera
1703 2013 1933 2068 demam
1970 2031 2001 2068 a

353 2095 885 2166 tergoinsequeus,
933 2098 990 2151 in
1039 2099 1216 2153 istum
1272 2117 1513 2155 cursum
1559 2111 1807 2172 urgeret.
1853 2107 1999 2159 Cum

353 2185 498 2238 nihil
541 2186 654 2241 tale
718 2192 938 2242 attente
986 2189 1474 2261 circumspiciens
1505 2194 2004 2264 notasset,delap-

351 2290 453 2327 sus
485 2277 889 2330 testitudinem
923 2286 975 2331 et
1008 2295 1237 2334 murem
1269 2281 1514 2346 vocavit,
1561 2288 1641 2347 et,
1692 2281 1999 2350 Confidite,

348 2365 564 2436 inquit,
619 2384 730 2436 pax
785 2368 959 2422 rebus
1018 2374 1136 2438 est;
1191 2387 1224 2424 a
1281 2371 1457 2425 dama
1507 2373 1660 2442 quod
1725 2372 2004 2428 timeatur

348 2453 494 2508 nihil
527 2471 656 2508 esse
689 2456 869 2521 scitis,
909 2473 1081 2527 porro
1123 2474 1250 2512 eam
1309 2475 1413 2514 nec
1439 2460 1560 2514 fera
1602 2477 1706 2514 nec
1762 2461 1848 2515 vis
1881 2461 2002 2517 ulla

345 2541 477 2612 alia,
511 2559 691 2613 quam
728 2544 1040 2599 formidare
1089 2546 1435 2612 debeamus,
1489 2548 1842 2620 insequitur.
1891 2551 1998 2605 Ca-

346 2651 491 2704 preae
517 2651 750 2707 quoque
774 2637 897 2700 jam
922 2636 1178 2707 appulsze
1215 2638 1507 2693 nuntiavit
1550 2639 1695 2694 nihil
1745 2640 1996 2696 cireum-

343 2729 499 2778 stare
531 2725 797 2796 periculi,
851 2731 1065 2780 cuncta
1120 2744 1183 2781 se
1218 2726 1332 2780 late
1389 2744 1458 2782 ex
1514 2728 1630 2783 alto
1687 2729 1994 2786 lustrasse.

343 2817 448 2867 Hic
479 2829 711 2868 amersa
745 2817 978 2870 testudo
1011 2820 1068 2870 et
1099 2817 1241 2871 fonti
1285 2817 1584 2884 innatans,
1619 2824 1994 2875 cunctantem

348 2903 695 2957 verecundia
746 2905 996 2974 quadam
1056 2921 1326 2975 capream
1379 2905 1539 2960 sitim
1591 2909 1986 2979 exstinguere,

343 2992 596 3062 benigne
626 2993 892 3047 invitavit
918 2995 988 3048 ad
1023 2995 1366 3061 bibendum,
1431 2996 1619 3052 Reﬁce
1651 3001 1706 3052 te
1764 3014 1992 3065 secura,

345 3081 643 3151 inquiens,
719 3083 788 3136 ad
850 3084 1070 3138 amicos
1121 3084 1350 3150 venisti,
1403 3102 1508 3140 nec
1576 3085 1816 3155 quidam
1877 3087 1990 3141 cir-

343 3177 600 3225 cumstat
630 3171 930 3225 infestum.
982 3177 1151 3238 Tum,
1200 3173 1312 3228 nisi
1359 3191 1530 3246 grave
1572 3179 1680 3240 est,
1721 3176 1990 3232 consola-

2123 639 2418 694 incerlere.
2477 640 2604 696 Scis
2661 640 2852 708 enim,
2911 641 3123 711 saepius
3179 646 3458 712 experta.
3518 642 3766 697 insidias

2121 727 2478 784 inhiantium
2511 735 2711 786 nostro
2727 729 3022 801 sanguini.
3045 730 3146 784 Cui
3169 733 3592 801 caprea,Quam
3623 749 3727 802 pra
3743 763 3766 773 -

2119 817 2401 888 dentiam,
2433 818 2640 890 inquit,
2678 819 2996 874 memoras?
3027 819 3256 873 inutilis
3285 837 3352 873 ea
3383 823 3473 874 est
3522 825 3578 875 et
3628 822 3765 875 effe-

2119 911 2214 960 ctu
2247 923 2436 978 cassa,
2471 907 2702 979 quoties
2734 907 2838 962 fati
2864 907 2988 976 lege
3033 909 3088 962 in
3135 907 3379 962 exitium
3429 908 3766 964 inevitabile

2118 994 2428 1052 trahimur.
2465 996 2578 1051 Hac
2611 997 2731 1051 vice
2762 1013 3100 1052 sermonum
3135 997 3369 1052 testudo
3402 1000 3763 1069 supervenit,

2120 1100 2282 1138 inure
2314 1089 2554 1140 strenue
2585 1085 2884 1140 laborante
2909 1087 3090 1140 acatis
3124 1087 3398 1141 dentibus
3432 1087 3490 1140 in
3526 1087 3664 1141 fune
3690 1087 3770 1140 la-

2119 1192 2404 1247 queorum
2436 1176 2767 1231 incidendo.
2793 1177 2998 1241 Dama,
3021 1194 3145 1232 eam
3181 1176 3765 1249 conspicata,Malum

2116 1265 2360 1332 factum,
2392 1265 2494 1330 ait,
2527 1266 2681 1336 quod
2715 1265 2829 1320 huc
2858 1265 3092 1332 venisti,
3127 1265 3478 1321 charissima
3509 1267 3764 1331 testudo;

2118 1372 2250 1408 nam
2277 1359 2564 1425 quantum
2598 1353 2844 1425 conjicio
2877 1370 2945 1408 ex
2996 1355 3212 1410 recenti
3268 1354 3535 1410 tensione
3591 1354 3768 1423 hujus

2114 1444 2602 1514 laquei,.venator
2658 1445 2786 1513 ejus
2816 1445 3020 1499 artifex
3081 1462 3194 1499 non
3237 1445 3403 1499 abest
3435 1442 3658 1514 procul.
3712 1447 3766 1497 Is

2116 1551 2248 1588 cum
2279 1534 2476 1588 statim
2509 1533 2827 1602 advenerit,
2861 1551 3067 1588 corvus
3101 1533 3316 1602 volatu,
3370 1550 3500 1587 mus
3550 1533 3764 1587 libera-

2117 1628 2208 1677 tor
2235 1640 2398 1678 meus
2432 1627 2488 1677 et
2520 1639 2624 1693 ego
2661 1639 2792 1677 mox
2840 1623 3128 1693 expedita,
3178 1639 3352 1677 cursu
3408 1621 3575 1676 facile
3622 1622 3766 1676 effu-

2115 1712 2272 1785 gium
2305 1713 2713 1784 captabimus;
2747 1716 2810 1765 tu
2856 1713 2980 1765 sola
3019 1712 3313 1766 tarditatis
3366 1713 3574 1765 innata:
3622 1710 3765 1764 vitio

2114 1805 2308 1874 praeda
2343 1803 2422 1857 illi
2451 1808 2608 1858 certa
2642 1803 2997 1856 remanebis.
3029 1803 3175 1867 Quid
3222 1818 3475 1870 agerem,
3518 1817 3765 1872 respon-

2115 1895 2199 1948 dit
2222 1894 2454 1948 testudo
2482 1911 2494 1948 :
2521 1909 2716 1947 carere
2747 1892 2831 1946 tui
2864 1896 3180 1962 conspectu
3230 1908 3345 1945 non
3399 1895 3682 1962 poteram,
3712 1894 3768 1944 et

2119 1982 2326 2055 quovis
2356 1987 2620 2052 emptum
2656 1982 2802 2036 bene
2834 1980 3090 2052 periculo
3122 1985 3260 2050 puto
3296 1981 3548 2034 fructum
3583 1978 3764 2034 animi

2119 2074 2219 2143 qui
2272 2072 2588 2143 percipitur
2642 2087 2958 2141 congressu
3006 2070 3354 2124 amicorum.
3390 2069 3516 2122 Haec
3567 2085 3632 2124 ea
3677 2068 3762 2123 lo-

2120 2168 2334 2234 quente
2364 2160 2645 2229 strepitus
2676 2159 3000 2213 incedentis
3022 2175 3120 2228 per
3141 2159 3346 2213 silvam
3371 2157 3628 2212 hominis
3655 2174 3762 2210 au-

2119 2254 2275 2307 ditur
2307 2250 2582 2322 primum,
2617 2266 2683 2302 ac
2706 2248 2902 2303 statim
2935 2252 3206 2302 venatore
3239 2250 3576 2318 apparente,
3630 2263 3762 2300 cor-

2117 2359 2224 2396 vus
2256 2339 2529 2404 avolavit,
2565 2355 2695 2391 mus
2729 2353 2867 2391 cavo
2907 2335 3025 2390 illic
3085 2335 3321 2390 fortuito
3367 2352 3428 2389 se
3478 2334 3762 2389 condidit.

2119 2435 2291 2488 dama
2322 2430 2509 2500 ruptis
2544 2427 2794 2482 vinculis
2825 2426 3102 2482 exsiliens
3129 2427 3382 2498 aufugit,
3408 2426 3642 2480 testudo
3661 2427 3760 2480 de-

2117 2524 2401 2595 prehensa
2433 2520 2683 2590 capitur,
2718 2523 2774 2572 et
2797 2519 2869 2572 ab
2901 2517 3031 2572 aliis
3065 2519 3287 2572 intento
3306 2521 3601 2582 venatore,
3629 2517 3766 2570 fune

2113 2613 2406 2682 deligatur
2436 2610 2505 2662 ad
2543 2614 2775 2662 trucum
2799 2607 3038 2661 arboris.

2180 2735 2324 2791 XIII.
2359 2734 2537 2789 Paulo
2571 2738 2702 2804 post
2731 2747 2931 2786 aversa
2962 2731 3020 2784 in
3056 2746 3191 2801 spes
3233 2730 3560 2800 przedarum
3613 2728 3758 2783 alia-

2111 2843 2240 2881 rum
2278 2824 2570 2878 venatoris
2599 2822 2727 2876 ideo
2757 2821 2914 2875 varie
2943 2837 3042 2891 per
3073 2818 3278 2874 silvam
3313 2818 3756 2886 errantis,cura,

2110 2914 2405 2971 silentium
2442 2929 2542 2982 per
2573 2909 2839 2964 inducias
2871 2908 2988 2962 illic
3021 2908 3304 2979 quasdam
3340 2907 3467 2960 fuit.
3502 2909 3624 2972 Quo
3667 2907 3757 2961 usi

2109 3011 2374 3075 tempore
2407 3019 2562 3069 mus,
2597 3016 2806 3070 caprea
2834 3005 2891 3052 et
2941 3014 3149 3052 corvus
3184 3013 3296 3051 non
3347 2995 3519 3066 longe
3551 3012 3584 3049 a
3632 2995 3755 3050 loco

2109 3094 2210 3148 ubi
2243 3091 2476 3147 testudo
2509 3089 2704 3146 stabat
2730 3092 2925 3142 vincta
2955 3086 3328 3141 conveniunt.
3361 3083 3754 3155 Comploratio

2107 3184 2201 3238 hic
2233 3182 2500 3238 omnium
2551 3196 2620 3233 ex
2650 3194 2787 3232 casu
2844 3176 3051 3231 acerbo
3101 3173 3458 3230 miserabilis
3494 3173 3622 3230 fuit.
3675 3177 3755 3229 Ac

345 3260 499 3313 beris
533 3277 641 3314 nos
671 3262 965 3315 narrando
988 3279 1274 3333 quorsum
1310 3264 1510 3318 venias
1558 3265 1730 3319 unde.
1784 3266 1986 3339 Dama,
2020 3281 2064 3349 ρ
2114 3289 2320 3330 corvus
2354 3269 2528 3340 prior,
2561 3269 2640 3322 Ex
2672 3283 2851 3337 quam
2883 3264 3173 3336 jucunda,
3224 3263 3439 3334 inquit,
3501 3279 3641 3333 pace
3692 3263 3749 3317 in

339 3354 478 3420 potu
533 3355 820 3413 recreata,
879 3350 942 3405 In
997 3356 1328 3418 venatores,
1391 3353 1520 3420 ait,
1582 3354 1756 3410 hodie
1810 3356 1989 3411 incidi

338 3437 555 3508 plures,
592 3444 648 3492 et
672 3455 784 3493 non
821 3457 936 3493 uno
964 3440 1310 3496 insidiantes
1357 3441 1504 3511 loco,
1540 3461 1688 3514 quos
1722 3448 1781 3499 ut
1830 3447 1989 3517 fuge-

337 3542 460 3580 rem
512 3525 687 3598 longa
733 3529 1106 3583 contentione
1176 3547 1324 3600 opus
1367 3531 1498 3585 fuit.
1574 3532 1721 3587 Nam
1786 3533 1994 3589 incidit

336 3633 452 3670 non
508 3617 687 3671 semel
743 3622 806 3670 ut
862 3616 1054 3671 locum
1119 3618 1217 3672 ubi
1274 3619 1568 3690 refugium
1629 3624 1989 3692 quaerebam,

339 3711 811 3776 praeoccupatum
856 3712 1046 3776 nacta,
1098 3707 1231 3761 inde
1281 3714 1554 3764 renovato
1616 3711 1839 3781 impetu
1898 3730 1990 3768 re—

338 3795 569 3850 flectere
600 3812 841 3850 cursum
865 3795 978 3849 alio
1029 3813 1284 3866 cogerer,
1338 3799 1529 3867 quoad
1583 3799 1696 3853 huc
1738 3801 1988 3871 propitia

338 3902 432 3938 me
464 3885 734 3954 quaadam
760 3886 994 3939 fortuna
1025 3887 1314 3956 perduxit.
1369 3886 1474 3940 Cui
1525 3889 1801 3944 testudo:
1853 3891 1986 3945 Ser-

336 3976 492 4028 vavit
546 3979 603 4027 te
661 3991 790 4028 sors
850 3984 946 4030 tua
995 3992 1125 4029 cum
1161 3974 1276 4030 huc
1336 3975 1611 4046 impulit:
1675 3977 1838 4034 avius
1897 3985 1987 4035 est

336 4062 532 4133 locus,
580 4063 809 4118 nullum
872 4064 963 4118 hic
1013 4065 1239 4119 dudum
1301 4071 1634 4122 venatorem
1685 4068 1982 4126 vidimus:

335 4171 520 4224 quare
577 4153 974 4210 sollicitudine
1021 4157 1263 4225 omissa,
1298 4155 1426 4210 laeta
1480 4157 1786 4212 nobiscum
1835 4159 1983 4216 vive.

335 4243 570 4314 Copiam
605 4243 788 4297 habes
808 4243 1095 4314 graminis
1123 4244 1347 4310 viridis,
1381 4249 1438 4300 et
1469 4263 1630 4316 aquas
1652 4245 1712 4302 in
1747 4249 1985 4319 propin-

334 4349 449 4402 quo
485 4331 705 4402 frigidas
738 4348 803 4385 ac
835 4331 1117 4402 limpidze,
1163 4337 1313 4400 tum,
1345 4334 1393 4387 si
1451 4352 1566 4390 non
1625 4337 1982 4408 asperneris,

334 4421 566 4475 sodales
598 4421 888 4490 iucundos
920 4425 975 4475 et
1006 4422 1175 4476 fidos.
1204 4422 1345 4484 Quis
1377 4424 1520 4478 talia
1548 4427 1985 4488 recuset,dama

333 4511 550 4580 inquit,
573 4515 631 4565 et
670 4508 922 4564 libenter
967 4511 1297 4566 assentiens
1341 4514 1629 4580 consedit,
1679 4515 1856 4570 vitam
1903 4515 1984 4570 ibi

333 4599 543 4669 degere
573 4599 850 4670 deinceps
881 4603 1061 4654 certa.
1113 4600 1456 4656 Convivium
1511 4602 1646 4656 inde
1698 4603 1983 4674 hospitale

334 4687 664 4743 celebratur
694 4689 802 4742 sub
837 4689 1018 4743 densa
1050 4688 1200 4758 ilice,
1237 4689 1488 4761 singulis
1520 4707 1691 4746 casus
1717 4709 1855 4747 suos
1887 4710 1976 4747 re-

334 4777 698 4846 ferentibus;
733 4779 1066 4849 fiebantque
1097 4778 1231 4832 inde
1257 4779 1582 4850 quotidiani
1625 4797 1979 4852 congressus

331 4866 758 4922 consuetudine
816 4866 1271 4936 humanissima,
1332 4867 1460 4922 aliis
1521 4867 1665 4923 alios
1720 4870 1980 4926 officiose

330 4955 680 5011 visentibus.
711 4955 857 5010 Hinc
891 4955 984 5010 die
1015 4957 1268 5026 quadam
1303 4973 1433 5012 cum
1469 4958 1867 5014 condixissent
1895 4964 1976 5013 te-

328 5045 526 5108 studo,
559 5061 692 5098 mus
720 5048 776 5098 et
806 5059 1016 5098 corvus
1048 5044 1119 5097 ad
1153 5045 1343 5100 cubile
1392 5046 1789 5118 propinquum
1830 5051 1977 5103 ami-

325 5149 405 5190 cae
438 5133 731 5202 dorcadis,
764 5137 1108 5204 repererunt
1140 5133 1272 5188 heu!
1328 5133 1487 5189 illam
1538 5134 1748 5206 laqueo
1800 5136 1977 5207 mala,

324 5240 500 5278 manu
531 5223 721 5293 posito
754 5221 1092 5293 implexam.
1128 5223 1362 5279 Primus
1395 5241 1514 5278 rem
1541 5241 1749 5280 corvus
1772 5225 1979 5296 depre-

321 5313 528 5368 hendit
559 5311 921 5380 antevolans,
953 5317 1010 5367 et
1067 5313 1357 5368 curriculo
1415 5313 1637 5368 lentius
1695 5316 1977 5370 euntibus

318 5402 496 5457 sociis
528 5404 1099 5472 occurrens,captam
1133 5401 1366 5456 damam
1401 5403 1696 5457 nuntiavit
1727 5424 1741 5472 ;
1777 5405 1975 5460 abesse

317 5499 518 5546 tamen
537 5498 894 5556 venatorem,
919 5495 1145 5545 tantum
1168 5492 1443 5546 miseram
1470 5491 1686 5548 haerere
1712 5493 1973 5547 funiculo

319 5581 725 5636 constrictam.
755 5580 1120 5634 Consternati
1153 5582 1326 5635 ambo
1371 5581 1753 5636 acerbissimo
1807 5599 1970 5646 casu,

320 5671 571 5744 gradum
606 5685 783 5740 quam
808 5675 1061 5739 possunt
1086 5671 1335 5724 maxime
1360 5670 1636 5724 celerant.
1663 5671 1790 5726 Mus
1814 5672 1974 5742 prior

324 5760 688 5833 perveniens,
724 5759 864 5822 Quis
897 5764 972 5828 te,
998 5758 1218 5829 infelix,
1247 5760 1455 5830 inquit,
1511 5760 1601 5815 his
1648 5761 1842 5817 induit
1886 5761 1968 5817 la-

2099 3366 2391 3438 quantum
2404 3357 2792 3413 infortunium
2808 3355 3002 3409 subita
3018 3352 3394 3408 conversione
3407 3351 3750 3406 devenimus

2099 3458 2286 3520 Quam
2311 3466 2440 3506 vere
2471 3446 2710 3518 quidam
2745 3445 2911 3512 dixit,
2946 3444 3072 3496 vita;
3105 3441 3500 3496 conditionem
3542 3439 3712 3512 deplo
3744 3474 3748 3481 -

2099 3561 2260 3609 rans,
2295 3538 2570 3596 mortales
2603 3534 2827 3590 felicem
2877 3548 3084 3596 unum,
3132 3531 3181 3586 si
3230 3531 3371 3585 forte
3421 3529 3744 3601 contingat,

2098 3631 2712 3693 successum,centum
2747 3621 3172 3678 offensionibus
3193 3618 3492 3675 etinfestis
3506 3618 3745 3674 casibus

2096 3720 2276 3776 luere.
2312 3723 2332 3773 Ι
2371 3734 2527 3772 nunc
2552 3720 2608 3770 et
2640 3715 2752 3768 ﬁde
2802 3711 3086 3767 felicitati.
3139 3710 3264 3764 Non
3315 3708 3544 3763 suffecit
3591 3707 3746 3763 hosti

2094 3825 2233 3864 mea:
2263 3809 2506 3862 fortunae
2540 3804 2727 3875 patria
2775 3818 2867 3856 me
2914 3799 3194 3872 privasse,
3246 3799 3487 3855 orhasse
3535 3815 3744 3869 paren-

2091 3898 2252 3952 tibus
2283 3901 2340 3950 et
2367 3889 2847 3962 consanguineis,
2883 3889 2995 3944 nisi
3020 3889 3193 3942 etiam
3230 3903 3320 3942 me
3353 3903 3508 3941 nunc
3530 3886 3744 3941 dulcis-

2091 3987 2243 4041 sima
2277 3981 2558 4039 testudini
2584 3979 2805 4041 amicae,
2842 3982 2899 4031 et
2933 3979 3091 4046 leges
3122 3975 3397 4030 amicitiae
3443 3981 3568 4029 tum
3623 3975 3742 4030 cal-

2091 4074 2266 4130 lentis
2300 4071 2582 4144 apprime,
2618 4073 2742 4121 tum
2787 4066 3060 4131 tenentis,
3111 4063 3539 4117 consuetudine
3587 4063 3741 4117 mul-

2090 4166 2294 4219 ctaret.
2327 4166 2371 4216 Ο
2407 4175 2541 4231 spes
2597 4157 2847 4211 inanes!
2907 4157 3037 4208 vota
3088 4152 3293 4206 irrita!
3351 4150 3483 4206 Jam
3547 4156 3746 4221 pereat

2089 4252 2198 4306 hoc
2227 4267 2460 4322 corpus,
2492 4254 2549 4303 et
2581 4246 2689 4301 sub
2723 4261 2896 4298 omne
2937 4240 3261 4313 periculum
3313 4238 3580 4294 mittatur
3626 4239 3743 4293 vita

2090 4341 2213 4396 hate
2249 4346 2333 4395 tot
2365 4338 2614 4393 obnoxia
2642 4332 2918 4401 miseriis,
2961 4337 3024 4385 ut
3075 4331 3326 4384 maxime
3369 4329 3594 4397 ﬂoreat,
3644 4345 3742 4381 ca-

2091 4432 2243 4484 duca
2275 4446 2342 4484 ex
2374 4426 2528 4482 brevi
2558 4425 2753 4494 vigore
2777 4423 2887 4477 cito
2915 4437 3307 4486 marcescens,
3332 4417 3505 4472 astris
3528 4417 3742 4472 similis

2090 4518 2407 4590 irrequieta
2476 4513 2760 4584 vertigine
2833 4512 2904 4566 ab
2956 4515 3086 4565 ortu
3139 4510 3207 4562 ad
3260 4524 3558 4570 occasum,
3604 4506 3742 4560 hinc

2015 4639 2060 4703 Ι)
2093 4625 2302 4662 rursus
2352 4606 2412 4660 in
2457 4607 2678 4677 partem
2734 4601 3085 4656 contrariam
3141 4597 3420 4670 gyrantis.
3487 4596 3740 4650 Refricat

2092 4695 2105 4703 .
2564 4691 2573 4703 .
2760 4689 2770 4700 .
2855 4689 2922 4703 ..
3079 4688 3088 4699 .
3243 4693 3251 4703 .
3585 4683 3695 4703 ιηιη

2092 4695 2201 4750 hoc
2233 4711 2448 4749 noxum
2482 4691 2691 4747 vulnus
2724 4689 3025 4744 cicatrices
3067 4688 3194 4758 jam
3240 4693 3499 4756 tempore
3547 4683 3738 4738 obdu-

2090 4788 2215 4839 ctas
2244 4789 2507 4838 veterum
2554 4781 2846 4845 dolorum,
2896 4783 2952 4831 et
3001 4775 3166 4847 quasi
3218 4776 3499 4830 redivivas
3538 4789 3736 4828 secum

2090 4874 2390 4928 adducens
2421 4871 2614 4925 clades
2647 4885 2853 4922 omnes
2880 4866 3224 4937 prmteritas,
3253 4863 3628 4934 conspirante
3661 4863 3736 4916 si-

2091 4961 2542 5016 mulacerbitatc
2559 4959 2964 5012 universarum
2985 4953 3394 5010 crudelissime
3412 4969 3503 5007 me
3518 4952 3740 5007 cruciat

2086 5050 2248 5105 Talia
2301 5057 2753 5120 conquerentem
2803 5062 3037 5100 corvum
3086 5042 3468 5113 interpellans
3503 5058 3734 5112 caprea,

2089 5140 2176 5194 Tu
2208 5139 2468 5210 quidem,
2504 5136 2719 5208 inquit,
2746 5135 2963 5206 tragice
2995 5131 3392 5200 rlieloricaris,
3420 5131 3591 5202 quasi
3642 5148 3731 5184 so-

2089 5229 2283 5300 phista
2314 5230 2383 5283 de
2427 5227 2650 5294 schola,
2696 5224 2928 5280 interim
2981 5226 3119 5276 dum
3171 5221 3506 5274 communis
3547 5220 3736 5274 amica

2088 5319 2325 5374 testudo
2362 5318 2418 5372 in
2471 5315 2600 5369 dira
2643 5315 2943 5380 servitute,
3008 5311 3372 5365 imminentis
3425 5309 3585 5364 exitii
3639 5327 3734 5363 ex-

2087 5407 2448 5479 spectatione
2476 5404 2692 5459 misera
2721 5407 2969 5458 metuat:
3004 5400 3142 5471 quin
3177 5400 3396 5471 potius,
3445 5399 3733 5468 intempe-

2085 5497 2218 5551 stivi
2267 5495 2645 5561 declamator,
2678 5493 2728 5548 ei
2781 5491 3097 5546 liberandae
3150 5493 3290 5543 dum
3343 5497 3572 5559 tempus
3622 5491 3731 5556 est,

2084 5585 2310 5640 consilii
2365 5584 2667 5654 quidpiam
2729 5581 2882 5635 celer
2938 5580 3234 5649 expedis?
3276 5579 3413 5644 Hoc,
3463 5578 3730 5646 inquam,

2082 5692 2184 5743 age
2218 5675 2348 5727 istis
2379 5673 2636 5737 omissis,
2675 5677 2738 5725 ut
2759 5672 2934 5738 viam,
2970 5671 3166 5741 siqua
3196 5672 3302 5736 est,
3329 5665 3503 5719 amici
3521 5664 3731 5735 capitis

2084 5765 2209 5819 neci
2240 5763 2526 5835 eripiendi
2557 5762 2866 5816 ineamus:
2902 5761 2998 5816 sed
3035 5758 3245 5830 raptim
3297 5773 3364 5811 ac
3420 5754 3568 5811 citra
3604 5771 3730 5810 mo:
