4120 6392
356 424 492 481 1307

1864 428 2256 487 APPENDIX.

3645 436 3666 488 l
3684 434 3793 489 308

352 570 500 623 ram;
538 566 671 610 nam
696 556 875 611 officii
901 555 1124 611 occasio
1148 552 1338 610 brevis
1365 552 1477 609 est.
1511 551 1717 609 Militis
1768 556 1825 608 in
1859 553 2001 611 aciei
2036 551 2086 625 Α
2119 554 2307 629 gligat
2356 558 2619 627 paratam
2657 556 2965 628 praedam?
3017 560 3157 612 Cum
3210 573 3390 630 prope
3450 559 3788 620 accesserit,

352 644 653 717 procinctu
692 646 969 701 fortitudo
1002 646 1307 716 probatur,
1338 644 1583 713 mquitas
1614 644 2004 715 negotiatoris

351 737 409 791 in
446 741 685 807 accepta
709 738 870 807 juste
903 735 1198 791 reddendo
1248 734 1622 807 perspicitur,
1670 736 1817 790 fides
1858 736 2003 790 ami-

352 826 501 882 citiae
537 843 720 881 unum
755 831 989 897 tempus
1024 826 1199 881 habet
1229 826 1319 881 sui
1375 826 1710 896 prodendae,
1761 824 2002 881 calami—

350 920 532 971 tatem
564 914 910 971 amicorum.
946 919 1273 970 Cunctante
1307 915 1377 970 ad
1412 915 1531 970 haec
1564 931 1756 983 corvo,
1794 916 1889 970 cui
1924 914 2005 970 ni-

354 1005 435 1059 hil
487 1006 856 1059 succurreret
897 1005 967 1059 ad
1010 1021 1255 1076 scopum
1290 1004 1454 1070 utile,
1506 1021 1801 1077 occupans
1850 1022 2008 1060 mus-

350 1094 493 1149 Mihi
528 1093 780 1159 videtur;
813 1095 1027 1166 inquit,
1052 1095 1341 1166 optimum
1382 1096 1560 1161 factu,
1610 1096 1656 1149 si
1713 1112 1775 1151 se
1825 1095 2006 1167 prori-

351 1186 474 1254 piat
498 1183 633 1237 hinc
665 1184 861 1249 dama,
894 1189 949 1239 ct
978 1183 1034 1238 in
1062 1200 1268 1256 campo
1301 1201 1368 1239 ex
1394 1184 1501 1240 hoc
1524 1185 1649 1241 loco
1686 1185 2003 1257 conspicuo

352 1273 517 1327 humi
544 1273 749 1342 jacens
773 1291 835 1328 se
863 1280 1155 1330 mortuam
1199 1274 1457 1343 simulet,
1495 1275 1669 1331 ﬁdem
1702 1276 1827 1330 viso
1878 1291 2003 1330 cor-

351 1380 458 1417 vus
492 1368 721 1418 astruat
757 1364 1203 1435 superinvolans
1234 1370 1289 1420 et
1321 1364 1605 1433 insidens,
1646 1368 1710 1420 ut
1759 1366 2004 1420 cadave-

355 1452 517 1507 ribus
552 1451 700 1507 solet
730 1469 741 1507 :
775 1453 883 1509 hoc
914 1459 1153 1509 venator
1202 1454 1458 1523 intuens,
1511 1454 1728 1509 omisso
1779 1471 1919 1509 arcu
1953 1457 2009 1509 et

356 1542 646 1615 pharetra,
682 1544 846 1598 velox
878 1560 942 1599 eo
976 1546 1307 1613 contendet;
1345 1545 1639 1617 quomodo
1690 1545 1848 1600 enim
1906 1560 2007 1598 ne-

2118 650 2203 716 tu,
2236 646 2432 712 dama,
2468 658 2694 717 surges,
2730 650 2787 700 et
2817 660 2931 701 non
2965 649 3085 701 tota
3110 640 3411 702 velocitate
3446 652 3616 703 utens
3649 646 3783 717 tua,

2118 734 2339 790 sensim
2375 734 2571 790 elicies
2596 736 2665 790 ad
2701 735 3063 806 sequendum
3095 748 3198 807 Spe
3228 736 3447 807 injecta
3486 736 3570 791 tui
3608 738 3779 808 quasi

2116 825 2435 881 vulneratae
2470 825 2760 896 potiundi.
2794 824 2884 881 Sic
2917 841 3050 881 cum
3104 826 3361 882 abducas
3414 840 3594 897 quam
3640 826 3777 882 lon-

2118 915 2389 987 gissime,
2423 932 2527 987 ego
2558 915 2794 971 interim
2840 915 3121 972 dentibus
3165 914 3401 972 vincula
3450 914 3774 972 testudinis

2120 1002 2519 1060 conscindam.
2558 1007 2843 1061 Probatur
2879 1022 2969 1061 res
3020 1006 3269 1062 cunctis.
3324 1005 3623 1077 Incipiunt
3675 1022 3778 1075 pro

2120 1109 2183 1148 se
2215 1096 2489 1165 quisque,
2542 1096 2696 1167 quod
2742 1096 2889 1151 bene
2932 1100 3205 1163 verteret,
3263 1100 3319 1151 et
3374 1094 3677 1166 negotium
3717 1098 3784 1149 ut

2120 1182 2559 1239 destinaverant
2618 1184 2943 1256 successit,
3005 1186 3399 1257 liberatioque
3460 1182 3781 1239 testudinis

2121 1275 2420 1329 communi
2445 1279 2533 1330 cst
2563 1274 2959 1345 gratulatione
2985 1274 3297 1331 celebrata.
3322 1276 3618 1329 Hactenus
3651 1274 3783 1329 idea

2122 1364 2437 1419 informata
2503 1372 2591 1420 est
2647 1366 2974 1421 amicorum
3027 1372 3083 1421 et
3141 1364 3437 1434 amicitiai,
3490 1366 3656 1419 dotes
3706 1361 3779 1417 il-

2120 1452 2353 1524 lorum,
2412 1454 2593 1526 hujus
2661 1456 2857 1511 ofﬁcia
2906 1455 3065 1511 velut
3137 1456 3194 1509 in
3266 1454 3504 1526 speculo
3572 1468 3782 1524 prapo-

2122 1560 2291 1600 [18113.

1457 1851 1965 1912 DlSSElt’l‘ATIO
2004 1846 2508 1912 PARABOLICA
2552 1847 2652 1909 1V.

365 1975 559 2031 Varia
592 1976 1006 2035 demonstrat.
1047 1979 1337 2034 Primum
1374 1998 1393 2034 :
1426 1976 1560 2035 odii
1594 1979 1917 2053 profundi
1972 1986 2030 2035 et
2061 1981 2405 2035 inveterati
2437 1980 2563 2033 vim
2618 1979 3017 2048 malignam;
3065 1972 3299 2030 deinde
3357 1971 3774 2030 consiliorum

428 2055 740 2113 delectum
796 2063 863 2115 in
912 2058 1225 2132 periculis
1277 2060 1489 2133 Reip.,'
1547 2068 1759 2134 postea
1825 2065 2261 2118 necessitatem
2307 2062 2532 2115 arcani
2589 2053 2675 2111 ad
2728 2072 2944 2113 eorum
3000 2071 3350 2111 successum
3390 2068 3411 2119 ,ο
3450 2057 3771 2134 praeterea

428 2137 621 2212 ﬁdem
650 2157 861 2196 veram
894 2129 965 2197 ac
996 2129 1561 2198 charitatemcz'vis
1586 2158 1789 2215 sepro
1820 2145 2045 2215 patria
2077 2139 2474 2200 devoventis:
2507 2136 2781 2212 denique
2832 2142 3075 2210 quanta
3116 2135 3403 2209 pernicie
3459 2129 3771 2189 credatur

438 2218 819 2295 transfugis.

424 2376 731 2432 Siclocuto
762 2378 1259 2449 gymnosophistm
1292 2395 1391 2434 rex
1420 2379 1842 2435 Abessalomus
1876 2381 1995 2436 haec
2030 2383 2075 2447 Β
2106 2376 2332 2431 Videtis
2385 2388 2620 2429 omnem
2675 2372 2936 2443 undique
3006 2369 3261 2426 civitatis
3321 2369 3504 2439 hujus
3555 2369 3768 2420 nostra:

348 2470 524 2523 verba
582 2468 871 2522 reddidit:
933 2469 1178 2523 Abunde
1231 2470 1481 2525 docuisti
1551 2486 1641 2525 me
1692 2488 1818 2541 quae
1861 2472 2000 2541 jura

348 2575 546 2629 quaeve
574 2558 775 2611 munia
797 2559 913 2612 sint
936 2558 1209 2613 amicitia:
1245 2558 1671 2629 sinceraa,nuuc
1704 2577 1771 2614 ex
1802 2559 1999 2629 te,nisi

348 2648 631 2719 gravaris,
666 2647 869 2702 audire
923 2664 1196 2718 cuperem
1258 2665 1385 2719 quas
1439 2649 1662 2720 optima
1720 2649 1802 2704 sit
1850 2650 1999 2704 ratio

346 2734 987 2790 insidiasinimicorum
1046 2737 1403 2805 prascavendi
1452 2736 1768 2792 amicitiam
1811 2738 1997 2791 simu-

345 2824 618 2879 lantium.
650 2824 732 2878 Ad
768 2822 877 2879 hoc
910 2823 1064 2895 regis
1116 2826 1461 2880 mandatum
1515 2843 1660 2881 novo
1711 2826 1998 2898 principio

346 2913 833 2985 gymnosophista
884 2930 1124 2969 exorsus
1168 2916 1456 2970 disserere
1505 2915 1679 2986 coepit
1728 2915 1787 2969 in
1841 2915 1999 2971 hunc

352 3004 617 3058 modum:

418 3095 460 3147 Ι.
512 3093 619 3157 Qui
672 3091 839 3147 facile
893 3091 1131 3148 inimico
1192 3093 1375 3149 credit
1432 3092 1875 3150 reconciliatum
1938 3113 2000 3152 se

347 3182 576 3249 ferenti,
613 3183 868 3254 patietur
910 3184 1065 3255 quod
1117 3184 1345 3239 noctuis
1394 3186 1627 3255 accidit,
1667 3187 2001 3259 proditione

346 3272 466 3327 ﬁcti
503 3273 823 3343 transfugas
876 3272 1085 3328 ultima
1142 3274 1539 3331 internecione
1598 3275 1823 3332 deletis.
1886 3277 1999 3334 Res

350 3367 623 3417 narratur
654 3362 709 3415 in
746 3361 905 3415 hunc
939 3363 1179 3417 modum
1215 3378 1228 3417 :
1262 3365 1451 3419 Arbor
1508 3370 1631 3420 erat
1688 3363 1747 3421 in
1802 3370 2000 3423 monte

349 3453 478 3509 avio
526 3468 749 3507 annosa
807 3453 1121 3506 densorum
1179 3452 1490 3508 ramalium
1522 3499 1534 3521 ,
1593 3461 1759 3509 vetus
1810 3456 1999 3511 cubile

352 3542 652 3613 rapacium
685 3540 903 3605 avium,
937 3541 1036 3595 ubi
1071 3539 1203 3595 lixis
1235 3542 1458 3598 dudum
1502 3544 1744 3599 sedibus
1794 3561 2001 3601 corvus

352 3632 550 3689 senior
578 3630 742 3687 mille
771 3630 1091 3686 admodum
1134 3630 1223 3685 sui
1274 3634 1507 3703 generis
1547 3634 1841 3704 capitibus
1890 3637 1997 3692 im-

346 3722 653 3794 peritabat.
689 3720 944 3792 Degebat
972 3721 1032 3775 in
1064 3736 1311 3776 caverna
1342 3724 1507 3795 rupis
1540 3724 1813 3794 proximae
1846 3742 1989 3798 gens
2022 3752 2064 3819 ρ

348 3826 665 3865 numerosa
719 3812 1091 3873 noctuarum,
1125 3811 1226 3864 uni
1273 3816 1327 3866 et
1365 3812 1497 3883 ipsa
1550 3811 1668 3885 regi
1727 3815 1987 3872 serviens

348 3897 751 3953 infensissimo
811 3898 1007 3969 generi
1061 3901 1314 3956 corvino.
1375 3903 1563 3966 Quare
1614 3912 1672 3957 ut
1721 3902 1874 3959 inter
1908 3902 1993 3959 vi-

350 3988 513 4043 cinos
551 3987 787 4043 acribus
832 3988 1184 4045 commissos
1238 3989 1411 4060 odiis,
1440 3991 1689 4047 invicem
1746 3994 1996 4049 nocendi

351 4076 593 4133 consilia
614 4078 943 4133 tumebant.
977 4080 1239 4145 Quadam
1270 4083 1441 4135 nocte
1482 4081 1792 4137 universus
1835 4097 1999 4138 exer—

350 4168 502 4223 citus
557 4171 947 4233 noctuarum,
1005 4167 1309 4240 inOpinato
1369 4169 1579 4225 castris
1638 4187 1995 4242 erumpens,

351 4255 570 4326 scpitos
626 4260 680 4310 et
732 4253 878 4309 nihil
946 4254 1061 4310 tale
1108 4259 1435 4311 metuentes
1495 4273 1699 4314 corvos
1759 4257 1992 4314 invasit.

349 4345 529 4400 Primi
564 4345 837 4401 custodes
861 4343 1010 4401 caesi:
1033 4351 1423 4416 perrumpunt
1448 4347 1659 4403 deinde
1692 4348 1747 4401 in
1773 4348 1999 4403 arboris

348 4436 580 4503 intima,
616 4435 870 4489 multum
900 4435 1210 4507 sanguinis
1243 4437 1472 4507 fusum;
1522 4440 1759 4494 tandem
1810 4438 1998 4494 inter-

352 4526 517 4583 fectis
550 4526 845 4598 plurimis,
888 4525 1206 4582 vulneratis
1248 4543 1363 4582 non
1414 4529 1638 4600 paucis,
1695 4528 1998 4584 nonnullis

354 4616 563 4687 captis,
595 4615 801 4687 spoliis
842 4614 1051 4671 divites
1098 4620 1155 4671 et
1202 4622 1442 4673 ovantes
1484 4618 1723 4673 victoria
1773 4622 1999 4675 noctuae

353 4705 473 4761 sole
499 4706 623 4775 jam
650 4705 871 4760 oriente
904 4722 1043 4761 suas
1082 4704 1250 4762 sedes
1298 4711 1591 4778 repetunt.
1644 4707 1998 4764 Archicorax

348 4797 587 4867 (nomen
640 4795 748 4850 hoc
798 4799 921 4850 erat
978 4795 1258 4868 principis
1299 4797 1649 4867 corvorum),
1694 4798 1871 4853 simul
1931 4816 1999 4855 ex

349 4885 742 4957 trepidatione
774 4900 836 4939 se
876 4886 1095 4956 recepit
1137 4886 1321 4957 praelii
1373 4888 1669 4955 nocturni,
1722 4893 1994 4944 senatum

348 4976 502 5045 cogit
533 4991 839 5047 procerum
881 4976 1117 5047 gentis;
1170 4992 1319 5047 quos
1376 4976 1529 5031 inter
1587 4979 1818 5034 medius
1876 4980 1996 5035 haec

348 5063 447 5118 ait:
482 5066 711 5129 Quanta
740 5064 1081 5144 cladesouno
1110 5066 1335 5135 impetu
1387 5065 1704 5139 improviso
1753 5073 1994 5124 noctua-

348 5168 476 5207 rum
512 5154 728 5209 nostris
786 5155 962 5210 rebus
995 5154 1159 5211 illata
1209 5155 1307 5222 sit,
1363 5156 1610 5213 docendi
1672 5176 1803 5215 mea
1860 5176 1994 5215 ora-

344 5242 502 5297 tione
533 5259 648 5295 non
676 5244 839 5299 estis.
896 5246 961 5299 In
1009 5246 1195 5302 oculis
1248 5248 1661 5305 recentissima
1713 5250 1999 5321 pernicies

343 5337 449 5388 est.
487 5330 670 5386 Multa
702 5330 759 5385 in
788 5332 903 5387 vita
935 5352 1065 5389 sum
1100 5335 1344 5392 adversa
1366 5343 1660 5409 expertus,
1690 5354 1997 5411 nunquam

341 5428 463 5478 tam
496 5438 677 5493 prope
702 5420 1008 5477 interitum
1032 5426 1258 5480 venisse
1284 5444 1376 5481 me
1401 5427 1665 5483 memini.
1694 5432 1808 5483 Vos
1835 5428 1997 5500 ipsos

344 5512 537 5567 adhuc
568 5511 731 5565 video
766 5510 1005 5566 horrore
1027 5513 1271 5584 periculi
1306 5514 1613 5588 pallentes.
1650 5517 1995 5573 Obtruncati

346 5602 573 5673 vigiles,
604 5617 848 5674 pervasa
876 5607 1087 5672 castra,
1120 5605 1297 5659 robur
1347 5608 1406 5662 in
1458 5607 1551 5665 his
1602 5609 1859 5664 deletum
1913 5610 1997 5665 le-

348 5692 609 5761 gionum,
643 5710 745 5747 arx
790 5690 1000 5747 intima
1045 5697 1101 5747 et
1152 5695 1315 5764 regni
1357 5698 1576 5753 avitum
1625 5699 1841 5754 solium
1895 5718 1997 5771 op-

348 5786 600 5849 portuno
630 5781 721 5836 vix
752 5780 993 5838 tandem
1026 5783 1334 5841 allucentis
1357 5786 1470 5842 dici
1504 5789 1717 5845 auxilio
1750 5795 1995 5847 retenta.

2110 2465 2441 2522 frondentis
2499 2462 2811 2517 circuitum
2870 2466 3010 2531 quot
3080 2465 3417 2515 nostrorum
3480 2456 3771 2511 cadavera

2108 2557 2508 2623 consternant,
2543 2556 2762 2623 quanta
2795 2551 2883 2605 vis
2928 2549 3156 2605 cruoris
3208 2547 3485 2609 maculet,
3537 2550 3764 2616 quanta

2106 2646 2446 2718 plumarum
2481 2643 2593 2697 late
2626 2641 2925 2711 congeries
2959 2644 3146 2711 tegat:
3193 2637 3442 2707 vestigia
3482 2636 3766 2707 probrosa

2107 2733 2294 2791 nostri
2354 2732 2656 2787 dedecoris
2690 2774 2702 2798 ,
2760 2736 2817 2785 et
2875 2734 3091 2801 tropaea
3148 2727 3442 2798 jactantia:
3500 2724 3760 2779 hostium

2108 2834 2471 2889 nostrorum,
2504 2823 2604 2893 qui
2639 2839 2755 2892 quo
2800 2820 3033 2875 viliores
3086 2820 3245 2884 sunt,
3301 2823 3357 2872 et
3408 2816 3543 2888 plus
3590 2813 3763 2885 vulgo

2103 2914 2302 2983 exosi,
2361 2928 2427 2967 eo
2489 2915 2688 2967 nostra
2750 2916 2838 2965 est
2898 2906 3323 2963 intolerabilior
3390 2904 3761 2977 ignominia.

2104 3006 2291 3075 Agite,
2327 3001 2613 3058 consulite
2645 3000 2705 3055 in
2758 2998 3019 3054 medium
3073 2998 3214 3069 quid
3252 2994 3620 3051 emendando
3669 2992 3767 3046 in-

2104 3094 2436 3158 commodo,
2473 3091 2867 3164 praecavendis
2901 3087 2956 3143 in
2991 3091 3292 3160 posterum
3334 3084 3567 3141 damnis
3600 3083 3765 3139 simi-

2106 3184 2283 3250 libus,
2318 3186 2715 3254 Opportunum
2750 3181 2904 3234 factu
2929 3176 3235 3249 judicetis,
3268 3174 3541 3247 promite.
3578 3173 3764 3228 Erant

2106 3273 2298 3345 capita
2330 3268 2561 3326 consilii
2615 3268 2877 3339 quinque
2922 3284 3036 3339 prae
3085 3266 3308 3322 caeteris
3360 3263 3620 3319 illustres
3669 3279 3769 3335 ge-

2106 3368 2331 3419 starum
2364 3360 2521 3415 fama
2552 3374 2772 3420 rerum,
2798 3358 2853 3412 et
2885 3362 3051 3428 parta
3094 3358 3260 3410 artata
3312 3370 3378 3409 ac
3429 3353 3599 3423 longo
3651 3368 3767 3407 usu

2109 3448 2433 3524 prudentiae
2466 3447 2735 3519 opinione
2770 3447 2934 3501 clari.
2977 3450 3197 3501 Horum
3232 3444 3330 3516 qui
3364 3444 3588 3514 primus
3622 3442 3769 3497 forte

2106 3539 2475 3606 consederat,
2513 3538 2665 3609 regis
2726 3534 3050 3591 orationem
3110 3534 3193 3589 sic
3227 3535 3489 3603 excepit:
3547 3530 3761 3586 Docuit

2106 3631 2225 3685 haac
2250 3645 2355 3683 nos
2378 3626 2635 3682 incursio
2672 3642 2847 3697 quam
2879 3641 3083 3696 parum
3126 3623 3271 3677 tutis
3315 3627 3558 3677 utamur
3608 3619 3764 3675 sedi-

2105 3720 2239 3789 bus;
2273 3717 2437 3773 nulla
2466 3733 2728 3787 unquam
2776 3720 2865 3769 est
2915 3712 3201 3768 securitas
3246 3711 3302 3765 in
3358 3714 3478 3765 tam
3524 3710 3758 3764 infensa

2103 3808 2315 3864 vicinia
2346 3806 2656 3879 speranda.
2691 3803 3058 3860 Florentibus
3092 3803 3268 3857 rebus
3301 3800 3541 3865 nostris,
3584 3798 3751 3854 inco—

2104 3896 2248 3954 lumi
2280 3897 2559 3961 exercitu,
2592 3894 2840 3966 integris
2888 3892 3119 3963 opibus,
3164 3891 3257 3945 vix
3306 3905 3475 3961 pares
3533 3888 3759 3943 fuimus

2104 3987 2350 4043 insultui
2381 3987 2643 4041 nondum
2678 3982 3082 4055 spernentium
3109 3981 3234 4043 dos,
3271 3978 3520 4034 necdum
3555 3992 3760 4047 expers

2106 4086 2294 4134 torum
2327 4076 2692 4131 debilitatem
2736 4077 3019 4127 nostram.
3054 4071 3113 4125 Si
3168 4073 3336 4124 nocte
3387 4068 3759 4138 insequente,

2104 4182 2381 4223 successu
2438 4164 2677 4228 feroces,
2730 4160 2882 4217 aucti
2946 4159 3183 4229 animis,
3245 4156 3456 4228 majori
3513 4171 3759 4211 numero

2106 4253 2455 4324 ingruerint,
2490 4251 2630 4323 quid
2664 4251 2927 4305 futurum
2961 4249 3057 4318 sit,
3119 4247 3319 4303 horret
3378 4246 3611 4301 animus
3673 4245 3762 4299 in-

2106 4345 2357 4400 formare
2388 4342 2717 4414 cogitando.
2752 4339 3000 4395 Utamur
3033 4354 3242 4393 censeo
3300 4335 3582 4392 beneficio
3641 4334 3759 4389 diei

2104 4450 2232 4505 quae
2265 4432 2389 4487 sola
2419 4430 2643 4486 cladem
2676 4434 2989 4485 extremam
3024 4428 3208 4483 nostri
3241 4424 3472 4499 generis
3520 4423 3759 4478 interci-

2104 4522 2209 4595 pit;
2261 4519 2537 4590 reliquias
2586 4522 2797 4573 tenues
2852 4519 3085 4571 tantum
3132 4531 3245 4569 non
3307 4511 3505 4567 deletas
3559 4510 3755 4581 gentis

2104 4612 2163 4666 in
2196 4610 2390 4666 locum
2446 4609 2850 4672 munitiorem,
2902 4608 3192 4661 remotum
3239 4602 3311 4657 ab
3345 4601 3532 4668 hoste,
3569 4616 3653 4669 ac,
3708 4600 3757 4653 si

2105 4702 2231 4758 fieri
2268 4705 2476 4773 potest,
2506 4699 2773 4771 ignotum
2809 4698 2977 4769 ipsis,
3037 4694 3465 4751 transferamus
3498 4708 3510 4746 :
3574 4692 3760 4745 fracta

2103 4795 2341 4861 virtute,
2378 4809 2494 4846 una
2526 4808 2660 4863 spes
2686 4789 2894 4846 salutis
2930 4787 2987 4842 in
3024 4788 3162 4858 fuga
3213 4789 3445 4840 matura
3471 4787 3573 4838 est.
3630 4782 3758 4837 Dixi

2109 4885 2248 4958 quid
2274 4885 2547 4940 sentiam.

2177 4979 2245 5033 II.
2282 4979 2400 5031 Hoc
2432 4975 2512 5029 ita
2542 4974 2737 5029 locuto
2771 4971 2962 5042 surgit
2993 4968 3075 5024 illi
3128 4968 3452 5041 proximus,
3496 4971 3553 5022 et
3591 4962 3756 5019 vultu

2106 5068 2381 5139 sedatior,
2424 5068 2730 5133 Extremas,
2789 5062 3005 5136 inquit,
3054 5057 3483 5134 desperationis
3542 5059 3759 5115 intem-

2105 5157 2396 5231 pestivum
2457 5155 2795 5211 audivimus
2855 5152 3213 5221 consilium;
3274 5148 3567 5219 nondum,
3626 5166 3759 5222 quae

2109 5248 2294 5321 gratia
2323 5246 2523 5303 divum
2556 5250 2666 5315 est,
2700 5262 2765 5301 eo
2798 5246 2939 5300 sunt
2968 5241 3079 5298 loci
3111 5257 3202 5297 res
3235 5244 3447 5297 nostrae
3488 5241 3760 5297 redactae.

2108 5338 2364 5394 Furtone
2396 5354 2512 5392 uno
2544 5334 2956 5408 impressionis
2988 5335 3284 5389 nocturnae
3331 5333 3390 5387 et
3438 5330 3761 5403 improviso

2110 5428 2336 5485 assultu
2369 5425 2729 5483 debellatum
2762 5425 2867 5481 sit?
2884 5423 2983 5478 vili
3003 5422 3317 5479 vendimus
3348 5425 3405 5477 et
3435 5421 3683 5494 patriam
3703 5426 3765 5479 et

2108 5518 2327 5573 famam
2360 5535 2462 5589 pro
2486 5516 2701 5590 quibus
2732 5516 2909 5571 fortes
2942 5528 3148 5568 omnes
3169 5528 3435 5569 cruorem
3454 5515 3512 5567 et
3540 5511 3764 5583 quavis

2108 5612 2367 5664 extrema
2415 5608 2814 5679 paciscuntur.
2882 5605 3040 5660 State
3100 5602 3335 5670 animis,
3381 5601 3586 5658 cives:
3641 5619 3763 5657 non

2108 5698 2231 5752 acie
2286 5715 2495 5753 sumus
2548 5696 2707 5764 victi,
2766 5695 2867 5750 sed
2926 5692 3259 5749 velitatione
3316 5708 3526 5764 parum
3587 5690 3765 5749 nobis

2108 5806 2389 5861 prospera
2417 5788 2645 5845 tentati.
2681 5786 2897 5843 Multas
2955 5784 3328 5853 offensiones,
3380 5782 3557 5839 etiam
3617 5799 3761 5855 gra-
