4120 6402
340 463 484 520 1309

1359 474 1721 528 SPECIMEN
1761 472 2162 529 SAPIENTIJE
2199 474 2531 532 INDORUM
2571 480 2731 531 VET.

3618 468 3760 525 4310

341 593 551 661 viores,
602 593 754 659 belli,
809 598 1129 652 succedens
1175 598 1407 653 fortuna
1455 596 1661 652 melior
1716 598 1985 656 correxit.
2021 595 2069 667 Α
2103 604 2210 655 est.
2254 602 2447 666 Cavet,
2505 600 2729 673 vigilat,
2793 603 3131 673 procinctus
3187 603 3303 655 stat
3362 601 3433 654 ad
3488 598 3601 652 vim
3654 598 3757 668 qui

350 683 719 738 Instruamus
752 685 1091 749 exercitum,
1121 686 1471 759 prodeamus
1522 688 1643 742 acie
1683 690 1993 759 quadrata,

351 789 736 845 provocemus
770 780 1017 831 noctuas
1047 777 1105 831 in
1164 775 1451 849 praelium.
1490 777 1573 831 Ibi
1605 794 1740 832 vera
1786 777 1999 833 virtute

352 868 627 918 cernetur
650 864 743 919 cui
777 866 920 936 parti
952 866 1253 921 victoriam
1290 867 1483 935 superi
1527 871 1813 932 annuant,
1869 872 2001 922 utra

350 959 584 1024 praestet
651 954 743 1008 via
810 954 1037 1011 bellica.
1118 955 1177 1010 Si
1246 956 1556 1023 vincimus,
1619 956 2000 1013 restituemus

349 1043 798 1113 rempublicam,
830 1044 1120 1100 maculam
1159 1046 1427 1100 eluemus
1461 1047 1761 1101 dedecoris
1796 1046 1999 1113 inusti;

350 1133 396 1187 si
433 1132 571 1203 quid
607 1132 1294 1203 secusascidcrit,lamen
1323 1135 1481 1189 laudi
1505 1136 1614 1190 erit
1637 1137 1791 1207 apud
1821 1138 2001 1191 bonos

350 1222 632 1276 fortitudo
681 1221 924 1290 infelix;
976 1228 1033 1277 et
1083 1224 1235 1293 quod
1301 1222 1503 1279 multis
1568 1226 1724 1279 fama
1772 1225 2002 1297 inclytis

348 1311 614 1381 contigit,
648 1311 867 1366 honore
916 1311 1139 1383 integro
1175 1314 1345 1367 marti
1378 1315 1621 1369 adverso
1651 1316 2001 1369 succumbe—

353 1414 508 1454 mus.
544 1400 665 1455 Mea
691 1417 825 1471 ergo
858 1401 979 1455 haec
1013 1407 1101 1456 est
1144 1404 1479 1473 sententia;
1542 1403 1881 1458 haerendum
1944 1404 2001 1458 in

346 1487 495 1557 loco,
546 1490 865 1544 obtinenda
938 1492 1183 1562 vestigia
1251 1492 1565 1563 majorum,
1620 1493 2001 1561 ignominiam

348 1577 535 1632 exsilii
570 1579 723 1633 haud
760 1580 1242 1636 consciscendam
1269 1582 1448 1647 ultro,
1470 1599 1703 1638 summa
1735 1582 1784 1637 vi
1822 1600 2003 1654 quan-

348 1666 539 1722 tocius
589 1669 923 1723 conandum
978 1669 1204 1725 cladem
1263 1670 1420 1726 hosti
1474 1686 1771 1743 reponere.
1825 1671 2002 1726 Tertii

353 1760 484 1828 post
513 1756 620 1811 hos
652 1759 946 1813 contraria
968 1759 1202 1830 utrique
1235 1760 1343 1815 fuit
1366 1760 1551 1816 oratio
1587 1761 1641 1815 in
1666 1761 1785 1817 haec
1809 1763 1999 1817 verba:

351 1849 467 1917 Ego
522 1862 627 1901 nec
693 1848 887 1917 fugam
944 1852 1209 1919 turpem,
1266 1865 1372 1905 nec
1431 1867 1687 1921 praeceps
1737 1850 1999 1922 praelium

2109 686 2361 759 metuit;
2399 690 2764 746 indormiens
2809 692 3032 763 supina:
3096 690 3343 755 ﬁduciae,
3403 687 3756 759 opprimitur

2105 778 2368 850 impune.
2428 779 2714 836 Caeterum
2774 780 3047 851 princeps
3115 780 3348 850 sapiens
3409 779 3479 832 ad
3536 775 3754 831 bellum

2106 871 2250 923 tunc
2283 873 2513 924 tantum
2565 869 2803 942 appellit
2855 871 3139 934 animum,
3190 866 3422 938 quando
3468 866 3582 921 alia
3642 881 3756 919 non

2108 958 2373 1030 suppetit
2404 956 2550 1014 ratio
2610 959 2946 1030 reipublicae
2976 959 3228 1014 tuendae.
3268 958 3433 1012 Luxu
3490 955 3605 1009 cibi
3660 958 3762 1009 aut

2108 1053 2296 1102 vestos
2329 1052 2781 1119 consumuntur,
2811 1048 2948 1103 ludo
2980 1047 3116 1103 aleae
3142 1047 3526 1119 profligantur
3588 1062 3760 1100 num-

2111 1137 2425 1205 mi,Martis
2458 1138 2953 1194 damnosissimus
2978 1142 3270 1193 mercatus
3303 1140 3428 1203 est;
3466 1133 3761 1204 impendio

2110 1226 2439 1281 animarum
2486 1226 2566 1282 ibi
2613 1227 2809 1283 omnia
2865 1229 3164 1283 emuntur.
3220 1226 3470 1280 Tacebat
3529 1226 3766 1278 senator

2112 1320 2244 1388 post
2274 1319 2393 1372 hmo
2424 1316 2602 1384 dicta,
2665 1317 2828 1386 quasi
2884 1320 3236 1389 perorasset,
3299 1316 3533 1385 quando
3594 1313 3763 1368 illum

2111 1407 2350 1461 intuens
2382 1424 2499 1461 rex.
2537 1407 2595 1460 Si
2622 1407 2865 1474 bellum,
2898 1406 3111 1477 inquit,
3136 1406 3256 1477 geri
3292 1403 3615 1475 vetas,quid
3642 1402 3766 1457 fieri

2112 1496 2324 1551 suades
2347 1497 2374 1550 ‘I
2401 1494 2463 1550 Et
2495 1496 2843 1567 ille,Suadeo
2870 1494 2998 1563 tibi,
3031 1497 3249 1566 optime
3292 1511 3388 1547 rex
3439 1494 3537 1561 ait,
3581 1493 3765 1547 consi-

2113 1583 2189 1640 lia
2237 1585 2537 1656 exquirere
2594 1584 3191 1657 sapientissimorum.
3267 1583 3471 1639 Omnis
3513 1582 3760 1653 publicae

2110 1684 2214 1750 rei,
2248 1684 2504 1740 maxime
2535 1702 2666 1740 vero
2709 1684 3005 1751 militaris,
3042 1700 3176 1755 spes
3204 1688 3259 1737 et
3300 1681 3446 1736 ratio
3484 1678 3758 1735 consilio-

2111 1791 2239 1829 rum
2267 1776 2518 1830 sanitate
2548 1775 2921 1841 continetur;
2950 1775 3161 1829 mentis
3196 1789 3373 1845 quam
3397 1787 3609 1826 manus
3630 1769 3761 1825 efﬁ-

2111 1863 2300 1919 cacior
2357 1880 2533 1935 opera
2578 1863 2634 1940 in
2696 1862 2865 1919 bellis
2915 1869 3022 1931 est,
3079 1863 3333 1935 plusque
3382 1862 3451 1917 ad
3511 1857 3763 1914 victoriae

350 1934 642 1990 Βυθεετίῐη
679 1953 691 2003 ἓ
722 1935 887 2007 Pri“8
921 1935 1128 1991 horum
1185 1943 1408 1993 cerium
1463 1939 1637 1994 habet
1697 1940 2000 2012 PPObPum,
2033 1962 2080 2029 Β
2113 1934 2452 2009 successum
2494 1934 2763 2009 consulta
2817 1934 3193 2025 prudentium
3243 1966 3422 2022 quam
3478 1963 3764 2003 numerus

348 2024 560 2097 ingens
588 2026 1048 2097 incommodum,
1075 2029 1332 2083 fructum
1384 2029 1675 2084 incertum
1708 2048 1722 2099 ;
1752 2030 2003 2085 alterum

347 2115 661 2170 temeritati
696 2116 871 2171 affine
920 2116 1017 2172 sit.
1080 2118 1273 2173 Media
1328 2119 1517 2190 placet
1564 2118 1659 2174 via
1713 2121 2003 2174 tentandae

348 2205 529 2274 pacis.
564 2203 880 2261 Mittendos
913 2207 1191 2261 continuo
1242 2209 1311 2263 ad
1348 2208 1575 2263 hostem
1632 2224 1764 2263 cum
1820 2210 2004 2263 cadu-

345 2298 592 2363 ceatore,
627 2295 912 2349 tractandi
948 2298 1167 2367 peritos
1192 2296 1420 2367 judico.
1468 2298 1681 2353 Ferant
1711 2297 1770 2351 hi
1803 2312 2003 2354 secum

351 2400 619 2449 munera,
652 2384 862 2455 quibus
894 2388 951 2441 et
983 2403 1178 2457 regem
1208 2393 1264 2442 et
1298 2388 1489 2458 gentis
1532 2405 1800 2459 proceres
1857 2384 2002 2444 deli-

353 2474 937 2529 niant.Exarmantur
968 2478 1063 2529 irae
1086 2477 1431 2547 plerumque
1460 2477 2001 2542 submissisverbis,

352 2581 493 2619 auro
516 2581 648 2619 vero
670 2565 992 2636 expugnari
1026 2564 1299 2619 ferociam
1335 2566 1707 2636 quantamvis
1739 2566 2005 2638 exempla

351 2652 411 2707 in
441 2657 711 2725 promptu
743 2657 895 2707 sunt.
928 2653 1076 2717 Quin
1128 2653 1175 2708 si
1211 2654 1399 2726 pactio
1444 2672 1641 2709 annua
1670 2654 1890 2724 {tributi
1931 2657 2000 2711 ad

354 2742 798 2797 conventionem
830 2744 1185 2813 requiratur,
1211 2740 1539 2798 cedendum
1566 2749 1833 2814 putarem
1857 2748 2003 2799 tem-

352 2830 518 2903 pori;
555 2832 776 2887 multas
807 2832 982 2887 etiam
1012 2832 1321 2887 bellicosas
1343 2836 1544 2903 gentes
1566 2833 1787 2888 scimus
1810 2833 2005 2889 dubiis

352 2921 479 2977 suis
513 2921 687 2976 rebus
702 2921 1021 2991 precariam
1042 2920 1528 2992 tranquillitatem
1543 2922 1846 2993 vectigalis
1872 2940 2004 2994 pen-

352 3010 625 3065 sitatioue
658 3010 1012 3076 redemisse;
1048 3011 1311 3065 dandum
1343 3011 1897 3082 redeundispatium
1917 3017 2005 3068 est

352 3100 596 3155 fortunae
621 3097 867 3164 meliori,
928 3115 1177 3155 summae
1224 3099 1462 3154 interim
1510 3116 1705 3155 rerum
1767 3117 2003 3172 quoquo

350 3189 521 3243 modo
539 3188 1241 3254 consulatur.Quartusin
1260 3188 1416 3243 hunc
1442 3190 1682 3243 modum
1703 3190 2001 3245 disseruit:

348 3278 465 3349 Ego
518 3292 653 3332 vero
696 3295 726 3331 a
758 3276 1049 3349 legatione
1083 3279 1151 3332 de
1182 3294 1296 3348 qua
1341 3279 1601 3349 proxime
1632 3279 1854 3334 dictum
1888 3284 1994 3351 est,

348 3366 718 3422 decernenda
771 3383 886 3422 non
913 3367 1221 3432 abhorreo,
1246 3384 1453 3424 censeo
1485 3374 1682 3423 tamen
1716 3368 1996 3424 adhiben-

347 3457 489 3511 dum
524 3457 763 3510 modum
814 3462 871 3510 et
929 3458 1201 3527 precibus
1252 3462 1309 3512 et
1367 3457 1560 3526 donis,
1595 3463 1660 3512 ut
1715 3458 1825 3513 illae
1887 3476 2001 3515 non

350 3545 603 3600 nimium
634 3544 912 3611 humiles,
949 3546 1067 3599 haec
1105 3546 1333 3600 modica
1366 3546 1574 3602 sintzin
1608 3564 1724 3618 quo
1762 3553 2003 3619 utroque

350 3633 665 3689 dexteritas
696 3633 867 3704 legati
894 3634 1233 3703 requiritur.
1269 3634 1472 3689 Gravis
1519 3636 1650 3705 ejus
1693 3638 1772 3692 sit
1816 3637 2001 3693 oratio

350 3724 627 3789 etfortis,
675 3729 895 3778 metum
951 3723 1361 3788 dissimulans,
1422 3725 1840 3781 confidentiam
1899 3744 2000 3782 os-

340 3820 616 3870 tentans:
654 3814 882 3883 abjecte
914 3813 1211 3885 supplices
1247 3815 1365 3870 alta
1410 3816 1727 3887 supercilia
1755 3818 1995 3873 concul-

342 3910 538 3969 cant,a
570 3920 783 3974 magna
815 3903 966 3958 ultro
999 3904 1399 3958 deferentibus
1448 3905 1670 3974 majora
1726 3905 1997 3976 ﬂagitan—

340 4000 453 4047 tur.
489 3992 743 4046 Pecunia
775 3992 994 4063 ingenti
1032 4008 1145 4047 non
1179 4006 1298 4047 tam
1335 4010 1447 4064 pax
1479 3994 1792 4049 redimitur
1821 4012 1995 4065 quam

338 4083 409 4136 ad
470 4080 872 4153 Oppressionis
931 4080 1239 4136 audaciam
1310 4082 1508 4138 hostes
1578 4083 1993 4149 instruuntur;

338 4171 550 4242 exigua
582 4171 667 4225 sic
699 4170 948 4225 victores
967 4169 1193 4239 delinit,
1219 4175 1284 4225 ut
1314 4171 1497 4227 victos
1522 4188 1635 4227 non
1667 4172 1992 4229 exhauriat.

338 4259 926 4315 Plusfacitinterdum
960 4260 1272 4315 dimidium
1297 4274 1472 4331 quam
1498 4266 1718 4317 totum:
1742 4263 1995 4335 utvirgaa

337 4351 405 4405 ad
425 4349 607 4405 solem
624 4349 836 4404 stantis
861 4350 1092 4404 modica
1127 4350 1358 4406 inﬂexio
1386 4352 1656 4407 umbram
1689 4353 1995 4423 auget,im-

338 4440 568 4496 modica
590 4440 1154 4495 consumit.Summa
1188 4441 1309 4497 haec
1337 4448 1396 4497 et
1446 4458 1586 4497 mea)
1647 4444 1948 4499 sententiae
1979 4462 1991 4500 :

337 4546 443 4585 nec
476 4529 863 4585 recusandam
881 4528 1085 4583 tributi
1108 4530 1639 4597 conditionem,nec
1664 4532 1799 4589 belli
1821 4551 1994 4605 appa-

336 4624 530 4674 ratum
609 4617 1017 4687 omittendum,
1098 4617 1386 4675 librandis
1457 4621 1773 4691 prudentia
1838 4623 1991 4678 inter

335 4714 651 4779 utramque
667 4707 1077 4763 necessitatem
1102 4709 1420 4765 momentis
1446 4708 1696 4781 publica
1717 4711 1983 4767 fortunae.

407 4833 503 4890 ΙΙΙ.
537 4834 790 4898 Quintus
822 4833 905 4889 sic
936 4850 1177 4890 exorsus
1199 4839 1287 4889 est
1320 4851 1332 4889 :
1366 4836 1492 4890 Non
1516 4852 1835 4907 possumus
1866 4836 1983 4892 bel-

336 4925 457 4980 lum
490 4940 690 4996 gerere
729 4939 863 4978 cum
899 4923 1151 4991 noctuis,
1196 4924 1409 4995 opibus
1459 4926 1544 4979 hae
1586 4924 1876 4996 siquidem
1928 4930 1985 4981 et

334 5014 593 5086 potentia
650 5011 820 5082 longe
876 5013 1048 5067 nobis
1093 5016 1408 5084 praastant;
1455 5015 1553 5085 qui
1614 5030 1768 5080 vero,
1825 5016 1981 5070 haud

332 5108 484 5159 recte
511 5103 802 5157 subducta
833 5101 1200 5173 propriarum
1228 5103 1448 5159 ratione
1499 5104 1737 5174 virium,
1769 5110 1983 5159 temere

330 5193 600 5248 fortiores
659 5191 916 5260 lacessit,
977 5190 1235 5261 seipsum
1298 5188 1556 5264 jugulat,
1619 5210 1687 5248 ne
1765 5193 1981 5248 laedens

330 5282 572 5354 quidem
624 5279 1011 5335 adversarios.
1059 5284 1271 5351 Magna
1337 5296 1471 5352 pars
1527 5286 1616 5337 est
1661 5284 1979 5351 prudentiae

331 5387 447 5427 non
479 5373 850 5425 contemnere
872 5367 1101 5423 hostem
1138 5385 1151 5437 ;
1203 5385 1306 5425 nec
1335 5369 1558 5426 nullam
1587 5372 1729 5426 forte
1754 5376 1976 5443 partem

327 5461 504 5516 habet
542 5460 601 5513 in
653 5475 831 5514 causa
888 5456 1073 5513 cladis
1129 5462 1297 5513 nocte
1356 5462 1644 5529 praeterita
1702 5466 1976 5533 acceptae,

329 5548 482 5622 quod
537 5550 784 5603 noctuas
830 5562 1036 5617 parum
1086 5564 1255 5618 posse
1307 5550 1715 5605 credebamus.
1774 5550 1976 5607 Timeo

324 5639 597 5712 equidem
627 5642 682 5691 et
712 5653 945 5707 semper
977 5636 1147 5692 timui
1199 5637 1663 5708 qualemcunque
1701 5638 1974 5695 adversa-

327 5729 506 5797 rium,
559 5727 883 5798 praesertim
939 5725 987 5779 si
1039 5742 1215 5798 prope
1248 5728 1363 5795 sit;
1425 5740 1530 5783 nec
1576 5728 1826 5800 ignavus
1884 5730 1975 5787 hic

326 5822 562 5887 metus;
595 5817 693 5872 sed
728 5829 1018 5888 generosae
1060 5814 1390 5874 securitatis
1445 5830 1688 5890 promus
1747 5819 1971 5877 condus

2112 2042 2384 2112 militum,
2416 2043 2575 2111 vigor
2610 2044 3167 2115 corporum,robora
3199 2039 3499 2113 legionum
3551 2038 3760 2093 confe-

2112 2136 2270 2187 runt.
2303 2131 2629 2188 Consilium
2685 2150 2845 2205 ergo,
2906 2150 3021 2187 rem
3075 2147 3305 2186 summe
3365 2126 3758 2184 necessariam

2112 2219 2221 2276 hoc
2253 2220 2497 2276 articulo
2530 2222 2745 2293 negotii
2782 2220 3058 2293 perplexi,
3092 2238 3221 2275 cum
3258 2214 3759 2290 postules,negari

2113 2325 2263 2363 ame
2295 2308 2457 2363 nefas
2516 2309 2612 2363 sit.
2673 2309 2833 2372 Quod
2886 2313 3078 2363 autem
3138 2323 3204 2361 eo
3266 2305 3495 2360 nomine
3554 2317 3761 2373 sugge-

2112 2399 2357 2452 rendum
2419 2397 2475 2451 in
2539 2402 2792 2452 mentem
2864 2395 3137 2460 occurrit,
3219 2411 3329 2448 non
3407 2397 3496 2447 est
3566 2394 3755 2445 totum

2112 2487 2424 2557 ejusmodi,
2463 2492 2525 2540 ut
2557 2486 2802 2557 proferri
2833 2502 3026 2542 coram
3062 2484 3261 2539 multis
3292 2483 3519 2537 debeat.
3572 2486 3760 2546 Quare

2112 2581 2242 2630 utar
2267 2575 2782 2646 partitione,atquc
2814 2575 2921 2629 hoc
2938 2573 3175 2646 quidem
3213 2573 3404 2643 palum
3426 2570 3535 2624 aio:
3556 2585 3761 2639 quem-

2109 2665 2421 2719 admodum
2439 2664 2592 2719 ultro
2612 2664 2903 2719 assentior
2919 2663 2967 2718 ei
2990 2662 3085 2733 qui
3102 2660 3488 2733 primusdixit
3505 2676 3618 2713 non
3634 2674 3766 2712 esse

2111 2754 2278 2808 nobis
2312 2753 2681 2809 conducibile
2715 2752 2955 2822 bellare,
2999 2750 3081 2807 ita
3131 2752 3378 2823 probare
3426 2765 3651 2817 nequeo
3702 2747 3758 2801 id

2110 2844 2259 2913 quod
2284 2843 2381 2914 qui
2402 2844 2567 2898 tertio
2582 2848 2854 2915 etquarto
2870 2842 2993 2897 loco
3008 2843 3204 2897 dixere
3225 2839 3760 2908 suadent,subeun-

2110 2935 2240 2987 dam
2276 2934 2661 2988 conditionem
2698 2933 2903 2987 tributi
2945 2930 3146 3000 annui,
3194 2930 3403 2985 saltem
3449 2927 3756 2997 moderati,

2110 3030 2403 3102 pendendi
2435 3031 2691 3087 noctuis.
2725 3033 3041 3086 Genustest
3086 3028 3385 3085 servitutis
3442 3024 3755 3081 tributaria

2109 3121 2319 3191 pactio,
2353 3122 2425 3175 ad
2460 3135 2635 3191 quam
2668 3121 2795 3176 ideo
2836 3137 2979 3191 gens
3039 3119 3240 3188 libera,
3296 3122 3353 3173 et
3410 3118 3539 3188 ejus
3596 3114 3757 3186 prin-

2106 3226 2264 3281 ceps,
2297 3226 2363 3265 eo
2394 3210 2612 3281 dignus
2644 3210 2900 3281 fastigio,
2927 3225 3225 3279 nunquam
3258 3208 3371 3263 nisi
3414 3205 3759 3261 necessitate

2030 3323 2071 3389 ρ
2113 3301 2356 3355 adactus
2388 3300 2596 3354 ultima
2626 3300 3255 3355 descendat.Beneﬁcio
3284 3300 3458 3351 deum
3494 3294 3755 3389 nondum

2110 3407 2177 3446 eo
2210 3391 2334 3445 loco
2368 3405 2456 3445 res
2490 3395 2704 3445 nostrae
2727 3393 2887 3455 sunt,
2923 3396 2987 3444 ut
3040 3404 3318 3444 excusare
3375 3387 3529 3457 apud
3593 3386 3753 3439 fatim

2102 3479 2395 3551 judicium
2425 3479 2726 3551 possimus
2766 3480 3152 3549 abjectionem
3210 3474 3571 3531 inﬂectendae
3629 3489 3752 3527 cer-

2108 3569 2249 3623 vicis
2281 3570 2627 3641 subjugum
2679 3570 2823 3624 adeo
2881 3570 3253 3639 probrosum.
3310 3569 3489 3635 Atque
3540 3564 3598 3618 in
3657 3562 3749 3617 his

2106 3660 2356 3732 duobus,
2390 3662 2647 3730 domine,
2680 3665 2835 3716 stare
2864 3665 2917 3715 te
2969 3662 3145 3714 fixum
3199 3664 3254 3714 et
3310 3654 3750 3712 irrevocabilem

2105 3766 2401 3818 cuperem;
2434 3766 2565 3805 nam
2601 3751 2701 3822 qui
2736 3754 2978 3805 fluctuat
3024 3748 3169 3804 nihil
3220 3748 3472 3819 expedit,
3516 3749 3752 3801 contra-

2103 3838 2322 3891 riarum
2358 3841 2978 3907 sententiarum,inter
3007 3856 3155 3911 quas
3175 3840 3430 3893 incertus
3456 3836 3757 3891 conﬂicta-

2101 3927 2446 3993 tur,damna
2473 3927 2721 3981 incurrit
2755 3944 2856 3982 nec
2891 3928 3143 3998 percipit
3174 3927 3753 3988 commodatiaztera,

2102 4042 2229 4096 qua
2263 4024 2540 4095 posthaec
2572 4025 2757 4080 habeo
2791 4027 3189 4096 proponenda,
3230 4040 3525 4080 secessum
3561 4026 3615 4077 et
3662 4038 3755 4077 se—

2099 4119 2325 4170 cretum
2363 4113 2622 4185 exigunt.
2660 4114 2908 4169 Eﬂatum
2961 4128 3051 4169 est
3105 4113 3443 4183 sapientum
3485 4117 3746 4166 veterum

2100 4220 2263 4276 reges
2294 4205 2445 4259 efﬁci
2471 4210 2736 4259 votorum
2764 4208 3059 4275 compotes
3076 4200 3588 4258 administratione
3602 4200 3749 4270 opti-

2102 4312 2195 4349 ma
2255 4310 2269 4349 :
2327 4293 2903 4349 administrationem
2964 4292 3248 4364 optimam
3304 4309 3373 4346 ex
3432 4289 3743 4359 multiplici

2098 4384 2378 4439 exsistere
2409 4382 2652 4438 consilio
2687 4402 2700 4451 ;
2731 4380 3146 4449 consilium,ut
3178 4383 3742 4452 unguentum,eate-

2098 4489 2209 4528 nus
2238 4474 2487 4543 probum
2514 4488 2664 4543 esse,
2707 4473 2899 4542 quoad
2960 4476 3176 4526 tectum
3229 4474 3496 4524 teneatur
3544 4468 3604 4523 in
3655 4484 3743 4522 ar-

2096 4563 2317 4618 canozsi
2346 4562 2724 4633 exspiraverit
2763 4562 3079 4617 evanescit.
3116 4563 3341 4615 Arcana
3373 4557 3619 4614 consilia
3650 4574 3748 4612 sex

2021 4681 2063 4744 D
2102 4653 2267 4706 rimis
2300 4669 2573 4707 emanare
2609 4653 2665 4705 in
2700 4652 2969 4706 notitiam
2994 4656 3273 4722 possunt:
3299 4650 3746 4720 autejusenun-

2099 4742 2455 4814 tiationequi
2488 4741 2838 4796 sententiam
2872 4740 3113 4812 rogavit,
3130 4744 3231 4795 aut
3262 4756 3458 4794 eorum
3513 4738 3742 4793 confes-

2097 4830 2260 4885 sione
2282 4831 2379 4902 qui
2416 4831 2991 4901 responderunt,aut
3042 4828 3450 4884 ministrorum
3497 4843 3739 4882 exsecu-

2094 4918 2236 4973 tioni
2270 4919 2676 4990 prafectorum
2702 4917 3071 4989 loquacitate,
3114 4923 3217 4972 aut
3249 4917 3572 4987 legatorum
3608 4916 3737 4987 qui-

2096 5011 2206 5063 bus
2262 5024 2427 5063 mens
2477 5008 2758 5079 principis
2791 5007 3118 5062 necessario
3164 5007 3443 5073 creditur,
3503 5006 3741 5078 garrula

2093 5104 2409 5178 prurigine,
2437 5109 2538 5159 aut
2567 5105 2866 5176 sagacium
2918 5100 3275 5173 coniecturis
3326 5104 3425 5175 qui
3474 5120 3503 5159 e
3559 5105 3739 5161 vesti-

2092 5196 2201 5267 giis
2233 5195 2420 5264 palam
2466 5199 2731 5249 actorum
2765 5193 2917 5249 clam
2961 5193 3229 5249 consulta
3276 5194 3623 5266 odorantur,
3645 5199 3745 5250 aut

2092 5283 2345 5356 denique
2370 5283 2966 5353 temerariisjudiciis
3016 5283 3337 5338 otiosorum
3383 5286 3743 5354 incomperta

2091 5373 2351 5429 divinare
2392 5373 2750 5442 conantium,
2803 5372 2945 5427 dum
2994 5390 3132 5427 casu
3191 5374 3370 5446 (quod
3438 5376 3501 5429 fit
3560 5374 3735 5428 inter-

2088 5465 2251 5534 dum)
2298 5463 2359 5517 in
2414 5479 2610 5517 verum
2687 5462 3015 5518 incurrunt.
3083 5462 3253 5518 Porro
3312 5464 3581 5535 princeps
3632 5462 3730 5533 qni

2088 5571 2205 5609 suae
2240 5551 2454 5607 mentis
2486 5568 2765 5606 arcanum
2816 5551 3138 5607 inviolabili
3189 5553 3396 5608 secreti
3451 5551 3732 5623 religione

2089 5643 2382 5697 munitum
2417 5641 2662 5707 obtinet;
2697 5642 2991 5713 duplicem
3028 5660 3096 5697 ex
3141 5659 3205 5697 eo
3262 5641 3572 5696 utilitatem
3623 5642 3735 5697 col-

2087 5731 2215 5803 ligit
2240 5747 2251 5787 :
2280 5748 2414 5787 nam
2450 5736 2505 5785 et
2536 5748 2651 5786 non
2684 5733 2907 5803 patitur
2937 5732 3241 5788 obstacula
3263 5730 3611 5802 opponenda
3634 5750 3735 5804 per

2086 5821 2373 5891 conscios,
2402 5820 2707 5891 victorque
2739 5821 2874 5877 inde
2905 5822 3207 5893 propositi,
3242 5836 3521 5877 successu
3553 5821 3732 5879 desti-
