4120 6388
398 427 525 481 1311

1909 419 2091 471 ΔΡΡΕ
2100 421 2144 471 N
2153 420 2270 472 DIX
2280 460 2293 473 .

3675 424 3815 478 1312

399 560 671 607 natorum
707 553 761 606 in
798 552 928 605 sinu
966 551 1178 621 gaudet
1214 568 1225 613 ;
1260 545 1384 600 etsi
1437 544 1572 614 quis
1631 558 1803 597 casus
1864 542 2039 597 inter-
2074 546 2122 611 Α
2157 561 2331 616 quem
2396 560 2595 598 eorum
2658 545 2985 601 cervicibus
3051 546 3350 618 imponere
3420 548 3811 617 meditamini,

399 642 956 705 verteritcll'eclun'i,
1004 644 1211 709 praeter
1270 650 1446 705 quam
1508 649 1577 685 nc
1631 636 1755 684 tum
1816 632 2052 701 quidem

399 731 635 785 debebit
667 729 985 783 ludibrium
1022 726 1214 797 vulgo,
1248 722 1490 776 irridere
1522 725 1745 775 tentata
1803 737 1915 775 non
1953 738 2053 791 pa-

392 824 623 874 trantes
647 816 839 883 solito,
874 814 1198 869 lucrifaciet
1228 810 1403 866 etiam
1440 808 1567 864 edia
1598 825 1799 864 eorum
1824 809 1881 863 in
1906 825 2053 880 quos

403 908 708 964 machinas
740 905 1087 971 intenderat,
1122 903 1221 973 qui
1244 901 1293 956 si
1320 905 1565 955 nossent
1612 899 1753 970 quid
1782 898 1841 953 in
1892 899 2051 971 ipsos

400 998 687 1066 parasset,
720 992 839 1046 iras
892 1007 1081 1060 usque
1122 990 1180 1043 in
1240 990 1493 1042 furorem
1555 987 1872 1040 irritarent.
1925 986 2049 1042 Non

400 1086 570 1139 debet
602 1086 794 1137 autem
850 1081 1042 1152 pigere
1080 1080 1402 1150 principem
1466 1079 1604 1132 dare
1656 1092 1856 1131 aurem
1910 1093 2048 1148 sug-

397 1192 596 1245 gerere
628 1174 929 1244 quidpiam
966 1188 1176 1226 arcano
1223 1168 1594 1235 volentibus;
1654 1184 1789 1221 nam
1850 1166 2049 1237 quale-

398 1281 633 1335 cunque
701 1263 754 1316 id
817 1264 1051 1316 demum
1112 1260 1210 1327 sit,
1256 1273 1605 1329 cognoscere
1662 1256 1802 1327 quid
1858 1260 2045 1324 nocet,

399 1354 553 1425 quod
614 1351 839 1422 rejiciat
893 1368 995 1422 pro
1055 1349 1294 1403 arbitrio
1354 1348 1401 1402 si
1456 1347 1672 1402 bonum
1725 1363 1839 1400 non
1903 1346 2049 1401 est?

400 1442 643 1497 Acuilur
674 1445 951 1512 prwterea
982 1456 1145 1493 mens
1176 1440 1303 1508 ejus
1335 1436 1450 1491 ista
1503 1435 1921 1505 dijudicatione
1952 1452 2048 1490 va-

401 1533 621 1585 riorum
657 1546 964 1592 sensuum,
1006 1533 1063 1583 et
1110 1525 1426 1583 auctoritas
1476 1529 1653 1595 atque
1694 1524 2046 1579 existimatio

399 1623 708 1675 firmantur
738 1619 849 1674 isto
883 1616 1233 1673 commercio
1265 1616 1790 1685 secretorumapud
1812 1614 2046 1685 vulgus,

400 1710 684 1781 quidquid
722 1726 835 1763 non
867 1706 1145 1776 intelligit
1178 1705 1565 1773 admirans,et
1596 1705 1750 1775 quod
1786 1704 2045 1757 admira-

398 1806 496 1854 tur
524 1798 689 1853 facile
722 1813 1001 1851 venerans
1037 1812 1049 1861 ;
1085 1794 1224 1865 quin
1270 1793 1425 1847 idem
1475 1794 1669 1864 ipsum
1729 1793 2043 1848 terribilem

402 1888 673 1943 hostibus
702 1886 1136 1949 facit.Quatuor
1167 1883 1318 1937 enim
1347 1888 1486 1939 sunt
1516 1899 1643 1953 qua:
1676 1898 1841 1953 reges
1902 1883 2041 1937 sub-
2076 1915 2121 1978 B

401 1978 539 2031 ditis
570 1979 874 2046 augustos,
909 1973 1252 2028 formidatos
1275 1972 1485 2026 exteris
1517 1971 1774 2025 reddunt
1807 1987 1818 2026 :
1855 1971 2045 2042 impe-

401 2063 705 2120 netrabilis
737 2079 1081 2118 arcanorum
1117 2061 1282 2129 fides,
1310 2060 1492 2114 multa
1514 2076 1645 2113 cum
1680 2058 2047 2131 sapientissi-

404 2155 513 2209 mis
548 2152 858 2223 colloquia,
895 2150 1301 2205 ministrorum
1336 2147 1639 2203 solertium
1692 2149 1763 2202 ad
1814 2148 2048 2219 negotia

403 2243 680 2309 delectus,
715 2247 770 2295 et
821 2245 949 2311 post
1009 2244 1275 2293 navatam
1327 2255 1561 2309 operam
1625 2238 2044 2306 remuneratio,

402 2332 653 2402 denique
686 2328 1059 2384 inexorabilis
1109 2328 1391 2382 severitas
1424 2329 1480 2381 in
1515 2327 1757 2399 perﬁdia
1792 2330 2047 2400 prodito-

405 2438 533 2478 rum
567 2420 882 2492 punienda.
917 2418 1209 2472 Hactenus
1252 2417 1442 2471 dicere
1473 2416 1663 2487 palam
1699 2417 1879 2487 potui.
1912 2422 2046 2483 Quae

403 2514 724 2583 supersunt
754 2507 1034 2563 momenti
1071 2507 1141 2561 ad
1177 2522 1298 2560 rem
1349 2522 1472 2575 quae
1528 2509 1697 2577 urget
1744 2506 2045 2576 aliquanto

403 2599 668 2670 majoris,
709 2612 1088 2668 congressum
1124 2594 1364 2665 exigunt
1396 2593 1709 2665 privatum,
1771 2595 1864 2649 cui
1919 2597 2045 2651 dure

399 2691 635 2761 linguae,
668 2704 839 2743 aures
901 2690 1171 2756 quatuor,
1217 2701 1321 2739 nec
1373 2684 1507 2754 plus
1563 2684 1875 2752 intersint;
1912 2686 2046 2741 ubi-

398 2794 630 2850 cunque
661 2776 754 2831 hic
787 2792 1070 2830 numerus
1100 2773 1417 2843 exceditur,
1467 2777 1797 2845 explorator
1825 2775 2043 2830 subau-

398 2866 662 2923 scultans
691 2864 886 2919 locum
920 2863 1159 2917 invenit.

472 2993 561 3047 IV.
598 2992 698 3046 His
729 3007 829 3044 rex
860 2988 1078 3044 auditis
1109 2987 1337 3042 dimisit
1366 2992 1605 3054 coetum,
1635 2991 1689 3042 et
1712 2992 2041 3043 senatorem

399 3084 499 3154 qui
532 3081 779 3135 ultimus
811 3079 1034 3133 dixerat
1066 3082 1439 3147 assumptum
1462 3076 1522 3130 in
1546 3075 1816 3131 intimum
1844 3094 2041 3133 secum

397 3169 733 3226 cubiculum
768 3167 1027 3223 abduxit.
1052 3167 1130 3220 lbi
1164 3167 1278 3219 duo
1311 3181 1380 3219 ex
1419 3182 1484 3220 eo
1520 3170 1892 3236 percontatus
1914 3172 2039 3223 est:

396 3262 583 3333 prius,
616 3276 789 3331 quam
824 3274 1063 3312 causam
1101 3255 1449 3310 habuissent
1480 3260 1701 3309 noctuae
1732 3256 1871 3311 belli
1902 3272 2038 3311 con-

395 3357 483 3405 tra
517 3346 1144 3405 corvosindenuntiati
1193 3349 1310 3399 tam
1372 3362 1521 3399 θωνα
1579 3345 1900 3414 irruptione
1960 3346 2043 3399 in-

396 3440 667 3505 choandi,
700 3437 949 3493 alterum
983 3452 1110 3506 quas
1144 3433 1420 3504 ratioipsi
1469 3433 1765 3489 videretur
1820 3434 2043 3505 optima

397 3546 599 3585 earum
632 3531 736 3583 aut
774 3524 1244 3580 ulciscendarum
1305 3527 1407 3577 aut
1463 3523 2040 3593 compescendarum,

394 3620 479 3674 Ad
515 3618 676 3689 prius
708 3620 944 3670 senator
990 3613 1293 3683 respondit
1322 3613 1380 3666 in
1417 3612 1570 3666 hunc
1602 3614 1841 3666 modum
1875 3629 1887 3667 :
1921 3616 2041 3668 An-

394 3706 590 3777 tiquae,
627 3704 882 3769 domine,
918 3701 1213 3756 memoria:
1262 3718 1354 3756 res
1405 3706 1492 3756 est
1549 3717 1728 3772 quam
1790 3702 2041 3772 priorem

397 3795 631 3866 quaeris,
665 3792 808 3846 mihi
845 3795 981 3845 nota
1012 3790 1293 3846 beneﬁcio
1334 3790 1544 3857 aetatis,
1605 3807 1722 3862 qua
1773 3809 1928 3858 sum,
1980 3803 2044 3848 ut

398 3884 536 3951 scis,
572 3899 748 3954 quam
785 3886 842 3935 tu
878 3880 1222 3951 provectior.
1274 3880 1380 3944 Qui
1443 3889 1579 3935 tunc
1625 3887 1829 3951 regnat
1886 3883 2042 3953 apud

400 3981 665 4042 noctuas,
725 3975 1011 4025 veterator
1067 3969 1436 4039 vaferrimus,
1489 3969 1627 4024 olim
1684 3969 1739 4023 in
1792 3970 2044 4026 comitiis

399 4061 616 4129 avium,
677 4064 731 4114 te
793 4058 1053 4113 nondum
1116 4061 1249 4111 nato
1327 4054 1635 4110 celebratis
1695 4057 2043 4113 candidatus

396 4150 581 4223 regni,
616 4156 734 4203 tam
770 4147 979 4202 callido
1014 4146 1263 4214 ambitu,
1310 4144 1687 4209 coitionibus,
1740 4161 1857 4215 qua
1882 4146 2045 4205 .valet

394 4246 536 4305 arte,
573 4237 898 4303 nocturnis,
931 4235 1120 4289 tribus
1163 4239 1318 4288 totas
1366 4237 1708 4300 emeruerat,
1748 4238 1812 4288 ut
1867 4236 2041 4305 justis

393 4329 687 4397 suffragiis
730 4325 1122 4380 declarandus
1167 4322 1489 4393 imperator
1533 4322 1837 4377 volucrum
1887 4329 2042 4378 certo

392 4420 743 4474 crederetur.
790 4414 1027 4482 Disjecit
1072 4412 1462 4483 perniciosam
1524 4412 1883 4466 molitionem
1945 4430 2040 4482 pa-

391 4513 561 4562 truus
594 4512 753 4571 tuus,
786 4504 883 4572 qui
915 4502 1139 4557 obiitte
1180 4518 1382 4573 puero,
1428 4516 1601 4569 quem
1664 4506 1802 4553 tunc
1862 4499 2041 4553 habe-

395 4596 695 4652 bamusin
755 4598 956 4648 nostro
1002 4608 1210 4661 genere
1272 4589 1582 4659 prudentia
1641 4594 2035 4659 praestantem.

2159 634 2397 688 domino
2425 634 2656 701 PMitto,
2692 635 2956 705 inquam,
2992 635 3133 705 hinc,
3176 642 3382 693 vestra:
3427 655 3529 709 per
3586 656 3649 694 se
3680 640 3814 693 ani-

2159 723 2579 777 madvertenda
2600 724 2976 794 providentiae
2996 726 3340 794 permittens
3366 743 3378 781 :
3414 726 3561 781 illud
3593 745 3813 797 qumro,

2158 813 2327 881 cujus
2350 828 2451 865 vos
2481 813 2934 868 sensusindicio
2967 818 3083 868 tam
3120 816 3264 869 bene
3320 816 3473 871 affici
3529 832 3668 887 erga
3707 836 3811 873 no-

2158 905 2351 954 ctuam
2389 902 2720 971 potueritis,
2754 908 2818 956 ut
2865 903 2915 957 ei
2965 903 3092 958 coeli
3146 922 3209 959 ac
3258 910 3547 960 terrarum
3612 907 3813 961 domi-

2157 988 2321 1042 nium
2356 989 2631 1059 optaretis
2652 991 2679 1044 ?
2724 996 2809 1046 An
2846 992 2973 1062 ejus
3012 993 3196 1047 forma
3224 995 3388 1050 vobis
3418 1012 3483 1049 ac
3514 996 3692 1050 facies
3724 996 3821 1049 di-

2155 1094 2271 1148 gna
2302 1078 2549 1149 imperio
2580 1080 2704 1134 visa
2732 1081 2994 1151 placuit?
3024 1083 3085 1136 Id
3121 1085 3456 1155 suspicarer
3487 1085 3537 1139 si
3574 1086 3811 1156 pavoni,

2156 1168 2202 1220 si
2238 1183 2439 1239 cycno,
2482 1168 2532 1222 si
2580 1168 2865 1224 columbae
2918 1172 3235 1226 l'avcretis?
3284 1178 3465 1228 Cantu
3530 1180 3633 1229 aut
3692 1191 3816 1229 ser-

2156 1273 2327 1310 mone
2395 1274 2492 1312 ves
2564 1258 2839 1313 delinitos
2913 1261 3251 1331 arbitrarer,
3302 1264 3350 1316 si
3409 1264 3694 1333 lusciniae,
3754 1264 3808 1320 si

2154 1345 2403 1416 psittaco
2463 1347 2700 1401 studere
2756 1365 2860 1403 vos
2920 1352 3265 1405 cernerem?
3309 1352 3641 1407 Monstrum
3694 1352 3807 1408 hoc

2153 1440 2391 1505 aspectu
2443 1434 2748 1503 horribile,
2781 1437 3005 1492 ululatu
3059 1440 3552 1507 abominandum,
3613 1443 3798 1497 fetore

2151 1524 2542 1589 teterrimum,
2592 1527 2782 1595 cujus,
2845 1527 3017 1581 dicite
3068 1529 3278 1584 amabo
3322 1547 3446 1599 vos,
3506 1547 3810 1587 commen-

2152 1613 2388 1667 datione
2420 1614 2569 1667 dotis
2608 1617 3027 1671 ostentandum
3057 1617 3116 1671 in
3170 1618 3314 1672 solio
3346 1620 3679 1675 diademate
3709 1637 3813 1675 co-

2152 1704 2483 1758 ronandum
2518 1705 2877 1774 putavistis?
2927 1708 3007 1761 An
3058 1708 3320 1777 corporis
3378 1710 3809 1780 turpitudinem

2153 1790 2356 1846 laudes
2390 1792 2445 1845 in
2472 1809 2537 1847 eo
2570 1794 2747 1848 animi
2810 1796 3245 1865 compensant?
3293 1799 3567 1862 Quzenam
3630 1815 3765 1854 vero
3789 1803 3817 1852 .9

2151 1880 2305 1934 Num
2340 1880 2614 1937 scientia?
2645 1882 2846 1953 stipite
2869 1901 2935 1938 ac
2964 1902 3102 1940 saxo
3132 1885 3420 1956 stupidior
3452 1891 3664 1941 noctua
3693 1892 3812 1956 est,

2152 1971 2239 2024 An
2276 1971 2655 2043 benignitas?
2686 1974 2971 2029 dracones
3004 1992 3070 2029 ac
3097 1976 3347 2047 viperas,
3391 1982 3515 2031 tum
3567 1977 3614 2031 si
3664 1978 3815 2048 quid

2153 2059 2366 2127 dirius,
2402 2061 2763 2133 malignitate
2795 2062 2990 2117 vincit.
3018 2062 3223 2118 Utrum
3283 2065 3537 2135 denique
3598 2065 3818 2120 affabi-

2154 2149 2290 2203 litas
2311 2149 2337 2202 ?
2368 2150 2644 2204 omnibus
2674 2167 2850 2205 exosa
2880 2166 3083 2204 omnes
3115 2153 3260 2215 odit,
3302 2157 3423 2207 tota
3471 2169 3539 2206 ex
3578 2152 3815 2221 fraude,

2153 2240 2351 2306 livore,
2386 2240 2749 2295 immanitate
2784 2242 2918 2295 ficta
2975 2242 3366 2313 conﬂataquc.
3401 2242 3504 2297 Cui
3542 2260 3817 2315 unquam

2155 2328 2484 2401 reipublicae
2514 2328 2659 2384 bene
2693 2330 2823 2394 fuit,
2856 2330 3027 2400 cujus
3060 2330 3387 2402 principem
3420 2348 3594 2386 nemo
3643 2332 3814 2388 adire

2155 2419 2548 2487 subditorum,
2580 2436 2749 2473 nemo
2783 2419 2999 2473 intueri
3031 2419 3319 2474 sustinet?
3349 2420 3495 2483 Quid
3553 2420 3603 2475 si
3663 2438 3813 2491 prae-

2155 2513 2314 2563 terea
2346 2512 2772 2575 contemnatur,
2808 2508 2858 2563 si
2915 2507 3169 2563 ludibrio
3218 2507 3307 2563 vel
3360 2508 3624 2565 minimis
3682 2510 3816 2565 sit?

2154 2598 2450 2668 quomodo
2483 2597 2531 2652 is
2562 2598 2709 2651 ferre
2741 2614 2843 2668 pro
2879 2596 3161 2667 dignitate
3206 2598 3576 2668 majestatem
3615 2600 3810 2671 regni,

2154 2704 2247 2742 res
2298 2686 2733 2754 administrare,
2786 2685 3038 2757 publicis
3090 2686 3421 2757 prospicere
3478 2689 3815 2744 commodis

2154 2777 2404 2848 poterit?
2447 2777 2826 2849 Elephantem
2882 2782 3001 2831 tam
3061 2777 3227 2842 forte,
3291 2777 3521 2848 ingens,
3583 2777 3807 2846 nobile,

2152 2866 2458 2920 cordatum
2492 2866 2641 2921 inter
2672 2866 3084 2937 quadrupedes
3115 2864 3333 2920 animal
3383 2866 3670 2920 excidisse
3700 2883 3817 2921 au-

2151 2954 2439 3023 ctoritate,
2500 2960 2675 3025 atque
2724 2972 2757 3009 a
2816 2956 2977 3027 regni
3026 2971 3125 3026 spe
3178 2955 3522 3009 submotum
3586 2955 3814 3023 ferunt,

2150 3044 2355 3099 bestiis
2407 3045 2646 3100 offensis
2677 3045 2934 3115 quadam
2996 3045 3125 3115 ejus
3179 3043 3593 3115 superstitiosa
3638 3060 3813 3099 vere-

2150 3134 2363 3187 cundia
2392 3132 2542 3187 lunce
2576 3138 2746 3187 noctu
2784 3133 3080 3203 fulgentis,
3115 3135 3187 3189 ob
3221 3151 3398 3205 quam
3460 3135 3616 3188 fama
3672 3133 3808 3188 vul-

2153 3228 2346 3292 gatam
2382 3222 2557 3275 etiam
2592 3221 2893 3292 lepusculo
2927 3223 3201 3277 debuisse
3224 3222 3544 3277 ludibrium
3567 3222 3819 3290 dicitur,

2153 3310 2431 3366 Eabulam
2468 3326 2581 3363 non
2617 3310 2870 3381 longam,
2901 3311 3041 3381 quia
3070 3312 3303 3366 videtur
3334 3314 3402 3367 ad
3438 3329 3558 3367 rem
3595 3312 3813 3382 facere,

2148 3399 2401 3455 breviter
2432 3399 2701 3454 referam.

2217 3525 2283 3580 V.
2315 3524 2545 3579 Exclusi
2580 3523 2901 3595 aliquando
2934 3524 3277 3596 elephantes
3309 3524 3498 3579 solitis
3536 3525 3801 3596 pascuis,

2146 3615 2301 3685 quod
2334 3614 2480 3669 forte
2539 3630 2638 3683 per
2695 3617 2956 3668 aestatem
2996 3614 3160 3669 lacus
3218 3613 3374 3668 unde
3432 3614 3812 3683 aquabantur

2143 3707 2474 3767 exaruerat,
2519 3707 2577 3757 et
2621 3704 2789 3758 sedes
2836 3702 2972 3757 alibi
3007 3718 3264 3772 quaerere
3297 3704 3505 3771 coacti,
3559 3703 3811 3757 devene-

2147 3793 2363 3847 runtin
2398 3791 2605 3846 vallem
2638 3808 2779 3847 sane
2813 3791 3090 3863 pinguem
3142 3796 3198 3845 et
3259 3792 3593 3856 herbosam,
3648 3793 3810 3847 fonte

2146 3880 2205 3936 in
2231 3880 2563 3935 declivitate
2614 3879 2781 3934 collis
2836 3884 3195 3951 emergente,
3246 3880 3570 3950 eodemque
3602 3880 3811 3951 ubere,

2147 3972 2455 4042 irriguam.
2488 3970 2613 4024 Non
2666 3968 2819 4024 ultra
2870 3969 3234 4041 perhendum
3285 3969 3499 4037 visum,
3561 3972 3813 4039 probata

2147 4061 2424 4116 omnibus
2485 4059 2844 4114 habitatione
2903 4058 2987 4112 uti
3048 4058 3325 4129 deinceps
3398 4059 3812 4115 decreverunt.

2146 4150 2254 4205 Sed
2288 4148 2629 4203 insederant
2656 4147 2714 4201 id
2748 4147 2938 4201 solum
2974 4152 3148 4201 antea
3176 4148 3397 4205 densus
3432 4148 3685 4218 populus
3709 4165 3814 4203 cu-

2148 4238 2501 4301 niculorum,
2536 4236 2639 4307 qui
2671 4235 2939 4290 dolentes
2984 4252 3228 4290 suorum
3288 4236 3598 4307 plurimos,
3662 4238 3807 4292 dum

2147 4326 2410 4383 cavernis
2444 4325 2665 4396 passim
2701 4325 2827 4379 suis
2858 4325 2927 4379 ad
2957 4329 3189 4396 pastum
3241 4330 3344 4380 aut
3402 4331 3603 4397 potum
3666 4343 3807 4396 pro-

2147 4416 2349 4481 deunt,
2385 4431 2417 4468 a
2449 4413 2613 4468 novis
2648 4413 2985 4484 hospitibus
3020 4414 3173 4468 mole
3220 4431 3529 4485 corporum
3587 4418 3809 4485 gravis-

2148 4504 2317 4559 simis
2348 4503 2485 4558 elidi
2518 4503 2911 4566 conculcatos,
2959 4504 3019 4557 in
3078 4503 3390 4558 consilium
3451 4510 3683 4569 coeunt,
3747 4508 3804 4560 in

2158 4610 2272 4665 quo
2304 4592 2719 4664 plerorumque
2751 4593 2822 4647 ad
2883 4593 3082 4663 fugam
3134 4598 3191 4646 et
3220 4593 3629 4663 migrationem
3668 4612 3808 4649 scn-

394 4685 687 4742 Postulata
714 4684 871 4738 enim
904 4682 1179 4736 concione
1214 4680 1295 4734 sic
1340 4678 1620 4733 disseruit
1653 4695 1665 4731 :
1697 4677 1897 4745 Video,
1934 4697 2037 4733 nec
2081 4654 2123 4716 Π
2156 4682 2353 4737 tentiis
2386 4684 2849 4753 propendebant,
2883 4682 3119 4752 quando
3150 4698 3472 4751 assurgens
3506 4687 3807 4749 unus,.-'\u-

396 4776 552 4831 enim
603 4774 920 4828 obscurum
963 4774 1072 4835 est,
1124 4787 1237 4840 quo
1289 4768 1551 4840 plerique
1603 4770 2036 4839 propendeatis.

393 4864 498 4920 Sed
536 4864 815 4934 quoniam
850 4860 1020 4925 tanti,
1062 4864 1349 4930 quantum
1396 4856 1652 4927 profecto
1685 4856 2038 4929 intelligitis,

396 4954 679 5009 momenti
716 4950 1013 5022 negotium
1046 4949 1261 5021 agitur,
1298 4962 1556 5000 mearum
1592 4962 1720 5001 esse
1780 4949 2037 5018 partium

396 5043 589 5114 putavi
624 5044 751 5107 hoc,
789 5041 942 5112 quod
976 5044 1111 5093 ante
1144 5054 1261 5091 rem
1298 5040 1483 5089 actam
1512 5035 1680 5091 breve
1712 5036 2039 5107 interjacet,

394 5130 583 5200 spatio
608 5132 923 5185 admonere
956 5145 1055 5183 vos
1096 5134 1158 5181 ut
1189 5127 1364 5180 etiam
1416 5129 1591 5195 atque
1648 5126 1822 5181 etiam
1884 5129 2040 5199 cogi-

392 5220 530 5274 tetis
559 5237 733 5288 quam
765 5220 971 5272 duram
1006 5216 1394 5286 acerbamque
1426 5215 1766 5271 servitutem
1792 5217 1955 5271 vobis
1987 5222 2043 5272 et

396 5307 663 5362 universo
698 5307 915 5377 ubique
946 5306 1207 5361 locorum
1242 5304 1545 5360 volucrum
1588 5306 1786 5377 generi
1821 5307 2041 5377 paretis

393 5396 722 5466 injungere.
769 5394 928 5448 Mitto
990 5394 1382 5465 prrenuntiare
1442 5394 1594 5449 bella
1651 5393 1862 5461 civilia,
1914 5413 2041 5465 quae

393 5483 821 5537 imminent.An
856 5482 1013 5536 enim
1047 5483 1401 5537 existimatis
1434 5482 2038 5554 aquilam,vulturem,

397 5570 895 5641 milvum,gruem,
930 5570 1074 5623 alias
1106 5586 1419 5639 generosas
1478 5589 1610 5625 aves
1640 5578 1695 5626 et
1726 5588 2039 5643 pugnaces,

398 5662 629 5725 spretas
661 5676 721 5713 se
756 5656 1221 5725 vestrisjudiciis
1254 5674 1415 5725 aequo
1448 5660 1645 5715 animo
1670 5660 1912 5727 laturas,
1944 5667 2044 5715 aut

402 5759 659 5810 unquam
696 5749 847 5801 bona
879 5747 989 5801 tide
1022 5746 1336 5800 serviturus
1368 5747 1519 5803 tristi
1544 5749 1681 5803 huic
1713 5767 1777 5804 ac
1809 5750 2044 5806 sordido

2151 4772 2269 4826 dite
2302 4788 2414 4838 me,
2465 4772 2675 4841 inquit,
2710 4771 3009 4825 observavi
3068 4774 3263 4826 vastas
3322 4770 3497 4825 hasce
3552 4772 3803 4839 belluas,

2149 4879 2276 4932 qua:
2311 4860 2478 4915 nobis
2512 4861 2810 4932 negotium
2847 4861 3165 4923 lacessunt,
3221 4860 3576 4931 impotenter
3618 4863 3805 4917 vereri

2152 4956 2499 5005 nocturnam
2535 4949 2895 5017 lunam;vidi
2924 4950 3081 5004 enim
3114 4949 3243 5017 ejus
3275 4955 3513 5020 aspectu
3548 4956 3807 5005 conster-

2151 5039 2362 5107 nari,et
2384 5038 2724 5109 aqua,velut
2755 5039 2804 5093 ei
2839 5039 3316 5109 propitiandaa,se
3347 5036 3621 5093 lustrare.
3656 5040 3803 5095 Hinc

2152 5128 2297 5182 mihi
2321 5127 2418 5182 lux
2439 5127 2703 5182 oboritur
2725 5126 3007 5198 aliqua,et
3025 5129 3380 5197 spesleorum
3402 5127 3539 5181 hinc
3562 5129 3801 5198 abigen-

2150 5218 2382 5271 dorum.
2414 5217 2694 5285 Tentabo,
2730 5216 2775 5271 si
2807 5217 2972 5271 vobis
3002 5216 3253 5281 videtur,
3309 5222 3477 5271 nocte
3531 5222 3800 5288 sequenti

2153 5307 2307 5379 quod
2339 5305 2549 5376 cogito,
2583 5322 2711 5360 cras
2742 5305 2883 5376 quid
2934 5304 3284 5360 successerit
3334 5304 3555 5374 scietis,
3587 5313 3643 5361 et
3696 5325 3799 5378 pro

2153 5414 2213 5450 re
2244 5400 2379 5449 nata
2410 5394 2736 5449 decernetis
2776 5395 2931 5465 quod
2975 5393 3280 5465 apparebit
3340 5394 3545 5448 utilius
3584 5412 3800 5451 :morze

2152 5483 2343 5538 brevis
2378 5501 2489 5537 non
2524 5482 2644 5538 leve
2677 5484 2924 5553 pretium
2962 5481 3310 5537 ostenditur.
3354 5483 3569 5539 Omnes
3602 5503 3802 5541 assen~

2154 5589 2300 5627 sere.
2338 5572 2527 5643 Lepus
2560 5577 2763 5626 auctor
2792 5571 3021 5626 concilii
3067 5576 3235 5624 nocte
3295 5573 3576 5628 concubia
3635 5590 3664 5627 e
3728 5593 3807 5629 re-

2154 5662 2323 5731 gione
2358 5664 2505 5717 lunae
2539 5662 2653 5717 alte
2699 5664 2824 5733 jam
2882 5661 3149 5725 sublatae,
3209 5660 3414 5716 innubi
3477 5666 3602 5717 tum
3656 5666 3803 5720 forte

2154 5750 2322 5818 coelo,
2356 5754 2411 5805 in
2444 5754 2744 5821 scepolum
2777 5752 2971 5807 evadit
3009 5749 3416 5807 imminentem
3478 5758 3803 5809 memorato
