4120 6396
322 392 461 445 1313

1340 391 1701 451 SPECIMEN
1738 396 2139 451 BAPIENTIE
2178 400 2515 458 lNDORUM
2554 406 2714 459 VET.

3608 417 3744 471 1314

321 532 500 587 supra
550 516 719 571 fonti.
769 517 911 571 Inde
955 518 1255 573 ductorem
1324 518 1701 590 elephantum
1753 534 1971 590 magna
2001 522 2055 587 Α
2084 521 2168 577 ire
2201 539 2317 578 non
2349 532 2671 595 recusaret,
2708 547 2739 583 a
2763 545 2878 600 quo
2903 548 2964 587 se
2998 533 3402 592 devorandum
3436 538 3613 594 simul
3645 558 3739 612 ap-

321 605 682 676 compellans
725 622 883 671 voce,
916 608 1165 677 Adsum,
1216 608 1435 679 inquit,
1492 610 1563 663 ad
1596 613 1653 663 te
1684 607 1906 663 missus
1940 625 1975 662 a

323 695 565 749 domina
598 696 777 759 Luna,
811 697 985 765 cujus
1014 696 1073 750 in
1106 696 1326 752 ditione
1376 697 1505 753 fons
1555 714 1726 768 quem
1778 696 1972 751 cernis

321 789 434 853 est,
470 784 664 838 Diana:
696 784 888 839 dictus
933 786 1003 839 ab
1058 784 1236 840 altero
1287 785 1459 840 Lunae
1506 786 1765 841 nomine.
1816 788 1876 840 Iu
1909 802 1975 840 eo

320 871 425 926 illa
464 872 773 927 consuevit
819 890 1032 928 arcano
1084 874 1286 941 lavari,
1333 876 1425 929 cui
1491 875 1572 930 rei
1620 880 1814 931 vestra
1858 876 1976 930 fre-

323 964 564 1033 quentia
593 963 1018 1035 impedimento
1060 970 1167 1031 est,
1222 968 1611 1036 praeterquam
1659 967 1817 1021 nitor
1848 966 1974 1036 ipse

320 1067 386 1105 ac
423 1051 810 1123 perspicuitas
838 1052 946 1123 ipsi
982 1054 1131 1107 sacri
1164 1054 1411 1124 liquoris
1468 1056 1677 1110 vestris
1712 1054 1976 1126 vestigiis

324 1152 615 1205 turbatur.
654 1152 837 1205 Edicit
867 1167 1021 1223 ergo,
1078 1154 1315 1207 Abeatis
1366 1152 1499 1209 alio.
1552 1171 1727 1209 suum
1761 1153 1845 1207 illi
1877 1169 1977 1207 va-

322 1256 502 1294 cuum
537 1239 908 1311 liberumque
942 1241 1288 1313 relinquatis
1313 1243 1543 1309 locum;
1579 1243 1627 1298 si
1660 1242 1977 1298 renueritis

326 1335 428 1383 aut
457 1329 633 1383 etiam
668 1330 1049 1399 cunctamini,
1086 1337 1308 1401 pestem
1342 1334 1506 1387 vobis
1529 1350 1593 1387 ac
1617 1338 1831 1387 certam
1859 1349 1980 1402 per-

326 1418 541 1473 niciem
579 1437 678 1491 per
710 1436 802 1475 me
834 1421 1165 1476 denuntiat.
1204 1423 1335 1493 Ipsa
1355 1423 1497 1492 quin
1530 1422 1705 1477 etiam
1738 1423 1976 1477 descen-

328 1508 419 1563 dit
442 1510 563 1575 jam
598 1511 654 1562 iu
690 1511 907 1565 fontem
939 1528 951 1577 ;
986 1510 1067 1565 ibi
1100 1528 1253 1581 eam,
1286 1514 1334 1566 si
1368 1512 1540 1567 dictis
1586 1514 1731 1568 meis
1782 1511 1979 1566 minus

328 1598 541 1665 credis,
577 1600 785 1653 accede
817 1598 919 1669 sis,
973 1599 1172 1654 licebit
1218 1618 1479 1657 cernere.
1528 1602 1820 1657 Turbatus
1851 1602 1979 1655 ino-

327 1686 527 1756 pinate
557 1692 613 1741 et
646 1687 858 1742 minaci
918 1689 1198 1744 mandato
1247 1689 1629 1761 elephantum
1686 1691 1826 1758 dux,
1871 1693 1977 1746 ad—

326 1780 518 1829 movet
548 1791 610 1829 se
644 1776 715 1830 ad
750 1792 909 1831 eram
965 1777 1140 1832 vicini
1192 1779 1393 1845 fontis,
1441 1779 1764 1850 vidensque
1809 1781 1977 1835 Lunae

326 1862 442 1918 alte
474 1862 751 1933 fulgentis
780 1865 1095 1937 imaginem
1129 1884 1197 1922 ex
1229 1884 1394 1939 aqua:
1433 1868 1744 1939 superficie
1778 1886 1975 1941 reper-

325 1969 585 2020 cussam,
620 1955 785 2009 deam
819 1954 959 2023 illic,
994 1957 1149 2027 quod
1192 1956 1503 2012 cuniculus
1553 1958 1799 2029 dixerat,
1832 1976 1980 2030 prae—

326 2048 553 2099 sentem
588 2043 856 2113 credidit,
891 2060 1136 2099 ae‘vauo
1166 2050 1575 2102 consternatus
1619 2052 1803 2115 metu,
1855 2048 1980 2103 suis

328 2131 511 2186 edixit
538 2148 682 2186 vasa
712 2132 1073 2203 colligerent,
1109 2133 1487 2206 diluculoque
1532 2136 1805 2207 migravit
1845 2154 1979 2191 cum

329 2227 595 2277 armento
629 2222 930 2289 universe,
964 2223 1126 2277 lates
1159 2240 1224 2278 ac
1254 2222 1619 2294 gratulantes
1668 2231 1786 2280 tam
1826 2226 1976 2281 facili

327 2309 666 2366 amolitione
698 2310 834 2365 mali
864 2311 1104 2366 maximi
1126 2310 1465 2383 lepusculos
1499 2314 1553 2367 in
1582 2330 1758 2385 regno
1794 2315 1980 2386 patrie

328 2404 686 2474 relinquens.
722 2404 824 2458 Hic
850 2405 974 2472 jam
1025 2411 1362 2476 comparate
1414 2406 1555 2459 mihi
1607 2406 1978 2478 elephantem

326 2508 457 2546 cum
494 2492 893 2558 noctua,illius
917 2494 1187 2563 panicam
1222 2511 1253 2547 a
1278 2493 1418 2548 luna
1446 2495 1817 2551 formidinem
1841 2513 1975 2550 cum

327 2581 501 2649 hujus
543 2581 782 2636 horrore
832 2582 1059 2636 diurnae
1109 2581 1279 2636 lucis.
1331 2586 1539 2638 Annon
1592 2585 1973 2640 manifestum

321 2684 414 2734 est
450 2679 767 2747 inﬁrmam,
820 2680 1164 2751 deformem,
1216 2681 1519 2749 fetentem,
1572 2681 1828 2738 luridam
1884 2685 1978 2739 be-

322 2767 518 2835 stiam,
597 2768 785 2824 multo
864 2769 1050 2841 magis
1130 2769 1216 2824 vel
1299 2770 1559 2825 minimis
1635 2771 1766 2827 luce
1837 2789 1976 2843 gau-

320 2858 597 2912 dentibus
628 2863 683 2912 et
715 2875 887 2913 mane
918 2858 1151 2914 caneris
1199 2859 1441 2915 aviculis
1491 2862 1852 2933 contemptui
1885 2864 1973 2917 fu-

322 2951 539 3012 turam,
575 2948 672 3002 ubi
704 2964 833 3003 eam
868 2947 1182 3003 abhorrere
1215 2966 1248 3004 a
1282 2948 1424 3004 solis
1476 2950 1682 3016 radiis,
1735 2956 1971 3023 stupere

326 3036 397 3090 ad
450 3035 838 3091 meridianam
890 3036 1107 3102 lucem,
1167 3039 1440 3094 tenebras
1485 3044 1541 3093 et
1589 3044 1821 3096 retrusa
1872 3058 1975 3113 per

322 3129 473 3180 totos
506 3126 632 3181 dies
677 3126 989 3196 gurgustia
1030 3130 1267 3197 captare
1317 3128 1856 3197 deprehenderint?
1883 3130 1975 3185 Vi-

2085 614 2343 681 paruerit
2391 616 2708 689 intelligit?
2757 618 2983 692 Fingite
3052 623 3133 677 ita
3177 625 3388 681 stulias
3437 628 3739 685 volucrum

2084 701 2313 772 aliquas
2340 709 2401 757 ut
2424 705 2613 761 forum
2638 713 2864 764 uoctuze
2883 727 2991 766 nee
3014 714 3553 787 refugiant,magne
3576 719 3739 773 luent

2087 793 2431 864 amentiam,
2485 801 2541 851 et
2595 798 2923 855 remedium
2972 808 3218 873 expertae
3262 805 3415 861 male
3468 810 3659 877 pejus,
3714 826 3742 864 e

2087 880 2247 936 fumo
2279 900 2341 938 se
2370 883 2431 938 in
2457 885 2755 943 ﬂammam
2791 890 3069 947 incidisse
3107 910 3236 949 sero
3269 898 3549 966 sentient,
3584 899 3736 953 idem

2088 986 2273 1040 passa:
2306 975 2460 1043 quod
2485 977 2747 1032 sciurum
2775 983 2831 1033 et
2861 979 3118 1052 leporem
3154 984 3369 1053 ferunt,
3406 986 3558 1041 inter
3590 1005 3740 1058 quos

2088 1064 2214 1114 orta
2245 1067 2638 1121 centreversia
2668 1084 2959 1124 consensu
3004 1072 3310 1127 amborum
3359 1076 3430 1129 ad
3485 1076 3616 1131 felis
3651 1096 3738 1132 ar-

2088 1147 2351 1217 bitrium,
2386 1153 2592 1207 annosi
2626 1155 2871 1211 solitarii
2905 1159 3096 1229 specie
3127 1178 3190 1214 ae
3240 1162 3399 1216 cultu
3447 1166 3738 1221 asceticeu

2088 1237 2450 1310 simulantis,
2484 1242 2816 1300 dirimenda
2860 1247 3049 1301 delata
3100 1255 3202 1304 est.
3261 1252 3738 1321 Imprebissimus

2082 1326 2265 1396 judex
2298 1333 2491 1399 praeda
2512 1331 2680 1388 laetus
2703 1336 2947 1405 objecta,
2970 1354 3101 1391 cum
3135 1339 3432 1410 litigantes
3462 1359 3531 1396 ex
3561 1344 3735 1399 inter-

2089 1415 2244 1471 vallo
2278 1420 2345 1472 ad
2382 1421 2524 1490 quid
2557 1423 2860 1479 venissent
2892 1426 3238 1499 indicarent,
3272 1432 3505 1486 Accedit
3534 1433 3733 1504 igitur,

2089 1505 2300 1576 inquit,
2332 1514 2395 1563 ut
2424 1527 2526 1565 vos
2568 1514 2837 1581 audiam;
2875 1532 3011 1570 nam
3042 1517 3232 1573 aetatis
3280 1520 3415 1575 vitio
3463 1524 3735 1577 semisur-

2092 1595 2202 1649 dus
2234 1613 2391 1663 sum,
2443 1602 2663 1655 Ambos
2697 1602 2909 1658 deinde
2955 1606 3189 1661 incaute
3239 1611 3736 1680 obtemperantes,

2095 1685 2390 1755 unguibus
2421 1705 2759 1760 aggressus,
2796 1708 2861 1747 ac
2893 1694 3170 1751 dentibus
3218 1699 3489 1770 egregius
3523 1701 3739 1758 arbiter

2093 1772 2426 1846 discerpsit,
2456 1793 2522 1831 ac
2554 1781 2798 1834 voravit.

2169 1900 2351 1954 V1.1ta
2377 1902 2824 1959 concionentem
2844 1923 3079 1963 corvum
3114 1928 3227 1965 non
3262 1930 3437 1983 passa
3466 1932 3737 1987 perorare

2091 1986 2253 2058 plebs
2285 1989 2479 2045 avium
2523 1993 2867 2049 acclamavit
2910 1997 3091 2053 dense
3154 2002 3413 2073 undique
3474 2007 3733 2061 fremitu.

2089 2080 2279 2146 Apage
2309 2078 2605 2136 bubonem
2637 2084 2865 2154 regem!
2903 2086 3144 2142 abeatin
3175 2106 3294 2145 rem
3324 2091 3539 2147 malam
3569 2112 3736 2150 mon-

2088 2171 2278 2220 strum
2311 2166 2667 2240 lucifugum,
2700 2171 2980 2242 invisum,
3025 2180 3416 2235 exsecrabilel
3452 2182 3601 2254 Ergo
3633 2186 3735 2239 de—

2090 2253 2358 2323 signatus
2399 2257 2574 2327 paulo
2627 2264 2761 2314 ante
2812 2278 2906 2315 rex
2956 2264 3146 2319 avium
3194 2267 3402 2337 plenus
3452 2270 3639 2325 cladis
3671 2289 3737 2327 ac

2089 2344 2390 2400 dedecoris
2420 2347 2513 2400 vix
2554 2347 2753 2404 salvus
2804 2368 2833 2405 e
2874 2353 3109 2408 comitio
3157 2358 3406 2428 aufugit,
3458 2361 3737 2429 proximis

2086 2432 2259 2487 etiam
2288 2434 2624 2506 quibusque
2658 2438 3050 2497 Irascentibus
3084 2444 3237 2499 ultra
3263 2446 3490 2518 sibilos,
3525 2457 3739 2506 rostro-

2086 2537 2199 2590 que
2230 2521 2512 2577 miserum
2547 2527 2938 2584 tundentibus
2971 2548 3035 2586 ac
3076 2532 3308 2602 plumas
3360 2536 3731 2595 vellentibus.

2083 2609 2257 2664 Nocte
2286 2610 2420 2666 inde
2447 2620 2648 2668 secuta
2697 2620 2969 2673 convenit
3018 2628 3364 2679 noctuarum
3409 2627 3667 2697 rcgulus,
3702 2646 3733 2684 e

2082 2703 2247 2754 tanta
2295 2717 2357 2755 se
2406 2718 2508 2773 spe
2558 2704 2848 2773 dejectum
2903 2709 3179 2777 fremens,
3225 2712 3564 2784 ignominiae
3614 2735 3731 2772 suae

2083 2806 2403 2858 praeconem
2437 2797 2743 2862 nostrum;
2779 2800 2854 2863 et,
2883 2799 3031 2862 Quid
3061 2800 3187 2869 tibi,
3225 2801 3437 2873 inquit,
3472 2822 3577 2876 ego
3609 2808 3733 2878 pri—

2080 2878 2257 2932 vatim
2290 2885 2391 2934 aut
2422 2882 2669 2951 publica:
2692 2890 2884 2941 vestro
2916 2903 3221 2944 corvorum
3250 2893 3449 2962 generi
3475 2912 3731 2964 unquam

2085 2966 2538 3036 iucommodavi,
2572 2976 2636 3026 ut
2668 2979 2869 3029 contra
2894 2993 3005 3047 me,
3039 2978 3406 3037 alienissimo
3440 3000 3568 3039 meo
3593 2978 3738 3041 tem?

2082 3072 2241 3126 pore,
2276 3060 2394 3111 tam
2432 3076 2585 3114 smva
2615 3061 2776 3116 rabie
2806 3064 3081 3121 venires?
3127 3069 3413 3126 Caeterum
3446 3072 3529 3128 sic
3562 3074 3733 3140 habe,

2079 3146 2334 3200 recisum
2360 3148 2512 3203 ferre
2544 3166 2773 3206 ramum
2808 3154 2945 3209 vivae
2978 3158 3204 3213 arboris
3238 3159 3449 3217 iterum
3484 3165 3734 3231 renasci,

323 3215 459 3269 dere
481 3214 609 3285 jam
642 3214 862 3285 Videor,
898 3219 962 3269 ut
996 3214 1154 3269 illam
1203 3216 1622 3283 exsibilabunt,
1675 3224 1740 3272 ut
1788 3219 1969 3276 Visam
2000 3249 2044 3316 ρ
2084 3234 2236 3289 coire
2270 3237 2733 3308 medicamentis,
2768 3247 2823 3297 et
2856 3261 3018 3299 mera
3049 3248 3260 3303 vulnus
3294 3250 3581 3307 inﬂictum
3615 3256 3737 3309 ani-

323 3303 522 3357 subito
553 3302 885 3373 explodent,
921 3307 987 3358 ut
1034 3304 1313 3359 omnibus
1364 3304 1606 3376 impune
1652 3305 1973 3379 lucifugam

324 3391 757 3447 tenebricosam
789 3391 1170 3447 contumeliis
1194 3392 1473 3449 afﬁcieut.
1501 3395 1567 3449 Et
1596 3394 1754 3451 hunc
1785 3413 1981 3469 regem

328 3480 631 3552 imponere
664 3480 871 3537 incolis
904 3481 1030 3536 coeli
1085 3482 1360 3553 cogitatis
1408 3483 1636 3551 avibus,
1682 3502 1857 3557 quem
1889 3487 1985 3544 vix

321 3569 732 3625 sordidissima
752 3570 1053 3641 reptilium
1074 3586 1312 3624 servum
1334 3571 1551 3626 habere
1569 3572 1986 3643 dignarentur?

325 3659 453 3727 Eat,
487 3660 700 3713 condat
732 3676 794 3713 se
824 3659 990 3713 caecis
1033 3659 1243 3725 antris,
1292 3660 1808 3730 vespertilionibus
1842 3662 1983 3729 illic,

334 3757 805 3828 nycticoracibus
838 3774 903 3812 ac
937 3756 1136 3827 talpis,
1170 3757 1217 3811 si
1249 3757 1339 3810 vel
1374 3757 1430 3811 id
1474 3763 1684 3827 potest,
1720 3760 1987 3815 domine-

332 3851 430 3900 tur
476 3864 489 3903 :
543 3845 693 3902 lucis
746 3846 1023 3915 tiliarum,
1078 3846 1396 3901 amicarum
1447 3848 1611 3912 solis,
1673 3848 1987 3919 imperium

334 3934 534 3989 avium
590 3953 661 3990 ne
709 3936 956 4003 alfectet,
1009 3952 1081 3989 ne
1130 3934 1489 4001 ambiat;de
1541 3952 1658 4006 quo
1712 3941 1987 3993 noctuam

333 4024 643 4094 cogitasse,
679 4023 764 4079 vel
816 4040 915 4095 per
958 4023 1254 4079 somnium
1306 4024 1539 4079 insania
1587 4025 1683 4093 sit,
1718 4043 1989 4097 sperasse

334 4117 529 4167 autem
562 4114 744 4181 furor,
785 4118 842 4168 et
891 4120 1092 4168 vestrae
1145 4113 1467 4184 prudentiae
1517 4115 1988 4171 contumeliosis-

335 4202 488 4257 sima
520 4202 1168 4274 desperatio.Pererabo
1200 4203 1300 4257 ubi
1327 4220 1511 4258 unum
1547 4205 1719 4259 modo
1742 4206 1988 4275 subjun-

334 4307 474 4346 xero
506 4290 775 4363 capitalis
796 4290 857 4346 in
888 4292 997 4347 hoc
1030 4292 1261 4363 negotio
1295 4292 1600 4348 momenti.
1625 4293 1847 4366 Regum
1872 4297 1989 4366 pri-

342 4379 595 4435 marium
651 4380 913 4435 ofﬁcium
954 4380 1318 4451 jurisdietio,
1392 4381 1733 4451 dijudicatie
1772 4382 1987 4452 litium,

342 4469 654 4525 arbitrium
687 4487 1001 4526 causarum
1035 4475 1146 4538 est,
1176 4475 1241 4525 ut
1284 4476 1513 4526 constat
1560 4470 1715 4527 inter
1763 4489 1988 4529 omnes.

338 4558 404 4612 In
434 4575 500 4613 eo
532 4575 776 4613 munere
813 4563 966 4614 recte
1009 4559 1305 4630 fungendo
1356 4558 1599 4630 puppim
1651 4577 1716 4615 ac
1756 4578 1988 4631 proram

336 4646 579 4716 aequitas
611 4648 771 4716 facit,
803 4647 933 4702 sine
964 4665 1080 4719 qua
1114 4622 1249 4703 nota
1279 4622 1730 4720 et-pi'ghoribus
1756 4622 1985 4722 experi-
2021 4622 2066 4685 D

337 4740 672 4790 mentorum
705 4740 884 4805 certa,
932 4735 1080 4790 nulli
1128 4735 1478 4807 patientium
1530 4736 1808 4806 injuriam
1843 4755 1984 4809 que-

334 4822 470 4878 relas
498 4823 568 4876 ad
604 4823 862 4878 tribunal
899 4823 1229 4878 deferendae
1261 4822 1477 4877 ﬁducia
1509 4824 1701 4877 fuerit.
1736 4825 1985 4896 Putatis,

333 4921 381 4975 si
411 4922 649 4991 quando
708 4922 989 4993 accipiter
1040 4920 1377 4977 columbam
1428 4922 1741 4990 vexaverit,
1792 4923 1843 4978 si
1893 4941 1987 4980 res

332 5009 589 5066 hirundo
621 5013 883 5083 rapuerit
914 5010 1250 5083 passeris,si
1278 5010 1759 5081 quotidianarum
1784 5011 1985 5067 istius-

336 5100 497 5154 modi
566 5100 1155 5167 oﬂ‘ensiuncularum,
1217 5100 1434 5171 quibus
1500 5100 1620 5155 vita
1682 5118 1982 5174 nunquam

332 5194 517 5257 vacat,
569 5189 842 5245 inciderit
885 5190 1131 5261 aliquid,
1200 5206 1559 5260 quemquam
1604 5189 1983 5269 inducturum

331 5279 597 5334 animum
632 5279 715 5335 ire
746 5281 817 5335 ad
851 5285 1125 5336 noctuam
1153 5279 1308 5349 juris
1328 5280 1627 5349 repetendi
1649 5280 1740 5334 sui
1763 5281 1985 5351 gratia?

329 5366 478 5421 Tum
510 5372 710 5437 putate
742 5368 800 5422 id
836 5367 1181 5434 futurum,si
1205 5367 1491 5421 damnum
1525 5367 1712 5423 multo
1743 5369 1984 5440 gravius

329 5461 567 5525 accepto
599 5457 669 5511 ab
701 5473 767 5511 ea
802 5473 917 5511 non
952 5456 1233 5511 timuerit.
1268 5455 1502 5526 Flagrat
1551 5456 1652 5511 illa
1693 5457 1752 5511 in
1778 5475 1984 5514 omnes

328 5546 461 5598 odio
508 5561 740 5616 semper
790 5545 1041 5611 ardenti,
1091 5544 1311 5599 eminet
1357 5560 1426 5599 ex
1470 5544 1659 5612 vultu,
1698 5563 1767 5600 ex
1815 5548 1983 5604 oculo

329 5634 513 5699 furor,
562 5636 870 5701 acerbitas,
927 5635 1287 5697 immanitas.
1341 5636 1572 5699 Quanta
1620 5636 1837 5706 injuria
1886 5654 1981 5693 ve-

326 5723 450 5777 xari
482 5740 701 5794 agnum
734 5730 1048 5796 oporteret,
1085 5730 1149 5779 ut
1177 5726 1249 5779 ad
1297 5722 1506 5795 lupum
1548 5726 1979 5796 expostulatum

2093 3324 2311 3379 mantis
2341 3327 2589 3398 corpori,
2650 3336 2829 3402 atque
2868 3333 2925 3388 in
2976 3335 3310 3393 cicatricem
3361 3340 3733 3399 coalescere:

2095 3412 2307 3485 linguae
2336 3432 2599 3473 morsum
2626 3436 2754 3475 esse
2778 3439 3021 3492 prorsus
3061 3424 3467 3499 incurabilem,
3501 3448 3567 3485 ac
3598 3448 3733 3487 cum

2099 3519 2251 3573 aqua
2281 3506 2615 3576 exstinguat
2644 3508 2861 3580 ignem,
2893 3512 2979 3566 vis
3008 3512 3204 3569 hausti
3236 3519 3442 3572 veneni
3478 3520 3739 3577 antidoto

2098 3593 2467 3663 retundatur,
2502 3614 2667 3653 amor
2696 3600 2965 3656 satietate
3013 3603 3306 3660 fruitionis
3338 3606 3738 3680 elanguescat,

2100 3682 2447 3738 memoriam
2499 3691 2697 3742 tamen
2748 3688 2979 3760 injuriae
3033 3692 3160 3748 sine
3226 3696 3435 3751 merito
3492 3704 3740 3769 acceptas

2096 3768 2284 3823 vivere
2315 3778 2592 3829 aeternam
2627 3794 2692 3831 ac
2724 3778 2935 3851 vigere.
2972 3784 3159 3846 Quare
3216 3784 3329 3838 ista
3388 3789 3745 3843 contumelia

2096 3856 2250 3911 scias
2280 3862 2338 3913 te
2369 3877 2569 3916 semen
2594 3865 2834 3937 jecisse,
2869 3872 3025 3925 unde
3073 3874 3248 3929 arbor
3297 3882 3571 3948 exsurgat
3602 3895 3747 3933 nun-

2097 3963 2273 4017 quam
2306 3949 2659 4007 eradicautla
2699 3957 3043 4026 sempiterni
3094 3977 3298 4018 corvos
3349 3965 3505 4020 inter
3533 3984 3600 4021 ac
3651 3985 3741 4022 ne.

2097 4039 2263 4091 ctuas
2289 4037 2539 4093 discidii.
2576 4040 2671 4096 Sic
2700 4041 2955 4112 locutus,
2990 4048 3149 4103 rabie
3190 4050 3401 4120 plenus
3433 4054 3741 4110 abscessit.

2096 4124 2235 4179 Inde
2267 4142 2400 4181 cum
2435 4128 2491 4181 in
2526 4146 2768 4200 specum
2803 4133 2976 4190 istam
3011 4153 3146 4192 eum
3203 4138 3327 4194 suis
3378 4143 3743 4210 recessisset,

2097 4215 2270 4286 longe
2300 4221 2563 4287 tempore
2593 4220 2861 4277 vindictae
2894 4225 3111 4296 pariter
3156 4228 3542 4299 cupiditatem
3576 4248 3745 4302 epes-

2096 4319 2210 4372 que
2233 4320 2299 4359 ac
2330 4304 2589 4362 sobolem
2618 4317 2941 4381 auxerunt;
2994 4318 3122 4369 tum
3172 4317 3270 4371 ubi
3322 4334 3385 4373 se
3428 4320 3744 4375 confirma-

2096 4396 2186 4446 tos
2220 4393 2365 4449 satis
2396 4411 2837 4470 seusere,quam
2865 4404 3077 4475 supina
3098 4405 3243 4475 ipsis
3267 4412 3469 4463 nostra
3492 4414 3549 4463 et
3566 4410 3744 4465 nimis

2096 4480 2333 4537 incauta
2362 4486 2649 4542 securitas
2681 4490 2998 4559 pretiosam
3032 4494 3310 4551 oﬂerebat
3354 4498 3602 4553 nocendi
3636 4516 3741 4555 ne-

2100 4571 2191 4626 bis
2251 4576 2613 4632 eccasiouem
2676 4581 2993 4653 arripuere,
3072 4590 3357 4642 nocturne
3430 4588 3542 4644 isto
3600 4594 3747 4645 tem-

2098 4659 2318 4728 pestive
2349 4663 2419 4716 ad
2466 4669 2663 4719 votum
2712 4668 2974 4737 ipsorum
3026 4673 3288 4729 tumultu
3355 4676 3740 4732 admovendo.

2103 4747 2271 4803 Vides
2302 4766 2365 4804 ex
2397 4751 2511 4821 his,
2545 4754 2801 4825 domine,
2854 4775 3062 4817 causas
3109 4762 3227 4817 odii
3276 4764 3444 4832 tales,
3479 4781 3596 4835 qua
3627 4766 3748 4821 ulla

2098 4853 2271 4908 posse
2330 4843 2738 4911 pacificatione
2786 4849 3065 4921 mitigari,
3127 4854 3343 4909 nedum
3397 4855 3746 4923 oblitterari,

2099 4932 2460 5000 sperandum
2494 4934 2947 5009 haudquaquam
2981 4943 3075 4997 sit.
3110 4949 3382 5011 Pravum,
3406 4945 3745 5015 inﬂexibile,

2098 5034 2320 5074 memor
2350 5021 2706 5091 injuriarum
2740 5032 2797 5083 et
2828 5046 2945 5100 prae
2994 5034 3224 5089 cunctis
3271 5034 3538 5091 odiorum
3574 5040 3748 5093 tenax

2098 5122 2286 5177 genus
2319 5110 2539 5166 frustra
2569 5115 2882 5173 conciliare
2912 5122 3246 5193 curaveris;
3278 5125 3745 5183 exscindendum

2096 5203 2185 5252 est
2218 5215 2231 5266 ;
2269 5215 2384 5255 una
2408 5201 2577 5257 nobis
2609 5204 2793 5275 salus,
2826 5209 3001 5266 unica
3049 5212 3210 5282 pacis
3254 5230 3390 5285 spes
3440 5215 3499 5271 in
3548 5217 3747 5273 debel-

2094 5282 2270 5342 lando
2337 5294 2426 5344 est
2493 5292 2649 5363 sita;
2711 5312 2876 5365 non,
2948 5300 3214 5372 inquam,
3290 5304 3556 5362 vivemus
3632 5308 3747 5362 nisi

2094 5374 2423 5433 vincamus.
2515 5383 2816 5444 Quomodo
2918 5392 3115 5444 autem
3220 5394 3519 5463 pessimus
3620 5395 3746 5448 viu-

2095 5480 2225 5519 cere
2263 5466 2391 5535 jam
2442 5470 2677 5540 quaeris.
2727 5475 2855 5530 Haec
2905 5478 3063 5534 enim
3106 5484 3212 5536 tua
3258 5484 3517 5551 secunda
3563 5484 3745 5537 inter-

2095 5554 2320 5625 rogatio
2345 5560 2455 5623 est,
2488 5559 2559 5613 ad
2585 5576 2758 5630 quam
2795 5566 2878 5620 sic
2928 5571 3254 5640 respondeo
3291 5589 3301 5624 :
3356 5589 3387 5624 a
3417 5572 3470 5625 vi
3519 5576 3743 5641 aperta,

2095 5647 2160 5696 ut
2190 5658 2281 5697 res
2314 5649 2525 5700 nostras
2560 5665 2715 5705 nunc
2748 5651 2987 5723 habent,
3040 5662 3497 5729 exspectandum
3547 5660 3693 5715 nihil
3731 5679 3743 5717 :

2095 5731 2398 5787 vincemur
2428 5734 2555 5791 sine
2587 5738 2767 5797 dubie
2801 5744 2849 5799 si
2882 5747 3305 5819 conﬂigamus;
3341 5754 3398 5803 et
3428 5750 3582 5819 quod
3615 5767 3747 5807 vere
