4120 6400
364 388 498 442 1315

1869 376 2104 433 APPEN
2112 374 2257 429 DIX.

3642 380 3787 436 1316

358 510 686 577 admonuit,
720 507 819 579 qui
848 506 1132 563 suadebat
1164 504 1381 573 fugam,
1415 517 1585 573 pares
1636 512 2011 569 nequaquam
2043 500 2096 566 Α
2129 496 2386 554 Abierint
2419 495 2646 555 utinam
2681 496 2739 553 in
2773 495 2989 555 malam
3012 497 3165 555 remi
3188 499 3439 558 Invicem
3480 502 3787 578 collocuti,

357 616 566 655 sumus
600 598 958 653 sustinenda
982 593 1252 663 sequenti
1280 598 1446 647 nocte
1477 589 1919 645 redditurorum
1942 586 2013 642 ad

356 706 549 744 arcem
574 692 835 743 nostram
870 681 1334 755 oppugnandam
1377 676 1696 750 irruptioni
1726 677 2011 733 hostium.

363 782 488 832 Non
522 783 718 832 tamen
751 772 1183 844 desperandum
1218 768 1475 840 est,quin
1512 767 1708 839 praeiio
1733 766 2013 836 impares,

360 869 775 937 strategemate
808 864 1109 934 possimus
1142 860 1477 930 superiores
1523 859 1789 917 evadere.
1841 858 2015 911 Artes

360 963 417 1012 et
449 956 733 1011 machinas
767 953 956 1008 multa
981 951 1236 1007 efﬁcium
1270 966 1398 1020 quae
1432 949 1623 1004 robur
1655 946 2009 1003 lacertorum

358 1046 773 1115 contentioque
806 1043 970 1097 enixe
1011 1041 1351 1098 cenantium
1404 1040 1626 1097 frustra
1680 1034 2010 1092 tentaverit.

356 1136 495 1189 Rem
540 1133 657 1187 vidi
710 1148 894 1202 nuper
937 1131 1006 1184 ad
1058 1130 1164 1185 hoc
1212 1130 1406 1199 ipsum
1457 1126 1841 1183 astruendum
1894 1140 2009 1178 non

362 1226 647 1295 ineptam,
680 1240 856 1293 quam
892 1224 999 1277 etsi
1030 1221 1341 1289 ludicram,
1379 1220 1465 1273 vel
1498 1220 1571 1273 ad
1595 1217 1833 1287 aliquod
1874 1231 2006 1271 avo-

358 1320 694 1369 camentum
729 1312 879 1367 acris
914 1328 1041 1381 quae
1075 1316 1128 1365 te
1162 1310 1278 1365 urit
1306 1326 1484 1378 curae,
1532 1322 1857 1363 memorare
1890 1321 2005 1360 non

354 1402 593 1474 pigebit.
627 1400 936 1457 Soiitarius
970 1401 1027 1455 in
1085 1399 1249 1455 urbis
1294 1401 1556 1454 mercatu
1609 1395 1775 1451 haedo
1806 1396 2004 1463 empto

355 1492 580 1549 redibat
612 1491 779 1546 illum
813 1494 1053 1561 portans
1099 1488 1155 1545 in
1192 1488 1397 1545 cellam
1429 1486 1852 1543 suburbanam.
1890 1483 2006 1538 Fur-

360 1599 471 1647 res,
505 1580 605 1651 qui
639 1579 765 1635 luce
798 1579 985 1650 palam
1036 1578 1149 1635 sub
1196 1576 1382 1633 oculis
1433 1576 1886 1645 magistratuum
1921 1570 2003 1626 ia-

352 1670 670 1725 trocinium
727 1673 1010 1723 attentare
1075 1684 1189 1723 non
1261 1665 1582 1730 audebant,
1634 1663 1789 1719 hanc
1850 1660 2001 1717 haedi

349 1758 734 1829 extorquendi
786 1762 990 1811 ascetae
1045 1754 1295 1826 simplici
1368 1754 1649 1809 rationem
1718 1751 1999 1808 inierunt.

2128 586 2230 657 qui
2276 586 2395 642 haec
2437 585 2761 652 audierant,
2808 603 3044 644 corvum
3091 589 3501 648 deducendum
3540 594 3777 663 judica-

2126 680 2266 731 runt
2296 677 2367 731 ad
2402 692 2595 747 regem
2629 681 3311 750 noctuarum,sperantes
3342 680 3677 740 eliciturum
3708 701 3781 740 ex

2126 782 2190 821 eo
2223 764 2692 837 quidpiam,nam
2725 768 3032 825 constabat
3054 768 3237 825 fuisse
3264 769 3423 826 hunc
3452 788 3520 826 ex
3552 772 3780 842 primo-

2126 854 2288 910 ribus
2323 872 2504 911 unum
2537 855 2757 912 cervini
2789 861 3049 915 senatus.
3098 858 3437 915 Archibubo
3470 861 3648 931 igitur
3679 879 3775 918 co~

2123 960 2244 1000 ram
2279 961 2341 999 se
2371 945 2693 1001 adductum
2729 963 2966 1005 corvum
3010 946 3338 1019 supplicem
3370 966 3436 1004 ac
3467 950 3770 1019 timidum,

2120 1040 2437 1105 postquam
2456 1036 2513 1090 in
2533 1037 2788 1107 speciem
2816 1037 3133 1093 miseratus
3158 1039 3768 1114 conﬁderejussisset,

2119 1124 2344 1196 rogavit
2364 1126 2527 1185 fateri
2552 1143 2624 1181 ne
2644 1132 2989 1198 gravaretur
3008 1144 3184 1198 quam
3214 1146 3249 1185 a
3277 1128 3401 1187 suis
3434 1131 3505 1189 ob
3524 1146 3767 1191 causam

2120 1214 2327 1270 fuisset
2355 1220 2474 1271 tam
2505 1216 2652 1275 foede
2702 1215 3018 1277 laceratus.
3072 1217 3176 1273 Hi0
3222 1218 3344 1287 ille,
3398 1222 3771 1291 imprudens,

2118 1303 2221 1370 ait,
2255 1303 2495 1361 libertas
2518 1322 2643 1361 mea
2674 1313 2731 1361 et
2762 1307 2999 1363 incauta
3029 1306 3381 1378 simplicitas
3404 1308 3497 1367 his
3529 1326 3620 1370 me
3653 1311 3767 1369 mi-

2118 1393 2289 1449 seriis
2322 1394 2633 1465 implicuit.
2672 1396 2856 1461 Hodie
2887 1413 3058 1454 mane
3108 1399 3323 1469 trepidi
3358 1406 3643 1457 nocturno
3673 1417 3768 1455 ve-

2115 1489 2235 1543 stro
2268 1484 2510 1541 incursu
2544 1484 2697 1545 corvi
2728 1485 2921 1557 gentis
2952 1485 3265 1545 consilium
3299 1494 3647 1560 coegerant;
3684 1490 3766 1546 ibi

2116 1588 2244 1634 cum
2276 1573 2373 1633 alii
2406 1573 2521 1635 alia
2550 1574 2750 1646 inepta
2781 1580 2836 1633 et
2864 1576 3277 1647 intempestiva
3310 1582 3527 1637 temere
3575 1579 3766 1651 garri-

2114 1667 2264 1729 rent,
2296 1679 2402 1735 ego
2434 1665 2590 1735 quod
2622 1681 2714 1725 res
2745 1670 2872 1725 erat
2901 1682 3033 1722 vere
3069 1666 3209 1736 dixi,
3267 1668 3535 1727 fortiores
3574 1670 3766 1727 corvis

2112 1769 2242 1811 esse
2275 1758 2540 1820 noctuas.
2585 1771 2656 1812 ne
2705 1755 3086 1815 obfirmarent
3130 1757 3363 1817 animos
3407 1757 3467 1815 in
3500 1775 3649 1816 vana
3679 1775 3767 1814 re-

348 1850 489 1903 Tres
521 1853 844 1920 quatuorve
868 1851 1157 1918 spargunt
1204 1861 1264 1899 se
1315 1843 1373 1898 in
1433 1842 1709 1936 compita,
1744 1857 1861 1936 qua
1892 1840 2000 1893 iter
2029 1872 2077 1936 B
2111 1842 2355 1903 sistendi
2387 1844 2849 1915 constantia,neo
2871 1844 3095 1905 cladem
3121 1847 3441 1907 secundam
3467 1853 3766 1919 exspecta.

346 1942 471 1992 erat
534 1937 931 1992 necessarium
984 1935 1250 1990 redeunti
1302 1934 1541 1988 domum
1589 1929 1887 2001 solitario;
1942 1933 1997 1983 et

346 2026 590 2098 primus.
627 2027 733 2093 En,
767 2026 985 2097 inquit,
1022 2025 1111 2079 hic
1143 2028 1335 2079 asceta
1358 2038 1585 2091 canem,
1619 2019 1996 2077 immundum

348 2116 590 2183 animal,
628 2114 837 2187 tangit.
872 2114 1361 2169 Assentiebantur
1384 2112 1454 2173 ad
1488 2111 1545 2165 id
1580 2110 1774 2183 ipsum
1806 2108 1994 2162 simu-

342 2204 586 2260 landum
622 2204 807 2275 rogati
840 2203 1311 2257 circumstantes.
1346 2201 1743 2255 Contemncns
1775 2212 1993 2251 vanum

342 2309 640 2349 rumorem
680 2293 871 2364 pergit
904 2297 1121 2347 asceta.
1159 2293 1391 2357 iterum,
1444 2289 1610 2345 tertio
1660 2288 1815 2343 idem
1849 2304 1880 2341 a
1913 2286 1996 2340 di-

340 2382 526 2437 versis
556 2398 623 2437 ex
654 2380 979 2453 composito
1013 2380 1435 2451 ingeminatur.
1464 2376 1773 2433 Subvereri
1820 2375 1996 2447 cmpit

343 2488 415 2526 ne
444 2488 581 2526 vera
612 2471 892 2525 dicerent.
922 2471 999 2525 Ad
1033 2475 1362 2524 extremum
1408 2486 1540 2524 cum
1576 2472 1734 2523 extra
1766 2471 1992 2543 portam

342 2560 600 2616 circulus
627 2563 930 2631 juvenum,
985 2560 1135 2615 serio
1199 2575 1572 2630 perseverans
1615 2573 1821 2613 canem
1864 2570 1993 2611 esse

343 2667 519 2723 quam
554 2654 811 2723 portaret
843 2650 1088 2704 bestiam
1118 2648 1437 2719 solitarius,
1469 2652 1527 2702 et
1558 2646 1895 2718 religionem
1933 2645 1989 2699 in

340 2741 449 2796 hoc
479 2742 609 2810 ejus
642 2741 859 2794 frustra
890 2739 1098 2793 vestitu
1126 2738 1441 2792 indicatam
1478 2734 1989 2807 rcquirens,etiam

344 2830 645 2885 hominem
681 2829 1026 2900 increparet,
1058 2830 1209 2900 quod
1268 2844 1380 2880 non
1432 2829 1727 2880 vereretur
1774 2824 1989 2877 civium

349 2919 549 2975 oculos
592 2936 903 2990 personam
941 2916 1101 2971 illam
1153 2917 1468 2975 dedecente
1509 2912 1773 2984 exemplo
1808 2913 1989 2968 oil‘en-

338 3010 493 3078 dere,
518 3024 839 3080 persuasus
874 3008 1045 3065 homo
1092 3007 1333 3061 minime
1378 3004 1568 3061 malus
1620 3004 1849 3061 haedum
1884 3003 1990 3057 ab-

328 3098 482 3167 jicit,
516 3098 575 3151 in
611 3098 766 3151 fonte
801 3096 1038 3170 publico
1072 3114 1284 3151 manus
1335 3096 1479 3150 eluit
1524 3112 1589 3151 ac
1622 3098 1851 3161 vestes;
1885 3109 1989 3147 ex-

340 3191 507 3242 cusat
539 3187 668 3243 fuco
704 3186 813 3243 sibi
848 3187 995 3241 facto
1028 3203 1231 3240 canem
1274 3186 1584 3241 obtrusum
1634 3202 1734 3255 pro
1784 3182 1986 3249 hmdo;

340 3277 424 3330 ita
444 3274 662 3331 recedit
683 3275 1077 3331 nebulonibus
1101 3275 1547 3346 sublegentibus
1568 3243 1794 3331 bellum
1811 3318 1819 3341 ,
1835 3243 1988 3327 unde
2020 3243 2063 3309 ϐ

344 3366 673 3421 convivium
708 3367 919 3421 deinde
978 3365 1350 3420 celebrarunt
1398 3363 1573 3419 salsis
1621 3362 1680 3417 in
1732 3362 1985 3419 eremitaz

337 3456 670 3510 fatuitatem
698 3454 955 3509 dicioriis
989 3454 1485 3509 conditissimum.

411 3579 532 3634 VII.
570 3580 712 3636 Hinc
744 3580 933 3634 obiter
962 3579 1125 3633 vides
1149 3594 1340 3633 rerum
1376 3575 1860 3631 difiicillimarum
1896 3593 1986 3630 cx-

334 3668 518 3740 pediri
552 3669 774 3727 astutia
805 3667 1254 3723 facultatem.Ad
1292 3666 1446 3736 quod
1477 3670 1669 3720 autem
1706 3682 1859 3721 nunc
1892 3666 1985 3720 in-

334 3761 470 3824 stat,
507 3757 843 3813 machinam
879 3756 1217 3825 excogitavi,
1250 3772 1615 3820 successum,
1651 3755 1761 3810 nisi
1796 3755 1983 3826 pluris-

335 3862 494 3901 mum
528 3844 721 3913 fallor,
761 3844 996 3915 qualem
1055 3850 1327 3916 optamus
1381 3845 1738 3901 habituram.
1784 3848 1985 3900 Castra

333 3950 540 3989 censeo
573 3933 681 3990 hac
711 3950 956 4005 vespera
987 3951 1056 3989 ex
1099 3935 1207 3989 hac
1254 3936 1461 3991 arbore
1492 3936 1550 3989 in
1605 3934 1782 3989 aliam
1819 3934 1980 3989 illam

331 4039 445 4081 non
484 4022 655 4093 longe
687 4042 719 4080 a
748 4024 969 4079 dextris
1010 4025 1185 4080 sitam
1236 4025 1582 4080 transferas.
1612 4028 1698 4078 Me
1725 4024 1834 4078 sub
1862 4024 1983 4078 dis-

329 4130 583 4178 cessum,
636 4130 834 4170 coram
898 4115 1195 4182 omnibus,
1256 4114 1423 4185 quasi
1498 4114 1857 4185 proditorem
1927 4117 1983 4167 et

327 4203 511 4259 cladis
541 4208 786 4273 acceptas
818 4220 1055 4259 causam
1089 4203 1369 4259 conviciis
1410 4202 1982 4274 proscindas,plagis

329 4291 596 4359 mulctes,
630 4298 996 4359 cuentatum,
1024 4292 1241 4364 plumis
1270 4293 1496 4347 alarum
1526 4292 1825 4363 plerisque
1858 4291 1978 4345 vul-

333 4383 435 4450 sis,
466 4382 653 4437 cauda
683 4386 807 4436 tota
836 4382 1232 4453 abscissa,pro
1267 4382 1650 4437 semimortua
1682 4382 1750 4435 ad
1785 4380 1978 4435 solum

328 4472 437 4525 sub
472 4472 676 4527 arbore
708 4471 938 4543 allidas.
978 4471 1060 4525 lbi
1094 4487 1187 4526 me
1217 4470 1491 4526 relictum
1542 4470 1839 4525 invenient
1880 4486 1980 4523 no-

327 4563 473 4614 ctuae
505 4560 710 4616 iterato
737 4565 993 4615 venturas
1025 4560 1171 4619 citra
1203 4559 1389 4615 ullum
1436 4559 1680 4615 dubium
1712 4559 1817 4613 bac
1848 4559 1979 4630 ipsa

327 4665 504 4720 quam
540 4649 978 4705 moxinibimus
1012 4654 1198 4705 nocte.
1235 4648 1326 4704 Me
1379 4648 1845 4719 interrogabant,
1873 4666 1975 4704 au-

326 4738 515 4794 ditum
564 4755 760 4794 secum
821 4738 1071 4794 avehent
1120 4754 1133 4794 :
1188 4739 1519 4794 insuescam
1592 4737 1745 4793 inter
1790 4739 1973 4809 ipsas,

326 4844 540 4885 arcana
570 4843 912 4899 emungam,
972 4828 1130 4883 brevi
1171 4845 1262 4883 me
1308 4831 1583 4899 exspecta
1630 4844 1764 4884 cum
1820 4834 1976 4885 certa

326 4915 681 4975 iudicatione
713 4916 869 4972 modi
895 4917 1187 4974 vincendi.
1226 4918 1483 4973 Tantum
1536 4922 1828 4974 memento
1868 4936 1972 4990 pu-

326 5003 465 5072 pilla
496 5005 647 5062 oculi
682 5024 748 5062 ac
774 5007 948 5063 corde
978 5006 1107 5079 ipso
1138 5006 1481 5079 diligentius
1502 5008 1682 5062 tutari
1714 5025 1747 5063 a
1777 5010 1976 5079 cujus-

326 5094 413 5147 vis
446 5095 825 5163 conscientia,
875 5097 995 5152 imo
1034 5102 1092 5151 et
1138 5096 1496 5168 suspicione,
1550 5114 1826 5152 arcanum
1874 5116 1975 5154 no-

328 5186 517 5236 strum
549 5200 561 5237 :
597 5189 802 5241 caetera
833 5187 1080 5242 fortuna;
1102 5203 1169 5242 ac
1205 5185 1351 5241 mihi
1378 5186 1671 5256 permitte.
1703 5187 1858 5242 Fecit
1879 5205 1977 5243 rex

328 5275 393 5326 ut
437 5274 802 5329 monebatur.
854 5276 1315 5347 Deprehendunt
1360 5275 1652 5331 irruentes
1702 5282 1874 5332 noctu
1923 5279 1977 5333 vi

327 5360 549 5431 majore
584 5379 761 5433 quam
809 5364 996 5434 pridie
1035 5371 1257 5420 noctuae
1308 5381 1551 5420 vacuam
1585 5366 1773 5420 corvis
1806 5368 1975 5422 arbo-

326 5466 465 5520 rem,
501 5451 683 5509 istum
720 5469 903 5507 unum
936 5454 1292 5509 seminecem
1324 5470 1391 5509 ac
1422 5453 1677 5509 lacerum
1711 5456 1977 5511 bumiaf-

326 5538 570 5597 flictum.
646 5541 1142 5610 Percunctanlur,
1212 5559 1323 5610 quo
1387 5541 1485 5598 alii
1553 5545 1972 5602 concesserint.

323 5626 486 5683 Tunc
520 5630 638 5696 ille,
672 5630 918 5700 Putatis,
954 5629 1360 5699 inquit,quem
1393 5636 1516 5687 tam
1552 5632 1698 5687 male
1724 5633 1972 5690 mulcta-

326 5716 536 5785 verint,
558 5736 910 5776 arcanorum
926 5718 1230 5774 conscium
1248 5735 1491 5778 suorum
1509 5723 1693 5780 facere
1710 5741 1970 5782 curasse.

2108 1937 2272 2002 rent;
2315 1932 2559 1995 herbam
2614 1938 2842 1993 mature
2896 1934 3301 2007 porrigerent;
3358 1936 3609 1995 victores
3657 1954 3760 1994 vos

2104 2027 2547 2090 venerarentur;
2572 2023 2917 2081 muneribus
2946 2040 3013 2079 ac
3044 2025 3312 2095 pactione
3334 2026 3542 2085 tributi
3567 2043 3759 2098 quan-

2104 2113 2228 2171 tum
2263 2112 2637 2182 praescribere
2667 2112 3082 2184 dignaremini,
3137 2113 3367 2185 placare
3397 2119 3755 2186 satagerent.

2106 2202 2233 2255 Hac
2266 2217 2378 2268 me,
2415 2205 2586 2272 prout
2608 2201 2749 2258 mihi
2781 2217 2949 2259 meus
2971 2202 3229 2258 dictabat
3246 2204 3759 2276 animus,loquen-

2102 2292 2217 2345 tem
2251 2290 2431 2347 coorti
2463 2306 2690 2359 omnes,
2727 2307 2947 2361 rexque
2997 2291 3053 2347 in
3114 2292 3341 2362 primis,
3391 2294 3756 2364 proditorem

2102 2376 2470 2449 impiumque
2501 2380 2953 2450 proclamantes,
2999 2381 3205 2437 rostris
3250 2386 3310 2437 et
3358 2383 3661 2453 unguibus
3694 2383 3755 2439 in

2103 2465 2252 2523 hanc
2282 2484 2377 2523 me
2425 2468 2823 2525 deformatum
2874 2468 3154 2539 speciem,
3209 2487 3310 2538 pro
3370 2476 3601 2529 mortuo
3652 2476 3757 2531 aut

2101 2557 2299 2612 statim
2334 2558 2618 2617 morituro
2652 2558 3045 2628 relinquentes
3074 2558 3403 2617 avolarunt.

2181 2682 2331 2737 Vill.
2364 2688 2527 2738 Tune
2555 2682 2913 2750 Archibubo,
2947 2683 3247 2740 advocatis
3279 2702 3403 2741 suae
3429 2687 3622 2757 gentis
3662 2706 3755 2745 se-

2100 2772 2385 2840 nioribus,
2421 2773 2718 2842 quaerebat
2769 2773 2907 2843 quid
2961 2773 3065 2828 hoc
3118 2790 3288 2829 corvo
3338 2781 3597 2845 agerent.
3634 2779 3752 2832 Pri-

2100 2879 2255 2928 mus,
2282 2862 2548 2916 omnium
2576 2861 3096 2932 prudentissimus,
3148 2862 3485 2933 ,Occidatur,
3534 2864 3751 2936 inquit,

2100 2950 2299 3007 statim
2329 2967 2339 3006 :
2367 2956 2649 3022 suspectae
2673 2956 2814 3005 sunt
2838 2956 2993 3006 artes
3026 2952 3587 3025 hostium,praassgit
3607 2955 3751 3011 mihi

2100 3042 2330 3095 animus
2363 3041 2642 3111 grandem
2671 3040 2742 3093 ab
2777 3041 2883 3096 hoc
2916 3057 3032 3095 non
3078 3058 3209 3096 vero
3259 3041 3525 3113 supplice
3560 3044 3754 3114 perni-

2100 3131 2265 3185 ciem.
2301 3132 2427 3185 Scio
2460 3130 2518 3184 in
2551 3130 2760 3200 primis
2794 3135 2849 3184 et
2907 3130 3174 3201 plurima:
3224 3131 3379 3202 apud
3431 3149 3569 3187 suos
3614 3134 3751 3189 fidei

2102 3224 2518 3285 numeratum;
2553 3223 2655 3273 aut
2684 3218 2852 3273 valde
2882 3218 3183 3285 failor,aut
3204 3219 3432 3291 ipsidiaa
3453 3220 3578 3276 istas
3612 3226 3755 3277 sunt

2105 3309 2497 3364 machinantis
2530 3307 2725 3363 infesti
2755 3308 3061 3379 quidpiam
3088 3309 3145 3363 in
3169 3326 3351 3379 genus
3384 3313 3751 3367 nostrum.ln

2099 3416 2334 3453 summa
2365 3398 2507 3469 quid
2543 3398 2845 3469 perdimus
2889 3414 2955 3453 eo
3012 3398 3386 3463 trucidando,
3438 3404 3541 3454 aut
3572 3416 3753 3471 quam

2100 3489 2167 3543 ad
2205 3506 2325 3544 rem
2360 3504 2603 3559 egemus
2650 3487 2830 3557 hujus
2864 3503 3043 3558 opera
3092 3488 3403 3543 seminecis
3435 3488 3463 3543 ‘I
3494 3494 3554 3543 at
3584 3491 3750 3562 gravi

2097 3576 2433 3655 suspicione
2465 3575 2842 3649 periculoque
2875 3576 3167 3631 intestinae
3203 3577 3427 3633 fraudis
3451 3579 3522 3633 ab
3549 3580 3747 3650 explo-

2095 3672 2286 3723 ratore
2314 3666 2606 3737 versipelli
2634 3665 2785 3720 clam
2817 3664 3181 3721 instruendae
3210 3665 3310 3719 illo
3344 3666 3607 3721 tollendo
3641 3670 3747 3723 de-

2094 3757 2418 3828 fungimur.
2453 3758 2615 3827 Saepe
2648 3756 2747 3826 qui
2780 3755 2934 3811 hosti
2969 3756 3227 3827 pepercit
3264 3755 3501 3811 infirmo
3532 3758 3747 3829 depre-

2091 3847 2377 3913 henso,ab
2408 3847 2613 3901 eodem
2646 3862 2810 3901 mora
2841 3844 3075 3899 indulta
3105 3844 3746 3911 revalescente,trium-

2091 3937 2326 4007 pliatus,
2361 3952 2491 3991 sero
2524 3935 2784 4007 gemuit;
2819 3933 3149 3989 trucidatus
3179 3934 3377 4003 etiam,
3414 3936 3749 4007 ignominia

2093 4029 2338 4079 mortem
2367 4024 2711 4091 cumulavit,
2748 4025 2914 4077 fama;
2946 4022 3167 4093 pariter
3197 4039 3262 4077 ac
3291 4024 3421 4077 vita}
3447 4025 3747 4093 jacturam

2092 4113 2566 4185 patiens,quippe
2596 4112 2894 4183 iudicatus
2921 4110 3097 4181 culpa
3119 4127 3229 4167 sua
3253 4112 3626 4185 stultitiaque
3651 4131 3752 4186 pe-

2091 4203 2282 4257 riisse.
2318 4202 2576 4257 Mitiores
2609 4200 2707 4254 alii
2739 4205 2860 4253 tres
2906 4204 3235 4269 quatuorve
3282 4203 3605 4257 sententias
3653 4204 3749 4258 di-

2087 4296 2318 4355 xerunt,
2352 4296 2410 4345 et
2440 4290 2566 4344 fuse
2606 4290 2938 4344 disseruere
2971 4306 3073 4360 pro
3105 4306 3166 4345 se
3188 4291 3445 4362 quisque
3479 4309 3492 4347 :
3526 4293 3749 4363 quibus

2090 4382 2325 4436 tandem
2360 4380 2657 4435 emoliitus
2688 4396 2807 4447 rex,
2838 4378 3029 4433 vivere
3061 4379 3240 4434 illum
3273 4380 3425 4435 inter
3461 4384 3749 4451 suosjus—

2089 4471 2167 4526 sit
2198 4470 2470 4525 liberum.
2507 4468 2949 4540 Recipientibus
2989 4485 3124 4538 ergo
3174 4485 3238 4524 se
3286 4470 3347 4524 in
3398 4471 3749 4541 speluncam

2088 4577 2257 4615 suam
2303 4560 2536 4615 noctuis
2589 4559 2891 4613 immistus
2941 4575 3174 4626 corvus,
3224 4557 3447 4629 aliquot
3489 4559 3567 4614 ibi
3620 4559 3749 4617 dies

2088 4649 2400 4721 transigit;
2435 4666 2536 4721 per
2567 4665 2716 4720 quos
2744 4647 2951 4703 multis
2984 4647 3267 4703 earumnis
3299 4650 3613 4717 devoratis,
3642 4666 3747 4721 pe-

2092 4739 2406 4810 riculisque
2431 4755 2582 4810 aegre
2611 4737 2811 4792 vitatis
2843 4754 2875 4792 a
2906 4736 3080 4809 primi
3125 4737 3435 4809 senatoris,
3468 4739 3748 4795 occiden-

2091 4832 2233 4886 dum
2268 4846 2502 4885 corvum
2536 4827 2851 4897 censentis,
2886 4825 3149 4897 quotidie
3193 4827 3421 4883 iteratis
3451 4830 3607 4899 apud
3638 4831 3746 4884 Ar-

2091 4921 2479 4976 chibubonem
2513 4917 2856 4986 instantiis;
2889 4915 3459 4986 tandem,expiorata
3489 4917 3748 4990 diligen-

2092 5014 2180 5066 ter
2208 5011 2394 5064 forma
2422 5024 2682 5064 cavernae
2714 5011 3086 5071 noctuarum,
3116 5007 3457 5077 certusjam
3508 5008 3747 5064 consilii

2092 5102 2245 5155 viam
2280 5098 2779 5170 expeditissimam
2830 5097 2901 5151 ad
2939 5094 3353 5151 debellandum
3404 5098 3747 5167 pandentis,

2094 5192 2161 5246 ad
2197 5207 2359 5259 suos,
2393 5189 2644 5259 receptis
2675 5188 2854 5241 ferme
2884 5185 3109 5240 viribus
3142 5184 3451 5256 plagisque
3484 5186 3582 5242 illo
3606 5204 3744 5258 spa-

2094 5281 2175 5336 tio
2206 5279 2447 5343 curatis,
2482 5277 2810 5333 revertitur.
2848 5274 2983 5330 Adit
3022 5274 3293 5345 privatim
3337 5292 3571 5347 regem;
3603 5279 3745 5334 edo-

2094 5375 2181 5425 cet
2210 5368 2569 5439 constipatas
2601 5367 2869 5421 habitare
2911 5367 3155 5418 noctuas
3182 5362 3241 5417 in
3295 5368 3462 5420 antro
3490 5366 3607 5421 oris
3639 5384 3749 5422 an-

2092 5460 2269 5529 gusti,
2305 5457 2536 5512 nullum
2565 5455 2797 5527 uspiam
2829 5471 2862 5508 a
2892 5457 3054 5524 tergo
3089 5456 3192 5507 aut
3222 5469 3255 5507 a
3284 5452 3467 5509 latere
3519 5456 3747 5512 exitum

2091 5549 2359 5603 habente.
2394 5546 2543 5611 Quid
2577 5562 2725 5617 opus
2758 5544 2834 5599 sit
2881 5544 3029 5597 facto
3078 5541 3420 5599 distinctius
3466 5545 3745 5615 explicat.

2092 5639 2307 5692 Probat
2332 5636 2530 5692 omnia
2563 5652 2679 5705 rex,
2714 5637 2769 5689 et
2800 5631 3081 5704 postridie
3132 5647 3326 5701 mane,
3360 5632 3584 5704 ignaris
3617 5638 3751 5695 suis

2095 5725 2394 5794 omnibus,
2418 5727 2584 5795 juxta
2616 5729 3069 5789 conventa,cum
3099 5720 3230 5775 ficto
3264 5723 3592 5793 transfuga,
3624 5726 3755 5782 edi-
