4120 6410
322 405 459 461 1317

1342 405 1703 459 SPECIMEN
1740 404 2142 458 SAPIENTIB
2182 403 2515 456 INDORUM
2557 403 2719 456 VET.

3598 408 3740 462 1318

320 534 429 590 cit:
458 532 709 591 Remum
750 527 1003 601 quisque
1043 524 1271 583 arboris
1317 532 1504 587 rostro
1553 530 1723 599 ferat,
1769 527 1854 584 sic
1900 528 1971 583 ad
2004 530 2056 597 Α
2088 545 2150 583 se
2182 528 2521 581 observasse
2542 525 2638 594 qui
2673 529 2922 595 saperet,
2956 529 3162 596 praeter
3192 527 3357 584 illum
3385 539 3735 604 senatorem,

320 623 431 680 iter
476 620 729 692 expediti
777 634 982 673 omnes
1015 617 1231 675 adsint.
1267 618 1559 674 Memento
1586 622 1839 689 paretur.
1874 620 1977 673 Ae-

322 708 533 766 cinctis
564 708 864 776 omnibus,
894 724 990 761 rex
1008 706 1271 778 praeiens,
1293 705 1523 763 consilii
1543 712 1779 761 auctore
1804 705 1980 761 comi-

326 804 506 869 tante,
532 802 688 855 recta
709 798 781 853 ari
816 797 1031 853 ostium
1056 795 1207 851 antri
1234 799 1579 855 noctuarum
1606 795 1810 860 tendit,
1832 794 1980 849 illud

326 886 549 961 oppleri
582 886 825 943 materia
858 885 1137 957 praecipit,
1170 890 1298 940 tum
1330 885 1583 945 exterius
1613 885 1795 941 aridis
1827 883 1981 940 foliis

327 977 607 1049 aggestis,
640 976 835 1046 ignem
883 974 1156 1044 accendi;
1193 991 1370 1045 quem
1417 975 1803 1033 eventilantes
1851 973 1981 1027 uni-

328 1068 504 1135 versi,
538 1072 595 1122 et
624 1068 693 1123 ad
729 1083 922 1122 ramos
956 1066 1168 1122 virides
1221 1066 1377 1122 intra
1414 1064 1705 1133 speluncae
1748 1081 1814 1120 os
1846 1079 1982 1119 con-

328 1161 526 1229 gestes
558 1156 609 1210 vi
658 1156 907 1227 spiritus
968 1154 1265 1226 pallentes,
1298 1155 1527 1213 fumum
1574 1156 1730 1213 intra
1778 1169 1984 1210 caver-

330 1262 465 1305 nam
502 1245 926 1303 densissimum
962 1246 1244 1311 fecerunt,
1270 1261 1384 1316 quo
1409 1245 1700 1316 plerisque
1717 1248 1857 1301 sunt
1888 1261 1986 1300 no-

331 1342 601 1392 ctuarum
660 1340 932 1393 enecatae.
994 1338 1198 1389 Paucas
1255 1333 1491 1405 reliquae
1536 1334 1825 1397 horrifico
1888 1350 1989 1404 per

333 1425 603 1483 ﬂammas
618 1424 844 1483 ululatu
883 1424 940 1479 in
958 1423 1147 1483 lucem
1167 1424 1718 1494 evadentes,partim
1734 1423 1987 1479 ﬂammis

334 1514 522 1571 obiter
567 1514 1054 1580 absumebantur,
1105 1514 1321 1584 partim
1366 1513 1788 1571 semiustulatsa
1848 1529 1987 1568 con-

338 1604 599 1660 eidentes
630 1602 799 1659 facile
832 1602 1295 1661 conficiebantur
1346 1621 1381 1661 a
1438 1604 1648 1663 corvis.
1710 1603 1775 1660 In
1832 1602 1990 1659 hunc

337 1694 577 1751 modum
638 1709 842 1748 omnes
908 1694 978 1748 ad
1036 1710 1212 1749 unam
1294 1698 1433 1753 sunt
1489 1700 1715 1753 uoctuaa
1770 1691 1988 1749 exstin-

334 1787 459 1838 ctae.
521 1781 721 1839 Victor
775 1798 1082 1841 corvorum
1142 1798 1261 1849 rex,
1320 1787 1535 1853 tropaeo
1591 1782 1802 1854 posito,
1854 1799 1986 1837 eum

2088 617 2186 687 qui
2223 621 2447 680 auctor,
2473 618 2538 668 ut
2570 614 2849 680 diximus,
2883 615 3285 672 Archibuboni
3317 621 3506 677 fuerat
3538 642 3737 697 suspe-

2090 705 2164 759 cti
2198 707 2514 774 transiugae
2547 704 2891 773 perimendi.
2916 704 3006 757 Ab
3030 706 3231 762 eodem
3257 725 3389 764 cum
3427 712 3742 786 aliquando

2093 794 2401 866 quaesisset
2432 811 2528 851 rex
2562 794 2854 865 quomodo
2885 794 3037 850 inter
3056 799 3177 851 tam
3209 797 3440 857 invidas
3470 810 3527 859 et
3556 806 3744 863 irrita-

2095 884 2244 939 biles
2277 883 2494 939 bestias
2525 884 2837 938 duraretot
2857 883 3065 941 diebus
3088 889 3396 959 potuisset,
3432 893 3742 965 Patientia,

2093 973 2417 1043 inquiebat,
2441 976 2497 1028 et
2541 972 2841 1042 obsequiis
2895 974 3217 1041 quamlibet
3268 977 3481 1036 infensi
3534 986 3744 1043 saltem

2095 1063 2164 1117 ad
2199 1063 2430 1118 brevem
2466 1079 2640 1117 usum
2673 1062 3057 1117 deliniuntur.
3102 1066 3247 1128 Quid
3298 1071 3455 1128 ranis
3508 1078 3745 1133 exesiug

2095 1151 2279 1223 hydro
2308 1152 2573 1223 ipsarum
2607 1153 2877 1221 praedone
2898 1152 2923 1206 ‘I
2946 1157 3143 1212 tamen
3177 1155 3429 1227 hydrum
3462 1162 3601 1219 olim
3626 1168 3747 1221 vidi

2097 1242 2459 1312 decrepitum
2492 1241 2676 1310 senio,
2700 1241 2801 1312 qui
2828 1246 3208 1313 postquamin
3233 1248 3444 1317 palude
3477 1258 3596 1309 tota
3628 1256 3745 1312 vita

2099 1332 2402 1404 piraticam
2438 1332 2670 1398 fecerat,
2704 1332 2864 1389 ranis
2896 1350 2958 1388 se
3011 1335 3400 1409 ingurgitans,
3435 1347 3588 1413 quod
3618 1348 3744 1417 jam

2097 1421 2292 1477 venari
2323 1421 2565 1476 defectis
2596 1420 2818 1475 viribus
2849 1426 2905 1476 et
2937 1424 3172 1480 amissis
3209 1428 3486 1486 dentibus
3542 1437 3747 1506 nequi~

2100 1517 2206 1578 ret,
2247 1511 2564 1567 veotoriam
2622 1526 2862 1580 operam
2920 1513 3081 1567 ranis
3131 1514 3339 1572 iisdem
3400 1536 3501 1590 per
3556 1521 3747 1580 lacum

2099 1600 2592 1665 commeantibus,
2640 1601 2796 1656 unde
2848 1601 3154 1670 victitaret,
3187 1605 3284 1661 vili
3346 1613 3610 1667 mercede
3667 1614 3752 1669 lo-

2101 1691 2290 1756 cabat,
2324 1689 2710 1760 intuebarque
2741 1690 3044 1747 admirans
3075 1692 3468 1765 inequitantes
3510 1700 3590 1755 illi
3626 1708 3754 1759 tan—

2102 1796 2278 1851 quam
2305 1781 2574 1849 jumento
2632 1794 2872 1835 securas
2933 1797 3108 1837 ranas
3156 1785 3299 1839 dum
3359 1804 3458 1843 eas
3501 1807 3601 1861 per
3633 1799 3752 1849 sta.

334 1872 455 1928 suis
484 1873 822 1939 ovantibus,
853 1871 913 1927 in
946 1872 1223 1942 antiquas
1262 1872 1452 1941 sedes,
1486 1872 1751 1931 arborem
1783 1872 1991 1927 videli-
2023 1915 2070 1981 Β
2102 1886 2285 1941 gnum
2316 1884 2669 1939 quocunque
2691 1868 2971 1938 juberent
3000 1871 3251 1929 obnoxie
3296 1881 3570 1946 portaret.
3617 1883 3757 1939 Post

343 1967 417 1981 Δ,ι
460 1977 519 1981 ,ψ
562 1978 661 1981 _--_
705 1966 829 1981 _.__1
898 1961 1113 1981 ..1..¹Ι..,Δ
1173 1966 1533 1981 __--___-__._L
1619 1961 1789 1981 _-J!2L
1870 1961 1953 1981 ιι-
2105 1958 2492 1981 L..---..--:L-
2531 1956 3233 1981 Δ;----ι-ι;-..ι-,..--...---,
3290 1963 3302 1981 ι
3336 1964 3347 1981 9
3392 1971 3400 1981 .

335 1967 426 2019 eet
454 1977 523 2017 ex
555 1978 671 2032 qua
705 1966 838 2032 post
892 1961 1119 2016 cladem
1172 1966 1556 2030 recesserant,
1618 1961 1811 2017 rediit.
1869 1961 1992 2016 Ma-

338 2067 453 2123 gna
485 2051 641 2118 inde,
676 2050 881 2106 merito
914 2067 1043 2120 suo,
1067 2055 1125 2105 et
1148 2050 1500 2111 existimatio
1529 2054 1587 2111 et
1616 2051 1807 2121 gratia
1838 2050 1994 2107 corvi

340 2141 773 2211 stratagematis
807 2140 1128 2199 inventoris
1176 2140 1322 2197 fuit:
1377 2140 1477 2210 qui
1510 2140 1763 2199 subinde
1820 2142 1996 2197 inter-

340 2234 624 2302 rogatus,;
656 2246 796 2287 num
830 2230 972 2300 quid
998 2229 1056 2287 in
1079 2234 1425 2289 noctuarum
1446 2229 1747 2302 republica
1776 2230 1997 2286 boniac

340 2318 658 2377 laudabilis
689 2318 917 2387 fuisset,
964 2319 1156 2377 dicere
1201 2318 1408 2379 solitus
1452 2324 1595 2388 erat,
1632 2318 1863 2379 nullum
1916 2317 1995 2373 ibi

2105 1958 2223 2013 hinc
2236 1956 2943 2029 exposita,disputationis
2957 1963 3444 2035 gymnosophista
3458 1985 3756 2028 summam

2106 2048 2408 2118 colligens.
2434 2047 2543 2111 Qui
2573 2046 2750 2112 hosti,
2783 2046 2882 2114 ait,
2919 2050 3293 2109 reconciliata
3335 2056 3449 2111 cito
3493 2076 3560 2115 ac
3615 2063 3755 2117 levi-

2106 2142 2196 2193 ter
2226 2135 2557 2203 crediderit,
2591 2135 2743 2190 huno
2795 2153 2897 2206 par
2931 2146 3127 2194 manet
3184 2140 3571 2203 infortunium
3628 2154 3758 2223 ejus

2110 2245 2225 2299 quo
2256 2230 2400 2281 sunt
2426 2242 2461 2280 a
2481 2224 2689 2294 corvis,
2715 2228 2779 2279 ut
2799 2226 3759 2305 esthactenusnarratum,noetuae

2111 2322 2394 2373 mactatis.

1519 2569 1993 2627 DISSERTATIO
2047 2566 2482 2627 PARABOLICA
2514 2565 2580 2620 V.

344 2679 633 2741 Traducit
655 2678 971 2741 stultitiam
1002 2696 1199 2739 eorum
1229 2678 1336 2758 qui
1363 2678 1614 2769 asseeuti
1650 2678 1812 2769 quod
1840 2685 2069 2775 optarit,
2104 2675 2170 2775 ’z'd
2224 2673 2924 2775 elabiscbz’meumqnibus
2982 2679 3188 2739 sinunt
3208 2702 3231 2743 ,ο
3275 2695 3353 2758 et,
3415 2693 3526 2769 qm“
3575 2694 3768 2775 elapsi

1323 2755 1696 2837 gravissimis
1724 2758 2040 2835 periculis,
2077 2757 2266 2817 denuo
2295 2775 2354 2815 se
2386 2757 2457 2817 iis
2488 2755 2773 2833 offam-nt.

412 2886 791 2942 Satisfactum
826 2885 937 2955 sibi
972 2901 1068 2939 rex
1100 2885 1195 2939 his
1227 2884 1445 2939 auditis
1472 2883 1825 2955 significavit
1857 2901 1998 2939 con-

346 2978 618 3047 dictoque
647 2976 706 3029 in
740 2975 893 3030 diem
940 2979 1238 3046 posterum
1274 2991 1419 3029 novo
1462 2973 1775 3044 colloquio,
1810 2973 1879 3027 ab
1911 2990 2001 3028 re-

344 3083 509 3122 verso
554 3066 899 3138 tempestive
946 3063 1434 3141 gymnosophista
1480 3063 1663 3133 petiit,
1714 3079 2000 3134 exponere

350 3156 461 3210 sibi
488 3171 557 3209 ne
581 3163 938 3225 gravaretur,
968 3154 1258 3223 quomodo
1282 3151 1647 3222 contingeret
1676 3151 1790 3206 voti
1841 3168 1999 3205 com—

353 3249 517 3317 potes
552 3245 757 3309 factos,
790 3243 983 3297 sinere
1012 3243 1122 3297 sibi
1156 3242 1305 3296 elabi
1340 3259 1369 3297 e
1398 3242 1701 3313 complexu
1751 3258 1869 3297 rem
1904 3258 2003 3295 cu-

349 3336 555 3407 pilam,
589 3339 646 3389 et
674 3350 803 3389 eam
838 3334 1056 3388 frustra
1079 3333 1290 3388 deinde
1322 3333 1639 3404 requirere.

424 3426 469 3481 Ι.
504 3426 585 3480 Ad
618 3424 735 3480 tale
776 3423 1089 3495 quaesitum
1121 3424 1207 3478 sic
1238 3440 1482 3479 exorsus
1523 3423 2013 3496 gymnOSOphista

349 3531 565 3569 novum
609 3530 939 3569 sermonem
982 3518 1072 3568 est
1108 3530 1119 3565 :
1155 3512 1396 3581 Simius,
1450 3530 1629 3584 regno
1682 3513 1889 3585 pulsus
1938 3513 2009 3568 ab

349 3602 600 3675 ingratis
633 3601 1429 3673 subditis,ingravescentem
1448 3603 1571 3669 jam
1598 3603 1725 3671 ejus
1749 3606 2010 3656 contem-

348 3694 629 3750 nentibus
651 3698 907 3761 aetatem,
939 3688 1251 3762 ingloriam
1286 3691 1449 3745 exsul
1474 3690 1776 3745 obtinebat
1807 3690 2009 3745 statio-

350 3800 485 3840 nem
518 3783 577 3837 in
599 3781 792 3837 vicina
827 3781 1057 3835 cuidam
1091 3778 1240 3835 laeui
1277 3778 1551 3845 ﬁculnea,
1583 3781 1754 3850 cujus
1786 3784 1843 3833 et
1891 3779 2010 3833 fru-

350 3878 446 3931 ctu
481 3872 806 3928 victitabat.
840 3875 981 3926 Erat
1012 3887 1042 3925 e
1083 3871 1316 3941 regione
1358 3869 1514 3924 intra
1571 3873 1848 3940 stagnum
1882 3868 2009 3924 her.

349 3965 515 4031 bosa,
551 3961 652 4016 sed
685 3960 902 4030 brevis,
934 3958 1151 4025 insula,
1182 3975 1285 4013 nec
1327 3957 1598 4013 humana:
1632 3958 2014 4013 habitationis

351 4069 556 4125 capax,
588 4067 655 4105 ex
708 4066 827 4121 qua
869 4051 1015 4105 freto
1069 4053 1427 4125 perangusto
1478 4052 1723 4103 enatans
1763 4047 2014 4103 subinde

356 4144 417 4199 in
451 4141 851 4198 continentem
885 4140 1119 4195 testudo
1171 4138 1509 4205 ventitabat,
1547 4138 1655 4193 sub
1687 4139 1875 4210 ipsam
1932 4137 2011 4193 si-

356 4233 474 4288 mio
531 4232 819 4285 insessam
874 4229 1185 4283 ﬁculneam
1240 4228 1554 4283 transiens.
1598 4228 1853 4299 Contigit
1903 4227 2011 4283 sub

358 4326 729 4377 momentum
755 4320 883 4389 ejus
908 4319 1195 4374 transitus
1219 4319 1395 4374 ficum
1416 4324 1710 4375 maturam
1731 4321 1937 4390 sponte
1954 4318 2012 4374 in

356 4412 685 4481 subjectam
710 4409 861 4464 viam
880 4410 1106 4463 cadere.
1144 4409 1281 4463 Eam
1308 4409 1544 4464 testudo
1567 4413 1864 4481 gestatam
1890 4407 2014 4462 obi-

356 4507 463 4571 ter,
498 4517 629 4555 cum
662 4515 900 4554 suavem
951 4500 1283 4569 probasset,
1331 4516 1442 4553 non
1478 4501 1889 4553 sobumtotam
1914 4515 2012 4553 co-

358 4591 563 4659 medit,
595 4590 695 4645 sed
727 4593 785 4645 et
811 4593 987 4659 eaput
1018 4587 1293 4645 attollens
1325 4588 1590 4645 inhiabat
1618 4589 2012 4660 pendentibus

2112 2886 2244 2953 post
2282 2881 2404 2935 hzec
2433 2880 2632 2934 audita
2685 2880 2983 2973 simulavit
3018 2887 3308 2963 morbum,
3338 2896 3392 2946 et
3424 2897 3609 2952 multa
3662 2919 3766 2973 per

2112 2974 2629 3061 noctemrquestus
2691 2971 2859 3040 quasi
2916 2974 3167 3047 graviter
3198 2980 3439 3053 doleret,
3485 2971 3766 3061 postridie

2110 3061 2276 3117 uxori
2309 3060 2474 3125 dixit,
2510 3059 2656 3114 alias
2690 3076 2750 3114 se
2775 3060 2897 3131 pari
2921 3059 3767 3149 langnorelaborantem,gris-

2109 3156 2252 3218 tato,
2288 3166 2469 3205 suasu
2515 3149 2723 3204 medici
2757 3152 2930 3205 corde
2970 3153 3129 3208 simil
3159 3174 3224 3210 ex
3258 3175 3324 3213 eo
3357 3166 3765 3240 convaluisse;

2117 3242 2229 3295 iret
2255 3239 2461 3310 igiltur
2486 3239 2533 3293 si
2564 3255 2625 3293 se
2659 3244 2899 3309 amaret,
2937 3257 3003 3296 ac
3035 3250 3317 3314 quantum
3354 3260 3548 3323 posset
3580 3264 3769 3315 oraret

2037 3301 2079 3367 (δ
2122 3332 2361 3386 simium
2431 3328 2691 3399 quaesitis
2744 3329 2876 3384 aliis
2927 3301 3767 3409 praetextibus,rtransfretare

2114 3421 2171 3476 in
2205 3421 2461 3485 insuam,
2494 3436 2555 3473 se
2587 3418 2759 3473 dorso
2790 3436 2923 3474 eum
2958 3422 3271 3492 trajectura
3304 3445 3375 3484 ne
3404 3442 3766 3503 gravaretur,

2116 3512 2337 3567 Annuit
2367 3509 2489 3573 illa,
2523 3514 2581 3563 et
2612 3508 2809 3563 statim
2842 3511 2951 3565 sub
3003 3512 3178 3570 ﬁcum
3232 3506 3463 3579 rediens
3521 3527 3764 3585 simium

2115 3601 2384 3655 invitavit
2414 3600 2484 3655 ad
2517 3598 2839 3671 hospitium
2883 3598 2974 3655 sui
3027 3606 3317 3683 conjugis,
3364 3613 3664 3684 copiosum
3708 3620 3767 3674 in

2115 3688 2311 3744 insula
2334 3690 2698 3747 domicilium
2736 3695 3027 3751 habentis.
3073 3698 3316 3767 Simius,
3352 3702 3674 3774 tristitiam,
3706 3712 3770 3761 ut

2115 3776 2255 3846 dixi,
2290 3778 2629 3836 solitudinis
2663 3784 2889 3838 dudum
2913 3787 3104 3844 ferens
3136 3788 3774 3861 moleste,nonilliben-

2112 3871 2201 3920 ter
2229 3871 2316 3921 est
2350 3884 2674 3944 assensus;
2710 3890 2956 3949 moxque
3012 3884 3250 3934 secutus
3288 3885 3645 3943 testudinem
3702 3889 3771 3942 ad

2116 3955 2303 4027 littus,
2336 3956 2415 4011 ibi
2447 3959 2575 4029 ejus
2610 3962 2865 4017 natantis
2899 3972 3057 4020 testae
3099 3969 3330 4031 insedit,
3368 3971 3476 4035 Vix
3511 3977 3771 4031 medium

2116 4047 2335 4100 fretum
2368 4047 2740 4119 trajecerant,
2777 4068 2910 4109 cum
2945 4054 3121 4111 ﬂuctu
3150 4060 3516 4115 commotiori
3540 4068 3771 4120 tantum

2116 4153 2231 4191 non
2263 4152 2547 4195 excussus
2582 4139 2814 4213 simius,
2850 4143 3057 4200 timere
3093 4145 3320 4223 lapsum
3356 4154 3411 4203 et
3455 4153 3771 4209 demersio-

2119 4243 2249 4281 nem
2306 4228 2498 4298 coepit,
2523 4230 3006 4303 testudinemque
3030 4236 3233 4291 orabat
3262 4242 3327 4292 ut
3358 4256 3420 4293 se
3450 4244 3773 4299 continenti

2120 4317 2411 4372 redderet.
2448 4320 2533 4373 Ad
2567 4322 2720 4390 quod
2755 4321 2875 4389 illa,
2910 4323 3285 4395 simplicitate
3309 4330 3419 4383 sibi
3442 4331 3633 4401 solita,
3669 4334 3774 4389 Mi-

2119 4407 2276 4463 nime
2310 4408 2541 4479 faciam,
2576 4409 2805 4479 inquit;
2841 4429 2978 4468 nam
3011 4419 3065 4469 te
3125 4417 3212 4471 vir
3260 4434 3429 4475 meus
3478 4429 3775 4492 exspectat

2118 4501 2219 4552 tuo
2250 4498 2402 4553 vesci
2435 4500 2608 4554 corde
2639 4501 2882 4572 cupiens
2913 4519 2923 4556 :
2956 4506 3250 4576 nempe'id
3287 4510 3497 4576 morbi,
3541 4529 3656 4584 quo
3690 4513 3769 4570 la-

2119 4587 2309 4659 borat,
2344 4595 2567 4645 certum
2588 4591 2710 4646 fore
2732 4593 3058 4650 remedium
3081 4596 3395 4656 existimat.
3418 4601 3655 4672 Simius,
3682 4606 3774 4663 his

358 4678 602 4735 caeteris.
639 4678 786 4734 Risit
817 4678 937 4733 haec
970 4695 1215 4734 cernens
1249 4678 1478 4744 simius,
1514 4682 1570 4733 et
1601 4696 1778 4734 unam
1814 4677 1897 4733 illi
1931 4684 2015 4734 at-
2049 4661 2095 4725 Ῑ)
2129 4678 2367 4747 auditis,
2398 4678 2555 4734 aliud
2582 4680 2707 4749 jam
2743 4680 2961 4736 malum
2996 4684 3231 4753 gravius
3262 4661 3668 4748 submersione
3700 4661 3777 4747 iis

360 4786 475 4843 que
508 4768 755 4827 alteram
787 4768 1069 4837 dejiciens
1102 4769 1303 4839 ﬁcum,
1336 4768 1509 4839 longo
1542 4767 1703 4829 illam
1747 4785 2017 4825 sermone

356 4875 508 4930 saepe
539 4858 863 4929 detinebat,
894 4857 1064 4913 laetus
1090 4874 1151 4914 se
1170 4857 1477 4928 reperisse,
1504 4857 1743 4929 quicum
1778 4857 2017 4915 taedium

360 4947 701 5005 solitudinis
733 4948 1136 5019 qualicunque
1176 4947 1654 5004 confabulatione
1705 4948 2016 5005 solaretur.

365 5038 795 5099 Dominabatur
842 5038 900 5092 in
942 5054 1008 5094 ea
1042 5054 1219 5109 quam
1251 5036 1371 5093 dixi
1393 5036 1559 5093 lacus
1590 5036 1786 5099 insula
1804 5039 2021 5108 oonjux

362 5127 703 5195 testudinis,
736 5127 837 5199 qui
872 5145 987 5185 non
1021 5128 1200 5183 semel
1234 5127 1482 5187 miratus
1513 5127 1741 5188 tardius
1764 5128 1890 5197 jam
1924 5145 2019 5185 so-

365 5217 470 5277 lito
500 5218 571 5274 ad
606 5234 669 5274 se
702 5234 939 5277 uxorem
987 5216 1215 5285 reverti,
1251 5220 1627 5288 percontatus
1676 5234 1745 5275 ex
1795 5234 1863 5272 ea
1921 5218 2019 5273 ubi

364 5313 599 5365 tantum
624 5312 973 5375 moraretur,
998 5324 1126 5378 quas
1152 5308 1325 5363 modo
1348 5307 1521 5363 retuli
1544 5307 1616 5364 de
1633 5307 1745 5367 ﬁcu
1770 5310 1828 5362 et
1849 5306 2021 5363 simio

369 5398 591 5457 audivit
618 5398 691 5454 ab
728 5397 847 5468 illa,
896 5402 1108 5457 cuncta
1151 5395 1592 5467 simplicissime
1623 5397 1861 5455 fatente.
1898 5396 2021 5465 Ille,

369 5504 471 5544 seu
507 5504 628 5545 rem
661 5489 1078 5560 interpretatus
1124 5485 1453 5557 sequiorem
1514 5485 1573 5543 in
1634 5490 1883 5558 partem,
1918 5502 2022 5542 seu

369 5582 706 5647 suspectam
758 5577 1032 5637 viciniam
1092 5580 1364 5637 metuens
1424 5576 1606 5637 astuti
1660 5575 2022 5642 veteratoris,

372 5668 646 5738 decrevit,
681 5670 729 5724 si
763 5686 880 5741 qua
911 5675 1129 5741 posset,
1162 5667 1406 5727 simium
1438 5668 1701 5739 perdere,
1732 5666 2025 5739 istiusque

372 5758 491 5819 voti
521 5759 635 5819 sibi
665 5759 1012 5820 conﬁciendi
1071 5759 1221 5819 hanc
1280 5756 1450 5819 inivit
1507 5756 2024 5815 rationem.Paulo

2132 4785 2319 4825 mens'
2355 4786 2441 4833 ac,
2471 4771 2625 4840 quod
2656 4771 2844 4837 aiunt,
2876 4774 3249 4843 naufragium
3282 4777 3340 4833 in
3390 4786 3581 4852 portu,
3615 4790 3777 4844 tanto

2130 4859 2434 4916 ardentius
2473 4860 2702 4931 regredi
2734 4861 2998 4931 optabat.
3038 4864 3241 4936 Itaque
3279 4870 3559 4927 testudini
3612 4893 3777 4948 repo-

2132 4949 2286 5005 suit:
2323 4949 2383 5004 Si
2414 4948 2524 5005 hoc
2555 4948 2791 5019 quidem
2824 4956 2913 5007 est
2943 4957 3009 5008 ut
3052 4954 3223 5023 diois,
3256 4960 3643 5021 reﬂectendus
3679 4986 3779 5024 ne-

2132 5039 2388 5096 cessario
2416 5055 2628 5095 cursu
2660 5044 2749 5097 est
2780 5058 2915 5099 nam
2946 5059 3044 5099 cor
3076 5061 3272 5102 meum
3308 5050 3402 5105 hic
3432 5069 3545 5109 non
3572 5056 3779 5129 habeo,

2133 5127 2342 5183 Solitus
2358 5126 2505 5182 illud
2528 5127 2684 5183 domi
2706 5129 3038 5202 relinquere
3061 5148 3189 5189 cum
3216 5137 3414 5210 aliquo
3445 5126 3785 5214 proﬁciscor

2135 5215 2317 5273 animi
2374 5217 2585 5289 gratia.
2644 5216 2852 5287 Quare,
2913 5222 2961 5274 si
3011 5222 3117 5281 tibi
3176 5225 3425 5297 videtur,
3485 5236 3635 5292 refer
3691 5257 3783 5295 me

2134 5307 2410 5363 continuo
2441 5307 2547 5399 _ad_
2571 5306 2741 5399 littus
2770 5312 2923 5364 unde
2954 5312 3258 5381 solvimus,
3292 5323 3346 5373 et
3369 5321 3448 5377 ibi
3474 5341 3566 5381 me
3589 5345 3783 5399 exspe-

2135 5401 2263 5463 cta;
2294 5394 2588 5451 curriculo
2621 5395 2776 5451 enim
2823 5399 2893 5452 ad
2945 5399 3120 5457 ﬁcum
3173 5421 3436 5481 pergam,
3496 5420 3554 5470 et
3609 5394 3782 5473 σοιῖάε

2137 5502 2368 5541 mecum
2428 5488 2665 5556 sumpto
2715 5486 2915 5542 statim
2950 5491 3124 5548 adero
3156 5493 3369 5554 iterum
3405 5503 3779 5573 trajecturus.

2136 5574 2410 5631 Probavit
2461 5573 2773 5630 consilium
2853 5577 2971 5633 doli
3048 5585 3244 5641 nescia
3290 5592 3542 5659 testudo,
3602 5595 3783 5649 remi-

2134 5665 2418 5736 giumque
2445 5663 2723 5721 inhibens
2753 5682 2819 5722 ac
2859 5684 3092 5739 proram
3123 5682 3373 5747 vertens,
3409 5681 3597 5753 ripam
3632 5689 3784 5743 unde

2133 5758 2372 5815 venerat
2470 5754 2736 5826 repetiit,
2807 5761 3259 5836 expositumque
3342 5770 3587 5829 simium
3685 5780 3785 5834 ad-
