  <div class='ocr_page' id='page_1' title='image "/cluster/home/n/w/nwhite01/storage/ocr_20150623/143:no.1/coo.31924054870484/669.png"; bbox 0 0 4120 6394; ppageno 0'>
   <div class='ocr_carea' id='block_1_1' title="bbox 312 405 450 460">
    <p class='ocr_par' dir='ltr' id='par_1_1' title="bbox 312 405 450 460">
     <span class='ocr_line' id='line_1_1' title="bbox 312 405 450 460; baseline -0.029 0"><span class='ocrx_word' id='word_1_1' title='bbox 312 405 450 460; x_wconf 84' lang='grc'>1319</span> 
     </span>
    </p>
   </div>
   <div class='ocr_carea' id='block_1_2' title="bbox 1826 397 2211 451">
    <p class='ocr_par' dir='ltr' id='par_1_2' title="bbox 1826 397 2211 451">
     <span class='ocr_line' id='line_1_2' title="bbox 1826 397 2211 451; baseline 0.005 -2"><span class='ocrx_word' id='word_1_2' title='bbox 1826 397 2211 451; x_wconf 80' lang='lat' dir='ltr'>APPENDIX.</span> 
     </span>
    </p>
   </div>
   <div class='ocr_carea' id='block_1_3' title="bbox 3593 404 3737 458">
    <p class='ocr_par' dir='ltr' id='par_1_3' title="bbox 3593 404 3737 458">
     <span class='ocr_line' id='line_1_3' title="bbox 3593 404 3737 458; baseline -0.014 0"><span class='ocrx_word' id='word_1_3' title='bbox 3593 404 3737 458; x_wconf 75' lang='grc'>1220</span> 
     </span>
    </p>
   </div>
   <div class='ocr_carea' id='block_1_4' title="bbox 314 516 3734 591">
    <p class='ocr_par' dir='ltr' id='par_1_4' title="bbox 314 516 3734 591">
     <span class='ocr_line' id='line_1_4' title="bbox 314 516 3734 591; baseline -0.001 -8"><span class='ocrx_word' id='word_1_4' title='bbox 314 527 542 583; x_wconf 85' lang='lat' dir='ltr'>monuit</span> <span class='ocrx_word' id='word_1_5' title='bbox 600 530 665 581; x_wconf 93' lang='lat' dir='ltr'>ut</span> <span class='ocrx_word' id='word_1_6' title='bbox 695 526 1014 580; x_wconf 88' lang='lat' dir='ltr'>maturaret</span> <span class='ocrx_word' id='word_1_7' title='bbox 1073 523 1307 591; x_wconf 88' lang='lat' dir='ltr'>sumpto</span> <span class='ocrx_word' id='word_1_8' title='bbox 1368 537 1565 574; x_wconf 84' lang='lat' dir='ltr'>secum</span> <span class='ocrx_word' id='word_1_9' title='bbox 1626 519 1799 573; x_wconf 88' lang='lat' dir='ltr'>corde</span> <span class='ocrx_word' id='word_1_10' title='bbox 1847 516 1956 571; x_wconf 89' lang='lat' dir='ltr'>ibi-</span> <span class='ocrx_word' id='word_1_11' title='bbox 1990 523 2043 589; x_wconf 79' lang='grc' dir='ltr'><strong>Α</strong></span> <span class='ocrx_word' id='word_1_12' title='bbox 2074 523 2359 576; x_wconf 85' lang='lat' dir='ltr'>Annuens</span> <span class='ocrx_word' id='word_1_13' title='bbox 2390 520 2594 577; x_wconf 84' lang='lat' dir='ltr'>asinus</span> <span class='ocrx_word' id='word_1_14' title='bbox 2625 521 2806 579; x_wconf 92' lang='lat' dir='ltr'>vastis</span> <span class='ocrx_word' id='word_1_15' title='bbox 2850 523 3093 579; x_wconf 80' lang='lat' dir='ltr'>auribus</span> <span class='ocrx_word' id='word_1_16' title='bbox 3126 525 3196 579; x_wconf 92' lang='lat' dir='ltr'>ad</span> <span class='ocrx_word' id='word_1_17' title='bbox 3230 523 3448 580; x_wconf 83' lang='lat' dir='ltr'>omnia.</span> <span class='ocrx_word' id='word_1_18' title='bbox 3483 542 3597 581; x_wconf 91' lang='lat' dir='ltr'>non</span> <span class='ocrx_word' id='word_1_19' title='bbox 3625 528 3734 581; x_wconf 90' lang='lat' dir='ltr'>du-</span> 
     </span>
    </p>
   </div>
   <div class='ocr_carea' id='block_1_5' title="bbox 310 610 1963 680">
    <p class='ocr_par' dir='ltr' id='par_1_5' title="bbox 310 610 1963 680">
     <span class='ocr_line' id='line_1_5' title="bbox 310 610 1963 680; baseline -0.007 -8"><span class='ocrx_word' id='word_1_20' title='bbox 310 618 441 672; x_wconf 90' lang='lat' dir='ltr'>dem</span> <span class='ocrx_word' id='word_1_21' title='bbox 492 633 553 672; x_wconf 91' lang='lat' dir='ltr'>sc</span> <span class='ocrx_word' id='word_1_22' title='bbox 603 616 835 679; x_wconf 80' lang='lat' dir='ltr'>sistere,</span> <span class='ocrx_word' id='word_1_23' title='bbox 893 612 993 667; x_wconf 88' lang='lat' dir='ltr'>ubi</span> <span class='ocrx_word' id='word_1_24' title='bbox 1041 627 1172 666; x_wconf 90' lang='lat' dir='ltr'>eum</span> <span class='ocrx_word' id='word_1_25' title='bbox 1223 610 1625 680; x_wconf 60' lang='lat' dir='ltr'>appet-ituram</span> <span class='ocrx_word' id='word_1_26' title='bbox 1676 623 1738 663; x_wconf 91' lang='lat' dir='ltr'>se</span> <span class='ocrx_word' id='word_1_27' title='bbox 1786 624 1963 678; x_wconf 89' lang='lat' dir='ltr'>spon-</span> 
     </span>
    </p>
   </div>
   <div class='ocr_carea' id='block_1_6' title="bbox 309 706 1963 863">
    <p class='ocr_par' dir='ltr' id='par_1_6' title="bbox 309 706 1963 863">
     <span class='ocr_line' id='line_1_6' title="bbox 309 706 1963 863; baseline -0.005 -13"><span class='ocrx_word' id='word_1_28' title='bbox 309 706 554 850; x_wconf 46' lang='grc' dir='ltr'>ἀϐῗῐλι</span> <span class='ocrx_word' id='word_1_29' title='bbox 584 793 813 861; x_wconf 85' lang='lat' dir='ltr'>simius,</span> <span class='ocrx_word' id='word_1_30' title='bbox 842 790 1001 863; x_wconf 82' lang='lat' dir='ltr'>gravi</span> <span class='ocrx_word' id='word_1_31' title='bbox 1042 805 1104 843; x_wconf 89' lang='lat' dir='ltr'>se</span> <span class='ocrx_word' id='word_1_32' title='bbox 1138 790 1481 843; x_wconf 88' lang='lat' dir='ltr'>defunctum</span> <span class='ocrx_word' id='word_1_33' title='bbox 1541 785 1798 858; x_wconf 88' lang='lat' dir='ltr'>periculo</span> <span class='ocrx_word' id='word_1_34' title='bbox 1830 801 1963 857; x_wconf 87' lang='lat' dir='ltr'>gra-</span> 
     </span>
    </p>
   </div>
   <div class='ocr_carea' id='block_1_7' title="bbox 308 874 1964 950">
    <p class='ocr_par' dir='ltr' id='par_1_7' title="bbox 308 874 1964 950">
     <span class='ocr_line' id='line_1_7' title="bbox 308 874 1964 950; baseline -0.005 -11"><span class='ocrx_word' id='word_1_35' title='bbox 308 884 524 950; x_wconf 89' lang='lat' dir='ltr'>tulans,</span> <span class='ocrx_word' id='word_1_36' title='bbox 560 882 694 937; x_wconf 78' lang='lat' dir='ltr'>{icui</span> <span class='ocrx_word' id='word_1_37' title='bbox 726 896 787 936; x_wconf 90' lang='lat' dir='ltr'>se</span> <span class='ocrx_word' id='word_1_38' title='bbox 818 897 936 934; x_wconf 75' lang='lat' dir='ltr'>sua:</span> <span class='ocrx_word' id='word_1_39' title='bbox 964 878 1347 949; x_wconf 85' lang='lat' dir='ltr'>cupidissime</span> <span class='ocrx_word' id='word_1_40' title='bbox 1388 874 1647 930; x_wconf 86' lang='lat' dir='ltr'>reddidit</span> <span class='ocrx_word' id='word_1_41' title='bbox 1678 891 1689 929; x_wconf 95' lang='lat'>:</span> <span class='ocrx_word' id='word_1_42' title='bbox 1725 874 1964 946; x_wconf 90' lang='lat' dir='ltr'>illicque</span> 
     </span>
    </p>
   </div>
   <div class='ocr_carea' id='block_1_8' title="bbox 308 966 1961 1037">
    <p class='ocr_par' dir='ltr' id='par_1_8' title="bbox 308 966 1961 1037">
     <span class='ocr_line' id='line_1_8' title="bbox 308 966 1961 1037; baseline -0.006 -8"><span class='ocrx_word' id='word_1_43' title='bbox 308 973 619 1029; x_wconf 77' lang='lat' dir='ltr'>stultitiam</span> <span class='ocrx_word' id='word_1_44' title='bbox 654 987 823 1026; x_wconf 87' lang='lat' dir='ltr'>suam</span> <span class='ocrx_word' id='word_1_45' title='bbox 856 971 1170 1032; x_wconf 87' lang='lat' dir='ltr'>damnans,</span> <span class='ocrx_word' id='word_1_46' title='bbox 1204 967 1332 1021; x_wconf 91' lang='lat' dir='ltr'>dira</span> <span class='ocrx_word' id='word_1_47' title='bbox 1362 966 1475 1022; x_wconf 83' lang='lat' dir='ltr'>sibi</span> <span class='ocrx_word' id='word_1_48' title='bbox 1507 966 1961 1037; x_wconf 80' lang='lat' dir='ltr'>imprecabatur,</span> 
     </span>
    </p>
   </div>
   <div class='ocr_carea' id='block_1_9' title="bbox 308 1054 1959 1133">
    <p class='ocr_par' dir='ltr' id='par_1_9' title="bbox 308 1054 1959 1133">
     <span class='ocr_line' id='line_1_9' title="bbox 308 1054 1959 1133; baseline -0.006 -16"><span class='ocrx_word' id='word_1_49' title='bbox 308 1063 357 1117; x_wconf 92' lang='lat' dir='ltr'>si</span> <span class='ocrx_word' id='word_1_50' title='bbox 391 1078 653 1133; x_wconf 82' lang='lat' dir='ltr'>unquam</span> <span class='ocrx_word' id='word_1_51' title='bbox 689 1060 959 1129; x_wconf 84' lang='lat' dir='ltr'>cujusvis</span> <span class='ocrx_word' id='word_1_52' title='bbox 992 1057 1264 1128; x_wconf 88' lang='lat' dir='ltr'>precibus</span> <span class='ocrx_word' id='word_1_53' title='bbox 1298 1057 1434 1110; x_wconf 92' lang='lat' dir='ltr'>inde</span> <span class='ocrx_word' id='word_1_54' title='bbox 1475 1069 1537 1111; x_wconf 81' lang='lat' dir='ltr'>se</span> <span class='ocrx_word' id='word_1_55' title='bbox 1587 1054 1777 1121; x_wconf 84' lang='lat' dir='ltr'>avelli,</span> <span class='ocrx_word' id='word_1_56' title='bbox 1813 1071 1959 1126; x_wconf 76' lang='lat' dir='ltr'>prie-</span> 
     </span>
    </p>
   </div>
   <div class='ocr_carea' id='block_1_10' title="bbox 306 1144 1957 1220">
    <p class='ocr_par' dir='ltr' id='par_1_10' title="bbox 306 1144 1957 1220">
     <span class='ocr_line' id='line_1_10' title="bbox 306 1144 1957 1220; baseline -0.005 -14"><span class='ocrx_word' id='word_1_57' title='bbox 306 1152 506 1207; x_wconf 87' lang='lat' dir='ltr'>sertim</span> <span class='ocrx_word' id='word_1_58' title='bbox 540 1150 899 1220; x_wconf 87' lang='lat' dir='ltr'>inexplorato</span> <span class='ocrx_word' id='word_1_59' title='bbox 930 1165 1045 1219; x_wconf 90' lang='lat' dir='ltr'>quo</span> <span class='ocrx_word' id='word_1_60' title='bbox 1077 1148 1270 1202; x_wconf 90' lang='lat' dir='ltr'>iturus</span> <span class='ocrx_word' id='word_1_61' title='bbox 1320 1149 1478 1201; x_wconf 88' lang='lat' dir='ltr'>esset</span> <span class='ocrx_word' id='word_1_62' title='bbox 1523 1144 1671 1211; x_wconf 94' lang='lat' dir='ltr'>loco,</span> <span class='ocrx_word' id='word_1_63' title='bbox 1721 1144 1957 1199; x_wconf 87' lang='lat' dir='ltr'>sineret.</span> 
     </span>
    </p>
   </div>
   <div class='ocr_carea' id='block_1_11' title="bbox 376 1234 1960 1309">
    <p class='ocr_par' dir='ltr' id='par_1_11' title="bbox 376 1234 1960 1309">
     <span class='ocr_line' id='line_1_11' title="bbox 376 1234 1960 1309; baseline -0.005 -15"><span class='ocrx_word' id='word_1_64' title='bbox 376 1246 553 1295; x_wconf 89' lang='lat' dir='ltr'>Porro</span> <span class='ocrx_word' id='word_1_65' title='bbox 586 1239 842 1304; x_wconf 84' lang='lat' dir='ltr'>testudo,</span> <span class='ocrx_word' id='word_1_66' title='bbox 866 1242 1179 1309; x_wconf 85' lang='lat' dir='ltr'>postquam</span> <span class='ocrx_word' id='word_1_67' title='bbox 1202 1234 1377 1307; x_wconf 87' lang='lat' dir='ltr'>longo</span> <span class='ocrx_word' id='word_1_68' title='bbox 1398 1239 1793 1305; x_wconf 79' lang='lat' dir='ltr'>exspectasset</span> <span class='ocrx_word' id='word_1_69' title='bbox 1812 1236 1960 1287; x_wconf 88' lang='lat' dir='ltr'>tem-</span> 
     </span>
    </p>
   </div>
   <div class='ocr_carea' id='block_1_12' title="bbox 306 1324 1956 1403">
    <p class='ocr_par' dir='ltr' id='par_1_12' title="bbox 306 1324 1956 1403">
     <span class='ocr_line' id='line_1_12' title="bbox 306 1324 1956 1403; baseline -0.005 -17"><span class='ocrx_word' id='word_1_70' title='bbox 306 1349 463 1403; x_wconf 87' lang='lat' dir='ltr'>pore,</span> <span class='ocrx_word' id='word_1_71' title='bbox 521 1348 718 1385; x_wconf 89' lang='lat' dir='ltr'>moras</span> <span class='ocrx_word' id='word_1_72' title='bbox 778 1330 1149 1400; x_wconf 88' lang='lat' dir='ltr'>increpatura</span> <span class='ocrx_word' id='word_1_73' title='bbox 1208 1325 1463 1398; x_wconf 86' lang='lat' dir='ltr'>perrexit</span> <span class='ocrx_word' id='word_1_74' title='bbox 1521 1325 1632 1379; x_wconf 86' lang='lat' dir='ltr'>sub</span> <span class='ocrx_word' id='word_1_75' title='bbox 1665 1324 1956 1379; x_wconf 83' lang='lat' dir='ltr'>arborem.</span> 
     </span>
    </p>
   </div>
   <div class='ocr_carea' id='block_1_13' title="bbox 306 1410 1955 1490">
    <p class='ocr_par' dir='ltr' id='par_1_13' title="bbox 306 1410 1955 1490">
     <span class='ocr_line' id='line_1_13' title="bbox 306 1410 1955 1490; baseline -0.006 -15"><span class='ocrx_word' id='word_1_76' title='bbox 306 1422 596 1490; x_wconf 90' lang='lat' dir='ltr'>simioque</span> <span class='ocrx_word' id='word_1_77' title='bbox 646 1418 1015 1474; x_wconf 84' lang='lat' dir='ltr'>familiariter</span> <span class='ocrx_word' id='word_1_78' title='bbox 1061 1420 1285 1471; x_wconf 88' lang='lat' dir='ltr'>vocato.</span> <span class='ocrx_word' id='word_1_79' title='bbox 1320 1420 1364 1470; x_wconf 91' lang='grc' dir='ltr'>Ο</span> <span class='ocrx_word' id='word_1_80' title='bbox 1412 1419 1489 1483; x_wconf 90' lang='lat' dir='ltr'>te,</span> <span class='ocrx_word' id='word_1_81' title='bbox 1518 1414 1621 1479; x_wconf 91' lang='lat' dir='ltr'>ait,</span> <span class='ocrx_word' id='word_1_82' title='bbox 1672 1414 1905 1467; x_wconf 90' lang='lat' dir='ltr'>tardum</span> <span class='ocrx_word' id='word_1_83' title='bbox 1943 1410 1955 1465; x_wconf 91' lang='lat' dir='ltr'>l</span> 
     </span>
    </p>
   </div>
   <div class='ocr_carea' id='block_1_14' title="bbox 306 1506 1954 1581">
    <p class='ocr_par' dir='ltr' id='par_1_14' title="bbox 306 1506 1954 1581">
     <span class='ocr_line' id='line_1_14' title="bbox 306 1506 1954 1581; baseline -0.006 -15"><span class='ocrx_word' id='word_1_84' title='bbox 306 1512 533 1566; x_wconf 91' lang='lat' dir='ltr'>dudum</span> <span class='ocrx_word' id='word_1_85' title='bbox 567 1510 869 1581; x_wconf 89' lang='lat' dir='ltr'>trajecisse</span> <span class='ocrx_word' id='word_1_86' title='bbox 917 1510 977 1563; x_wconf 88' lang='lat' dir='ltr'>in</span> <span class='ocrx_word' id='word_1_87' title='bbox 1026 1506 1351 1563; x_wconf 90' lang='lat' dir='ltr'>insululam</span> <span class='ocrx_word' id='word_1_88' title='bbox 1400 1509 1758 1575; x_wconf 82' lang='lat' dir='ltr'>oportuerat.</span> <span class='ocrx_word' id='word_1_89' title='bbox 1807 1507 1954 1558; x_wconf 89' lang='lat' dir='ltr'>Tum</span> 
     </span>
    </p>
   </div>
   <div class='ocr_carea' id='block_1_15' title="bbox 306 1595 1953 1666">
    <p class='ocr_par' dir='ltr' id='par_1_15' title="bbox 306 1595 1953 1666">
     <span class='ocr_line' id='line_1_15' title="bbox 306 1595 1953 1666; baseline -0.005 -12"><span class='ocrx_word' id='word_1_90' title='bbox 306 1600 518 1654; x_wconf 89' lang='lat' dir='ltr'>simius</span> <span class='ocrx_word' id='word_1_91' title='bbox 550 1600 824 1665; x_wconf 85' lang='lat' dir='ltr'>irridens,</span> <span class='ocrx_word' id='word_1_92' title='bbox 856 1597 899 1652; x_wconf 92' lang='grc' dir='ltr'>Ο</span> <span class='ocrx_word' id='word_1_93' title='bbox 934 1596 1108 1663; x_wconf 91' lang='lat' dir='ltr'>bona,</span> <span class='ocrx_word' id='word_1_94' title='bbox 1147 1595 1363 1666; x_wconf 87' lang='lat' dir='ltr'>inquit,</span> <span class='ocrx_word' id='word_1_95' title='bbox 1417 1610 1517 1649; x_wconf 90' lang='lat' dir='ltr'>cor</span> <span class='ocrx_word' id='word_1_96' title='bbox 1546 1609 1768 1656; x_wconf 89' lang='lat' dir='ltr'>meum,</span> <span class='ocrx_word' id='word_1_97' title='bbox 1799 1596 1953 1663; x_wconf 89' lang='lat' dir='ltr'>post.</span> 
     </span>
    </p>
   </div>
   <div class='ocr_carea' id='block_1_16' title="bbox 305 1681 1951 1759">
    <p class='ocr_par' dir='ltr' id='par_1_16' title="bbox 305 1681 1951 1759">
     <span class='ocr_line' id='line_1_16' title="bbox 305 1681 1951 1759; baseline -0.005 -16"><span class='ocrx_word' id='word_1_98' title='bbox 305 1706 482 1759; x_wconf 90' lang='lat' dir='ltr'>quam</span> <span class='ocrx_word' id='word_1_99' title='bbox 514 1688 656 1743; x_wconf 89' lang='lat' dir='ltr'>illud</span> <span class='ocrx_word' id='word_1_100' title='bbox 689 1687 783 1741; x_wconf 91' lang='lat' dir='ltr'>hic</span> <span class='ocrx_word' id='word_1_101' title='bbox 814 1686 1025 1757; x_wconf 90' lang='lat' dir='ltr'>reperi,</span> <span class='ocrx_word' id='word_1_102' title='bbox 1060 1686 1333 1755; x_wconf 85' lang='lat' dir='ltr'>navigare</span> <span class='ocrx_word' id='word_1_103' title='bbox 1356 1700 1449 1738; x_wconf 90' lang='lat' dir='ltr'>me</span> <span class='ocrx_word' id='word_1_104' title='bbox 1475 1681 1731 1753; x_wconf 89' lang='lat' dir='ltr'>amplius</span> <span class='ocrx_word' id='word_1_105' title='bbox 1762 1686 1951 1736; x_wconf 91' lang='lat' dir='ltr'>vetat:</span> 
     </span>
    </p>
   </div>
   <div class='ocr_carea' id='block_1_17' title="bbox 304 1773 1953 1849">
    <p class='ocr_par' dir='ltr' id='par_1_17' title="bbox 304 1773 1953 1849">
     <span class='ocr_line' id='line_1_17' title="bbox 304 1773 1953 1849; baseline -0.006 -16"><span class='ocrx_word' id='word_1_106' title='bbox 304 1795 487 1849; x_wconf 90' lang='lat' dir='ltr'>quare</span> <span class='ocrx_word' id='word_1_107' title='bbox 516 1778 640 1833; x_wconf 90' lang='lat' dir='ltr'>viro</span> <span class='ocrx_word' id='word_1_108' title='bbox 672 1780 771 1831; x_wconf 94' lang='lat' dir='ltr'>tuo</span> <span class='ocrx_word' id='word_1_109' title='bbox 803 1791 1015 1831; x_wconf 86' lang='lat' dir='ltr'>censeo</span> <span class='ocrx_word' id='word_1_110' title='bbox 1044 1773 1278 1829; x_wconf 85' lang='lat' dir='ltr'>nunties</span> <span class='ocrx_word' id='word_1_111' title='bbox 1302 1788 1373 1827; x_wconf 76' lang='lat' dir='ltr'>ne</span> <span class='ocrx_word' id='word_1_112' title='bbox 1396 1787 1457 1827; x_wconf 91' lang='lat' dir='ltr'>se</span> <span class='ocrx_word' id='word_1_113' title='bbox 1481 1775 1737 1826; x_wconf 87' lang='lat' dir='ltr'>maceret</span> <span class='ocrx_word' id='word_1_114' title='bbox 1757 1787 1953 1841; x_wconf 84' lang='lat' dir='ltr'>exspe-</span> 
     </span>
    </p>
   </div>
   <div class='ocr_carea' id='block_1_18' title="bbox 2073 610 3734 689">
    <p class='ocr_par' dir='ltr' id='par_1_18' title="bbox 2073 610 3734 689">
     <span class='ocr_line' id='line_1_18' title="bbox 2073 610 3734 689; baseline 0.007 -26"><span class='ocrx_word' id='word_1_115' title='bbox 2073 610 2279 664; x_wconf 89' lang='lat' dir='ltr'>bitavit</span> <span class='ocrx_word' id='word_1_116' title='bbox 2302 611 2477 669; x_wconf 86' lang='lat' dir='ltr'>etiam</span> <span class='ocrx_word' id='word_1_117' title='bbox 2511 614 2775 686; x_wconf 83' lang='lat' dir='ltr'>proxime</span> <span class='ocrx_word' id='word_1_118' title='bbox 2792 616 3066 671; x_wconf 88' lang='lat' dir='ltr'>accedere</span> <span class='ocrx_word' id='word_1_119' title='bbox 3099 616 3348 681; x_wconf 90' lang='lat' dir='ltr'>leonem,</span> <span class='ocrx_word' id='word_1_120' title='bbox 3373 618 3473 688; x_wconf 88' lang='lat' dir='ltr'>qui</span> <span class='ocrx_word' id='word_1_121' title='bbox 3503 636 3734 689; x_wconf 88' lang='lat' dir='ltr'>ungues</span> 
     </span>
    </p>
   </div>
   <div class='ocr_carea' id='block_1_19' title="bbox 2072 699 3729 780">
    <p class='ocr_par' dir='ltr' id='par_1_19' title="bbox 2072 699 3729 780">
     <span class='ocr_line' id='line_1_19' title="bbox 2072 699 3729 780; baseline 0.007 -28"><span class='ocrx_word' id='word_1_122' title='bbox 2072 699 2130 752; x_wconf 91' lang='lat' dir='ltr'>in</span> <span class='ocrx_word' id='word_1_123' title='bbox 2174 716 2307 753; x_wconf 88' lang='lat' dir='ltr'>cum</span> <span class='ocrx_word' id='word_1_124' title='bbox 2341 701 2573 773; x_wconf 87' lang='lat' dir='ltr'>injitere</span> <span class='ocrx_word' id='word_1_125' title='bbox 2603 709 2870 773; x_wconf 85' lang='lat' dir='ltr'>conatus,</span> <span class='ocrx_word' id='word_1_126' title='bbox 2910 706 3167 778; x_wconf 89' lang='lat' dir='ltr'>arripere</span> <span class='ocrx_word' id='word_1_127' title='bbox 3225 708 3377 778; x_wconf 91' lang='lat' dir='ltr'>quod</span> <span class='ocrx_word' id='word_1_128' title='bbox 3437 709 3729 780; x_wconf 85' lang='lat' dir='ltr'>captabat,</span> 
     </span>
    </p>
   </div>
   <div class='ocr_carea' id='block_1_20' title="bbox 2073 792 3728 869">
    <p class='ocr_par' dir='ltr' id='par_1_20' title="bbox 2073 792 3728 869">
     <span class='ocr_line' id='line_1_20' title="bbox 2073 792 3728 869; baseline 0.006 -25"><span class='ocrx_word' id='word_1_129' title='bbox 2073 792 2273 847; x_wconf 86' lang='lat' dir='ltr'>morbo</span> <span class='ocrx_word' id='word_1_130' title='bbox 2324 798 2623 864; x_wconf 84' lang='lat' dir='ltr'>gravante,</span> <span class='ocrx_word' id='word_1_131' title='bbox 2656 812 2771 850; x_wconf 89' lang='lat' dir='ltr'>non</span> <span class='ocrx_word' id='word_1_132' title='bbox 2809 795 3017 867; x_wconf 91' lang='lat' dir='ltr'>potuit.</span> <span class='ocrx_word' id='word_1_133' title='bbox 3044 797 3211 851; x_wconf 89' lang='lat' dir='ltr'>Unde</span> <span class='ocrx_word' id='word_1_134' title='bbox 3256 796 3460 852; x_wconf 90' lang='lat' dir='ltr'>asinus</span> <span class='ocrx_word' id='word_1_135' title='bbox 3504 798 3728 869; x_wconf 89' lang='lat' dir='ltr'>impetu</span> 
     </span>
    </p>
   </div>
   <div class='ocr_carea' id='block_1_21' title="bbox 2072 881 3728 956">
    <p class='ocr_par' dir='ltr' id='par_1_21' title="bbox 2072 881 3728 956">
     <span class='ocr_line' id='line_1_21' title="bbox 2072 881 3728 956; baseline 0.005 -23"><span class='ocrx_word' id='word_1_136' title='bbox 2072 881 2168 935; x_wconf 91' lang='lat' dir='ltr'>illo</span> <span class='ocrx_word' id='word_1_137' title='bbox 2199 886 2441 939; x_wconf 89' lang='lat' dir='ltr'>territus</span> <span class='ocrx_word' id='word_1_138' title='bbox 2475 884 2807 953; x_wconf 84' lang='lat' dir='ltr'>aufugiens,</span> <span class='ocrx_word' id='word_1_139' title='bbox 2841 884 3029 938; x_wconf 90' lang='lat' dir='ltr'>multo</span> <span class='ocrx_word' id='word_1_140' title='bbox 3061 885 3323 939; x_wconf 88' lang='lat' dir='ltr'>cucurrit</span> <span class='ocrx_word' id='word_1_141' title='bbox 3345 888 3728 956; x_wconf 77' lang='lat' dir='ltr'>externatius,</span> 
     </span>
    </p>
   </div>
   <div class='ocr_carea' id='block_1_22' title="bbox 2072 972 3729 1048">
    <p class='ocr_par' dir='ltr' id='par_1_22' title="bbox 2072 972 3729 1048">
     <span class='ocr_line' id='line_1_22' title="bbox 2072 972 3729 1048; baseline 0.003 -25"><span class='ocrx_word' id='word_1_142' title='bbox 2072 972 2169 1026; x_wconf 88' lang='lat' dir='ltr'>ubi</span> <span class='ocrx_word' id='word_1_143' title='bbox 2222 975 2395 1029; x_wconf 87' lang='lat' dir='ltr'>etiam</span> <span class='ocrx_word' id='word_1_144' title='bbox 2448 973 2651 1028; x_wconf 90' lang='lat' dir='ltr'>hausit</span> <span class='ocrx_word' id='word_1_145' title='bbox 2683 974 2930 1029; x_wconf 86' lang='lat' dir='ltr'>auribus</span> <span class='ocrx_word' id='word_1_146' title='bbox 2966 974 3067 1028; x_wconf 91' lang='lat' dir='ltr'>feri</span> <span class='ocrx_word' id='word_1_147' title='bbox 3112 976 3367 1046; x_wconf 61' lang='lat' dir='ltr'>predam</span> <span class='ocrx_word' id='word_1_148' title='bbox 3429 976 3537 1030; x_wconf 92' lang='lat' dir='ltr'>sibi</span> <span class='ocrx_word' id='word_1_149' title='bbox 3582 976 3729 1048; x_wconf 88' lang='lat' dir='ltr'>eripi</span> 
     </span>
    </p>
   </div>
   <div class='ocr_carea' id='block_1_23' title="bbox 2069 1060 3766 1133">
    <p class='ocr_par' dir='ltr' id='par_1_23' title="bbox 2069 1060 3766 1133">
     <span class='ocr_line' id='line_1_23' title="bbox 2069 1060 3766 1133; baseline 0.005 -22"><span class='ocrx_word' id='word_1_150' title='bbox 2069 1060 2321 1118; x_wconf 82' lang='lat' dir='ltr'>dolentis</span> <span class='ocrx_word' id='word_1_151' title='bbox 2350 1063 2701 1118; x_wconf 90' lang='lat' dir='ltr'>iracundum</span> <span class='ocrx_word' id='word_1_152' title='bbox 2736 1063 3023 1133; x_wconf 86' lang='lat' dir='ltr'>rugitum.</span> <span class='ocrx_word' id='word_1_153' title='bbox 3058 1064 3181 1117; x_wconf 88' lang='lat' dir='ltr'>Sub</span> <span class='ocrx_word' id='word_1_154' title='bbox 3223 1064 3342 1119; x_wconf 65' lang='lat' dir='ltr'>haec</span> <span class='ocrx_word' id='word_1_155' title='bbox 3379 1064 3467 1119; x_wconf 90' lang='lat' dir='ltr'>leo</span> <span class='ocrx_word' id='word_1_156' title='bbox 3513 1064 3723 1119; x_wconf 80' lang='lat' dir='ltr'>iterum</span> <span class='ocrx_word' id='word_1_157' title='bbox 3762 1090 3766 1099; x_wconf 65' lang='grc' dir='ltr'><em>ι</em></span> 
     </span>
    </p>
   </div>
   <div class='ocr_carea' id='block_1_24' title="bbox 2070 1152 3726 1225">
    <p class='ocr_par' dir='ltr' id='par_1_24' title="bbox 2070 1152 3726 1225">
     <span class='ocr_line' id='line_1_24' title="bbox 2070 1152 3726 1225; baseline 0.002 -21"><span class='ocrx_word' id='word_1_158' title='bbox 2070 1152 2139 1205; x_wconf 89' lang='lat' dir='ltr'>ad</span> <span class='ocrx_word' id='word_1_159' title='bbox 2173 1152 2425 1223; x_wconf 87' lang='lat' dir='ltr'>vulpem,</span> <span class='ocrx_word' id='word_1_160' title='bbox 2460 1152 2816 1218; x_wconf 81' lang='lat' dir='ltr'>Excidimus,</span> <span class='ocrx_word' id='word_1_161' title='bbox 2850 1152 3063 1222; x_wconf 90' lang='lat' dir='ltr'>inquit,</span> <span class='ocrx_word' id='word_1_162' title='bbox 3092 1158 3295 1207; x_wconf 90' lang='lat' dir='ltr'>nostra</span> <span class='ocrx_word' id='word_1_163' title='bbox 3316 1170 3437 1224; x_wconf 86' lang='lat' dir='ltr'>spe,</span> <span class='ocrx_word' id='word_1_164' title='bbox 3465 1154 3726 1225; x_wconf 84' lang='lat' dir='ltr'>abiitque</span> 
     </span>
    </p>
   </div>
   <div class='ocr_carea' id='block_1_25' title="bbox 2068 1240 3725 1312">
    <p class='ocr_par' dir='ltr' id='par_1_25' title="bbox 2068 1240 3725 1312">
     <span class='ocr_line' id='line_1_25' title="bbox 2068 1240 3725 1312; baseline 0.002 -19"><span class='ocrx_word' id='word_1_165' title='bbox 2068 1240 2123 1294; x_wconf 78' lang='lat' dir='ltr'>in</span> <span class='ocrx_word' id='word_1_166' title='bbox 2162 1242 2392 1295; x_wconf 85' lang='lat' dir='ltr'>irritum</span> <span class='ocrx_word' id='word_1_167' title='bbox 2426 1240 2655 1312; x_wconf 90' lang='lat' dir='ltr'>primus</span> <span class='ocrx_word' id='word_1_168' title='bbox 2686 1242 2779 1295; x_wconf 90' lang='lat' dir='ltr'>hic</span> <span class='ocrx_word' id='word_1_169' title='bbox 2808 1247 3076 1296; x_wconf 89' lang='lat' dir='ltr'>conatus.</span> <span class='ocrx_word' id='word_1_170' title='bbox 3110 1244 3217 1297; x_wconf 87' lang='lat' dir='ltr'>Sed</span> <span class='ocrx_word' id='word_1_171' title='bbox 3254 1242 3412 1297; x_wconf 87' lang='lat' dir='ltr'>mille</span> <span class='ocrx_word' id='word_1_172' title='bbox 3442 1243 3545 1297; x_wconf 84' lang='lat' dir='ltr'>tibi</span> <span class='ocrx_word' id='word_1_173' title='bbox 3570 1248 3725 1297; x_wconf 88' lang='lat' dir='ltr'>artes</span> 
     </span>
    </p>
   </div>
   <div class='ocr_carea' id='block_1_26' title="bbox 2068 1329 3724 1400">
    <p class='ocr_par' dir='ltr' id='par_1_26' title="bbox 2068 1329 3724 1400">
     <span class='ocr_line' id='line_1_26' title="bbox 2068 1329 3724 1400; baseline 0.002 -19"><span class='ocrx_word' id='word_1_174' title='bbox 2068 1329 2532 1396; x_wconf 73' lang='lat' dir='ltr'>suadendisunt,</span> <span class='ocrx_word' id='word_1_175' title='bbox 2568 1345 2671 1383; x_wconf 87' lang='lat' dir='ltr'>nec</span> <span class='ocrx_word' id='word_1_176' title='bbox 2723 1330 2970 1400; x_wconf 86' lang='lat' dir='ltr'>despero</span> <span class='ocrx_word' id='word_1_177' title='bbox 3032 1331 3175 1400; x_wconf 91' lang='lat' dir='ltr'>quin</span> <span class='ocrx_word' id='word_1_178' title='bbox 3238 1330 3285 1385; x_wconf 88' lang='lat' dir='ltr'>si</span> <span class='ocrx_word' id='word_1_179' title='bbox 3337 1330 3478 1384; x_wconf 89' lang='lat' dir='ltr'>velis</span> <span class='ocrx_word' id='word_1_180' title='bbox 3538 1347 3724 1400; x_wconf 89' lang='lat' dir='ltr'>queas</span> 
     </span>
    </p>
   </div>
   <div class='ocr_carea' id='block_1_27' title="bbox 2066 1416 3725 1490">
    <p class='ocr_par' dir='ltr' id='par_1_27' title="bbox 2066 1416 3725 1490">
     <span class='ocr_line' id='line_1_27' title="bbox 2066 1416 3725 1490; baseline 0.001 -20"><span class='ocrx_word' id='word_1_181' title='bbox 2066 1416 2331 1473; x_wconf 80' lang='lat' dir='ltr'>hebetem</span> <span class='ocrx_word' id='word_1_182' title='bbox 2362 1418 2535 1473; x_wconf 91' lang='lat' dir='ltr'>istam</span> <span class='ocrx_word' id='word_1_183' title='bbox 2562 1419 2846 1489; x_wconf 91' lang='lat' dir='ltr'>pecudem</span> <span class='ocrx_word' id='word_1_184' title='bbox 2882 1420 3094 1474; x_wconf 86' lang='lat' dir='ltr'>iterum</span> <span class='ocrx_word' id='word_1_185' title='bbox 3147 1419 3367 1473; x_wconf 89' lang='lat' dir='ltr'>fallere.</span> <span class='ocrx_word' id='word_1_186' title='bbox 3426 1419 3725 1490; x_wconf 81' lang='lat' dir='ltr'>Experire,</span> 
     </span>
    </p>
   </div>
   <div class='ocr_carea' id='block_1_28' title="bbox 2066 1507 3719 1578">
    <p class='ocr_par' dir='ltr' id='par_1_28' title="bbox 2066 1507 3719 1578">
     <span class='ocr_line' id='line_1_28' title="bbox 2066 1507 3719 1578; baseline 0.001 -19"><span class='ocrx_word' id='word_1_187' title='bbox 2066 1523 2190 1577; x_wconf 81' lang='lat' dir='ltr'>age,</span> <span class='ocrx_word' id='word_1_188' title='bbox 2224 1524 2357 1562; x_wconf 86' lang='lat' dir='ltr'>nam</span> <span class='ocrx_word' id='word_1_189' title='bbox 2395 1507 2507 1562; x_wconf 90' lang='lat' dir='ltr'>nisi</span> <span class='ocrx_word' id='word_1_190' title='bbox 2541 1512 2778 1562; x_wconf 89' lang='lat' dir='ltr'>strenue</span> <span class='ocrx_word' id='word_1_191' title='bbox 2801 1509 3064 1578; x_wconf 87' lang='lat' dir='ltr'>adjuvas,</span> <span class='ocrx_word' id='word_1_192' title='bbox 3092 1508 3328 1563; x_wconf 91' lang='lat' dir='ltr'>morior.</span> <span class='ocrx_word' id='word_1_193' title='bbox 3360 1508 3719 1562; x_wconf 85' lang='lat' dir='ltr'>Provinciam</span> 
     </span>
    </p>
   </div>
   <div class='ocr_carea' id='block_1_29' title="bbox 2065 1597 3721 1670">
    <p class='ocr_par' dir='ltr' id='par_1_29' title="bbox 2065 1597 3721 1670">
     <span class='ocr_line' id='line_1_29' title="bbox 2065 1597 3721 1670; baseline 0.001 -18"><span class='ocrx_word' id='word_1_194' title='bbox 2065 1599 2313 1653; x_wconf 90' lang='lat' dir='ltr'>mandas</span> <span class='ocrx_word' id='word_1_195' title='bbox 2335 1598 2658 1669; x_wconf 82' lang='lat' dir='ltr'>difﬁcilem,</span> <span class='ocrx_word' id='word_1_196' title='bbox 2685 1599 2945 1670; x_wconf 87' lang='lat' dir='ltr'>reposuit</span> <span class='ocrx_word' id='word_1_197' title='bbox 2965 1597 3198 1669; x_wconf 89' lang='lat' dir='ltr'>vulpes;</span> <span class='ocrx_word' id='word_1_198' title='bbox 3220 1604 3415 1654; x_wconf 90' lang='lat' dir='ltr'>tamen</span> <span class='ocrx_word' id='word_1_199' title='bbox 3440 1606 3503 1653; x_wconf 91' lang='lat' dir='ltr'>ut</span> <span class='ocrx_word' id='word_1_200' title='bbox 3523 1600 3721 1661; x_wconf 80' lang='lat' dir='ltr'>omnia</span> 
     </span>
    </p>
   </div>
   <div class='ocr_carea' id='block_1_30' title="bbox 2063 1688 3720 1761">
    <p class='ocr_par' dir='ltr' id='par_1_30' title="bbox 2063 1688 3720 1761">
     <span class='ocr_line' id='line_1_30' title="bbox 2063 1688 3720 1761; baseline 0.003 -21"><span class='ocrx_word' id='word_1_201' title='bbox 2063 1692 2118 1740; x_wconf 88' lang='lat' dir='ltr'>et</span> <span class='ocrx_word' id='word_1_202' title='bbox 2148 1688 2277 1743; x_wconf 93' lang='lat' dir='ltr'>volo</span> <span class='ocrx_word' id='word_1_203' title='bbox 2308 1694 2361 1743; x_wconf 91' lang='lat' dir='ltr'>et</span> <span class='ocrx_word' id='word_1_204' title='bbox 2405 1689 2587 1743; x_wconf 87' lang='lat' dir='ltr'>debeo</span> <span class='ocrx_word' id='word_1_205' title='bbox 2635 1689 2739 1743; x_wconf 88' lang='lat' dir='ltr'>tibi</span> <span class='ocrx_word' id='word_1_206' title='bbox 2799 1689 3066 1760; x_wconf 89' lang='lat' dir='ltr'>obsequi,</span> <span class='ocrx_word' id='word_1_207' title='bbox 3106 1706 3227 1744; x_wconf 89' lang='lat' dir='ltr'>rem</span> <span class='ocrx_word' id='word_1_208' title='bbox 3282 1696 3456 1761; x_wconf 88' lang='lat' dir='ltr'>prout</span> <span class='ocrx_word' id='word_1_209' title='bbox 3516 1695 3720 1761; x_wconf 90' lang='lat' dir='ltr'>potero</span> 
     </span>
    </p>
   </div>
   <div class='ocr_carea' id='block_1_31' title="bbox 2064 1777 3721 1850">
    <p class='ocr_par' dir='ltr' id='par_1_31' title="bbox 2064 1777 3721 1850">
     <span class='ocr_line' id='line_1_31' title="bbox 2064 1777 3721 1850; baseline 0.002 -21"><span class='ocrx_word' id='word_1_210' title='bbox 2064 1777 2320 1832; x_wconf 86' lang='lat' dir='ltr'>tentabo.</span> <span class='ocrx_word' id='word_1_211' title='bbox 2349 1779 2436 1832; x_wconf 80' lang='lat' dir='ltr'>Ab</span> <span class='ocrx_word' id='word_1_212' title='bbox 2460 1777 2553 1833; x_wconf 89' lang='lat' dir='ltr'>his</span> <span class='ocrx_word' id='word_1_213' title='bbox 2580 1778 2781 1833; x_wconf 90' lang='lat' dir='ltr'>statim</span> <span class='ocrx_word' id='word_1_214' title='bbox 2817 1778 2969 1833; x_wconf 88' lang='lat' dir='ltr'>redit</span> <span class='ocrx_word' id='word_1_215' title='bbox 2997 1778 3202 1850; x_wconf 90' lang='lat' dir='ltr'>vulpes</span> <span class='ocrx_word' id='word_1_216' title='bbox 3241 1780 3311 1832; x_wconf 90' lang='lat' dir='ltr'>ad</span> <span class='ocrx_word' id='word_1_217' title='bbox 3372 1778 3630 1844; x_wconf 89' lang='lat' dir='ltr'>asinum,</span> <span class='ocrx_word' id='word_1_218' title='bbox 3663 1786 3721 1833; x_wconf 90' lang='lat' dir='ltr'>et</span> 
     </span>
    </p>
   </div>
   <div class='ocr_carea' id='block_1_32' title="bbox 302 1860 3715 1961">
    <p class='ocr_par' dir='ltr' id='par_1_32' title="bbox 302 1860 3715 1961">
     <span class='ocr_line' id='line_1_32' title="bbox 302 1860 3715 1961; baseline 0 -40"><span class='ocrx_word' id='word_1_219' title='bbox 302 1868 555 1961; x_wconf 79' lang='lat' dir='ltr'>etatione</span> <span class='ocrx_word' id='word_1_220' title='bbox 588 1867 700 1921; x_wconf 90' lang='lat' dir='ltr'>mei</span> <span class='ocrx_word' id='word_1_221' title='bbox 729 1883 742 1922; x_wconf 91' lang='lat'>:</span> <span class='ocrx_word' id='word_1_222' title='bbox 778 1882 890 1920; x_wconf 89' lang='lat' dir='ltr'>non</span> <span class='ocrx_word' id='word_1_223' title='bbox 924 1863 1285 1961; x_wconf 45' lang='lat' dir='ltr'>enimnm&#39;odo</span> <span class='ocrx_word' id='word_1_224' title='bbox 1316 1865 1483 1960; x_wconf 79' lang='lat' dir='ltr'>vacat</span> <span class='ocrx_word' id='word_1_225' title='bbox 1515 1860 1950 1961; x_wconf 77' lang='lat' dir='ltr'>ipsum</span> <span class='ocrx_word' id='word_1_226' title='bbox 1982 1896 2027 1961; x_wconf 82' lang='grc' dir='ltr'><strong>Β</strong></span> <span class='ocrx_word' id='word_1_227' title='bbox 2060 1865 2209 1961; x_wconf 56' lang='lat' dir='ltr'>Quid</span> <span class='ocrx_word' id='word_1_228' title='bbox 2258 1866 2361 1961; x_wconf 70' lang='lat' dir='ltr'>tibi</span> <span class='ocrx_word' id='word_1_229' title='bbox 2411 1867 2519 1937; x_wconf 88' lang='lat' dir='ltr'>vis,</span> <span class='ocrx_word' id='word_1_230' title='bbox 2553 1866 2766 1961; x_wconf 79' lang='lat' dir='ltr'>inquit,</span> <span class='ocrx_word' id='word_1_231' title='bbox 2813 1867 2930 1923; x_wconf 90' lang='lat' dir='ltr'>isto</span> <span class='ocrx_word' id='word_1_232' title='bbox 2965 1872 3143 1935; x_wconf 91' lang='lat' dir='ltr'>metu,</span> <span class='ocrx_word' id='word_1_233' title='bbox 3178 1866 3294 1922; x_wconf 90' lang='lat' dir='ltr'>ista</span> <span class='ocrx_word' id='word_1_234' title='bbox 3345 1868 3526 1937; x_wconf 83' lang='lat' dir='ltr'>fuga?</span> <span class='ocrx_word' id='word_1_235' title='bbox 3568 1868 3715 1930; x_wconf 85' lang='lat' dir='ltr'>Quid</span> 
     </span>
    </p>
   </div>
   <div class='ocr_carea' id='block_1_33' title="bbox 301 1948 1952 2026">
    <p class='ocr_par' dir='ltr' id='par_1_33' title="bbox 301 1948 1952 2026">
     <span class='ocr_line' id='line_1_33' title="bbox 301 1948 1952 2026; baseline -0.005 -16"><span class='ocrx_word' id='word_1_236' title='bbox 301 1962 359 2012; x_wconf 85' lang='lat' dir='ltr'>et</span> <span class='ocrx_word' id='word_1_237' title='bbox 390 1956 603 2026; x_wconf 91' lang='lat' dir='ltr'>alioqui</span> <span class='ocrx_word' id='word_1_238' title='bbox 636 1953 937 2025; x_wconf 64' lang='lat' dir='ltr'>aegrotanti</span> <span class='ocrx_word' id='word_1_239' title='bbox 972 1950 1379 2022; x_wconf 88' lang='lat' dir='ltr'>mediciquam</span> <span class='ocrx_word' id='word_1_240' title='bbox 1403 1950 1560 2004; x_wconf 89' lang='lat' dir='ltr'>simii</span> <span class='ocrx_word' id='word_1_241' title='bbox 1584 1948 1952 2018; x_wconf 85' lang='lat' dir='ltr'>expetibilior</span> 
     </span>
    </p>
   </div>
   <div class='ocr_carea' id='block_1_34' title="bbox 300 2036 1947 2114">
    <p class='ocr_par' dir='ltr' id='par_1_34' title="bbox 300 2036 1947 2114">
     <span class='ocr_line' id='line_1_34' title="bbox 300 2036 1947 2114; baseline -0.006 -13"><span class='ocrx_word' id='word_1_242' title='bbox 300 2047 586 2101; x_wconf 90' lang='lat' dir='ltr'>adventus</span> <span class='ocrx_word' id='word_1_243' title='bbox 617 2048 723 2099; x_wconf 92' lang='lat' dir='ltr'>est.</span> <span class='ocrx_word' id='word_1_244' title='bbox 758 2044 1079 2114; x_wconf 81' lang='lat' dir='ltr'>Suggeram</span> <span class='ocrx_word' id='word_1_245' title='bbox 1113 2040 1283 2096; x_wconf 87' lang='lat' dir='ltr'>etiam</span> <span class='ocrx_word' id='word_1_246' title='bbox 1310 2038 1416 2093; x_wconf 84' lang='lat' dir='ltr'>tibi</span> <span class='ocrx_word' id='word_1_247' title='bbox 1447 2036 1947 2093; x_wconf 87' lang='lat' dir='ltr'>narratiunculam</span> 
     </span>
    </p>
   </div>
   <div class='ocr_carea' id='block_1_35' title="bbox 301 2127 1951 2205">
    <p class='ocr_par' dir='ltr' id='par_1_35' title="bbox 301 2127 1951 2205">
     <span class='ocr_line' id='line_1_35' title="bbox 301 2127 1951 2205; baseline -0.005 -16"><span class='ocrx_word' id='word_1_248' title='bbox 301 2152 415 2205; x_wconf 89' lang='lat' dir='ltr'>qua</span> <span class='ocrx_word' id='word_1_249' title='bbox 447 2134 576 2203; x_wconf 86' lang='lat' dir='ltr'>ejus</span> <span class='ocrx_word' id='word_1_250' title='bbox 605 2133 781 2187; x_wconf 72' lang='lat' dir='ltr'>tazdia</span> <span class='ocrx_word' id='word_1_251' title='bbox 836 2129 1175 2201; x_wconf 87' lang='lat' dir='ltr'>languentis</span> <span class='ocrx_word' id='word_1_252' title='bbox 1236 2127 1569 2183; x_wconf 90' lang='lat' dir='ltr'>demulccas</span> <span class='ocrx_word' id='word_1_253' title='bbox 1598 2143 1610 2180; x_wconf 92' lang='lat'><strong>:</strong></span> <span class='ocrx_word' id='word_1_254' title='bbox 1643 2127 1951 2197; x_wconf 62' lang='lat' dir='ltr'>lEgrotans</span> 
     </span>
    </p>
   </div>
   <div class='ocr_carea' id='block_1_36' title="bbox 298 2214 1949 2291">
    <p class='ocr_par' dir='ltr' id='par_1_36' title="bbox 298 2214 1949 2291">
     <span class='ocr_line' id='line_1_36' title="bbox 298 2214 1949 2291; baseline -0.006 -14"><span class='ocrx_word' id='word_1_255' title='bbox 298 2224 357 2277; x_wconf 91' lang='lat' dir='ltr'>in</span> <span class='ocrx_word' id='word_1_256' title='bbox 398 2222 543 2278; x_wconf 90' lang='lat' dir='ltr'>silva</span> <span class='ocrx_word' id='word_1_257' title='bbox 574 2221 662 2277; x_wconf 91' lang='lat' dir='ltr'>leo</span> <span class='ocrx_word' id='word_1_258' title='bbox 719 2219 891 2291; x_wconf 86' lang='lat' dir='ltr'>vulpe</span> <span class='ocrx_word' id='word_1_259' title='bbox 924 2219 1197 2273; x_wconf 89' lang='lat' dir='ltr'>ministra</span> <span class='ocrx_word' id='word_1_260' title='bbox 1226 2217 1519 2271; x_wconf 86' lang='lat' dir='ltr'>utebatur.</span> <span class='ocrx_word' id='word_1_261' title='bbox 1558 2214 1949 2270; x_wconf 87' lang='lat' dir='ltr'>Observabam</span> 
     </span>
    </p>
   </div>
   <div class='ocr_carea' id='block_1_37' title="bbox 302 2306 1955 2385">
    <p class='ocr_par' dir='ltr' id='par_1_37' title="bbox 302 2306 1955 2385">
     <span class='ocr_line' id='line_1_37' title="bbox 302 2306 1955 2385; baseline -0.007 -16"><span class='ocrx_word' id='word_1_262' title='bbox 302 2330 407 2385; x_wconf 85' lang='lat' dir='ltr'>ego</span> <span class='ocrx_word' id='word_1_263' title='bbox 449 2330 569 2380; x_wconf 88' lang='lat' dir='ltr'>eos,</span> <span class='ocrx_word' id='word_1_264' title='bbox 630 2312 1038 2366; x_wconf 87' lang='lat' dir='ltr'>inobservatus</span> <span class='ocrx_word' id='word_1_265' title='bbox 1097 2326 1163 2363; x_wconf 88' lang='lat' dir='ltr'>ex</span> <span class='ocrx_word' id='word_1_266' title='bbox 1225 2308 1430 2362; x_wconf 90' lang='lat' dir='ltr'>arbore</span> <span class='ocrx_word' id='word_1_267' title='bbox 1488 2306 1837 2377; x_wconf 89' lang='lat' dir='ltr'>propinqua,</span> <span class='ocrx_word' id='word_1_268' title='bbox 1898 2309 1955 2359; x_wconf 90' lang='lat' dir='ltr'>et</span> 
     </span>
    </p>
   </div>
   <div class='ocr_carea' id='block_1_38' title="bbox 302 2394 1950 2468">
    <p class='ocr_par' dir='ltr' id='par_1_38' title="bbox 302 2394 1950 2468">
     <span class='ocr_line' id='line_1_38' title="bbox 302 2394 1950 2468; baseline -0.005 -12"><span class='ocrx_word' id='word_1_269' title='bbox 302 2403 529 2457; x_wconf 90' lang='lat' dir='ltr'>leonem</span> <span class='ocrx_word' id='word_1_270' title='bbox 556 2400 749 2455; x_wconf 89' lang='lat' dir='ltr'>audivi</span> <span class='ocrx_word' id='word_1_271' title='bbox 783 2399 1072 2454; x_wconf 87' lang='lat' dir='ltr'>dicentem</span> <span class='ocrx_word' id='word_1_272' title='bbox 1105 2396 1263 2468; x_wconf 91' lang='lat' dir='ltr'>vulpi</span> <span class='ocrx_word' id='word_1_273' title='bbox 1299 2414 1311 2451; x_wconf 90' lang='lat'>:</span> <span class='ocrx_word' id='word_1_274' title='bbox 1345 2395 1581 2451; x_wconf 89' lang='lat' dir='ltr'>Memini</span> <span class='ocrx_word' id='word_1_275' title='bbox 1618 2394 1759 2449; x_wconf 90' lang='lat' dir='ltr'>mihi</span> <span class='ocrx_word' id='word_1_276' title='bbox 1812 2394 1950 2449; x_wconf 91' lang='lat' dir='ltr'>olim</span> 
     </span>
    </p>
   </div>
   <div class='ocr_carea' id='block_1_39' title="bbox 302 2486 1951 2564">
    <p class='ocr_par' dir='ltr' id='par_1_39' title="bbox 302 2486 1951 2564">
     <span class='ocr_line' id='line_1_39' title="bbox 302 2486 1951 2564; baseline -0.005 -18"><span class='ocrx_word' id='word_1_277' title='bbox 302 2493 373 2546; x_wconf 90' lang='lat' dir='ltr'>ab</span> <span class='ocrx_word' id='word_1_278' title='bbox 397 2491 618 2564; x_wconf 88' lang='lat' dir='ltr'>optimo</span> <span class='ocrx_word' id='word_1_279' title='bbox 648 2489 870 2545; x_wconf 90' lang='lat' dir='ltr'>medico</span> <span class='ocrx_word' id='word_1_280' title='bbox 903 2487 1222 2561; x_wconf 84' lang='lat' dir='ltr'>praescribi,</span> <span class='ocrx_word' id='word_1_281' title='bbox 1257 2491 1321 2542; x_wconf 92' lang='lat' dir='ltr'>ut</span> <span class='ocrx_word' id='word_1_282' title='bbox 1350 2486 1396 2541; x_wconf 90' lang='lat' dir='ltr'>si</span> <span class='ocrx_word' id='word_1_283' title='bbox 1429 2486 1637 2540; x_wconf 81' lang='lat' dir='ltr'>iterum</span> <span class='ocrx_word' id='word_1_284' title='bbox 1663 2501 1729 2540; x_wconf 93' lang='lat' dir='ltr'>eo</span> <span class='ocrx_word' id='word_1_285' title='bbox 1754 2486 1951 2539; x_wconf 88' lang='lat' dir='ltr'>morbo</span> 
     </span>
    </p>
   </div>
   <div class='ocr_carea' id='block_1_40' title="bbox 300 2573 1950 2649">
    <p class='ocr_par' dir='ltr' id='par_1_40' title="bbox 300 2573 1950 2649">
     <span class='ocr_line' id='line_1_40' title="bbox 300 2573 1950 2649; baseline -0.005 -14"><span class='ocrx_word' id='word_1_286' title='bbox 300 2581 624 2637; x_wconf 89' lang='lat' dir='ltr'>laborarem</span> <span class='ocrx_word' id='word_1_287' title='bbox 652 2598 768 2649; x_wconf 93' lang='lat' dir='ltr'>quo</span> <span class='ocrx_word' id='word_1_288' title='bbox 802 2583 941 2633; x_wconf 92' lang='lat' dir='ltr'>tunc</span> <span class='ocrx_word' id='word_1_289' title='bbox 974 2594 1209 2647; x_wconf 91' lang='lat' dir='ltr'>quoque</span> <span class='ocrx_word' id='word_1_290' title='bbox 1239 2577 1527 2640; x_wconf 87' lang='lat' dir='ltr'>tentabar,</span> <span class='ocrx_word' id='word_1_291' title='bbox 1564 2573 1661 2628; x_wconf 92' lang='lat' dir='ltr'>illo</span> <span class='ocrx_word' id='word_1_292' title='bbox 1695 2591 1788 2628; x_wconf 93' lang='lat' dir='ltr'>me</span> <span class='ocrx_word' id='word_1_293' title='bbox 1847 2590 1950 2627; x_wconf 80' lang='lat' dir='ltr'>cu-</span> 
     </span>
    </p>
   </div>
   <div class='ocr_carea' id='block_1_41' title="bbox 300 2662 1951 2735">
    <p class='ocr_par' dir='ltr' id='par_1_41' title="bbox 300 2662 1951 2735">
     <span class='ocr_line' id='line_1_41' title="bbox 300 2662 1951 2735; baseline -0.007 -9"><span class='ocrx_word' id='word_1_294' title='bbox 300 2677 483 2735; x_wconf 89' lang='lat' dir='ltr'>rante,</span> <span class='ocrx_word' id='word_1_295' title='bbox 516 2688 615 2725; x_wconf 89' lang='lat' dir='ltr'>cor</span> <span class='ocrx_word' id='word_1_296' title='bbox 644 2674 701 2724; x_wconf 90' lang='lat' dir='ltr'>et</span> <span class='ocrx_word' id='word_1_297' title='bbox 724 2685 924 2724; x_wconf 88' lang='lat' dir='ltr'>aurem</span> <span class='ocrx_word' id='word_1_298' title='bbox 959 2667 1107 2721; x_wconf 87' lang='lat' dir='ltr'>asini</span> <span class='ocrx_word' id='word_1_299' title='bbox 1136 2682 1421 2733; x_wconf 91' lang='lat' dir='ltr'>vorarem,</span> <span class='ocrx_word' id='word_1_300' title='bbox 1456 2664 1670 2719; x_wconf 89' lang='lat' dir='ltr'>melius</span> <span class='ocrx_word' id='word_1_301' title='bbox 1729 2662 1951 2729; x_wconf 84' lang='lat' dir='ltr'>statim,</span> 
     </span>
    </p>
   </div>
   <div class='ocr_carea' id='block_1_42' title="bbox 296 2751 1954 2825">
    <p class='ocr_par' dir='ltr' id='par_1_42' title="bbox 296 2751 1954 2825">
     <span class='ocr_line' id='line_1_42' title="bbox 296 2751 1954 2825; baseline -0.007 -9"><span class='ocrx_word' id='word_1_302' title='bbox 296 2760 556 2816; x_wconf 89' lang='lat' dir='ltr'>antidoto</span> <span class='ocrx_word' id='word_1_303' title='bbox 587 2758 711 2825; x_wconf 90' lang='lat' dir='ltr'>tali,</span> <span class='ocrx_word' id='word_1_304' title='bbox 738 2757 1047 2814; x_wconf 89' lang='lat' dir='ltr'>valiturus.</span> <span class='ocrx_word' id='word_1_305' title='bbox 1081 2757 1194 2811; x_wconf 88' lang='lat' dir='ltr'>Cur</span> <span class='ocrx_word' id='word_1_306' title='bbox 1225 2771 1421 2810; x_wconf 90' lang='lat' dir='ltr'>cessas</span> <span class='ocrx_word' id='word_1_307' title='bbox 1470 2754 1672 2823; x_wconf 85' lang='lat' dir='ltr'>igitur,</span> <span class='ocrx_word' id='word_1_308' title='bbox 1707 2769 1810 2807; x_wconf 87' lang='lat' dir='ltr'>nec</span> <span class='ocrx_word' id='word_1_309' title='bbox 1842 2751 1954 2806; x_wconf 93' lang='lat' dir='ltr'>cito</span> 
     </span>
    </p>
   </div>
   <div class='ocr_carea' id='block_1_43' title="bbox 298 2842 1953 2913">
    <p class='ocr_par' dir='ltr' id='par_1_43' title="bbox 298 2842 1953 2913">
     <span class='ocr_line' id='line_1_43' title="bbox 298 2842 1953 2913; baseline -0.006 -8"><span class='ocrx_word' id='word_1_310' title='bbox 298 2850 439 2905; x_wconf 91' lang='lat' dir='ltr'>mihi</span> <span class='ocrx_word' id='word_1_311' title='bbox 475 2849 743 2905; x_wconf 88' lang='lat' dir='ltr'>alicunde</span> <span class='ocrx_word' id='word_1_312' title='bbox 775 2848 1007 2903; x_wconf 91' lang='lat' dir='ltr'>asinum</span> <span class='ocrx_word' id='word_1_313' title='bbox 1043 2846 1205 2901; x_wconf 86' lang='lat' dir='ltr'>sistis</span> <span class='ocrx_word' id='word_1_314' title='bbox 1228 2845 1384 2900; x_wconf 91' lang='lat' dir='ltr'>unde</span> <span class='ocrx_word' id='word_1_315' title='bbox 1408 2844 1545 2897; x_wconf 90' lang='lat' dir='ltr'>mali</span> <span class='ocrx_word' id='word_1_316' title='bbox 1582 2860 1696 2913; x_wconf 91' lang='lat' dir='ltr'>quo</span> <span class='ocrx_word' id='word_1_317' title='bbox 1740 2842 1953 2896; x_wconf 89' lang='lat' dir='ltr'>misere</span> 
     </span>
    </p>
   </div>
   <div class='ocr_carea' id='block_1_44' title="bbox 299 2931 1952 2994">
    <p class='ocr_par' dir='ltr' id='par_1_44' title="bbox 299 2931 1952 2994">
     <span class='ocr_line' id='line_1_44' title="bbox 299 2931 1952 2994; baseline -0.006 0"><span class='ocrx_word' id='word_1_318' title='bbox 299 2940 623 2994; x_wconf 87' lang='lat' dir='ltr'>discrucior</span> <span class='ocrx_word' id='word_1_319' title='bbox 643 2937 969 2992; x_wconf 90' lang='lat' dir='ltr'>remedium</span> <span class='ocrx_word' id='word_1_320' title='bbox 1006 2951 1236 2990; x_wconf 89' lang='lat' dir='ltr'>sumam</span> <span class='ocrx_word' id='word_1_321' title='bbox 1273 2934 1300 2988; x_wconf 83' lang='lat'><strong>?</strong></span> <span class='ocrx_word' id='word_1_322' title='bbox 1333 2933 1596 2987; x_wconf 82' lang='lat' dir='ltr'>Profecta</span> <span class='ocrx_word' id='word_1_323' title='bbox 1645 2931 1839 2986; x_wconf 88' lang='lat' dir='ltr'>subito</span> <span class='ocrx_word' id='word_1_324' title='bbox 1883 2931 1952 2984; x_wconf 90' lang='lat' dir='ltr'>ad</span> 
     </span>
    </p>
   </div>
   <div class='ocr_carea' id='block_1_45' title="bbox 289 3019 1954 3097">
    <p class='ocr_par' dir='ltr' id='par_1_45' title="bbox 289 3019 1954 3097">
     <span class='ocr_line' id='line_1_45' title="bbox 289 3019 1954 3097; baseline -0.006 -14"><span class='ocrx_word' id='word_1_325' title='bbox 289 3029 522 3097; x_wconf 88' lang='lat' dir='ltr'>jussam</span> <span class='ocrx_word' id='word_1_326' title='bbox 555 3025 1036 3097; x_wconf 86' lang='lat' dir='ltr'>perquisitionem</span> <span class='ocrx_word' id='word_1_327' title='bbox 1070 3022 1298 3094; x_wconf 87' lang='lat' dir='ltr'>vulpes,</span> <span class='ocrx_word' id='word_1_328' title='bbox 1332 3039 1447 3077; x_wconf 90' lang='lat' dir='ltr'>non</span> <span class='ocrx_word' id='word_1_329' title='bbox 1482 3020 1653 3092; x_wconf 89' lang='lat' dir='ltr'>longe</span> <span class='ocrx_word' id='word_1_330' title='bbox 1684 3019 1804 3074; x_wconf 92' lang='lat' dir='ltr'>illic</span> <span class='ocrx_word' id='word_1_331' title='bbox 1853 3036 1954 3089; x_wconf 89' lang='lat' dir='ltr'>pa-</span> 
     </span>
    </p>
   </div>
   <div class='ocr_carea' id='block_1_46' title="bbox 300 3110 1957 3182">
    <p class='ocr_par' dir='ltr' id='par_1_46' title="bbox 300 3110 1957 3182">
     <span class='ocr_line' id='line_1_46' title="bbox 300 3110 1957 3182; baseline -0.006 -11"><span class='ocrx_word' id='word_1_332' title='bbox 300 3121 560 3178; x_wconf 87' lang='lat' dir='ltr'>scentem</span> <span class='ocrx_word' id='word_1_333' title='bbox 596 3113 843 3170; x_wconf 87' lang='lat' dir='ltr'>asellum</span> <span class='ocrx_word' id='word_1_334' title='bbox 895 3114 1061 3178; x_wconf 88' lang='lat' dir='ltr'>vidit,</span> <span class='ocrx_word' id='word_1_335' title='bbox 1094 3127 1348 3182; x_wconf 90' lang='lat' dir='ltr'>eumque</span> <span class='ocrx_word' id='word_1_336' title='bbox 1406 3110 1633 3176; x_wconf 90' lang='lat' dir='ltr'>adiens,</span> <span class='ocrx_word' id='word_1_337' title='bbox 1670 3111 1843 3176; x_wconf 79' lang='lat' dir='ltr'>Heus,</span> <span class='ocrx_word' id='word_1_338' title='bbox 1906 3115 1957 3161; x_wconf 87' lang='lat' dir='ltr'>te</span> 
     </span>
    </p>
   </div>
   <div class='ocr_carea' id='block_1_47' title="bbox 302 3198 1954 3279">
    <p class='ocr_par' dir='ltr' id='par_1_47' title="bbox 302 3198 1954 3279">
     <span class='ocr_line' id='line_1_47' title="bbox 302 3198 1954 3279; baseline -0.005 -18"><span class='ocrx_word' id='word_1_339' title='bbox 302 3209 519 3279; x_wconf 86' lang='lat' dir='ltr'>ipsum,</span> <span class='ocrx_word' id='word_1_340' title='bbox 543 3206 760 3277; x_wconf 89' lang='lat' dir='ltr'>inquit,</span> <span class='ocrx_word' id='word_1_341' title='bbox 786 3204 1142 3276; x_wconf 67' lang='lat' dir='ltr'>quaerebam.</span> <span class='ocrx_word' id='word_1_342' title='bbox 1180 3202 1371 3257; x_wconf 85' lang='lat' dir='ltr'>Habes</span> <span class='ocrx_word' id='word_1_343' title='bbox 1402 3219 1517 3257; x_wconf 88' lang='lat' dir='ltr'>non</span> <span class='ocrx_word' id='word_1_344' title='bbox 1564 3198 1764 3272; x_wconf 90' lang='lat' dir='ltr'>procul</span> <span class='ocrx_word' id='word_1_345' title='bbox 1815 3198 1954 3253; x_wconf 91' lang='lat' dir='ltr'>hinc</span> 
     </span>
    </p>
   </div>
   <div class='ocr_carea' id='block_1_48' title="bbox 298 3289 1944 3367">
    <p class='ocr_par' dir='ltr' id='par_1_48' title="bbox 298 3289 1944 3367">
     <span class='ocr_line' id='line_1_48' title="bbox 298 3289 1944 3367; baseline -0.005 -17"><span class='ocrx_word' id='word_1_346' title='bbox 298 3298 535 3352; x_wconf 79' lang='lat' dir='ltr'>fratrem</span> <span class='ocrx_word' id='word_1_347' title='bbox 571 3294 886 3367; x_wconf 89' lang='lat' dir='ltr'>quemdam</span> <span class='ocrx_word' id='word_1_348' title='bbox 912 3296 1105 3358; x_wconf 89' lang='lat' dir='ltr'>tuum,</span> <span class='ocrx_word' id='word_1_349' title='bbox 1139 3291 1240 3364; x_wconf 89' lang='lat' dir='ltr'>qui</span> <span class='ocrx_word' id='word_1_350' title='bbox 1276 3296 1331 3345; x_wconf 90' lang='lat' dir='ltr'>te</span> <span class='ocrx_word' id='word_1_351' title='bbox 1363 3291 1528 3362; x_wconf 91' lang='lat' dir='ltr'>cupit</span> <span class='ocrx_word' id='word_1_352' title='bbox 1557 3289 1819 3359; x_wconf 87' lang='lat' dir='ltr'>alloqui;</span> <span class='ocrx_word' id='word_1_353' title='bbox 1854 3304 1944 3353; x_wconf 89' lang='lat' dir='ltr'>ne,</span> 
     </span>
    </p>
   </div>
   <div class='ocr_carea' id='block_1_49' title="bbox 298 3380 1953 3459">
    <p class='ocr_par' dir='ltr' id='par_1_49' title="bbox 298 3380 1953 3459">
     <span class='ocr_line' id='line_1_49' title="bbox 298 3380 1953 3459; baseline -0.007 -17"><span class='ocrx_word' id='word_1_354' title='bbox 298 3403 550 3459; x_wconf 65' lang='lat' dir='ltr'>quasso,</span> <span class='ocrx_word' id='word_1_355' title='bbox 586 3383 844 3457; x_wconf 87' lang='lat' dir='ltr'>graveris</span> <span class='ocrx_word' id='word_1_356' title='bbox 877 3384 946 3438; x_wconf 90' lang='lat' dir='ltr'>ad</span> <span class='ocrx_word' id='word_1_357' title='bbox 983 3399 1117 3438; x_wconf 90' lang='lat' dir='ltr'>eum</span> <span class='ocrx_word' id='word_1_358' title='bbox 1150 3386 1204 3438; x_wconf 91' lang='lat' dir='ltr'>te</span> <span class='ocrx_word' id='word_1_359' title='bbox 1230 3380 1514 3447; x_wconf 89' lang='lat' dir='ltr'>conferre,</span> <span class='ocrx_word' id='word_1_360' title='bbox 1551 3380 1761 3433; x_wconf 91' lang='lat' dir='ltr'>ducam</span> <span class='ocrx_word' id='word_1_361' title='bbox 1795 3380 1953 3431; x_wconf 87' lang='lat' dir='ltr'>recta</span> 
     </span>
    </p>
   </div>
   <div class='ocr_carea' id='block_1_50' title="bbox 298 3466 1953 3546">
    <p class='ocr_par' dir='ltr' id='par_1_50' title="bbox 298 3466 1953 3546">
     <span class='ocr_line' id='line_1_50' title="bbox 298 3466 1953 3546; baseline -0.007 -18"><span class='ocrx_word' id='word_1_362' title='bbox 298 3490 403 3530; x_wconf 90' lang='lat' dir='ltr'>nec</span> <span class='ocrx_word' id='word_1_363' title='bbox 432 3475 674 3546; x_wconf 88' lang='lat' dir='ltr'>longum</span> <span class='ocrx_word' id='word_1_364' title='bbox 712 3476 822 3527; x_wconf 89' lang='lat' dir='ltr'>iter</span> <span class='ocrx_word' id='word_1_365' title='bbox 851 3476 958 3526; x_wconf 89' lang='lat' dir='ltr'>est.</span> <span class='ocrx_word' id='word_1_366' title='bbox 994 3471 1215 3525; x_wconf 88' lang='lat' dir='ltr'>Annuit</span> <span class='ocrx_word' id='word_1_367' title='bbox 1247 3468 1485 3523; x_wconf 88' lang='lat' dir='ltr'>credula</span> <span class='ocrx_word' id='word_1_368' title='bbox 1514 3466 1724 3531; x_wconf 88' lang='lat' dir='ltr'>bestia,</span> <span class='ocrx_word' id='word_1_369' title='bbox 1772 3479 1953 3535; x_wconf 83' lang='lat' dir='ltr'>seque</span> 
     </span>
    </p>
   </div>
   <div class='ocr_carea' id='block_1_51' title="bbox 297 3553 1952 3624">
    <p class='ocr_par' dir='ltr' id='par_1_51' title="bbox 297 3553 1952 3624">
     <span class='ocr_line' id='line_1_51' title="bbox 297 3553 1952 3624; baseline -0.007 -7"><span class='ocrx_word' id='word_1_370' title='bbox 297 3565 351 3617; x_wconf 90' lang='lat' dir='ltr'>in</span> <span class='ocrx_word' id='word_1_371' title='bbox 377 3565 530 3618; x_wconf 88' lang='lat' dir='ltr'>viam</span> <span class='ocrx_word' id='word_1_372' title='bbox 565 3564 682 3618; x_wconf 88' lang='lat' dir='ltr'>dat.</span> <span class='ocrx_word' id='word_1_373' title='bbox 716 3561 817 3616; x_wconf 91' lang='lat' dir='ltr'>Cui</span> <span class='ocrx_word' id='word_1_374' title='bbox 869 3560 1064 3615; x_wconf 87' lang='lat' dir='ltr'>obiter</span> <span class='ocrx_word' id='word_1_375' title='bbox 1120 3558 1413 3612; x_wconf 88' lang='lat' dir='ltr'>comitans</span> <span class='ocrx_word' id='word_1_376' title='bbox 1472 3554 1698 3624; x_wconf 87' lang='lat' dir='ltr'>vulpes,</span> <span class='ocrx_word' id='word_1_377' title='bbox 1758 3553 1839 3607; x_wconf 90' lang='lat' dir='ltr'>Ne</span> <span class='ocrx_word' id='word_1_378' title='bbox 1896 3558 1952 3607; x_wconf 91' lang='lat' dir='ltr'>te</span> 
     </span>
    </p>
   </div>
   <div class='ocr_carea' id='block_1_52' title="bbox 298 3643 1952 3721">
    <p class='ocr_par' dir='ltr' id='par_1_52' title="bbox 298 3643 1952 3721">
     <span class='ocr_line' id='line_1_52' title="bbox 298 3643 1952 3721; baseline -0.006 -13"><span class='ocrx_word' id='word_1_379' title='bbox 298 3653 625 3719; x_wconf 89' lang='lat' dir='ltr'>conturbet,</span> <span class='ocrx_word' id='word_1_380' title='bbox 660 3652 759 3721; x_wconf 87' lang='lat' dir='ltr'>ait,</span> <span class='ocrx_word' id='word_1_381' title='bbox 795 3650 948 3720; x_wconf 93' lang='lat' dir='ltr'>quod</span> <span class='ocrx_word' id='word_1_382' title='bbox 996 3651 1169 3703; x_wconf 79' lang='lat' dir='ltr'>frater</span> <span class='ocrx_word' id='word_1_383' title='bbox 1226 3647 1319 3699; x_wconf 90' lang='lat' dir='ltr'>hic</span> <span class='ocrx_word' id='word_1_384' title='bbox 1370 3652 1508 3699; x_wconf 86' lang='lat' dir='ltr'>tuus</span> <span class='ocrx_word' id='word_1_385' title='bbox 1541 3643 1856 3714; x_wconf 89' lang='lat' dir='ltr'>aliquando</span> <span class='ocrx_word' id='word_1_386' title='bbox 1920 3661 1952 3698; x_wconf 91' lang='lat' dir='ltr'>a</span> 
     </span>
    </p>
   </div>
   <div class='ocr_carea' id='block_1_53' title="bbox 299 3732 1950 3813">
    <p class='ocr_par' dir='ltr' id='par_1_53' title="bbox 299 3732 1950 3813">
     <span class='ocr_line' id='line_1_53' title="bbox 299 3732 1950 3813; baseline -0.006 -15"><span class='ocrx_word' id='word_1_387' title='bbox 299 3750 353 3798; x_wconf 89' lang='lat' dir='ltr'>te</span> <span class='ocrx_word' id='word_1_388' title='bbox 386 3744 623 3813; x_wconf 89' lang='lat' dir='ltr'>tuisque</span> <span class='ocrx_word' id='word_1_389' title='bbox 673 3739 940 3810; x_wconf 86' lang='lat' dir='ltr'>cognatis</span> <span class='ocrx_word' id='word_1_390' title='bbox 1000 3737 1237 3791; x_wconf 56' lang='lat' dir='ltr'>diversa</span> <span class='ocrx_word' id='word_1_391' title='bbox 1292 3735 1487 3789; x_wconf 72' lang='lat' dir='ltr'>formae</span> <span class='ocrx_word' id='word_1_392' title='bbox 1542 3738 1674 3788; x_wconf 86' lang='lat' dir='ltr'>est:</span> <span class='ocrx_word' id='word_1_393' title='bbox 1740 3732 1950 3804; x_wconf 88' lang='lat' dir='ltr'>pellem</span> 
     </span>
    </p>
   </div>
   <div class='ocr_carea' id='block_1_54' title="bbox 297 3823 1949 3901">
    <p class='ocr_par' dir='ltr' id='par_1_54' title="bbox 297 3823 1949 3901">
     <span class='ocr_line' id='line_1_54' title="bbox 297 3823 1949 3901; baseline -0.006 -16"><span class='ocrx_word' id='word_1_394' title='bbox 297 3849 399 3901; x_wconf 87' lang='lat' dir='ltr'>pro</span> <span class='ocrx_word' id='word_1_395' title='bbox 434 3835 692 3900; x_wconf 75' lang='lat' dir='ltr'>tempore</span> <span class='ocrx_word' id='word_1_396' title='bbox 724 3827 918 3881; x_wconf 91' lang='lat' dir='ltr'>induit</span> <span class='ocrx_word' id='word_1_397' title='bbox 939 3824 1137 3895; x_wconf 90' lang='lat' dir='ltr'>aliam,</span> <span class='ocrx_word' id='word_1_398' title='bbox 1161 3842 1265 3879; x_wconf 93' lang='lat' dir='ltr'>nec</span> <span class='ocrx_word' id='word_1_399' title='bbox 1282 3824 1493 3879; x_wconf 88' lang='lat' dir='ltr'>vestitu</span> <span class='ocrx_word' id='word_1_400' title='bbox 1519 3839 1725 3878; x_wconf 87' lang='lat' dir='ltr'>omnes</span> <span class='ocrx_word' id='word_1_401' title='bbox 1748 3823 1949 3877; x_wconf 85' lang='lat' dir='ltr'>eodem</span> 
     </span>
    </p>
   </div>
   <div class='ocr_carea' id='block_1_55' title="bbox 297 3912 1954 3989">
    <p class='ocr_par' dir='ltr' id='par_1_55' title="bbox 297 3912 1954 3989">
     <span class='ocr_line' id='line_1_55' title="bbox 297 3912 1954 3989; baseline -0.004 -17"><span class='ocrx_word' id='word_1_402' title='bbox 297 3921 379 3973; x_wconf 90' lang='lat' dir='ltr'>uti</span> <span class='ocrx_word' id='word_1_403' title='bbox 419 3934 653 3989; x_wconf 77' lang='lat' dir='ltr'>semper</span> <span class='ocrx_word' id='word_1_404' title='bbox 685 3920 954 3988; x_wconf 89' lang='lat' dir='ltr'>possunt,</span> <span class='ocrx_word' id='word_1_405' title='bbox 988 3932 1093 3970; x_wconf 92' lang='lat' dir='ltr'>nec</span> <span class='ocrx_word' id='word_1_406' title='bbox 1128 3920 1352 3984; x_wconf 85' lang='lat' dir='ltr'>tegmen</span> <span class='ocrx_word' id='word_1_407' title='bbox 1387 3912 1643 3969; x_wconf 84' lang='lat' dir='ltr'>exterius</span> <span class='ocrx_word' id='word_1_408' title='bbox 1674 3913 1954 3967; x_wconf 91' lang='lat' dir='ltr'>immutat</span> 
     </span>
    </p>
   </div>
   <div class='ocr_carea' id='block_1_56' title="bbox 295 4000 1948 4077">
    <p class='ocr_par' dir='ltr' id='par_1_56' title="bbox 295 4000 1948 4077">
     <span class='ocr_line' id='line_1_56' title="bbox 295 4000 1948 4077; baseline -0.004 -15"><span class='ocrx_word' id='word_1_409' title='bbox 295 4010 583 4063; x_wconf 82' lang='lat' dir='ltr'>animum.</span> <span class='ocrx_word' id='word_1_410' title='bbox 615 4011 744 4062; x_wconf 75' lang='lat' dir='ltr'>Haec</span> <span class='ocrx_word' id='word_1_411' title='bbox 767 4005 886 4061; x_wconf 91' lang='lat' dir='ltr'>illis</span> <span class='ocrx_word' id='word_1_412' title='bbox 908 4004 1290 4077; x_wconf 90' lang='lat' dir='ltr'>loquentibus</span> <span class='ocrx_word' id='word_1_413' title='bbox 1312 4002 1586 4074; x_wconf 89' lang='lat' dir='ltr'>apparuit</span> <span class='ocrx_word' id='word_1_414' title='bbox 1612 4000 1813 4074; x_wconf 91' lang='lat' dir='ltr'>procul</span> <span class='ocrx_word' id='word_1_415' title='bbox 1840 4002 1948 4068; x_wconf 92' lang='lat' dir='ltr'>leo,</span> 
     </span>
    </p>
   </div>
   <div class='ocr_carea' id='block_1_57' title="bbox 296 4091 1949 4169">
    <p class='ocr_par' dir='ltr' id='par_1_57' title="bbox 296 4091 1949 4169">
     <span class='ocr_line' id='line_1_57' title="bbox 296 4091 1949 4169; baseline -0.004 -18"><span class='ocrx_word' id='word_1_416' title='bbox 296 4106 352 4154; x_wconf 71' lang='lat' dir='ltr'>ut</span> <span class='ocrx_word' id='word_1_417' title='bbox 384 4098 585 4169; x_wconf 90' lang='lat' dir='ltr'>vulpes</span> <span class='ocrx_word' id='word_1_418' title='bbox 616 4115 747 4154; x_wconf 85' lang='lat' dir='ltr'>eum</span> <span class='ocrx_word' id='word_1_419' title='bbox 782 4104 948 4168; x_wconf 89' lang='lat' dir='ltr'>gestu</span> <span class='ocrx_word' id='word_1_420' title='bbox 982 4100 1040 4151; x_wconf 92' lang='lat' dir='ltr'>et</span> <span class='ocrx_word' id='word_1_421' title='bbox 1087 4095 1255 4150; x_wconf 92' lang='lat' dir='ltr'>oculo</span> <span class='ocrx_word' id='word_1_422' title='bbox 1313 4093 1654 4164; x_wconf 82' lang='lat' dir='ltr'>designans,</span> <span class='ocrx_word' id='word_1_423' title='bbox 1688 4091 1791 4146; x_wconf 91' lang='lat' dir='ltr'>Hic</span> <span class='ocrx_word' id='word_1_424' title='bbox 1839 4096 1949 4161; x_wconf 90' lang='lat' dir='ltr'>est,</span> 
     </span>
    </p>
   </div>
   <div class='ocr_carea' id='block_1_58' title="bbox 297 4179 1947 4259">
    <p class='ocr_par' dir='ltr' id='par_1_58' title="bbox 297 4179 1947 4259">
     <span class='ocr_line' id='line_1_58' title="bbox 297 4179 1947 4259; baseline -0.003 -19"><span class='ocrx_word' id='word_1_425' title='bbox 297 4187 511 4259; x_wconf 83' lang='lat' dir='ltr'>inquit,</span> <span class='ocrx_word' id='word_1_426' title='bbox 546 4187 671 4258; x_wconf 90' lang='lat' dir='ltr'>ipse</span> <span class='ocrx_word' id='word_1_427' title='bbox 703 4186 773 4240; x_wconf 80' lang='lat' dir='ltr'>ad</span> <span class='ocrx_word' id='word_1_428' title='bbox 807 4200 984 4255; x_wconf 89' lang='lat' dir='ltr'>quem</span> <span class='ocrx_word' id='word_1_429' title='bbox 1016 4183 1342 4255; x_wconf 89' lang='lat' dir='ltr'>pergimus,</span> <span class='ocrx_word' id='word_1_430' title='bbox 1375 4181 1475 4251; x_wconf 90' lang='lat' dir='ltr'>qui</span> <span class='ocrx_word' id='word_1_431' title='bbox 1524 4185 1581 4235; x_wconf 92' lang='lat' dir='ltr'>te</span> <span class='ocrx_word' id='word_1_432' title='bbox 1635 4179 1947 4235; x_wconf 90' lang='lat' dir='ltr'>desiderat.</span> 
     </span>
    </p>
   </div>
   <div class='ocr_carea' id='block_1_59' title="bbox 2058 1954 3715 2026">
    <p class='ocr_par' dir='ltr' id='par_1_59' title="bbox 2058 1954 3715 2026">
     <span class='ocr_line' id='line_1_59' title="bbox 2058 1954 3715 2026; baseline 0.001 -19"><span class='ocrx_word' id='word_1_433' title='bbox 2058 1954 2232 2009; x_wconf 81' lang='lat' dir='ltr'>times</span> <span class='ocrx_word' id='word_1_434' title='bbox 2264 1955 2291 2009; x_wconf 85' lang='lat'><strong><em>?</em></strong></span> <span class='ocrx_word' id='word_1_435' title='bbox 2322 1960 2566 2011; x_wconf 90' lang='lat' dir='ltr'>conatus</span> <span class='ocrx_word' id='word_1_436' title='bbox 2597 1955 2713 2021; x_wconf 92' lang='lat' dir='ltr'>ille,</span> <span class='ocrx_word' id='word_1_437' title='bbox 2746 1973 2861 2026; x_wconf 92' lang='lat' dir='ltr'>quo</span> <span class='ocrx_word' id='word_1_438' title='bbox 2893 1974 2954 2011; x_wconf 90' lang='lat' dir='ltr'>es</span> <span class='ocrx_word' id='word_1_439' title='bbox 2987 1956 3319 2023; x_wconf 83' lang='lat' dir='ltr'>exterritus,</span> <span class='ocrx_word' id='word_1_440' title='bbox 3356 1956 3498 2010; x_wconf 86' lang='lat' dir='ltr'>nihil</span> <span class='ocrx_word' id='word_1_441' title='bbox 3556 1955 3715 2009; x_wconf 90' lang='lat' dir='ltr'>aliud</span> 
     </span>
    </p>
   </div>
   <div class='ocr_carea' id='block_1_60' title="bbox 2061 2045 3719 2116">
    <p class='ocr_par' dir='ltr' id='par_1_60' title="bbox 2061 2045 3719 2116">
     <span class='ocr_line' id='line_1_60' title="bbox 2061 2045 3719 2116; baseline 0.002 -19"><span class='ocrx_word' id='word_1_442' title='bbox 2061 2061 2235 2114; x_wconf 86' lang='lat' dir='ltr'>quam</span> <span class='ocrx_word' id='word_1_443' title='bbox 2275 2045 2467 2101; x_wconf 89' lang='lat' dir='ltr'>fratris</span> <span class='ocrx_word' id='word_1_444' title='bbox 2490 2050 2611 2100; x_wconf 89' lang='lat' dir='ltr'>erat</span> <span class='ocrx_word' id='word_1_445' title='bbox 2633 2046 2891 2116; x_wconf 86' lang='lat' dir='ltr'>impetus</span> <span class='ocrx_word' id='word_1_446' title='bbox 2927 2045 3269 2116; x_wconf 89' lang='lat' dir='ltr'>amplcctite</span> <span class='ocrx_word' id='word_1_447' title='bbox 3286 2062 3499 2115; x_wconf 87' lang='lat' dir='ltr'>magno</span> <span class='ocrx_word' id='word_1_448' title='bbox 3518 2061 3719 2100; x_wconf 87' lang='lat' dir='ltr'>amore</span> 
     </span>
    </p>
   </div>
   <div class='ocr_carea' id='block_1_61' title="bbox 2059 2134 3710 2206">
    <p class='ocr_par' dir='ltr' id='par_1_61' title="bbox 2059 2134 3710 2206">
     <span class='ocr_line' id='line_1_61' title="bbox 2059 2134 3710 2206; baseline 0.001 -18"><span class='ocrx_word' id='word_1_449' title='bbox 2059 2135 2368 2206; x_wconf 87' lang='lat' dir='ltr'>cupientis.</span> <span class='ocrx_word' id='word_1_450' title='bbox 2396 2134 2669 2190; x_wconf 90' lang='lat' dir='ltr'>Pluribus</span> <span class='ocrx_word' id='word_1_451' title='bbox 2698 2153 2847 2206; x_wconf 88' lang='lat' dir='ltr'>opus</span> <span class='ocrx_word' id='word_1_452' title='bbox 2868 2152 2982 2189; x_wconf 89' lang='lat' dir='ltr'>non</span> <span class='ocrx_word' id='word_1_453' title='bbox 3009 2136 3206 2189; x_wconf 85' lang='lat' dir='ltr'>fuitad</span> <span class='ocrx_word' id='word_1_454' title='bbox 3247 2136 3710 2205; x_wconf 84' lang='lat' dir='ltr'>permovendum</span> 
     </span>
    </p>
   </div>
   <div class='ocr_carea' id='block_1_62' title="bbox 2061 2222 3712 2295">
    <p class='ocr_par' dir='ltr' id='par_1_62' title="bbox 2061 2222 3712 2295">
     <span class='ocr_line' id='line_1_62' title="bbox 2061 2222 3712 2295; baseline -0.001 -16"><span class='ocrx_word' id='word_1_455' title='bbox 2061 2224 2363 2295; x_wconf 89' lang='lat' dir='ltr'>stupidum</span> <span class='ocrx_word' id='word_1_456' title='bbox 2397 2224 2636 2292; x_wconf 89' lang='lat' dir='ltr'>animal,</span> <span class='ocrx_word' id='word_1_457' title='bbox 2659 2228 2721 2277; x_wconf 92' lang='lat' dir='ltr'>ut</span> <span class='ocrx_word' id='word_1_458' title='bbox 2745 2224 3024 2279; x_wconf 88' lang='lat' dir='ltr'>continuo</span> <span class='ocrx_word' id='word_1_459' title='bbox 3044 2224 3111 2278; x_wconf 91' lang='lat' dir='ltr'>ad</span> <span class='ocrx_word' id='word_1_460' title='bbox 3141 2223 3329 2278; x_wconf 88' lang='lat' dir='ltr'>locum</span> <span class='ocrx_word' id='word_1_461' title='bbox 3358 2225 3510 2277; x_wconf 73' lang='lat' dir='ltr'>unde</span> <span class='ocrx_word' id='word_1_462' title='bbox 3536 2222 3712 2277; x_wconf 89' lang='lat' dir='ltr'>modo</span> 
     </span>
    </p>
   </div>
   <div class='ocr_carea' id='block_1_63' title="bbox 2060 2313 3708 2386">
    <p class='ocr_par' dir='ltr' id='par_1_63' title="bbox 2060 2313 3708 2386">
     <span class='ocr_line' id='line_1_63' title="bbox 2060 2313 3708 2386; baseline -0.001 -18"><span class='ocrx_word' id='word_1_463' title='bbox 2060 2314 2151 2368; x_wconf 82' lang='lat' dir='ltr'>vix</span> <span class='ocrx_word' id='word_1_464' title='bbox 2180 2314 2377 2369; x_wconf 87' lang='lat' dir='ltr'>salvus</span> <span class='ocrx_word' id='word_1_465' title='bbox 2409 2315 2739 2386; x_wconf 86' lang='lat' dir='ltr'>aufugerat,</span> <span class='ocrx_word' id='word_1_466' title='bbox 2791 2314 2943 2369; x_wconf 92' lang='lat' dir='ltr'>ultro</span> <span class='ocrx_word' id='word_1_467' title='bbox 2990 2318 3401 2369; x_wconf 85' lang='lat' dir='ltr'>reverteretur.</span> <span class='ocrx_word' id='word_1_468' title='bbox 3438 2313 3566 2383; x_wconf 87' lang='lat' dir='ltr'>Ivit,</span> <span class='ocrx_word' id='word_1_469' title='bbox 3603 2316 3708 2369; x_wconf 90' lang='lat' dir='ltr'>ad-</span> 
     </span>
    </p>
   </div>
   <div class='ocr_carea' id='block_1_64' title="bbox 2061 2401 3713 2473">
    <p class='ocr_par' dir='ltr' id='par_1_64' title="bbox 2061 2401 3713 2473">
     <span class='ocr_line' id='line_1_64' title="bbox 2061 2401 3713 2473; baseline 0 -17"><span class='ocrx_word' id='word_1_470' title='bbox 2061 2403 2240 2457; x_wconf 89' lang='lat' dir='ltr'>movit</span> <span class='ocrx_word' id='word_1_471' title='bbox 2272 2420 2399 2458; x_wconf 90' lang='lat' dir='ltr'>sese</span> <span class='ocrx_word' id='word_1_472' title='bbox 2428 2402 2579 2458; x_wconf 91' lang='lat' dir='ltr'>leoni</span> <span class='ocrx_word' id='word_1_473' title='bbox 2610 2407 2728 2457; x_wconf 90' lang='lat' dir='ltr'>tam</span> <span class='ocrx_word' id='word_1_474' title='bbox 2762 2406 3033 2473; x_wconf 86' lang='lat' dir='ltr'>prope,ut</span> <span class='ocrx_word' id='word_1_475' title='bbox 3078 2401 3175 2456; x_wconf 91' lang='lat' dir='ltr'>ille</span> <span class='ocrx_word' id='word_1_476' title='bbox 3222 2401 3493 2472; x_wconf 88' lang='lat' dir='ltr'>quamvis</span> <span class='ocrx_word' id='word_1_477' title='bbox 3547 2403 3713 2456; x_wconf 83' lang='lat' dir='ltr'>infir-</span> 
     </span>
    </p>
   </div>
   <div class='ocr_carea' id='block_1_65' title="bbox 2060 2490 3720 2562">
    <p class='ocr_par' dir='ltr' id='par_1_65' title="bbox 2060 2490 3720 2562">
     <span class='ocr_line' id='line_1_65' title="bbox 2060 2490 3720 2562; baseline 0.001 -18"><span class='ocrx_word' id='word_1_478' title='bbox 2060 2507 2193 2546; x_wconf 91' lang='lat' dir='ltr'>mus</span> <span class='ocrx_word' id='word_1_479' title='bbox 2218 2490 2382 2544; x_wconf 88' lang='lat' dir='ltr'>facile</span> <span class='ocrx_word' id='word_1_480' title='bbox 2412 2490 2579 2545; x_wconf 93' lang='lat' dir='ltr'>illum</span> <span class='ocrx_word' id='word_1_481' title='bbox 2614 2507 2811 2562; x_wconf 82' lang='lat' dir='ltr'>ungue</span> <span class='ocrx_word' id='word_1_482' title='bbox 2844 2494 3177 2561; x_wconf 88' lang='lat' dir='ltr'>correptum</span> <span class='ocrx_word' id='word_1_483' title='bbox 3204 2490 3720 2561; x_wconf 86' lang='lat' dir='ltr'>dentejugularet.</span> 
     </span>
    </p>
   </div>
   <div class='ocr_carea' id='block_1_66' title="bbox 2060 2580 3730 2652">
    <p class='ocr_par' dir='ltr' id='par_1_66' title="bbox 2060 2580 3730 2652">
     <span class='ocr_line' id='line_1_66' title="bbox 2060 2580 3730 2652; baseline -0.001 -15"><span class='ocrx_word' id='word_1_484' title='bbox 2060 2582 2325 2637; x_wconf 87' lang='lat' dir='ltr'>Occisum</span> <span class='ocrx_word' id='word_1_485' title='bbox 2359 2580 2571 2636; x_wconf 89' lang='lat' dir='ltr'>deinde</span> <span class='ocrx_word' id='word_1_486' title='bbox 2602 2580 2761 2652; x_wconf 83' lang='lat' dir='ltr'>vulpi</span> <span class='ocrx_word' id='word_1_487' title='bbox 2794 2580 3057 2648; x_wconf 85' lang='lat' dir='ltr'>tradidit,</span> <span class='ocrx_word' id='word_1_488' title='bbox 3091 2580 3381 2634; x_wconf 89' lang='lat' dir='ltr'>mandans</span> <span class='ocrx_word' id='word_1_489' title='bbox 3411 2598 3580 2635; x_wconf 89' lang='lat' dir='ltr'>aures</span> <span class='ocrx_word' id='word_1_490' title='bbox 3612 2582 3730 2636; x_wconf 92' lang='lat' dir='ltr'>sibi</span> 
     </span>
    </p>
   </div>
   <div class='ocr_carea' id='block_1_67' title="bbox 2061 2670 3731 2740">
    <p class='ocr_par' dir='ltr' id='par_1_67' title="bbox 2061 2670 3731 2740">
     <span class='ocr_line' id='line_1_67' title="bbox 2061 2670 3731 2740; baseline 0 -15"><span class='ocrx_word' id='word_1_491' title='bbox 2061 2688 2127 2725; x_wconf 92' lang='lat' dir='ltr'>ac</span> <span class='ocrx_word' id='word_1_492' title='bbox 2152 2688 2252 2727; x_wconf 90' lang='lat' dir='ltr'>cor</span> <span class='ocrx_word' id='word_1_493' title='bbox 2276 2687 2344 2725; x_wconf 83' lang='lat' dir='ltr'>ex</span> <span class='ocrx_word' id='word_1_494' title='bbox 2377 2670 2655 2724; x_wconf 86' lang='lat' dir='ltr'>cadavere</span> <span class='ocrx_word' id='word_1_495' title='bbox 2690 2670 2943 2740; x_wconf 67' lang='lat' dir='ltr'>praecidi,</span> <span class='ocrx_word' id='word_1_496' title='bbox 2981 2684 3367 2740; x_wconf 90' lang='lat' dir='ltr'>seorsumque</span> <span class='ocrx_word' id='word_1_497' title='bbox 3425 2670 3637 2735; x_wconf 76' lang='lat' dir='ltr'>afferri,</span> <span class='ocrx_word' id='word_1_498' title='bbox 3666 2674 3731 2725; x_wconf 86' lang='lat' dir='ltr'>ut</span> 
     </span>
    </p>
   </div>
   <div class='ocr_carea' id='block_1_68' title="bbox 2063 2756 3728 2831">
    <p class='ocr_par' dir='ltr' id='par_1_68' title="bbox 2063 2756 3728 2831">
     <span class='ocr_line' id='line_1_68' title="bbox 2063 2756 3728 2831; baseline -0.001 -18"><span class='ocrx_word' id='word_1_499' title='bbox 2063 2758 2403 2831; x_wconf 70' lang='lat' dir='ltr'>praescripto</span> <span class='ocrx_word' id='word_1_500' title='bbox 2436 2759 2643 2813; x_wconf 92' lang='lat' dir='ltr'>medici</span> <span class='ocrx_word' id='word_1_501' title='bbox 2677 2758 3125 2828; x_wconf 89' lang='lat' dir='ltr'>obtemperaret.</span> <span class='ocrx_word' id='word_1_502' title='bbox 3162 2762 3374 2812; x_wconf 86' lang='lat' dir='ltr'>Astuta</span> <span class='ocrx_word' id='word_1_503' title='bbox 3419 2756 3728 2828; x_wconf 86' lang='lat' dir='ltr'>vulpecula</span> 
     </span>
    </p>
   </div>
   <div class='ocr_carea' id='block_1_69' title="bbox 2062 2846 3728 2917">
    <p class='ocr_par' dir='ltr' id='par_1_69' title="bbox 2062 2846 3728 2917">
     <span class='ocr_line' id='line_1_69' title="bbox 2062 2846 3728 2917; baseline -0.002 -14"><span class='ocrx_word' id='word_1_504' title='bbox 2062 2854 2291 2904; x_wconf 86' lang='lat' dir='ltr'>mortuo</span> <span class='ocrx_word' id='word_1_505' title='bbox 2327 2848 2492 2902; x_wconf 89' lang='lat' dir='ltr'>asino</span> <span class='ocrx_word' id='word_1_506' title='bbox 2525 2852 2688 2902; x_wconf 88' lang='lat' dir='ltr'>extra</span> <span class='ocrx_word' id='word_1_507' title='bbox 2734 2848 2920 2902; x_wconf 89' lang='lat' dir='ltr'>leonis</span> <span class='ocrx_word' id='word_1_508' title='bbox 2966 2851 3374 2917; x_wconf 91' lang='lat' dir='ltr'>conspectum,</span> <span class='ocrx_word' id='word_1_509' title='bbox 3427 2846 3592 2915; x_wconf 89' lang='lat' dir='ltr'>quasi</span> <span class='ocrx_word' id='word_1_510' title='bbox 3655 2847 3728 2901; x_wconf 91' lang='lat' dir='ltr'>ad</span> 
     </span>
    </p>
   </div>
   <div class='ocr_carea' id='block_1_70' title="bbox 2062 2934 3732 3008">
    <p class='ocr_par' dir='ltr' id='par_1_70' title="bbox 2062 2934 3732 3008">
     <span class='ocr_line' id='line_1_70' title="bbox 2062 2934 3732 3008; baseline -0.001 -17"><span class='ocrx_word' id='word_1_511' title='bbox 2062 2936 2504 3007; x_wconf 86' lang='lat' dir='ltr'>exsequendum</span> <span class='ocrx_word' id='word_1_512' title='bbox 2552 2937 2861 3008; x_wconf 87' lang='lat' dir='ltr'>imperata,</span> <span class='ocrx_word' id='word_1_513' title='bbox 2912 2939 3116 3002; x_wconf 91' lang='lat' dir='ltr'>tracto,</span> <span class='ocrx_word' id='word_1_514' title='bbox 3168 2934 3398 2989; x_wconf 87' lang='lat' dir='ltr'>decisas</span> <span class='ocrx_word' id='word_1_515' title='bbox 3445 2951 3614 2989; x_wconf 88' lang='lat' dir='ltr'>aures</span> <span class='ocrx_word' id='word_1_516' title='bbox 3673 2942 3732 2990; x_wconf 88' lang='lat' dir='ltr'>et</span> 
     </span>
    </p>
   </div>
   <div class='ocr_carea' id='block_1_71' title="bbox 2064 3023 3729 3095">
    <p class='ocr_par' dir='ltr' id='par_1_71' title="bbox 2064 3023 3729 3095">
     <span class='ocr_line' id='line_1_71' title="bbox 2064 3023 3729 3095; baseline -0.001 -15"><span class='ocrx_word' id='word_1_517' title='bbox 2064 3025 2333 3081; x_wconf 88' lang='lat' dir='ltr'>avulsum</span> <span class='ocrx_word' id='word_1_518' title='bbox 2358 3041 2389 3079; x_wconf 92' lang='lat' dir='ltr'>e</span> <span class='ocrx_word' id='word_1_519' title='bbox 2415 3028 2651 3095; x_wconf 89' lang='lat' dir='ltr'>pectore</span> <span class='ocrx_word' id='word_1_520' title='bbox 2681 3041 2779 3079; x_wconf 92' lang='lat' dir='ltr'>cor</span> <span class='ocrx_word' id='word_1_521' title='bbox 2811 3024 2940 3094; x_wconf 86' lang='lat' dir='ltr'>ipsa</span> <span class='ocrx_word' id='word_1_522' title='bbox 2972 3023 3333 3094; x_wconf 68' lang='lat' dir='ltr'>praevoravit,</span> <span class='ocrx_word' id='word_1_523' title='bbox 3362 3040 3548 3095; x_wconf 90' lang='lat' dir='ltr'>eoque</span> <span class='ocrx_word' id='word_1_524' title='bbox 3576 3025 3729 3079; x_wconf 85' lang='lat' dir='ltr'>facto</span> 
     </span>
    </p>
   </div>
   <div class='ocr_carea' id='block_1_72' title="bbox 2067 3110 3732 3181">
    <p class='ocr_par' dir='ltr' id='par_1_72' title="bbox 2067 3110 3732 3181">
     <span class='ocr_line' id='line_1_72' title="bbox 2067 3110 3732 3181; baseline -0.001 -13"><span class='ocrx_word' id='word_1_525' title='bbox 2067 3114 2136 3168; x_wconf 90' lang='lat' dir='ltr'>ad</span> <span class='ocrx_word' id='word_1_526' title='bbox 2172 3112 2399 3167; x_wconf 90' lang='lat' dir='ltr'>leonem</span> <span class='ocrx_word' id='word_1_527' title='bbox 2434 3129 2765 3181; x_wconf 90' lang='lat' dir='ltr'>recurrens,</span> <span class='ocrx_word' id='word_1_528' title='bbox 2800 3111 2948 3166; x_wconf 91' lang='lat' dir='ltr'>Mira</span> <span class='ocrx_word' id='word_1_529' title='bbox 2977 3126 3093 3179; x_wconf 91' lang='lat' dir='ltr'>res,</span> <span class='ocrx_word' id='word_1_530' title='bbox 3126 3111 3228 3178; x_wconf 90' lang='lat' dir='ltr'>ait,</span> <span class='ocrx_word' id='word_1_531' title='bbox 3261 3110 3382 3167; x_wconf 72' lang='lat' dir='ltr'>haec</span> <span class='ocrx_word' id='word_1_532' title='bbox 3404 3111 3593 3167; x_wconf 89' lang='lat' dir='ltr'>bestia</span> <span class='ocrx_word' id='word_1_533' title='bbox 3626 3128 3732 3167; x_wconf 89' lang='lat' dir='ltr'>nec</span> 
     </span>
    </p>
   </div>
   <div class='ocr_carea' id='block_1_73' title="bbox 2068 3201 3729 3272">
    <p class='ocr_par' dir='ltr' id='par_1_73' title="bbox 2068 3201 3729 3272">
     <span class='ocr_line' id='line_1_73' title="bbox 2068 3201 3729 3272; baseline 0.001 -16"><span class='ocrx_word' id='word_1_534' title='bbox 2068 3220 2167 3257; x_wconf 91' lang='lat' dir='ltr'>cor</span> <span class='ocrx_word' id='word_1_535' title='bbox 2198 3218 2302 3256; x_wconf 91' lang='lat' dir='ltr'>nec</span> <span class='ocrx_word' id='word_1_536' title='bbox 2324 3218 2495 3255; x_wconf 89' lang='lat' dir='ltr'>aures</span> <span class='ocrx_word' id='word_1_537' title='bbox 2527 3201 2703 3256; x_wconf 90' lang='lat' dir='ltr'>habet</span> <span class='ocrx_word' id='word_1_538' title='bbox 2737 3218 2750 3255; x_wconf 90' lang='lat'><strong><em>:</em></strong></span> <span class='ocrx_word' id='word_1_539' title='bbox 2800 3202 2953 3272; x_wconf 92' lang='lat' dir='ltr'>quod</span> <span class='ocrx_word' id='word_1_540' title='bbox 3006 3218 3346 3272; x_wconf 89' lang='lat' dir='ltr'>quanquam</span> <span class='ocrx_word' id='word_1_541' title='bbox 3400 3218 3557 3256; x_wconf 90' lang='lat' dir='ltr'>nunc</span> <span class='ocrx_word' id='word_1_542' title='bbox 3596 3218 3729 3257; x_wconf 92' lang='lat' dir='ltr'>sero</span> 
     </span>
    </p>
   </div>
   <div class='ocr_carea' id='block_1_74' title="bbox 2066 3289 3728 3362">
    <p class='ocr_par' dir='ltr' id='par_1_74' title="bbox 2066 3289 3728 3362">
     <span class='ocr_line' id='line_1_74' title="bbox 2066 3289 3728 3362; baseline 0.001 -17"><span class='ocrx_word' id='word_1_543' title='bbox 2066 3290 2589 3361; x_wconf 89' lang='lat' dir='ltr'>deprehendimus,</span> <span class='ocrx_word' id='word_1_544' title='bbox 2610 3297 2803 3344; x_wconf 88' lang='lat' dir='ltr'>lamen</span> <span class='ocrx_word' id='word_1_545' title='bbox 2828 3289 3256 3362; x_wconf 89' lang='lat' dir='ltr'>suspicarijam</span> <span class='ocrx_word' id='word_1_546' title='bbox 3283 3294 3456 3346; x_wconf 89' lang='lat' dir='ltr'>antea</span> <span class='ocrx_word' id='word_1_547' title='bbox 3474 3290 3689 3347; x_wconf 90' lang='lat' dir='ltr'>licebat</span> <span class='ocrx_word' id='word_1_548' title='bbox 3715 3310 3728 3346; x_wconf 92' lang='lat'>:</span> 
     </span>
    </p>
   </div>
   <div class='ocr_carea' id='block_1_75' title="bbox 2064 3378 3726 3452">
    <p class='ocr_par' dir='ltr' id='par_1_75' title="bbox 2064 3378 3726 3452">
     <span class='ocr_line' id='line_1_75' title="bbox 2064 3378 3726 3452; baseline 0.001 -18"><span class='ocrx_word' id='word_1_549' title='bbox 2064 3395 2371 3449; x_wconf 89' lang='lat' dir='ltr'>nunquam</span> <span class='ocrx_word' id='word_1_550' title='bbox 2403 3378 2586 3447; x_wconf 90' lang='lat' dir='ltr'>enim,</span> <span class='ocrx_word' id='word_1_551' title='bbox 2619 3379 2670 3434; x_wconf 91' lang='lat' dir='ltr'>si</span> <span class='ocrx_word' id='word_1_552' title='bbox 2701 3394 2801 3435; x_wconf 92' lang='lat' dir='ltr'>cor</span> <span class='ocrx_word' id='word_1_553' title='bbox 2832 3384 2890 3434; x_wconf 89' lang='lat' dir='ltr'>et</span> <span class='ocrx_word' id='word_1_554' title='bbox 2921 3395 3093 3435; x_wconf 91' lang='lat' dir='ltr'>aures</span> <span class='ocrx_word' id='word_1_555' title='bbox 3124 3379 3452 3448; x_wconf 89' lang='lat' dir='ltr'>habuisset,</span> <span class='ocrx_word' id='word_1_556' title='bbox 3486 3397 3726 3452; x_wconf 88' lang='lat' dir='ltr'>persua-</span> 
     </span>
    </p>
   </div>
   <div class='ocr_carea' id='block_1_76' title="bbox 2066 3468 3732 3540">
    <p class='ocr_par' dir='ltr' id='par_1_76' title="bbox 2066 3468 3732 3540">
     <span class='ocr_line' id='line_1_76' title="bbox 2066 3468 3732 3540; baseline 0.002 -18"><span class='ocrx_word' id='word_1_557' title='bbox 2066 3469 2324 3536; x_wconf 89' lang='lat' dir='ltr'>deretur,</span> <span class='ocrx_word' id='word_1_558' title='bbox 2379 3484 2515 3523; x_wconf 91' lang='lat' dir='ltr'>eum</span> <span class='ocrx_word' id='word_1_559' title='bbox 2576 3468 2748 3538; x_wconf 87' lang='lat' dir='ltr'>cujus</span> <span class='ocrx_word' id='word_1_560' title='bbox 2802 3468 2918 3523; x_wconf 89' lang='lat' dir='ltr'>vim</span> <span class='ocrx_word' id='word_1_561' title='bbox 2981 3474 3139 3525; x_wconf 91' lang='lat' dir='ltr'>esset</span> <span class='ocrx_word' id='word_1_562' title='bbox 3193 3473 3504 3540; x_wconf 84' lang='lat' dir='ltr'>expertus,</span> <span class='ocrx_word' id='word_1_563' title='bbox 3557 3472 3732 3539; x_wconf 91' lang='lat' dir='ltr'>cujus</span> 
     </span>
    </p>
   </div>
   <div class='ocr_carea' id='block_1_77' title="bbox 2066 3557 3735 3628">
    <p class='ocr_par' dir='ltr' id='par_1_77' title="bbox 2066 3557 3735 3628">
     <span class='ocr_line' id='line_1_77' title="bbox 2066 3557 3735 3628; baseline 0.002 -18"><span class='ocrx_word' id='word_1_564' title='bbox 2066 3557 2347 3612; x_wconf 90' lang='lat' dir='ltr'>infestum</span> <span class='ocrx_word' id='word_1_565' title='bbox 2382 3559 2641 3628; x_wconf 87' lang='lat' dir='ltr'>rugitum</span> <span class='ocrx_word' id='word_1_566' title='bbox 2676 3558 2961 3625; x_wconf 91' lang='lat' dir='ltr'>audisset,</span> <span class='ocrx_word' id='word_1_567' title='bbox 2989 3559 3226 3613; x_wconf 88' lang='lat' dir='ltr'>fratrem</span> <span class='ocrx_word' id='word_1_568' title='bbox 3260 3558 3372 3614; x_wconf 88' lang='lat' dir='ltr'>sibi</span> <span class='ocrx_word' id='word_1_569' title='bbox 3397 3575 3525 3614; x_wconf 93' lang='lat' dir='ltr'>esse</span> <span class='ocrx_word' id='word_1_570' title='bbox 3555 3559 3735 3613; x_wconf 84' lang='lat' dir='ltr'>bene-</span> 
     </span>
    </p>
   </div>
   <div class='ocr_carea' id='block_1_78' title="bbox 2064 3646 3734 3719">
    <p class='ocr_par' dir='ltr' id='par_1_78' title="bbox 2064 3646 3734 3719">
     <span class='ocr_line' id='line_1_78' title="bbox 2064 3646 3734 3719; baseline 0.001 -20"><span class='ocrx_word' id='word_1_571' title='bbox 2064 3648 2281 3701; x_wconf 89' lang='lat' dir='ltr'>volum.</span> <span class='ocrx_word' id='word_1_572' title='bbox 2319 3648 2398 3701; x_wconf 88' lang='lat' dir='ltr'>Ex</span> <span class='ocrx_word' id='word_1_573' title='bbox 2429 3647 2536 3701; x_wconf 91' lang='lat' dir='ltr'>hac</span> <span class='ocrx_word' id='word_1_574' title='bbox 2593 3646 2803 3702; x_wconf 91' lang='lat' dir='ltr'>fabella</span> <span class='ocrx_word' id='word_1_575' title='bbox 2836 3646 3153 3719; x_wconf 90' lang='lat' dir='ltr'>intelliges,</span> <span class='ocrx_word' id='word_1_576' title='bbox 3178 3664 3209 3701; x_wconf 92' lang='grc' dir='ltr'>ο</span> <span class='ocrx_word' id='word_1_577' title='bbox 3260 3649 3515 3713; x_wconf 90' lang='lat' dir='ltr'>testudo,</span> <span class='ocrx_word' id='word_1_578' title='bbox 3578 3649 3734 3702; x_wconf 89' lang='lat' dir='ltr'>stul-</span> 
     </span>
    </p>
   </div>
   <div class='ocr_carea' id='block_1_79' title="bbox 2063 3736 3733 3793">
    <p class='ocr_par' dir='ltr' id='par_1_79' title="bbox 2063 3736 3733 3793">
     <span class='ocr_line' id='line_1_79' title="bbox 2063 3736 3733 3793; baseline 0.001 -2"><span class='ocrx_word' id='word_1_579' title='bbox 2063 3737 2270 3791; x_wconf 88' lang='lat' dir='ltr'>tiorem</span> <span class='ocrx_word' id='word_1_580' title='bbox 2308 3754 2399 3791; x_wconf 89' lang='lat' dir='ltr'>me</span> <span class='ocrx_word' id='word_1_581' title='bbox 2430 3736 2595 3791; x_wconf 87' lang='lat' dir='ltr'>asino</span> <span class='ocrx_word' id='word_1_582' title='bbox 2630 3740 2894 3792; x_wconf 89' lang='lat' dir='ltr'>luturum</span> <span class='ocrx_word' id='word_1_583' title='bbox 2928 3738 2977 3792; x_wconf 90' lang='lat' dir='ltr'>si</span> <span class='ocrx_word' id='word_1_584' title='bbox 3009 3754 3102 3792; x_wconf 89' lang='lat' dir='ltr'>me</span> <span class='ocrx_word' id='word_1_585' title='bbox 3129 3737 3233 3791; x_wconf 90' lang='lat' dir='ltr'>tibi</span> <span class='ocrx_word' id='word_1_586' title='bbox 3279 3739 3349 3791; x_wconf 87' lang='lat' dir='ltr'>ad</span> <span class='ocrx_word' id='word_1_587' title='bbox 3410 3737 3733 3793; x_wconf 85' lang='lat' dir='ltr'>macellum</span> 
     </span>
    </p>
   </div>
   <div class='ocr_carea' id='block_1_80' title="bbox 2064 3825 3733 3897">
    <p class='ocr_par' dir='ltr' id='par_1_80' title="bbox 2064 3825 3733 3897">
     <span class='ocr_line' id='line_1_80' title="bbox 2064 3825 3733 3897; baseline 0.002 -19"><span class='ocrx_word' id='word_1_588' title='bbox 2064 3825 2336 3880; x_wconf 86' lang='lat' dir='ltr'>invitanti</span> <span class='ocrx_word' id='word_1_589' title='bbox 2371 3827 2689 3880; x_wconf 90' lang='lat' dir='ltr'>credorem.</span> <span class='ocrx_word' id='word_1_590' title='bbox 2725 3830 2832 3891; x_wconf 90' lang='lat' dir='ltr'>Ita,</span> <span class='ocrx_word' id='word_1_591' title='bbox 2862 3825 3117 3895; x_wconf 85' lang='lat' dir='ltr'>domine,</span> <span class='ocrx_word' id='word_1_592' title='bbox 3172 3826 3253 3880; x_wconf 87' lang='lat' dir='ltr'>ait</span> <span class='ocrx_word' id='word_1_593' title='bbox 3312 3826 3430 3894; x_wconf 86' lang='lat' dir='ltr'>regi</span> <span class='ocrx_word' id='word_1_594' title='bbox 3485 3842 3733 3897; x_wconf 87' lang='lat' dir='ltr'>gymno-</span> 
     </span>
    </p>
   </div>
   <div class='ocr_carea' id='block_1_81' title="bbox 2064 3914 3735 3985">
    <p class='ocr_par' dir='ltr' id='par_1_81' title="bbox 2064 3914 3735 3985">
     <span class='ocr_line' id='line_1_81' title="bbox 2064 3914 3735 3985; baseline 0 -16"><span class='ocrx_word' id='word_1_595' title='bbox 2064 3914 2333 3985; x_wconf 84' lang='lat' dir='ltr'>sophista</span> <span class='ocrx_word' id='word_1_596' title='bbox 2361 3931 2694 3969; x_wconf 88' lang='lat' dir='ltr'>sermonem</span> <span class='ocrx_word' id='word_1_597' title='bbox 2738 3914 3072 3981; x_wconf 90' lang='lat' dir='ltr'>absolvens,</span> <span class='ocrx_word' id='word_1_598' title='bbox 3094 3914 3194 3985; x_wconf 93' lang='lat' dir='ltr'>qui</span> <span class='ocrx_word' id='word_1_599' title='bbox 3231 3915 3603 3971; x_wconf 90' lang='lat' dir='ltr'>occasionem</span> <span class='ocrx_word' id='word_1_600' title='bbox 3649 3916 3735 3969; x_wconf 89' lang='lat' dir='ltr'>rei</span> 
     </span>
    </p>
   </div>
   <div class='ocr_carea' id='block_1_82' title="bbox 2062 4002 3738 4075">
    <p class='ocr_par' dir='ltr' id='par_1_82' title="bbox 2062 4002 3738 4075">
     <span class='ocr_line' id='line_1_82' title="bbox 2062 4002 3738 4075; baseline 0.001 -18"><span class='ocrx_word' id='word_1_601' title='bbox 2062 4008 2273 4075; x_wconf 70' lang='lat' dir='ltr'>Optata:</span> <span class='ocrx_word' id='word_1_602' title='bbox 2296 4004 2668 4058; x_wconf 66' lang='lat' dir='ltr'>conﬁciendae</span> <span class='ocrx_word' id='word_1_603' title='bbox 2690 4002 3138 4059; x_wconf 88' lang='lat' dir='ltr'>semeloblatam</span> <span class='ocrx_word' id='word_1_604' title='bbox 3174 4002 3324 4058; x_wconf 90' lang='lat' dir='ltr'>elabi</span> <span class='ocrx_word' id='word_1_605' title='bbox 3362 4003 3475 4059; x_wconf 91' lang='lat' dir='ltr'>sibi</span> <span class='ocrx_word' id='word_1_606' title='bbox 3500 4003 3738 4075; x_wconf 89' lang='lat' dir='ltr'>patiun-</span> 
     </span>
    </p>
   </div>
   <div class='ocr_carea' id='block_1_83' title="bbox 2062 4090 3423 4163">
    <p class='ocr_par' dir='ltr' id='par_1_83' title="bbox 2062 4090 3423 4163">
     <span class='ocr_line' id='line_1_83' title="bbox 2062 4090 3423 4163; baseline -0.001 -17"><span class='ocrx_word' id='word_1_607' title='bbox 2062 4096 2178 4160; x_wconf 89' lang='lat' dir='ltr'>tur,</span> <span class='ocrx_word' id='word_1_608' title='bbox 2210 4094 2427 4146; x_wconf 85' lang='lat' dir='ltr'>frustra</span> <span class='ocrx_word' id='word_1_609' title='bbox 2458 4090 2592 4145; x_wconf 91' lang='lat' dir='ltr'>dein</span> <span class='ocrx_word' id='word_1_610' title='bbox 2625 4091 2950 4146; x_wconf 89' lang='lat' dir='ltr'>revocanda</span> <span class='ocrx_word' id='word_1_611' title='bbox 2990 4090 3091 4147; x_wconf 90' lang='lat' dir='ltr'>illa</span> <span class='ocrx_word' id='word_1_612' title='bbox 3123 4098 3423 4163; x_wconf 85' lang='lat' dir='ltr'>satagunt.</span> 
     </span>
    </p>
   </div>
   <div class='ocr_carea' id='block_1_84' title="bbox 1463 4432 2544 4505">
    <p class='ocr_par' dir='ltr' id='par_1_84' title="bbox 1463 4432 2544 4505">
     <span class='ocr_line' id='line_1_84' title="bbox 1463 4432 2544 4505; baseline -0.003 0"><span class='ocrx_word' id='word_1_613' title='bbox 1463 4447 1943 4505; x_wconf 83' lang='lat' dir='ltr'>DlSSERTATIO</span> <span class='ocrx_word' id='word_1_614' title='bbox 1975 4432 2414 4503; x_wconf 86' lang='lat' dir='ltr'>PARABOLICA</span> <span class='ocrx_word' id='word_1_615' title='bbox 2449 4449 2544 4504; x_wconf 81' lang='lat' dir='ltr'>v1.</span> 
     </span>
    </p>
   </div>
   <div class='ocr_carea' id='block_1_85' title="bbox 312 4555 3735 4697">
    <p class='ocr_par' dir='ltr' id='par_1_85' title="bbox 312 4555 3735 4697">
     <span class='ocr_line' id='line_1_85' title="bbox 312 4555 3735 4697; baseline -0.002 -69"><span class='ocrx_word' id='word_1_616' title='bbox 312 4567 587 4628; x_wconf 31' lang='lat' dir='ltr'>’udibrz&#39;o</span> <span class='ocrx_word' id='word_1_617' title='bbox 617 4564 864 4645; x_wconf 73' lang='lat' dir='ltr'>exponit</span> <span class='ocrx_word' id='word_1_618' title='bbox 919 4563 1481 4643; x_wconf 64' lang='lat' dir='ltr'>praa/estznalz‘onem</span> <span class='ocrx_word' id='word_1_619' title='bbox 1504 4558 1750 4617; x_wconf 72' lang='lat' dir='ltr'>otiosam</span> <span class='ocrx_word' id='word_1_620' title='bbox 1788 4555 2140 4697; x_wconf 41' lang='lat' dir='ltr'>longinqua.</span> <span class='ocrx_word' id='word_1_621' title='bbox 2163 4566 2218 4617; x_wconf 82' lang='lat' dir='ltr'>et</span> <span class='ocrx_word' id='word_1_622' title='bbox 2263 4559 2489 4619; x_wconf 75' lang='lat' dir='ltr'>incerta</span> <span class='ocrx_word' id='word_1_623' title='bbox 2535 4559 3078 4639; x_wconf 67' lang='lat' dir='ltr'>prwoccupantium</span> <span class='ocrx_word' id='word_1_624' title='bbox 3120 4560 3512 4639; x_wconf 62' lang='lat' dir='ltr'>prmaentz’bus</span> <span class='ocrx_word' id='word_1_625' title='bbox 3568 4560 3735 4621; x_wconf 80' lang='lat' dir='ltr'>curis</span> 
     </span>
     <span class='ocr_line' id='line_1_86' title="bbox 1860 4647 2159 4697; baseline 0 0"><span class='ocrx_word' id='word_1_626' title='bbox 1860 4656 1997 4697; x_wconf 83' lang='lat' dir='ltr'>amn</span> <span class='ocrx_word' id='word_1_627' title='bbox 2024 4647 2159 4697; x_wconf 72' lang='lat' dir='ltr'>cett.</span> 
     </span>
    </p>
   </div>
   <div class='ocr_carea' id='block_1_86' title="bbox 1860 4647 2159 4718">
    <p class='ocr_par' dir='ltr' id='par_1_86' title="bbox 1860 4647 2159 4718">
     <span class='ocr_line' id='line_1_87' title="bbox 1860 4647 2159 4718; baseline 0.003 -21"><span class='ocrx_word' id='word_1_628' title='bbox 1860 4656 1997 4718; x_wconf 84' lang='lat' dir='ltr'>amp</span> <span class='ocrx_word' id='word_1_629' title='bbox 2005 4647 2159 4698; x_wconf 64' lang='lat' dir='ltr'>lecti.</span> 
     </span>
    </p>
   </div>
   <div class='ocr_carea' id='block_1_87' title="bbox 366 4761 3733 4836">
    <p class='ocr_par' dir='ltr' id='par_1_87' title="bbox 366 4761 3733 4836">
     <span class='ocr_line' id='line_1_88' title="bbox 366 4761 3733 4836; baseline -0.001 -10"><span class='ocrx_word' id='word_1_630' title='bbox 366 4776 550 4836; x_wconf 88' lang='lat' dir='ltr'>Quam</span> <span class='ocrx_word' id='word_1_631' title='bbox 579 4786 816 4834; x_wconf 90' lang='lat' dir='ltr'>vanum,</span> <span class='ocrx_word' id='word_1_632' title='bbox 852 4766 1102 4823; x_wconf 89' lang='lat' dir='ltr'>stultum</span> <span class='ocrx_word' id='word_1_633' title='bbox 1133 4769 1190 4820; x_wconf 91' lang='lat' dir='ltr'>et</span> <span class='ocrx_word' id='word_1_634' title='bbox 1220 4764 1515 4818; x_wconf 90' lang='lat' dir='ltr'>interdum</span> <span class='ocrx_word' id='word_1_635' title='bbox 1575 4761 1813 4817; x_wconf 85' lang='lat' dir='ltr'>noxium</span> <span class='ocrx_word' id='word_1_636' title='bbox 1847 4762 1945 4829; x_wconf 88' lang='lat' dir='ltr'>sit,</span> <span class='ocrx_word' id='word_1_637' title='bbox 1981 4765 2023 4827; x_wconf 89' lang='lat' dir='ltr'><strong>D</strong></span> <span class='ocrx_word' id='word_1_638' title='bbox 2059 4778 2230 4817; x_wconf 91' lang='lat' dir='ltr'>suum</span> <span class='ocrx_word' id='word_1_639' title='bbox 2263 4764 2578 4833; x_wconf 89' lang='lat' dir='ltr'>quemdam</span> <span class='ocrx_word' id='word_1_640' title='bbox 2612 4767 2670 4818; x_wconf 89' lang='lat' dir='ltr'>et</span> <span class='ocrx_word' id='word_1_641' title='bbox 2700 4764 2926 4836; x_wconf 89' lang='lat' dir='ltr'>vulgari</span> <span class='ocrx_word' id='word_1_642' title='bbox 2960 4764 3139 4821; x_wconf 89' lang='lat' dir='ltr'>aitius</span> <span class='ocrx_word' id='word_1_643' title='bbox 3176 4766 3351 4820; x_wconf 91' lang='lat' dir='ltr'>modo</span> <span class='ocrx_word' id='word_1_644' title='bbox 3401 4765 3733 4836; x_wconf 86' lang='lat' dir='ltr'>sapientem</span> 
     </span>
    </p>
   </div>
   <div class='ocr_carea' id='block_1_88' title="bbox 296 4851 1951 4933">
    <p class='ocr_par' dir='ltr' id='par_1_88' title="bbox 296 4851 1951 4933">
     <span class='ocr_line' id='line_1_89' title="bbox 296 4851 1951 4933; baseline -0.007 -15"><span class='ocrx_word' id='word_1_645' title='bbox 296 4862 692 4933; x_wconf 67' lang='lat' dir='ltr'>przefestinare</span> <span class='ocrx_word' id='word_1_646' title='bbox 720 4858 894 4924; x_wconf 87' lang='lat' dir='ltr'>votis,</span> <span class='ocrx_word' id='word_1_647' title='bbox 928 4861 986 4912; x_wconf 88' lang='lat' dir='ltr'>et</span> <span class='ocrx_word' id='word_1_648' title='bbox 1023 4855 1182 4910; x_wconf 91' lang='lat' dir='ltr'>inani</span> <span class='ocrx_word' id='word_1_649' title='bbox 1212 4852 1607 4909; x_wconf 88' lang='lat' dir='ltr'>destinatione</span> <span class='ocrx_word' id='word_1_650' title='bbox 1640 4851 1951 4907; x_wconf 88' lang='lat' dir='ltr'>imminere</span> 
     </span>
    </p>
   </div>
   <div class='ocr_carea' id='block_1_89' title="bbox 294 4941 1947 5019">
    <p class='ocr_par' dir='ltr' id='par_1_89' title="bbox 294 4941 1947 5019">
     <span class='ocr_line' id='line_1_90' title="bbox 294 4941 1947 5019; baseline -0.005 -14"><span class='ocrx_word' id='word_1_651' title='bbox 294 4951 667 5006; x_wconf 82' lang='lat' dir='ltr'>successibus</span> <span class='ocrx_word' id='word_1_652' title='bbox 698 4948 870 5019; x_wconf 87' lang='lat' dir='ltr'>longe</span> <span class='ocrx_word' id='word_1_653' title='bbox 904 4945 1096 5000; x_wconf 89' lang='lat' dir='ltr'>adhuc</span> <span class='ocrx_word' id='word_1_654' title='bbox 1128 4944 1186 4997; x_wconf 92' lang='lat' dir='ltr'>in</span> <span class='ocrx_word' id='word_1_655' title='bbox 1220 4943 1484 4997; x_wconf 87' lang='lat' dir='ltr'>futurum</span> <span class='ocrx_word' id='word_1_656' title='bbox 1533 4941 1947 5012; x_wconf 89' lang='lat' dir='ltr'>pendentibus.</span> 
     </span>
    </p>
   </div>
   <div class='ocr_carea' id='block_1_90' title="bbox 292 5029 1947 5110">
    <p class='ocr_par' dir='ltr' id='par_1_90' title="bbox 292 5029 1947 5110">
     <span class='ocr_line' id='line_1_91' title="bbox 292 5029 1947 5110; baseline -0.005 -19"><span class='ocrx_word' id='word_1_657' title='bbox 292 5058 357 5093; x_wconf 85' lang='lat' dir='ltr'>ac</span> <span class='ocrx_word' id='word_1_658' title='bbox 394 5058 492 5095; x_wconf 88' lang='lat' dir='ltr'>eos</span> <span class='ocrx_word' id='word_1_659' title='bbox 536 5056 639 5110; x_wconf 90' lang='lat' dir='ltr'>spe</span> <span class='ocrx_word' id='word_1_660' title='bbox 687 5035 1019 5110; x_wconf 89' lang='lat' dir='ltr'>impatienti</span> <span class='ocrx_word' id='word_1_661' title='bbox 1071 5034 1405 5106; x_wconf 62' lang='lat' dir='ltr'>praecipere,</span> <span class='ocrx_word' id='word_1_662' title='bbox 1466 5029 1785 5086; x_wconf 88' lang='lat' dir='ltr'>declaravit</span> <span class='ocrx_word' id='word_1_663' title='bbox 1842 5030 1947 5085; x_wconf 88' lang='lat' dir='ltr'>ali-</span> 
     </span>
    </p>
   </div>
   <div class='ocr_carea' id='block_1_91' title="bbox 294 5118 1947 5197">
    <p class='ocr_par' dir='ltr' id='par_1_91' title="bbox 294 5118 1947 5197">
     <span class='ocr_line' id='line_1_92' title="bbox 294 5118 1947 5197; baseline -0.004 -17"><span class='ocrx_word' id='word_1_664' title='bbox 294 5128 529 5197; x_wconf 82' lang='lat' dir='ltr'>quando</span> <span class='ocrx_word' id='word_1_665' title='bbox 560 5127 653 5180; x_wconf 89' lang='lat' dir='ltr'>his</span> <span class='ocrx_word' id='word_1_666' title='bbox 686 5123 967 5197; x_wconf 85' lang='lat' dir='ltr'>exemplis</span> <span class='ocrx_word' id='word_1_667' title='bbox 1001 5119 1491 5196; x_wconf 82' lang='lat' dir='ltr'>gymnosophista</span> <span class='ocrx_word' id='word_1_668' title='bbox 1520 5118 1641 5190; x_wconf 89' lang='lat' dir='ltr'>regi</span> <span class='ocrx_word' id='word_1_669' title='bbox 1692 5119 1947 5174; x_wconf 81' lang='lat' dir='ltr'>Abessa-</span> 
     </span>
    </p>
   </div>
   <div class='ocr_carea' id='block_1_92' title="bbox 295 5206 1947 5283">
    <p class='ocr_par' dir='ltr' id='par_1_92' title="bbox 295 5206 1947 5283">
     <span class='ocr_line' id='line_1_93' title="bbox 295 5206 1947 5283; baseline -0.004 -15"><span class='ocrx_word' id='word_1_670' title='bbox 295 5217 467 5281; x_wconf 88' lang='lat' dir='ltr'>lome,</span> <span class='ocrx_word' id='word_1_671' title='bbox 501 5216 694 5269; x_wconf 91' lang='lat' dir='ltr'>doceri</span> <span class='ocrx_word' id='word_1_672' title='bbox 736 5216 806 5270; x_wconf 92' lang='lat' dir='ltr'>de</span> <span class='ocrx_word' id='word_1_673' title='bbox 852 5214 963 5268; x_wconf 89' lang='lat' dir='ltr'>hoc</span> <span class='ocrx_word' id='word_1_674' title='bbox 1027 5213 1154 5283; x_wconf 91' lang='lat' dir='ltr'>ipso</span> <span class='ocrx_word' id='word_1_675' title='bbox 1201 5208 1549 5281; x_wconf 87' lang='lat' dir='ltr'>postulanti,</span> <span class='ocrx_word' id='word_1_676' title='bbox 1610 5206 1859 5278; x_wconf 90' lang='lat' dir='ltr'>loquens</span> <span class='ocrx_word' id='word_1_677' title='bbox 1887 5206 1947 5262; x_wconf 91' lang='lat' dir='ltr'>in</span> 
     </span>
    </p>
   </div>
   <div class='ocr_carea' id='block_1_93' title="bbox 296 5303 760 5367">
    <p class='ocr_par' dir='ltr' id='par_1_93' title="bbox 296 5303 760 5367">
     <span class='ocr_line' id='line_1_94' title="bbox 296 5303 760 5367; baseline -0.006 -8"><span class='ocrx_word' id='word_1_678' title='bbox 296 5307 451 5359; x_wconf 88' lang='lat' dir='ltr'>hunc</span> <span class='ocrx_word' id='word_1_679' title='bbox 478 5303 718 5357; x_wconf 91' lang='lat' dir='ltr'>modum</span> <span class='ocrx_word' id='word_1_680' title='bbox 745 5321 760 5367; x_wconf 87' lang='lat'><strong>;</strong></span> 
     </span>
    </p>
   </div>
   <div class='ocr_carea' id='block_1_94' title="bbox 368 5384 1948 5461">
    <p class='ocr_par' dir='ltr' id='par_1_94' title="bbox 368 5384 1948 5461">
     <span class='ocr_line' id='line_1_95' title="bbox 368 5384 1948 5461; baseline -0.006 -12"><span class='ocrx_word' id='word_1_681' title='bbox 368 5398 408 5449; x_wconf 92' lang='grc' dir='ltr'><strong>Ι.</strong></span> <span class='ocrx_word' id='word_1_682' title='bbox 446 5393 548 5447; x_wconf 88' lang='lat' dir='ltr'>Vir</span> <span class='ocrx_word' id='word_1_683' title='bbox 577 5391 814 5461; x_wconf 89' lang='lat' dir='ltr'>quidam</span> <span class='ocrx_word' id='word_1_684' title='bbox 864 5390 1067 5459; x_wconf 69' lang='lat' dir='ltr'>puellas</span> <span class='ocrx_word' id='word_1_685' title='bbox 1127 5389 1238 5443; x_wconf 93' lang='lat' dir='ltr'>sibi</span> <span class='ocrx_word' id='word_1_686' title='bbox 1292 5387 1452 5459; x_wconf 86' lang='lat' dir='ltr'>paris</span> <span class='ocrx_word' id='word_1_687' title='bbox 1512 5385 1627 5439; x_wconf 88' lang='lat' dir='ltr'>ritu</span> <span class='ocrx_word' id='word_1_688' title='bbox 1688 5384 1948 5455; x_wconf 86' lang='lat' dir='ltr'>legitimo</span> 
     </span>
    </p>
   </div>
   <div class='ocr_carea' id='block_1_95' title="bbox 296 5476 1946 5555">
    <p class='ocr_par' dir='ltr' id='par_1_95' title="bbox 296 5476 1946 5555">
     <span class='ocr_line' id='line_1_96' title="bbox 296 5476 1946 5555; baseline -0.005 -16"><span class='ocrx_word' id='word_1_689' title='bbox 296 5484 639 5555; x_wconf 84' lang='lat' dir='ltr'>conjugium</span> <span class='ocrx_word' id='word_1_690' title='bbox 674 5480 965 5545; x_wconf 88' lang='lat' dir='ltr'>ambiens,</span> <span class='ocrx_word' id='word_1_691' title='bbox 996 5480 1443 5549; x_wconf 88' lang='lat' dir='ltr'>impetratojam</span> <span class='ocrx_word' id='word_1_692' title='bbox 1459 5476 1530 5531; x_wconf 91' lang='lat' dir='ltr'>ad</span> <span class='ocrx_word' id='word_1_693' title='bbox 1552 5476 1608 5529; x_wconf 92' lang='lat' dir='ltr'>id</span> <span class='ocrx_word' id='word_1_694' title='bbox 1634 5480 1946 5545; x_wconf 89' lang='lat' dir='ltr'>parentum</span> 
     </span>
    </p>
   </div>
   <div class='ocr_carea' id='block_1_96' title="bbox 296 5564 1946 5643">
    <p class='ocr_par' dir='ltr' id='par_1_96' title="bbox 296 5564 1946 5643">
     <span class='ocr_line' id='line_1_97' title="bbox 296 5564 1946 5643; baseline -0.004 -18"><span class='ocrx_word' id='word_1_695' title='bbox 296 5573 538 5643; x_wconf 80' lang='lat' dir='ltr'>virginis</span> <span class='ocrx_word' id='word_1_696' title='bbox 586 5586 861 5635; x_wconf 90' lang='lat' dir='ltr'>assensu,</span> <span class='ocrx_word' id='word_1_697' title='bbox 919 5569 1059 5622; x_wconf 85' lang='lat' dir='ltr'>dum</span> <span class='ocrx_word' id='word_1_698' title='bbox 1122 5585 1291 5622; x_wconf 90' lang='lat' dir='ltr'>sacra</span> <span class='ocrx_word' id='word_1_699' title='bbox 1321 5564 1609 5637; x_wconf 89' lang='lat' dir='ltr'>nuptialia</span> <span class='ocrx_word' id='word_1_700' title='bbox 1639 5569 1946 5635; x_wconf 83' lang='lat' dir='ltr'>parantur,</span> 
     </span>
    </p>
   </div>
   <div class='ocr_carea' id='block_1_97' title="bbox 296 5651 1949 5729">
    <p class='ocr_par' dir='ltr' id='par_1_97' title="bbox 296 5651 1949 5729">
     <span class='ocr_line' id='line_1_98' title="bbox 296 5651 1949 5729; baseline -0.004 -16"><span class='ocrx_word' id='word_1_701' title='bbox 296 5662 556 5714; x_wconf 91' lang='lat' dir='ltr'>nondum</span> <span class='ocrx_word' id='word_1_702' title='bbox 578 5654 1481 5729; x_wconf 88' lang='lat' dir='ltr'>conscriptismatrimonialibus</span> <span class='ocrx_word' id='word_1_703' title='bbox 1513 5651 1752 5720; x_wconf 86' lang='lat' dir='ltr'>tabulis,</span> <span class='ocrx_word' id='word_1_704' title='bbox 1784 5653 1949 5725; x_wconf 92' lang='lat' dir='ltr'>cupi-</span> 
     </span>
    </p>
   </div>
   <div class='ocr_carea' id='block_1_98' title="bbox 297 5741 1950 5813">
    <p class='ocr_par' dir='ltr' id='par_1_98' title="bbox 297 5741 1950 5813">
     <span class='ocr_line' id='line_1_99' title="bbox 297 5741 1950 5813; baseline -0.002 -12"><span class='ocrx_word' id='word_1_705' title='bbox 297 5748 409 5802; x_wconf 92' lang='lat' dir='ltr'>dus</span> <span class='ocrx_word' id='word_1_706' title='bbox 438 5748 771 5804; x_wconf 84' lang='lat' dir='ltr'>ostentandi</span> <span class='ocrx_word' id='word_1_707' title='bbox 806 5746 1016 5800; x_wconf 75' lang='lat' dir='ltr'>futuris</span> <span class='ocrx_word' id='word_1_708' title='bbox 1067 5742 1233 5799; x_wconf 83' lang='lat' dir='ltr'>uxori</span> <span class='ocrx_word' id='word_1_709' title='bbox 1292 5742 1601 5813; x_wconf 89' lang='lat' dir='ltr'>providum</span> <span class='ocrx_word' id='word_1_710' title='bbox 1658 5741 1950 5811; x_wconf 87' lang='lat' dir='ltr'>exquisite</span> 
     </span>
    </p>
   </div>
   <div class='ocr_carea' id='block_1_99' title="bbox 2064 4852 3729 4923">
    <p class='ocr_par' dir='ltr' id='par_1_99' title="bbox 2064 4852 3729 4923">
     <span class='ocr_line' id='line_1_100' title="bbox 2064 4852 3729 4923; baseline 0.002 -17"><span class='ocrx_word' id='word_1_711' title='bbox 2064 4853 2352 4919; x_wconf 87' lang='lat' dir='ltr'>animum,</span> <span class='ocrx_word' id='word_1_712' title='bbox 2386 4864 2664 4923; x_wconf 88' lang='lat' dir='ltr'>sponsam</span> <span class='ocrx_word' id='word_1_713' title='bbox 2698 4853 2904 4909; x_wconf 92' lang='lat' dir='ltr'>adiens</span> <span class='ocrx_word' id='word_1_714' title='bbox 2926 4853 3010 4908; x_wconf 90' lang='lat' dir='ltr'>sic</span> <span class='ocrx_word' id='word_1_715' title='bbox 3033 4871 3159 4909; x_wconf 91' lang='lat' dir='ltr'>eam</span> <span class='ocrx_word' id='word_1_716' title='bbox 3185 4854 3368 4909; x_wconf 89' lang='lat' dir='ltr'>fertur</span> <span class='ocrx_word' id='word_1_717' title='bbox 3404 4852 3729 4909; x_wconf 88' lang='lat' dir='ltr'>allocutus:</span> 
     </span>
    </p>
   </div>
   <div class='ocr_carea' id='block_1_100' title="bbox 2060 4941 3732 5014">
    <p class='ocr_par' dir='ltr' id='par_1_100' title="bbox 2060 4941 3732 5014">
     <span class='ocr_line' id='line_1_101' title="bbox 2060 4941 3732 5014; baseline 0.004 -22"><span class='ocrx_word' id='word_1_718' title='bbox 2060 4944 2141 4994; x_wconf 84' lang='lat' dir='ltr'>Ex</span> <span class='ocrx_word' id='word_1_719' title='bbox 2171 4946 2371 4996; x_wconf 90' lang='lat' dir='ltr'>nostro</span> <span class='ocrx_word' id='word_1_720' title='bbox 2402 4941 2675 5013; x_wconf 89' lang='lat' dir='ltr'>conjugio</span> <span class='ocrx_word' id='word_1_721' title='bbox 2706 4942 2805 5012; x_wconf 92' lang='lat' dir='ltr'>qui</span> <span class='ocrx_word' id='word_1_722' title='bbox 2849 4942 3075 5012; x_wconf 90' lang='lat' dir='ltr'>primus</span> <span class='ocrx_word' id='word_1_723' title='bbox 3113 4948 3386 4999; x_wconf 88' lang='lat' dir='ltr'>nascetur</span> <span class='ocrx_word' id='word_1_724' title='bbox 3421 4943 3732 5014; x_wconf 84' lang='lat' dir='ltr'>iilius,jam</span> 
     </span>
    </p>
   </div>
   <div class='ocr_carea' id='block_1_101' title="bbox 2061 5029 3735 5105">
    <p class='ocr_par' dir='ltr' id='par_1_101' title="bbox 2061 5029 3735 5105">
     <span class='ocr_line' id='line_1_102' title="bbox 2061 5029 3735 5105; baseline 0.002 -21"><span class='ocrx_word' id='word_1_725' title='bbox 2061 5045 2219 5084; x_wconf 89' lang='lat' dir='ltr'>nunc</span> <span class='ocrx_word' id='word_1_726' title='bbox 2248 5030 2350 5100; x_wconf 84' lang='lat' dir='ltr'>qui</span> <span class='ocrx_word' id='word_1_727' title='bbox 2390 5029 2582 5084; x_wconf 84' lang='lat' dir='ltr'>vocari</span> <span class='ocrx_word' id='word_1_728' title='bbox 2629 5030 2774 5085; x_wconf 87' lang='lat' dir='ltr'>velis</span> <span class='ocrx_word' id='word_1_729' title='bbox 2806 5048 2875 5086; x_wconf 81' lang='lat' dir='ltr'>ex</span> <span class='ocrx_word' id='word_1_730' title='bbox 2922 5035 2978 5086; x_wconf 91' lang='lat' dir='ltr'>te</span> <span class='ocrx_word' id='word_1_731' title='bbox 3031 5031 3182 5087; x_wconf 89' lang='lat' dir='ltr'>scire</span> <span class='ocrx_word' id='word_1_732' title='bbox 3244 5033 3440 5105; x_wconf 90' lang='lat' dir='ltr'>cupio.</span> <span class='ocrx_word' id='word_1_733' title='bbox 3505 5032 3735 5097; x_wconf 85' lang='lat' dir='ltr'>Quibus</span> 
     </span>
    </p>
   </div>
   <div class='ocr_carea' id='block_1_102' title="bbox 2061 5120 3735 5194">
    <p class='ocr_par' dir='ltr' id='par_1_102' title="bbox 2061 5120 3735 5194">
     <span class='ocr_line' id='line_1_103' title="bbox 2061 5120 3735 5194; baseline 0.002 -19"><span class='ocrx_word' id='word_1_734' title='bbox 2061 5121 2274 5191; x_wconf 89' lang='lat' dir='ltr'>pannis</span> <span class='ocrx_word' id='word_1_735' title='bbox 2307 5127 2361 5175; x_wconf 87' lang='lat' dir='ltr'>et</span> <span class='ocrx_word' id='word_1_736' title='bbox 2393 5120 2564 5191; x_wconf 89' lang='lat' dir='ltr'>cujus</span> <span class='ocrx_word' id='word_1_737' title='bbox 2595 5121 2979 5178; x_wconf 88' lang='lat' dir='ltr'>colorisveste</span> <span class='ocrx_word' id='word_1_738' title='bbox 3002 5122 3086 5177; x_wconf 85' lang='lat' dir='ltr'>uti</span> <span class='ocrx_word' id='word_1_739' title='bbox 3113 5138 3247 5177; x_wconf 90' lang='lat' dir='ltr'>eum</span> <span class='ocrx_word' id='word_1_740' title='bbox 3282 5123 3479 5193; x_wconf 88' lang='lat' dir='ltr'>malis,</span> <span class='ocrx_word' id='word_1_741' title='bbox 3505 5140 3735 5194; x_wconf 70' lang='lat' dir='ltr'>quaeso,</span> 
     </span>
    </p>
   </div>
   <div class='ocr_carea' id='block_1_103' title="bbox 2061 5209 3738 5281">
    <p class='ocr_par' dir='ltr' id='par_1_103' title="bbox 2061 5209 3738 5281">
     <span class='ocr_line' id='line_1_104' title="bbox 2061 5209 3738 5281; baseline 0.002 -19"><span class='ocrx_word' id='word_1_742' title='bbox 2061 5209 2275 5274; x_wconf 84' lang='lat' dir='ltr'>indica,</span> <span class='ocrx_word' id='word_1_743' title='bbox 2301 5209 2743 5279; x_wconf 89' lang='lat' dir='ltr'>quamprimum</span> <span class='ocrx_word' id='word_1_744' title='bbox 2765 5210 2921 5265; x_wconf 89' lang='lat' dir='ltr'>enim</span> <span class='ocrx_word' id='word_1_745' title='bbox 2939 5210 3190 5281; x_wconf 89' lang='lat' dir='ltr'>parabo;</span> <span class='ocrx_word' id='word_1_746' title='bbox 3213 5212 3539 5267; x_wconf 90' lang='lat' dir='ltr'>conducam</span> <span class='ocrx_word' id='word_1_747' title='bbox 3560 5211 3738 5266; x_wconf 85' lang='lat' dir='ltr'>etiam</span> 
     </span>
    </p>
   </div>
   <div class='ocr_carea' id='block_1_104' title="bbox 2050 5297 3733 5372">
    <p class='ocr_par' dir='ltr' id='par_1_104' title="bbox 2050 5297 3733 5372">
     <span class='ocr_line' id='line_1_105' title="bbox 2050 5297 3733 5372; baseline 0.001 -20"><span class='ocrx_word' id='word_1_748' title='bbox 2050 5300 2176 5369; x_wconf 88' lang='lat' dir='ltr'>jam</span> <span class='ocrx_word' id='word_1_749' title='bbox 2210 5297 2321 5369; x_wconf 90' lang='lat' dir='ltr'>ipsi</span> <span class='ocrx_word' id='word_1_750' title='bbox 2354 5297 2676 5355; x_wconf 89' lang='lat' dir='ltr'>nutricium</span> <span class='ocrx_word' id='word_1_751' title='bbox 2704 5316 2717 5353; x_wconf 90' lang='lat'><strong>:</strong></span> <span class='ocrx_word' id='word_1_752' title='bbox 2752 5304 2967 5355; x_wconf 91' lang='lat' dir='ltr'>etcum</span> <span class='ocrx_word' id='word_1_753' title='bbox 3001 5300 3127 5356; x_wconf 92' lang='lat' dir='ltr'>ludi</span> <span class='ocrx_word' id='word_1_754' title='bbox 3151 5301 3435 5372; x_wconf 87' lang='lat' dir='ltr'>magistro</span> <span class='ocrx_word' id='word_1_755' title='bbox 3458 5301 3733 5356; x_wconf 87' lang='lat' dir='ltr'>cuicom-</span> 
     </span>
    </p>
   </div>
   <div class='ocr_carea' id='block_1_105' title="bbox 2062 5386 3735 5461">
    <p class='ocr_par' dir='ltr' id='par_1_105' title="bbox 2062 5386 3735 5461">
     <span class='ocr_line' id='line_1_106' title="bbox 2062 5386 3735 5461; baseline -0.001 -20"><span class='ocrx_word' id='word_1_756' title='bbox 2062 5387 2384 5442; x_wconf 89' lang='lat' dir='ltr'>mittendus</span> <span class='ocrx_word' id='word_1_757' title='bbox 2416 5392 2506 5443; x_wconf 87' lang='lat' dir='ltr'>est</span> <span class='ocrx_word' id='word_1_758' title='bbox 2536 5388 2883 5459; x_wconf 88' lang='lat' dir='ltr'>transigam.</span> <span class='ocrx_word' id='word_1_759' title='bbox 2931 5390 3078 5444; x_wconf 90' lang='lat' dir='ltr'>Huic</span> <span class='ocrx_word' id='word_1_760' title='bbox 3108 5389 3249 5444; x_wconf 88' lang='lat' dir='ltr'>talia</span> <span class='ocrx_word' id='word_1_761' title='bbox 3283 5391 3433 5445; x_wconf 92' lang='lat' dir='ltr'>serio</span> <span class='ocrx_word' id='word_1_762' title='bbox 3484 5386 3735 5461; x_wconf 89' lang='lat' dir='ltr'>nuganti</span> 
     </span>
    </p>
   </div>
   <div class='ocr_carea' id='block_1_106' title="bbox 2061 5475 3738 5549">
    <p class='ocr_par' dir='ltr' id='par_1_106' title="bbox 2061 5475 3738 5549">
     <span class='ocr_line' id='line_1_107' title="bbox 2061 5475 3738 5549; baseline 0.002 -20"><span class='ocrx_word' id='word_1_763' title='bbox 2061 5476 2217 5530; x_wconf 86' lang='lat' dir='ltr'>haud</span> <span class='ocrx_word' id='word_1_764' title='bbox 2252 5475 2425 5546; x_wconf 90' lang='lat' dir='ltr'>paulo</span> <span class='ocrx_word' id='word_1_765' title='bbox 2457 5478 2751 5533; x_wconf 89' lang='lat' dir='ltr'>cordatior</span> <span class='ocrx_word' id='word_1_766' title='bbox 2782 5477 3039 5533; x_wconf 91' lang='lat' dir='ltr'>mulier:</span> <span class='ocrx_word' id='word_1_767' title='bbox 3072 5477 3212 5533; x_wconf 90' lang='lat' dir='ltr'>Mihi</span> <span class='ocrx_word' id='word_1_768' title='bbox 3244 5479 3482 5546; x_wconf 90' lang='lat' dir='ltr'>videris,</span> <span class='ocrx_word' id='word_1_769' title='bbox 3516 5495 3738 5549; x_wconf 84' lang='lat' dir='ltr'>sponse</span> 
     </span>
    </p>
   </div>
   <div class='ocr_carea' id='block_1_107' title="bbox 2062 5562 3740 5639">
    <p class='ocr_par' dir='ltr' id='par_1_107' title="bbox 2062 5562 3740 5639">
     <span class='ocr_line' id='line_1_108' title="bbox 2062 5562 3740 5639; baseline 0.002 -22"><span class='ocrx_word' id='word_1_770' title='bbox 2062 5562 2277 5635; x_wconf 91' lang='lat' dir='ltr'>inquit,</span> <span class='ocrx_word' id='word_1_771' title='bbox 2300 5566 2485 5620; x_wconf 87' lang='lat' dir='ltr'>nostri</span> <span class='ocrx_word' id='word_1_772' title='bbox 2518 5568 2825 5637; x_wconf 89' lang='lat' dir='ltr'>cujusdam</span> <span class='ocrx_word' id='word_1_773' title='bbox 2873 5566 3101 5636; x_wconf 86' lang='lat' dir='ltr'>famuli,</span> <span class='ocrx_word' id='word_1_774' title='bbox 3136 5569 3506 5639; x_wconf 84' lang='lat' dir='ltr'>egentissimi</span> <span class='ocrx_word' id='word_1_775' title='bbox 3539 5568 3740 5623; x_wconf 90' lang='lat' dir='ltr'>homi-</span> 
     </span>
    </p>
   </div>
   <div class='ocr_carea' id='block_1_108' title="bbox 2060 5653 3736 5727">
    <p class='ocr_par' dir='ltr' id='par_1_108' title="bbox 2060 5653 3736 5727">
     <span class='ocr_line' id='line_1_109' title="bbox 2060 5653 3736 5727; baseline 0.003 -19"><span class='ocrx_word' id='word_1_776' title='bbox 2060 5654 2174 5721; x_wconf 90' lang='lat' dir='ltr'>nis,</span> <span class='ocrx_word' id='word_1_777' title='bbox 2208 5653 2422 5709; x_wconf 89' lang='lat' dir='ltr'>similis</span> <span class='ocrx_word' id='word_1_778' title='bbox 2452 5656 2566 5711; x_wconf 89' lang='lat' dir='ltr'>ista</span> <span class='ocrx_word' id='word_1_779' title='bbox 2598 5656 2758 5711; x_wconf 90' lang='lat' dir='ltr'>inani</span> <span class='ocrx_word' id='word_1_780' title='bbox 2792 5655 3125 5727; x_wconf 90' lang='lat' dir='ltr'>provisione</span> <span class='ocrx_word' id='word_1_781' title='bbox 3157 5659 3337 5713; x_wconf 88' lang='lat' dir='ltr'>nimis</span> <span class='ocrx_word' id='word_1_782' title='bbox 3370 5661 3736 5713; x_wconf 86' lang='lat' dir='ltr'>remotarum</span> 
     </span>
    </p>
   </div>
   <div class='ocr_carea' id='block_1_109' title="bbox 2064 5744 3738 5817">
    <p class='ocr_par' dir='ltr' id='par_1_109' title="bbox 2064 5744 3738 5817">
     <span class='ocr_line' id='line_1_110' title="bbox 2064 5744 3738 5817; baseline 0.001 -18"><span class='ocrx_word' id='word_1_783' title='bbox 2064 5749 2121 5799; x_wconf 84' lang='lat' dir='ltr'>et</span> <span class='ocrx_word' id='word_1_784' title='bbox 2151 5744 2373 5799; x_wconf 90' lang='lat' dir='ltr'>incerto</span> <span class='ocrx_word' id='word_1_785' title='bbox 2431 5750 2636 5801; x_wconf 88' lang='lat' dir='ltr'>eventu</span> <span class='ocrx_word' id='word_1_786' title='bbox 2701 5745 3084 5817; x_wconf 89' lang='lat' dir='ltr'>pendentium</span> <span class='ocrx_word' id='word_1_787' title='bbox 3130 5762 3344 5802; x_wconf 85' lang='lat' dir='ltr'>rerum.</span> <span class='ocrx_word' id='word_1_788' title='bbox 3401 5749 3478 5814; x_wconf 89' lang='lat' dir='ltr'>Is,</span> <span class='ocrx_word' id='word_1_789' title='bbox 3510 5746 3738 5802; x_wconf 87' lang='lat' dir='ltr'>diurni-</span> 
     </span>
    </p>
   </div>
  </div>
