4120 6402
239 492 372 546 13‘21

1260 497 1619 549 SPECIMEN
1660 495 2060 547 SAI’IENTL‘E
2099 496 2434 550 INDOItUM
2478 500 2639 549 VET.

3527 498 3667 551 1322

240 618 613 672 mercedibus
672 617 863 673 mellis
923 637 987 673 ac
1046 620 1240 687 butyri
1293 636 1404 673 non
1468 634 1678 689 magna
1726 617 1893 688 cepia
1923 627 1974 691 Α
2008 634 2139 687 pem
2165 623 2223 673 et
2255 619 2438 675 multa
2469 624 2802 691 gementem
2839 624 3141 676 momento
3172 620 3540 676 destitueret.

244 706 509 776 collecta,
545 708 777 763 duobus
808 707 919 763 ista
966 708 1119 764 vasis
1169 726 1199 763 e
1251 714 1406 763 terra
1455 706 1647 762 coctili
1701 704 1901 762 condi-

242 797 441 863 derat;
498 813 632 852 mox
683 814 881 853 secum
930 798 1009 853 ita
1054 797 1411 853 ratiocinans
1444 801 1612 852 nocte
1646 797 1900 867 quadam

244 886 475 941 dicebat
525 886 709 957 :{Mel
741 892 864 958 {ego
915 888 1071 941 istud
1122 904 1188 941 ac
1232 888 1513 955 butyrum
1565 886 1901 957 quindecim

245 976 561 1032 minimum
597 977 843 1031 vendam
877 976 1169 1044 denariis;
1202 992 1271 1031 ex
1303 977 1393 1031 his
1443 976 1645 1030 decem
1694 991 1901 1045 capras

245 1082 460 1131 emam;
492 1066 577 1120 hae
600 1064 743 1119 mihi
768 1068 972 1135 quinto
996 1081 1199 1121 mense
1222 1065 1461 1120 totidem
1487 1064 1631 1119 alias
1654 1065 1901 1134 parient;

244 1154 509 1225 quinque
540 1154 710 1209 annis
762 1171 998 1226 gregem
1048 1170 1359 1227 caprarum
1413 1153 1576 1208 facile
1626 1153 1903 1225 quadrin-

245 1249 557 1315 gentarum
611 1244 947 1311 confecero;
1000 1244 1106 1298 has
1149 1247 1513 1298 commutare
1544 1247 1684 1296 tunc
1718 1240 1905 1313 placet

246 1350 378 1387 cum
439 1333 626 1387 bobus
687 1337 945 1401 centum,
997 1333 1213 1403 quibus
1271 1332 1543 1399 exarabo,
1571 1331 1685 1385 vim
1736 1335 1903 1384 terra:

246 1438 547 1491 magnam,
572 1426 629 1477 et
652 1438 960 1477 numerum
994 1421 1173 1475 tritici
1208 1420 1531 1475 maximum
1566 1436 1901 1489 congeram.

247 1513 328 1565 Ex
370 1510 659 1565 fructibus
702 1510 865 1565 hisce
897 1511 1304 1581 quinquennio
1337 1509 1772 1580 multiplicatis,
1801 1526 1901 1580 pe-

248 1600 437 1654 cuniae
464 1599 691 1654 scilicet
723 1605 925 1653 tantus
956 1602 1202 1654 exsistet
1233 1600 1465 1666 modus,
1518 1604 1578 1651 ut
1630 1597 1798 1652 facile
1845 1597 1901 1652 in

247 1688 733 1760 locupletissimis
768 1690 1324 1743 numerer.Accedet
1354 1689 1459 1742 dos
1491 1688 1691 1743 uxoris
1724 1704 1900 1758 quam

252 1777 386 1833 istis
416 1777 630 1849 opibus
660 1777 1018 1832 ditissimam
1051 1778 1375 1832 nanciscar.
1427 1780 1712 1831 Nascetur
1758 1775 1903 1830 mihi

249 1867 408 1922 ﬁlius
430 1883 607 1938 quem
627 1868 753 1937 jam
779 1883 936 1920 nunc
962 1867 1210 1921 decerno
1232 1866 1538 1920 nominare
1565 1864 1898 1931 Pancalum;

248 1957 409 2011 hunc
474 1956 737 2011 educabo
800 1955 1234 2022 liberalissime,
1290 1961 1355 2009 ut
1413 1955 1690 2009 nobilium
1756 1954 1902 2008 nulli

250 2046 555 2112 concedat;
591 2046 691 2117 qui
725 2046 797 2109 si,
834 2046 929 2099 ubi
966 2044 1302 2109 adoleverit,
1336 2050 1400 2098 ut
1423 2046 1706 2115 juventus
1738 2043 1905 2111 solet,

254 2141 667 2191 contumacem
701 2153 764 2190 se
797 2136 940 2190 mihi
974 2137 1250 2206 prebeat,
1284 2135 1437 2189 haud
1473 2136 1616 2189 feret
1646 2136 1904 2205 impune;

253 2226 465 2281 baculo
513 2226 671 2281 enim
722 2225 831 2280 hoc
882 2224 1049 2279 illum
1081 2224 1192 2279 hoc
1227 2224 1399 2278 modo
1434 2224 1658 2277 feriam.
1696 2231 1908 2295 Arrep-

251 2321 382 2370 tum
412 2316 563 2370 inter
588 2315 710 2369 haec
759 2314 1076 2369 dicendum
1126 2315 1275 2369 lecto
1322 2312 1582 2373 vicinum
1636 2312 1908 2367 baculum

254 2422 359 2477 per
388 2404 662 2459 tenebras
685 2405 949 2474 jactavit,
984 2420 1244 2473 casuque
1294 2403 1601 2457 incurrens
1647 2401 1704 2455 in
1759 2401 1913 2456 dolia

256 2493 450 2549 mellis
480 2498 537 2547 ct
569 2493 764 2564 butyri
794 2494 958 2562 juxta
990 2491 1203 2563 posita,
1238 2492 1525 2561 confregit
1573 2496 1909 2561 utrumque,

254 2584 339 2637 ita
372 2590 429 2636 ut
464 2582 519 2636 in
550 2583 681 2652 ejus
712 2581 887 2637 etiam
920 2597 985 2635 os
1031 2580 1395 2650 barbamque
1447 2579 1616 2633 stilla:
1667 2579 1911 2649 liquoris

254 2670 618 2744 prosilirent,
664 2675 873 2725 caetera
898 2670 1083 2725 etl‘usa
1112 2674 1171 2723 et
1204 2668 1380 2723 mista
1416 2668 1635 2739 pulveri
1671 2684 1912 2738 prorsus

254 2767 797 2831 corrumperentur,
831 2776 895 2813 ac
926 2759 1378 2815 fundamentum
1413 2757 1537 2829 spei
1568 2762 1741 2811 tantae
1788 2758 1912 2812 ino-

2086 708 2155 762 ΙΙ.
2209 708 2344 764 Post
2392 709 2513 765 haec
2564 710 2651 765 vir
2703 709 2801 764 ille
2862 710 3149 781 nuptialia
3198 710 3421 782 peregit
3479 728 3666 779 sacra,

2010 813 2331 867 menseque
2379 798 2607 853 decimo
2669 798 2890 852 Lucina
2952 800 3181 853 favente
3241 799 3439 853 uxoris
3496 806 3668 870 partu

2010 890 2179 955 pater
2212 887 2398 942 factus
2430 893 2539 943 est.
2573 887 2675 941 Die
2708 888 2960 957 quadam
2998 888 3229 959 negotio
3265 894 3509 958 urgente
3549 890 3670 943 exi-

2010 982 2142 1031 tura
2200 983 2386 1032 mater
2432 980 2503 1033 ad
2553 977 2828 1045 vicinam,
2878 978 3068 1031 virum
3119 979 3365 1051 rogavit,
3418 984 3484 1033 ut
3539 985 3667 1033 tan—

2009 1067 2195 1137 tisper
2225 1068 2367 1122 dum
2402 1069 2645 1135 rediret,
2672 1067 2976 1139 invigilare
3000 1085 3070 1121 ne
3093 1073 3432 1139 gravaretur
3457 1068 3669 1123 infanti

2011 1156 2218 1226 sopito.
2244 1156 2343 1210 Ille
2376 1174 2517 1211 cura
2549 1162 2823 1227 suscepta
2849 1156 3213 1229 negligenter
3244 1158 3503 1224 functus,
3524 1158 3667 1210 dum

2012 1246 2125 1298 alia
2157 1245 2421 1315 cogitans
2444 1252 2577 1300 ante
2600 1246 2939 1300 cubiculum
2969 1245 3571 1317 inambulat,serpens
3595 1246 3668 1300 ad

2012 1350 2195 1387 cunas
2220 1334 2939 1404 adrepebat,peremptura
2965 1350 3238 1404 puerum,
3266 1332 3376 1387 nisi
3408 1333 3670 1403 nympha

2011 1423 2351 1491 conspicata
2416 1422 2856 1477 inscendentem
2921 1423 3045 1491 jam
3105 1422 3387 1477 lectulum
3458 1422 3666 1493 pupuli

2002 1513 2259 1582 jacentis
2292 1513 2680 1568 saevissimum
2715 1512 3025 1569 colubrum
3061 1513 3291 1569 irruens
3332 1513 3668 1568 occidisset.

2009 1602 2222 1657 Audito
2269 1619 2434 1674 pater
2482 1605 2738 1674 quodam
2789 1603 2945 1657 intra
2999 1604 3337 1658 cubiculum
3396 1603 3670 1672 strepitu,

2012 1708 2146 1745 cum
2210 1691 2361 1746 fores
2419 1692 2771 1763 aperuisset,
2819 1691 2966 1745 vidit
3023 1692 3283 1746 vitricem
3344 1692 3668 1763 nympham

2010 1780 2177 1851 hydri
2208 1797 2379 1850 quem
2414 1784 2720 1835 necaverat
2753 1780 3047 1850 perfusam
3084 1781 3390 1851 sanguine,
3420 1790 3667 1835 temere-

2012 1869 2418 1939 quejudicans
2442 1869 2712 1923 nocuisse
2735 1868 2895 1922 illam
2923 1872 3330 1939 puero,statim
3354 1885 3666 1923 accurrens

2017 1957 2328 2011 interfecit.
2363 1956 2513 2010 Tum
2546 1972 2863 2009 conversus
2894 1958 2963 2009 ad
3000 1973 3206 2021 cunas,
3254 1957 3351 2010 ubi
3407 1956 3665 2027 proxime

2018 2045 2177 2114 ipsas
2202 2044 2491 2113 iacentem
2516 2048 2812 2096 mortuum
2848 2043 3151 2112 conspexit
3175 2042 3506 2108 colubrum,
3541 2058 3669 2096 sero

2020 2132 2303 2186 intellexit
2330 2132 2483 2186 mala
2506 2148 2567 2186 se
2593 2132 2855 2185 mercede
2885 2149 3291 2187 remunerasse
3316 2131 3670 2186 beneﬁcium

2022 2223 2295 2293 nympbze
2326 2222 2419 2275 cui
2454 2221 2701 2275 salutem
2737 2221 2837 2274 iilii
2866 2222 3114 2276 debebat
3148 2238 3160 2276 :
3195 2227 3251 2277 et
3283 2221 3592 2276 festinasse
3615 2236 3677 2274 se

2023 2310 2531 2381 pmnitens,etiam
2566 2310 2742 2376 ﬂevit,
2777 2310 3187 2381 praevolantem
3221 2328 3418 2375 suum,
3450 2315 3506 2364 et
3537 2311 3678 2363 dum

2023 2401 2367 2472 longinquis
2406 2400 2614 2464 inhiat,
2652 2399 2955 2471 praesentia
2991 2417 3103 2455 non
3138 2406 3496 2468 cernentem,
3529 2399 3681 2454 serio

2022 2491 2459 2559 emendandum
2512 2490 2834 2543 decernens
2900 2490 3183 2543 animum.
3246 2489 3374 2543 Haec
3446 2489 3677 2542 locutus

2022 2579 2531 2650 gymnosophista,
2566 2578 2812 2643 quaesito
2845 2579 2997 2649 regis
3029 2578 3388 2632 satisfecisse
3420 2596 3481 2632 se
3514 2582 3680 2648 puta-

2022 2670 2123 2735 vit;
2162 2668 2258 2721 illo
2292 2684 2526 2738 quoque
2559 2674 2877 2722 annuente.

1348 3058 1877 3117 DISSERTA'I‘IO
1928 3055 2417 3115 PARABOLlCA
2461 3054 2589 3113 VII.

264 3171 394 3226 Pro
422 3184 595 3246 scopo
627 3164 808 3225 habet
835 3168 1135 3224 ostendere
1164 3172 1458 3246 quantum
1483 3182 1643 3246 uxor
1665 3161 1927 3242 prudens
1956 3171 2012 3221 et
2040 3161 2197 3246 ﬁdus
2225 3180 2296 3246 _ac
2324 3166 2567 3246 sapiens
2609 3159 2985 3219 consiliarius
3040 3160 3209 3221 utiles
3259 3162 3398 3238 regi
3438 3160 3557 3221 sint
3603 3159 3685 3219 ad

919 3240 1341 3325 praecavéndas
1374 3243 1621 3303 insidias
1650 3240 1833 3322 regno
1863 3262 1932 3303 ac
1960 3240 2152 3322 capiti
2174 3242 2307 3319 ejus
2331 3240 2652 3321 perniciem
2680 3249 2996 3300 struentes.

328 3408 549 3463 Vocato
580 3406 790 3462 deinde
820 3406 913 3460 die
963 3404 1221 3476 quadam
1265 3403 1756 3477 gymnosophista
1826 3420 1924 3459 rex

2037 3418 2310 3492 improbi,
2346 3417 2509 3474 facile
2536 3418 2799 3474 coierunt
2838 3419 2897 3473 in
2948 3420 3301 3476 sententiam
3354 3420 3682 3476 sceleratis-

265 3496 938 3567 Abessalom,Magnam,
962 3494 1174 3564 inquit,
1198 3511 1231 3549 a
1258 3498 1315 3549 te
1345 3493 1519 3549 hodie
1550 3509 1672 3548 rem
1704 3510 1923 3564 quaero,

266 3587 411 3642 mihi
445 3585 838 3642 necessariam
899 3584 959 3638 in
995 3582 1228 3655 primis,
1260 3582 1481 3653 quibus
1511 3583 1741 3637 artibus
1774 3599 1925 3637 asse-

262 3683 483 3742 quatur
514 3693 613 3731 rex
662 3680 726 3729 ut
775 3675 985 3729 domus
1034 3674 1162 3743 ejus
1212 3671 1639 3742 tranquillitate
1688 3689 1754 3727 ac
1787 3689 1925 3743 pace

266 3768 499 3821 fruatur
521 3764 907 3821 inconcussa?
923 3762 1132 3836 plusne
1155 3762 1225 3816 ad
1252 3762 1306 3815 id
1334 3761 1593 3816 conferat
1622 3761 1924 3832 patientia,

268 3873 337 3910 an
369 3855 515 3910 recti
548 3854 786 3911 conscia
833 3869 1023 3919 meus,
1075 3868 1149 3905 an
1203 3851 1459 3921 denique
1505 3849 1768 3906 liberalis
1814 3851 1927 3905 lar-

271 3944 415 4015 gitio
435 3943 463 3997 ‘I

346 4037 390 4089 Ι.
416 4032 500 4087 Ad
528 4031 647 4085 haec
669 4030 1153 4103 gymnosophista
1177 4029 1260 4085 sic
1284 4030 1625 4099 respondit:
1651 4030 1930 4084 Pacandae

273 4123 404 4178 etin
424 4138 566 4193 pace
582 4121 996 4176 conservanda:
1010 4119 1210 4174 domui
1232 4119 1644 4174 efficacissima
1666 4121 1932 4173 omnium

278 4230 368 4268 res
434 4216 524 4266 est
584 4210 898 4281 prudentia
958 4208 1280 4264 tolerantiae
1333 4210 1667 4275 conjuncta,
1727 4208 1937 4263 deinde

281 4300 642 4372 sapientium
676 4303 1010 4371 opportuna
1061 4297 1325 4363 consilia,
1375 4301 1670 4367 postremo
1720 4297 1937 4368 optima

282 4397 339 4447 et
366 4388 912 4446 consideratissima
938 4386 1543 4442 materfamiliasﬂzec
1566 4388 1764 4441 omnia
1786 4389 1942 4441 velut

286 4481 343 4535 in
378 4477 624 4552 speculo
654 4476 805 4532 clare
837 4492 1072 4531 cernere
1101 4474 1301 4530 licebit
1332 4476 1389 4529 in
1420 4492 1486 4530 eo
1517 4476 1672 4546 quod
1706 4477 1940 4531 cuidam

301 4571 583 4626 Indorum
615 4567 733 4637 regi
767 4565 1027 4635 contigit.
1064 4566 1121 4620 Id
1154 4571 1349 4620 autem
1397 4569 1486 4619 est
1537 4565 1872 4635 hujusmodi
1929 4583 1941 4619 :

287 4658 449 4713 Vidit
496 4656 592 4711 ille
642 4672 741 4710 rex
794 4671 912 4709 una
960 4658 1127 4709 nocte
1160 4659 1289 4708 octo
1323 4654 1553 4708 somnia
1583 4654 1854 4721 terriﬁca,
1889 4660 1946 4709 et

2031 3510 2265 3564 simam.
2296 3512 2428 3563 Haec
2460 3507 2615 3563 enim
2649 3508 2762 3563 fuit
2790 3524 2993 3564 eorum
3020 3510 3205 3565 oratio
3239 3526 3254 3564 :
3290 3510 3409 3565 Rex
3449 3509 3542 3564 hic
3589 3508 3680 3563 in-

2033 3614 2309 3653 numeros
2358 3602 2572 3652 nostrae
2633 3602 2799 3652 secta:
2855 3613 2923 3652 ac
2971 3598 3229 3653 nominis
3280 3598 3483 3670 paucis
3526 3602 3680 3653 retro

2033 3688 2205 3741 annis
2238 3686 2551 3755 interfecit,
2585 3686 2906 3741 ulciscendi
2935 3689 3061 3759 ejus
3104 3705 3175 3743 en
3229 3689 3384 3743 Deus
3426 3687 3683 3743 occasio-

2035 3792 2166 3830 nem
2205 3775 2375 3829 nobis
2405 3775 2592 3841 offert,
2626 3793 2744 3842 qua
2775 3793 3011 3847 sperare
3042 3780 3497 3833 commodiorem
3532 3795 3684 3831 nun—

2036 3880 2213 3936 quam
2254 3880 2566 3934 possumus
2602 3881 2614 3917 :
2646 3865 2977 3935 arripienda
3012 3884 3080 3921 ea
3110 3874 3218 3937 est,
3255 3868 3522 3938 nihilque
3557 3886 3685 3937 par-

2036 3954 2287 4008 cendum
2322 3952 2642 4022 quominus
2667 3969 2733 4006 ea
2765 3960 3007 4008 utamur
3037 3956 3110 4009 ad
3144 3974 3321 4025 quam
3370 3958 3688 4011 maximam

2040 4043 2096 4097 in
2130 4043 2257 4113 ejus
2289 4046 2465 4112 caput
2496 4043 2905 4096 accersendam
2957 4044 3294 4113 perniciem.
3349 4045 3465 4099 Hoc
3516 4046 3694 4116 igitur

2043 4131 2528 4201 realiondebimus
2561 4132 2832 4185 concordi
2860 4133 3088 4201 judicio
3123 4151 3135 4188 :
3170 4135 3489 4204 Postquam
3529 4152 3692 4189 scru-

2046 4222 2146 4276 tati
2199 4221 2418 4275 scilicet
2476 4221 2657 4274 libros
2718 4238 2963 4276 arcanos
3022 4240 3253 4287 sumus,
3308 4226 3693 4279 consideratis

2046 4309 2487 4365 accuratissime
2518 4308 2815 4375 omnibus,
2856 4311 3008 4365 clare
3049 4312 3351 4382 providere
3402 4331 3529 4381 nos,
3580 4314 3694 4367 im-

2048 4414 2311 4452 mensam
2340 4398 2656 4467 quamdam
2684 4398 2939 4452 cladium
2964 4417 3028 4453 ac
3051 4400 3454 4457 calamitatum
3474 4404 3585 4455 vim
3611 4402 3698 4456 ira

2052 4507 2183 4541 mox
2234 4490 2406 4541 deum
2461 4488 2518 4540 in
2569 4504 2765 4558 regem
2819 4489 3261 4559 devolvenilam,
3317 4493 3429 4547 nisi
3488 4493 3695 4561 exiguo

2053 4578 2204 4650 quod
2242 4580 2510 4649 superest
2540 4581 2799 4647 tempore
2832 4578 3077 4648 piaculis
3119 4580 3346 4634 idoneis
3399 4586 3703 4651 praevertet

2054 4666 2459 4721 imminentem
2496 4670 2737 4735 pestem,
2761 4666 3057 4737 eluatque,
3081 4669 3300 4739 quibus
3332 4670 3483 4726 male
3515 4673 3703 4740 perire

291 4746 681 4802 conturbatus
710 4744 896 4810 valde,
930 4743 1026 4798 ubi
1052 4742 1410 4813 evigilasset,
1443 4747 1730 4813 quotquot
1779 4759 1913 4797 eran

2056 4755 2357 4819 meruerit,
2378 4754 2613 4821 scelera;
2636 4754 2927 4811 horrenda
2957 4758 3195 4827 quidem
3229 4759 3386 4814 dictu
3418 4777 3546 4815 esse
3576 4778 3704 4831 qua)

290 4838 349 4891 in
400 4837 547 4891 urbe
597 4840 721 4890 tum
772 4832 930 4902 regia
962 4832 1276 4887 brachmas
1306 4832 1666 4899 convocavit,
1698 4837 1943 4887 cuncta-

293 4944 408 4999 que
439 4926 523 4980 ita
552 4922 853 4995 sigillatim
904 4920 1213 4993 proposuit
1254 4920 1571 4987 insomnia,
1624 4922 1764 4992 quid
1820 4939 1946 4992 por-

295 5015 607 5070 tenderent
634 5011 968 5082 exquirens.
1005 5010 1095 5076 lli,
1127 5010 1403 5065 omnibus
1436 5014 1656 5064 attente
1709 5011 1950 5094 auditis,

296 5102 750 5173 responderunt,
786 5117 997 5172 magna
1027 5104 1085 5154 et
1116 5098 1265 5153 mira
1298 5098 1617 5169 significari
1642 5098 1782 5155 visis
1812 5100 1953 5163 illis,

298 5194 402 5247 sed
435 5191 655 5263 quibus
684 5194 742 5245 et
772 5193 971 5245 exacte
1019 5187 1428 5243 discernendis
1475 5192 1531 5241 et
1578 5194 1734 5243 certo
1785 5207 1955 5246 enar-

297 5281 503 5337 randis
534 5279 727 5353 spatio
760 5284 917 5335 esset
943 5295 1093 5350 opus
1124 5294 1189 5332 ac
1230 5277 1460 5345 studio;
1506 5276 1841 5350 indulgeret
1885 5282 1954 5336 ad

298 5369 707 5426 meditandum
760 5384 985 5424 moram
1032 5368 1263 5422 dierum
1291 5372 1539 5437 septem,
1575 5372 1708 5438 post
1738 5367 1960 5426 hebdo-

301 5461 537 5516 madem
570 5460 867 5514 redituros
898 5473 959 5514 se
992 5461 1049 5513 et
1073 5456 1189 5528 ipsi
1222 5455 1594 5527 exposituros
1648 5462 1769 5513 tum
1822 5463 1959 5529 quid

302 5548 593 5604 malorum
624 5552 683 5603 et
710 5552 1003 5617 quantum
1036 5545 1159 5600 haec
1191 5549 1419 5600 ostenta
1444 5544 1960 5617 minarentur,tum

302 5637 444 5708 quid
464 5636 537 5692 iis
551 5634 1014 5711 averruncandis
1028 5632 1425 5690 necessarium
1442 5631 1594 5687 factu
1603 5635 1961 5704 judicarent.

303 5726 665 5782 Assentiente
697 5725 755 5779 in
785 5724 908 5779 haac
935 5740 1091 5795 rege,
1125 5721 1355 5777 dimissi
1388 5721 1775 5779 brachmanes
1824 5744 1964 5781 con-

300 5831 508 5870 venere
541 5816 598 5869 in
635 5832 917 5869 arcanum
952 5820 1191 5879 emtum,
1250 5812 1374 5879 ubi,
1428 5816 1490 5866 ut
1540 5828 1746 5869 omnes
1800 5824 1969 5874 erant

628 5936 885 5993 PATROL.
933 5934 1044 5992 (ΞΒ.
1091 5932 1347 5992 CXLIII.

2055 4848 2128 4902 ab
2151 4862 2216 4899 eo
2239 4844 2321 4898 dii
2343 4844 2705 4913 exigant,sed
2729 4862 3034 4917 nunquam
3058 4848 3237 4902 nimis
3270 4866 3552 4921 magnum
3576 4851 3705 4905 vitae

2058 4951 2123 4990 ac
2151 4933 2362 4989 salutis
2393 4932 2575 4987 videri
2609 4935 2860 5004 pretium
2892 4936 3103 4991 debere
3136 4954 3149 4992 :
3184 4937 3293 4992 hac
3332 4938 3457 4993 sola
3504 4940 3705 4993 condi-

2063 5024 2220 5078 tione
2253 5020 2605 5077 incolumem
2638 5020 2807 5076 illum
2841 5039 3085 5095 regnare
3115 5026 3390 5097 deinceps
3417 5044 3610 5098 posse,
3661 5030 3712 5084 si

2067 5111 2358 5183 propriam
2394 5126 2655 5177 uxorem,
2690 5111 2740 5165 si
2776 5111 2963 5166 filium
2995 5129 3063 5167 ex
3094 5130 3161 5169 ea
3193 5121 3421 5181 natum,
3450 5117 3499 5171 si
3534 5118 3713 5189 privi-

2066 5217 2273 5273 gnum,
2307 5199 2573 5254 mulieris
2604 5200 2870 5269 ejusdem
2904 5218 2971 5256 ex
3002 5203 3180 5273 priori
3228 5204 3351 5259 viro
3403 5205 3615 5278 filium,
3667 5209 3717 5262 si

2068 5307 2203 5346 cum
2235 5290 2308 5344 iis
2341 5288 2663 5359 principem
2695 5289 2835 5359 regii
2868 5298 3109 5346 senatus
3143 5298 3200 5346 et
3248 5298 3716 5364 protonotarium

2070 5376 2448 5446 interfecerit,
2480 5377 2526 5432 si
2558 5382 2835 5448 praeterea
2882 5380 3300 5437 sacrificaverit
3348 5384 3717 5457 elephantem

2071 5468 2273 5522 album
2306 5484 2419 5537 quo
2467 5466 2596 5521 vehi
2650 5468 3071 5539 consuevisset,
3122 5488 3375 5544 cumque
3425 5474 3522 5528 illo
3570 5475 3719 5529 duos

2073 5558 2222 5613 alios
2254 5573 2323 5612 ex
2372 5560 2493 5611 toto
2546 5555 2839 5627 regiorum
2894 5575 3141 5615 numero
3187 5562 3495 5631 maximos,
3538 5562 3722 5618 simul

2074 5646 2252 5701 etiam
2284 5661 2501 5715 equum
2552 5650 2609 5699 et
2655 5646 2965 5702 camelum.
3018 5654 3236 5705 Horum
3290 5652 3555 5706 omnium
3601 5657 3723 5707 tam

2075 5735 2384 5789 hominum
2429 5751 2605 5805 quam
2661 5737 2949 5806 pecudum
2994 5739 3404 5809 jugulatorum
3457 5759 3725 5797 cruorem

2078 5823 2301 5896 phialis
2332 5823 2630 5880 inclusum
2660 5824 2800 5880 dare
2834 5827 2892 5881 in
2927 5843 3140 5883 manus
3174 5844 3367 5900 regem
3394 5831 3501 5885 sibi
3531 5832 3733 5886 brach-

3336 5953 3415 6009 42
