4120 6392
371 455 508 509 1327

1886 453 2279 505 APPENDIX.

3660 455 3797 509 1328

372 583 508 651 gato
539 580 640 650 qui
673 580 983 647 detulerat,
1018 580 1186 633 laetus
1226 582 1285 631 et
1323 575 1629 647 gratulans
1678 575 1748 628 ad
1781 574 2032 628 circum-
2064 580 2110 640 Α
2218 573 2315 629 Vt.
2350 576 2566 631 Eodem
2628 577 2722 632 die
2781 594 2913 631 eum
2976 594 3073 633 rex
3132 577 3395 633 hilariter
3447 595 3550 649 pro
3591 582 3797 633 caetera

375 674 601 723 stantes
624 670 887 726 suossibi
913 667 1406 723 familiarissimos
1431 665 1605 720 dixit:
1632 664 1785 719 Nihil
1816 662 2025 717 horum

374 758 504 812 volo
540 758 680 812 mihi
713 774 963 825 servare,
999 758 1097 811 sed
1129 757 1187 810 in
1221 773 1323 810 vos
1348 754 1491 809 mihi
1547 752 1996 807 benevolentissi

378 865 506 903 mos
539 864 835 919 spargere,
878 845 1285 901 dulcissimam
1337 844 1661 916 praesertim
1714 844 2026 912 conjugem

378 936 593 990 Palada
623 937 714 1005 (ea
744 943 881 989 tunc
912 936 1132 1003 aberat,
1167 934 1237 988 de
1288 950 1450 989 more
1489 949 1758 1004 gynaeceo
1804 931 2022 997 clausa)

377 1031 727 1095 nostrosque
760 1024 995 1090 liberos,
1029 1029 1201 1095 teque
1224 1023 1435 1090 Palari,
1470 1022 1615 1076 mihi
1639 1020 2024 1085 charissima;

376 1140 509 1178 nam
532 1140 633 1177 vos
656 1138 859 1177 omnes
909 1123 993 1177 sic
1040 1122 1094 1174 in
1150 1138 1240 1175 me
1278 1122 1518 1175 affectos
1553 1123 1705 1185 novi,
1742 1124 1805 1173 ut
1835 1118 2030 1189 capita

374 1213 641 1282 vitasque
701 1216 928 1265 vestras
988 1228 1101 1265 non
1162 1209 1291 1264 sitis
1333 1208 1654 1263 dubitaturi
1693 1224 1819 1263 mea
1851 1223 2029 1261 causa

375 1302 485 1357 sub
520 1300 903 1372 quantumvis
939 1300 1253 1355 discrimen
1284 1299 1533 1353 mittere.
1562 1300 1639 1352 Ad
1674 1315 1740 1353 ea
1762 1296 2027 1351 Palarius

374 1392 674 1462 respondit
701 1409 712 1444 :
739 1389 983 1460 Conjugi
1011 1390 1243 1459 quidem
1270 1393 1384 1442 tua;
1413 1405 1478 1441 ac
1510 1387 1732 1455 liberis,
1768 1386 2026 1453 domine,

373 1486 530 1534 recte
558 1479 671 1534 ista
702 1479 992 1543 diviseris,
1046 1496 1151 1532 nos
1190 1495 1323 1532 vero
1374 1477 1645 1532 subditos
1701 1494 1811 1531 non
1865 1477 2030 1530 decet

373 1569 432 1623 in
494 1585 688 1622 rerum
743 1567 954 1621 talium
1008 1567 1483 1620 communionem
1527 1565 1864 1620 admisceri.
1924 1564 2027 1620 Cui

376 1674 495 1722 rex,
536 1660 656 1711 Imo
689 1662 765 1713 te.
799 1657 1011 1727 inquit,
1047 1657 1103 1709 in
1160 1655 1363 1726 primis
1412 1655 1538 1710 volo
1573 1655 1859 1708 bonorum
1903 1671 2027 1707 om-

374 1747 538 1801 nium
590 1762 855 1800 meorum
908 1762 1036 1800 esse
1095 1744 1464 1815 participem,
1496 1761 1743 1813 quorum
1805 1748 2026 1813 partem

378 1837 685 1891 maximam
719 1835 875 1889 curis
908 1852 1009 1905 pro
1043 1851 1135 1888 me
1167 1835 1289 1888 tuis
1334 1838 1392 1888 et
1441 1832 1805 1887 ﬁdelissimis
1852 1832 2026 1886 bene-

2136 667 2257 717 tam
2293 662 2502 719 faustae
2538 665 2688 719 lucis
2721 665 2921 721 laetitia
2971 672 3225 722 cmnaret
3260 667 3431 722 Palas
3476 667 3700 738 regina,
3732 672 3800 721 ut

2140 756 2298 805 tanto
2336 753 2523 823 magis
2559 755 2935 809 formidatam
2969 755 3080 810 sibi
3115 756 3268 827 regis
3299 772 3367 810 ex
3407 759 3553 811 nutu
3596 756 3796 827 suspi-

2136 840 2362 895 cionem
2400 843 2737 913 discuteret,
2774 850 3170 915 praetereaque
3208 845 3544 900 ostenderet
3592 846 3795 916 quanti

2138 929 2326 984 facere
2370 948 2645 985 coronam
2698 933 2852 986 dono
2902 931 3014 987 sibi
3065 934 3285 1002 datam,
3337 950 3606 1006 gynaeceo
3660 951 3791 1006 pro-

2138 1018 2329 1085 diens,
2355 1036 2487 1073 cum
2522 1037 2736 1075 corona
2762 1021 2815 1074 in
2849 1021 3060 1092 capite,
3095 1026 3153 1077 et
3193 1027 3400 1077 caetero
3441 1039 3618 1093 quam
3653 1039 3791 1094 spe-

2139 1107 2472 1162 ciosissime
2505 1114 2736 1177 ornatu,
2771 1110 3001 1165 discum
3035 1126 3301 1178 aureum,
3336 1128 3508 1183 oryza
3551 1111 3790 1181 plenum

2137 1196 2605 1266 exquisitissime
2636 1199 2893 1266 condita,
2945 1217 3122 1254 manu
3176 1201 3388 1268 ferens,
3435 1201 3686 1255 accessit
3714 1202 3789 1256 ad

2140 1301 2407 1341 mensam
2443 1287 2873 1343 discumbentis
2900 1289 3054 1360 regis
3084 1305 3095 1343 :
3130 1291 3329 1344 eodem
3385 1295 3669 1361 tempore,
3703 1288 3794 1343 in-

2137 1363 2361 1429 certum
2396 1382 2604 1447 sponte
2636 1395 2706 1431 an
2742 1383 3001 1447 evocata,
3034 1377 3221 1447 pellex
3255 1380 3324 1433 de
3358 1395 3476 1449 qua
3506 1379 3794 1445 diximus,

2138 1463 2405 1518 cubiculo
2439 1465 2575 1519 item
2610 1482 2847 1537 egressa
2887 1484 3017 1535 suo,
3049 1472 3290 1538 gestans
3340 1467 3556 1539 pallam
3605 1468 3799 1523 cocci-

2136 1569 2304 1607 neam
2338 1570 2515 1623 quam
2552 1572 2583 1609 a
2617 1572 2748 1626 rege
2780 1561 3103 1626 acceperat,
3161 1557 3438 1629 apparuit
3495 1557 3552 1612 in
3608 1558 3743 1612 aula
3778 1578 3793 1627 ;

2137 1656 2192 1705 et
2223 1668 2354 1706 cum
2380 1652 2533 1724 regis
2567 1657 2692 1707 tum
2725 1654 3042 1710 astantium
3077 1660 3425 1709 cunctorum
3461 1656 3530 1710 ad
3564 1672 3625 1710 se
3660 1672 3800 1711 ocu-

2137 1738 2225 1795 los
2253 1741 2555 1797 convertit.
2618 1742 2796 1798 Movit
2822 1744 2979 1798 enim
3040 1760 3244 1799 omnes
3303 1745 3451 1800 mira
3481 1761 3573 1800 res
3604 1745 3801 1816 fulgor

2140 1830 2371 1885 nativus
2431 1832 2913 1901 exquisitissime
2973 1832 3135 1888 illius
3193 1839 3251 1888 et
3307 1850 3609 1905 nunquam
3657 1834 3794 1889 visa:

373 1926 639 1980 volentiaa
672 1929 969 1995 acceptam
1006 1925 1144 1977 fero.
1190 1922 1292 1977 His
1344 1923 1516 1977 dictis
1547 1924 1616 1975 ad
1656 1921 2025 1993 partitionem
2058 1939 2107 2003 Β
2142 1938 2432 1991 purpurae,
2464 1938 2592 1992 qua:
2625 1939 2692 1977 ex
2724 1923 2851 1992 ipso
2882 1923 3090 1979 limine
3137 1929 3310 1979 vastae
3353 1924 3520 1988 aulae,
3553 1941 3668 1996 quo
3703 1926 3795 1979 fu-

376 2031 687 2069 munerum
720 2031 1037 2085 aggressus
1085 2028 1201 2079 rex,
1254 2012 1367 2067 sibi
1419 2012 1655 2083 quidem
1709 2010 2029 2066 reservavit

375 2104 742 2175 elephantem
777 2103 1121 2171 candidum,
1156 2119 1269 2174 quo
1301 2102 1477 2156 etiam
1532 2101 1797 2156 invectus
1821 2100 2025 2155 eodem

376 2191 469 2247 die
502 2208 602 2263 per
633 2194 834 2246 urbem
868 2192 1085 2262 regiam
1149 2207 1210 2244 se
1260 2190 1573 2244 videndum
1630 2189 1917 2260 praebuit;
1961 2189 2027 2241 ti-

376 2280 455 2335 lio
488 2297 594 2335 suo
629 2297 812 2334 unum
844 2296 1128 2351 equorum
1183 2279 1363 2347 dedit,
1420 2278 1688 2350 privigno
1736 2278 2025 2333 alterum:

377 2377 603 2432 Palario
648 2378 929 2432 eximium
990 2377 1159 2431 illum
1201 2392 1402 2431 ensem
1464 2377 1738 2445 donavit;
1801 2392 2028 2447 pannos

379 2467 647 2522 attalicos
679 2472 987 2538 vestesque
1038 2466 1373 2537 peregrinas
1426 2465 1683 2536 ingentis
1735 2464 1902 2535 pretii
1956 2465 2025 2519 ad

381 2557 708 2612 solitarium
740 2556 1105 2610 somniorum
1158 2554 1537 2625 interpretem
1590 2553 1774 2619 misit,
1831 2558 2027 2624 togam

381 2663 737 2717 purpuream
774 2650 831 2699 et
860 2662 1138 2699 coronam
1163 2643 1387 2699 Palario
1415 2643 1716 2698 commisit
1742 2642 1801 2697 in
1834 2659 2029 2714 gynaa-

385 2752 551 2790 ceum
585 2736 955 2802 deferendas,
992 2751 1105 2805 quo
1150 2740 1209 2787 et
1260 2733 1388 2805 ipse
1435 2750 1567 2787 mox
1611 2732 1914 2803 in0pinato
1947 2732 2032 2787 ire

382 2825 584 2879 voluit.
634 2825 927 2894 Ingressis
972 2823 1263 2877 ambobus
1315 2822 1374 2875 in
1423 2820 1762 2876 cubiculum
1796 2820 2030 2875 Paladis

382 2913 619 2984 reginae,
652 2913 854 2969 eodem
907 2912 1171 2966 advocari
1229 2928 1328 2965 rex
1376 2911 1562 2980 jussit
1622 2915 1678 2965 et
1736 2908 2029 2981 pellicem,

384 3019 561 3073 quam
608 3002 932 3072 deperibat,
974 3000 1386 3055 dissimulante
1424 2999 1653 3070 injurias
1688 3004 1861 3053 tantae
1895 3016 2030 3054 sen-

381 3108 511 3146 sum
546 3091 779 3160 Palade,
831 3107 933 3161 pro
992 3107 1095 3145 sua
1156 3096 1362 3145 caetera
1390 3089 1815 3159 {moderatione
1846 3106 1909 3143 ac
1938 3106 2030 3144 sa-

381 3180 622 3252 pientia,
656 3197 773 3251 qua
831 3182 1017 3235 fretus
1077 3198 1172 3235 rex
1233 3180 1476 3235 minime
1530 3180 1776 3235 curabat
1823 3181 1895 3233 de
1925 3179 2034 3234 hac

2142 2007 2362 2062 natium
2400 2007 2497 2063 lux
2528 2026 2640 2064 non
2676 2009 2789 2064 nisi
2838 2015 3086 2065 remissa
3120 2011 3511 2083 pertingebat,
3559 2012 3800 2083 proprio

2141 2096 2459 2168 splendens
2492 2098 2733 2166 lumine,
2768 2099 2951 2154 aciem
2997 2100 3392 2170 spectantium
3445 2101 3809 2157 suavissime

2141 2187 2499 2257 perstrinxit.
2536 2187 2676 2252 Rex,
2735 2189 2961 2243 dudum
3025 2190 3211 2244 forma
3265 2194 3470 2259 captus
3529 2190 3807 2247 mulieris

2139 2273 2322 2341 illius,
2348 2292 2480 2331 cum
2507 2276 2630 2345 jam
2661 2276 2821 2331 illam
2856 2286 2971 2331 tam
3006 2276 3270 2348 speciose
3303 2278 3631 2333 radiantem
3680 2279 3811 2333 mi-

2140 2365 2250 2420 stis
2279 2366 2397 2420 oris
2429 2383 2495 2421 ac
2527 2371 2673 2436 togae
2706 2366 3043 2439 fulguribus
3088 2367 3330 2435 videret,
3382 2368 3584 2439 gestiit
3634 2368 3805 2425 haud

2140 2454 2315 2509 dubie
2342 2455 2399 2509 in
2436 2455 2650 2509 indicia
2680 2456 3031 2510 naturaliter
3061 2474 3128 2511 ex
3165 2457 3355 2512 oculis
3386 2458 3680 2512 exstantia
3711 2463 3803 2513 te-

2141 2544 2382 2599 nerrimi
2407 2545 2778 2616 amoris,qua3
2802 2562 2899 2600 cor
2918 2545 3542 2617 Paladis,triumphum
3567 2547 3801 2603 ωωυιω

2142 2643 2459 2709 cernentis,
2492 2642 2606 2698 alte
2655 2643 3186 2699 convulnenarunt.
3238 2645 3634 2701 Exacerbabat
3667 2645 3797 2718 pla-

2141 2747 2276 2802 gam
2309 2731 2476 2787 dolor
2525 2733 2798 2788 conscius
2855 2750 3016 2788 saeve
3073 2733 3465 2803 necessitatis,
3515 2751 3631 2804 qua
3661 2752 3805 2790 coa-

2141 2825 2296 2876 ctam
2331 2838 2393 2876 se
2416 2822 2764 2877 meminerat
2794 2838 2985 2877 errare
3042 2822 3103 2877 in
3164 2822 3465 2889 electione,
3498 2828 3662 2878 tanto
3690 2825 3801 2879 ad-

2141 2910 2411 2966 versariae
2443 2928 2562 2966 sua:
2613 2913 2944 2966 commodo.
2978 2911 3095 2966 Hos
3121 2911 3302 2966 animi
3355 2916 3537 2967 aestus
3596 2912 3801 2969 incen-

2143 3000 2321 3055 debat
2364 3016 2596 3055 morsus
2655 2999 2844 3055 acrior
2886 3015 3110 3054 arcanae
3167 3000 3482 3072 zelotypim,
3517 3017 3655 3072 qua,
3689 3004 3805 3058 etsi

2144 3103 2379 3141 summo
2414 3103 2647 3158 semper
2702 3086 3080 3142 dissimulata
3133 3087 3330 3143 studio
3362 3090 3566 3144 intime
3598 3094 3805 3146 tamen

2144 3175 2369 3229 dudum
2404 3175 2688 3230 muliebre
2738 3175 3020 3230 urebatur
3069 3180 3292 3248 pectus.
3333 3178 3561 3247 Adjecit
3590 3193 3804 3234 cumu-

386 3288 495 3325 sua
525 3269 687 3325 illam
724 3270 1179 3341 intemperantia
1209 3270 1418 3324 celare.
1466 3269 1755 3323 Adductis
1799 3284 1937 3338 ergo
1969 3268 2026 3321 in
2062 3296 2104 3361 Ο
2145 3263 2277 3361 tum
2302 3268 2389 3361 tot
2419 3262 2633 3361 furoris
2691 3263 3005 3361 causisl‘et
3061 3266 3231 3335 quasi
3268 3265 3481 3361 pisum
3520 3267 3805 3361 flammae

383 3361 538 3430 regis
564 3363 943 3430 conspectum
980 3375 1157 3414 uxore
1188 3358 1369 3414 simul
1403 3362 1462 3413 et
1494 3357 1719 3427 pellice,
1762 3373 1860 3411 rex
1889 3372 2026 3410 con-

381 3465 587 3503 versus
619 3449 687 3503 ad
722 3449 1008 3520 reginam.
1044 3447 1204 3519 Elige
1262 3448 1415 3517 quod
1474 3447 1679 3512 mavis,
1712 3444 1928 3513 inquit,
1962 3460 2031 3497 ex

383 3538 493 3592 hac
524 3542 655 3609 toga
697 3553 990 3608 purpurea
1021 3540 1078 3590 et
1106 3552 1347 3600 corona;
1389 3535 1544 3603 quod
1583 3538 1643 3587 tu
1700 3532 2027 3602 reliqueris,

386 3626 509 3681 haec
540 3626 718 3681 tollet.
755 3629 1076 3680 Cunctante
1127 3625 1182 3676 in
1236 3621 1608 3676 deliberando
1644 3619 1871 3690 Palade,
1927 3621 2028 3676 Pa-

384 3713 568 3768 larius
587 3718 809 3781 astans,
833 3720 890 3767 et
912 3715 1276 3781 compertum
1322 3710 1565 3777 habens,
1600 3709 1782 3764 multo
1815 3710 2029 3779 pretio-

384 3802 598 3857 siorem
633 3818 846 3855 corona
883 3804 1103 3855 vestem
1163 3816 1311 3865 esse,
1384 3799 1545 3853 nictu
1604 3799 1757 3855 oculi
1815 3799 2029 3854 furtivo

382 3891 599 3960 reginae
631 3891 919 3958 innuit,ut
950 3895 1143 3961 togam
1165 3889 1424 3961 eligeret.
1470 3890 1812 3944 Observavit
1858 3889 2027 3943 illum

382 3986 594 4035 nutum
620 3997 738 4048 rex,
785 3986 843 4036 et
887 3982 995 4035 hoc
1022 3981 1218 4051 ipsum
1243 3996 1377 4034 cum
1406 3979 1670 4034 Palarius
1697 3984 1824 4033 tum
1858 3979 2031 4034 Palas

382 4072 936 4141 animadvertentes,
969 4071 1094 4143 pari
1146 4071 1319 4126 ambo
1369 4086 1509 4123 cura
1560 4073 1907 4124 aestuarunt.
1944 4072 2030 4123 Ita

379 4159 465 4214 illi
515 4162 586 4215 ad
641 4160 1012 4231 procuranda
1067 4159 1218 4229 regis
1272 4175 1337 4213 ac
1397 4157 1558 4228 regni
1611 4159 1921 4213 commoda
1962 4174 2029 4212 ex

380 4258 565 4313 multo
591 4260 715 4328 jam
750 4264 1012 4329 tempore
1030 4257 1470 4329 conspirabant,
1493 4262 1557 4309 ut
1578 4255 2029 4323 diligentissime

381 4352 671 4414 caverent,
723 4364 795 4403 ne
848 4346 1028 4402 ullam
1083 4348 1236 4401 inter
1304 4363 1399 4400 eos
1457 4361 1588 4400 esse
1646 4344 2026 4400 consiliorum

380 4436 857 4491 communionem
893 4435 1180 4504 suspicari
1209 4434 1525 4505 quisquam
1577 4439 1806 4504 posset;
1848 4449 2028 4503 quare

378 4525 437 4580 in
474 4530 618 4581 nutu
650 4526 749 4581 illo
802 4532 943 4580 tunc
1003 4525 1376 4596 deprehensi,
1437 4524 1609 4578 tacite
1638 4540 1740 4593 pro
1773 4539 1834 4578 se
1866 4523 2026 4593 quis-

379 4631 493 4685 que
524 4616 907 4671 decreverunt
941 4617 1078 4669 dare
1128 4613 1396 4669 sedulam
1448 4629 1683 4682 operam
1721 4628 1791 4665 ne
1831 4616 2029 4682 posset

377 4719 476 4757 rex
508 4703 619 4758 isto
667 4721 735 4758 ex
794 4705 962 4776 signo
1016 4702 1341 4773 intelligere
1374 4702 1529 4772 quod
1563 4701 1829 4765 ignorare
1858 4699 2026 4754 illum

378 4794 633 4847 maxime
661 4793 950 4847 volebant.
988 4792 1127 4846 Eam
1164 4792 1234 4845 ad
1279 4807 1394 4845 rem
1443 4790 1720 4858 deinceps
1768 4788 2028 4844 Palarius

379 4883 671 4937 affectavit
702 4881 958 4936 similem
984 4880 1134 4935 oculi
1163 4881 1383 4934 nictum
1407 4878 1879 4949 frequentissime
1902 4878 2030 4933 sine

379 4995 556 5033 causa
587 4981 778 5045 edere,
813 4997 926 5048 quo
956 4997 1053 5033 rex
1081 4979 1290 5032 vitium
1351 4977 1409 5031 id
1470 4975 1622 5030 oculi
1683 4993 1797 5031 non
1845 4982 2025 5031 artem

377 5068 771 5137 existimaret;
817 5068 877 5123 in
931 5084 1117 5139 eoque
1163 5074 1280 5122 tam
1314 5070 1594 5120 constans
1627 5065 1754 5131 fuit,
1792 5070 1855 5119 ut
1885 5082 2028 5136 qua-

377 5155 651 5225 draginta
682 5158 821 5214 totis
849 5158 1043 5226 annis,
1068 5161 1210 5227 quot
1241 5156 1452 5211 deinde
1497 5155 1825 5226 permansit
1874 5156 2025 5223 apud

376 5260 572 5315 regem
602 5246 905 5315 assiduus,
941 5246 1146 5301 nictari
1207 5244 1459 5301 subinde
1518 5243 1686 5299 oculo
1734 5244 2028 5309 similiter,

373 5340 441 5388 ut
473 5338 613 5388 tunc
647 5335 881 5400 fecerat,
941 5353 1056 5391 non
1113 5335 1424 5389 destiterit.
1468 5333 1690 5405 Regina
1746 5350 1901 5400 vero,
1962 5349 2031 5387 ne

372 5422 554 5477 istum
589 5428 799 5477 nutum
835 5423 923 5477 vel
972 5424 1335 5479 intellexisse
1378 5422 1463 5478 vel
1517 5425 1775 5477 secutam
1810 5438 1871 5476 se
1901 5438 2031 5477 esse

373 5512 665 5583 suspicari
700 5529 796 5566 rex
832 5518 1048 5583 posset,
1107 5514 1177 5565 de
1230 5512 1527 5567 industria
1585 5516 1791 5566 contra
1849 5527 2029 5581 quam

373 5600 471 5655 ille
504 5601 871 5654 monstrabat
912 5599 1067 5663 fecit,
1115 5617 1387 5654 coronam
1438 5600 1661 5669 eligens
1724 5616 1844 5669 praa
1878 5598 2031 5668 palla

373 5687 475 5742 illa
509 5706 824 5758 purpurea,
878 5688 1013 5743 licet
1064 5688 1215 5741 hanc
1251 5706 1362 5743 non
1398 5690 1693 5759 ignoraret
1724 5688 2027 5758 pretiosio-

379 5792 500 5830 I‘Bll'l
534 5794 681 5831 esse.

2145 3350 2396 3417 adiddit,
2432 3366 2540 3405 vox
2597 3354 2738 3405 tunc
2797 3353 3000 3407 audita
3057 3354 3471 3425 compellantis
3520 3356 3802 3412 Palarlem

2146 3438 2320 3509 regis,
2355 3438 2447 3493 his
2481 3440 2801 3495 admodum
2834 3441 3027 3496 verbis
3061 3458 3073 3496 :
3107 3443 3347 3515 Semper
3378 3448 3436 3499 te
3467 3445 3806 3515 prudentis-

2146 3530 2384 3594 simam,
2410 3546 2539 3586 mea
2564 3531 2751 3599 Palas,
2780 3532 3175 3600 adverteram;
3219 3552 3375 3589 nunc
3408 3550 3585 3606 cogor
3613 3553 3800 3607 agno-

2146 3634 2309 3673 scere
2342 3619 2542 3674 minus
2573 3619 2744 3675 hodie
2789 3622 3060 3692 sapuisse
3090 3626 3146 3677 te
3172 3638 3304 3677 cum
3337 3623 3487 3679 hanc
3519 3640 3801 3679 coronam

2145 3706 2229 3763 illi
2261 3714 2410 3781 togae
2440 3710 2809 3781 praeoptasti;
2868 3727 2939 3764 en
3003 3717 3067 3766 ut
3124 3717 3319 3784 spreto
3371 3730 3403 3767 a
3445 3717 3503 3768 te
3553 3730 3808 3769 munere

2146 3799 2337 3853 amica
2369 3816 2526 3853 nunc
2558 3799 2838 3870 praecellit
2870 3816 3019 3857 mea.
3053 3802 3157 3857 Hic
3187 3801 3359 3872 quasi
3380 3801 3630 3858 ultimus
3653 3803 3805 3858 arie-

2146 3890 2220 3943 tis
2252 3889 2621 3959 impulsusin
2644 3906 2878 3945 murum
2898 3891 2956 3945 in
2983 3892 3213 3947 ruinam
3240 3908 3511 3964 pronum,
3534 3893 3808 3949 conside-

2146 3978 2458 4033 ratissimae
2483 3978 2628 4033 alias
2651 3989 2928 4034 matronae
2946 3981 3341 4036 constantiam
3366 3984 3588 4037 evertit.
3620 3987 3807 4039 Passa

2144 4067 2426 4138 quiddam
2458 4068 2829 4137 humanitus,
2882 4087 3017 4125 cum
3076 4071 3252 4126 etiam
3304 4070 3592 4126 insultare
3645 4070 3805 4127 ultro

2144 4162 2258 4217 sibi
2290 4180 2484 4235 regem
2520 4164 2883 4235 opinaretur,
2918 4182 3091 4236 quam
3144 4183 3322 4222 manu
3368 4167 3639 4237 gestabat
3670 4166 3806 4223 lan-

2143 4269 2269 4306 cem
2302 4256 2460 4306 recta
2482 4252 2541 4306 in
2576 4254 2704 4323 ejus
2726 4260 2899 4323 caput
2931 4255 3197 4326 impegit,
3222 4258 3304 4311 ita
3325 4262 3390 4311 ut
3417 4258 3547 4327 ejus
3577 4258 3805 4313 cidaris

2142 4357 2208 4395 ac
2240 4345 2425 4395 totum
2476 4340 2961 4411 paludamentum
3019 4346 3203 4400 etl‘uso
3262 4361 3329 4399 ac
3387 4345 3537 4400 fmde
3588 4362 3803 4417 sparso

2133 4430 2270 4498 jure
2302 4429 2735 4500 inquinaretur,
2782 4448 3031 4503 moxque
3063 4439 3331 4489 avertens
3373 4434 3540 4490 abiit.
3575 4435 3803 4491 Excan-

2141 4518 2269 4572 duit
2295 4535 2415 4583 rex,
2472 4536 2741 4590 proceres
2799 4521 3246 4577 exhorruerunt.
3300 4522 3493 4578 Pellex
3550 4524 3609 4578 in
3659 4524 3800 4580 sinu

2140 4609 2358 4681 gavisa,
2391 4616 2449 4665 et
2500 4612 2762 4682 proxime
2793 4629 2856 4668 se
2888 4614 3189 4669 admotam
3235 4613 3360 4685 spei
3406 4614 3569 4686 regni
3620 4616 3804 4671 tacite

2139 4698 2468 4769 gratulans,
2498 4699 2572 4753 iis
2604 4716 2797 4771 regem
2829 4701 3017 4756 oculis
3045 4702 3292 4773 aspexit,
3325 4702 3423 4773 qui
3458 4702 3684 4757 aemulae
3706 4705 3802 4759 in-

2139 4788 2381 4842 teritum
2415 4790 2623 4859 quavis
2665 4790 2962 4846 efficacius
3012 4791 3387 4846 accusatione
3432 4800 3797 4862 perorarent.

2140 4875 2314 4947 Regis
2346 4881 2477 4947 post
2515 4876 2809 4932 intentum
2840 4883 2900 4933 et
2930 4878 3086 4933 varie
3134 4878 3455 4935 sollicitum
3488 4879 3800 4937 silentium

2141 4964 2431 5020 universae
2473 4965 2619 5021 aulae
2661 4967 2955 5023 sententia
2988 4968 3247 5022 intonuit
3280 4968 3586 5024 :Tollatur
3615 4985 3646 5024 e
3678 4986 3808 5025 me-

2140 5053 2236 5107 dio
2262 5070 2389 5124 quae
2411 5058 2645 5110 tantum
2670 5073 2815 5111 ausa
2835 5061 2943 5127 est;
2977 5057 3143 5113 nefas
3163 5061 3253 5112 est
3268 5058 3456 5113 vivere
3470 5063 3589 5113 tam
3612 5058 3803 5114 licen-

2138 5149 2226 5199 ter
2256 5150 2463 5216 spretae
2491 5163 2648 5201 ream
2704 5153 2915 5202 nostra;
2957 5149 3304 5219 majestatis.
3337 5149 3487 5204 Tum
3521 5151 3592 5204 ad
3628 5149 3803 5206 Pala-

2142 5232 2293 5287 rium
2328 5250 2643 5290 conversus
2697 5236 2768 5291 de
2827 5252 2987 5291 more
3019 5242 3312 5293 astantem
3350 5256 3363 5293 :
3400 5238 3530 5306 Abi,
3576 5239 3801 5304 Palari,

2141 5348 2238 5385 rex
2260 5331 2361 5400 ait,
2390 5332 2501 5386 fide
2524 5332 2669 5388 mihi
2694 5334 2868 5390 solita
2910 5340 2967 5390 et
3012 5337 3116 5392 hoc
3167 5337 3491 5409 obsequere
3518 5354 3532 5392 :
3558 5354 3703 5393 cura
3734 5343 3806 5394 ut

2142 5421 2295 5475 diem
2324 5421 2654 5478 crastinum
2687 5424 2858 5479 Palas
2891 5442 3006 5480 non
3040 5426 3251 5482 videat.
3286 5427 3390 5482 His
3440 5426 3615 5481 dictis
3663 5444 3802 5498 pcr-

2140 5510 2613 5582 turbatissimus,
2673 5513 2925 5585 abrupto
2983 5514 3268 5583 convivio,
3315 5532 3376 5571 se
3406 5515 3679 5571 cubiculo
3707 5514 3802 5571 in-

2140 5598 2337 5654 clusit.
2370 5600 2455 5655 Ibi
2482 5606 2709 5657 noctem
2747 5602 2911 5657 illam
2963 5603 3135 5675 plane
3188 5604 3523 5660 insomnem
3555 5610 3613 5661 et
3644 5605 3802 5661 duos

2140 5692 2330 5742 tresve
2356 5688 2654 5747 insecutos
2688 5692 2813 5747 dies
2846 5692 3174 5749 miserrime
3222 5693 3426 5749 anxios
3469 5694 3658 5761 duxit,
3705 5711 3800 5748 re-

2143 5777 2580 5848 ciprocantibus
2637 5780 3007 5851 intemperiis
3065 5783 3469 5854 agitatissimae
3525 5782 3802 5838 mentis:
