4120 6420
323 403 348 455 1
360 399 466 455 3'29

1348 407 1711 460 SPECIMEN
1749 410 2151 462 SAPIENTUF.
2191 413 2527 465 INDORUM
2563 413 2726 464 VET.

3613 415 3632 466 1
3644 369 3750 467 3ἐο

320 526 645 582 saevissime
677 527 1001 598 praesertim
1061 528 1478 583 cruciabantur
1512 535 1843 585 recurrentc
1880 547 1979 601 per
2012 535 2062 595 Α
2096 533 2380 587 attentius
2424 539 2774 605 reputasset,
2825 535 3111 590 intellexit
3170 536 3534 591 innocentem
3594 558 3624 592 τι
3684 556 3745 593 se

317 618 498 683 vices,
536 621 669 687 post
700 624 1045 689 evaporatas
1075 618 1172 672 ira:
1222 619 1427 688 furias,
1478 619 1763 675 memoria
1817 620 1987 674 meri-

324 712 521 764 torum
556 707 908 778 ingentium,
943 709 1240 764 verissimi
1273 712 1493 767 amoris
1525 716 1577 766 et
1633 711 1986 782 perspectis-

324 797 492 853 simaa
523 797 661 852 ﬁdei
694 798 949 854 Paladis.

395 924 519 980 VII.
556 923 801 979 Interim
832 924 1099 980 Palarius
1131 925 1446 981 abductam
1485 929 1682 981 statim
1746 944 1775 982 e
1824 927 1984 998 regia

326 1013 624 1079 Paladem,
660 1013 828 1084 quasi
863 1014 1191 1083 adjussum
1227 1016 1380 1086 regis
1411 1018 1877 1087 exsequendum,
1920 1018 1979 1070 in

323 1103 555 1158 intimis
587 1103 839 1174 gynmcei
874 1103 966 1157 sui
1017 1104 1320 1159 domestici
1365 1104 1606 1160 latebris
1652 1107 1982 1174 abscondit,

321 1192 574 1246 multum
608 1191 797 1247 obiter
831 1193 1161 1248 incusatum
1192 1195 1346 1264 quod
1383 1195 1442 1249 in
1491 1195 1670 1249 istum
1721 1197 1979 1251 furorem

323 1281 639 1352 erupisset.
673 1282 759 1336 Ad
794 1281 1049 1352 quaeilla
1091 1300 1104 1337 :
1150 1288 1484 1350 Peccatum,
1536 1284 1750 1354 inquit,
1782 1301 1977 1339 meum

320 1370 518 1426 subita
549 1372 750 1425 statim
785 1371 1128 1441 pmnitentia
1170 1373 1493 1428 damnavit.
1543 1377 1626 1427 Tu
1683 1374 1771 1428 fac
1820 1374 1978 1443 quod

315 1461 518 1521 debes.
551 1465 609 1515 et
659 1460 779 1532 regi
830 1460 1189 1532 obsequere;
1245 1479 1358 1516 non
1413 1467 1734 1517 merentem
1805 1464 1976 1517 modo

317 1566 430 1617 me,
467 1550 567 1603 sed
596 1554 652 1602 et
702 1548 994 1603 volentem
1056 1548 1146 1603 his
1207 1549 1336 1604 vita
1397 1549 1676 1604 ﬂuctibus
1736 1549 1974 1619 eripies.

318 1639 424 1692 Cui
460 1637 746 1703 Palarius,
780 1637 938 1691 Bona
967 1637 1390 1710 verba,inquit,
1423 1655 1613 1709 regem
1649 1640 1977 1710 perderem,

321 1728 369 1782 si
403 1727 454 1782 ei
489 1743 644 1782 nunc
671 1727 1159 1798 obtemperarem.
1196 1728 1334 1783 Sine
1367 1745 1458 1782 me
1504 1729 1585 1782 uti
1642 1728 1788 1783 meis
1838 1730 1974 1783 arti-

316 1817 459 1884 bus,
489 1815 632 1870 aiias
674 1814 790 1869 vidi
823 1815 1050 1885 vicique
1083 1821 1504 1887 tempestates;
1541 1816 1691 1871 hanc
1740 1833 1975 1888 quoque

315 1869 630 1976 sper'o,diis
664 1903 800 1958 huic
836 1869 1972 1978 regnoprOpitiisjuvantibus,etlipsi1m
2006 1903 2052 1965 Β
2085 1869 2156 1924 δίί

312 1991 742 2064 tranquillitate
773 1995 1278 2048 commutandam.
1303 1994 1540 2049 Conﬁde
1570 2000 1628 2050 et
1662 2000 1788 2051 tace
1823 2014 1836 2051 :
1881 1995 1966 2049 la-

309 2081 495 2138 tuisse
529 2082 689 2137 salus
716 2082 914 2148 fuerit,
949 2083 1253 2154 recipiscet
1282 2099 1380 2138 rex
1435 2101 1448 2138 :
1511 2100 1678 2139 serva
1732 2090 1787 2138 te
1844 2100 1964 2139 me-

310 2171 443 2226 liori
475 2171 744 2243 tempori.
796 2171 912 2226 Nec
958 2170 1129 2244 plura
1179 2172 1413 2238 effatus,
1463 2172 1696 2243 proviso
1743 2177 1810 2228 ut
1867 2173 1967 2228 illa

310 2261 469 2333 regie
501 2261 836 2331 haberetur,
871 2263 971 2315 sed
1007 2261 1118 2315 sub
1149 2261 1614 2332 impenetrabitis
1659 2261 1818 2317 clave
1876 2279 1964 2317 ar-

310 2350 464 2418 cani,
497 2349 796 2404 consuetis
837 2349 963 2405 suis
1013 2350 1073 2404 in
1123 2351 1281 2422 regis
1339 2351 1556 2421 palatio
1617 2350 1965 2406 ministeriis

310 2455 372 2494 se
404 2437 770 2494 reddidit.lbi
804 2455 936 2494 cum
970 2455 1067 2492 rex
1092 2439 1193 2493 diu
1251 2441 1592 2494 admitteret
1643 2439 1960 2506 neminem,

303 2528 541 2583 tandem
573 2527 644 2581 ad
678 2543 812 2582 eum
842 2543 942 2598 pro
964 2528 1099 2597 jure
1129 2527 1548 2582 familiaritatis
1581 2527 1822 2595 intimae,
1861 2547 1962 2584 nec

304 2622 572 2684 vocatus,
606 2616 870 2672 Palarius
902 2624 1236 2688 penetrans,
1269 2618 1395 2680 Quo
1425 2618 1687 2683 domine,
1721 2619 1821 2684 ait,
1867 2618 1962 2673 hic

306 2707 505 2762 luctus
536 2711 657 2761 tam
691 2707 953 2778 perlinax
975 2706 1002 2760 Τ
1034 2723 1139 2761 cur
1162 2710 1216 2761 te
1249 2723 1316 2760 ac
1346 2723 1453 2762 nos
1502 2723 1707 2762 omnes
1765 2712 1959 2762 tecum

310 2797 580 2853 occidis?
609 2797 752 2852 Sera
784 2795 1126 2867 poenitentia
1170 2813 1270 2851 nec
1321 2795 1553 2850 laudem
1607 2813 1712 2851 nec
1758 2812 1958 2865 usum,

304 2902 377 2942 ne
410 2886 636 2941 veniam
670 2885 907 2956 quidem
934 2885 1137 2940 habet:
1164 2887 1307 2957 quin
1361 2890 1418 2940 et
1468 2885 1814 2958 gravissime
1869 2887 1960 2940 vi-

305 2979 667 3048 tuperatura
699 2973 1092 3046 sapientibus,
1133 2973 1381 3028 insaniae
1427 2975 1713 3029 ascribere
1767 2974 1958 3030 solitis

308 3066 568 3120 dolorem
603 3065 672 3119 de
705 3080 844 3119 casu
881 3062 1267 3128 irrevocabili,
1296 3080 1408 3133 quo
1440 3069 1497 3118 et
1527 3064 1764 3119 animus
1814 3064 1960 3135 deji-

307 3154 479 3220 citur,
514 3158 570 3207 et
594 3169 810 3224 corpus
845 3156 1197 3219 maceratur,
1240 3157 1297 3207 et
1346 3151 1568 3207 malum
1620 3153 1959 3208 immedica-

303 3241 767 3298 bileinfortunic
804 3242 971 3313 longe
1016 3241 1242 3296 tetriori
1285 3242 1764 3308 cumulatur.Qui
1819 3243 1957 3298 huic

305 3331 576 3403 indulget
607 3332 836 3386 atlectui
871 3331 1172 3387 homicida
1202 3332 1293 3387 sui
1329 3332 1517 3404 ipsius
1551 3337 1660 3395 est,
1711 3332 1960 3388 aemulus

308 3421 578 3478 stultitiae
629 3420 886 3476 columbi
945 3421 1046 3492 qui
1103 3421 1294 3476 occisa
1355 3438 1458 3492 per
1501 3422 1962 3493 imprudentiam

308 3509 1280 3582 compare,mmroreipseinteriit.
1338 3509 1560 3564 Fabula
1614 3528 1731 3565 non
1791 3511 1965 3582 longa

307 3601 391 3655 sic
424 3607 700 3654 narratur
731 3597 1091 3655 :Columbus
1122 3605 1180 3652 et
1212 3597 1648 3669 columbaivitaa
1679 3599 1825 3654 inita
1871 3618 1966 3655 so-

309 3689 542 3754 cietate,
576 3689 778 3760 granis
808 3686 1055 3742 humore
1091 3686 1344 3758 turgidis
1377 3687 1524 3741 satis
1558 3703 1768 3757 magna
1797 3690 1968 3759 ecpia

312 3778 618 3849 congestis
657 3779 716 3830 in
749 3793 955 3830 cavum
1006 3775 1312 3843 familiare,
1369 3775 1669 3830 communi
1722 3776 1965 3831 consilio

312 3870 692 3922 decreverant
721 3883 788 3921 ex
841 3882 906 3920 eo
964 3865 1200 3920 cumulo
1251 3864 1397 3919 nihil
1452 3881 1713 3935 carpere,
1773 3867 1963 3936 qunad

308 3975 413 4030 per
435 3961 697 4012 aestatem
731 3959 1074 4026 suppeteret
1101 3953 1381 4025 pabulum
1415 3954 1472 4008 in
1537 3953 1732 4025 agris;
1778 3971 1966 4009 anno-

309 4063 447 4102 nam
480 4045 700 4116 quippe
732 4043 893 4098 illam
922 4044 979 4098 in
1008 4043 1262 4098 hiemem
1299 4042 1691 4114 providerant.
1728 4043 1965 4098 Interim

312 4136 488 4191 ardor
539 4134 669 4189 C(Bll
720 4132 1053 4188 solstitialis
1105 4132 1222 4188 late
1281 4132 1483 4187 omnia
1529 4148 1877 4202 excoquens,
1909 4133 1966 4187 in

313 4225 585 4280 horreum
623 4239 855 4294 quoque
908 4223 1067 4278 istud
1131 4221 1537 4278 columbinum
1603 4223 1970 4292 penetravit;

315 4315 496 4385 hujus
528 4313 576 4367 vi
609 4313 832 4384 granis,
867 4312 1114 4367 humido
1150 4315 1205 4366 in
1240 4328 1486 4384 vapores
1517 4310 1970 4377 exhalante,¢le-

317 4401 805 4468 tumescentibus,
841 4400 1214 4472 singulisque
1239 4403 1362 4470 jam
1397 4400 1456 4454 in
1483 4405 1694 4456 molem
1725 4399 1972 4455 dimidio

317 4493 605 4547 minorem
640 4490 986 4553 extenuatis,
1022 4489 1270 4560 contigit
1312 4506 1584 4544 acervum
1629 4507 1858 4559 quoque
1889 4491 1972 4561 ip-

317 4599 449 4638 sum
483 4581 606 4652 pari
639 4579 1012 4652 proportione
1044 4581 1401 4633 decrescere.
1436 4583 1577 4645 Hoc,
1614 4579 1847 4634 rediens
1880 4581 1972 4634 die

321 4671 574 4742 quadam
605 4671 761 4725 circa
793 4667 1258 4739 aequinoctialem
1313 4666 1630 4732 cardinem,
1664 4667 1972 4722 columbus

322 4761 380 4815 in
416 4761 645 4825 nidum,
688 4759 787 4813 ubi
851 4757 1386 4821 animadvertisset,
1437 4761 1675 4823 temere,
1721 4773 1787 4810 ex
1823 4774 1971 4810 vana

323 4848 954 4920 suspicionejudicans
977 4845 1309 4901 columbam
1342 4849 1467 4898 tum
1521 4845 1642 4899 ovis
1683 4845 1972 4900 incuban-

322 4945 464 5005 tem,
497 4943 700 4994 contra
731 4936 1127 4992 communiter
1147 4935 1399 5001 decreta,
1427 4935 1710 4991 vescendo
1737 4952 1803 4990 ex
1837 4936 1974 4990 hor—

322 5046 418 5084 reo
467 5026 782 5082 hiemalem
833 5023 1251 5095 intempestiva
1307 5023 1626 5079 voracitate
1691 5025 1974 5079 minuisse

324 5122 742 5183 commeatum,
776 5132 904 5170 eam
939 5119 1128 5168 rostro
1162 5119 1224 5168 et
1251 5112 1552 5185 unguibus
1576 5115 1762 5168 iratus
1794 5131 1972 5185 appe-

325 5209 438 5272 tiit,
475 5207 872 5276 miseramque
899 5204 1106 5259 tandiu
1159 5203 1423 5270 repetitis
1446 5203 1672 5257 ictibus
1705 5204 1975 5257 contudit

326 5297 517 5367 quoad
556 5302 787 5348 mortua
819 5293 1171 5348 concideret.
1209 5293 1688 5362 Supervenerunt
1718 5292 1870 5346 haud
1896 5292 1976 5346 ita

330 5386 518 5440 multo
551 5389 682 5455 post
712 5384 931 5437 imbres
965 5381 1359 5447 autumnales,
1391 5384 1448 5435 et
1480 5380 1848 5435 humefacius
1881 5400 1980 5436 aer

326 5493 532 5548 grana,
581 5474 906 5538 insinuato,
962 5477 1024 5527 ut
1083 5471 1250 5540 solet,
1312 5473 1552 5526 madore
1608 5473 1975 5540 distendens,

328 5582 586 5620 massam
621 5562 877 5631 congesti
913 5562 1090 5616 tritici
1127 5562 1195 5614 ad
1233 5561 1700 5632 magnitudinem
1725 5562 1772 5616 ei
1800 5580 1975 5632 quam

326 5672 503 5709 verno
536 5660 796 5723 tempore
831 5650 1182 5722 prmtulerat,
1220 5666 1415 5719 parem
1459 5649 1704 5704 inflavit.
1761 5651 1977 5705 Obser-

328 5747 483 5802 vavit
513 5747 568 5800 id
604 5743 934 5804 columbus,
961 5740 1212 5812 primum
1249 5739 1552 5794 admirans
1579 5757 1592 5794 :
1618 5739 1826 5794 deinde
1847 5759 1976 5796 cum

2089 622 2400 693 conjugem
2439 623 2584 678 falso
2627 626 2877 680 crimine
2935 640 3302 696 oppressam,
3365 628 3517 680 unde
3573 628 3743 682 illum

2087 715 2295 766 tantus
2327 711 2544 767 invasit
2572 712 2740 768 dolor
2771 719 2835 769 ut
2857 714 3014 768 brevi
3048 713 3449 785 exspiraverit.
3484 716 3743 787 Subjun-

2089 815 2219 868 gam
2252 805 2309 855 et
2341 801 2524 856 alium
2565 801 2702 857 huic
2750 802 3059 873 apologum
3124 820 3136 856 :
3186 802 3404 858 Simius
3451 805 3742 875 pugillum

2092 888 2510 944 lenticularum
2541 907 2571 945 e
2602 907 2770 946 sacco
2801 891 3042 946 viatoris
3083 892 3194 946 sub
3254 908 3361 945 sua
3407 893 3746 948 recubantis

2090 978 2299 1032 arbore
2333 980 2582 1048 furatus,
2612 981 2752 1035 dum
2784 997 2814 1035 e
2846 979 3053 1052 rapina
3085 995 3194 1034 sua
3229 981 3508 1045 vescitur,
3568 982 3744 1038 lentis

2090 1065 2203 1137 ipsi
2229 1067 2556 1138 granellum
2594 1070 2737 1124 forte
2768 1086 2954 1124 unum
2988 1069 3222 1124 excidit.
3257 1069 3372 1124 Hoc
3403 1069 3500 1124 ille
3543 1075 3607 1124 ut
3653 1090 3743 1127 re-

2087 1156 2310 1226 ciperet
2340 1175 2582 1213 manum
2616 1161 2956 1220 extendens,
2995 1157 3302 1212 lenticulas
3331 1175 3472 1228 quas
3504 1175 3572 1213 ea
3603 1177 3740 1214 con-

2089 1245 2313 1300 tinebat
2347 1263 2553 1301 omnes
2584 1247 2791 1301 effudit
2820 1265 2886 1302 ac
2920 1247 3192 1317 perdidit;
3225 1264 3332 1301 nec
3361 1247 3524 1302 illam
3558 1266 3735 1303 unam

2087 1333 2279 1404 ipsam
2313 1350 2489 1405 quam
2524 1352 2692 1390 avare
2723 1338 2990 1404 captabat
3021 1340 3351 1390 assecutus.
3384 1341 3462 1390 De
3509 1341 3561 1391 te
3611 1355 3740 1392 nar-

2090 1429 2277 1479 ratam
2303 1424 2477 1493 hanc,
2503 1425 3026 1495 domine,fabulam
3061 1425 3532 1496 puta.Mulierem
3559 1444 3737 1481 unam

2091 1513 2562 1585 perdidisti,quid
2599 1514 3103 1570 inconsolabiliter
3134 1532 3342 1570 maeres
3367 1515 3394 1568 ἱ)
3431 1533 3536 1570 cur
3567 1522 3620 1570 te
3650 1516 3737 1570 lu-

2085 1608 2182 1658 ctu
2216 1603 2640 1658 consumis?En
2674 1604 2856 1659 habes
2889 1621 2990 1674 pro
3025 1621 3139 1658 una
3169 1605 3737 1677 innumeraszquam

2087 1707 2355 1746 revocare
2388 1691 2598 1762 nequis
2631 1692 2955 1760 desideras,
2989 1710 3138 1763 quas
3169 1693 3329 1747 vides
3362 1693 3601 1748 affluere
3651 1695 3736 1748 fa-

2085 1780 2390 1835 stidis.An
2422 1785 2691 1835 constare
2741 1781 2966 1835 ratione
3010 1781 3115 1835 tibi
3175 1781 3406 1836 videtur
3465 1783 3580 1837 ista
3630 1783 3732 1836 tri-

2167 1869 2290 1924 tia?

2145 1995 2287 2049 VIII.
2351 1993 2631 2059 Hic'rex,
2686 2011 2860 2065 quem
2921 2011 3057 2065 spes
3116 1995 3403 2050 hactenus
3461 1998 3732 2066 quazdam

2075 2084 2392 2138 lactaverat
2421 2082 2585 2137 dilati
2620 2101 2651 2137 a
2706 2083 2930 2139 Palario
2980 2084 3252 2156 supplicii
3315 2085 3567 2150 Paladis,
3620 2088 3718 2141 ubi

2071 2172 2368 2230 contraria
2399 2173 2755 2227 indicantem
2795 2173 2993 2244 ipsum
3025 2175 3216 2229 verbis
3276 2175 3448 2230 modo
3505 2176 3726 2229 auditis

2073 2261 2511 2326 animadvertit,
2536 2278 2652 2332 quo
2684 2261 3144 2334 certiusaliquod
3179 2262 3414 2317 eliceret
3440 2263 3723 2317 indicium

2071 2353 2210 2408 facti
2278 2353 2348 2407 de
2409 2368 2523 2422 quo
2576 2351 2881 2417 aestuabat,
2929 2351 3074 2414 Uno,
3134 2353 3346 2422 inquit,
3423 2352 3723 2407 excidente

2072 2442 2218 2498 mihi
2247 2441 2510 2513 perirem
2535 2441 2878 2511 ﬂagrantem
2903 2442 3298 2512 verbo'ingens
3315 2447 3402 2496 est
3426 2441 3722 2512 piaculum

2069 2529 2419 2586 admissum.
2475 2530 2560 2582 Ad
2612 2529 2765 2598 quod
2827 2528 3088 2584 Palarius
3148 2530 3414 2600 reposuit
3465 2550 3477 2585 :
3529 2530 3719 2585 Unum

2069 2606 2376 2690 prudentis
2403 2617 2646 2671 verbum
2676 2617 3126 2673 immutabiliter
3168 2619 3349 2673 ﬁxum
3399 2625 3510 2674 est.
3559 2619 3722 2673 Tunc

2068 2724 2167 2764 rex
2199 2706 2356 2762 clare
2379 2707 2503 2777 jam
2537 2706 2947 2777 pcenitentiam
2992 2707 3290 2778 proﬁtens,
3337 2705 3505 2761 Dolet
3556 2709 3719 2778 mihi,

2067 2796 2277 2861 Palari,
2322 2797 2424 2865 ait,
2469 2796 2673 2850 orbato
2729 2811 2859 2851 esse
2914 2795 3260 2850 ﬁdelissima
3316 2797 3614 2867 conjuge;
3666 2803 3723 2852 et

2068 2885 2358 2950 Palarius,
2390 2884 2570 2954 Duos,
2618 2884 2814 2955 inquit
2863 2885 3147 2956 quosdam
3192 2885 3388 2940 dolere
3439 2890 3717 2957 oportet:

2064 2976 2235 3031 illum
2269 2975 2368 3046 qui
2391 2976 2537 3030 bene
2567 2991 2871 3044 nunquam
2907 2975 3059 3043 fecit,
3085 2979 3141 3030 et
3170 2992 3306 3030 eum
3338 2975 3440 3048 qui
3483 2977 3553 3031 de
3609 2994 3720 3032 sua

2071 3066 2277 3120 ultima
2305 3063 2397 3118 die
2430 3063 2663 3135 cogitat.
2724 3063 2875 3118 Tum
2909 3080 3006 3120 rex
3068 3081 3079 3119 :
3141 3063 3200 3120 Si
3249 3064 3445 3120 videre
3501 3065 3717 3121 iterum

2065 3153 2338 3210 Paladem
2393 3169 2650 3223 possem,
2712 3151 2860 3206 nihil
2910 3169 3202 3217 curarem,
3251 3152 3398 3208 nihil
3457 3153 3718 3210 dolerem

2074 3243 2351 3314 amplius.
2387 3243 2468 3296 Ad
2519 3241 2626 3296 hoc
2685 3241 2950 3296 Palarius
2987 3259 2998 3295 :
3032 3248 3192 3298 Duos
3251 3243 3520 3298 homines
3579 3260 3721 3298 cura

2073 3336 2130 3387 et
2159 3331 2358 3386 dolore
2388 3346 2590 3384 vacare
2627 3329 2712 3383 fas
2757 3333 2847 3384 est
2895 3347 2907 3383 :
2965 3345 3100 3384 eum
3161 3329 3258 3400 qui
3315 3331 3459 3384 bene
3520 3331 3721 3386 multis

2076 3423 2281 3477 fecisse
2313 3419 2423 3474 sibi
2457 3419 2730 3474 conscius
2772 3423 2881 3486 est,
2933 3424 2989 3473 et
3038 3418 3205 3473 illum
3267 3419 3364 3490 qui
3417 3437 3720 3491 nunquam

2076 3508 2634 3582 peccavit.Rex:Urit
2666 3525 2760 3562 me
2807 3508 3165 3562 desiderium
3219 3506 3472 3576 Paladis,
3522 3525 3723 3578 quam,

2077 3601 2188 3655 heu
2219 3601 2346 3654 mel
2387 3614 2690 3668 nunquam
2727 3596 2983 3668 amplius
3015 3597 3240 3651 videbo.
3277 3596 3539 3651 Palarius
3565 3603 3722 3651 :Duo

2075 3695 2217 3743 sunt
2245 3689 2344 3758 qui
2378 3705 2493 3742 non
2526 3688 2746 3755 vident,
2781 3703 2968 3742 caecus
3021 3691 3076 3741 ct
3133 3685 3396 3741 stultus:
3452 3695 3507 3739 ut
3567 3687 3722 3742 enim

2075 3777 2202 3831 caeli
2235 3776 2428 3830 lucem
2461 3792 2650 3830 caacus
2682 3792 2796 3830 non
2823 3774 3089 3847 percipit,
3122 3792 3228 3830 nec
3279 3792 3407 3846 quae
3463 3786 3596 3830 ante
3629 3781 3727 3830 aut

2075 3865 2230 3921 circa
2281 3881 2343 3919 se
2405 3869 2540 3918 sunt
2601 3863 2806 3931 cernit,
2869 3865 2954 3920 sic
3013 3864 3233 3919 stultus
3285 3883 3398 3920 non
3448 3866 3730 3921 discernit

2074 3955 2295 4008 bonum
2331 3970 2364 4007 a
2396 3951 2569 4020 malo,
2604 3953 2974 4020 sequendum
3004 3969 3036 4007 a
3086 3953 3345 4010 vitando.
3383 3955 3501 4008 Rex
3533 3975 3548 4008 :
3575 3955 3728 4009 Nun-

2076 4058 2253 4113 quam
2316 4058 2408 4095 me
2469 4040 2707 4094 satietas
2770 4038 2998 4094 Paladis
3057 4041 3228 4109 cepit.
3293 4042 3555 4096 Palarius
3607 4047 3729 4097 Duo

2077 4140 2219 4189 sunt
2239 4134 2336 4204 qui
2364 4147 2668 4202 nunquam
2703 4131 3014 4197 satiantur,
3043 4148 3253 4186 avarus
3285 4137 3340 4185 et
3365 4132 3725 4187 luxuriosus.

2075 4229 2196 4280 Rex
2249 4241 2262 4278 :
2316 4223 2562 4277 Revocat
2619 4219 2762 4274 mihi
2825 4219 2909 4274 tui
2981 4224 3331 4291 conspectus
3382 4222 3722 4275 memoriam

2078 4315 2329 4381 Paladis,
2366 4329 2547 4384 quare
2579 4310 2777 4380 procul
2836 4316 2891 4365 te
2942 4329 2975 4366 a
3024 4327 3116 4365 me
3156 4311 3480 4382 abjungere
3520 4314 3730 4367 suadet

2080 4405 2338 4459 animus.
2411 4402 2673 4457 Palarius
2731 4417 2744 4454 :
2800 4403 3062 4465 Quatuor
3135 4400 3444 4454 hominum
3512 4417 3726 4470 genera

2081 4493 2282 4566 procul
2315 4510 2348 4548 a
2378 4496 2435 4545 te
2492 4490 2735 4560 abjungi
2784 4492 2951 4545 decet
3008 4506 3020 4543 :
3083 4490 3317 4560 impios,
3356 4489 3724 4561 insipientes,

2082 4599 2197 4636 non
2249 4580 2591 4635 conﬁtentes
2641 4577 2925 4646 jadicium
2988 4583 3042 4631 et
3095 4575 3560 4640 retributionem,
3613 4595 3728 4630 non

2081 4669 2452 4724 dominantes
2502 4667 2804 4721 affectibus
2863 4671 2919 4720 et.
2976 4665 3399 4737 cupiditatibus
3460 4667 3728 4736 propriis.

2082 4761 2245 4814 Rex:
2280 4758 2368 4814 Va:
2402 4756 2586 4812 mihi!
2648 4756 2859 4810 domus
2902 4771 3032 4809 mea
3080 4754 3306 4826 privata
3357 4758 3446 4810 est
3498 4755 3727 4809 Palade.

2084 4848 2390 4904 Palarius:
2425 4850 2684 4912 Quatuor
2728 4863 2820 4901 res
2879 4850 3018 4900 sunt
3073 4845 3420 4900 necessariis
3473 4845 3732 4916 privatae,

2084 4939 2295 4995 fluvius
2346 4954 2502 5008 aqua
2558 4953 2786 5002 carens,
2849 4940 3004 4990 terra
3062 4952 3174 4990 non
3236 4935 3459 4990 habens
3512 4951 3733 5006 regem,

2083 5046 2138 5082 m
2151 5028 2297 5082 ulier
2308 5027 2452 5081 desti
2467 5029 2591 5080 tuta
2602 5025 2708 5078 viri
2732 5026 3046 5090 consortio,
3070 5023 3244 5078 homo
3263 5040 3378 5078 non
3393 5022 3735 5078 discernens

2084 5117 2302 5170 bonum
2331 5133 2361 5168 a
2394 5115 2568 5169 male.
2607 5113 2719 5168 Rex
2750 5131 2762 5168 :
2795 5113 3040 5182 Injuste,
3085 5129 3116 5165 o
3167 5111 3375 5179 Palari,
3433 5118 3737 5184 perempta

2087 5206 2255 5260 Palas
2277 5209 2403 5271 est;
2440 5209 2497 5257 et
2529 5209 2587 5256 tu
2624 5202 2721 5271 qui
2758 5201 3053 5272 peremisti
3110 5200 3316 5254 multis
3375 5201 3735 5256 cruciatibus

2088 5296 2302 5365 dignus
2336 5293 2690 5346 es.Palarius
2716 5309 2728 5346 :
2756 5292 2898 5344 Tres
2931 5296 3070 5343 sunt
3116 5289 3278 5360 digni
3325 5291 3686 5344 cruciatibus
3722 5309 3734 5345 :

2085 5382 2415 5437 innocentis
2445 5385 2897 5444 accusator,non
2923 5387 3166 5432 vocatus
3198 5379 3463 5433 convivio
3486 5382 3736 5443 irruens,

2087 5477 2144 5526 et
2175 5476 2374 5541 raptor
2405 5469 2755 5523 alienorum.
2805 5468 2924 5522 Rex
2956 5485 2969 5532 ;
3004 5466 3302 5521 Debueras
3365 5486 3477 5521 non
3532 5484 3740 5536 reprae-

2089 5565 2322 5614 sentare
2356 5563 2472 5612 tam
2513 5557 2718 5610 festiue
2750 5554 3114 5626 supplicium
3151 5555 3400 5617 Paladis,
3425 5556 3524 5609 sed
3552 5557 3608 5608 in
3641 5554 3743 5608 tali

2089 5667 2270 5704 causa
2323 5645 2832 5717 longanimitatem
2894 5645 3193 5700 adhibere.
3255 5643 3563 5698 Palarius:
3607 5645 3746 5698 Tres

2092 5739 2369 5795 adhibere
2410 5735 2919 5807 longanimitatem
2969 5735 3184 5790 debent
3218 5751 3231 5788 :
3265 5733 3362 5803 qui
3419 5732 3740 5790 maximum
