4120 6410
316 378 459 429 1335

1838 385 2225 437 APPENDIX.

3608 391 3751 445 1336

316 502 397 555 illi
433 505 677 558 sudores
718 511 773 561 et
804 506 1315 560 mrumnosissima
1360 507 1645 577 obsequia
1705 506 1969 577 neglectu
2004 514 2053 574 Α
2091 509 2281 577 quoad
2318 508 2568 573 licuerit,
2603 511 2896 581 praeterita
2936 517 3196 584 paratus.
3232 514 3348 569 Nec
3406 515 3748 572 timendum

318 593 437 646 fere
470 600 953 665 contemptuque,
992 612 1105 649 non
1141 612 1270 649 raro
1298 595 1479 649 etiam
1512 595 1687 649 exitio
1712 611 1984 649 remune-

319 685 531 735 rantdr
562 682 573 735 l
611 683 810 736 deberi
846 683 957 737 sibi
987 682 1059 736 ab
1084 683 1363 738 omnibus
1386 684 1496 738 rati
1528 684 1751 752 omnia,
1776 684 1985 739 debere

326 786 388 823 se
422 770 741 839 quidquam
777 771 1050 840 cuiquam
1088 788 1194 825 nec
1228 772 1488 843 cogitare
1514 774 1853 843 dignantur,
1879 789 1985 827 nec

326 858 443 912 dici
475 862 789 914 sustinent.
829 860 1097 914 Libidine
1122 866 1333 915 cuncta
1368 862 1708 927 metiuntur,
1744 880 1813 916 ex
1871 880 1981 917 usu

327 964 393 1001 ac
417 948 608 1001 fructu
645 948 896 1018 propriis
925 955 1137 1004 cuncta
1164 951 1497 1006 aestimant:
1557 968 1617 1005 se
1678 969 1827 1005 unus
1885 952 1979 1005 in-

328 1040 583 1102 teuntur,
622 1036 733 1090 sibi
769 1037 901 1091 unis
934 1038 1211 1108 placent;
1246 1040 1338 1093 sui
1388 1040 1558 1094 unice
1617 1058 1980 1113 suarumque

324 1123 667 1178 deliciarum
686 1126 970 1179 rationem
993 1127 1215 1191 haberi,
1236 1145 1467 1199 mquam
1488 1138 1746 1183 censent.
1770 1131 1979 1200 Exspc-

326 1218 443 1265 ctes
468 1214 538 1265 ab
574 1213 699 1266 istis
722 1216 971 1283 gratiam
1007 1216 1212 1269 merito
1238 1217 1704 1272 misericordiam
1730 1219 1977 1273 infortu-

323 1301 441 1367 nio,
477 1302 579 1371 qui
616 1321 718 1357 nec
749 1306 976 1358 veniam
1012 1309 1225 1372 errato,
1256 1322 1354 1358 nec
1398 1308 1694 1377 supplicio
1758 1325 1977 1362 moram

324 1392 627 1463 indulgere
688 1412 948 1464 unquam
1001 1402 1255 1461 norunt;
1319 1396 1639 1452 multorum
1697 1416 1981 1453 annorum

329 1484 583 1537 servitus
616 1492 667 1537 el
690 1483 1155 1539 laboriosissime.
1188 1487 1515 1541 ministeria
1546 1505 1659 1541 uno
1695 1488 1835 1557 ipsis
1862 1506 1979 1542 mo-

333 1577 532 1626 mento
556 1572 696 1626 levis
731 1573 1170 1628 offensiunculas
1199 1575 1633 1630 oblitterantur.

406 1698 471 1751 ll.
512 1699 637 1752 Hanc
697 1699 884 1752 obiter
922 1716 1287 1770 conquerens
1340 1702 1690 1755 admovebat
1738 1718 1799 1755 se
1860 1701 1981 1756 loco

335 1788 573 1856 prOpius
610 1804 621 1839 :
656 1793 713 1841 at
746 1788 840 1842 ubi
880 1789 1007 1857 jam
1067 1804 1095 1842 e
1145 1789 1334 1844 vicino
1392 1790 1730 1845 distinctius
1786 1792 1984 1844 hausit

332 1876 515 1930 oculis
548 1877 734 1930 diram
770 1878 1024 1947 speciem
1058 1880 1347 1933 cruentati
1382 1880 1709 1951 alijectique
1742 1897 1807 1934 ac
1848 1898 1983 1934 cru-
2014 1865 2061 1928 Β

330 1964 537 2018 deliter
563 1966 633 2019 ab
668 1966 813 2019 irato
876 1966 1060 2021 ultore
1118 1968 1321 2022 calcati
1385 1968 1718 2023 charissiini
1747 1970 1980 2039 capitis,

329 2055 383 2107 in
420 2072 518 2108 cas
553 2054 733 2108 furias
758 2055 994 2122 exarsit,
1030 2062 1094 2110 ut
1121 2057 1179 2110 in
1223 2058 1450 2126 regium
1513 2057 1783 2111 involans
1843 2076 1985 2129 pue-

327 2161 454 2196 rum
493 2150 679 2197 rostro
730 2146 778 2196 ei
842 2150 1016 2214 atque
1076 2146 1377 2215 unguibus
1428 2147 1696 2200 offoderit
1757 2148 1980 2210 oculos,

326 2233 504 2291 Habe.
538 2233 836 2302 inquiens.
863 2235 1014 2303 quod
1053 2241 1105 2287 te
1139 2234 1383 2301 dignum
1418 2242 1525 2301 est,
1554 2237 1719 2300 dure,
1783 2237 1984 2291 immi-

328 2322 599 2383 sericors,
632 2322 1038 2383 ingratissmie
1072 2340 1082 2377 :
1117 2325 1265 2376 tanti
1329 2325 1613 2393 temporis
1670 2328 1983 2379 contuber-

329 2411 515 2473 nium,
544 2418 657 2461 tam
686 2410 988 2464 familiaris
1012 2412 1249 2475 hospitii
1281 2413 1841 2481 neccessitudinem,
1870 2422 1986 2467 tam

330 2504 541 2551 tenera)
576 2499 848 2553 amicitiae
876 2502 1012 2568 jura
1044 2502 1392 2555 dulcissima
1426 2519 1539 2555 non
1592 2503 1833 2572 impune
1894 2504 1986 2556 in-

332 2590 507 2641 fanda
540 2588 909 2643 immanitate
960 2590 1256 2660 pollueris.
1283 2592 1398 2644 Sub
1423 2590 1799 2645 hwcaudacis
1850 2609 1986 2645 con-

331 2679 491 2731 scius
519 2678 645 2731 facti
674 2678 730 2731 in
752 2696 987 2733 summa
1010 2680 1150 2750 regii
1178 2680 1441 2734 viridarii
1466 2682 1676 2734 arbore
1700 2684 1990 2745 consedit,

334 2768 535 2821 fruens
567 2766 700 2822 inde
732 2768 1069 2837 Spectacula
1114 2769 1540 2823 tumultuantis
1588 2769 1735 2823 aula:
1770 2771 1840 2824 ad
1892 2787 1987 2825 ca-

332 2874 464 2911 sum
529 2859 912 2912 acerbissium
966 2862 1125 2927 pueri
1180 2859 1485 2929 principis.
1538 2861 1806 2913 Accurrit
1838 2861 1991 2915 inter

331 2946 588 3014 ejulatus
649 2947 1031 3001 nutritiorum
1066 2954 1123 3002 et
1159 2949 1526 3002 cursationes
1590 2951 1982 3019 satagentium

330 3037 549 3089 frustra
580 3034 903 3089 satellitum
938 3038 1310 3092 exanimatus
1344 3055 1440 3091 rex
1474 3044 1567 3092 :et
1617 3039 1801 3093 ﬁlium
1866 3057 1987 3093 am-

327 3124 555 3193 plexus,
602 3124 921 3194 ablataque
978 3127 1379 3196 nequidquam
1434 3128 1642 3197 patriis
1710 3126 1994 3198 lacrymis

2090 600 2335 666 puta,ne
2363 599 2465 670 qui
2497 598 2781 654 offensam
2815 601 2902 655 tui
2929 606 3094 657 tanta
3119 620 3291 674 paena
3315 603 3559 671 luimus,
3581 607 3751 677 quid-

2089 702 2265 755 quam
2306 688 2363 740 in
2398 693 2451 742 te
2482 688 2760 760 deinceps
2801 692 3165 746 committere
3226 693 3571 763 audeamus,
3630 712 3747 765 quo

2087 773 2286 840 istius,
2321 793 2498 847 quam
2532 794 2665 832 vere
2696 779 3000 851 praedicas,
3032 781 3301 837 Nemesis
3324 782 3650 855 graviorem
3684 786 3747 839 in

2089 881 2195 918 nos
2226 868 2592 922 concitemus
2626 869 3018 924 iracundiam.
3053 872 3138 924 Ad
3170 887 3237 925 ea
3270 872 3583 942 psittacus,
3617 873 3744 928 Non

2087 950 2321 1019 faciam,
2358 952 2588 1022 inquit;
2623 962 2864 1010 monent
2893 956 3051 1010 enim
3111 957 3454 1028 prudentes,
3514 976 3750 1030 semper

2085 1034 2134 1088 ei
2177 1036 2277 1107 qui
2327 1038 2609 1092 damnum
2666 1039 2865 1094 intulit
2912 1042 2984 1095 ab
3019 1041 3350 1097 adversario
3383 1043 3746 1099 incommodi

2088 1126 2309 1195 accepti
2346 1143 2605 1183 memore
2636 1130 2986 1199 cavendum,
3007 1146 3193 1202 eoque
3219 1131 3405 1203 magis
3435 1133 3744 1188 vitandum

2086 1216 2213 1283 ejus
2246 1232 2547 1271 accessum
2582 1234 2693 1287 quo
2727 1217 2821 1273 ille
2844 1219 3179 1273 invitaverit
3233 1220 3575 1275 instantius.
3623 1225 3745 1276 Au—

2087 1303 2205 1356 divi
2260 1309 2316 1357 et
2379 1303 2523 1359 illud
2574 1306 2647 1359 ab
2714 1306 2943 1361 idoneis
3011 1307 3372 1375 auctoribus,
3449 1311 3745 1381 genitores

2090 1392 2342 1462 sapienti
2396 1394 2723 1450 amicorum
2782 1395 2909 1451 loco
2968 1396 3297 1461 habendos,
3357 1399 3569 1453 fratres
3636 1417 3745 1470 pro

2090 1481 2404 1537 comitibus
2438 1484 2690 1552 itineris,
2724 1502 2962 1539 uxarem
2995 1503 3097 1555 pro
3131 1487 3557 1555 contubernali,
3593 1488 3746 1543 ﬁlios

2092 1588 2195 1641 pro
2230 1570 2557 1627 tabellariis
2580 1575 2925 1629 memoriam
2949 1575 3133 1646 patris
3166 1576 3233 1629 ad
3260 1581 3525 1646 posteros
3559 1577 3747 1646 perla-

2090 1659 2259 1726 turis,
2295 1659 2445 1714 ﬁlias
2478 1663 2930 1717 utadversarias
2970 1664 3030 1718 in
3092 1663 3197 1718 lite
3256 1664 3743 1734 considerandas,

2093 1753 2395 1817 cognatos,
2431 1755 2495 1802 ut
2530 1751 2883 1806 feneratores
2916 1753 3129 1807 acriter
3161 1757 3492 1823 repetentes
3523 1753 3741 1821 debita,

2095 1853 2155 1891 se
2183 1838 2402 1907 ipsum,
2432 1843 2494 1893 ut
2525 1838 2857 1895 solitarium
2884 1843 3043 1896 omni
3068 1843 3382 1897 affectuum
3419 1843 3745 1897 necessitu-

2094 1926 2227 1980 dine
2261 1926 2540 1984 solutum.
2575 1929 2676 1983 His
2700 1946 2806 2001 ego
2833 1931 3187 2002 praascriptis
3205 1933 3560 2002 obsequens,
3584 1949 3747 1987 rece-

2092 2015 2227 2069 dere
2261 2016 2319 2069 in
2351 2016 2731 2073 solitudinem
2767 2019 2968 2074 statui.

2164 2142 2257 2195 ΙΙΙ.
2291 2142 2583 2196 Adversus
2612 2160 2678 2197 ea
2710 2160 2846 2197 rex:
2881 2144 2939 2198 Si
2990 2160 3023 2197 a
3080 2149 3136 2198 te
3193 2145 3518 2214 profectum
3584 2150 3749 2199 esset

2094 2231 2229 2285 rixze
2263 2248 2327 2284 ac
2356 2248 2517 2285 noxae
2550 2232 2805 2299 initium,
2834 2233 2966 2302 jure
2992 2233 3163 2287 nobis
3188 2234 3366 2288 ﬁdere
3408 2238 3744 2303 metueres;

2093 2337 2249 2374 nunc
2280 2338 2407 2374 rum
2461 2322 2641 2389 hujus
2699 2324 2852 2391 quod
2917 2322 3125 2376 incidit
3172 2323 3534 2376 incommodi
3586 2324 3754 2394 origo

2094 2415 2149 2463 et
2187 2410 2358 2480 culpa
2414 2412 2592 2480 (quod
2637 2411 2843 2465 dolens
2900 2412 3308 2482 pmnitensque
3374 2413 3575 2482 fateor)
3640 2430 3745 2467 no-

2095 2504 2217 2553 stra
2248 2501 2343 2563 sit,
2379 2499 2515 2569 quid
2550 2500 2743 2553 obstat
2774 2500 3097 2570 quominus
3129 2502 3336 2555 credas
3359 2499 3751 2556 invitantibus

2096 2590 2266 2644 nobis
2295 2588 2321 2642 ‘2
2340 2588 2425 2642 Ad
2451 2606 2515 2641 ea
2540 2589 2826 2659 psittacus
2855 2606 2866 2641 :
2893 2588 3175 2643 Memoria
3199 2591 3552 2644 damnorum
3580 2607 3749 2646 acce-

2097 2683 2329 2749 ptorum
2364 2676 2480 2731 alta
2535 2677 2814 2731 cordibus
2864 2677 3055 2748 inﬁgit
3086 2678 3349 2746 vulnera,
3386 2695 3490 2733 nec
3534 2678 3749 2749 linguae

2098 2783 2328 2835 semper
2349 2783 2516 2820 veros
2540 2767 2825 2820 mentium
2852 2767 3415 2838 exprimuntsensus
3443 2769 3754 2838 :quocirca

2098 2856 2273 2909 verba
2305 2861 2405 2909 tua
2437 2856 2611 2909 ﬁdem
2646 2856 2800 2926 apud
2838 2872 2929 2910 me
2983 2872 3097 2910 non
3157 2856 3397 2911 habent.
3464 2856 3751 2927 Reposuit

2097 2946 2191 3000 his
2223 2962 2357 2999 rex:
2392 2944 2540 3000 Male
2572 2946 2642 2999 de
2676 2962 2766 2999 me
2798 2945 3082 3015 opinaris,
3118 2946 3383 3016 psittace,
3434 2945 3533 3017 qui
3592 2948 3748 3001 scias

2098 3035 2419 3105 sapientem
2478 3034 2673 3089 virum
2724 3050 2958 3089 omnem
3021 3033 3298 3088 adhibere
3380 3050 3617 3105 operam
3684 3041 3748 3088 ut

2099 3130 2348 3193 acceptze
2374 3123 2599 3192 injuriae
2621 3123 2961 3178 memoriam
2989 3140 3055 3177 ex
3077 3123 3273 3176 animo
3299 3123 3570 3194 stirpitus
3600 3123 3755 3178 evel-

322 3214 589 3265 excaicati
628 3213 789 3283 pueri
824 3215 1059 3284 proprio
1097 3216 1309 3269 fmdata
1339 3232 1546 3269 cruore
1601 3216 1769 3284 facie,
1830 3219 1978 3270 fene-
2016 3236 2057 3300 ρ
2101 3213 2183 3265 lat
2214 3228 2341 3266 suo.
2377 3212 2588 3300 Contra
2638 3211 2778 3300 haec,
2819 3212 3125 3281 psittacus.
3184 3211 3285 3266 Est
3346 3212 3608 3281 omnino,
3666 3220 3759 3266 est

321 3306 456 3355 stre:
491 3319 550 3356 se
590 3304 929 3367 admovens,
990 3320 1058 3357 ex
1108 3320 1175 3357 ea
1230 3307 1617 3375 conspicuum
1685 3310 1980 3359 auctorem

321 3391 508 3445 cladis
541 3392 820 3446 simulata
869 3392 1209 3460 ignoscendi
1254 3395 1655 3463 promissione
1689 3396 1758 3448 ad
1813 3410 1874 3447 se
1934 3399 1997 3446 ut

318 3480 605 3535 revolaret
663 3481 879 3536 institit
940 3482 1185 3536 hortari.
1259 3484 1363 3537 Cui
1429 3483 1738 3551 psittacus,
1794 3483 1992 3552 fugere

336 3576 532 3625 certus
557 3571 690 3625 inde
722 3587 900 3640 quam
932 3569 1295 3641 longissime,
1332 3571 1429 3624 ubi
1457 3587 1526 3623 ex
1569 3575 1694 3624 tuto
1753 3571 1988 3625 afflictis

336 3661 607 3715 hostibus
640 3660 957 3723 insultans,
993 3658 1284 3728 explesset
1315 3659 1579 3713 animum
1616 3677 1768 3715 szeva
1813 3661 1985 3716 satie—

334 3755 453 3803 tate
482 3748 772 3801 vindicte.
807 3749 1091 3815 Agnosce,
1125 3763 1244 3807 rex,
1267 3748 1370 3816 ait,
1396 3747 1621 3817 justam
1643 3748 1757 3803 vim
1783 3750 1988 3805 Nemc-

335 3837 419 3891 sis
452 3836 700 3903 ultricis,
725 3835 894 3904 cujus
927 3835 1259 3905 exemplum
1296 3837 1353 3890 in
1387 3836 1661 3891 familiari
1696 3838 1798 3892 tibi
1824 3840 1982 3907 capi-

333 3930 389 3979 te
411 3925 593 3979 habes
624 3922 1029 3978 domesticum.
1068 3923 1306 3979 Nullum
1358 3925 1460 3979 illa
1506 3928 1669 3981 nefas
1726 3929 1982 3998 impuni-

332 4023 455 4069 tum
493 4014 654 4079 sinit,
688 4020 920 4067 veretur
948 4015 1265 4083 neminem,
1292 4015 1514 4069 nullius
1541 4033 1679 4087 opes
1711 4019 1981 4072 reformi-

332 4107 466 4172 dat;
505 4121 573 4157 ne
598 4109 788 4158 vestra
819 4102 1057 4173 quidem
1092 4106 1481 4174 superborum
1507 4122 1706 4175 regum
1728 4108 1981 4177 superci-

332 4195 480 4249 liosa
527 4195 835 4263 majestate
890 4192 1217 4246 deterretur
1284 4194 1577 4263 supplicia
1663 4194 1981 4250 sceleribus

333 4286 596 4354 adaequet
630 4287 783 4336 natis
814 4280 990 4335 etiam
1023 4281 1081 4334 in
1114 4298 1393 4352 purpura.
1421 4282 1620 4337 Serius
1643 4301 1821 4354 ocyus
1843 4302 1982 4339 suas

334 4374 546 4443 cuique
577 4372 728 4424 vices
753 4370 963 4437 reddit,
990 4387 1092 4424 nec
1115 4372 1370 4440 pessima
1389 4372 1643 4426 conditio
1666 4390 1867 4427 eorum
1894 4380 1981 4428 est

334 4482 482 4535 quos
513 4460 779 4515 celeriter
810 4459 1133 4526 ulciscitur,
1166 4476 1196 4513 e
1229 4461 1447 4530 quibus
1478 4466 1566 4514 est
1622 4467 1759 4515 tuus
1820 4463 1976 4517 ﬁlius

2110 3301 2212 3365 ita,
2251 3306 2314 3353 ut
2346 3299 2512 3364 dicis,
2548 3316 2665 3363 rex,
2699 3299 2988 3369 velimque
3020 3306 3122 3354 tua
3148 3316 3328 3354 causa
3366 3301 3622 3367 credere,
3674 3308 3755 3368 te,

2109 3394 2282 3460 prout
2312 3386 2597 3458 sapientis
2619 3388 2793 3457 jubet
2823 3388 3106 3454 ofﬁcium,
3142 3390 3339 3444 conari
3365 3390 3565 3445 damni
3596 3392 3755 3461 quod

2107 3494 2316 3548 passus
2350 3494 2410 3530 es
2436 3475 2743 3531 obliterare
2775 3476 3093 3547 imaginem
3127 3494 3195 3532 ex
3220 3484 3412 3533 mente
3438 3495 3451 3545 ;
3477 3484 3754 3533 caeterum

2106 3587 2175 3622 an
2207 3570 2361 3639 quod
2389 3569 2621 3622 conaris
2654 3570 2736 3623 sis
2761 3570 3129 3639 perfecturus
3151 3569 3377 3635 dubito,
3402 3575 3598 3625 etnon
3628 3571 3758 3625 sine

2102 3675 2283 3715 causa
2310 3674 2512 3712 vereor
2544 3657 2850 3729 utpossis:
2899 3674 3082 3728 quare
3133 3658 3261 3713 sine
3318 3675 3413 3713 me
3464 3658 3577 3713 isto
3626 3676 3755 3714 am-

2101 3748 2280 3819 biguo
2316 3747 2457 3801 mibi
2489 3746 2812 3802 consulere.
2864 3746 3029 3801 Multi
3088 3748 3265 3802 nimis
3326 3747 3482 3802 facili
3544 3747 3753 3804 alienae

2100 3837 2515 3893 moderationis
2548 3837 2763 3892 ﬁducia
2796 3837 3112 3907 perierunt,
3145 3837 3286 3891 dum
3320 3854 3386 3891 ex
3449 3854 3555 3892 sua
3606 3854 3752 3892 con-

2099 3928 2344 3982 scientia
2375 3928 2670 3980 aestimant
2701 3925 2868 3989 alios,
2903 3926 3062 3996 passi
3119 3926 3275 3996 quod
3331 3926 3752 3998 elephantibus

2097 4016 2403 4071 indomitis
2435 4016 2771 4086 frequenter
2801 4015 3035 4081 accidit,
3068 4031 3216 4085 quos
3240 4016 3489 4083 cicures,
3540 4033 3752 4087 sapere

2097 4123 2229 4161 cum
2268 4105 2410 4175 ipsis
2445 4106 2608 4175 paria
2636 4104 2860 4173 crediti,
2894 4104 2953 4157 in
3016 4104 3262 4159 insidias
3320 4104 3749 4174 pertrahentes,

2097 4196 2366 4252 servituti
2399 4195 2706 4250 hominum
2760 4195 3118 4265 mancipant.
3178 4199 3391 4250 Contra
3449 4196 3566 4251 haec
3627 4213 3748 4263 rex,

2094 4286 2216 4353 Vir,
2252 4285 2352 4354 ait,
2388 4285 2679 4355 ingenuus
2710 4287 2767 4337 et
2794 4283 3052 4337 liberalis
3107 4283 3324 4340 indolis
3386 4303 3500 4339 non
3558 4292 3753 4341 mutat

2095 4377 2153 4428 in
2190 4376 2352 4444 pejus
2388 4390 2602 4435 mores,
2638 4389 2741 4425 nec
2773 4373 3042 4427 amicitia:
3068 4374 3171 4441 jus
3201 4374 3397 4441 violat,
3434 4391 3537 4429 nec
3568 4374 3747 4430 ﬁdem

2096 4464 2457 4517 fallitdatam
2485 4478 2498 4517 :
2529 4463 2885 4529 abjectarum
2912 4462 3031 4517 haec
3056 4463 3196 4517 vitia
3211 4469 3553 4519 naturarum
3580 4470 3746 4519 sunt.

333 4557 395 4608 In
430 4548 699 4620 ﬂagranti
735 4547 979 4619 perﬁdia
1024 4563 1343 4617 oppressus
1378 4563 1391 4601 :
1444 4548 1724 4603 dilatione
1778 4567 1976 4619 poenas
2017 4588 2057 4649 Β
2098 4553 2416 4622 Respondit
2448 4553 2773 4622 psittacus:
2811 4551 3091 4606 Memoria
3113 4553 3313 4607 damni
3338 4554 3556 4624 accepti
3580 4570 3748 4609 acres

331 4645 526 4714 auget,
562 4656 626 4692 ac
658 4638 853 4691 fenore
888 4641 1313 4690 tormentorum
1348 4635 1606 4691 toleratae
1647 4638 1748 4691 diu
1799 4638 1981 4709 culpae

330 4737 547 4786 sortem
575 4732 909 4796 exaggerat,
952 4724 1096 4778 adeo
1156 4730 1220 4778 ut
1270 4741 1418 4794 quos
1474 4725 1805 4797 inexpiatos
1862 4727 1982 4781 vita

328 4819 643 4880 dimiserit,
669 4813 1050 4885 sempiternis
1084 4814 1586 4869 immiserabiliter
1622 4816 1980 4872 cruciatibus

330 4911 586 4964 addicat.
620 4906 758 4959 Erat
818 4902 1033 4973 unguis
1098 4904 1156 4957 in
1217 4905 1410 4958 ulcere
1465 4906 1726 4960 ardentis
1785 4906 1980 4961 dolore

336 4999 487 5067 regis
520 4995 933 5065 intempestiva
965 4993 1199 5065 psittaci
1234 4993 1626 5066 philosophia,
1688 5014 1805 5066 qua
1860 4996 1980 5061 ille,

333 5096 398 5143 ut
418 5088 711 5141 irisisione
730 5086 841 5149 sui,
868 5101 1207 5155 quanquam
1243 5086 1662 5155 niilignabatur
1680 5087 1978 5141 vehemen-

326 5181 466 5245 tius,
502 5179 712 5247 pressit
746 5182 937 5231 tamen
962 5176 1181 5230 indicia
1206 5176 1563 5246 ignoscentis
1621 5179 1975 5233 aestuosissi-

325 5286 417 5323 me
443 5266 675 5321 furoris:
709 5270 767 5318 et
794 5282 854 5319 se
883 5280 1243 5334 componens
1268 5266 1324 5319 in
1352 5266 1834 5337 moderationem,
1861 5285 1978 5339 qua

323 5359 522 5429 posset
565 5354 793 5407 hostem
860 5353 1086 5415 fallere,
1152 5360 1376 5423 pacato,
1441 5359 1726 5424 quantum
1787 5357 1982 5426 potuit

319 5448 484 5501 vultu
520 5441 824 5514 respondit
860 5458 870 5492 :
916 5441 1159 5496 Minime
1209 5443 1489 5513 ambigua
1525 5448 1585 5497 tu
1622 5445 1859 5514 quidem
1919 5451 1976 5499 et

323 5551 413 5588 me
447 5548 683 5605 quoque
714 5530 929 5582 fatente
950 5545 1086 5582 vera
1120 5529 1396 5599 loqueris,
1438 5548 1552 5602 quo
1606 5532 1972 5601 ipsodeside-

324 5623 477 5675 rium
510 5638 694 5691 auges
730 5618 809 5671 tui
848 5618 1095 5679 reditus,
1131 5634 1200 5672 ne
1232 5622 1347 5672 tam
1384 5620 1635 5691 sapienti
1684 5620 1972 5676 monitore

318 5725 569 5766 caream.
604 5710 938 5778 Quarejoro
970 5710 1045 5771 te,
1083 5722 1152 5760 ne
1186 5724 1290 5761 nos
1323 5710 1966 5779 deseras,§emendare,

2100 4643 2155 4696 in
2191 4642 2531 4713 quorumvis
2554 4641 2767 4695 animis
2803 4648 2998 4695 motus
3030 4644 3162 4711 ciet,
3188 4641 3362 4713 longe
3421 4642 3746 4698 acerrimos

2093 4733 2150 4785 in
2186 4747 2385 4801 regum
2448 4730 2766 4785 mentibus.
2802 4730 2869 4784 Hi
2900 4731 3057 4785 enim
3080 4732 3136 4784 in
3161 4732 3533 4802 gravissimis
3558 4732 3740 4788 malo-

2092 4839 2220 4875 rum
2253 4836 2564 4874 numerare
2594 4818 2785 4872 solent
2804 4819 2993 4874 vivere
3015 4819 3295 4887 inultum,
3322 4820 3543 4892 gloriae,
3566 4822 3742 4890 cujus

2092 4916 2230 4964 sunt
2261 4908 2608 4973 avidissimi,
2634 4912 2859 4978 partem
2883 4907 2969 4962 vel
3006 4909 3323 4963 maximam
3376 4910 3434 4963 in
3485 4910 3745 4965 vindicta

2092 5004 2456 5069 reponentes.
2495 5000 2765 5067 Ignosces
2796 4996 2977 5068 igitur
3007 4997 3053 5051 si
3086 5002 3277 5053 tutum
3305 4999 3445 5052 mihi
3482 5015 3594 5053 non
3631 5016 3742 5068 pu-

2089 5094 2203 5143 tem
2239 5089 2308 5140 ad
2342 5086 2504 5140 vivas
2537 5087 2826 5157 quasdam
2862 5087 2920 5139 in
2971 5088 3145 5141 corde
3195 5093 3297 5141 tuo
3358 5105 3578 5158 prunas
3640 5090 3741 5143 irae

2090 5179 2399 5231 admovere
2430 5176 2737 5229 materiam
2772 5176 3134 5245 imprudenti
3171 5176 3551 5248 usurpatione
3575 5179 3744 5248 prius

2090 5275 2287 5337 C(BplIB
2321 5263 2740 5329 familiaritatis
2773 5269 2964 5319 tecum
2998 5282 3158 5331 mete,
3194 5268 3431 5336 quando
3462 5283 3566 5322 nec
3595 5284 3740 5338 pre-

2090 5371 2186 5409 ces
2216 5354 2392 5407 irritae
2427 5368 2532 5406 nec
2559 5368 2700 5407 serae
2733 5352 3160 5408 obtestationes
3202 5370 3343 5409 meae
3395 5355 3740 5410 incendium

2087 5462 2119 5496 a
2145 5460 2233 5496 me.
2269 5458 2385 5511 quo
2417 5456 2799 5495 consumerer
2827 5448 3115 5497 arcerent.
3149 5442 3405 5513 Optima,
3430 5444 3478 5499 si
3513 5445 3739 5513 nescis,

2086 5534 2155 5586 ad
2190 5532 2513 5585 curandam
2546 5528 2775 5599 injuriae
2803 5532 3145 5585 memoriam
3183 5533 3475 5587 medicina
3503 5538 3593 5587 est
3624 5533 3734 5587 ab-

2083 5620 2271 5675 sentia
2302 5619 2530 5688 injuria:
2562 5619 2838 5673 auctoris.
2894 5619 3032 5673 Eam
3092 5620 3199 5675 tibi
3248 5623 3619 5677 admoverea
3678 5630 3738 5678 te

2084 5711 2403 5766 recedendo
2427 5708 2600 5779 cupio
2627 5727 2640 5777 ;
2670 5725 2802 5764 nam
2828 5724 2982 5765 ceire
3004 5715 3061 5766 et
3082 5710 3414 5768 cicatricem
3439 5713 3740 5771 obducere
