4120 6392
336 396 358 448 1
370 396 474 449 337

1344 404 1707 457 SPECIMEN
1747 403 2146 458 SAPIENTLE
2191 407 2520 463 INDORUM
2559 413 2722 463 VET.

3611 412 3631 463 1
3644 411 3748 465 338

334 523 667 577 istiusmodi
704 523 942 579 vulnera
974 526 1029 578 in
1065 526 1193 596 ejus
1225 527 1325 597 qui
1361 528 1496 582 fecit
1526 533 1843 600 conspectu
1878 547 1975 585 ne—
2008 535 2057 598 Α
2164 535 2232 588 V.
2268 533 2589 605 Respondit
2634 537 2703 590 ad
2756 552 2823 590 ea
2872 553 2969 591 rex
3027 555 3039 592 :
3092 538 3254 601 Quod
3312 538 3383 592 de
3436 541 3493 591 te
3551 537 3747 591 fateris

334 616 576 683 queunt.
604 614 809 682 Atque,
834 619 968 668 utut
1001 615 1069 669 de
1096 620 1151 669 te
1182 615 1282 685 sit,
1311 633 1441 671 mea
1467 617 1612 670 mihi
1637 634 1817 672 causa
1848 619 1987 689 quid

336 718 507 773 agere
538 702 780 757 debeam
816 721 929 758 non
965 709 1053 759 est
1099 706 1443 761 obscurum.
1493 707 1639 762 Nam
1686 707 1774 762 vel
1820 710 1868 763 si
1924 714 1986 764 tu

332 796 451 845 tam
505 792 844 848 moderatus
892 811 1065 864 quam
1116 795 1202 849 vis
1231 796 1602 867 persuadere,
1637 798 1848 852 futuris
1881 799 1985 865 sis,

328 885 526 935 tamen
593 898 699 952 ego
750 888 942 937 tecum
992 882 1284 939 sollicitus
1345 886 1616 948 viverem.
1666 888 1883 959 quippe
1932 896 1989 943 et

337 969 599 1024 animum
637 971 914 1041 ignorans
960 978 1148 1043 tuum,
1199 980 1257 1028 et
1304 977 1687 1045 quantumvis
1738 984 1893 1032 esset
1937 979 1987 1032 is

332 1059 565 1129 qualem
625 1068 911 1131 optarem,
965 1064 1118 1132 jure,
1172 1082 1241 1119 ne
1294 1070 1639 1133 mutaretur,
1696 1071 1983 1123 metuens.

332 1150 544 1204 Desine
602 1150 784 1221 igitur
830 1152 1076 1205 invitare
1125 1170 1217 1207 me
1268 1155 1334 1207 ad
1390 1154 1721 1210 convictum
1768 1162 1983 1223 tecum,

332 1242 662 1295 necessario
696 1241 837 1295 mihi
873 1243 1197 1312 suspiciose
1224 1245 1484 1310 anxium,
1512 1250 1568 1299 et
1600 1264 1702 1316 per
1730 1247 1834 1301 hoc
1870 1265 1987 1301 mo—

331 1329 721 1384 lestissimum
766 1331 1072 1399 futurum;
1128 1332 1273 1387 nihil
1324 1339 1519 1388 autem
1566 1336 1825 1390 omnium
1879 1337 1984 1391 tibi

321 1420 492 1489 juxta
515 1419 774 1491 mihique
796 1422 1103 1477 consulere
1126 1441 1367 1493 possum
1390 1424 1799 1495 utilius,quam
1830 1428 1987 1499 fuge-

332 1526 393 1563 re
438 1509 903 1581 longissimequc
955 1530 986 1566 a
1034 1513 1197 1567 vobis
1243 1514 1576 1568 abscedere.
1630 1516 1778 1585 Ergo
1828 1517 1985 1572 salve

330 1599 473 1653 mihi
506 1604 806 1667 aeternum,
841 1607 897 1654 et
926 1601 1072 1655 vale.

402 1688 731 1743 lV.Sustine
761 1690 951 1744 adhuc
984 1689 1314 1761 paululum,
1348 1710 1446 1747 rex
1474 1693 1685 1764 inquit,
1708 1699 1763 1749 et
1793 1695 1986 1765 cogita

331 1776 554 1831 nullam
596 1777 875 1849 imputari
913 1796 1083 1849 posse
1113 1798 1147 1834 a
1180 1798 1271 1835 me
1299 1782 1400 1835 tibi
1437 1783 1788 1838 calamitatis
1844 1802 1983 1839 mere

2093 622 2353 692 opinaris
2382 624 2453 678 de
2486 641 2598 693 me,
2635 626 2985 695 probrosum
3022 627 3257 697 utrique
3287 631 3397 681 est.
3450 631 3746 681 Bonorum

2092 710 2249 765 enim
2299 728 2364 765 ac
2407 713 2741 783 sapientum
2786 720 2875 768 est
2928 714 2985 768 in
3022 719 3306 785 potestate
3336 714 3552 769 habere
3582 715 3747 781 cupi-

2093 799 2323 866 ditates,
2359 818 2462 856 nec
2496 801 2738 873 obsequi
2771 803 3075 859 affectibus
3104 820 3235 858 cum
3270 805 3341 859 ad
3374 803 3591 874 aliquid
3631 804 3744 857 im-

2094 887 2317 958 pellunt
2348 891 2556 945 rationi
2590 909 2704 946 non
2739 896 3230 959 consentaneum;
3257 896 3314 946 et
3343 907 3448 962 ego
3482 893 3663 962 igitur
3692 900 3745 946 et

2091 981 2565 1048 tu,quantumvis
2588 986 2920 1036 recurrente
2947 982 3223 1036 memoria
3248 981 3744 1047 cladium,mutuo

2091 1084 2290 1121 amare
2322 1069 2667 1139 poterimus.
2702 1074 2929 1140 Anceps
2961 1070 3247 1141 (reposuit
3274 1070 3583 1140 psittacus)
3631 1070 3745 1124 ista

2090 1157 2447 1226 experientia
2475 1160 2666 1215 fuerit.
2689 1161 2895 1232 Magna
2926 1160 3083 1214 enim
3116 1160 3200 1214 vis
3232 1166 3320 1213 est
3351 1159 3745 1230 perturbatio—

2094 1247 2552 1311 num,irritante
2596 1249 2806 1318 objecti
2862 1250 3172 1317 praesentia
3221 1248 3524 1302 solitarum
3574 1265 3737 1302 exar-

2092 1336 2349 1402 descere,
2378 1337 2738 1407 rationisque
2772 1339 2998 1391 frenum
3036 1338 3092 1391 in
3126 1344 3271 1392 aestu
3305 1337 3521 1391 furoris
3570 1353 3740 1391 exeu-

2092 1425 2382 1480 tientium.
2417 1427 2578 1490 Quod
2613 1426 2661 1480 si
2694 1427 2826 1497 quis
2860 1427 2909 1481 vi
2946 1427 3218 1481 annitens
3263 1443 3497 1481 summa
3544 1428 3742 1481 mode-

2091 1514 2204 1567 rari
2238 1514 2339 1568 tali
2375 1520 2640 1586 tempore
2670 1515 2768 1569 iraa
2802 1520 2903 1570 aut
2934 1516 3065 1570 odio
3093 1516 3368 1586 potuerit,
3411 1514 3741 1569 molestiam

2088 1608 2283 1656 tamen
2307 1603 2606 1674 ingentem
2633 1604 2863 1671 sentiet,
2889 1621 2994 1659 nec
3016 1620 3153 1674 pace
3176 1608 3274 1657 aut
3316 1603 3743 1674 tranquillitate

2090 1691 2292 1756 animi,
2330 1708 2456 1761 quae
2490 1691 2619 1746 vitae
2654 1692 2993 1747 felicitatem
3042 1693 3299 1756 conficit,
3351 1692 3410 1746 in
3462 1691 3736 1745 conflictu

2089 1784 2205 1834 tam
2258 1780 2587 1835 vehementi
2640 1782 2955 1836 affectuum
3006 1798 3140 1836 cum
3184 1781 3432 1850 judicio,
3480 1782 3731 1837 fruetur.

329 1870 555 1936 partem
598 1871 699 1920 aut
746 1884 812 1921 eo
862 1870 1097 1923 nomine
1145 1869 1388 1940 culpari.
1437 1872 1566 1925 Scio
1614 1872 1772 1926 enim
1825 1872 1980 1927 fatali
2018 1906 2059 1968 B
2091 1873 2235 1923 Nam
2266 1869 2365 1939 qui
2400 1869 2742 1925 vulneratus
2770 1871 2827 1924 in
2866 1871 3010 1940 pede
3043 1870 3227 1924 currit
3261 1878 3476 1937 tamen,
3507 1885 3743 1924 summo

324 1960 537 2009 cuncta
555 1956 903 2011 necessitate
921 1958 1706 2029 contingere.Inevitabiliter
1731 1963 1797 2015 ad
1817 1963 1982 2032 quid-

325 2045 412 2099 vis
441 2045 672 2112 horum,
706 2063 832 2117 qua;
867 2046 989 2101 fieri
1025 2048 1419 2118 videmus,qui
1456 2053 1634 2119 agunt
1670 2049 1981 2120 rapiuntur

326 2134 586 2188 efficacia
616 2135 981 2190 decretorum
1016 2143 1387 2192 aeternorum.
1416 2137 1597 2192 Nexui
1632 2139 1977 2194 robustissi—

328 2239 421 2277 mo
454 2224 808 2277 admantinaa
841 2231 1057 2279 catenae
1109 2227 1242 2297 quis
1297 2232 1519 2282 tractus
1570 2230 1835 2283 mortalis
1878 2230 1979 2285 ob-

325 2311 619 2367 luctetur?
673 2312 910 2367 Nullum
966 2315 1166 2387 igitur.
1213 2322 1316 2371 aut
1366 2322 1559 2385 tuum,
1594 2322 1695 2371 aut
1727 2319 1840 2371 mei
1874 2318 1976 2371 lilii

321 2402 543 2456 crimen
576 2408 680 2456 est.
716 2402 967 2457 Ministri
1017 2406 1213 2459 fuistis
1263 2406 1436 2460 ambo
1488 2424 1603 2460 non
1658 2407 1974 2461 voluntarii

319 2492 597 2555 fatorum,
614 2493 767 2562 quod
798 2491 982 2546 multo
1006 2498 1141 2546 ante
1164 2499 1481 2549 sanxerant
1501 2496 1971 2565 exsequentium.

321 2581 633 2635 Parcarum
671 2598 879 2651 nempe
910 2581 966 2635 in
1002 2580 1293 2637 tabulario
1344 2599 1453 2637 tere
1500 2582 1698 2637 incisas
1750 2585 1972 2637 dudum

319 2676 536 2727 aeterno
590 2676 701 2725 tum
755 2671 935 2741 prolis
984 2689 1166 2739 mors,
1191 2672 1495 2727 excazcatio
1529 2690 1670 2727 meae
1702 2674 1970 2740 stabant;

318 2761 698 2831 ignoscamus
731 2761 899 2815 nobis
947 2765 1152 2816 mutuo
1201 2761 1459 2816 alienum
1509 2762 1751 2818 crimen.
1806 2765 1971 2829 Veni,

322 2868 429 2906 nec
462 2850 627 2916 time,
662 2852 832 2905 amici
884 2857 949 2905 ut
1003 2852 1167 2924 prius
1217 2853 1459 2908 erimus.
1508 2854 1800 2909 Adversus
1853 2855 1973 2909 haec

317 2940 605 3012 psittacus
641 2958 653 2994 :
688 2940 1060 3009 Horribilem,
1093 2941 1309 3012 inquit,
1352 2943 1619 3007 disseris,
1672 2960 1777 2997 nec
1829 2945 1971 2999 mihi

319 3030 659 3084 credibilem
735 3030 1207 3101 philosophiam;
1275 3049 1380 3103 ego
1449 3032 1750 3102 magistris
1813 3033 1971 3089 haud

319 3119 495 3190 paulo
530 3119 871 3174 melioribus
919 3120 1208 3175 assentior
1258 3139 1270 3175 ε
1324 3123 1444 3176 fato
1493 3124 1766 3192 superius
1815 3125 1970 3177 arbi-

254 3230 261 3235 ·
315 3211 493 3263 trium
520 3214 785 3265 nostrum
811 3225 939 3263 esse
961 3211 1206 3281 vitasque
1229 3216 1445 3265 sortem
1471 3212 1527 3265 in
1553 3229 1660 3267 sua
1683 3214 1971 3284 cujusque

2089 1957 2287 2013 dolore
2319 1958 2635 2024 cruciatur,
2670 1965 2727 2013 et
2756 1960 2853 2028 qui
2898 1959 3095 2031 lippus
3146 1958 3456 2029 palpebras
3507 1963 3741 2028 apertas

2086 2046 2300 2115 objecit
2328 2050 2521 2115 vento,
2554 2047 2662 2101 etsi
2696 2048 2937 2102 minime
2967 2047 3107 2102 velit
3138 2052 3194 2102 et
3236 2051 3440 2101 contra
3489 2052 3737 2118 satagat,

2086 2133 2340 2204 cppletis
2372 2134 2609 2206 pulvere
2641 2136 2828 2191 oculis
2860 2136 3029 2207 plane
3060 2137 3343 2191 caecutiet.
3368 2137 3460 2190 Sic
3493 2153 3734 2191 sensum

2086 2240 2295 2293 gerens
2321 2224 2479 2280 intus
2502 2225 2694 2279 vivum
2718 2226 2909 2296 gravis
2931 2225 3282 2280 incommodi
3308 2226 3740 2296 accepti,quan-

2086 2314 2308 2368 tumvis
2340 2316 2632 2385 imperare
2681 2314 2879 2370 animo
2929 2320 3194 2385 conetur,
3245 2316 3385 2369 dum
3441 2319 3737 2369 auctorem

2085 2404 2175 2456 sui
2227 2402 2424 2458 luctus
2473 2421 2664 2458 coram
2700 2404 3077 2471 videt,oleum
3110 2404 3169 2459 in
3203 2404 3503 2459 flammam
3538 2403 3741 2470 mittit,

2083 2491 2375 2561 cujusque
2404 2493 2617 2546 excitat
2647 2493 2986 2547 incendium
3020 2510 3195 2563 quam
3226 2493 3318 2547 cui
3366 2510 3473 2564 par
3518 2493 3737 2547 exstin-

2080 2581 2313 2649 guendo
2340 2582 2436 2635 sit.
2472 2583 2659 2645 Quare
2691 2580 2913 2636 talibus
2949 2599 3064 2636 una
3094 2582 3351 2636 conditio
3384 2582 3479 2652 pie
3510 2598 3576 2635 ac
3607 2580 3736 2635 feli-

2079 2670 2223 2723 citer
2254 2668 2485 2724 vivendi
2519 2676 2717 2737 restat,
2756 2687 3023 2725 amovere
3072 2688 3105 2725 a
3152 2676 3469 2742 conspectu
3522 2687 3735 2726 monu-

2080 2765 2277 2813 menta
2303 2759 2556 2814 cladium
2582 2778 2824 2816 suarum
2842 2760 3159 2817 etsalutem
3176 2761 3233 2815 in
3249 2759 3567 2815 solitudine
3584 2777 3735 2831 quaa-

2080 2863 2226 2902 rere.
2263 2850 2348 2903 Ad
2383 2850 2532 2904 hanc
2565 2849 3034 2921 amplectendam
3088 2854 3208 2904 toto
3260 2850 3539 2921 deinceps
3586 2851 3739 2904 feror

2077 2936 2302 3008 impetu
2362 2939 2566 3004 studii,
2619 2938 3081 3008 suffragantibus
3139 2939 3195 2991 in
3257 2939 3365 2993 hoc
3418 2938 3732 2993 consilium

2080 3026 2318 3082 monitis
2354 3027 2862 3099 philosophorum,
2895 3045 3042 3098 quos
3074 3028 3311 3083 audisse
3341 3027 3579 3082 memini
3632 3029 3736 3081 do-

2078 3122 2299 3182 centes,
2333 3117 2597 3187 quinque
2631 3118 2807 3172 rebus
2864 3116 3151 3187 perveniri
3199 3118 3272 3172 ad
3328 3117 3545 3171 famam
3598 3116 3735 3173 illa--

2081 3210 2259 3258 strem
2291 3223 2304 3260 ε
2342 3206 2697 3274 innocentia,
2729 3207 3163 3278 doetrina,fuga
3197 3207 3602 3277 suspicionum
3638 3207 3739 3259 ad-

316 3316 490 3353 manu
530 3299 804 3368 positam,
841 3303 903 3352 ut
935 3298 1185 3353 felicitas
1214 3316 1279 3354 ac
1330 3301 1589 3365 miseria,
1641 3308 1818 3369 recte,
1870 3308 1972 3357 aut
2004 3274 2045 3338 C
2086 3311 2412 3359 versarum,
2448 3296 2731 3350 suavitate
2764 3312 3017 3364 morum,
3054 3297 3122 3349 ad
3161 3294 3301 3349 nihil
3338 3301 3532 3348 tamen
3567 3294 3738 3348 inho-

314 3403 486 3441 secus
538 3385 868 3441 voluntaria
928 3388 1185 3443 motione
1244 3389 1652 3444 consultorum
1720 3391 1979 3462 reputari

314 3477 542 3531 fructus
575 3476 846 3531 debeant.
880 3478 1044 3541 Quod
1079 3477 1128 3530 si
1163 3476 1251 3531 vel
1283 3477 1393 3532 hoc
1426 3479 1767 3533 admiserim
1814 3482 1969 3550 quod

319 3564 590 3633 disputas
626 3563 784 3634 (nam
820 3566 1004 3617 fateor
1027 3563 1085 3616 in
1120 3580 1188 3617 ea
1219 3564 1439 3619 multos
1471 3566 1761 3620 sententia
1793 3566 1974 3621 hazre.

322 3656 645 3723 re),tamen
677 3651 895 3707 veritus
929 3668 999 3705 ne
1032 3651 1088 3705 in
1124 3652 1236 3706 ista
1267 3669 1501 3722 quoque
1534 3655 1785 3708 fatorum
1834 3656 1980 3708 serie

329 3744 513 3797 ﬁxum
544 3741 623 3795 sit
654 3745 708 3796 te
742 3740 886 3794 mihi
920 3741 1218 3811 perjurum
1265 3742 1400 3806 fore,
1430 3758 1544 3795 non
1591 3743 1977 3809 committam,

326 3832 480 3886 utin
535 3847 723 3885 meam
778 3829 1089 3900 perniciem
1140 3830 1435 3901 cooperari
1486 3830 1617 3885 tatis
1670 3832 1978 3901 praebendo

322 3922 428 3976 tibi
490 3919 603 3975 mei
662 3918 943 3990 perdendi
998 3919 1498 3989 opportunitatem
1554 3936 1752 3976 coner.
1820 3919 1979 3974 Velis

328 4010 527 4082 potius
559 4014 615 4064 et
649 4009 825 4064 remis
872 4023 963 4061 me
1012 4007 1074 4061 in
1126 4023 1299 4078 quam
1351 4007 1757 4063 diversissima
1792 4010 1976 4079 prori-

327 4102 513 4172 piam,
546 4099 1064 4170 interpretansque
1087 4099 1142 4152 in
1170 4098 1423 4152 favorem
1448 4114 1644 4152 meum
1670 4098 1975 4168 providen-

326 4190 470 4244 tiam
504 4194 804 4253 aaternam,
843 4186 1001 4241 fatali
1035 4187 1165 4257 ejus
1196 4186 1322 4257 lege
1353 4191 1591 4242 cautum
1627 4187 1977 4255 arbitrabor,

327 4286 392 4333 ut
422 4295 527 4349 ego
562 4279 620 4331 in
650 4277 795 4332 locis
848 4294 880 4330 a
928 4281 1026 4330 tua
1074 4277 1293 4332 ditione
1348 4277 1761 4332 remotissimis
1810 4295 1978 4332 secu-

328 4386 452 4423 ram
487 4365 802 4422 incolumis
834 4366 1011 4420 vitam
1050 4367 1279 4435 degam.
1313 4366 1658 4437 Quanquam
1706 4368 1973 4438 equidem

325 4460 464 4528 (non
528 4457 684 4511 enim
741 4456 1007 4509 recedam
1065 4472 1097 4508 a
1148 4455 1416 4509 doctrina
1468 4456 1704 4525 veriori)
1758 4457 1901 4511 nihil
1948 4475 1979 4511 a

326 4549 462 4602 fatis
511 4551 614 4600 aut
662 4562 834 4617 spero
884 4549 985 4597 aut
1032 4543 1234 4597 timeo.
1286 4544 1445 4606 Quod
1503 4560 1595 4598 me
1645 4546 1895 4601 deterret
1946 4564 1977 4600 a

2090 3391 2359 3439 noratum
2396 3386 2804 3453 descendente,
2839 3386 3086 3455 denique
3135 3384 3564 3456 perpetratione
3614 3400 3736 3437 ma-

2091 3491 2340 3545 gnorum
2375 3493 2639 3545 operum.
2674 3478 2933 3540 Quarum
2968 3476 3208 3530 laudum
3244 3492 3379 3529 cum
3433 3472 3738 3528 facultates

2091 3564 2345 3619 solitudo
2395 3566 2827 3629 subministret,
2878 3564 3181 3620 obstacula
3230 3568 3542 3629 removeat,
3595 3562 3739 3617 nihil

2090 3669 2159 3707 ea
2188 3654 2366 3708 videri
2403 3655 2723 3725 optabilius
2748 3656 2997 3726 sapienti
3030 3656 3219 3723 debet,
3253 3671 3403 3724 aegre
3435 3653 3490 3706 id
3524 3668 3736 3706 nomen

2091 3746 2191 3795 aut
2224 3759 2431 3812 parare
2462 3750 2564 3797 aut
2594 3744 2739 3798 tueri
2776 3744 3049 3809 valitura,
3103 3744 3215 3798 nisi
3266 3761 3298 3797 a
3347 3760 3407 3797 se
3451 3742 3577 3812 ipso
3628 3740 3739 3794 sibi

2090 3845 2322 3893 cavens,
2375 3834 2431 3883 et
2489 3832 2800 3900 perdendae
2848 3833 3057 3886 animae
3107 3833 3473 3887 occasionem
3525 3832 3737 3897 vitans,

2090 3936 2123 3972 a
2173 3919 2459 3987 cognatis,
2506 3919 2667 3983 filiis,
2721 3920 2960 3981 divitiis,
3010 3922 3258 3991 ipsaque
3311 3920 3510 3992 procul
3561 3938 3593 3973 a
3638 3928 3741 3990 pa-

2089 4007 2201 4062 tria
2232 4022 2358 4061 sese
2392 4007 2721 4061 removerit.
2757 4009 3015 4061 Patriam
3050 4009 3368 4078 siquidem,
3416 4010 3588 4075 filios,
3642 4026 3737 4063 co-

2091 4094 2453 4167 gnationem,
2481 4112 2621 4166 opes
2653 4103 3017 4151 commutare
3067 4113 3201 4151 cum
3251 4096 3739 4167 aequivalentibus

2090 4185 2324 4256 poterit,
2359 4185 2568 4238 animas
2604 4188 2888 4254 iacturam
2922 4186 3076 4255 quod
3111 4185 3392 4239 resarciat
3433 4202 3739 4255 nunquam

2090 4275 2363 4329 inveniet.
2417 4276 2750 4344 Adjungam
2799 4280 2857 4328 et
2893 4274 3051 4329 aliud
3085 4275 3418 4346 sapientum
3452 4275 3686 4329 effatum
3725 4292 3737 4330 :

2092 4365 2409 4436 pessimam
2444 4381 2572 4419 esse
2604 4365 2941 4434 percuniam
2974 4382 3101 4434 quae
3134 4381 3248 4419 non
3280 4369 3574 4435 erogatur,
3608 4381 3741 4434 pes-

2088 4456 2299 4509 simam
2338 4470 2573 4508 uxorem
2610 4454 2705 4508 cui
2736 4471 2881 4508 suus
2913 4455 2999 4507 vir
3029 4471 3239 4508 exosus
3270 4459 3380 4519 est,
3416 4453 3737 4523 pessimum

2095 4545 2274 4597 filium
2314 4543 2653 4614 parentibus
2695 4548 3124 4611 contumacem,
3178 4543 3493 4613 pessimum
3543 4559 3732 4609 regem

330 4653 421 4691 me
452 4637 557 4690 tibi
589 4632 1035 4697 committenda,
1060 4632 1258 4686 odium
1296 4633 1407 4685 mei
1432 4639 1520 4685 est
1543 4635 1693 4702 quod
1734 4635 1978 4705 ﬂagrare
2010 4619 2055 4682 D
2089 4634 2185 4700 qui
2225 4632 2467 4687 simulat
2498 4635 2917 4699 innocentiam,
2954 4632 3272 4704 pessimum
3304 4632 3555 4686 amicum
3606 4648 3737 4702 per-

326 4726 385 4779 in
421 4726 592 4779 corde
627 4731 727 4778 tuo
765 4723 1087 4776 maximum
1120 4721 1424 4790 suspicor;
1458 4723 1541 4775 vel
1578 4724 1772 4790 potius
1802 4723 1971 4776 intel-

322 4815 437 4884 ligo
469 4832 537 4870 ex
568 4820 723 4868 certa
756 4830 935 4867 causa
969 4811 1101 4866 talis
1133 4811 1274 4875 odii,
1311 4811 1614 4877 memoria,
1651 4828 1777 4882 quae
1814 4812 1869 4865 in
1923 4820 1975 4866 te

318 4906 475 4975 viget
506 4903 707 4958 damni
736 4921 769 4956 a
804 4919 893 4956 me
924 4901 1090 4955 illati.
1118 4901 1232 4956 Nec
1262 4900 1571 4955 remissior
1603 4901 1868 4956 fortassis
1916 4902 1973 4957 in

320 5011 444 5049 meo
501 4999 733 5064 pectore
791 4992 977 5047 fomes
1037 4989 1358 5045 aversionis
1409 5007 1443 5043 a
1492 4994 1547 5044 te
1609 4991 1774 5059 vivit,
1832 4992 1971 5045 dum

323 5084 593 5138 recordor
622 5081 911 5136 interfecti
944 5080 1101 5134 domi
1136 5087 1243 5133 tua:
1278 5080 1389 5134 mei
1417 5078 1559 5149 pulli
1596 5098 1628 5134 a
1677 5084 1777 5134 tuo
1831 5080 1973 5146 filio,

317 5191 385 5227 ex
417 5189 545 5227 mea
577 5171 937 5225 conscientia
964 5170 1035 5223 de
1068 5175 1121 5222 te
1144 5170 1370 5238 judico,
1426 5168 1715 5239 planeque
1767 5186 1974 5223 censeo

320 5279 424 5316 nec
448 5262 550 5316 tibi
574 5261 845 5332 expedire
871 5276 972 5314 nec
1004 5259 1146 5311 mihi
1170 5275 1276 5312 nos
1300 5259 1579 5329 deinceps
1604 5276 1720 5312 una
1743 5259 1970 5328 degere.

2087 4724 2387 4786 fidiosum,
2435 4721 2757 4792 pessimum
2810 4721 3104 4777 civitatem
3156 4721 3509 4777 seditionum
3560 4738 3737 4792 appa-

2087 4812 2315 4866 ratibus
2351 4817 2694 4878 tumentem,
2734 4814 2905 4881 cujus
2937 4811 3089 4865 eives
3121 4813 3289 4866 anxie
3336 4812 3521 4866 vivere
3573 4817 3629 4865 et
3676 4811 3734 4865 in

2086 4900 2262 4955 horas
2315 4906 2576 4955 extrema
2622 4901 2932 4955 formidare
2975 4917 3211 4955 necesse
3266 4900 3361 4956 sit.
3413 4902 3504 4954 Sic
3544 4906 3600 4954 et
3630 4918 3735 4971 ego

2085 4991 2237 5059 apud
2272 4994 2324 5045 te
2358 5006 2602 5044 manens
2634 5007 2863 5060 semper
2893 5006 3082 5045 essem
3127 4989 3355 5044 anxius.
3392 4991 3458 5043 Et
3506 4989 3600 5043 his
3648 4991 3734 5044 di-

2087 5078 2193 5133 ctis
2251 5077 2517 5143 evolavit,
2570 5078 2770 5133 relicto
2822 5079 3049 5133 cunctis
3100 5080 3361 5147 exemplo
3410 5079 3634 5133 salubri
3683 5086 3739 5135 et

2086 5168 2552 5239 prudentissimo
2580 5168 2848 5233 consilio,
2887 5185 3186 5239 nunquam
3222 5168 3292 5222 iis
3326 5168 3545 5223 ﬁdendi
3592 5187 3738 5241 quos

2089 5257 2324 5311 lasseris.
