4120 6402
365 429 502 525 i339

1871 412 2267 516 Appiauoix.

3645 463 3787 517 1340

1471 618 1996 698 DISSERTATIO
2043 587 2540 696 PARABOLlCA
2587 632 2660 697 x.

379 761 668 836 Versatur
690 749 1153 848 inexplicaudi's
1177 766 1503 848 fraudibus
1535 762 2004 848 i_:zsz'dz'os:'ss_z'iiiis
2035 761 2378 848 invidorum
2408 741 2632 843 quibus
2662 765 2998 848 innocentes
3029 774 3081 824 et
3110 765 3261 844 ﬁdos
3293 765 3530 843 regibus
3572 767 3780 840 minis;-

443 865 564 913 τινος
608 842 940 932 pervertere
966 842 1324 932 comm-(uir,
1360 847 1642 930 indica/52's
1689 842 2246 932 είηηιὶητςιιιῦηιύαε
2278 845 2352 903 iis
2393 842 2766 918 decurrendi,
2801 856 2853 904 et
2884 845 2945 905 vi
2977 842 3250 907 veritatis
3279 842 3782 907 ac’sanctz'mom'a?

442 926 634 994 omnes
663 927 907 992 malitia?
937 942 1180 992 conatus
1208 927 1289 990 ad
1315 926 1639 988 extremum
1672 926 2008 985 eluctanlis.

431 1070 553 1126 Sub
587 1069 707 1123 haec
735 1064 892 1138 loqui
925 1065 1178 1121 cessanti
1221 1062 1765 1136 gymnOSOphistae,
1796 1077 1896 1114 rex
1936 1065 2015 1112 A-
2043 1063 2098 1128 Α
2131 1060 2307 1116 tbois.
2341 1062 2531 1125 Quare
2558 1061 2644 1114 illi
2679 1063 2748 1116 ad
2784 1079 2845 1117 se
2880 1067 3084 1116 vocato
3137 1062 3282 1117 dixit
3333 1078 3346 1115 :
3399 1063 3665 1130 Vastum,
3719 1069 3786 1122 ut

364 1157 685 1221 bessalom,
719 1155 951 1221 Audivi,
986 1155 1177 1214 ait..et
1207 1157 1386 1224 probo
1419 1169 1546 1222 qua:
1588 1152 1658 1205 de
1713 1165 2018 1220 nunquam

364 1248 718 1304 resumenda
750 1246 1003 1316 graviter
1034 1242 1240 1298 oil‘ensi
1290 1241 1688 1296 familiaritate
1733 1238 2017 1306 docuisti;

367 1353 641 1409 cuperem
679 1339 872 1390 autem
907 1334 1133 1388 discere
1165 1333 1270 1387 abs
1301 1336 1353 1386 te
1385 1348 1456 1385 an
1492 1347 1607 1384 non
1641 1332 1907 1400 oporteat
1939 1327 2021 1382 in-

360 1419 593 1482 terdum
629 1425 750 1479 dari
784 1440 1046 1492 cperam,
1083 1423 1335 1476 maxime
1367 1438 1399 1475 a
1432 1420 1691 1489 regibus,
1728 1422 1793 1472 ut
1823 1433 2020 1471 recon-

363 1514 835 1585 cilienturipsis,
890 1517 948 1567 et
997 1513 1057 1566 in
1111 1511 1361 1581 priorem
1411 1511 1609 1579 gratiae
1661 1510 2020 1577 reponantur

360 1593 550 1661 locum
585 1605 622 1658 ii
659 1620 807 1674 quos
836 1618 1031 1657 errore
1064 1601 1318 1671 quodam
1370 1597 1850 1652 abalienaverint.
1904 1596 2016 1650 Su-

361 1684 554 1768 pereo
587 1698 930 1764 argumento
954 1685 1438 1764 gymnosophista
1461 1689 1749 1742 disserere
1772 1687 1927 1740 hunc
1954 1685 2014 1739 in

362 1785 603 1840 modum
632 1788 722 1838 est
751 1778 995 1837 exorsus
1028 1799 1041 1835 :
1559 1819 1561 1822 .

435 1874 478 1930 Ι.
514 1873 644 1929 Fuit
676 1875 733 1926 in
768 1872 1021 1942 quadam
1046 1869 1191 1924 silva
1218 1870 1430 1923 referta
1456 1866 1666 1922 belluis
1691 1865 1846 1920 inter
1865 1863 2013 1918 alias

358 1962 491 2019 thos
525 1963 786 2034 quidam,
820 1961 954 2016 vitae
987 1958 1286 2031 proposito
1318 1957 1482 2012 valde
1514 1955 1782 2011 diversus
1820 1955 1892 2008 ab
1941 1954 2014 2008 iis

360 2053 716 2124 quibuscum
733 2051 861 2104 vitae
875 2066 940 2106 ac
957 2041 1178 2104 natura;
1197 2045 1612 2102 communione
1627 2041 2011 2114 jungebatur.

360 2143 514 2196 Mitis
546 2143 702 2196 enim
735 2143 860 2195 erat
911 2144 969 2194 et
1021 2143 1376 2208 temperans,
1431 2139 1638 2204 preter
1687 2149 1905 2188 morem
1957 2137 2016 2187 et

357 2232 564 2285 thoum
596 2232 1027 2296 cteterorum,et
1056 2243 1190 2281 cum
1225 2226 1322 2280 his
1354 2223 1556 2294 aliqua
1585 2239 1656 2278 ex
1687 2227 1852 2293 parte
1882 2239 2016 2277 con-

358 2320 717 2374 venientium
751 2317 1295 2387 vulpium,quorum
1330 2315 1593 2369 omnium
1619 2312 2013 2383 grassationes

358 2413 417 2463 et
449 2407 838 2462 helluationes
870 2401 1243 2476 quotidianae
1281 2401 1501 2457 innoxii
1553 2399 1862 2472 sanguinis
1913 2401 2013 2454 de-
2041 2439 2088 2501 Β

359 2489 586 2551 testans
618 2496 976 2559 intuebatur,
999 2508 1260 2563 cousque
1295 2509 1409 2546 non
1441 2490 1732 2546 obnoxius
1782 2488 2010 2558 cupidi-

354 2581 580 2641 tatibus
610 2584 778 2652 gula,
813 2577 876 2638 ut
901 2585 1052 2638 ultro
1083 2575 1406 2637 abstineret
1436 2580 1678 2635 omnino
1709 2578 2008 2646 carnibus,

351 2680 408 2730 et
438 2675 693 2728 naturali
739 2673 1008 2728 vescendi
1064 2672 1414 2726 necessitate
1458 2669 1657 2725 herbis
1706 2684 1772 2723 ac
1819 2666 2010 2738 pomis

351 2766 791 2834 defungeretur.
824 2768 945 2816 Hoc
994 2759 1225 2816 vivendi
1276 2775 1463 2830 genus
1512 2759 1570 2812 in
1645 2757 1836 2812 medio
1887 2761 2008 2810 tam

354 2852 739 2908 dissimilium
775 2850 1204 2920 exemplorum,
1228 2845 1494 2903 omnium
1528 2849 1584 2901 in
1620 2846 1777 2901 hunc
1809 2843 2009 2900 oculos

354 2946 410 2996 et
443 2941 765 2997 multorum
798 2939 1080 2995 invidiam
1105 2934 1552 2994 convertit.lrati
1578 2936 1795 3008 pariter
1815 2935 2006 3004 thoes,

357 3030 583 3101 vulpes,
618 3030 742 3100 lupi
775 3021 1086 3099 ceteriQue
1142 3027 1405 3098 plurimi,
1456 3043 1611 3081 nunc
1659 3024 2008 3096 singillatim

356 3121 728 3184 conventum,
764 3118 919 3172 nunc
951 3133 1120 3172 manu
1161 3119 1312 3172 facta
1342 3115 1800 3179 circumdatum,
1847 3129 2008 3168 acer-

351 3209 424 3264 be
453 3208 856 3278 increpabant.
888 3205 1485 3273 denuntiantes,haud
1521 3204 1642 3275 pati
1674 3219 1802 3259 sese
1837 3219 2008 3274 posse

353 3298 549 3370 ipsum
582 3314 768 3353 unum
799 3295 945 3352 velle
975 3295 1155 3351 videri
1188 3312 1392 3366 sapere
1423 3294 1556 3365 plus
1588 3310 1764 3365 quam
1811 3291 2006 3347 cuncti

355 3391 627 3457 saperent
658 3386 1082 3454 alii;minantes
1113 3385 1289 3440 etiam
1323 3400 1384 3439 se
1414 3383 1686 3448 illlum,si
1722 3384 2002 3450 pergeret,

356 3493 668 3543 congressu
698 3475 1064 3546 prohibitum
1094 3473 1382 3544 ipsorum,
1413 3489 1514 3541 pro
1546 3472 1823 3538 trant’uga
1853 3469 2002 3523 ritus

350 3556 525 3636 patrii
557 3582 624 3620 ac
657 3563 931 3634 degeneri
967 3562 1261 3632 proditore
1294 3558 1746 3631 proscripturos;
1768 3559 2006 3612 omitte-

351 3660 439 3708 ret
469 3648 650 3723 igitur
676 3651 1016 3724 peregrinos
1047 3666 1260 3714 mores,
1309 3654 1367 3703 et
1411 3647 1540 3703 vale
1587 3647 1739 3703 dicto
1789 3647 2002 3702 intem-

351 3732 586 3813 pestivae
619 3738 1026 3811 philosophiae,
1077 3743 1279 3792 eorum
1331 3737 1606 3792 instituta
1655 3742 2003 3808 sequeretur

2130 1150 2313 1215 vides,
2348 1155 2405 1204 et
2432 1167 2565 1204 cum
2601 1151 2998 1217 subditorum,
3037 1156 3162 1205 tum
3197 1152 3564 1222 negotiorum
3598 1169 3777 1222 gene-

2128 1239 2293 1292 ribus
2320 1240 2543 1308 variulm
2575 1255 2819 1309 regnum
2854 1239 2964 1293 hoc
3001 1255 3190 1294 "meum
3226 1241 3334 1302 est,
3369 1241 3519 1295 unde
3550 1242 3618 1294 ad
3651 1242 3784 1311 ejus

2125 1328 2612 1397 gubernationem
2645 1344 2783 1398 egeo
2819 1328 3006 1381 fidelis
3034 1345 3099 1383 ac
3131 1329 3434 1399 prudentis
3466 1346 3641 1398 opera
3674 1330 3784 1383 mi-

2127 1416 2295 1470 nistri
2331 1433 2345 1470 :
2376 1417 2598 1472 dudum
2632 1422 2722 1471 est
2752 1434 2882 1472 cum
2920 1417 3094 1472 talem
3129 1435 3346 1488 quaero,
3382 1424 3438 1475 et
3484 1420 3780 1490 reperisse

2125 1505 2183 1558 in
2217 1511 2272 1559 te
2303 1505 2474 1559 hodie
2507 1505 2649 1560 mihi
2689 1506 2907 1562 videor.
2941 1508 3199 1576 Cogitavi
3233 1525 3366 1574 ergo
3398 1514 3452 1562 te
3484 1511 3778 1577 praeﬁcere

2125 1611 2360 1649 summa
2391 1613 2521 1650 cum
2557 1601 2846 1666 potestate
2877 1597 3375 1654 administrationi
3422 1599 3780 1670 reipublicae,

2123 1701 2306 1756 eoque
2334 1701 2448 1753 me,
2478 1690 2686 1755 praeter
2710 1686 3056 1756 utilitatem,
3090 1689 3348 1742 oiﬁcium
3384 1688 3632 1758 impellit
3663 1705 3781 1758 quo

2122 1791 2288 1844 reges
2340 1779 2610 1829 tenemur
2651 1776 2954 1830 .virtutum
3008 1777 3505 1833 honorandarum.
3555 1777 3782 1848 Oppre-

2122 1865 2314 1919 brium
2349 1870 2440 1919 est
2471 1864 2924 1934 principiscum
2957 1867 3088 1936 quis
3119 1867 3229 1936 ipsi
3263 1866 3570 1937 subjectus
3595 1866 3783 1921 laudi-

2122 1952 2232 2007 bus
2259 1952 2545 2008 excellens
2567 1955 2726 2023 jacet
2756 1953 2814 2008 in
2849 1957 3107 2010 tenebris
3134 1971 3200 2009 ac
3232 1956 3506 2010 sordibus
3550 1972 3563 2010 :
3615 1957 3784 2010 dotes

2119 2042 2246 2096 istae
2279 2047 2394 2096 tuae
2429 2042 2714 2112 praeclarae
2749 2043 3021 2114 plurimis
3053 2044 3297 2114 proponi
3333 2045 3402 2098 ad
3447 2043 3782 2115 exemplum

2120 2132 2354 2200 debent,
2388 2132 2676 2202 adeoque,
2714 2138 2776 2186 ut
2803 2133 2924 2186 sint
2973 2135 3146 2203 vulgo
3180 2134 3548 2204 conspicuae,
3600 2131 3781 2188 collo-

2120 2222 2323 2275 canda:
2353 2222 2407 2274 in
2442 2237 2574 2275 arce
2605 2221 2956 2291 quadamac
2991 2221 3226 2292 fastigio
3255 2222 3498 2276 excelsa
3530 2221 3785 2291 dignita-

2121 2312 2215 2365 tis.
2244 2312 2324 2364 Ad
2359 2310 2587 2365 eathos
2620 2311 2922 2381 respondit
2958 2328 2971 2366 :
3007 2311 3492 2382 Regesconvenit
3533 2312 3783 2366 volenti-

2120 2400 2230 2454 bus
2296 2399 2587 2453 ministris
2651 2399 2756 2464 uti,
2819 2399 3050 2468 adigere
3119 2399 3339 2470 quippe
3409 2400 3649 2466 invitos,
3712 2417 3781 2456 ac

2119 2495 2512 2560 repugnantes
2546 2489 2776 2543 trahere
2803 2492 2873 2544 ad
2909 2489 3240 2544 functiones
3285 2491 3682 2560 capessendas
3734 2508 3770 2546 a

2119 2579 2338 2647 quibus
2369 2578 2962 2644 abhorrenl,noxium
2987 2578 3234 2648 negotiis
3277 2579 3422 2648 ipsis
3473 2585 3581 2646 est,
3637 2597 3769 2649 quin

2119 2668 2202 2728 sic
2246 2668 2316 2722 ab
2366 2667 2480 2722 alio
2539 2668 2781 2722 attentis
2841 2667 3197 2738 negligenter
3253 2669 3770 2726 transmittuntur.

2117 2759 2308 2814 Meum
2347 2775 2515 2828 porro
2547 2758 2850 2828 ingenium
2882 2758 3142 2813 immane
3174 2765 3464 2830 quantum
3499 2761 3780 2815 abhorret

2117 2867 2150 2904 a
2181 2847 2439 2903 tumultu
2467 2848 2594 2902 vita:
2626 2847 2850 2903 aulicae.
2875 2849 3021 2904 Cum
3053 2865 3189 2918 ergo
3216 2849 3347 2913 tibi,
3381 2867 3499 2911 rex,
3527 2867 3640 2904 non
3674 2851 3779 2904 de-

2117 2937 2382 3005 sint,imo
2413 2937 2739 3001 abundent,
2774 2939 2873 3007 qui
2907 2954 3020 2992 non
3055 2937 3250 2993 solum
3287 2940 3534 2993 libenter
3565 2956 3770 2994 susce-

2117 3028 2273 3099 pturi
2307 3027 2553 3095 sint,sed
2587 3027 2685 3098 qui
2718 3027 3093 3082 vehementer
3122 3033 3326 3098 optent
3355 3033 3412 3082 et
3435 3027 3630 3099 palam
3654 3045 3780 3082 am-

2114 3117 2282 3172 biant
2311 3117 2580 3188 speciosa
2608 3115 2723 3170 ista
2752 3117 2978 3186 munia,
3009 3115 3156 3172 tales
3205 3117 3488 3172 adhibeas
3537 3134 3774 3186 censeo,

2116 3221 2346 3275 meque,
2376 3204 2532 3274 quod
2564 3204 2713 3273 coepi
2745 3220 2851 3259 nec
2883 3205 3166 3260 hactenus
3199 3206 3618 3276 pmnitetgnihi
3654 3207 3778 3277 pri-

2111 3293 2296 3347 vatim
2329 3291 2491 3347 sinas
2521 3292 2732 3347 vivere.
2768 3292 3030 3358 Minime,
3081 3295 3164 3348 ait
3207 3294 3294 3356 leo
3345 3311 3484 3350 voce
3532 3301 3777 3350 conten-

2113 3382 2267 3450 tiori,
2304 3386 2510 3450 Leaque
2560 3381 2910 3436 auctoritate
2959 3386 3022 3436 ut
3053 3382 3165 3437 sibi
3201 3384 3355 3438 nolle
3385 3384 3593 3439 obsisti
3625 3386 3774 3440 satis

2110 3469 2466 3534 declararet;
2518 3471 2657 3539 quin
2710 3471 2910 3525 statim
2956 3488 3159 3526 amove
3211 3489 3404 3527 moras
3441 3478 3668 3538 iomnes
3721 3478 3779 3528 et

2104 3559 2296 3628 jussis
2323 3558 2470 3614 meis
2501 3564 2558 3613 te
2580 3564 2916 3630 promptum
2949 3561 3154 3630 expedi
3181 3560 3390 3631 :plane
3421 3562 3638 3633 quippe
3671 3565 3776 3616 de-

2111 3653 2338 3703 cretum
2373 3647 2518 3702 mihi
2550 3653 2640 3702 est
2669 3652 2974 3703 auctorare
3004 3653 3060 3703 te
3084 3648 3143 3703 in
3189 3650 3450 3705 officium
3501 3650 3772 3720 primarii

2114 3737 2390 3805 ministri,
2420 3742 2478 3792 et
2509 3737 2798 3808 dignitate
2830 3754 2862 3791 a
2894 3753 2987 3792 me
3017 3739 3272 3794 secunda
3301 3741 3468 3810 regni
3508 3740 3772 3794 admini-

350 3807 419 3884 ex
447 3807 661 3900 quibus
693 3807 874 3883 natus
897 3832 1074 3894 esset,
1109 3844 1241 3881 cum
1276 3825 1494 3898 quibus
1522 3807 1756 3881 viveret.
1799 3827 1883 3880 Ad
1931 3843 2000 3882 ea
2029 3807 2073 3876 C
2111 3825 2378 3882 strationi
2409 3807 2726 3896 praeﬁcere.

349 3919 485 3974 thos
516 3917 738 3988 placide
770 3915 1181 3990 respondebat,
1204 3917 1516 3972 molestum
1549 3914 1696 3986 ipsis
1727 3932 1856 3970 esse
1887 3932 2003 3971 non

354 4010 563 4064 debere
611 4014 992 4078 conspectum
1043 4006 1134 4062 sui
1186 4006 1285 4078 qui
1334 4006 1629 4060 neminem
1678 4005 1854 4060 verbo
1902 4009 2006 4060 aut

355 4100 508 4154 facto
540 4088 978 4153 laederet.Porro
1009 4097 1182 4152 istam
1207 4109 1384 4168 quam
1418 4096 1786 4150 minarentur
1807 4111 2008 4149 aman-

354 4189 651 4244 dationem
686 4180 777 4243 sui
812 4186 1033 4256 procul,
1067 4186 1210 4240 adeo
1244 4202 1358 4240 non
1393 4185 1463 4239 ab
1497 4183 1624 4254 ipso
1677 4183 2004 4251 formidari,

355 4281 417 4333 'ut
443 4283 958 4348 prmoccupaturus
984 4275 1135 4330 ultro
1159 4274 1336 4329 fuerit
1356 4279 1412 4328 et
1433 4276 1641 4342 sponte
1670 4273 2005 4328 exsulatum

352 4366 646 4430 abiturus,
680 4367 728 4421 si
761 4370 1030 4437 putasset
1062 4381 1174 4418 non
1207 4363 1320 4418 alia
1353 4380 1414 4418 se
1459 4362 1791 4418 conditione
1835 4377 2005 4432 posse

353 4456 410 4511 in
442 4456 514 4512 iis
545 4456 689 4511 locis
721 4457 934 4525 vivere,
963 4454 1078 4509 nisi
1113 4454 1263 4508 facta
1295 4457 1635 4507 caeterorum
1671 4451 1956 4506 imitando
1991 4466 2006 4507 :

351 4563 412 4601 se
443 4561 599 4611 vero,
632 4561 764 4599 cum
801 4543 974 4614 plane
1003 4543 1360 4597 decrevisset
1391 4539 1687 4596 abstinere
1718 4558 1752 4595 a
1781 4540 2011 4595 latroci-

351 4633 466 4687 niis
498 4638 555 4688 et
586 4633 868 4702 caedibus,
905 4630 1052 4685 nihil
1086 4631 1370 4686 interesse
1400 4629 1722 4684 credidisse
1772 4646 2007 4700 peregre

353 4740 425 4778 an
457 4723 515 4776 in
553 4721 738 4793 patria
769 4721 1167 4776 innocentiam
1201 4719 1564 4774 coleretznec
1595 4719 1750 4772 enim
1785 4718 2008 4774 scelera

351 4812 702 4883 contagione
725 4815 825 4864 aut
854 4810 996 4865 vitio
1029 4810 1418 4874 locorum,scd
1449 4807 1713 4879 nequitia
1738 4807 2004 4862 cordium

351 4899 690 4955 inolescere.
724 4893 1094 4969 Quanquam,
1137 4899 1410 4963 addebat,
1462 4897 1672 4968 potiori
1712 4897 1839 4967 jam
1891 4895 2006 4952 mei

349 4995 546 5060 partes
572 5008 606 5045 a
636 4991 799 5046 vobis
830 4983 1272 5058 absum,animo
1305 4987 1528 5044 scilicet
1557 4991 1611 5042 et
1645 4988 1953 5043 alfectibus
1975 5004 2009 5043 a

346 5084 536 5134 vestro
567 5097 679 5134 usu
711 5083 767 5134 et
814 5077 1087 5134 instituto
1139 5076 1482 5148 longissime
1531 5078 1887 5146 disjunctus.
1946 5077 2005 5132 Si

2180 3915 2279 3970 III.
2312 3913 2583 3969 Nondum
2616 3914 2750 3970 thes
2781 3931 3125 3986 persuasus,
3174 3920 3379 3972 contra
3412 3917 3658 3988 ,excepit
3706 3919 3770 3974 in

2110 4005 2268 4061 hunc
2301 4006 2540 4061 modum
2576 4024 2586 4060 :
2628 4008 2690 4061 ln
2723 4006 3289 4079 isto,domine,quod
3322 4009 3468 4063 mihi
3503 4009 3771 4064 destinas

2112 4095 2438 4151 ministerio
2461 4095 2563 4166 qui
2594 4101 2759 4150 tutus
2790 4097 3005 4152 durare
3035 4099 3240 4168 possit,
3261 4097 3334 4164 is,
3357 4115 3486 4152 meo
3510 4099 3768 4169 judicio,

2113 4185 2358 4239 alterum
2388 4185 2599 4239 horum
2632 4185 2709 4240 sit
2738 4185 3348 4255 oportetzpercallidus
3379 4193 3480 4241 aut
3513 4187 3769 4256 insigni-

2109 4279 2198 4328 ter
2229 4273 2640 4328 stultus.Prior
2669 4274 3208 4339 enim,abundante
3241 4277 3298 4328 in
3335 4276 3572 4330 frandes
3600 4283 3766 4330 astu-

2112 4361 2212 4428 tia,
2243 4378 2357 4431 qua
2387 4361 2966 4432 dissimulando,qua
2997 4362 3451 4434 largiendo,qua
3481 4364 3632 4419 dolis
3665 4382 3771 4420 va—

2109 4452 2214 4507 riis
2245 4451 2444 4506 incum
2477 4450 2881 4517 faciendodioc
2903 4457 3396 4524 consequetur,ut
3425 4454 3768 4509 invidorum

2111 4558 2339 4612 semper
2372 4543 2732 4596 infensorum
2769 4542 3268 4611 felicibus,minus
3291 4549 3607 4614 appetatur
3628 4544 3774 4599 insi-

2110 4632 2256 4698 diis;
2291 4630 2580 4700 alter,praa
2610 4630 3011 4687 imbecillitate
3045 4632 3260 4687 mentis
3291 4633 3522 4687 irrideri
3555 4650 3617 4687 se
3647 4651 3767 4688 non

2111 4722 2390 4786 sentiens,
2442 4724 2498 4774 et
2556 4719 2813 4774 ludibria
2865 4723 3296 4776 venerationem
3351 4722 3772 4792 interpretans,

2111 4810 2202 4866 sui
2234 4814 2575 4879 contemptu
2606 4809 2889 4863 invidiam
2941 4810 3268 4864 lucrifaciet
3316 4811 3769 4881 exarmabitque

2110 4901 2229 4954 iras
2260 4899 2635 4953 miseratione
2665 4898 2974 4953 fatuitatis.
3008 4899 3150 4969 Ego,
3183 4899 3282 4970 qui
3335 4906 3608 4955 neutram
3659 4901 3769 4956 ho-

2111 5005 2240 5044 rum
2269 5003 2399 5043 esse
2429 4987 2603 5043 velim
2635 4992 2738 5042 aut
2768 4987 3151 5052 haberi,citra
3182 4992 3402 5043 certam
3444 4991 3771 5059 perniciem

2111 5095 2181 5133 ex
2209 5077 2320 5133 hoc
2349 5077 2630 5132 ostentari
2663 5076 2789 5131 loco
2813 5093 3059 5147 nequeo,
3095 5079 3250 5132 unde
3280 5085 3626 5133 cunctorum
3664 5097 3774 5135 un-

351 5181 562 5236 corpus
594 5167 704 5222 hoc
736 5168 914 5223 etiam
947 5167 1335 5222 exterminare
1365 5165 1564 5228 vultis,
1595 5182 1708 5220 non
1745 5165 1999 5221 multum
2032 5171 2078 5236 D
2111 5170 2289 5238 dique
2319 5167 2554 5221 virtutis
2584 5165 2958 5221 inimicorum
2993 5167 3126 5221 telis
3156 5169 3532 5237 arcubusque
3576 5170 3776 5224 conti—

349 5257 712 5326 repugnabo,
742 5256 1011 5311 fortassis
1042 5256 1217 5310 etiam
1252 5255 1715 5324 gaudebo.Talia
1746 5271 1877 5310 eum
1912 5252 1997 5310 lo-'

353 5351 630 5415 quentem
663 5343 746 5400 vel
785 5345 949 5399 inviti
982 5345 1355 5408 verebantur,
1385 5345 1658 5414 famaque
1690 5345 1760 5399 de
1790 5361 1856 5399 eo
1887 5344 2000 5400 late

350 5434 820 5489 increbrescebat
872 5433 1184 5502 ejusmodi,
1231 5437 1294 5486 ut
1339 5433 1770 5488 admirantibus
1819 5434 1997 5490 etiam

354 5524 449 5589 qui
482 5524 743 5590 oderant,
775 5527 896 5576 toto
929 5538 994 5576 eo
1027 5527 1220 5577 tractu
1248 5523 1435 5576 multa
1464 5528 1620 5578 esset
1647 5522 1707 5576 in
1757 5539 1997 5579 venera-

347 5612 506 5666 tione
536 5627 749 5664 nomen
779 5611 927 5679 ejus.

419 5703 490 5754 II.
522 5700 791 5753 Pervenit
817 5700 994 5768 igitur
1023 5699 1091 5751 ad
1127 5700 1374 5766 leonem,
1409 5702 1537 5768 ejus
1570 5701 1728 5756 silvae
1778 5719 1996 5772 regem,

349 5785 852 5852 clara,multorum
889 5786 1535 5858 praedicationemotitia
1567 5796 1686 5844 tam
1715 5790 1998 5860 sapientis

2109 5259 2394 5327 guus,n’ec
2423 5257 2741 5326 protectus,
2771 5257 3293 5326 apparerem.Nam
3323 5274 3559 5325 sperare
3591 5276 3772 5328 posse

2111 5346 2364 5416 aliquem
2399 5345 2458 5398 in
2481 5345 2670 5416 primo
2704 5345 2814 5399 sub
2849 5361 2980 5416 rege
3015 5347 3323 5416 potestatis
3354 5348 3574 5417 gradus
3605 5353 3774 5405 stare

2110 5435 2435 5490 immunem
2471 5434 2589 5489 odii
2623 5435 2943 5506 popularis,
2969 5436 3242 5490 insanum
3276 5438 3534 5506 proiecto
3566 5439 3660 5503 sit,
3684 5441 3774 5493 si-

2110 5526 2349 5595 quidem
2383 5526 2560 5580 talem
2594 5526 2796 5594 utique
2829 5531 3120 5594 quotquot
3159 5525 3310 5579 clam
3362 5525 3574 5581 infensi
3627 5535 3779 5584 sunt

2111 5614 2230 5684 regi
2288 5614 2440 5684 (qua:
2492 5615 2749 5668 maxima
2793 5630 3026 5683 semper
3068 5615 3242 5668 turba
3292 5616 3423 5682 est),
3477 5615 3584 5669 hoc
3640 5619 3777 5687 ipso

2111 5705 2539 5757 aversabuntur
2569 5704 2724 5773 quod
2757 5721 2928 5758 exoso
2955 5703 3066 5757 sibi
3123 5703 3368 5774 principi
3419 5704 3662 5760 charum
3717 5715 3778 5765 et

2112 5793 2294 5846 [idum
2320 5792 2682 5863 videant;qui
2715 5799 2909 5848 autem
2950 5794 3066 5862 regi
3101 5794 3776 5860 student,a~.mulationis
