4120 6388
337 419 472 520 13ιή

1353 464 1713 516 sracmsn
1753 412 2150 519 etiam
2188 435 2525 519 iuuenum
2563 468 2727 520 vn'r.

3618 427 3759 522 1342

343 589 631 660 instinctu
665 585 891 668 amoliri
925 585 1085 642 omni
1117 601 1226 656 ope
1257 573 1632 662 conabuntur
1648 600 1784 656 eum
1814 601 1995 656 aquo
2112 588 2748 659 nocendi,qualescum
2783 589 3558 662 innocentiaprudentiaque
3581 592 3759 648 thois.

342 679 462 750 sibi
491 678 692 732 dolent
725 677 1177 751 praeripigratiae
1199 673 1601 752 locumquem
1630 675 1784 747 apud
1809 675 1991 746 impe-

345 753 570 843 rantem
605 768 719 842 ipsi
751 766 1045 838 ambiunt.
1094 765 1178 819 Ad
1233 781 1300 843 ea
1331 780 1432 818 rex
1464 782 1477 819 :
1513 762 1672 818 Nihil
1704 770 1934 818 metuas
1964 780 1998 818 a

345 841 491 936 ipsis
535 841 830 934 subditis;
866 863 1152 924 namtani
1186 841 1383 930 ampla
1423 872 1528 927 ego
1581 860 1634 926 te
1669 855 1994 940 potestatis

341 967 480 1026 meae
497 949 1034 1004 communicatione
1049 945 1332 1001 circumin
1345 947 1567 1017 uniam,
1583 951 1648 1008 ut
1664 963 1779 1000 non
1804 944 1993 1014 magis

342 1043 548 1108 contra
582 1044 637 1093 te
668 1038 860 1092 moliri
890 1036 1212 1107 quidquam
1238 1053 1415 1108 quam
1441 1041 1766 1102 contrame
1795 1033 1994 1104 ipsum

337 1128 429 1192 vel
462 1128 719 1182 audeant
748 1126 832 1194 vel
870 1126 1117 1197 possint.
1171 1125 1455 1199 lteposui‘t
1485 1125 1577 1179 his
1605 1125 1738 1178 tbos
1775 1123 1869 1194 :ISi
1904 1138 1998 1176 me

341 1235 529 1293 amas,
565 1222 626 1271 ut
656 1222 815 1290 certe
843 1217 1006 1281 lacis,
1031 1215 1296 1281 domine,
1329 1220 1385 1268 et
1408 1231 1473 1280 eo
1520 1214 1756 1285 nomine
1789 1214 1999 1267 debere

348 1325 439 1362 me
471 1308 572 1380 tibi
603 1306 928 1380 plurimum
964 1305 1497 1376 l'al.eor,.quoniapi,
1548 1304 1812 1374 inquam,
1872 1319 2001 1356 mea

348 1415 528 1468 causa
562 1397 666 1468 vis,
701 1413 800 1470 oro
834 1396 1194 1468 obsecroque
1236 1394 1563 1471 uthabcas
1613 1391 1999 1465 persuasissi-

349 1503 537 1552 mum,
568 1484 797 1558 nullum
821 1502 864 1555 7a
897 1489 953 1536 te
995 1487 1198 1557 lnajps,
1239 1482 1379 1551 mihi
1432 1499 1600 1548 posse
1647 1481 1998 1548 beneﬁcium

349 1575 685 1649 contingere
717 1591 889 1647 quam
925 1574 972 1626 si
998 1589 1088 1627 me
1122 1572 1499 1642 reiinquasin
1532 1571 1636 1636 hac
1663 1569 1998 1640 tranquilli-

348 1665 628 1732 tate-vitae
662 1661 1006 1718 innocentis
1040 1678 1104 1716 ac
1161 1661 1417 1732 privatae,
1460 1665 1804 1732 contentum
1868 1676 2002 1730 pro-

349 1753 499 1808 victu
535 1753 694 1820 omni
727 1769 878 1823 aqua
907 1757 965 1805 et
999 1752 1197 1806 herba.
1229 1750 1720 1820 N_am,,quan_tum
1756 1764 2001 1820 possum

350 1841 699 1913 intelligere,
725 1840 835 1912 qui
863 1840 1028 1895 vobis
1049 1839 1288 1911 regibus
1309 1836 1808 1914 inserviunt,plus
1829 1837 2000 1891 unico

357 1937 654 1991 momento
685 1946 962 1992 curarum
995 1927 1313 1996 illarumet
1342 1927 1828 1999 quotidianarum
1855 1927 1997 1997 ipsis

357 2019 769 2091 discriminum
801 2019 1034 2090 angoris
1069 2018 1443 2092 miseriaeque
1473 2005 1799 2088 patiuntur,
1826 2032 2003 2087 quam

357 2112 468 2166 sibi
503 2109 778 2182 privatim
811 2125 1024 2178 vacans
1055 2105 1627 2180 totoexperiaturvel
1649 2104 2007 2176 longissima:

357 2200 488 2269 vitae
520 2197 710 2270 spatio
737 2215 750 2266 ;
785 2213 965 2268 quare
999 2196 1178 2251 nimis
1205 2212 1338 2263 caro
1371 2196 1587 2265 emitur
1610 2194 1720 2262 illa
1752 2193 2008 2260 claritas,

358 2295 423 2344 ut
455 2305 568 2343 non
602 2286 1148 2358 incomparabiliter
1176 2285 1358 2342 videri
1405 2283 1778 2354 expetibilior
1808 2282 2014 2336 debeat

356 2395 466 2450 pax
496 2382 554 2432 et
585 2376 873 2432 securitas
904 2375 1141 2429 obscuri
1175 2379 1352 2446 atque
1383 2373 1620 2445 inglorii
1651 2372 1778 2427 otii.

427 2503 519 2558 IV.
558 2502 639 2556 Ad
673 2518 739 2556 ea
771 2500 858 2555 leo
893 2515 1041 2570 pene
1075 2498 1262 2554 iratus
1295 2497 1652 2553 recusationi
1687 2482 1806 2551 tam
1833 2495 2010 2567 perti-

354 2592 504 2661 naci,
541 2587 679 2645 Plus
711 2588 854 2644 satis
885 2589 1219 2656 verborum,
1244 2587 1459 2656 inquit,
1493 2591 1583 2641 est
1616 2603 1628 2640 :
1665 2585 1812 2640 nihil
1834 2585 2009 2640 audio

353 2679 528 2744 ultra;
567 2671 762 2734 meuin
797 2680 907 2733 erit
940 2675 1241 2747 providere
1293 2662 1357 2730 iit
1403 2677 1531 2730 tuto
1577 2674 1733 2745 apud
1780 2691 1873 2728 me
1905 2672 2008 2728 sis.

352 2760 461 2836 Tu,
498 2772 584 2824 fac
620 2769 776 2839 quod
800 2757 984 2837 jubeo
1021 2773 1192 2837 teque
1225 2767 1296 2819 ad
1334 2761 1739 2843 ministerium
1775 2762 2012 2832 accinge

356 2849 512 2932 Quod
545 2859 811 2928 iniungo.
849 2855 954 2910 Cui
987 2856 1120 2910 thus
1165 2871 1177 2908 :
1211 2849 1469 2934 Faciam,
1503 2852 2012 2923 domine,quando

354 2950 440 3005 sic
472 2949 751 3018 imperas.
788 2945 898 3000 Sed
935 2962 1005 2999 ne
1039 2961 1132 2999 me
1164 2943 1428 2998 amando
1461 2943 1693 3013 perdas,
1725 2945 1781 2996 et
1809 2941 2011 2996 verum

355 3041 414 3095 in
449 3054 538 3092 me
571 3035 898 3108 reperiatur
931 3034 1077 3088 illud
1131 3033 1327 3103 adagii
1380 3030 1642 3104 vulgaris
1674 3047 1688 3100 ;
1740 3027 2012 3085 Amicitia

354 3118 771 3200 intempestiva
804 3141 908 3197 par
937 3126 1070 3180 odio
1103 3126 1214 3194 est,
1247 3125 1302 3178 te
1324 3124 1587 3179 obtestor
1605 3127 1704 3194 per
1721 3121 2012 3193 quidquid

353 3223 444 3274 est
473 3218 577 3274 tibi
609 3215 940 3272 venerabile
982 3218 1083 3269 aut
1115 3203 1389 3282 charum‘,
1443 3205 1684 3284 dignare
1716 3211 1840 3282 jani
1876 3211 2012 3266 hinc

354 3309 500 3364 mibi
537 3304 820 3378 polliceri,
863 3305 910 3358 si
956 3307 1191 3374 quando
1242 3299 1547 3374 contingat
1595 3318 1688 3357 me
1744 3300 2007 3356 accusari

351 3400 505 3470 apud
538 3401 616 3466 te,
649 3401 765 3451 non
800 3393 1164 3449 crediturum
1209 3399 1263 3448 te
1298 3392 1658 3448 delatoribus
1690 3385 1913 3458 statim,
1951 3394 2008 3444 at

348 3485 836 3558 interpositurum
856 3471 1384 3553 tempusidoneum
1410 3479 1764 3536 discussioni
1789 3485 1847 3534 et
1869 3495 2006 3534 exa-

351 3571 516 3645 mini,
551 3591 654 3630 nec
687 3571 831 3626 mihi
865 3571 979 3626 nisi
1023 3571 1287 3625 convicto
1320 3583 1552 3640 poenam
1605 3570 2008 3623 decreturum.

347 3650 464 3723 H’oe
499 3669 776 3737 praeterea
807 3665 970 3733 rogo,
1005 3657 1068 3714 ut
1099 3661 1214 3715 ista
1247 3661 1430 3713 utaris
1455 3658 1678 3713 ratione
1701 3659 1759 3711 in
1779 3657 2005 3711 delectu

352 3751 759 3811 ministrorum
795 3769 807 3806 :
842 3751 1079 3807 attende
1112 3750 1276 3821 prius
1307 3747 1809 3819 quemadmodum
1832 3745 1913 3800 illi
1947 3747 2005 3800 in

351 3845 410 3901 re
443 3843 667 3916 privata
699 3842 760 3897 se
785 3839 1077 3912 gesserint
1111 3856 1124 3894 :
1158 3839 1230 3892 ab
1261 3854 1328 3892 eo
1351 3837 1507 3892 enim
1528 3835 1636 3916 qni
1659 3835 1779 3890 suae
1802 3834 2005 3890 domui

353 3914 504 3992 male
536 3929 854 4004 praefuerit”,
885 3927 1180 3998 q’uombdo
1213 3928 1447 4008 sperare
1479 3914 1650 3980 liceat
1682 3923 2004 4008 rempubli-

351 4029 478 4081 cam
513 4003 656 4079 bene
690 4019 1004 4092 gerendam
1027 4017 1054 4071 ?
1085 4003 1260 4072 Porri)
1286 4015 1342 4071 te
1365 4011 1792 4086 alloquentium
1811 4017 1867 4067 et
1890 4003 2002 4066 dis-

349 4113 640 4169 cernenda
661 4109 1006 4174 conditio,e't
1031 4093 1131 4179 pro
1158 4105 1436 4162 varietate
1464 4101 1768 4176 qualitatis
1785 4099 1996 4174 agendi

350 4205 537 4258 forma
567 4198 971 4270 temperanda.
998 4197 1054 4250 Si
1083 4196 1139 4252 te
1169 4195 1253 4249 illi
1273 4213 1383 4250 usu
1409 4197 1602 4270 rerum
1634 4195 1692 4269 et
1713 4191 2003 4272 sapientia

348 4287 646 4364 superent,
680 4289 800 4344 illis
832 4289 1214 4357 obtempera;
1249 4283 1296 4340 si
1327 4289 1383 4339 te
1433 4284 1564 4355 plus
1613 4299 1790 4353 quam
1842 4283 2000 4353 ipsos

348 4397 551 4454 sapere
583 4396 649 4434 ac
683 4379 740 4432 in
775 4377 1044 4447 praesenti
1079 4391 1140 4430 re
1172 4373 1366 4431 videre
1421 4373 1526 4428 tibi
1579 4373 1658 4428 sis
1706 4372 2000 4438 conscius,

350 4472 491 4526 doce
524 4469 657 4524 illos
689 4469 746 4522 et
777 4464 1102 4540 rationibus
1133 4461 1432 4519 convince.
1486 4463 1582 4517 Sin
1629 4459 1899 4533 peritiam
1941 4461 2001 4515 in

347 4560 466 4616 illis
499 4575 564 4614 ac
590 4554 963 4628 prudentiam
999 4551 1154 4606 haud
1196 4554 1297 4606 tua
1342 4553 1626 4621 majorem
1671 4551 1999 4621 deprehen-

349 4651 473 4717 des,
510 4664 612 4703 nec
639 4650 1119 4708 contemnas,nec
1149 4640 1348 4696 statim
1369 4641 1646 4696 admittas
1671 4642 1826 4710 quod
1847 4639 1999 4694 asse-

2109 677 2408 733 moderate
2449 679 2649 740 omnia
2696 683 2750 733 et
2789 679 3185 750 plausibiliter
3233 682 3511 750 gerentis,
3565 680 3760 742 nullas

2111 767 2670 846 admodumjdaret,
2734 769 3052 825 incubuere
3102 770 3325 825 malitia
3384 772 3763 841 conspirante

2112 873 2299 927 prava:
2333 860 2651 932 mentes'ad
2685 874 2898 914 novum
2948 859 3286 914 ministrum
3320 863 3763 930 quomodocun-

2111 963 2225 1015 que
2255 946 2768 1002 comminiscendis
2801 949 3116 1003 calumniis
3147 952 3545 1005 avertendum.

2186 1066 2241 1126 V.
2278 1066 2424 1141 Ergo
2459 1088 2591 1126 cum
2618 1066 2716 1127 diu
2753 1073 2970 1128 frustra
2997 1091 3226 1128 omnem
3277 1074 3334 1130 in
3380 1069 3576 1129 thoem
3613 1069 3764 1147 lapi-

2112 1162 2243 1215 dem
2278 1159 2921 1224 movissent,constanti
2955 1180 3094 1234 erga
3127 1181 3261 1218 eum
3297 1164 3481 1219 leonis
3514 1165 3763 1220 benevo-

2111 1248 2293 1304 lentia
2324 1251 2517 1320 palam
2561 1253 3109 1322 exstante,quadam
3147 1253 3237 1307 die
3290 1251 3610 1324 conspicati
3644 1246 3761 1308 leo-

2116 1356 2246 1393 nem
2280 1340 2487 1409 cupide
2510 1341 3122 1410 jussisseutquaedam
3147 1327 3763 1413 escaipsigratissima

2115 1429 2224 1482 sibi
2262 1428 2540 1499 postridie
2581 1435 2996 1500 apponeretur,
3057 1447 3183 1485 eam
3246 1431 3360 1501 ipsi
3421 1432 3596 1486 furati
3659 1426 3763 1502 per

2114 1524 2366 1583 noctem,
2399 1519 2456 1572 in
2491 1520 2750 1573 absentis
2786 1521 2932 1574 forte
2970 1525 3110 1574 tunc
3137 1520 3290 1574 thois
3317 1522 3490 1576 domo
3523 1521 3766 1576 abscon-

2113 1609 2344 1662 derunt.
2372 1610 2524 1662 Turn
2559 1609 2647 1663 ilie
2679 1614 2912 1681 postera
2943 1609 3260 1680 requirenti
3288 1611 3486 1664 cibum
3509 1610 3764 1681 impera-

2115 1701 2239 1751 tum
2278 1699 2420 1768 regi,
2455 1705 2511 1753 et
2543 1699 2687 1753 irato
2721 1701 2874 1770 quod
2927 1699 2977 1754 is
3027 1716 3140 1752 non
3181 1704 3508 1769 appareret,
3561 1716 3767 1755 omnes

2114 1802 2183 1841 ex
2213 1787 2479 1842 condicto
2513 1793 2827 1858 praesentes
2851 1789 2950 1859 qui
2983 1788 3185 1843 dolum
3209 1789 3770 1855 instruxeraut,nul-

2051 1921 2058 1940 ,
2114 1874 2231 1930 lam
2256 1883 2442 1931 artem
2475 1876 2797 1932 vaferrimas
2831 1877 3167 1932 calliditatis
3217 1877 3548 1934 omiserunt
3585 1894 3764 1948 quem

2036 1968 2083 2032 B
2115 1966 2235 2022 fore
2266 1966 2470 2021 utilem
2501 1967 2604 2021 tali
2654 1972 2919 2038 tempore
2964 1968 3326 2022 concitanda:
3375 1967 3526 2037 regis
3571 1968 3668 2022 irae
3701 1967 3762 2021 in

2117 2055 2313 2122 thoem
2350 2057 2649 2110 absentem
2681 2060 2941 2111 nossent.
2995 2057 3255 2111 Primum
3304 2058 3437 2112 [icto
3469 2056 3530 2112 in
3563 2071 3762 2127 regem

2117 2145 2479 2199 studiodum
2510 2144 2604 2199 ille
2635 2146 2977 2216 indignatur
3005 2151 3061 2200 et
3088 2146 3248 2213 furit,
3281 2146 3451 2216 quasi
3483 2145 3675 2200 territi
3707 2143 3766 2200 et

2119 2233 2352 2289 solliciti
2372 2235 2648 2289 coeuntes
2680 2234 2740 2288 in
2773 2233 3435 2304 circulum,itainvicem
3470 2232 3768 2290 submisse

2119 2323 2607 2392 mussitabantmt
2637 2323 2901 2378 exaudiri
2935 2328 3129 2379 tamen
3165 2332 3401 2394 possent
3433 2325 3766 2378 studerent-

2118 2429 2253 2482 que,
2285 2417 2404 2468 Cur
2432 2413 2694 2467 celamus
2728 2411 2884 2468 ultra
2923 2415 3078 2484 quod
3126 2414 3349 2468 scimus
3378 2416 3398 2467 Ρ
3430 2413 3601 2468 Fides
3634 2430 3772 2485 erga

2120 2501 2440 2572 principem
2478 2501 2581 2555 n'os
2606 2500 2762 2571 cogit
2792 2501 2983 2556 labem
3031 2502 3110 2556 illi
3144 2501 3456 2557 enuntiare
3487 2503 3764 2557 domesti-

2117 2603 2266 2659 cam,
2297 2589 2429 2644 licet
2457 2595 2658 2644 contra
2699 2595 2962 2660 potentes
3013 2591 3364 2645 veniendum
3399 2592 3478 2646 sit
3508 2596 3564 2646 et
3594 2596 3772 2662 caput

2117 2678 2516 2749 objiciendum
2547 2683 2703 2734 certo
2737 2678 3088 2736 discrimini.
3142 2679 3454 2734 Prmvaleat
3512 2679 3768 2750 periculo

2117 2774 2170 2822 et
2205 2769 2498 2822 formidini
2535 2770 2766 2839 privata:
2799 2768 3056 2823 charitas
3090 2771 3263 2838 regis,
3309 2774 3366 2823 et
3398 2786 3515 2840 quo
3549 2769 3600 2824 ei
3633 2786 3769 2825 con-

2118 2857 2384 2912 sulamus
2417 2858 2541 2912 alea
2571 2874 2712 2912 sane
2744 2857 2955 2912 salutis
2982 2864 3192 2914 nostra":
3216 2857 3494 2929 jaciatur.
3537 2861 3634 2914 llis
3666 2876 3767 2914 su-

2117 2947 2364 3003 surratis
2396 2965 2463 3003 ea
2494 2947 2679 3002 leonis
2710 2945 2922 3002 vicinia
2954 2953 3020 3003 ut
3047 2949 3118 3003 ab
3151 2966 3217 3003 eo
3278 2949 3661 3018 sentirentur,
3695 2949 3770 3002 il-

2117 3037 2238 3091 lum
2273 3037 2563 3092 consensu
2610 3039 2850 3104 adeunt,
2911 3043 2967 3092 et
3026 3038 3076 3092 ei
3139 3034 3427 3108 profunde
3495 3043 3772 3108 salutato,

2117 3127 2422 3197 Novimus,
2455 3125 2712 3194 do'mine',
2766 3123 3062 3197 inquiunt,
3110 3132 3244 3198 quis
3296 3128 3401 3181 tibi
3452 3128 3766 3198 prandium

2119 3216 2409 3283 averterit,
2462 3214 2949 3287 peccavimusque
3006 3217 3296 3272 hactenus
3346 3219 3500 3287 quod
3554 3217 3766 3272 timore

2120 3304 2680 3361 concitandicontra
2712 3322 2820 3360 nos
2853 3303 3108 3360 'mi'nistri
3163 3306 3554 3376 praepotentis,
3606 3305 3767 3360 silui-

2122 3413 2254 3450 mus
2290 3412 2302 3448 :
2338 3413 2473 3449 nam
2501 3394 2585 3449 vel
2620 3399 2821 3449 nostra
2843 3399 2996 3449 certa
3017 3395 3269 3466 pernicie
3293 3393 3402 3449 fuit
3428 3394 3531 3449 tibi
3551 3412 3768 3450 consu-

2119 3485 2357 3539 lenduun
2391 3477 2409 3552 ς’
2437 3485 2722 3555 quidquid
2756 3501 2893 3554 ergo
2943 3481 3180 3540 demum
3234 3483 3368 3537 inde
3419 3485 3767 3539 secuturum

2118 3575 2214 3641 sit,
2248 3570 2439 3630 officio
2470 3590 2538 3627 en
2565 3579 2763 3627 nostro
2797 3574 3121 3645 fungimur,
3155 3574 3486 3628 indicantes
3518 3573 3646 3642 tibi,
3685 3575 3767 3628 fe-

2115 3663 2254 3717 rinas
2291 3669 2514 3734 partem
2543 3680 2718 3733 quam
2753 3663 2859 3717 tibi
2894 3662 3017 3717 beri
3051 3680 3399 3734 seposueras
3429 3663 3489 3718 in
3526 3669 3761 3733 pastum

2114 3751 2490 3819 hodiernum,
2525 3756 2888 3808 subtractam
2926 3771 2958 3808 a
2990 3753 3126 3808 thoe
3159 3753 3364 3822 fuisse,
3395 3753 3501 3807 hoc
3535 3769 3603 3806 ex
3633 3769 3769 3807 ocu-

2113 3839 2228 3894 lalo
2262 3844 2411 3894 teste
2443 3837 2967 3910 comperimus.Sic
3001 3841 3194 3897 locuto
3229 3843 3466 3897 nomine
3497 3842 3766 3898 omnium

2113 3928 2390 3998 primario
2420 3928 2774 3999 inleripsos,
2831 3930 2984 3985 alius
3030 3948 3363 3986 sermonem
3415 3931 3758 4002 excipiens:

2113 4017 2229 4072 Etsi
2264 4016 2371 4071 hoc
2403 4016 2502 4087 qui
2549 4017 2694 4070 vidit
2745 4017 2963 4086 retulit,
2999 4023 3057 4072 et
3107 4019 3207 4088 qui
3257 4019 3430 4074 vitam
3479 4021 3633 4075 thois
3666 4039 3757 4075 ar-

2111 4123 2318 4166 canam
2353 4123 2386 4160 a
2417 4107 2610 4176 specie
2631 4106 3073 4161 dversissimam
3099 4108 3756 4178 intrespexerunt,haud

2113 4196 2371 4252 alienum
2396 4197 2468 4266 alb
2491 4195 2617 4264 ejus
2651 4195 2792 4250 vafri
2813 4195 3179 4251 simulatoris
3209 4196 3430 4250 occulta
3456 4198 3762 4252 voracitati

2111 4287 2325 4340 factum
2362 4283 2706 4353 intelligant,
2737 4288 2933 4338 tamen
2985 4284 3124 4355 quia
3157 4290 3239 4351 tu,
3294 4285 3553 4351 domine,
3586 4286 3759 4356 longe

2111 4375 2226 4429 alia
2251 4375 2320 4429 de
2352 4374 2487 4428 thoe
2518 4374 2799 4444 epinaris,
2834 4390 2947 4428 non
2997 4373 3248 4444 petimus
3283 4383 3346 4428 ut
3395 4375 3620 4441 credas,
3656 4376 3758 4429 sed

2109 4469 2174 4518 ut
2205 4463 2421 4534 inquiri
2471 4463 2543 4517 de
2593 4478 2653 4516 re
2691 4463 2943 4531 jubeas.,
2977 4463 3245 4518 Addebat
3303 4462 3491 4537 alter:
3525 4463 3578 4517 Si
3623 4463 3756 4518 thes

2109 4554 2485 4608 convincatur
2517 4552 2694 4620 hujus
2717 4551 3403 4623 crin‘iinis,intelligemus
3426 4569 3557 4607 vera
3579 4553 3755 4608 etiam

2107 4644 2290 4699 fuisse
2322 4661 2448 4713 quas
2482 4643 2670 4697 multa
2699 4645 2768 4698 de
2800 4643 2902 4697 illo
2934 4645 3292 4712 ferebantur,
3328 4661 3440 4698 non
3465 4642 3757 4698 credenti-

349 4744 509 4804 runt,
544 4736 645 4792 sed
678 4731 918 4789 consule
946 4730 1003 4784 in
1039 4730 1292 4785 medium
1325 4745 1392 4784 ac
1419 4729 1666 4795 discute,
1699 4729 1845 4784 citra
1865 4745 2000 4784 con-
2033 4720 2078 4783 D
2113 4734 2225 4789 bus
2259 4733 2478 4789 multis.
2515 4732 2891 4787 Exclamabat
2923 4732 3073 4787 alius
3108 4750 3120 4787 :
3160 4736 3301 4787 Vere
3335 4733 3416 4787 ita
3444 4738 3569 4800 est;
3597 4735 3759 4786 frau-

351 4827 673 4886 tentionem
706 4827 1069 4889 tamen,nam
1102 4819 1228 4874 haec
1258 4822 1316 4874 et
1346 4820 1716 4889 majestatem
1741 4819 2000 4888 dedecet,

349 4925 406 4977 et
436 4917 508 4974 ad
540 4915 658 4970 veri
691 4910 1174 4982 dijudicationem
1209 4909 1404 4966 obstat
1434 4908 1629 4978 potius
1653 4924 1831 4978 quam
1863 4925 2003 4963 con-

349 5009 484 5065 fert.
513 5004 644 5059 Haac
675 5005 1014 5056 curaturum
1039 4998 1606 5068 observaturumque
1628 5014 1691 5052 se
1721 5013 1854 5068 rege
1876 5013 2003 5068 pro-

345 5097 468 5152 lixe
499 5090 780 5166 pollicito,
814 5088 950 5143 tbos
980 5086 1552 5161 administrationem
1578 5102 1771 5142 rerum
1798 5102 2002 5156 capes-

343 5177 732 5242 sivit.Summi
763 5194 825 5232 se
855 5176 1023 5232 illum
1059 5177 1262 5233 facere
1295 5175 1385 5230 leo
1417 5177 1612 5246 palam
1645 5175 1999 5242 declarabat,

346 5273 496 5330 nihil
528 5271 680 5326 clam
713 5266 828 5338 ipsi
862 5265 1248 5334 habens,ejus
1277 5265 1588 5320 consilium
1625 5266 1684 5320 in
1711 5265 1873 5320 omni
1897 5283 2002 5322 ne-

348 5363 504 5436 gotio
537 5358 810 5420 audiens,
846 5370 1052 5410 omnes
1083 5354 1254 5438 (infra
1296 5354 1464 5410 illum
1510 5355 1832 5410 aestimans.
1883 5355 2001 5411 Hoc

339 5447 676 5526 spectaculo
726 5462 884 5500 novae
935 5445 1091 5498 thois
1132 5443 1287 5513 apud
1341 5443 1569 5498 leonem
1619 5446 1822 5515 gratias
1854 5445 2001 5500 aulae

341 5540 528 5598 oculis
564 5535 883 5608 proposito,
918 5532 1118 5587 mirari
1150 5549 1360 5588 omnes
1391 5532 1888 5604 sermonibusque
1906 5550 1999 5588 ce-

345 5632 566 5688 lebrare
600 5624 972 5695 inopinatum
995 5639 1202 5678 casum
1229 5639 1243 5688 ;
1278 5621 1564 5692 primores
1589 5627 1788 5678 autem
1819 5623 2001 5678 comi-

346 5726 504 5785 tatus
528 5715 703 5778 tacite
726 5713 874 5781 ringi
897 5711 1822 5784 utriqueintime,dissimulando
1847 5712 2000 5768 haud

356 5807 523 5866 facile
553 5805 732 5860 livore
763 5819 828 5857 ac
868 5801 1137 5857 videlicet
1186 5802 1552 5859 inbiabundo
1592 5802 2000 5858 occasionibus

2117 4821 2342 4878 dulenti
2374 4827 2431 4876 et
2464 4821 2614 4876 clam
2661 4821 2912 4892 improbi
2964 4837 3266 4892 nunquam
3310 4823 3382 4877 ad
3433 4826 3759 4876 extremum

2114 4911 2324 4967 latent.
2358 4912 2476 4982 Ego
2510 4911 2663 4965 inter
2691 4910 2826 4966 illos
2857 4911 2937 4964 l'ui
2963 4911 3181 4966 multos
3232 4912 3333 4982 qui
3359 4911 3552 4966 thoem
3586 4911 3756 4965 inno-

2115 4999 2521 5057 centissimum
2553 5005 2849 5070 putarent,
2881 5005 2938 5054 et
2967 5017 3102 5054 cum
3148 5017 3181 5054 a
3229 5001 3344 5055 ﬁde
3392 5000 3589 5071 dignis
3619 5016 3760 5054 sane

2112 5090 2328 5144 atrocia
2352 5105 2622 5161 peccasse
2645 5089 2841 5160 ipsum
2865 5090 3474 5154 audirem,renuebam
3501 5091 3758 5158 credere;

2114 5197 2269 5234 nunc
2301 5178 2507 5233 ultimo
2547 5178 2655 5233 hoc
2708 5179 3106 5250 experimento
3158 5178 3316 5233 larva
3365 5179 3452 5233 illi
3497 5181 3763 5237 detracta

2113 5269 2419 5323 est.Alius
2449 5268 2687 5337 quidam
2735 5268 2968 5322 dicebat
3016 5283 3028 5321 :
3080 5268 3222 5322 Cum
3285 5269 3544 5340 primum
3600 5270 3759 5325 hunc

2112 5357 2308 5412 thoem
2342 5357 2481 5424 vidi,
2533 5355 2797 5411 suboluit
2847 5357 2989 5410 mihi
3040 5356 3169 5426 ejus
3223 5361 3528 5428 nequitia;
3581 5363 3758 5416 testes

2112 5447 2255 5502 mihi
2285 5451 2425 5501 sunt
2459 5445 2550 5500 hic
2583 5450 2760 5515 atque
2788 5443 2887 5500 ille
2918 5446 3290 5516 (nominabat
3314 5449 3759 5519 certos)quibus

2113 5551 2265 5606 saepe
2291 5535 2430 5601 dixi,
2465 5551 2591 5604 quae
2626 5535 2683 5587 iu
2718 5552 2784 5589 eo
2818 5534 3031 5606 vulgus
3079 5537 3415 5604 miraretur,
3466 5537 3609 5590 nihil
3643 5537 3757 5591 nisi

2113 5624 2439 5696 praestigias
2466 5632 2526 5683 et
2558 5628 2756 5678 fucum
2789 5641 2917 5678 esse
2973 5628 3414 5695 obductumque
3449 5629 3755 5681 tectorium

2111 5714 2495 5786 improbitati.
2531 5715 2690 5789 Aliter
2739 5716 3033 5787 quispiam
3081 5718 3162 5773 sic
3211 5720 3603 5786 erumpebat:
3640 5717 3758 5773 Iloc

2115 5807 2408 5862 enimvero
2443 5822 2556 5859 non
2593 5807 2810 5860 furtum
2857 5806 3044 5861 solum
3080 5813 3192 5875 est,
3225 5807 3324 5861 sed
3359 5806 3757 5878 sacrilegium,
