4120 6398
348 384 486 437 1343

1892 381 2278 434 APPENDIX.

3622 385 3765 442 1344

346 512 447 565 sed
502 509 888 565 intolerabilis
939 510 1178 564 licentia
1230 508 1514 563 violandae
1573 523 1719 560 ausu
1774 504 1991 558 nefario
2024 508 2077 572 Α
2108 505 2348 577 spoxisti
2384 507 2553 562 ﬁdem
2590 514 2645 563 et
2678 510 3025 582 probitatem
3062 512 3214 566 thois
3238 513 3265 566 ‘?
3295 518 3351 567 et
3376 512 3537 567 illum
3572 522 3763 568 tamen

338 618 518 655 sacrae
554 602 899 669 majestatis.
937 599 1305 653 Audiebatur
1334 603 1391 651 et
1421 596 1662 651 alterius
1698 597 1818 649 [λειω
1852 611 1956 647 vox
1986 611 1997 647 :

342 690 537 743 Mittat
566 703 667 742 rex
697 689 795 759 qui
841 691 1178 740 scrutentur
1232 687 1473 741 domum
1535 684 1731 751 thois;
1782 682 2003 737 cubilia

350 777 590 832 sceleris
633 775 1165 844 deprehendentur,
1212 778 1269 828 et
1319 788 1557 844 corpus,
1610 772 1765 841 quod
1813 769 2000 839 aiunt,

345 870 541 939 ipsum
577 866 772 920 delicti
804 865 1118 921 tenebitur.
1158 864 1392 931 Verum,
1433 862 1793 931 adjungebat
1824 859 1998 925 alius,

345 957 784 1029 properandum
812 954 869 1007 in
896 955 1000 1007 hoc
1032 959 1352 1017 essetnam
1390 952 1715 1022 periculum
1749 950 1805 1003 in
1836 965 2000 1003 mora

339 1050 465 1111 est;
501 1050 557 1098 et
608 1045 785 1107 alius,
838 1043 984 1097 Male
1036 1060 1240 1097 vereor
1286 1060 1355 1096 ne
1405 1041 1539 1095 thos
1591 1039 1999 1094 astutissimus

342 1135 644 1190 consuetis
677 1133 941 1188 artiﬁciis
977 1133 1224 1187 fascinat
1268 1133 1481 1186 iterum
1538 1147 1754 1200 regem,
1790 1136 1845 1183 et
1878 1134 1994 1181 tam

348 1225 647 1279 manifesti
709 1224 977 1278 criminis
1057 1224 1319 1278 mendaci
1395 1221 1730 1275 detensioue
1802 1223 1996 1272 notam

352 1315 533 1369 cluat.

416 1424 659 1478 V[.Cum
677 1422 753 1476 ita
771 1438 971 1497 omnes
988 1421 1444 1475 iusidiosissimo
1461 1435 1747 1473 consensu
1770 1418 1996 1473 leonem

349 1512 606 1583 undique
639 1516 935 1582 urgerent,
987 1516 1043 1565 et
1094 1510 1290 1581 ipsum
1341 1509 1748 1579 perturbatum
1801 1506 1999 1560 dolore

350 1600 579 1671 prandii
611 1598 1105 1670 subtractijussit
1135 1599 1227 1653 ille
1262 1600 1455 1653 thoem
1491 1598 1685 1652 subito
1717 1595 1999 1657 vocari,et

350 1706 418 1743 ex
450 1688 721 1760 praesenti
758 1689 1067 1743 minaciter
1097 1692 1475 1759 percontatus
1519 1693 1627 1751 est,
1683 1686 1781 1739 ubi
1817 1684 1999 1738 ferina

351 1782 506 1834 esset
521 1795 694 1849 quam
713 1778 821 1849 ipsi
839 1778 1183 1833 tradidisset
1200 1777 1384 1847 pridie
1407 1776 1755 1831 servandam
1773 1774 1799 1827 ‘I
1820 1773 1996 1832 Thos.

353 1869 509 1937 quod
547 1883 639 1922 res
684 1872 830 1933 erat,
878 1866 1222 1937 simpliciter
1272 1865 1577 1937 respondit
1629 1880 1691 1919 se
1741 1863 1995 1918 curatori
2031 1878 2075 1940 Β

356 1974 543 2029 penus
574 1956 970 2028 reponendam
996 1955 1388 2010 commisisse.
1423 1954 1635 2008 Aderat
1663 1953 1807 2007 forte
1841 1952 1892 2007 is
1945 1955 2002 2006 et

355 2052 800 2118 praeoccupatus
831 2063 863 2099 a
894 2044 1420 2100 calumniatoribus
1453 2044 1660 2112 fuerat,
1694 2059 1875 2113 quare
1908 2060 2003 2113 pa-

363 2137 477 2193 lam
514 2136 745 2208 negavit
779 2153 841 2191 se
871 2154 901 2189 a
933 2136 1067 2190 thoe
1099 2135 1424 2205 quidquam
1471 2133 1788 2205 accepisse.
1839 2133 2005 2187 Tunc

362 2226 524 2281 misit
573 2242 670 2279 rex
714 2225 812 2295 qui
865 2228 1269 2280 scrutarentur
1318 2224 1562 2278 domum
1617 2221 1793 2287 thois,
1844 2222 2006 2292 ipsos

361 2316 735 2372 commodum
762 2315 860 2384 qui
890 2314 1151 2367 fraudem
1178 2312 1631 2368 adornarant.Hi
1655 2310 1851 2366 statim
1879 2315 2010 2381 post

360 2407 606 2460 ferinam
642 2403 807 2473 quasi
859 2402 1013 2473 apud
1066 2402 1261 2456 thoem
1319 2401 1375 2454 in
1428 2399 1670 2454 latebris
1720 2403 2008 2469 repertam

362 2495 514 2551 leoni
550 2492 1114 2548 detulerunt.Adfuit
1136 2493 1287 2547 inter
1309 2491 1568 2561 reliquos
1590 2490 1767 2561 lupus
1790 2490 2009 2554 senior,

360 2583 673 2640 simulator
703 2584 878 2649 vafer,
914 2582 1013 2651 qui
1052 2582 1267 2635 famam
1307 2581 1555 2651 justitia:
1587 2596 1651 2634 ac
1682 2579 2011 2634 sanctitatis

362 2675 497 2729 ﬁcta
530 2671 816 2727 modestia
846 2671 1179 2742 collegerat.
1212 2671 1265 2725 Is
1296 2670 1547 2740 graviter
1595 2674 1653 2723 et
1704 2668 2014 2739 diligenter

360 2764 539 2818 vitata
566 2761 725 2817 omni
760 2761 1095 2831 suspicione
1124 2760 1222 2813 irae
1247 2769 1344 2814 aut
1367 2758 1589 2813 livoris.
1625 2757 1921 2829 suggessit
1952 2756 2011 2810 in

363 2869 563 2907 aurem
600 2850 718 2921 regi
756 2866 768 2904 :
802 2849 857 2903 Si
890 2849 1119 2903 veniam
1152 2849 1303 2917 apud
1339 2852 1395 2902 te
1420 2846 1646 2901 invenit
1692 2851 1813 2900 tam
1849 2850 2013 2901 atrox

358 2948 416 2999 et
447 2940 823 2997 manifestum
858 2936 1281 3005 scelus,nullus
1312 2937 1424 2992 erit
1454 2936 1665 2991 deinde
1696 2935 1795 3007 qui
1820 2935 2011 2990 defer-

361 3049 421 3087 re
454 3030 640 3085 ullum
676 3028 959 3082 indicium
993 3028 1208 3082 audeat
1238 3025 1693 3081 machinationis
1726 3024 2011 3095 cujusvis,

370 3118 636 3176 etiamin
688 3122 863 3186 caput
910 3121 1103 3172 tuum.
1155 3116 1272 3171 Hoc
1320 3115 1412 3171 leo
1461 3114 1662 3169 audito
1714 3113 2014 3185 compingi

360 3210 552 3266 thoem
582 3207 767 3279 jussit
796 3206 856 3261 in
890 3222 1203 3261 carcerem.
1255 3206 1397 3260 Dum
1430 3204 1487 3258 id
1522 3204 1706 3267 ﬁeret,
1739 3202 2010 3259 adulator

370 3299 605 3372 quidam
638 3314 708 3351 ex
739 3296 1093 3351 astantibus.
1128 3295 1384 3363 Dudum,
1418 3295 1500 3349 ait
1531 3293 1790 3348 mirabar
1816 3310 1850 3347 a
1880 3309 2007 3346 sce-

368 3389 551 3445 lerato
583 3388 697 3442 isto
731 3387 931 3441 fucum
964 3385 1087 3439 ﬁeri
1138 3383 1661 3455 perspicacissimze
1701 3381 2008 3452 sagacitati

361 3477 582 3534 domini
619 3476 823 3531 nostri.
862 3474 983 3529 Sub
1015 3475 1135 3529 haec
1169 3474 1441 3527 misitteo
1472 3472 1542 3525 ad
1575 3470 1769 3525 thoem
1796 3469 2011 3539 quasi-

361 3574 517 3623 tores
549 3583 617 3621 ex
648 3566 850 3619 eadem
885 3562 1385 3633 sycophantarum
1439 3559 1677 3612 cohorte
1725 3557 1822 3627 qui
1874 3574 2007 3611 eum

360 3658 789 3726 interrogarent
812 3653 869 3706 in
887 3648 1599 3705 custodia.Conﬁnxerunt
1622 3645 1705 3700 illi
1732 3663 2014 3717 responsa

361 3749 488 3818 ejus
522 3743 897 3800 contumacia
926 3745 983 3794 et
1003 3738 1430 3794 contumeliosa
1460 3737 1517 3791 in
1564 3737 2009 3809 principem,cui

363 3841 421 3891 et
451 3851 583 3889 mox
614 3831 818 3886 eadem
851 3833 1271 3899 exaggerantes
1305 3827 1767 3883 invidiosissime
1799 3829 2011 3881 retule-

367 3923 678 3988 runt,adeo
712 3928 774 3973 ut
804 3920 875 3973 iis
901 3918 1115 3973 auditis
1140 3918 1412 3973 efferatus
1434 3917 1522 3972 leo
1541 3917 1735 3971 thoem
1764 3916 2013 3971 interﬁci

369 4012 695 4069 mandaret.

435 4119 559 4174 VII.
588 4086 858 4172 ﬁervenit
886 4113 1123 4169 interim
1152 4115 1218 4167 ad
1251 4118 1492 4166 matrem
1525 4113 1678 4182 regis
1707 4113 1888 4165 totius
1912 4128 2015 4166 no-

362 4210 490 4264 titia
518 4207 849 4263 calumniae.
887 4205 1018 4259 Hzec
1048 4204 1303 4273 primum
1335 4203 1625 4269 omnium,
1659 4202 1813 4272 quod
1850 4200 2016 4255 facile

364 4300 614 4368 poterat,
649 4298 885 4365 propter
915 4290 1321 4347 auctoritatem
1347 4288 2013 4357 summam,dilatiouem

365 4383 721 4456 interposuit
752 4381 1064 4451 supplicio.
1099 4380 1247 4433 Tum
1302 4377 1529 4433 leonem
1588 4376 1859 4447 privatim
1916 4393 2015 4445 ag-

366 4492 587 4545 gressa,
621 4476 805 4539 Quam
841 4472 913 4527 ob
946 4486 1205 4535 causam;
1241 4470 1344 4533 ait,
1382 4469 1482 4532 ﬁli,
1524 4467 1831 4538 capitalem
1885 4484 2015 4521 sen-

362 4565 604 4619 tentiam
636 4563 691 4615 in
723 4562 916 4615 thoem
944 4558 1375 4629 pronuntiasti?
1409 4556 1628 4610 Retulit
1652 4555 1737 4609 leo
1762 4572 1888 4625 quae
1913 4573 2017 4609 au-

368 4655 555 4707 dierat
586 4658 641 4706 et
672 4650 930 4713 viderat;
965 4652 1021 4702 et
1050 4646 1149 4700 illa
1184 4664 1195 4700 :
1231 4645 1567 4711 Festinasti,
1624 4644 1726 4709 fili,
1764 4644 2014 4698 nimium

364 4744 421 4797 in
459 4759 518 4795 re
550 4738 786 4794 maximi
810 4736 1121 4801 momenti;
1154 4741 1209 4789 et
1233 4741 1519 4805 quantum
1556 4735 1612 4785 in
1648 4738 1705 4786 te
1738 4733 2016 4796 fuit,serze

365 4832 471 4886 tibi
508 4828 862 4902 paenitentia:
888 4826 944 4879 in
977 4826 1156 4878 vitam
1189 4824 1468 4894 reliquam
1508 4823 1670 4875 triste
1705 4838 2015 4892 argumen-

364 4926 485 4975 tum
521 4916 897 4990 comparasti.
923 4914 1223 4969 Sustinere
1254 4916 1589 4983 oportuerat
1620 4916 1677 4965 et
1707 4912 1970 4965 cunctari
2000 4929 2012 4975 ;

365 5027 502 5063 nam
539 5008 752 5063 mulier
784 5022 882 5076 per
904 5005 1093 5058 virum
1129 5020 1303 5057 suum
1339 5001 1643 5066 stat,ﬁ|ius
1679 5017 1778 5071 per
1808 5017 2014 5069 paren-

366 5106 477 5161 tes,
511 5096 838 5167 discipulus
878 5111 979 5166 per
1020 5093 1393 5161 magistrum,
1449 5090 1739 5142 exercitus
1773 5106 1873 5160 per
1904 5091 2013 5142 du-

366 5204 512 5251 cem,
548 5185 924 5256 populusper
956 5198 1175 5252 regem,
1228 5196 1325 5233 rex
1376 5196 1478 5248 per
1525 5179 1733 5243 legem,
1778 5178 1868 5231 lex
1917 5196 2017 5249 per

367 5274 766 5347 prudentiam,
802 5272 1112 5342 prudentia
1144 5287 1245 5340 per
1293 5267 1729 5322 cunctationem
1756 5284 1768 5328 :
1799 5276 1853 5320 et
1899 5268 2013 5320 ini-

366 5368 513 5420 tium
547 5360 847 5434 sapientia:
878 5361 998 5429 regi
1033 5364 1143 5423 est,
1176 5374 1349 5413 nosse
1379 5357 1489 5411 sibi
1518 5356 1915 5425 subjectos,ac
1945 5357 2015 5410 de

365 5471 594 5522 quoque
626 5452 889 5523 ipsorum
923 5449 1257 5503 existimare
1291 5450 1465 5517 prout
1486 5461 1677 5499 mores
1707 5446 1835 5515 ejus
1854 5449 2011 5500 sunt.

368 5546 425 5598 ld
461 5544 507 5597 si
546 5545 786 5606 faceres,
840 5554 951 5591 non
1002 5536 1297 5589 mirareris
1351 5536 1563 5604 probos
1615 5533 1935 5603 oppugnari
1983 5551 2014 5587 a

368 5630 777 5701 aequissimis,
812 5643 915 5681 nec
947 5626 1119 5679 ﬁdem
1166 5622 1236 5676 iis
1280 5624 1572 5677 tribueres
1628 5622 1845 5692 quibus
1876 5639 2013 5692 sup-

370 5720 544 5788 plicia
574 5718 1057 5773 debebas.Nonne
1090 5712 1417 5765 innumeris
1448 5710 1863 5780 experimentis
1888 5727 2012 5781 per-

2110 599 2229 648 tam
2270 595 2383 651 cito
2443 604 2677 669 propter
2740 600 3301 657 inverisimillimum
3347 603 3569 658 crimen
3618 604 3757 657 sub-

2110 687 2305 737 tracta:
2338 689 2690 754 carunculae,
2735 690 2806 744 azl
2838 689 3191 746 delationem
3243 691 3588 747 aemulorum
3630 694 3763 761 ejus

2110 773 2328 828 scelere
2360 774 2763 846 ﬂagrantium,
2796 795 2865 833 ex
2898 780 3103 834 fraude
3146 780 3507 852 perﬁdiaque
3538 782 3763 836 conﬁa-

2109 867 2330 931 torum,
2395 867 2568 919 morti
2627 867 2955 923 addixisti?
3029 868 3232 925 Nescis
3304 870 3551 941 capitale
3629 887 3761 925 esse

2107 953 2368 1021 regibus,
2403 954 2533 1010 aliis
2565 959 2929 1012 committere
2961 976 3085 1027 quas
3118 976 3317 1028 gerere
3352 976 3450 1030 per
3485 976 3613 1014 sese
3644 959 3760 1030 ipsi

2107 1042 2372 1096 debent?
2402 1043 2525 1099 Non
2561 1045 2721 1100 vides
2756 1047 2855 1117 qui
2889 1047 3091 1101 vinum
3151 1056 3379 1112 emunt,
3435 1065 3608 1118 quam
3664 1050 3759 1101 di-

2103 1129 2351 1200 ligenter
2385 1133 2549 1203 prius
2580 1134 2883 1205 explorent
2917 1135 3191 1201 colorem,
3225 1139 3764 1207 odorem.gustum,

2106 1237 2177 1274 ne
2208 1238 2327 1290 qua
2360 1223 2505 1292 ipsis
2538 1224 2699 1277 fraus
2734 1225 2881 1278 ﬁat?
2916 1231 3136 1295 quanto
3172 1226 3357 1295 magis
3391 1227 3553 1280 decet
3594 1241 3763 1295 reges

2107 1308 2510 1365 curiosissime
2537 1311 2816 1385 indagare
2848 1319 3060 1367 cuncta
3091 1314 3148 1367 in
3176 1315 3409 1384 negotio
3442 1316 3496 1367 in
3524 1330 3640 1384 quo
3670 1316 3761 1367 ni-

2107 1396 2187 1450 hil
2224 1398 2415 1452 minus
2449 1416 2627 1469 quam
2652 1402 2814 1472 regni
2850 1400 3012 1457 salus
3042 1401 3267 1469 agitur!
3305 1403 3571 1457 Minister
3602 1403 3761 1456 ﬁdus

2106 1503 2171 1539 ac
2215 1489 2475 1557 prudens
2519 1489 2823 1544 brachium
2875 1492 3143 1546 dextrum
3198 1491 3505 1562 principis,
3559 1492 3760 1563 reipu-

2108 1575 2271 1629 blicae
2320 1578 2752 1632 ﬁrmamentum
2800 1596 2865 1633 ac
2922 1580 3192 1634 columen
3240 1587 3349 1635 est.
3403 1585 3526 1635 Non
3575 1580 3764 1651 igitur

2106 1666 2407 1734 oportebat
2439 1672 2494 1721 te
2525 1666 2622 1721 alii
2659 1669 2834 1723 ﬁdere
2865 1669 2923 1723 in
2975 1670 3303 1737 cognitione
3354 1670 3487 1724 talis
3544 1685 3757 1737 causae,

2106 1755 2431 1824 praesertim
2465 1772 2620 1823 cum,
2656 1762 2720 1811 ut
2744 1757 2885 1825 dixi,
2923 1757 3083 1812 nulla
3114 1757 3625 1813 verisimilitudine
3648 1757 3758 1812 cri-

2109 1859 2237 1896 men
2273 1844 2821 1909 nitatur.Quomodo
2852 1847 3007 1901 enim
3042 1847 3143 1918 qui
3170 1847 3555 1919 temperantia
3578 1863 3759 1917 spon-

2110 1936 2280 1985 tanea
2313 1933 2490 2003 (quod
2523 1935 2802 1989 omnibus
2849 1939 2939 1990 est
2982 1935 3386 2003 notissimum)
3430 1937 3589 1990 omni
3640 1936 3757 1989 sibi

2108 2020 2412 2076 interdixit
2438 2039 2539 2077 esu
2574 2024 2864 2089 carnium,
2897 2025 3055 2079 credi
3080 2028 3263 2094 possit
3287 2024 3532 2078 ferinam
3552 2041 3581 2078 e
3601 2041 3754 2095 penu

2108 2113 2210 2162 tua
2241 2110 2649 2166 subtraxisse?
2679 2112 2855 2182 Finge
2888 2112 3024 2183 gula
3054 2114 3271 2167 victum
3312 2131 3325 2169 :
3359 2114 3599 2168 deerant
3631 2131 3762 2168 ma-

2110 2196 2255 2254 cella
2302 2198 2600 2269 locupleti,
2646 2200 2889 2254 deerant
2948 2218 3194 2255 munera
3246 2202 3510 2256 certatim
3564 2202 3767 2257 oblata

2110 2292 2475 2356 venatorum,
2513 2305 2613 2358 per
2644 2306 2771 2359 qua:
2803 2288 3112 2361 cupiditati
3144 2290 3553 2345 satisfaceret?
3584 2297 3652 2346 At
3676 2291 3767 2345 in-

2114 2378 2286 2427 venta
2314 2374 2472 2428 domi
2504 2375 2631 2443 ejus
2665 2375 2846 2430 ferina
2874 2380 2976 2431 tua
3008 2376 3142 2431 est?
3191 2382 3411 2448 Nempe
3457 2380 3527 2433 ab
3561 2378 3633 2433 iis
3662 2378 3767 2449 qui

2116 2463 2227 2533 ipsi
2261 2462 2692 2529 subtraxerant,
2715 2465 2829 2536 ipsi
2856 2482 2922 2522 eo
2951 2465 3295 2533 intulerant,
3317 2472 3381 2523 ut
3412 2468 3605 2523 thoem
3631 2485 3770 2539 per-

2118 2554 2343 2609 derent.
2378 2557 2457 2610 An
2490 2562 2581 2610 est
2609 2556 2922 2611 obscurum
2970 2574 3175 2613 omnes
3219 2558 3365 2613 istos
3411 2559 3639 2613 invidia:
3670 2576 3766 2614 ra-

2120 2645 2211 2700 bie
2242 2644 2300 2698 in
2334 2661 2467 2699 eum
2503 2646 2738 2700 furere?
2768 2645 2982 2701 Vident
3021 2648 3292 2719 occupari
3342 2648 3412 2702 ab
3462 2665 3529 2703 eo
3573 2647 3772 2702 locum

2121 2751 2293 2804 quem
2326 2733 2439 2789 sibi
2466 2734 2776 2802 ambiunt;
2814 2752 2955 2806 opes
2986 2737 3138 2806 ejus,
3172 2737 3478 2803 honorem,
3513 2738 3773 2792 auctori-

2120 2828 2325 2890 tatem,
2357 2824 2514 2894 apud
2547 2828 2601 2877 te
2632 2823 2903 2895 gratiam,
2937 2825 3172 2896 propria
3206 2825 3557 2880 detrimenta
3588 2826 3778 2881 inter-

2121 2919 2429 2985 pretantur
2458 2957 2472 2981 ,
2505 2919 2769 2985 spectare
2800 2914 3103 2970 ﬂorentem
3150 2915 3313 2971 illum
3362 2920 3549 2971 morte
3599 2916 3775 2987 pejus

2121 3004 2346 3058 ducunt
2379 3020 2391 3056 :
2424 3003 2510 3058 sic
2536 3002 2762 3058 vulturi
2805 3008 3027 3075 partem
3074 3004 3375 3059 cadaveris
3428 3005 3655 3071 ferenti,
3689 3006 3777 3061 sic

2121 3095 2252 3149 cani
2285 3111 2419 3150 osse
2438 3099 2603 3164 rapto
2632 3095 3079 3167 fugienti,multi
3100 3096 3320 3151 circum
3344 3096 3780 3152 instantvultu-

2123 3200 2216 3239 res
2256 3189 2313 3239 et
2361 3200 2535 3237 canes
2567 3182 2664 3237 alii
2723 3184 2975 3252 praedam
3010 3189 3355 3257 extorquere
3414 3189 3775 3256 satagentes.

2124 3274 2186 3326 In
2222 3288 2457 3327 summa
2488 3271 2572 3325 sic
2604 3271 2774 3340 habe,
2811 3271 3028 3327 bellum
3077 3290 3206 3328 esse
3258 3274 3686 3329 internecinum
3719 3280 3777 3329 et

2117 3359 2727 3432 implacabilematura
2749 3367 3157 3433 comparatum
3188 3367 3363 3434 atque
3380 3364 3773 3418 commissum

2119 3448 2273 3502 inter
2303 3448 2604 3518 improbos
2644 3449 2911 3504 subditos
2958 3454 3015 3505 et
3054 3451 3271 3505 bonum
3322 3450 3669 3522 principem.
3704 3452 3771 3506 1n

2119 3553 2184 3591 eo
2216 3536 2369 3591 bello
2402 3538 2577 3591 cardo
2612 3537 2854 3609 periculi
2876 3543 2932 3593 et
2954 3557 3087 3610 spes
3112 3540 3361 3595 victorias
3386 3540 3445 3594 in
3471 3539 3774 3594 ministro-

2121 3645 2251 3681 rum
2287 3626 2566 3697 qualitate
2598 3628 2845 3683 vertitur
2882 3646 2894 3683 :
2930 3628 3111 3683 vincit
3142 3629 3415 3699 princeps
3463 3631 3513 3683 si
3548 3628 3771 3683 mordi-

2119 3734 2223 3772 cus
2256 3721 2417 3772 tenet
2447 3716 2813 3772 consiliarios
2846 3718 3142 3789 sapientes
3186 3721 3244 3771 et
3292 3716 3494 3771 ﬁdeles
3527 3736 3541 3783 ;
3578 3717 3625 3771 si
3663 3733 3769 3787 pro

2119 3805 2340 3861 talibus
2372 3805 2673 3861 calumnia
2694 3806 2936 3861 extortis
2960 3811 3114 3861 artes
3135 3805 3407 3877 malignae
3430 3806 3766 3860 invidorum

2118 3895 2417 3966 improbos
2448 3896 2781 3967 inﬁdosque
2812 3896 3117 3951 ministros
3155 3894 3536 3962 obtruserint,
3570 3900 3770 3950 actum

2122 3984 2192 4037 de
2213 4000 2346 4053 rege
2373 3991 2459 4038 est
2491 4000 2503 4036 :
2539 3984 2801 4038 seditiosi
2856 3984 2926 4038 de
2980 3982 3083 4037 illo
3131 3999 3195 4036 ac
3242 3981 3508 4048 rebelles,
3544 3982 3772 4053 ingenti

2122 4072 2455 4142 reipublicae
2505 4074 2691 4139 clade,
2740 4072 3216 4143 triumphabunt.
3266 4073 3453 4136 Quare
3498 4072 3558 4125 iu
3609 4088 3679 4125 ea
3715 4090 3776 4128 re

2121 4168 2378 4215 extremo
2410 4166 2619 4215 conatu
2662 4161 3071 4229 decertare,sic
3092 4164 3374 4231 tanquam
3396 4178 3497 4231 pro
3519 4160 3638 4215 arie
3664 4178 3772 4232 pu-

2122 4254 2259 4319 gnet
2288 4254 2343 4304 et
2372 4249 2538 4317 focis,
2573 4250 2843 4320 princeps
2885 4248 3120 4320 sapiens
3171 4250 3360 4315 debet,
3417 4266 3489 4303 ne
3542 4250 3775 4306 idoneis

2124 4344 2449 4408 compertos
2483 4338 2851 4393 nocumentis
2877 4339 3086 4408 probos
3137 4355 3203 4392 ac
3248 4338 3493 4394 solet-tes
3525 4340 3777 4393 admini-

2125 4434 2277 4481 stros
2308 4427 2453 4497 eripi
2486 4428 2595 4481 sibi
2630 4426 2907 4497 patiatur,
2941 4430 2997 4482 et
3028 4432 3091 4480 ut
3124 4426 3183 4481 in
3206 4426 3417 4482 horum
3453 4428 3772 4499 perniciem

2123 4517 2377 4571 intentas
2412 4516 2714 4571 machinas
2752 4516 3149 4587 improbitatis
3200 4516 3455 4587 disjiciat
3502 4534 3567 4571 ac
3621 4519 3772 4571 iraa.

2050 4599 2094 4662 D
2127 4611 2249 4678 gat.

2198 4729 2343 4784 VlIl.
2378 4734 2509 4784 Haec
2539 4730 2792 4784 maxime
2825 4729 3023 4801 regina
3072 4730 3416 4795 disserente,
3470 4732 3709 4801 quidam
3749 4750 3780 4788 e

2126 4819 2453 4889 conjuratis
2486 4820 2825 4873 auctoribus
2858 4819 3383 4885 calumniae,sontis
3406 4822 3781 4876 conscientiae

2127 4908 2453 4961 convicium
2508 4926 2621 4963 non
2671 4909 2885 4976 ferens,
2946 4908 3197 4978 procidit
3246 4908 3314 4961 ad
3370 4911 3544 4979 pedes
3599 4912 3781 4981 regis,

2130 4999 2350 5066 Fateor,
2383 4997 2677 5066 inquiens,
2704 4998 2959 5060 domine,
2991 4997 3182 5051 scelus
3215 5014 3407 5051 meum
3448 5015 3459 5053 :
3496 5000 3780 5056 innocens

2125 5086 2259 5141 thos
2292 5091 2377 5139 est
2412 5086 2678 5140 criminis
2708 5086 2983 5156 impacti;
3020 5101 3124 5156 ego
3160 5087 3399 5139 ferinam
3455 5105 3631 5157 quam
3662 5091 3779 5145 tibi

2126 5191 2495 5244 seposueras,
2531 5192 2559 5226 e
2592 5191 2742 5245 penu
2799 5180 2900 5228 tua
2949 5176 3197 5235 furatus,
3244 5175 3299 5227 in
3355 5175 3482 5243 ejus
3531 5179 3775 5233 domum

2125 5263 2327 5317 detuli.
2364 5264 2481 5332 Ego
2513 5265 2666 5317 idem
2698 5264 2771 5316 ibi
2806 5280 2934 5317 eam
2968 5264 3065 5317 ubi
3100 5264 3521 5319 absconderem
3561 5270 3775 5337 reperi,

2125 5353 2394 5425 produxi,
2430 5358 2493 5407 ut
2531 5358 2607 5417 te,
2660 5353 2813 5422 quod
2866 5353 3130 5423 contigit,
3177 5353 3244 5405 ad
3297 5370 3428 5407 enim
3479 5356 3771 5411 damnan-

2126 5443 2267 5495 dum
2306 5441 2689 5512 impellerem.
2726 5441 2850 5495 Feci
2897 5441 3003 5494 hoc
3050 5448 3108 5495 et
3155 5440 3378 5495 malitia
3429 5444 3661 5515 prepria
3713 5452 3775 5500 et

2128 5548 2307 5585 suasu
2360 5530 2762 5601 instinctuque
2812 5530 3223 5599 plerorumque
3282 5530 3603 5586 aulicorum
3668 5538 3770 5605 qui

2127 5620 2319 5673 thoem
2357 5620 2607 5689 pessime
2638 5621 2906 5682 oderunt,
2938 5620 3091 5689 quod
3146 5619 3250 5672 tibi
3301 5620 3538 5689 charus,
3589 5629 3645 5677 et
3678 5627 3776 5679 ni-

2129 5709 2340 5773 mium,
2378 5714 2442 5762 ut
2470 5708 2618 5779 ipsis
2647 5707 2898 5775 videtur,
2949 5708 3084 5763 felix
3125 5713 3214 5763 est
3264 5709 3496 5764 Miranti
3547 5713 3617 5766 ad
3656 5712 3783 5772 haec
