4120 6414
302 480 444 534 1345

1317 474 1679 527 SPECIMBN
1722 472 2128 527 SAPIENTIE
2169 477 2501 532 lNDORUM
2541 480 2699 531 VET.

3585 483 3720 537 1346

297 605 445 676 regi,
480 606 536 657 et
570 606 730 656 tanto
765 600 895 670 plus
931 615 1116 670 prono
1150 598 1222 652 ad
1259 596 1791 668 obtemperandum
1833 613 1960 650 mo-
1992 600 2041 663 A
2068 598 2247 666 juriis
2282 599 2502 665 laesere,
2539 602 2610 655 ab
2640 601 2713 655 iis
2748 620 2897 672 quos
2930 620 2990 657 re
3042 603 3319 657 familiari
3367 606 3716 677 spoliarunt,

300 694 444 749 uitis
478 691 703 759 matris,
743 690 841 744 illa
872 704 1139 744 sermone
1164 692 1491 758 resumpto,
1523 685 1667 741 Huic
1719 684 1955 756 quidem

300 783 459 838 ultro
495 781 786 854 profitenti
819 778 1245 851 pcenitentiam,
1277 781 1465 848 potes,
1515 776 1726 846 inquit,
1788 776 1955 846 igno-

302 888 487 935 scere,
547 876 788 925 czeteros
821 868 952 922 illos
983 882 1236 938 quorum
1287 870 1377 920 est
1433 863 1720 919 scelerata
1751 865 1960 935 depre—

302 961 489 1015 hensa
519 959 712 1025 coitio,
765 959 831 1012 ad
875 974 1060 1011 unum
1118 956 1402 1009 interfice.
1455 954 1568 1007 Nec
1619 960 1960 1008 contemnas

304 1047 768 1103 imbecillitatem
806 1046 1245 1117 plerorumque,
1296 1060 1431 1097 nam
1467 1043 1573 1097 etsi
1626 1044 1756 1097 feno
1812 1041 1961 1095 nihil

306 1138 618 1202 humilius,
679 1134 1165 1203 nihilinﬁrmius,
1218 1137 1415 1186 tamen
1469 1148 1537 1186 ex
1587 1149 1653 1186 eo
1686 1131 1961 1201 manipu-

302 1226 469 1280 latim
504 1226 717 1279 intorto
751 1224 919 1278 funes
945 1226 1267 1276 nectuntur
1314 1220 1415 1291 qui
1465 1222 1639 1275 etiam
1683 1219 1961 1289 elephan-

304 1320 393 1369 tes
419 1313 700 1385 alligent;
747 1313 941 1366 tboem
977 1328 1110 1365 vero
1147 1310 1343 1364 statim
1372 1326 1581 1364 censeo
1615 1310 1670 1363 in
1706 1310 1959 1379 priorem

304 1403 583 1459 restituas
609 1401 851 1456 honoris
884 1401 1157 1472 gradum,
1184 1398 1409 1469 tibique
1440 1398 1599 1453 omni
1634 1415 1742 1469 ope
1775 1398 1964 1452 conci-

305 1493 611 1547 lies.Tunc
642 1490 730 1545 leo
766 1508 778 1544 :
836 1489 1065 1545 Faciam
1099 1489 1254 1559 quod
1299 1489 1498 1557 jubes,
1542 1493 1749 1553 mater,
1784 1486 1960 1541 etiam

309 1598 440 1637 mea
471 1585 719 1652 sponte;
756 1596 890 1634 nam
934 1584 1180 1649 purgata
1210 1577 1529 1644 calumnia,
1564 1577 1873 1647 revigescit
1903 1577 1961 1629 in

312 1688 443 1726 meo
474 1671 671 1725 animo
704 1668 960 1723 charitas
1020 1668 1078 1721 in
1122 1667 1338 1731 tboem,
1372 1666 1545 1737 cujus
1604 1666 1780 1720 etiam
1833 1682 1964 1734 pro-

304 1760 623 1815 videntiam
659 1758 951 1824 recordor,
987 1757 1109 1811 hzsc
1156 1774 1283 1827 quae
1310 1756 1705 1836 .contigerunt
1757 1754 1960 1825 praevi-

305 1849 520 1916 dentis,
551 1854 609 1903 et
642 1847 784 1902 mihi
819 1845 1189 1917 suggerentis
1226 1844 1394 1898 utilia
1440 1844 1812 1915 prrecavendo
1871 1861 1961 1898 er-

305 1939 445 2009 rori,
470 1937 579 1993 nisi
604 1936 746 1991 laeva
779 1952 945 1991 mens
978 1935 1202 1989 fuisset.
1241 1934 1568 2005 Rogaverat
1599 1934 1779 1998 enim,
1817 1937 1881 1987 ut
1912 1933 1960 1986 si
1997 1967 2042 2030 B

309 2030 544 2100 quando
568 2028 805 2098 aliquod
841 2029 970 2096 ejus
998 2025 1217 2079 crimen
1252 2025 1579 2079 deferretur
1610 2025 1677 2077 ad
1717 2040 1965 2087 me,sus-

307 2119 555 2174 tinerem
581 2117 875 2187 judicium
902 2132 1084 2184 usque
1125 2115 1197 2168 ab
1229 2113 1671 2184 inquisitionem
1709 2112 1964 2181 plenam,

310 2206 628 2278 quod,heu
665 2204 791 2260 me!
829 2222 944 2259 non
980 2204 1111 2266 feci,
1147 2204 1246 2258 sed
1280 2203 1492 2257 faciam
1527 2202 1575 2257 si
1626 2202 1772 2256 alias
1823 2218 1969 2257 usus

315 2297 536 2351 incidet
568 2312 581 2351 :
616 2295 768 2350 serio
798 2296 955 2349 enim
991 2293 1231 2365 pmnitet
1290 2298 1405 2347 tam
1465 2292 1749 2346 damnose
1807 2290 1968 2345 festi-

314 2402 512 2440 nasse.
541 2385 642 2439 His
670 2384 843 2438 dictis
875 2382 1182 2437 confestim
1217 2381 1329 2436 sibi
1364 2380 1495 2435 sisti
1536 2380 1721 2449 jussit
1770 2379 1969 2433 tboem

313 2474 653 2543 liberum,et
688 2472 1021 2542 insignibus
1054 2474 1328 2524 ornatum
1363 2468 1669 2537 dignitatis
1686 2467 1965 2538 pristinis;

316 2580 488 2635 quem
527 2562 910 2634 amplectens,
945 2559 1300 2623 Erravimus,
1335 2559 1547 2627 inquit,
1581 2558 1680 2612 sed
1716 2557 1970 2611 circum-

316 2652 479 2708 venti
507 2651 659 2707 dolis
692 2649 884 2704 malis.
920 2648 1225 2720 Sapienter
1250 2664 1283 2701 a
1315 2651 1369 2701 te
1401 2646 1744 2717 praemonita
1776 2645 1971 2699 incon-

319 2741 471 2797 sulte
505 2740 908 2812 negleximus;
942 2754 1142 2792 verum
1175 2736 1274 2790 icti
1303 2737 1736 2806 sapiemus,nec
1769 2736 1839 2789 de
1870 2750 1973 2788 caa-

319 2838 445 2886 tero
494 2831 569 2885 ab
619 2827 957 2884 istiusmodi
1017 2826 1247 2880 insidiis
1310 2823 1632 2896 periculum
1694 2824 1798 2877 tibi
1861 2829 1969 2879 est.

319 2925 502 2991 Perge
531 2935 776 2974 securus
811 2915 1067 2971 ferendis
1089 2932 1154 2970 ac
1178 2913 1501 2985 partiendis
1535 2912 1843 2967 nobiscum
1869 2929 1972 2966 cu-

322 3010 405 3064 ris
430 3006 682 3080 imperii.
713 3006 815 3061 Cui
849 3005 1003 3060 thes.
1038 3002 1305 3059 Uttalem
1340 3020 1431 3057 me
1482 3004 1711 3073 probes,
1760 3002 1974 3074 inquit,

326 3098 559 3169 qualem
590 3096 705 3151 ista
736 3094 1075 3167 dignatione
1106 3093 1338 3148 credere
1371 3092 1656 3158 ostendis,
1699 3092 1807 3147 hoc
1867 3098 1977 3163 est,

323 3188 430 3243 tibi
465 3187 648 3241 fidum
688 3189 745 3241 et
795 3183 1102 3240 verissime
1161 3181 1528 3251 benevolum,
1581 3182 1720 3236 audi
1781 3198 1977 3236 meum

326 3275 667 3344 consilium,
700 3278 759 3329 et
789 3273 873 3327 sic
922 3272 1093 3338 habe,
1128 3270 1275 3327 nihil
1306 3288 1437 3327 esse
1487 3270 1679 3342 magis
1721 3269 1980 3326 salutare

2065 689 2137 741 ab
2171 688 2242 742 iis
2273 706 2418 759 quos
2441 691 2565 745 sine
2596 707 2775 745 causa
2807 691 3011 746 exsilio
3072 693 3457 759 mulctarunt,
3520 697 3591 750 ab
3647 698 3720 752 iis

2067 794 2215 847 quos
2271 779 2623 834 fraudarunt
2673 783 2939 836 mercede
2993 799 3181 851 operae
3229 788 3330 837 aut
3380 786 3719 855 stipendiis,

2067 871 2343 936 presterea
2377 869 2447 923 ab
2483 869 2694 937 avaris,
2738 872 2810 924 ab
2856 871 3326 941 inexplebilibus,
3362 874 3617 945 denique
3652 876 3724 928 ab

2067 953 2185 1008 illis
2216 956 2313 1025 qui
2346 957 2614 1026 publicas
2647 958 2931 1014 utilitates
2955 960 3187 1029 prepria
3210 962 3422 1016 damna
3450 968 3726 1034 reputan-

2066 1045 2497 1115 tes,desperant
2526 1063 2589 1101 se
2621 1063 2792 1117 posse
2845 1049 2990 1117 fieri,
3034 1050 3143 1103 nisi
3195 1052 3495 1105 communi
3549 1051 3725 1105 infor-

2065 1132 2479 1200 tunio,felices.
2519 1137 2629 1189 Hos
2663 1154 2867 1191 omnes
2892 1138 3162 1208 princeps
3188 1141 3423 1209 sapiens
3456 1140 3717 1195 hostium

2065 1220 2189 1276 loco
2225 1222 2437 1279 habere
2470 1241 2503 1279 a
2545 1241 2727 1296 seque
2776 1242 3070 1281 removere
3123 1227 3467 1297 longissime
3527 1230 3715 1284 debet.

2067 1310 2185 1364 Etsi
2215 1310 2369 1365 enim
2393 1313 2568 1384 culpa
2597 1319 2806 1368 vacant
2836 1314 3030 1385 priora
3063 1321 3312 1385 quatuor
3354 1333 3591 1387 genera,
3639 1323 3723 1372 ta-

2068 1416 2201 1452 men
2237 1417 2487 1471 magnus
2519 1401 2683 1456 dolor
2712 1419 2781 1457 ex
2810 1404 3026 1458 damno
3061 1405 3215 1474 quod
3252 1410 3391 1459 sunt
3443 1406 3599 1476 passi
3630 1423 3721 1461 ve-

2069 1488 2414 1551 risimiliter;
2445 1489 2578 1544 illos
2611 1491 2944 1546 stimularet
2976 1493 3045 1546 ad
3082 1511 3195 1548 non
3222 1494 3634 1559 omittendam,
3670 1494 3719 1548 si

2070 1594 2332 1649 unquam
2368 1585 2719 1643 occurreret,
2778 1586 2878 1635 aut
2920 1582 3097 1637 etiam
3150 1583 3301 1638 ultro
3346 1585 3722 1654 quaerendam

2069 1670 2542 1739 captandamque
2598 1670 2965 1725 occasionem
3026 1671 3289 1727 ultionis.
3347 1672 3485 1727 Sine
3540 1672 3724 1745 igitur

2070 1756 2338 1811 recedere
2371 1774 2463 1812 me
2495 1758 2552 1811 in
2588 1759 2811 1813 dudum
2846 1766 3103 1830 optatam
3139 1761 3545 1828 solitudinem,
3578 1779 3723 1833 prae-

2070 1845 2272 1900 sertim
2306 1863 2439 1901 cum
2474 1848 2860 1918 opportunior
2889 1848 3165 1920 deinceps
3199 1867 3375 1920 quam
3412 1852 3577 1921 prius
3629 1868 3723 1905 ca-

2070 1933 2316 1989 lumniis
2347 1936 2460 1990 sim
2495 1937 2730 1992 futurus
2761 1955 3141 2008 perseverans
3174 1940 3229 1993 in
3266 1940 3613 1994 ministerio.
3640 1941 3730 1994 Si-

2075 2024 2313 2094 quidem
2348 2025 2601 2080 conﬂata
2631 2027 2842 2081 iterum
2877 2028 3055 2098 (quod
3111 2028 3277 2083 vitari
3336 2029 3561 2100 nequit)
3598 2029 3726 2099 pari

2076 2112 2213 2166 huic
2244 2114 2302 2165 in
2337 2129 2426 2167 me
2459 2112 2706 2169 coitione
2746 2115 3148 2186 improborum
3199 2116 3362 2171 falsis
3417 2134 3511 2171 me
3570 2117 3733 2171 testi-

2080 2202 2294 2257 moniis
2325 2203 3064 2273 oppugnantium,accedet
3094 2207 3198 2260 tibi
3233 2224 3383 2261 nova
3412 2219 3594 2263 causa
3624 2208 3729 2262 cri-

2079 2291 2421 2345 minationis
2454 2290 2831 2347 admittenda:
2862 2296 3305 2366 credendaque,
3340 2297 3493 2366 quod
3541 2298 3736 2351 existi-

2081 2397 2241 2434 mare
2275 2381 2482 2435 merito
2516 2382 2731 2452 poteris
2780 2384 3066 2439 memoria
3097 2402 3189 2439 me
3221 2386 3450 2453 injurias
3484 2392 3729 2457 accepta:

2080 2469 2257 2538 priori
2317 2470 2694 2524 damnatione
2724 2471 2795 2525 ad
2844 2472 2950 2526 tibi
3001 2475 3332 2529 nocendum
3396 2474 3733 2529 incitatum.

2078 2559 2179 2611 Hic
2212 2558 2548 2623 rex,iterum
2575 2559 2938 2629 amplectens
2968 2561 3187 2627 tboem,
3223 2564 3384 2629 Vera,
3420 2564 3633 2632 inquit,
3671 2564 3728 2616 in

2081 2646 2210 2700 aliis
2243 2647 2354 2701 ista
2385 2650 2505 2702 sint
2534 2664 2662 2718 qum
2685 2649 2903 2721 allegas
2933 2666 2945 2703 :
2979 2654 3077 2703 tua
3108 2651 3531 2717 sincerissima,
3558 2652 3725 2706 boni-

2079 2740 2171 2791 tas
2199 2736 2343 2790 mihi
2370 2738 2731 2808 perspectior
2760 2743 2848 2792 est
2887 2754 3060 2809 quam
3112 2744 3175 2793 ut
3225 2756 3577 2811 quocunque
3627 2757 3733 2795 no—

2084 2825 2240 2880 mine
2272 2830 2581 2896 suspectus
2613 2843 2875 2897 unquam
2909 2844 3039 2882 esse
3093 2829 3284 2899 possis
3327 2834 3429 2884 aut
3476 2830 3730 2898 debeas;

2084 2933 2156 2969 ne
2179 2932 2349 2986 porro
2378 2915 2512 2981 ista,
2548 2917 2703 2970 unde
2732 2916 2986 2972 intentas
3021 2918 3166 2972 mihi
3208 2924 3455 2987 metum,
3503 2918 3733 2988 injuria:

2082 3005 2368 3060 memoria
2400 3005 2459 3059 in
2494 3010 2549 3059 te
2598 3006 2868 3075 resideat,
2919 3007 3173 3062 efficiam
3226 3007 3525 3064 beneficiis
3576 3007 3729 3062 mul-

2084 3092 2419 3164 tiplicandis
2448 3094 2665 3166 quibus
2696 3095 2857 3150 illam
2882 3096 3307 3152 autobliterem
3340 3105 3442 3153 aut
3464 3099 3735 3168 obruam;

2086 3186 2146 3235 tu
2181 3199 2298 3252 qua
2341 3183 2453 3237 ﬁde
2499 3184 2749 3255 ccepisti,
2784 3201 2958 3256 perge
2991 3184 3133 3240 mihi
3166 3190 3223 3241 et
3247 3186 3583 3257 reipublicze
3636 3205 3739 3241 na-

2085 3287 2221 3337 vare
2252 3288 2509 3341 opera'n,
2545 3272 2754 3343 majori
2778 3273 2953 3329 etiam
2997 3290 3172 3346 quam
3206 3274 3493 3331 hactenus
3524 3275 3738 3331 alacri-

325 3330 563 3437 regibus
595 3330 773 3435 quam
802 3330 1178 3418 subditorum
1209 3360 1435 3416 sincere
1466 3330 1727 3415 fidelium
1762 3360 1978 3415 admit-
2006 3330 2047 3395 Ο
2085 3334 2226 3415 tate.
2257 3330 2586 3417 Iiestitutus
2618 3330 2753 3417 ibde
2779 3363 2915 3418 thos
2945 3330 3038 3418 ost
3068 3364 3127 3418 in
3150 3364 3411 3435 pristina:
3443 3364 3745 3437 fastigium

325 3459 447 3509 tere
480 3452 662 3508 libera
690 3452 986 3507 monitaet
1006 3467 1209 3506 eorum
1234 3449 1719 3521 suggestionibus
1733 3450 1977 3506 deferre.

325 3545 453 3615 Aio,
487 3560 599 3598 non
622 3541 892 3612 expedire
922 3540 1030 3594 tibi
1090 3556 1184 3593 me
1241 3538 1494 3609 amplius
1548 3539 1755 3593 intimo
1812 3540 1980 3594 mini-

327 3632 507 3688 sterio
539 3631 772 3697 habere,
808 3628 953 3682 mihi
1005 3626 1262 3697 amplius
1324 3626 1521 3679 fidere.
1585 3626 1766 3696 Reges
1824 3628 1979 3679 enim

328 3720 691 3793 oportetsibi
729 3733 928 3773 cavere
961 3716 1032 3771 ab
1083 3715 1154 3769 iis
1186 3730 1336 3784 quos
1392 3713 1842 3769 vehementibus
1889 3714 1978 3767 in-

2091 3448 2420 3521 dignitatis,
2452 3451 2673 3523 ingenti
2706 3456 2762 3508 et
2793 3452 3031 3508 honoris
3075 3459 3132 3508 et
3163 3453 3366 3526 gratiae
3398 3458 3738 3526 augmento,

2094 3539 2318 3610 talique
2343 3540 2607 3612 exemplo
2639 3541 3206 3614 declaratum,posse
3238 3542 3537 3597 interdum
3581 3547 3739 3599 recte

2093 3644 2259 3699 reges
2284 3630 2455 3684 inniti
2487 3647 2729 3687 securos
2758 3631 3143 3688 reconciliata:
3168 3633 3331 3704 prius
3356 3650 3387 3687 a
3419 3650 3480 3687 se
3510 3638 3741 3688 vexato-

2094 3731 2228 3771 rum
2263 3718 2699 3777 benevolentia.

1434 3967 1595 4027 DlSt.‘
1612 3967 1948 4027 ERTATiO
1993 3968 2488 4029 PARABOLICA
2532 3971 2635 4030 XI.

334 4085 520 4158 Quam
557 4091 735 4161 turpe
762 4081 839 4139 sit
860 4077 1103 4156 ingrati
1127 4073 1318 4136 animi
1347 4072 1568 4134 vitium
1598 4075 1656 4132 in
1687 4072 1919 4211 homin:
1962 4083 2255 4164 mpnstrat
2282 4076 2554 4156 exemplo
2586 4075 2999 4150 bestiarum,et
3028 4079 3103 4139 ab
3134 4099 3196 4139 co
3238 4080 3498 4139 deterret
3519 4101 3746 4161 propo-

1750 4173 1875 4211 nosz
1909 4173 1943 4211 a
1971 4174 2101 4211 eius
2130 4174 2327 4211 Dama.

1746 4173 1943 4233 ροειτα
1971 4174 2101 4233 ejus
2124 4174 2327 4234 parma.

406 4296 656 4369 Rogavit
690 4296 824 4350 inde
855 4293 1407 4367 gymnosophistam
1429 4304 1525 4343 rex
1549 4286 1993 4354 Abessalomus,

335 4394 402 4442 ut
460 4387 722 4441 indicare
771 4383 881 4439 sibi
937 4400 1007 4438 ne
1068 4385 1408 4452 gravaretur
1466 4377 1559 4431 cui
1616 4376 1990 4447 potissimum

334 4475 619 4549 generi,et
650 4489 767 4546 quo
799 4472 1053 4527 maxime
1072 4472 1363 4536 merito,et
1380 4466 1696 4539 gratificari
1729 4472 1787 4519 et
1814 4465 1992 4519 fidere

336 4582 500 4635 reges
518 4564 788 4620 debeant.
820 4566 1006 4632 Super
1026 4577 1094 4615 eo
1125 4565 1494 4629 argumento,
1530 4560 1831 4626 resumpto
1864 4571 1989 4609 ser-

339 4671 534 4721 mone,
557 4651 1045 4726 gymnosophista
1073 4648 1399 4718 disputavit
1424 4644 1482 4698 in
1516 4644 1672 4698 hunc
1705 4644 1945 4698 modum
1973 4659 1986 4696 :

2105 4288 2200 4342 ubi
2235 4292 2429 4344 autem
2480 4291 2774 4363 ingratum
2822 4291 3079 4362 aliquem
3130 4309 3228 4347 rex
3278 4293 3751 4363 deprehenderit,

2106 4379 2396 4433 amovebit
2429 4397 2461 4433 a
2493 4379 2736 4434 seillum
2764 4380 2920 4434 omni
2948 4381 3191 4449 ratione,
3216 4381 3261 4434 si
3284 4382 3517 4452 quidem
3543 4381 3751 4451 sapiet,

2105 4483 2209 4521 nec
2243 4466 2419 4522 ullam
2453 4486 2713 4539 unquam
2738 4470 2838 4522 tali
2894 4474 3117 4540 partem
3172 4470 3304 4523 fidei
3344 4469 3583 4524 tribuet.
3638 4470 3755 4524 Hoc

2103 4561 2322 4610 natura:
2350 4556 2535 4628 ipsius
2555 4574 2684 4612 esse
2706 4558 3000 4628 judicium
3033 4558 3232 4612 bestiaa
3264 4557 3321 4611 in
3354 4558 3463 4613 hoc
3488 4557 3753 4628 exemplo

2103 4645 2371 4700 docuere.
2406 4646 2694 4702 Foderant
2726 4648 2784 4700 in
2818 4663 2956 4718 agro
2988 4647 3242 4718 quodam
3277 4647 3481 4701 rustici
3529 4647 3750 4702 foveam

416 4746 455 4799 [.
490 4722 821 4798 Behelieum
852 4722 993 4795 esse
1042 4754 1237 4810 regem
1289 4734 1561 4790 convenit
1590 4732 1646 4786 in
1680 4738 1878 4803 gratos
1936 4737 1994 4786 et
2023 4722 2068 4786 D
2100 4732 2252 4789 leoni
2282 4734 2411 4789 loca
2441 4735 2540 4789 illa
2572 4736 2872 4790 infestanti
2904 4737 3210 4807 capiendo.
3242 4736 3457 4790 Verum
3502 4736 3562 4790 in
3604 4735 3757 4789 banc

341 4832 624 4890 beneﬁcio
654 4830 891 4903 dignos,
925 4844 1135 4900 neque,
1163 4830 1227 4881 ut
1257 4840 1407 4896 saepe
1435 4821 1833 4892 ﬁt,eti‘undere
1866 4820 1993 4876 sine

341 4922 571 4978 delectu
597 4936 737 4991 opes
771 4917 1039 4989 publicas
1060 4916 1120 4971 in
1154 4912 1627 4984 consanguineos
1649 4914 1705 4965 et
1727 4910 1996 4981 privatim

342 5011 453 5067 sibi
488 5010 1029 5077 cbaros,utcunque
1055 5006 1179 5076 jam
1215 5004 1269 5058 hi
1295 5003 1414 5058 sint
1443 4999 1675 5068 divites,
1709 5016 1995 5072 pauperes

345 5104 544 5156 autem
585 5102 963 5153 contemnere
1000 5112 1012 5149 :
1045 5110 1249 5149 verum
1297 5108 1366 5147 ex
1405 5090 1502 5145 his
1554 5089 1653 5161 qui
1705 5087 1996 5144 observati

342 5189 564 5246 fuerint
613 5186 838 5258 judicio
890 5182 1131 5255 pollere,
1191 5185 1587 5253 praastareque
1662 5177 1996 5250 prudentia,

337 5278 618 5334 honorari
650 5295 685 5332 a
716 5274 981 5348 principe
1006 5272 1302 5343 ditarique
1335 5268 1683 5326 muneribus
1742 5272 1994 5339 oportet.

338 5376 458 5426 Prae
492 5367 716 5424 ceteris
749 5370 947 5420 autem
980 5378 1179 5417 amore
1208 5379 1275 5417 ac
1332 5358 1718 5416 beneﬁcentia
1745 5357 1999 5429 comple-

338 5458 535 5515 ctendi
569 5460 729 5522 sunt,
755 5454 853 5525 qui
888 5470 950 5507 se
986 5453 1154 5508 lactis
1190 5449 1496 5522 probarint
1525 5451 1773 5518 accepta:
1795 5447 1997 5519 gratia:

345 5564 637 5604 memores
668 5550 725 5601 et
756 5545 813 5599 in
848 5541 1152 5599 occasione
1192 5538 1548 5611 rependendi
1604 5536 1795 5591 meriti
1856 5538 1999 5591 ﬁde-

342 5638 477 5692 liter
497 5635 735 5691 sedulos
770 5651 782 5687 :
818 5650 850 5687 a
880 5632 1103 5687 talibus
1146 5628 1303 5685 enim
1355 5633 1616 5697 tempore
1663 5642 1771 5680 suo
1821 5626 2000 5697 duplo

346 5732 683 5798 exspectare
715 5724 898 5777 vicem
932 5720 1106 5775 officii
1138 5716 1352 5791 poterit
1400 5716 1487 5787 (ut
1545 5714 1701 5769 enim
1760 5714 1997 5785 quidam

348 5817 430 5873 ait
452 5815 821 5888 sapientum:
846 5812 1025 5866 Homo
1047 5807 1273 5864 homini
1304 5820 1610 5862 occursum
1645 5803 1955 5873 fenerator)
1982 5824 1997 5875 ;

2109 4822 2346 4878 incaute
2378 4823 2507 4879 illac
2554 4831 2761 4880 euntes
2820 4824 3159 4879 inciderunt
3219 4825 3473 4895 primum
3533 4824 3757 4879 aurifex

2106 4912 2368 4982 quidam,
2403 4913 2614 4967 deinde
2662 4914 2893 4979 simius,
2927 4930 3060 4968 mox
3117 4915 3314 4982 draco,
3348 4918 3646 4984 postremo
3700 4917 3759 4967 et

2108 5017 2370 5072 serpens.
2403 5002 2787 5073 Conspicatus
2819 5003 2877 5057 id
2931 5003 3075 5057 forte
3115 5019 3183 5057 ex
3229 5002 3423 5057 vicina
3469 5002 3595 5057 loco
3637 5000 3756 5056 cel-

2108 5090 2246 5158 lula,
2298 5106 2414 5161 quo
2463 5090 2780 5146 diversorio
2819 5091 3044 5146 dudum
3106 5091 3398 5159 utebatur,
3459 5089 3760 5145 solitarius

2109 5178 2345 5249 aliquis,
2376 5179 2463 5232 vir
2496 5179 2706 5235 bonus.
2743 5180 2845 5250 En,
2880 5179 3094 5250 inquit,
3159 5178 3259 5233 ille
3300 5179 3505 5235 infelix
3560 5180 3759 5248 homo,

2108 5272 2318 5339 praeter
2357 5266 2751 5323 calamitatem
2812 5285 3007 5337 casus,
3040 5268 3216 5323 etiam
3250 5285 3285 5324 a
3310 5270 3563 5325 dracone
3585 5273 3760 5339 atque

2110 5372 2302 5427 angue
2331 5356 2619 5412 devolutis
2652 5357 2853 5412 eodem
2888 5355 3290 5429 periclitatur;
3326 5376 3440 5415 non
3491 5359 3759 5415 omittam

2111 5445 2479 5501 occasionem
2514 5447 2811 5502 servanda
2845 5447 3054 5501 animae
3092 5451 3153 5501 et
3202 5447 3489 5504 mercedis
3537 5450 3762 5502 internis

2109 5533 2210 5588 tali
2246 5536 2404 5605 operi
2428 5534 2737 5605 propositae
2772 5535 3089 5590 lucrandae.
3145 5535 3229 5591 Ita
3286 5536 3381 5591 ille
3440 5551 3639 5590 secum
3696 5548 3765 5588 ac

2112 5640 2245 5679 mox
2277 5628 2514 5678 strenue
2547 5641 2895 5694 progressus
2938 5626 3011 5679 ad
3087 5642 3248 5680 oram
3311 5627 3505 5692 foveae,
3566 5625 3763 5677 lunem

2113 5712 2372 5781 demisit,
2400 5712 2725 5769 inclamans
2759 5714 3082 5783 homini,ut
3113 5714 3275 5770 illum
3310 5714 3612 5785 arriperet,
3638 5714 3767 5783 ejus

2117 5819 2224 5874 ope
2255 5802 2793 5859 extrahendus.Sed
2827 5805 3253 5875 praeoccupavit
3282 5802 3436 5858 saltu
3466 5801 3680 5859 simius
3710 5806 3769 5857 et
