4120 6394
333 422 464 475 1351

329 565 396 603 ac
429 563 673 602 numero
705 545 941 617 qualem
975 546 1213 616 optabat
1244 562 1305 600 se
1353 544 1465 598 cito
1526 546 1762 598 nactum
1814 541 1970 612 gavi-

330 654 454 703 sus,
483 642 705 707 septem
733 636 917 690 millia
947 651 1256 689 nummum
1283 633 1440 687 haud
1472 637 1708 704 gravato
1737 632 1979 702 pacisci-

330 732 427 781 tur
456 730 513 780 et
542 728 742 779 statim
777 723 976 779 tradit'
1013 722 1114 777 His
1149 728 1346 777 noster
1376 722 1633 793 acceptis
1690 738 1859 776 suam
1924 726 1981 775 et

329 814 632 886 sponsoris
668 814 838 867 fidem
873 814 1103 880 liberat,
1139 829 1239 867 sex
1272 811 1537 866 millibus
1567 828 1635 865 ex
1666 815 1835 881 pacto
1867 827 1980 864 nu-

332 906 629 961 merandis
659 904 750 959 cui
797 904 1063 958 debebat.
1128 904 1376 975 Moxque
1437 903 1508 957 ad
1569 902 1760 957 socios
1818 901 1977 956 festi-

330 1012 479 1048 nans
512 996 569 1048 in
604 998 769 1064 porta
827 992 991 1047 urbis
1043 992 1292 1047 carbone
1349 1008 1468 1045 suae
1528 994 1977 1046 monumentum

328 1100 513 1155 operae
542 1082 813 1153 signavit,
847 1080 931 1137 sic
963 1082 1227 1137 scribens
1257 1097 1269 1133 :
1302 1078 1601 1135 Industria
1637 1078 1979 1134 mercatoris

329 1171 490 1225 mille
522 1187 800 1225 nummos
825 1187 939 1224 una
971 1171 1065 1225 die
1096 1170 1209 1225 sibi
1242 1174 1299 1224 et
1329 1168 1633 1223 sodalibus
1664 1184 1733 1222 ex
1791 1167 1978 1222 nihilo

327 1261 597 1315 confecit.

398 1350 485 1405 IV.
520 1348 681 1403 Unus
714 1353 1019 1419 supererat
1080 1348 1234 1419 regis
1298 1346 1504 1415 filius;
1562 1346 1662 1418 qui
1728 1362 1839 1400 non
1903 1345 1978 1399 ita

326 1439 511 1494 multo
545 1443 697 1510 post,
728 1439 822 1492 die
853 1442 1043 1509 capto,
1110 1455 1224 1492 non
1280 1436 1450 1491 bonis
1508 1436 1715 1491 avibus
1771 1436 1978 1489 urbem

325 1529 548 1599 ingredi
576 1529 737 1582 visus
768 1532 857 1582 est
889 1532 1138 1581 stratam
1176 1526 1333 1581 luctu
1374 1544 1388 1593 ;
1424 1541 1555 1580 nam
1592 1541 1657 1579 ea
1691 1525 1782 1579 sui
1824 1524 1978 1595 regis

322 1618 450 1673 sine
479 1616 683 1672 liberis
712 1616 974 1671 defuncti
1010 1617 1187 1671 funus
1222 1621 1427 1669 moesta
1456 1613 1810 1668 celebrabat.
1840 1612 1977 1666 Pro-

323 1724 482 1762 ceres
523 1707 624 1778 qui
657 1705 1084 1777 rempublicam
1110 1704 1631 1769 administrabant,
1655 1701 1757 1756 tali
1782 1718 1974 1756 rerum

324 1796 570 1851 articulo
602 1795 859 1861 solliciti,
898 1812 968 1850 ne
996 1794 1137 1866 quid
1171 1794 1482 1849 turbarum
1541 1791 1815 1861 oriretur,
1877 1808 1979 1845 cu-

325 1885 547 1939 stodias
577 1885 1022 1955 geminaverant
1054 1888 1380 1954 portarum,
1415 1880 1819 1952 explorarique
1842 1880 1977 1934 sub-

323 1978 531 2027 euntes
557 1974 887 2043 jusserant.
926 1972 1011 2026 Ab
1042 1970 1606 2042 bisjanimadversus
1633 1968 1976 2039 peregrinus

316 2060 549 2132 juvenis
581 2061 817 2132 speciei,
852 2060 1117 2125 heroicae,
1180 2074 1313 2112 cum
1371 2057 1765 2125 interrogatus
1818 2055 1971 2124 quis,

324 2152 515 2221 cujus,
550 2150 725 2219 unde,
759 2167 862 2204 cur
893 2148 1137 2215 veniret,
1170 2162 1519 2217 responsum
1550 2144 1705 2198 haud
1752 2150 1973 2198 certum

320 2240 677 2310 expedisset,
710 2241 990 2308 supectus
1025 2237 1081 2290 in
1118 2234 1353 2289 vincula
1401 2235 1572 2287 datus
1632 2237 1741 2301 est,
1803 2232 1973 2287 valde

320 2328 767 2393 miserantibus,
813 2326 911 2381 ubi
972 2343 1092 2380 rem
1157 2340 1499 2395 cognovere,
1562 2327 1678 2377 tam
1741 2322 1970 2375 tristem

322 2434 663 2473 successum
698 2416 894 2471 sociis.
926 2416 1146 2470 Triduo
1172 2418 1305 2486 post
1326 2411 1703 2468 consulentes
1722 2412 1792 2465 de
1820 2411 1973 2482 regis

320 2506 601 2562 electione
660 2508 984 2573 senatores,
1046 2504 1362 2559 audierunt
1438 2519 1472 2557 a
1549 2500 1969 2572 quaesitoribus

323 2614 448 2667 quae
502 2595 541 2650 ii
601 2595 829 2666 captivo
907 2592 1279 2647 adolescente
1359 2591 1761 2646 resciverant:
1842 2605 1972 2644 esse

321 2686 487 2740 illum
523 2685 676 2756 regis
710 2683 829 2739 noti
862 2684 914 2736 et
940 2682 1194 2754 potentis
1228 2678 1972 2752 primogenitum,factione

321 2774 519 2829 fratris
554 2771 819 2828 mimoris
841 2771 1002 2843 regni
1029 2770 1365 2825 haereditate
1384 2770 1676 2839 dejectum
1705 2784 1717 2834 ;
1743 2772 1798 2822 et
1825 2767 1970 2822 forte

322 2864 478 2918 fama
508 2863 591 2918 rei
622 2867 795 2917 tantae
830 2861 891 2915 in
925 2860 1190 2932 proximo
1249 2863 1422 2930 gesta:
1480 2875 1547 2913 eo
1604 2861 1965 2929 pervenerat,

317 2953 621 3007 celebrans
646 2952 818 3007 etiam
853 2950 963 3004 viri
1014 2948 1237 3005 laudes.
1294 2948 1395 3004 His
1448 2946 1667 3002 auditis
1726 2952 1967 3001 senatus

321 3040 614 3112 princeps,
652 3041 892 3109 Nempe,
923 3038 1139 3109 inquit,
1167 3040 1389 3102 Patres,
1414 3052 1609 3107 regem
1638 3035 1792 3090 Deus
1820 3038 1967 3090 ultro

320 3130 482 3185 nobis
540 3129 727 3196 offert,
789 3145 904 3199 quo
960 3128 1263 3183 meliorem
1324 3142 1395 3181 ne
1452 3130 1652 3196 optare
1731 3125 1967 3197 quidem

321 3236 663 3291 possumus.
696 3218 1019 3286 Exstincta,
1043 3221 1109 3273 ut
1132 3216 1316 3283 scitis,
1345 3220 1434 3271 est
1463 3232 1599 3271 cum
1624 3219 1823 3271 nostro
1864 3215 1965 3269 do-

1839 415 2231 471 APPENDIX.

3612 423 3752 477 1352

2002 547 2051 610 Î‘
2090 541 2250 596 mino
2283 557 2457 613 quem
2481 542 2823 611 extulimus,
2850 544 3009 616 regia
3029 546 3303 602 universa
3329 548 3577 616 familia;
3604 550 3746 620 quid

2086 630 2414 702 elegantius
2447 631 2635 686 facere
2665 631 2800 688 licet
2830 648 3009 703 quam
3071 634 3533 704 nobilissimum,
3585 639 3741 709 epti-

2090 736 2276 787 mum,
2312 736 2417 775 nec
2474 722 2681 776 rudem
2742 723 3026 793 regnandi
3079 726 3293 779 artium
3347 726 3629 793 juvenem
3678 728 3739 781 in

2086 826 2335 865 vacuum
2369 811 2552 865 nostri
2585 811 2747 883 regni
2779 811 3022 867 evehere
3053 813 3269 868 solium
3294 814 3322 869 ?
3343 814 3746 887 Disceptatum

2086 898 2424 969 aliquandiu
2461 899 2530 954 de
2561 916 2641 970 re,
2686 905 3093 972 certatumque
3149 903 3298 957 votis
3359 921 3425 959 ac
3485 905 3742 960 studiis;

2085 989 2325 1043 tandem
2360 988 2636 1044 euntibus
2670 989 2969 1061 plerisque
3026 990 3086 1046 in
3148 994 3503 1048 sententiam
3568 994 3744 1064 primi

2086 1077 2397 1143 senatoris,
2430 1078 2678 1132 eductus
2707 1095 2739 1133 e
2764 1079 3034 1134 custodia
3066 1080 3176 1135 rite
3225 1088 3541 1136 coronatur
3600 1084 3743 1137 ado-

2087 1165 2330 1220 lesccns.
2364 1166 2653 1236 Subjiciet
2684 1166 2796 1222 sibi
2840 1168 3096 1239 quisque
3128 1169 3295 1225 facile
3327 1188 3455 1241 quae
3493 1173 3743 1239 novitas,

2090 1270 2335 1325 quaeque
2368 1255 2688 1310 admiratio
2722 1261 3069 1311 cunctorum
3103 1257 3296 1313 fuerit.
3355 1258 3558 1314 Trium
3620 1278 3748 1315 ma-

2084 1344 2239 1398 xime
2270 1345 2403 1413 ojus
2443 1344 2728 1399 comitum
2791 1351 2922 1417 post
2978 1348 3213 1402 anxiam
3247 1350 3744 1420 exspectationem

2086 1433 2298 1503 ingens
2331 1433 2615 1505 gaudium
2649 1440 2706 1488 et
2730 1434 3046 1506 gratulatio
3080 1435 3178 1491 Dei
3208 1436 3382 1491 laude
3423 1439 3745 1509 conjuncta

2086 1521 2329 1575 exstitit.
2364 1522 2565 1593 Neque
2595 1522 2804 1577 horum
2837 1523 3055 1578 oblitus
3104 1524 3162 1578 in
3222 1524 3452 1580 fortuna
3512 1526 3744 1581 meliori

2087 1628 2272 1665 novus
2301 1629 2420 1675 rex,
2447 1612 2648 1666 statim
2682 1628 2781 1667 eos
2815 1614 3080 1680 accersit,
3116 1631 3182 1669 ac
3214 1615 3469 1670 nobilem
3503 1616 3743 1685 quidem

2088 1700 2412 1755 formosum
2446 1700 2615 1755 illum
2652 1701 2911 1773 palatino
2943 1703 3198 1758 maximo
3223 1710 3591 1760 auctoratum
3626 1723 3747 1760 ma-

2084 1791 2332 1859 gistratu
2368 1791 2524 1861 apud
2561 1807 2622 1844 se
2656 1790 2863 1846 habuit
2892 1807 2907 1858 ;
2942 1794 3298 1864 naufragum
3355 1801 3741 1850 mercatorem

2086 1878 2290 1933 aerario
2324 1879 2615 1949 praefecit;
2644 1880 2861 1935 rustico
2884 1881 3138 1953 denique
3154 1881 3423 1937 villarum
3449 1883 3744 1955 regiarum

2085 1968 2554 2039 procurationem
2582 1968 2981 2024 demandavit.
3000 1979 3080 2025 Ac
3102 1971 3257 2041 quod
3284 1970 3416 2026 illos
3438 1972 3750 2043 scripsisse

2084 2058 2141 2112 in
2178 2063 2345 2129 porta
2379 2062 2745 2129 compererat
2776 2058 3032 2131 elogium
3070 2077 3190 2115 suae
3220 2078 3513 2133 quemque
3537 2064 3741 2133 sortis,

2083 2146 2286 2219 etipse
2320 2148 2372 2201 i'l
2408 2148 2697 2215 imitatus,
2730 2147 2790 2202 in
2829 2149 3016 2203 fronte
3078 2150 3349 2222 propylzei
3410 2157 3587 2222 porta:
3639 2170 3736 2207 ur-

2085 2237 2177 2291 bis
2211 2237 2500 2309 primariae
2529 2236 2709 2291 locari
2770 2254 3031 2293 marmor
3087 2240 3315 2294 curavit
3372 2242 3465 2295 cui
3518 2241 3737 2297 litteris

2082 2325 2573 2397 quadrantalibus
2604 2326 2798 2381 aureis
2830 2326 3087 2399 insculpi
3146 2330 3406 2398 jnsserat
3439 2348 3452 2386 :
3512 2331 3739 2386 Certior

2084 2415 2443 2485 solidiorque
2474 2415 2633 2469 basis
2664 2415 2888 2469 fiduciae
2966 2416 3236 2471 humanae
3317 2436 3491 2488 quam
3549 2419 3739 2487 labor,

2082 2506 2292 2567 forma,
2352 2502 2667 2568 industria,
2726 2504 2923 2558 divina
2974 2510 3063 2559 est
3121 2507 3507 2577 providentia,
3576 2509 3734 2563 unde

2081 2609 2256 2647 omne
2286 2594 2505 2648 bonum
2541 2593 2820 2664 provenit.
2858 2598 2990 2648 Haec
3018 2594 3224 2649 Genxae
3269 2595 3349 2666 (id
3409 2596 3458 2651 ei
3515 2614 3733 2652 nomen

2082 2681 2227 2752 erat)
2261 2697 2495 2751 semper
2526 2680 2633 2735 fuit
2664 2682 2885 2752 Opinio,
2918 2682 3258 2738 felicissimo
3307 2690 3514 2740 eventu
3568 2703 3728 2740 com-

2083 2771 2345 2841 probata.
2380 2770 2500 2825 Sub
2554 2770 2674 2825 hac
2736 2787 3014 2837 perorans
3067 2773 3558 2845 gymnosophista
3607 2775 3733 2846 regi

2078 2858 2464 2915 Abessalomo
2496 2858 2690 2915 dixit:
2746 2859 2923 2915 Vides
2981 2877 3049 2915 ex
3106 2861 3221 2928 his,
3273 2863 3531 2934 domine,
3588 2882 3733 2936 opes

2080 2947 2388 3019 egentibus
2416 2948 2751 3021 contingere
2790 2966 2990 3020 opera,
3029 2950 3246 3021 specie,
3292 2968 3527 3023 genere,
3587 2959 3731 3019 arte,

2080 3042 2139 3092 at
2170 3052 2347 3107 super
2377 3038 2597 3104 omnia,
2633 3038 2994 3108 providentia
3027 3044 3085 3093 et
3117 3044 3407 3110 potestate
3466 3043 3731 3114 supremi

2078 3126 2353 3181 Numinis
2376 3132 2589 3182 cuncta
2601 3126 3041 3199 sapientissime
3054 3128 3505 3202 aequissimeque
3529 3132 3701 3186 mode
3718 3164 3735 3173 -

2081 3214 2287 3269 rantis.

2008 1927 2054 1991 B

1392 3530 1908 3591 DISSERTATIO
1965 3530 2458 3591 PARABOLICA
2504 3530 2663 3589 XIII.

322 3648 521 3707 Docet
552 3653 710 3705 vices
739 3663 950 3721 (equas
978 3658 1197 3701 rerum
1227 3649 1470 3698 aeterna
1500 3636 1637 3715 lege
1695 3638 2065 3698 constitutas
2095 3659 2117 3705 ;
2147 3640 2318 3697 unde
2380 3644 2712 3697 conveniat
2774 3658 2897 3698 non
2954 3658 3126 3716 aegre
3175 3648 3351 3717 ferre
3408 3664 3550 3705 cum
3600 3654 3744 3725 quis

1710 3738 1852 3798 quae
1875 3726 2050 3795 fecit,
2080 3726 2359 3796 patitur.

399 3878 553 3933 Dixit
583 3882 775 3931 autem
822 3891 957 3929 rex:
1005 3873 1239 3945 Percepi
1302 3872 1637 3943 parabolam
1686 3871 1863 3927 istam
1922 3876 1979 3926 et

331 3966 470 4038 quid
508 3982 609 4037 per
638 3981 766 4020 eam
818 3962 1191 4035 praecipiatur
1251 3959 1565 4033 intelligo;
1624 3977 1781 4015 nunc
1840 3961 1982 4015 doce

333 4073 444 4126 quo
478 4060 645 4127 pacto
679 4056 781 4109 fiat
810 4058 875 4106 ut
907 4052 1075 4107 facile
1106 4049 1383 4105 oblivioni
1415 4050 1611 4105 tradat
1642 4066 1709 4104 ac
1771 4066 1979 4119 parum

332 4150 496 4200 curet
526 4145 749 4199 alienas
781 4142 1169 4205 calamitates,
1203 4139 1302 4210 qui
1337 4138 1569 4192 nullum
1631 4138 1756 4207 ipse
1814 4139 1980 4191 dam-

336 4252 477 4289 num
538 4250 751 4305 passus
808 4248 1070 4302 unquam
1131 4233 1261 4291 est;
1320 4227 1418 4282 ubi
1477 4230 1672 4281 autem
1735 4225 1981 4296 experiri

333 4324 487 4379 mala
519 4322 779 4394 cmperit,
812 4320 1062 4375 aliorum
1114 4318 1201 4371 illi
1267 4318 1486 4381 clades,
1549 4314 1982 4370 admonitiones

330 4431 395 4467 ac
426 4414 781 4467 documenta
813 4409 935 4464 sint
965 4407 1182 4479 quibus
1204 4407 1275 4460 ad
1296 4405 1765 4475 resipisceudum
1791 4404 1981 4457 addu-

332 4508 518 4558 catur.

402 4592 483 4645 Ad
515 4607 580 4645 ea
604 4592 908 4659 resumpto
932 4602 1203 4641 sermone
1225 4582 1714 4656 gymnosophista
1736 4598 1980 4653 respon-

334 4682 419 4735 dit
448 4681 505 4733 in
542 4680 698 4733 hunc
733 4679 1009 4730 modum:
1059 4677 1164 4739 Qui
1222 4691 1337 4729 non
1399 4673 1633 4727 dubitat
1688 4671 1835 4727 alios
1894 4670 1986 4725 la:-

334 4771 469 4824 derc
511 4767 705 4822 utsibi
748 4766 931 4830 prosit.
962 4763 1329 4831 ipsi,stultus
1359 4761 1828 4831 imprudensque
1871 4765 1982 4824 est,

336 4858 555 4930 quippe
585 4856 684 4927 qui
715 4872 827 4909 non
863 4855 1077 4924 cogitet
1106 4853 1369 4907 omnium
1403 4866 1533 4905 esse
1567 4856 1833 4905 actorum
1885 4850 1983 4919 ju-

334 4952 454 4999 stas
487 4945 660 5007 vices,
698 4940 1174 5009 inmutabilique
1205 4939 1408 4994 ordine
1432 4954 1839 4993 successuram
1874 4936 1973 4991 ali-

335 5035 569 5101 quando
630 5032 965 5100 cuicunquc
998 5028 1228 5099 injurias
1259 5044 1455 5098 parem
1490 5028 1796 5091 ultionem,
1831 5032 1986 5082 certe

335 5128 396 5175 ut
420 5121 763 5192 longissime
795 5120 1127 5182 differatur,
1163 5116 1374 5171 ultima
1407 5115 1509 5171 illa
1540 5115 1633 5169 die
1665 5131 1781 5186 qua
1819 5132 1987 5185 aequa

332 5210 635 5264 retributio
668 5209 921 5273 cunctis,
958 5211 1133 5279 prout
1176 5204 1445 5269 vixerint,
1510 5204 1809 5259 reddetur.
1869 5205 1983 5259 Hac

334 5316 503 5371 porro
536 5303 730 5351 mente
762 5297 819 5350 in
853 5296 1219 5351 calamitates
1247 5294 1463 5349 incidet
1496 5292 1981 5361 immedicabiles,

333 5405 397 5442 ac
430 5386 540 5442 nisi
576 5384 752 5439 vitam
788 5386 1057 5439 emendet
1087 5384 1145 5438 in
1178 5388 1461 5453 tempore,
1494 5381 1847 5452 poenitentia:
1881 5382 1980 5436 de-

335 5478 510 5547 nique
542 5491 683 5529 serae
716 5478 892 5541 atquo
926 5472 1154 5526 inutilis
1186 5471 1305 5527 acri
1339 5475 1631 5526 tormento
1690 5469 1978 5525 cruciabi-

330 5571 443 5619 tur.
478 5562 835 5632 Hujusmodi
870 5566 1066 5614 tamen
1099 5560 1398 5615 interdum
1435 5560 1829 5615 emendantur
1884 5574 1982 5613 ex-

334 5651 618 5723 perientia
644 5650 935 5705 malorum
970 5649 1339 5718 propriorum
1373 5668 1385 5715 ;
1420 5654 1476 5703 et
1497 5648 1543 5701 si
1581 5647 1817 5718 quando
1848 5663 1983 5702 seu-

332 5742 483 5795 tiant
507 5739 728 5795 damna
754 5741 828 5795 ab
859 5737 1013 5804 aliis,
1046 5733 1229 5807 illata,
1263 5736 1589 5807 intelligere
1619 5738 1858 5791 demum
1893 5736 1985 5790 in-

2008 3872 2051 3937 C
2088 3870 2315 3943 cipiunt
2345 3871 2762 3927 abstinendum
2796 3873 2907 3928 sibi
2940 3890 3069 3929 esse
3102 3893 3135 3930 a
3165 3878 3445 3934 vexandis
3499 3898 3601 3951 per
3657 3883 3746 3938 in-

2082 3962 2275 4031 jurias
2307 3960 2461 4027 aliis,
2506 3967 2677 4033 prout
2728 3962 2920 4017 leaenae
2978 3964 3243 4036 contigit.
3310 3968 3523 4023 Ferunt
3581 3973 3744 4026 enim

2089 4049 2280 4104 leaena:
2313 4050 2568 4121 cuipiam
2605 4050 2829 4105 catulos
2860 4052 3007 4107 duos
3040 4053 3398 4125 fuisse,quos
3422 4058 3551 4129 ipsa
3570 4077 3745 4115 vena-

2091 4148 2210 4193 tum
2246 4139 2542 4209 prodiens,
2577 4144 2721 4206 tuto,
2758 4144 2819 4192 ut
2850 4142 3115 4209 putabat,
3161 4142 3286 4198 loco
3352 4146 3625 4217 deposuit
3681 4150 3745 4205 in

2090 4226 2255 4293 silva,
2284 4226 2381 4281 ubi
2416 4243 2517 4281 eos
2545 4226 2805 4281 inventos
2837 4236 3080 4283 venator
3130 4233 3368 4301 quidam
3429 4236 3745 4303 interfecit,

2090 4320 2145 4369 et
2178 4315 2326 4386 pelle
2359 4315 2592 4385 utrique
2625 4316 2887 4370 detracta
2918 4332 3243 4390 secumque
3300 4322 3515 4393 ablata,
3572 4343 3749 4381 exco-

2091 4402 2266 4458 riatos
2301 4408 2355 4457 et
2382 4403 2591 4458 misere
2622 4402 2845 4459 laceros
2877 4405 3138 4477 reliquit.
3173 4412 3375 4465 Redux
3416 4414 3489 4468 ad
3545 4415 3744 4471 locum

2091 4491 2289 4559 leaena,
2323 4497 2381 4547 et
2411 4491 2793 4549 cbarissimos
2855 4494 3007 4550 fetus
3062 4499 3381 4554 exstinctos
3439 4507 3616 4573 atque
3672 4523 3745 4560 ex

2091 4582 2465 4637 carnificatos
2523 4599 2788 4652 cernens,
2851 4584 3180 4640 incredibili
3233 4590 3461 4645 conï¬xa
3545 4591 3746 4648 dolore

2090 4675 2199 4736 est,
2235 4670 2584 4741 nullumque
2614 4672 2787 4726 finem
2822 4674 2998 4729 ï¬‚endi
3029 4692 3095 4728 ac
3152 4675 3513 4734 lamentandi
3575 4681 3750 4736 facie-

2092 4760 2212 4829 bat,
2243 4761 2387 4815 adeo
2421 4764 2486 4814 ut
2514 4759 2799 4831 ejulatum
2835 4762 2966 4832 ejus
2991 4781 3057 4817 ac
3090 4764 3392 4835 planctum
3423 4769 3609 4823 excita
3648 4787 3751 4825 so-

2092 4850 2216 4902 nitu
2245 4849 2436 4904 vicina
2467 4866 2606 4903 ursa
2664 4866 2765 4919 pro
2826 4852 3258 4910 necessitudine
3290 4863 3622 4913 accurreret
3674 4862 3750 4915 ad

2091 4937 2346 4992 amicam
2387 4936 2825 4992 consolandam.
2886 4942 2980 4995 Ait
3035 4958 3172 5013 ergo
3232 4944 3409 4999 simul
3463 4948 3752 5018 pervenit.

2092 5025 2234 5091 Quis
2264 5030 2321 5080 te
2350 5030 2548 5082 tantus
2579 5043 2796 5081 maeror
2825 5030 3083 5095 conficit,
3115 5048 3220 5103 age
3261 5034 3400 5104 quid
3434 5036 3702 5106 quereris
3724 5039 3753 5093 ?

2092 5114 2234 5185 quid
2266 5114 2372 5170 tibi
2406 5115 2562 5186 quod
2596 5115 2782 5171 nolles
2814 5119 3060 5191 contigit
3088 5121 3115 5174 â€˜I
3164 5121 3491 5192 Enimvero,
3552 5125 3759 5197 inquit

2092 5203 2215 5274 illa,
2280 5206 2574 5275 quomodo
2634 5223 2749 5261 non
2809 5206 3006 5277 fleam,
3069 5211 3317 5280 utulem,
3391 5231 3505 5269 non
3585 5215 3759 5287 plan-

2094 5310 2251 5365 gam,
2322 5311 2449 5365 quae
2523 5294 2671 5349 duos
2738 5295 2966 5353 catulos
3033 5301 3395 5357 amiserim?
3453 5303 3568 5360 Hos
3660 5322 3759 5361 re-

2090 5380 2376 5451 liqueram
2398 5384 2774 5439 absconditos
2799 5385 2856 5439 in
2880 5389 3251 5445 arundineto.
3280 5392 3528 5449 Venator
3548 5399 3760 5453 autem

2091 5470 2331 5541 quidam
2365 5470 2485 5526 illic
2510 5477 2767 5542 repertos
2801 5474 2930 5543 (heu
2968 5476 3108 5532 mihi
3146 5477 3183 5550 l)
3236 5480 3468 5551 occidit,
3528 5488 3585 5538 et
3644 5501 3758 5541 nu-

2091 5561 2361 5615 datarum
2396 5560 2661 5616 carnium
2690 5561 2871 5633 pelles
2927 5567 3197 5623 auferens
3255 5570 3419 5626 abiit.
3482 5571 3636 5626 Dixit
3696 5576 3760 5630 ei

2092 5666 2231 5704 ursa
2266 5664 2277 5701 :
2308 5649 2507 5720 Atqui,
2536 5652 2747 5717 amica,
2781 5653 2931 5709 ferre
2964 5659 3016 5710 te
3049 5657 3205 5711 hunc
3236 5675 3440 5715 casum
3481 5677 3548 5714 eo
3596 5678 3751 5716 con-

2093 5736 2349 5792 stantius
2382 5755 2486 5809 par
2516 5743 2625 5809 est,
2660 5742 2815 5812 quod
2846 5759 2979 5799 eum
3015 5746 3249 5802 conscia
3279 5748 3383 5803 tibi
3408 5767 3471 5805 es
3495 5753 3752 5808 merenti
