4120 6434
287 397 423 480 i353

1300 419 1659 477 SPECIMEN
1698 418 2102 474 SAPIENTIE
2141 422 2216 476 ΙΝ
2223 421 2478 480 DORUM
2514 426 2682 482 VET.

3566 427 3706 486 1354

284 552 622 624 contigisse,
656 565 792 605 nam
823 548 1025 605 eadem
1057 562 1185 618 quas
1218 546 1409 601 fecisti
1442 562 1618 618 passa
1657 560 1739 600 es.
1784 546 1936 608 Quo-
1967 548 2019 612 Α
2051 546 2330 616 profecto,
2382 547 2579 621 inquit
2633 549 2855 620 leaena;
2916 551 3009 607 cui
3087 568 3247 620 ursa,
3306 552 3454 618 Quid
3520 555 3704 628 igitur

282 644 438 698 circa
468 641 707 696 modum
740 654 922 711 ponas
976 635 1230 693 luctibus
1261 651 1492 705 censeo,
1543 651 1608 689 ac
1652 638 1934 705 reputans

282 735 472 787 tecum
500 745 678 802 quam
701 728 917 784 multas
950 731 1005 782 et
1036 727 1165 798 ipsa
1216 730 1434 781 matres
1481 725 1652 780 orbas
1705 723 1931 791 feceris,

285 820 782 890 orbitatemjusta
810 817 930 873 vice
978 816 1085 871 tibi
1125 831 1431 887 repensam
1478 814 1616 870 boni
1668 811 1930 881 consule,

286 915 384 966 aut
437 909 725 982 patienter
779 906 987 964 saltem
1045 904 1258 962 tolera.
1313 904 1540 960 Usitata
1605 901 1822 974 pateris
1879 904 1936 956 et

285 1015 487 1073 aequa:
539 1003 754 1054 aeterna
806 997 1022 1069 quippe
1069 995 1363 1052 sancitum
1407 995 1554 1066 lege,
1600 994 1820 1064 ubique
1867 1007 1932 1047 ac

287 1107 519 1162 semper
564 1088 752 1145 serius
789 1090 952 1144 ocius
1002 1087 1100 1153 sit,
1149 1092 1213 1141 ut
1263 1102 1389 1157 quis
1439 1083 1756 1154 male‘quis
1790 1082 1935 1137 dixit

287 1181 523 1250 audiat;
557 1196 684 1252 quae
717 1178 871 1249 fecit,
905 1178 1083 1232 ferat:
1137 1192 1266 1248 quae
1315 1171 1692 1231 seminaverit
1732 1175 1932 1240 metat,

287 1286 518 1344 quaque
569 1285 848 1326 mensura
891 1283 1132 1323 mensus
1186 1263 1319 1321 aliis
1359 1263 1554 1330 fuerit,
1585 1262 1789 1318 eadem
1819 1258 1936 1332 ipsi

284 1360 647 1428 remetiatur;
706 1358 960 1430 denique
1007 1357 1108 1429 qui
1168 1356 1414 1420 foveam,
1483 1353 1585 1425 qui
1631 1351 1933 1423 laqueum,

285 1452 384 1524 qui
407 1451 610 1507 dolum
643 1447 909 1522 quemvis
936 1447 997 1504 in
1029 1446 1315 1501 damnum
1347 1443 1590 1500 alterius
1620 1441 1935 1516 paraverit,

285 1539 580 1597 similibus
613 1538 970 1611 quandoque
1027 1533 1521 1590 circumveniatur
1561 1531 1818 1588 insidiis.
1854 1529 1934 1586 Ad

284 1647 352 1688 ea
380 1630 564 1686 leaena
608 1643 744 1683 vero
795 1626 969 1693 victa,
1018 1625 1210 1695 Recte,
1245 1622 1461 1694 inquit,
1512 1637 1737 1678 mones.
1782 1621 1933 1675 Tum

285 1736 446 1791 ursa,
475 1719 601 1788 Dic,
627 1717 838 1773 amabo
891 1719 969 1785 te,
1001 1718 1146 1786 quot
1193 1729 1468 1769 numeras
1515 1712 1647 1767 vita
1703 1708 1938 1765 annos?

284 1810 436 1866 Sane
485 1808 724 1877 multos,
772 1805 854 1862 ait
900 1804 1119 1875 leaena;
1174 1806 1230 1859 et
1278 1820 1439 1874 ursa,
1506 1801 1626 1857 Hoc
1679 1815 1932 1872 quoque,

286 1899 397 1956 nisi
428 1913 603 1971 grave
665 1899 774 1966 est,
809 1909 1094 1964 memora,
1127 1909 1239 1962 quo
1277 1891 1467 1947 victus
1511 1906 1724 1962 genere
1769 1893 1935 1944 tanto

284 1992 547 2060 tempore
594 1985 678 2042 sis
735 2001 864 2052 usa,
919 1983 1060 2055 quid
1109 1986 1196 2038 tot
1239 1981 1370 2037 istis
1420 1980 1593 2036 annis
1631 1980 1937 2035 comedere

285 2075 678 2135 consueveris.
709 2075 931 2145 Nempe
981 2071 1157 2138 nosti,
1197 2071 1280 2126 ait
1322 2070 1444 2137 illa,
1478 2069 1633 2125 vesci
1684 2085 1778 2125 me
1809 2085 1937 2124 car-

284 2167 462 2224 nibus
510 2162 902 2222 animantium
952 2161 1158 2217 solere.
1205 2160 1378 2226 Sane,
1410 2159 1493 2215 ait
1525 2176 1700 2228 ursa;
1729 2175 1938 2215 rursus

283 2255 432 2312 illud
459 2269 677 2327 quaero:
703 2253 844 2318 Quis
870 2250 979 2307 tibi
1011 2249 1377 2306 carnesistas
1398 2247 1938 2305 subministrabat?

281 2344 572 2412 Venabar,
618 2341 834 2413 inquit,
867 2339 1131 2414 quotidie
1180 2339 1242 2393 in
1283 2341 1503 2406 monte,
1533 2341 1591 2393 et
1642 2354 1791 2409 quas
1833 2337 1934 2392 be-

283 2434 429 2492 stias
479 2432 738 2505 arripere
786 2434 1054 2503 poteram
1119 2429 1422 2484 vorabam.
1486 2427 1714 2483 Rursus
1772 2443 1935 2497 ursa,

282 2523 430 2593 Quid
460 2520 567 2578 tibi
596 2519 1085 2590 videtur,inquit:
1139 2517 1421 2573 animalia
1445 2515 1548 2572 illa
1568 2519 1690 2570 tam
1723 2514 1930 2582 multa,

282 2628 410 2688 quae
438 2610 678 2684 vorasti,
711 2608 1007 2684 genitores
1037 2623 1155 2664 non
1177 2603 1557 2663 habuerunt?
1585 2605 1934 2661 Habuerunt

1959 2762 2034 2778 M

2045 651 2231 690 causae
2263 639 2488 706 est,ait,
2521 656 2628 694 cur
2673 639 2895 696 nullius
2945 641 3156 713 patris,
3210 641 3438 698 nullius
3495 647 3702 703 matris

2044 739 2112 779 ex
2135 728 2257 780 tam
2309 727 2509 783 multis
2557 745 2703 800 quos
2748 731 2958 786 catulis
3007 731 3250 802 orbasti,
3290 732 3548 804 ejulatus
3598 752 3702 791 au-

2046 814 2328 870 dzamus?
2377 818 2436 872 Si
2488 832 2626 890 ergo
2676 819 2759 874 illi
2788 821 2954 877 taciti
2999 821 3230 877 dolores
3297 839 3439 879 suos
3487 840 3704 882 conco-

2047 910 2258 974 quunt,
2293 910 2593 978 utcunque
2625 908 2889 981 plerique
2920 927 3033 966 non
3066 911 3294 967 meritis
3326 912 3568 984 paribus
3616 915 3702 971 fa-

2046 994 2154 1050 ctis
2186 995 2384 1051 clades
2418 1014 2576 1064 suas,
2611 999 2742 1054 vide
2774 1017 2846 1056 an
2870 1017 2986 1056 non
3018 1017 3254 1072 aequum
3289 1002 3368 1057 sit
3387 1005 3445 1058 te
3477 1003 3701 1075 patien-

2045 1083 2165 1138 tius
2199 1083 2373 1155 paulo
2406 1086 2556 1142 ferre
2601 1089 2816 1158 quibus
2848 1091 3028 1161 digna
3069 1107 3151 1160 es,
3185 1107 3291 1146 nec
3339 1091 3519 1148 nimis
3551 1093 3702 1148 indi-

2044 1177 2292 1245 gnanter
2329 1175 2592 1246 excipere
2622 1177 2694 1232 ab
2745 1179 3026 1251 exemplis
3059 1184 3174 1235 ate
3228 1180 3383 1238 datis
3431 1182 3492 1236 in
3524 1185 3695 1239 tuum

2044 1263 2225 1319 semel
2277 1268 2454 1336 caput
2495 1265 2776 1338 injuriam
2825 1269 3153 1327 reﬂexam?
3201 1271 3374 1342 Quin,
3429 1277 3592 1344 puto,
3647 1274 3700 1330 si

2042 1369 2248 1409 verum
2280 1355 2367 1409 vis
2398 1355 2614 1424 dicere,
2655 1357 2953 1431 fateberis,
2997 1359 3454 1433 haudquaquam
3485 1365 3542 1418 te
3571 1366 3697 1419 tam

2045 1441 2270 1499 facilem
2323 1444 2383 1500 in
2433 1445 2711 1503 vexandis
2749 1447 2882 1504 aliis
2927 1449 3211 1520 futuram,
3244 1450 3294 1506 si
3345 1468 3698 1523 persuasum

2044 1532 2356 1589 habuisses
2386 1534 2523 1590 hinc
2547 1542 2895 1593 eventurum
2929 1543 2996 1594 ut
3025 1543 3088 1594 tu
3110 1554 3346 1611 quoque
3376 1541 3700 1613 aliquando

2044 1623 2210 1695 paria
2241 1628 2524 1695 paterere.
2557 1626 2663 1682 His
2693 1627 2915 1684 auditis
2965 1627 3170 1701 leaena,
3221 1633 3499 1702 reputans
3541 1631 3699 1704 apud

2047 1728 2194 1779 sese,
2229 1714 2448 1785 prOprii
2481 1715 2739 1786 seipsam
2773 1717 2865 1772 sui
2897 1734 3137 1774 causam
3160 1718 3469 1775 infortunii
3492 1720 3697 1789 fuisse,

2046 1801 2261 1858 seriam
2317 1802 2448 1858 vitae
2492 1805 2704 1874 prioris
2755 1807 3157 1878 paenitentiam
3198 1809 3484 1881 concepit,
3519 1814 3703 1866 certa-

2045 1906 2159 1962 que
2203 1893 2656 1962 emendationis,
2701 1895 2976 1967 deinceps
3034 1912 3137 1953 esu
3191 1898 3455 1954 carnium
3518 1899 3702 1956 absti-

2047 1981 2195 2050 nuit,
2256 1981 2547 2039 fructibus
2622 1984 2902 2040 arborum
2973 1985 3149 2041 vitam
3225 1986 3506 2043 tolerans.
3568 1989 3703 2044 Post

2049 2087 2174 2141 quas
2203 2071 2532 2142 subjunxit,
2565 2074 2912 2146 compendio
2943 2074 3100 2130 dicta
3141 2074 3421 2148 colligens
3453 2093 3703 2149 gymno-

2049 2159 2516 2231 sophistaziisic
2573 2161 2746 2232 habe,
2803 2180 2905 2219 rex
2982 2165 3251 2236 maxime,
3330 2166 3432 2237 qui
3504 2165 3703 2223 dolore

2048 2249 2331 2321 pungitur
2379 2251 2604 2323 accepti
2670 2252 2895 2320 damni,
2943 2253 3045 2309 ubi
3117 2253 3295 2309 simul
3344 2256 3705 2328 cognoverit,

2046 2337 2208 2394 istud
2239 2337 2370 2394 ideo
2403 2356 2466 2396 se
2500 2341 2617 2412 pati
2651 2341 2791 2412 quia
2838 2341 3112 2398 similiter
3154 2343 3214 2399 in
3247 2343 3393 2400 alios
3424 2361 3703 2417 peccave—

2047 2427 2143 2494 rit,
2177 2430 2234 2482 et
2259 2427 2481 2484 malum
2514 2428 2746 2486 illatum
2796 2430 2943 2487 feret
2971 2431 3178 2502 levius,
3210 2436 3267 2488 et
3311 2434 3709 2491 deterrebitur

2044 2516 2103 2569 in
2132 2519 2434 2587 posterum
2462 2517 2536 2573 ab
2567 2517 2721 2590 aliis,
2753 2519 3010 2578 reditura
3032 2519 3092 2578 in
3124 2525 3709 2597 auctoremlquando-

2045 2619 2161 2676 que
2191 2604 2430 2679 injuria,
2465 2605 2774 2665 violandis.

1433 2867 1910 2926 DISSERTATIO
1941 2867 2387 2926 PARABOLICA
2417 2868 2563 2927 XIV.

289 2977 521 3040 Tradit
547 2974 808 3037 modum
832 2970 1235 3033 discernendi
1264 2972 1537 3033 consilia
1567 2972 1764 3030 utilia
1793 2970 1872 3111 (ἂῦ
1890 2970 2225 3130 limitibus,
2246 2973 2482 3110 qualia
2497 2975 2778 3033 maxime
2803 2983 2958 3036 sunt
2985 2974 3060 3036 id
3084 2977 3428 3040 suadentia
3460 2987 3709 3044 tentare

1680 3069 1801 3130 quo
1943 3069 2038 3110 eri
2068 3070 2259 3130 nequi
2297 3095 2312 3111 .

1680 3069 1848 3130 quoa
1890 3069 2038 3130 fieri
2068 3069 2312 3130 nequit.

355 3192 590 3266 Optima
619 3197 672 3248 st
700 3193 758 3247 te
789 3189 988 3263 digna,
1018 3203 1118 3244 rex
1147 3187 1250 3257 ait,
1278 3186 1567 3259 nobisque
1596 3184 1820 3242 utiliter
1849 3201 1940 3241 re-

283 3283 528 3341 colenda
556 3281 896 3354 disputasti;
931 3295 1087 3335 nunc
1120 3279 1192 3334 de
1222 3275 1575 3334 consiliariis
1607 3292 1754 3348 quos
1773 3273 1942 3331 adhi-

284 3375 419 3431 bere
446 3387 614 3444 reges
658 3371 894 3441 debent,
953 3368 1143 3440 deque
1191 3367 1430 3425 illorum
1463 3365 1692 3423 delectu
1725 3369 1782 3422 et
1829 3380 1942 3421 usu

285 3461 642 3535 perlibenter
672 3459 892 3531 aliquid
925 3458 1213 3515 audirem.

358 3553 404 3608 I.
428 3551 578 3607 Tum
595 3547 1084 3622 gymnosophista
1104 3548 1256 3604 hanc
1279 3550 1369 3603 est
1391 3545 1652 3602 fabulam
1675 3558 1941 3601 exorsus:

2051 3185 2404 3256 posteriores
2462 3186 2679 3244 habere
2735 3188 2978 3246 soleam.
3041 3193 3236 3262 Quare
3297 3195 3474 3267 agite,
3523 3196 3708 3256 libere

2052 3275 2349 3347 suggerite
2379 3276 2585 3347 siquid
2617 3278 2871 3335 occurrit
2905 3280 3071 3337 vobis
3098 3287 3494 3356 opportunum
3525 3287 3706 3344 factu.

2053 3365 2204 3421 Faxo
2234 3381 2306 3420 ne
2337 3380 2430 3421 me
2467 3367 2700 3424 tardum
2733 3368 2793 3424 in
2843 3369 3228 3439 admittendo,
3279 3390 3419 3430 neve
3464 3391 3708 3448 segnem

2053 3454 2114 3510 in
2145 3456 2699 3528 exsequendo,quod
2729 3457 2844 3514 tale
2893 3462 3320 3533 proposueritis
3368 3466 3534 3536 queri
3568 3483 3712 3538 pos-

2055 3542 2206 3600 sitis.
2237 3546 2322 3599 Ad
2382 3560 2451 3600 ea
2487 3544 2799 3614 Creborus,
2849 3550 3112 3606 certatim
3172 3553 3478 3623 adjutante
3535 3554 3711 3612 Lino-

287 3639 427 3697 Erat
452 3656 551 3696 rex
585 3616 841 3695 murium
873 3616 1230 3708 'I‘roglodyta
1259 3635 1517 3705 nomine,
1551 3635 1757 3689 urbem
1796 3634 1946 3688 bene
1974 3616 2022 3684 C
2060 3634 2226 3703 rodo,
2275 3650 2561 3706 generosa
2597 3635 2712 3693 ista
2740 3640 2798 3693 et
2827 3637 3175 3710 dignissima
3225 3616 3490 3714 principe
3537 3642 3711 3700 indu-

293 3729 586 3787 munitam
603 3729 663 3785 in
687 3729 919 3784 deserta
941 3730 998 3781 et
1015 3724 1142 3781 avia
1155 3723 1389 3796 regione
1406 3739 1641 3779 summa
1661 3721 1950 3792 tranquil-

291 3820 458 3877 litate
514 3817 810 3885 obtinens,
885 3814 1350 3887 imperitansque
1419 3811 1646 3884 ingenti
1702 3825 1948 3866 numero

295 3925 562 3966 suorum.
594 3907 736 3963 Tres
768 3905 921 3962 circa
951 3920 1023 3960 se
1044 3903 1316 3960 assiduos
1347 3902 1604 3958 habebat
1649 3903 1949 3956 senatores

297 3999 516 4074 gentis,
550 3998 768 4070 quibus
799 3996 1100 4053 deferebat
1129 3993 1478 4067 plurimum;
1510 3996 1566 4049 et
1617 3996 1786 4049 erant
1815 3989 1952 4047 lecti

292 4104 502 4147 omnes
524 4087 885 4158 expertique:
911 4085 1012 4141 sed
1044 4084 1272 4140 cunctis
1290 4082 1617 4139 antistabat
1645 4080 1951 4138 intervallo

295 4176 578 4247 maximo,
611 4175 713 4248 qui
754 4173 1136 4247 Tyrophagus
1183 4173 1522 4242 vocabatur,
1581 4172 1866 4228 Creoboro
1898 4173 1956 4227 et

300 4265 592 4322 Linorodo
624 4263 891 4338 (nomina
924 4264 1044 4320 haec
1077 4266 1244 4320 erant
1273 4262 1458 4319 duum
1491 4261 1762 4332 aliorum)
1794 4259 1954 4315 haud

298 4355 477 4429 paulo
509 4354 874 4426 prudentior.
910 4354 980 4409 Hi
1012 4369 1220 4410 omnes
1263 4353 1518 4424 quadam
1568 4351 1661 4407 die
1703 4350 1958 4406 circum-

253 4489 256 4494 .
299 4447 525 4502 stantes
547 4457 768 4515 regem,
801 4441 852 4498 ei
874 4445 931 4497 et
961 4442 1209 4498 invicem
1256 4441 1710 4513 gratulabantur
1754 4455 1958 4512 pacem

301 4537 360 4590 et
389 4532 839 4605 prosperitatem
870 4547 1092 4600 rerum,
1125 4547 1304 4602 quam
1350 4531 1526 4586 unica
1557 4531 1842 4586 duntaxat
1869 4528 1960 4584 in-

301 4622 642 4696 terpellaret
671 4621 1005 4680 sollicitudo
1039 4621 1111 4675 ab
1138 4621 1477 4676 incursibus
1533 4620 1760 4689 folium,
1822 4636 1964 4692 quo-

305 4730 440 4770 rum
460 4716 617 4770 esset
647 4713 875 4768 dudum
908 4712 1174 4785 ipsorum
1206 4711 1404 4783 generi
1428 4714 1486 4766 et
1505 4710 1820 4766 multitudo
1844 4711 1963 4764 for-

2056 3724 2248 3779 ctione
2279 3725 2459 3779 animi
2504 3725 2762 3795 laudata,
2811 3727 3250 3787 incalescebant
3274 3732 3335 3787 in
3385 3734 3713 3804 suadendo,

2058 3815 2122 3866 ut
2151 3812 2626 3870 conscriberetur
2655 3833 2832 3886 quam
2865 3820 3396 3878 numerosissimus
3425 3823 3715 3880 exercitus

2058 3905 2252 3971 posset
2282 3918 2351 3956 ex
2378 3905 2519 3957 tunc
2550 3903 2890 3962 abundante
2923 3908 3233 3977 juventute
3279 3913 3506 3981 gentis;
3535 3914 3715 3969 duces

2058 3990 2194 4046 inde
2224 3989 2370 4063 ipsis
2402 3993 2828 4063 praeponendos
2860 4011 3036 4066 quam
3081 3998 3630 4069 experientissimos
3657 4006 3716 4057 et

2060 4081 2434 4148 fortissimos,
2458 4085 2587 4138 tum
2636 4083 2933 4142 fortunam
2957 4088 3326 4158 tentandam,
3351 4105 3481 4159 quas
3517 4090 3713 4147 utdici

2061 4171 2228 4240 solet,
2262 4173 2540 4228 audentes
2563 4173 2767 4243 juvat:
2803 4191 2914 4232 non
2948 4179 3167 4233 temere
3213 4176 3396 4232 videri
3428 4195 3713 4252 magnum

2061 4278 2131 4318 ex
2161 4261 2274 4318 isto
2306 4265 2517 4317 conatu
2550 4278 2740 4334 operm
2769 4262 3025 4335 pretium
3057 4267 3441 4338 sperandum.

2137 4353 2210 4407 II.
2244 4351 2412 4407 Talia
2438 4351 2570 4407 istis
2597 4352 3052 4426 disserentibus,
3084 4355 3404 4413 dormitare
3422 4361 3526 4414 aut
3555 4357 3720 4415 aliud

2067 4457 2236 4514 agere
2260 4439 2642 4512 Tyrophagus
2688 4441 3373 4516 videbatur,admirante
3404 4463 3576 4519 rege;
3619 4447 3723 4520 qui

2065 4531 2305 4586 tandem
2338 4533 2469 4602 post
2485 4530 2724 4602 longum
2753 4531 2883 4603 ejus
2907 4531 3416 4603 silentium,Miror
3441 4541 3497 4592 te
3527 4536 3724 4606 hodie,

2067 4621 2433 4693 Tyrophage,
2482 4620 2541 4676 in
2586 4620 2832 4677 consilio
2879 4625 3072 4679 tacere
3117 4627 3329 4696 praeter
3359 4641 3603 4682 morem.
3642 4629 3730 4682 An

2071 4711 2310 4766 dubitas
2341 4727 2498 4766 nunc
2515 4709 2772 4782 primum
2791 4714 2893 4766 tua
2913 4711 3051 4768 huic
3073 4713 3248 4768 οωῐυί
3271 4714 3736 4771 sensacommit-

307 4802 621 4871 midolosa,
642 4807 700 4858 et
741 4801 832 4857 vis
867 4818 932 4858 ac
963 4800 1280 4858 crudelitas
1333 4799 1745 4856 intolerabilis.
1777 4802 1966 4864 Quare
2071 4806 2215 4867 tere,
2248 4817 2374 4872 quae
2405 4803 2550 4868 tam,
2584 4816 2736 4872 saepe
2763 4802 3161 4874 suspeximus,
3197 4804 3366 4874 quasi
3400 4805 3730 4876 periculum

215 4894 228 4905 '
306 4892 424 4948 duo
484 4891 766 4964 postremi
821 4894 1057 4964 tempus
1116 4907 1244 4946 esse
1275 4889 1533 4959 aiebant,
1582 4890 1643 4945 in
1683 4889 1794 4945 hoc
1827 4888 1968 4944 ﬂore
2076 4890 2152 4946 sit
2183 4893 2286 4945 aut
2316 4906 2389 4946 ne
2419 4888 2560 4945 talia
2599 4889 2716 4945 sint
2740 4906 2868 4961 quin
2899 4893 3096 4963 sperni
3138 4898 3377 4963 queant,
3413 4898 3536 4962 aut,
3567 4894 3656 4950 vel
3684 4894 3735 4950 si

311 4982 560 5038 fortuna
591 4980 858 5054 publicae,
903 4980 1255 5052 dispiciendi
1312 4997 1456 5036 num
1515 4980 1656 5051 quid
1711 4977 1968 5050 expediri
1999 4976 2216 5056 unid
2272 4976 2508 5032 afferres
2563 4977 2718 5047 quod
2773 4993 2890 5033 non
2951 4980 3318 5049 probaretur,
3350 4982 3424 5036 ad
3482 4982 3739 5037 dedecus

315 5070 549 5128 consilii
565 5075 767 5143 posset
792 5071 864 5126 ad
897 5069 1074 5127 semel
1106 5070 1550 5142 defungendum
1583 5068 1755 5124 tadio
1785 5072 1843 5124 et
1872 5084 1971 5140 pe-

314 5159 504 5217 riculo
538 5165 661 5216 tam
687 5161 983 5216 diuturnis
997 5159 1604 5231 tamqueimportunae
1620 5158 1970 5231 tyrannidis.

2083 5069 2441 5123 damnumve
2472 5065 2764 5137 pertinere
2793 5067 2852 5121 id
2902 5070 3071 5122 tuum
3132 5067 3253 5123 ullo
3303 5070 3477 5126 modo
3538 5074 3742 5143 posset

2085 5158 2285 5229 utique
2326 5171 2456 5211 cum
2506 5155 2746 5227 plenum
2796 5159 2854 5211 et
2900 5155 3152 5212 liberum
3203 5159 3461 5214 senatori
3515 5165 3746 5217 constet

324 5250 409 5305 Ad
438 5266 507 5306 ea
535 5249 932 5323 Troglodytes:
966 5250 1105 5305 Post
1137 5248 1553 5318 necessariam,
1585 5248 1687 5319 ait,
1749 5263 1974 5318 curam,
2087 5245 2321 5320 quidvis
2362 5245 2520 5316 quod
2571 5246 2789 5301 sentiat
2831 5247 3211 5317 expromendi
3252 5248 3378 5320 jus,
3426 5254 3486 5306 et
3533 5255 3747 5308 nostris

321 5356 388 5396 ac
418 5340 664 5396 tutelam
699 5338 814 5396 mei
845 5338 1078 5411 capitis,
1115 5339 1209 5394 cui
1249 5338 1430 5395 etiam
1462 5355 1578 5394 non
1613 5354 1742 5394 meo
1776 5353 1976 5402 causa,

2088 5337 2538 5394 deliberationes
2585 5335 3058 5406 impenetrabilis
3105 5339 3304 5394 arcani
3347 5338 3627 5412 religione
3657 5355 3751 5396 se-

323 5429 427 5486 sed
461 5429 795 5486 communis
833 5428 1044 5485 salutis
1076 5433 1369 5501 respectu,
1400 5427 1668 5499 consulo,
1703 5426 1979 5500 equidem
2091 5427 2353 5501 piantur.
2385 5425 2470 5480 Ad
2503 5441 2572 5480 ea
2599 5425 3021 5497 Tyrophagus:
3060 5426 3271 5485 Nullus
3297 5429 3434 5486 talis
3469 5432 3540 5487 de
3571 5434 3627 5485 te
3654 5432 3758 5486 aut

321 5517 472 5574 nihil
505 5517 691 5575 habeo
718 5518 1023 5590 antiquius
1055 5534 1234 5589 quam
1261 5519 1663 5588 subjectorum
1697 5533 1827 5573 meo
1871 5516 1983 5573 im-

328 5607 488 5680 perio
521 5607 825 5665 securitati
858 5625 925 5664 ac
955 5607 1287 5664 rationibus
1311 5607 1664 5680 prospicere,
1701 5607 1843 5663 adeo
1863 5609 1988 5678 qui-

332 5697 491 5764 dem,
526 5701 590 5753 ut
620 5696 877 5753 filiorum
907 5701 964 5753 et
996 5697 1571 5769 consanguineorum
1602 5697 1764 5769 ipsos
1793 5699 1988 5752 tener-

2093 5519 2167 5574 de
2197 5515 2344 5572 meis
2373 5514 2535 5570 hisce
2570 5514 2808 5587 collegis
2841 5520 3059 5585 metus,
3093 5516 3276 5589 hujus
3306 5519 3445 5591 mei,
3479 5519 3637 5591 quod
3668 5535 3760 5575 re-

2096 5604 2435 5680 prehendis,
2499 5603 2758 5676 domine,
2793 5603 3019 5662 silentii
3055 5623 3236 5665 causa
3290 5613 3401 5677 est,
3440 5625 3666 5678 verum,
3697 5612 3766 5664 ut

2097 5698 2285 5753 fatear
2340 5695 2614 5765 ingenue,
2666 5709 2829 5750 mera
2857 5693 3061 5768 inopia
3111 5697 3449 5768 verborum,
3485 5703 3543 5753 et
3590 5697 3769 5769 quasi

329 5785 514 5843 rimos
535 5787 779 5843 affectus
807 5786 1093 5843 charitate
1119 5787 1322 5859 populi
1344 5804 1496 5843 curae
1516 5802 1662 5842 meae
1682 5785 1990 5843 commissi
2103 5785 2365 5859 quaedam
2405 5782 2656 5841 infantia
2677 5801 2856 5857 super
2875 5789 3227 5858 argumento
3253 5785 3558 5860 inopinato
3591 5790 3773 5858 atque

619 5906 888 5968 Panos.
939 5904 1049 5966 Gn.
1098 5903 1364 5970 CXLIII.

3407 5907 3490 5965 43
