4120 6394
365 457 508 516 1355
1115 446 1507 504 APPENDIX.
1547 462 1617 484 -ί
1653 441 2017 498 ΒΡΕΟΙΜΕΝ
2055 441 2096 495 Β

2215 441 2457 495 ΕΝΤΙΔΕ
2496 437 2826 494 INDORUM
2867 436 3034 490 VBT.
3660 427 3802 483 1356

361 581 685 656 improviso
740 575 886 633 mihi
934 572 1228 637 maxime;
1263 570 1332 624 de
1384 583 1522 638 quo,
1574 565 1625 621 si
1679 581 1921 621 necesse
1954 563 2030 618 sit
2061 563 2116 631 Α
2146 579 2249 634 per
2279 561 2573 618 somnium
2609 561 2928 633 ingressos,
2961 556 3221 615 abfuisse
3251 570 3385 612 vero
3427 553 3614 610 multo
3669 551 3806 608 lon-

375 645 744 737 dieere,illud
780 681 962 722 unum
997 678 1166 717 mens
1209 657 1495 730 suggerit,
1521 670 1651 711 esse
1682 654 1843 710 istud
1876 654 2031 727 quod
2146 652 2278 724 gius
2309 653 2380 707 ab
2415 650 2531 708 ullo
2558 651 2617 706 in
2651 667 2774 707 rem
2805 648 3140 706 istiusmodi
3174 652 3456 719 apparatu
3473 645 3806 700 autconatu

375 762 491 819 mei
522 732 754 830 collega
786 767 1141 826 proposuere
1175 748 1480 819 negotium
1526 743 1897 816 hujusmodi,
1930 745 2035 798 de-
2151 742 2512 798 meditando.
2545 741 2764 797 Contra
2795 756 2862 796 ea
2893 755 3028 796 cum
3060 736 3387 793 Creohorus
3407 737 3463 790 et
3480 732 3814 788 Linorodus

381 868 497 923 quo
529 865 633 904 nec
660 818 915 916 cogitare
947 840 1201 911 amplius
1233 818 1338 892 nec
1368 834 1526 906 loqui
1569 850 1828 904 unquam
1862 849 2038 904 opor-
2151 830 2300 887 nihil
2331 831 2646 887 hiseerent.
2680 847 2801 902 rex,
2849 828 3069 885 tacitus
3124 825 3425 882 admirans
3474 818 3820 894 Tyrophagi

383 910 525 997 teat.
559 910 831 992 Omnium
863 910 1081 1003 quippe
1109 942 1305 982 rerum
1354 941 1480 996 qua
1511 923 1570 979 in
1623 923 2043 978 deliberatione
2153 921 2402 978 solidam
2437 920 2667 977 consilii
2703 919 2841 988 vim,
2883 921 3100 974 catum
3131 914 3380 972 dimisit.
3417 912 3606 969 Habes
3637 910 3822 966 infor-

384 1031 696 1084 versantur
721 1022 911 1094 prima
930 1019 1031 1074 illa
1053 1017 1340 1086 uniceque
1363 1012 1650 1085 requisita
1669 1011 1925 1067 conditio
1957 1027 2048 1078 est

385 1122 451 1174 ut
482 1114 715 1188 possint
741 1110 929 1176 efﬁci;
966 1107 1258 1164 debellare
1311 1108 1506 1159 autem
1539 1119 1605 1158 ac
1657 1101 1924 1157 funditus
1951 1117 2046 1156 ex-

389 1205 690 1277 stinguere
747 1203 980 1272 gentem
1027 1195 1255 1264 felium,
1286 1199 1450 1248 extra
1479 1195 1768 1257 nostram,
1804 1188 2049 1261 quamli-

2156 1014 2377 1066 matam
2411 1011 2517 1067 hoc
2551 1012 2700 1066 facto
2730 1009 2945 1075 ideam,
2978 1007 3235 1076 domine,
3269 1003 3447 1061 ofﬁcii
3488 1002 3626 1058 boni
3659 999 3816 1071 regis

2155 1100 2215 1156 in
2250 1101 2641 1157 disceruenda
2667 1097 3145 1156 consiliariorum
3171 1099 3228 1151 et
3249 1092 3635 1151 consiliorum
3669 1105 3821 1162 qua-

2156 1189 2344 1248 litate.
2373 1192 2506 1256 Qua
2541 1206 2683 1247 sane
2713 1187 2989 1246 discretio
3021 1190 3267 1242 eatenus
3299 1187 3389 1240 est
3419 1178 3673 1255 principi
3715 1193 3824 1235 ne-

391 1298 491 1353 bet
521 1297 883 1365 satagamus,
939 1285 1278 1343 facultatem
1327 1299 1477 1348 esse,
1528 1280 1690 1349 satis,
1723 1283 1789 1335 ut
1828 1296 1921 1335 res
1953 1296 2054 1351 per
2164 1280 2442 1348 cessaria,
2511 1284 2805 1352 quatenus
2869 1275 3227 1349 experientia
3299 1273 3688 1337 demonstrat,
3759 1282 3832 1322 ea

393 1402 456 1442 se
484 1385 703 1440 taceret
733 1380 884 1452 ipsa,
917 1377 1124 1432 docere
1175 1390 1284 1428 nos
1315 1374 1515 1443 posset
1551 1369 1835 1426 memoria
1866 1369 2054 1440 majo-
2165 1369 2437 1425 adhibita
2477 1368 2931 1426 commoditates
2965 1365 3280 1435 maximas,
3312 1361 3582 1435 neglecta
3613 1359 3836 1415 damna

395 1491 556 1543 rum,
593 1487 740 1544 quos
772 1465 1132 1541 potentiores
1163 1467 1219 1518 et
1251 1461 1640 1533 sapientiores
1672 1459 1865 1528 nobis,
1899 1476 2058 1514 nun-
2166 1458 2428 1531 ingentia
2461 1459 2638 1517 rebus
2668 1456 2923 1531 publicis
2956 1454 3183 1512 inferri.

398 1577 571 1635 quam
600 1565 802 1618 tamen
833 1557 1010 1614 fando
1053 1551 1390 1611 audivimus
1448 1551 1508 1606 in
1539 1548 1719 1606 talem
1769 1564 1934 1622 spem
1964 1548 2057 1604 vel

1561 1781 2040 1840 DISSERTATIO
2071 1781 2524 1838 PARABOLICA
2551 1782 2680 1838 XV.

957 1891 1252 1966 Castigat
1283 1890 1608 1947 curiosum
1637 1883 2027 1945 desiderium
2059 1885 2565 1961 longinquarum
2595 1892 2655 1944 et
2684 1884 3028 1943 inutilium
3051 1895 3295 1939 rerum.

483 2021 586 2078 Hic
616 2035 713 2076 rex
753 2014 1172 2073 Abessalomus
1222 2008 1719 2084 gymnosophisla
1773 2007 1894 2064 ait:
1931 2007 2069 2063 Per-
2103 2009 2402 2079 Bvereor,
2436 2009 2538 2078 ait,
2593 2025 2666 2065 ne
2724 2007 2923 2080 patria
2982 2003 3147 2077 prius
3200 1998 3566 2058 obliviscaris
3623 1996 3849 2069 lingua

413 2112 538 2184 cepi
571 2109 764 2166 fructu
807 2104 988 2161 animi
1046 2117 1260 2174 magno
1313 2117 1440 2172 qua
1491 2097 1748 2154 docuisti
1800 2097 1989 2153 multa
2021 2100 2078 2152 et
2187 2117 2367 2172 quam
2399 2100 2575 2157 istius
2609 2096 2929 2172 peregrina
2963 2111 3140 2151 usum
3173 2089 3493 2164 paraveris.
3522 2088 3730 2160 Spissa
3752 2102 3855 2142 res

418 2200 718 2275 praetium,
750 2196 978 2267 tibique
1021 2194 1171 2263 iam,
1207 2194 1272 2246 ut
1321 2193 1410 2245 est
1458 2187 1802 2259 verisimile,
1835 2187 2082 2243 dicendo
2189 2196 2299 2260 est,
2323 2194 2558 2262 experto
2592 2189 2783 2256 crede,
2818 2202 2925 2243 nec
2946 2184 3122 2241 istius
3153 2182 3343 2237 atatis
3375 2183 3476 2236 aut
3509 2175 3859 2249 occupatio-

422 2294 602 2356 ἷθεεο»
642 2286 926 2343 mOiestUS
971 2296 1101 2338 883°
1152 2280 1445 2346 deSinam,
1498 2278 1598 2332 ubi
1650 2294 1836 2333 unum
1894 2275 2085 2333 adhuc
2193 2282 2284 2337 nis
2315 2287 2467 2336 tua:
2503 2296 2609 2336 nec
2641 2274 3002 2334 contentioni
3034 2268 3590 2328 arumnossissima
3620 2283 3728 2339 par
3769 2279 3862 2320 re-

428 2379 692 2447 audiero,
726 2375 868 2447 quid
901 2387 1141 2429 censeas
1174 2387 1238 2424 ac
1274 2368 1573 2439 praecipias
1602 2367 1758 2423 circa
1789 2367 2087 2422 curiosam
2194 2371 2511 2442 sponderet
2566 2369 2814 2423 fructus,
2873 2363 3158 2429 Quocirca,
3196 2363 3521 2416 metuerem
3575 2354 3860 2426 equidem

437 2468 800 2542 pruriginem
837 2461 1232 2536 quorumdam
1275 2456 1700 2514 iastidieﬂiium
1726 2461 2090 2529 parata,00n-
2196 2478 2268 2516 ne
2295 2459 2401 2515 tibi
2437 2457 2694 2514 eveniret
2715 2455 2870 2528 quod
2905 2469 3074 2510 corvo
3109 2451 3294 2508 aiunt.
3341 2451 3419 2515 Is,
3475 2445 3865 2518 conspicatus

439 2561 723 2615 seni-81193
767 2553 913 2624 iPSiS
962 2553 1017 2605 et
1047 2547 1281 2604 abunde
1304 2545 1681 2613 ευίῖῖεῖθηῐίᾶι
1734 2543 2090 2600 inhiantium
2197 2545 3128 2622 aliquandoperdicisincessum,
3150 2543 3359 2612 captus
3376 2535 3546 2608 quasi
3576 2532 3868 2607 praeclara

439 2664 574 2704 vero
607 2640 1015 2715 lonquinquis,
1048 2637 1272 2704 arduis,
1305 2633 1644 2690 inutilibus.

2215 2640 2415 2712 specie,
2449 2637 2659 2694 statuit
2689 2635 2960 2692 omittere
2990 2629 3320 2688 naturalem
3340 2643 3541 2696 suum,
3566 2639 3747 2696 seque
3778 2621 3866 2678 la.-

512 2737 534 2792 Ι
568 2732 768 2790 Ultimi
821 2746 999 2801 super
1039 2744 1106 2783 ea
1157 2742 1217 2780 re
1267 2723 1557 2780 sermonis
1608 2722 2139 2794 gymnosophista“
2200 2710 2432 2785 boriose
2463 2727 2562 2782 diu
2596 2740 2872 2781 exercens
2904 2723 2963 2777 in
2995 2718 3283 2776 librandis
3316 2715 3617 2789 passibus,
3648 2715 3705 2768 et
3747 2710 3869 2767 eir-

437 2828 546 2882 hoe
577 2822 814 2879 initium
849 2800 1016 2875 fecit:
1053 2815 1184 2871 Fuit
1215 2814 1373 2886 apud
1428 2829 1534 2868 nos
1567 2815 1763 2867 asceta
1793 2810 2098 2882 religionis
2203 2817 2571 2890 cumagendo
2623 2815 2692 2870 ad
2752 2810 3021 2884 singulos
3081 2821 3342 2878 corpore,
3395 2800 3873 2870 alternandaque

439 2920 496 2970 et
515 2910 840 2986 prudentia
864 2905 1110 2978 insignis
1135 2903 1476 2976 quidam,ad
1504 2917 1678 2974 quem
1703 2901 1918 2972 hospes
1941 2899 2099 2956 haud

2215 2907 2596 2980 propensione
2615 2904 2673 2959 in
2705 2902 2861 2960 latus
2893 2904 3228 2969 utrumque,
3252 2895 3409 2950 hunc
3427 2891 3596 2948 stulti
3614 2893 3876 2946 conatus

443 3003 601 3075 paris
634 2999 934 3072 sapientia
963 2996 1428 3061 divertens,sane
1459 2991 1799 3046 humaniter
1828 2995 2102 3061 exceptus
2205 3001 2477 3053 eventum
2509 2992 2739 3063 habuit,
2773 2995 2839 3047 ut
2878 3004 2984 3046 nec
3041 2985 3295 3060 perdicis
3352 2996 3650 3055 gressum,
3682 2992 3870 3049 quem

443 3070 550 3148 est.
583 3070 739 3147 Inter
767 3103 990 3144 canam
1025 3101 1126 3157 pro
1161 3081 1473 3155 praebentis
1498 3079 1873 3151 philosophia
1905 3079 2103 3151 fruga-
2208 3085 2621 3151 aemulabatur,
2656 3082 3093 3152 assequeretur,
3125 3091 3230 3130 nec
3289 3071 3593 3128 corvinum
3641 3070 3876 3124 teneret

446 3181 584 3248 iam:
621 3181 792 3250 cuius
839 3180 1003 3233 ῒοίυε
1059 3176 1379 3244 apparatus
1425 3186 1598 3242 Ρθιοθν
1627 3169 1902 3242 dactylis.
1955 3185 2109 3240 aqua
2211 3175 2488 3248 amplius,
2545 3170 2991 3241 ludibriumque
3038 3166 3276 3236 utrique
3344 3158 3544 3234 generi
3591 3161 3748 3213 esset
3799 3172 3875 3212 ac

445 3266 997 3338 constabat,hospes
1028 3261 1282 3334 gustatis
1309 3258 1865 3331 dactylis,8uavem,
1888 3258 2105 3329 inquit,

2210 3283 2278 3322 ex
2313 3265 2469 3320 omni
2502 3263 2725 3332 ejectus
2759 3264 2933 3325 catu,
2968 3257 3090 3312 risu
3126 3253 3348 3327 passim
3383 3254 3734 3308 cunctorum
3757 3249 3884 3300 tra-

443 3363 525 3416 ίῐᾶ
551 3376 643 3415 me
673 3363 824 3413 Deus
866 3336 1046 3421 timet,
1095 3350 1330 3407 Cibumi
1365 3351 1540 3405 taedet
1589 3366 1684 3403 me
1719 3351 1841 3419 jam
1877 3349 2098 3418 patriai,
2132 3367 2174 3433 ρ
2216 3357 2545 3410 duceretur.
2570 3356 2701 3405 Hac
2725 3364 2894 3420 pana
2912 3343 3288 3416 estinquieta
3305 3336 3743 3414 prurigninisin
3759 3350 3887 3391 non

447 3467 572 3520 qua
599 3447 745 3503 tales
770 3461 885 3500 non
914 3440 1104 3514 gignit
1129 3440 1357 3494 fructus
1383 3455 1396 3504 ;
1421 3437 1554 3492 licet
1577 3436 2100 3503 uvarum,ficuum,

449 3553 670 3595 nucum
704 3551 770 3591 ac
801 3545 1106 3604 pomorum
1133 3528 1326 3584 omnis
1349 3525 1579 3597 generis
1601 3524 1759 3580 ferax
1783 3523 2106 3595 sit,quibus

457 3626 692 3684 abunde
723 3637 939 3679 mensa
973 3619 1351 3672 instruuntur
1379 3614 1534 3684 apud
1572 3629 1699 3680 nos,
1733 3618 1930 3668 tamen
1965 3611 2107 3668 mihi

453 3715 658 3768 videor
687 3727 804 3766 non
837 3723 1008 3780 posse
1034 3708 1157 3778 jam
1202 3703 1328 3758 sine
1376 3701 1472 3757 his
1502 3701 1691 3758 vivere
1717 3719 1730 3769 ;
1767 3717 1946 3773 quare
1977 3700 2107 3756 volo

453 3804 667 3860 referre
714 3801 956 3854 domum
1001 3809 1202 3850 semen
1248 3797 1348 3849 aut
1396 3792 1696 3848 surculum
1728 3791 1953 3848 arboris
2003 3793 2109 3846 da-

453 3892 638 3964 ctylos
669 3888 930 3954 ferentis,
964 3905 1031 3943 ex
1062 3902 1181 3957 qua
1230 3884 1577 3940 viridarium
1627 3900 1976 3952 conseram;
2009 3887 2111 3938 aut

454 3988 609 4039 certe
643 3981 798 4053 quod
831 3977 1156 4049 expeditius
1189 3975 1336 4030 forte
1369 3974 1563 4042 fuerit,
1597 3976 1656 4027 in
1708 3974 1857 4028 hanc
1892 3977 2109 4027 terram

455 4069 814 4126 domicilium
848 4065 1222 4122 transferam.
1256 4062 1536 4117 Arridens
1563 4061 1657 4116 his
1691 4065 1908 4131 asceta,
1939 4060 2114 4116 Juvat

455 4178 571 4230 me,
596 4157 811 4230 inquit,
847 4156 1064 4212 habere
1095 4169 1199 4209 nos
1257 4150 1482 4223 aliquid
1539 4168 1654 4206 non
1690 4151 1932 4206 insuave
1963 4151 2107 4219 tibi;

455 4256 681 4315 tamen,
713 4246 761 4302 si
795 4262 888 4300 me
923 4243 1068 4300 sinis
1120 4242 1335 4312 dicere,
1369 4256 1585 4311 magna
1617 4257 1750 4311 pars
1777 4240 2113 4312 tranquilli-

452 4339 591 4394 tatis
620 4340 800 4391 vitam
832 4332 1060 4390 beantis
1090 4331 1149 4386 in
1183 4329 1443 4385 finienda
1472 4328 1770 4384 concessis
1790 4346 1855 4384 ac
1877 4329 2115 4400 parabi-

455 4430 610 4484 libus
643 4424 964 4497 cupiditate
997 4420 1113 4478 sita
1165 4424 1289 4476 est:
1344 4418 1446 4490 qui
1495 4420 1720 4491 appetit
1772 4418 2114 4489 longinqua,

451 4519 538 4574 vel
564 4515 865 4588 sequendo
888 4508 1288 4584 fatigatur,vel
1311 4509 1562 4565 carendo
1587 4507 1824 4580 angitur
1847 4525 1859 4576 ;
1887 4511 2110 4563 utram-

450 4625 563 4680 que
595 4605 924 4662 molestiam
955 4601 1328 4665 lucrifeeerit,
1353 4599 1450 4670 qui
1482 4599 1608 4655 suis
1653 4603 1964 4654 contentus
1996 4616 2109 4655 non

449 4697 691 4752 inhiarit
722 4693 954 4751 alienis.

2218 3443 2332 3500 sibi
2358 3457 2619 3512 congrua
2686 3435 3131 3510 prosilibunda.
3183 3424 3587 3488 Meministine
3646 3427 3887 3498 patrem

2218 3539 2389 3589 tuum
2444 3535 2545 3586 aut
2589 3533 2937 3601 patruorum
2987 3524 3271 3596 aliquem,
3314 3519 3404 3576 vel
3451 3517 3628 3574 fando
3668 3515 3729 3570 in
3775 3519 3889 3569 tua

2219 3621 2445 3678 familia
2476 3620 2615 3676 ferri
2646 3615 2919 3674 audivisti
2951 3615 3023 3670 de
3055 3628 3296 3669 avorum
3323 3607 3606 3682 quopiam
3638 3603 3741 3675 qui
3778 3603 3894 3658 lin-

2220 3728 2394 3781 guam
2429 3724 2692 3780 unquam
2724 3703 3098 3762 Chaldaicam
3132 3697 3446 3757 calluerit?
3476 3698 3624 3752 Cum
3658 3693 3886 3764 hospes

2221 3803 2513 3872 negasset,
2547 3800 2742 3854 asceta
2772 3794 3089 3866 excipiens,
3122 3790 3328 3863 Igitur,
3353 3785 3604 3850 addidit,
3648 3797 3901 3854 magno-

2222 3906 2356 3961 pere
2387 3894 2591 3946 auctor
2617 3887 2726 3944 tibi
2760 3901 2893 3941 sum
2926 3900 3042 3940 non
3072 3876 3423 3951 erumpendi
3459 3879 3621 3930 extra
3661 3869 3898 3927 cancel-

2220 3981 2309 4035 los
2357 3978 2734 4034 familiarium
2785 3973 3214 4045 exemplorum,
3265 3967 3365 4024 sed
3416 3962 3670 4021 coercita
3716 3959 3892 4016 inani

2223 4069 2582 4133 curiositate,
2616 4062 3028 4137 acquiescendi
3058 4056 3355 4116 concessis
3378 4073 3412 4112 a
3429 4056 3645 4109 natura
3665 4053 3722 4106 et
3744 4050 3894 4105 edu-

2222 4159 2471 4214 cationis
2504 4160 2678 4213 sorte.
2725 4158 3019 4209 Hactenus
3080 4144 3572 4222 gymnosophista
3624 4141 3892 4208 locutus,

2223 4254 2281 4304 et
2310 4247 2649 4303 adoratione
2679 4241 3118 4299 demississima
3142 4241 3458 4293 veneratus
3494 4245 3719 4303 regem,
3772 4232 3894 4285 Re-

2223 4337 2458 4409 spondi,
2493 4335 2753 4404 domine,
2785 4333 3002 4402 inquit,
3035 4333 3102 4384 ut
3132 4329 3296 4400 potui
3330 4341 3433 4397 pro
3475 4317 3895 4378 mediocritate

2224 4425 2521 4483 facultatis
2554 4441 2717 4491 mea,
2748 4423 2818 4478 ad
2851 4426 2953 4477 tua
2982 4421 3098 4476 ista
3128 4416 3376 4490 quasita
3395 4412 3581 4468 multa
3616 4414 3673 4466 et
3699 4409 3895 4464 varia:

2224 4519 2284 4573 in
2315 4534 2452 4588 quo,
2487 4532 2705 4587 quaso,
2728 4513 2776 4569 si
2799 4509 3192 4568 eruditionem
3209 4506 3408 4561 minus
3428 4506 3613 4574 potes,
3648 4491 3771 4570 qua
3795 4512 3895 4554 me

2225 4607 2578 4664 destitutum
2602 4604 2815 4659 idonea
2847 4605 2913 4657 ut
2943 4599 3130 4657 sentio
3163 4597 3248 4652 sic
3296 4593 3452 4649 ultro
3484 4592 3694 4654 fateor,
3728 4591 3891 4644 certe

2225 4697 2588 4752 voluntatem
2640 4692 2908 4766 parendi,
2969 4694 3026 4745 et
3073 4682 3440 4757 obsequendi
3492 4677 3891 4766 alacritatem,

525 4787 594 4842 Il.
627 4785 923 4855 Castigata
955 4781 1165 4836 leniter
1214 4778 1466 4850 hospitis
1509 4777 1718 4834 levitas
1748 4779 2109 4850 acquievisse
2140 4745 2186 4810 D
2639 4745 3152 4853 ξίΞι-θνεήριίοιίχεω,
3186 4745 3463 4846 amplecti
3512 4773 3568 4824 te
3594 4765 3800 4833 velim,
3834 4745 3894 4820 et

448 4879 736 4948 pracepto
767 4871 1021 4943 sapienti
1043 4869 1372 4935 videbatur,
1408 4868 1644 4938 quando
1670 4869 1884 4924 iterum
1917 4871 2109 4941 erupit

448 4969 510 5022 in
558 4963 977 5037 appetitionem
1023 4958 1499 5029 intempestivam
1557 4956 1802 5013 alterius
1851 4960 2104 5030 generis.

442 5056 808 5127 Allegaverat
839 5053 986 5107 forte
1009 5049 1502 5118 asceta,provecto
1539 5047 1599 5101 in
1632 5046 1793 5102 varia
1811 5063 2105 5115 sermone,

443 5143 794 5200 sententiam
828 5157 895 5196 ex
929 5140 1074 5195 libro
1105 5136 1440 5205 Chaldaico,
1475 5151 1646 5206 quam
1683 5135 2106 5207 interpretatus

445 5234 826 5289 disseruerat.
880 5228 1110 5284 Placuit
1152 5225 1372 5296 hospiti
1422 5223 1675 5280 eruditio
1698 5241 1718 5286 ;
1766 5230 1844 5293 et,
1888 5226 2104 5283 Amabo

441 5328 498 5380 te
532 5320 742 5392 inquit,
785 5319 1001 5374 iterum
1052 5320 1268 5389 repete,
1321 5315 1478 5385 quod
1528 5313 1813 5383 recitasti,
1843 5317 2104 5374 testimo-

442 5414 649 5479 nium;
700 5423 790 5464 me
841 5406 1094 5463 delectat
1141 5407 1251 5461 iste
1283 5421 1464 5460 sonus
1504 5419 1618 5458 non
1668 5403 2102 5462 intellectarum

442 5503 582 5558 licet
613 5513 846 5565 vocum,
878 5511 944 5549 ae
975 5495 1220 5551 decerno
1273 5495 1412 5549 dare
1463 5508 1704 5564 operam
1735 5494 2102 5552 addiscenda

440 5592 540 5647 isti
569 5591 807 5661 lingua,
860 5585 1113 5655 petoque
1167 5601 1238 5640 ne
1270 5583 1530 5655 graveris
1575 5582 1756 5653 hujus
1779 5583 1903 5653 jam
1947 5603 2103 5643 nunc

438 5679 740 5737 idiomatis
771 5675 1066 5732 elementa
1097 5674 1240 5729 mihi
1272 5675 1524 5731 tradere.
1557 5673 1660 5730 Cui
1690 5690 1888 5743 senex,
1931 5676 2105 5742 Atqui

2221 4893 2314 4931 me
2344 4875 2405 4930 in
2438 4890 2683 4929 numero
2715 4872 2824 4927 tibi
2858 4865 3424 4932 addictissimorum,
3458 4856 3675 4915 favoris
3696 4855 3894 4909 inter-

2219 4967 2361 5020 dum
2391 4964 2476 5018 tui
2509 4961 2656 5035 regii
2689 4959 3082 5029 beneﬁcaque
3113 4953 3318 5027 gratia
3341 4943 3892 5022 significationibus

2218 5069 2546 5126 aspergere.
2761 5101 2768 5106 .

2289 5143 2404 5198 Has
2439 5140 2777 5213 quindecim
2809 5133 3255 5194 dissertationes
3317 5127 3556 5200 sapiens
3614 5121 3890 5178 medicus

2216 5238 2458 5288 Perzoes
2479 5248 2548 5287 ex
2582 5230 2784 5286 indica
2833 5228 2894 5282 in
2928 5224 3221 5281 Persicam
3282 5218 3549 5291 linguam
3582 5230 3615 5269 a
3649 5226 3712 5268 se
3745 5227 3886 5268 con-

2213 5338 2412 5377 versas
2447 5319 2567 5392 regi
2591 5318 2833 5375 Chosroi
2865 5313 3099 5381 obtulit;
3128 5311 3264 5366 inde
3294 5308 3513 5364 eadem
3547 5319 3616 5359 ex
3647 5300 3890 5356 Persico

2215 5411 2275 5464 in
2305 5409 2624 5465 Arabicum
2656 5405 2956 5463 translata
2989 5414 3323 5460 sermonem
3349 5398 3522 5464 sunt;
3544 5409 3614 5450 ex
3636 5388 3889 5447 Arabico

2213 5516 2348 5555 vero
2382 5499 2658 5554 idiomate
2690 5497 2822 5553 illas
2854 5512 2960 5567 ego
2991 5497 3242 5565 Symeon
3277 5486 3560 5558 magister
3584 5485 3639 5537 et
3685 5477 3893 5551 philo-

2215 5589 2438 5660 sophus
2472 5591 2861 5660 cognomento
2888 5584 3050 5653 Seth,
3094 5576 3431 5638 communis
3465 5568 3748 5631 utilitatis
3789 5582 3897 5640 spe

2214 5679 2471 5747 illectus,
2503 5679 2701 5735 Graece
2733 5693 2867 5735 sum
2898 5673 3346 5744 interpretatus.

1582 5799 1732 5857 Laus
1764 5803 1880 5857 Deo
1903 5802 2171 5860 bonorum
2201 5807 2454 5862 omnium
2484 5805 2730 5862 Auctori.
