4070 6558
480 457 546 522 3i
1239 490 1247 498 -
1586 459 1996 522 EPHR/EMII
2035 461 2646 528 CBRONOGRAPHI

480 572 546 624 ad
576 571 784 639 imperii
819 568 1133 640 dignitatem
1167 569 1268 625 fuit
1292 567 1599 627 subvectus.

477 663 824 733 Creteroquin
859 663 968 732 ipse
992 679 1212 733 regnum
1243 666 1522 732 respuebat
1544 689 1576 726 ,-

477 755 676 810 Cltristi
701 769 759 809 se
781 755 1040 810 famulum
1075 769 1196 809 esse
1231 756 1444 822 dicens,

435 852 454 908 “,
477 858 640 915 atque
665 846 900 900 ethnicis
941 846 1204 901 militibus
1229 847 1625 916 imperaturum
1655 861 1881 916 negans.
1931 849 1944 858 “
2045 899 2058 909 ,

477 937 540 992 Hi
572 953 698 994 vero
733 953 856 994 cum
892 937 1244 993 Christicolas
1274 954 1334 993 se
1363 939 1772 1002 inclamassent,

478 1041 605 1086 tunc
639 1031 925 1100 imperium
950 1027 1209 1086 Jovianus
1241 1032 1448 1100 recepit
1471 1031 1740 1093 protinus.

477 1122 541 1177 Et
572 1138 705 1194 pace
741 1139 863 1178 mox
887 1127 1184 1193 composita
1205 1139 1324 1178 cum
1349 1123 1507 1180 Persa
1537 1139 1685 1195 rege,

472 1225 637 1284 atque
669 1215 1013 1270 Antiochiam
1056 1216 1279 1270 reducto
1304 1217 1566 1283 exercitu,

468 1306 685 1361 exsules
714 1306 911 1359 dudum
945 1307 1216 1376 principes
1247 1317 1488 1375 pa~tores

470 1397 536 1450 ad
567 1413 694 1453 suos
725 1414 918 1468 greges
948 1399 1132 1455 edicto
1166 1402 1462 1465 revocavit,

469 1506 607 1558 quos
641 1493 776 1546 inter
792 1494 1149 1549 Athanasium
1188 1495 1425 1550 divinum
1459 1495 1740 1565 prmsulem
1767 1535 1783 1560 ,
1858 1516 1864 1522 ·

466 1584 788 1655 cunctisque
823 1586 1067 1641 exhibuit
1094 1586 1422 1642 Christianis

468 1691 566 1731 ver
597 1678 943 1745 tranquillum
973 1665 1394 1733 et‘ortltodoxiae
1421 1679 1622 1734 lumen.

469 1766 568 1823 llic
587 1767 896 1824 Galatarum
920 1770 1189 1840 Ancyram
1215 1770 1439 1836 delatus,

466 1860 539 1913 ibi
575 1859 866 1928 improviso
898 1860 1048 1915 obitu
1066 1861 1302 1916 excessit
1333 1862 1516 1926 terris,

465 1953 796 2018 recentibus,
834 1965 891 2008 ut
919 1954 1057 2008 fama
1088 1965 1193 2019 est,
1212 1957 1416 2011 voratis
1443 1954 1648 2021 fungis,

464 2043 606 2096 haud
641 2044 923 2114 plusquam
947 2057 1070 2101 octo
1101 2047 1375 2102 mensibus
1423 2063 1588 2118 regno
1619 2048 1834 2102 fruitus.

464 2136 669 2190 Pietate
699 2137 766 2201 is,
795 2146 856 2190 ut
877 2139 1012 2204 dixi,
1052 2138 1152 2192 fuit
1177 2139 1430 2209 inclytus,

461 2225 653 2292 bonus,
683 2227 1020 2296 tranquillus,
1055 2229 1350 2284 benevolus
1386 2245 1508 2300 erga
1533 2229 1799 2292 subditos,

459 2328 777 2389 statumque
809 2322 1051 2389 corporis
1081 2336 1301 2390 procera
1343 2321 1562 2385 lucens;

459 2413 656 2470 litteris
679 2417 840 2470 etiam
869 2417 1207 2471 mediocriter
1240 2417 1519 2480 eruditus;

459 2508 567 2560 vini
598 2519 774 2563 tamen
811 2519 969 2578 atque
1000 2510 1485 2565 amorisillccebris
1512 2509 1803 2565 obnoxius.

462 2595 630 2666 Hujus
660 2599 891 2655 cadaver
916 2602 1054 2674 apud
1090 2599 1403 2672 Byzantium
1425 2601 1610 2654 urbem

458 2690 514 2745 in
539 2702 728 2747 sancto
761 2693 1138 2764 Apostolorum
1171 2694 1366 2764 templo
1392 2704 1475 2749 est
1506 2695 1805 2750 conditum.

831 2807 1202 2864 VALENTI.“
1219 2808 1386 2865 \NUS
1414 2810 1524 2866 AN.
1553 2810 1663 2876 XI;

742 2902 916 2967 SIVE,
964 2902 1052 2958 UT
1088 2903 1222 2959 ALll
1253 2903 1484 2969 AlUNT,
1514 2901 1631 2960 AN.
1671 2901 1742 2958 Χ.

458 2992 586 3047 Post
617 2994 759 3049 hunc
783 2996 981 3048 insedit
1005 2995 1206 3064 regiam
1239 2994 1553 3062 dignitatem

455 3071 686 3139 Justilize
709 3085 866 3138 simul
893 3084 1299 3152 clementiaeque
1327 3081 1607 3148 exemplar

459 3173 863 3229 Valentinianus
891 3173 1324 3228 Christianorum
1357 3173 1544 3236 decus,

456 3263 538 3316 vir
562 3271 841 3329 strenuus,
870 3265 1148 3316 animosus
1166 3277 1229 3316 ac
1258 3262 1532 3325 robustus,

453 3355 754 3424 generis'ex
781 3353 1058 3410 Pannonia
1087 3355 1312 3423 stirpem
1347 3355 1565 3409 trahens
1594 3368 1609 3418 ;

455 3450 703 3518 princeps
731 3449 899 3505 bonus
937 3459 989 3505 et
1016 3450 1267 3519 providus
1293 3463 1419 3517 erga
1450 3449 1711 3510 subditos,

452 3539 544 3608 qui
574 3543 888 3609 peregrinas
912 3547 1182 3610 quondam
1211 3542 1262 3594 iu
1289 3541 1554 3606 regiones,

453 3641 634 3700 utpote
654 3631 998 3688 CltriStianus
1030 3633 1300 3701 Deumque
1330 3629 1602 3685 Christqu
1635 3629 1847 3697 Celeus,

453 3727 521 3780 ab
539 3733 782 3793 apostata
801 3721 1017 3780 Juliauo
1049 3723 1237 3793 pulsus
1275 3723 1444 3776 fuerat
1468 3739 1483 3786 ;

455 3833 598 3871 nunc
628 3817 790 3871 redux
820 3817 885 3870 ad
914 3815 1232 3882 exercitum,
1281 3815 1525 3869 tribunus
1549 3822 1688 3870 erat.

453 3911 505 3966 Is
537 3911 624 3964 ubi
652 3924 960 3980 supremam
991 3907 1299 3976 dignitatem
1329 3908 1481 3972 adiit,

451 4003 664 4074 imperii
691 4003 899 4058 socium
931 4001 1152 4055 fratrem
1179 4001 1372 4055 ascivit
1406 4015 1584 4064 suum,

450 4109 814 4150 aerumnosum
843 4091 1138 4160 Valentem,
1169 4093 1279 4146 Arii
1305 4092 1596 4160 asseclam,

453 4188 536 4241 rui
566 4196 744 4257 partes
772 4185 1013 4240 Orirutis
1043 4187 1303 4255 regendas
1334 4185 1550 4240 tradidit
1585 4205 1598 4240 :

453 4281 566 4347 ipse
587 4293 716 4334 vero
741 4276 995 4334 Occiduis
1025 4280 1111 4346 pie
1138 4278 1381 4348 praefuit,

415 4441 420 4446 _
452 4372 541 4427 ubi
571 4371 805 4440 trophaaa
840 4370 1034 4425 nobilia
1065 4371 1132 4425 de
1166 4367 1463 4424 barbaricis

449 4463 701 4530 gentibus
726 4463 897 4518 victor
925 4464 1114 4518 statuit
1146 4477 1249 4531 ope
1282 4460 1550 4517 Numinis.
1643 4485 1647 4487 -

451 4553 549 4608 llic
574 4555 755 4610 omnia
778 4555 904 4610 boni
933 4553 1105 4610 ollicia
1144 4568 1465 4624 expromeus
1493 4552 1752 4623 principis

447 4646 785 4716 iustitiaeque
816 4661 1002 4702 amore
1039 4646 1341 4717 pmsértim
1375 4645 1632 4716 ﬂagrans,

445 4739 876 4795 orthodoxorum
902 4739 1216 4810 dogmalum
1245 4737 1526 4800 defensor,

445 4833 743 4900 spatiosum
778 4834 902 4887 vita:
931 4831 1266 4886 curriculum
1297 4844 1551 4886 emensus
1575 4837 1679 4895 est,

444 4936 500 4982 et
527 4941 691 4982 cursu
716 4925 842 4980 vitae
873 4935 926 5003 et
953 4927 1185 4980 termino
1213 4925 1402 4980 beatus
1435 4923 1604 4985 visus,

444 5021 678 5091 expletis
708 5027 943 5090 quatuor
978 5033 1138 5087 supra
1168 5017 1418 5087 octogina
1459 5015 1612 5071 anuis

445 5130 659 5171 summo
699 5115 752 5167 in
781 5111 966 5166 favore
995 5110 1241 5166 Numinis
1275 5110 1640 5176 beatitateqnc
1667 5125 1682 5174 ;

443 5223 508 5260 cx
534 5222 642 5276 quo
669 5204 954 5277 imperium
980 5213 1291 5270 susceperat
1319 5203 1476 5256 anuis
1502 5201 1772 5256 undecim.

446 5299 547 5355 llic
574 5300 699 5355 dum
727 5301 780 5353 in
819 5296 1011 5352 Galliis
1037 5297 1279 5366 degeret,
1305 5304 1534 5349 mortem
1562 5293 1718 5360 obiit,

443 5391 706 5447 Gratiano
741 5387 1156 5458 lilioimperinm
1193 5385 1506 5454 relinquens

445 5485 564 5538 viro
593 5489 864 5536 rectorum
895 5478 1207 5549 dogmatum
1239 5476 1535 5533 defensori.

820 5587 1092 5645 VALENS
1120 5587 1232 5645 AN.
1267 5587 1358 5656 ill,
1387 5585 1517 5643 seu
1554 5584 1639 5644 tv.

445 5685 682 5742 Orientis
711 5685 929 5740 interim
959 5691 1216 5754 regnator
1251 5680 1450 5736 Valens

446 5778 773 5833 Arianorum
811 5777 1024 5832 deditus
1047 5758 1302 5839 vesaniae,

2054 3232 2102 3292 ο

2381 573 2474 639 Et;
2515 576 2792 646 βασιλείας
2817 577 2877 634 τδ
2898 579 3103 650 κράτος
3131 579 3434 653 προεκρίθη
3462 597 3479 614 ο

2222 662 2325 718 475
2377 664 2435 718 '0
2465 665 2510 717 δ’
2538 662 2608 737 ἦν
2638 668 2868 738 ἀπειθὴς
2897 671 3034 741 πρὸς
3083 670 3143 723 τδ
3195 670 3451 736 δέξασθαι
3499 666 3740 744 κράτος,⁸

2363 759 2602 834 Χριστοῦ
2636 761 2736 830 μὲν
2762 762 2928 816 αὐτὸν
2949 763 3174 836 οἰκέτην
3200 761 3340 820 εἶναι
3364 767 3562 834 λέγων,

2365 852 2478 904 Καὶ
2511 853 2585 922 μὴ
2619 857 2954 926 κραταρχεῖν
2981 855 3212 920 ἀσεϐοῦς
3245 857 3477 928 στρατοῦ
3507 858 3684 912 θέλειν
3707 872 3724 887 ’

2361 941 2579 998 Τούτων
2607 945 2664 998 δὲ
2695 940 2932 1016 Χριστὸν
2957 949 3388 1018 ἁνακραξάντων
3413 949 3617 1016 σέϐειν,

2363 1035 2541 1099 Εὐθὺς
2565 1037 2880 1102 ἀνεζώσατο
2922 1039 3020 1112 τὴν
3049 1043 3395 1112 κραταρχεαν
3416 1060 3431 1076 °

2215 1125 2321 1181 480
2357 1127 2468 1182 Kal.
2493 1128 2778 1182 σπένδεται
2823 1129 2880 1183 δὲ
2909 1131 2984 1200 τῷ
3017 1132 3312 1202 κρατοῦντι
3349 1133 3610 1204 Περσίδος
3632 1149 3672 1218 ο-

2355 1220 2467 1273 Καὶ
2502 1220 2602 1273 σὺν
2634 1223 2861 1292 στρατιᾷ
2887 1221 2986 1292 τὴν
3030 1224 3304 1293 Ἀντιόχου
3337 1224 3545 1292 φθάσας

2360 1310 2504 1374 Τοὺς
2546 1312 2677 1382 πρὶν
2706 1315 2952 1383 φυγάδας
2983 1314 3284 1386 ἁρχιθύτας
3309 1317 3575 1386 ποιμένας

2271 1384 2284 1396 χ
2357 1402 2448 1465 El;
2477 1405 2629 1470 σφῶν
2659 1406 2975 1482 ἐπανήγαγε
3010 1384 3097 1460 ποι
3109 1384 3432 1478 μεναρχίας,

2360 1494 2504 1547 Μεθ’
2524 1489 2599 1548 ὧν
2641 1496 2961 1552 ’Δθανάσιον
2987 1499 3172 1554 ἔνθεον
3207 1500 3400 1570 Θύτην,

2223 1583 2327 1640 485
2367 1585 2476 1638 Καὶ
2503 1571 2673 1642 πᾶσιν
2700 1588 2997 1661 ἐϐράϐευσε
3026 1594 3141 1655 τοῖς
3167 1590 3580 1664 Χριστωνύμοις

2333 1671 2335 1674 ⁴
2364 1674 2506 1744 Ἐαρ
2535 1675 2772 1746 γαληνὸν
2801 1679 3116 1751 ὀρθοδοξέας
3135 1681 3297 1750 φάος.

2360 1765 2457 1827 Εἰς
2485 1768 2765 1841 ’Δγκυραν
2795 1771 2852 1825 δὲ
2885 1773 3184 1842 πεφθακὼς
3228 1762 3500 1840 Γαλατίας

2366 1861 2514 1916 Ἐκεῖ
2542 1864 2769 1938 τελευτᾷ
2793 1867 2996 1938 διάγων
3024 1869 3285 1939 ἐξαπίνης

2357 1952 2552 2021 Φαγὼν
2585 1956 2834 2029 μύκητας
2869 1962 3174 2032 ἁρτιφυετς,
3203 1963 3281 2027 ὡς
3309 1963 3494 2031 λόγος,

2209 2041 2320 2104 490
2363 2044 2540 2100 Ὀκτὼ
2570 2051 2860 2119 κατασχὼν
2914 2055 3091 2123 μῆνας
3129 2055 3304 2126 ἀρχὴν
3347 2056 3442 2109 καὶ
3475 2055 3671 2124 μόνους
3693 2069 3715 2087 ⁸

2367 2137 2645 2212 ’Υπῆρχεν
2674 2137 2828 2206 οὗτος
2857 2146 3088 2214 εὐσεϐὴς
3121 2146 3240 2215 μὲν,
3272 2148 3348 2210 ὡς
3378 2146 3536 2217 ἔφην»

2351 2230 2602 2300 Χρηστδς
2636 2234 2871 2304 γαληνὸς
2903 2235 3142 2307 εὐμενὴς
3173 2237 3464 2306 ὑπηκόοις.

2360 2319 2696 2394 Ἀναδρομὴν
2724 2323 2979 2394 σώματος
3002 2328 3218 2401 εὐμήκη
3257 2333 3458 2402 φέρων,

2349 2412 2460 2466 Καὶ
2492 2416 2838 2485 γραμμάτων
2873 2417 2928 2471 δὲ
2959 2421 3198 2492 μετρίως
3223 2427 3554 2494 γεγευμένος
3580 2446 3596 2463 ο

2211 2501 2316 2558 495
2356 2504 2598 2575 Ἠττητο
2631 2507 2676 2560 δ’
2701 2510 2846 2562 οῐνου
2883 2510 2981 2564 σὺν
3009 2514 3414 2586 ὲρωτοληψίαις
3439 2535 3455 2551 ·

2349 2598 2460 2650 Καὶ
2485 2598 2630 2652 τοῦδ’
2666 2602 2694 2654 6
2725 2603 2918 2671 νεκρὸς
2947 2607 3004 2658 ἐν
3032 2607 3188 2660 πόλει
3219 2605 3500 2674 Βυζαντίδε

2357 2689 2446 2743 Ἐν
2478 2692 2671 2760 εὐαγεῖ
2690 2693 2926 2748 τέθαπτο
2955 2699 3212 2770 κηρύκων
3229 2701 3404 2773 δόμῳ.

2241 2801 2854 2862 ΟΥΑΛΕΝΤΙΝΙΑΝΟΣ
2883 2812 2990 2866 ΕΤ.
3026 2810 3128 2870 IA'.
3159 2815 3224 2868 Ol
3254 2816 3358 2870 ΔΕ.
3389 2817 3502 2876 ET.
3534 2817 3590 2876 l'.

2341 2981 2475 3038 Εἶτα
2506 2987 2786 3057 παρῆλθεν
2813 2991 2892 3054 εἰς
2925 2991 3200 3062 βασίλειον
3227 2995 3428 3066 κράτος

2346 3079 2726 3150 Δικαιοσύνης,
2750 3086 3056 3155 πραότητος
3082 3083 3150 3140 αὖ
3180 3086 3354 3152 τύπος
3449 3117 3457 3123 ·

2197 3165 2302 3222 500
2341 3168 2785 3236 Οὐαλεντινιανὸς
2826 3176 3065 3229 εὐσεϐῶν
3105 3177 3283 3243 κλέος,

2347 3258 2608 3324 Γεννάδας
2640 3264 2800 3334 ἀνὴρ,
2833 3265 3110 3336 εὐσθενὴς,
3142 3267 3447 3336 ῥωμαλέος,

2363 3351 2458 3404 Ἐκ
2486 3353 2751 3420 Πανονίας
2787 3358 3026 3427 ἀρχῆθεν
3045 3359 3399 3429 ὡρμημένος,
3436 3419 3461 3429 η,

2343 3443 2582 3518 Κράτωρ
2604 3447 2834 3516 ἀγαθὸς,
2859 3449 3110 3519 κηδεμὼν
3139 3453 3418 3524 ὑπηκόων,

2346 3531 2439 3601 Et;
2463 3539 2775 3610 ἀλλοδαπὴν
2801 3541 3100 3612 ἐξορισθεξς
3127 3561 3229 3598 που
3265 3547 3432 3617 χθόνα

2204 3627 2308 3684 505
2361 3630 2450 3694 Ὧς
2481 3633 2804 3702 Χριστιανὸς
2828 3637 2920 3689 καὶ
2941 3636 3071 3690 Θεὸν
3099 3639 3334 3708 Χριστὸν
3358 3638 3533 3694 σέϐων

2361 3721 2650 3776 Ἰουλιανοῦ
2680 3724 2816 3792 πρὸς
2846 3726 3170 3796 Παρασάτου
3203 3729 3372 3782 πάλαι
3398 3745 3413 3763 ·

2347 3811 2463 3870 Εἶτ’
2489 3816 2819 3884 ἀνακληθεὶς
2845 3820 3174 3888 χρηματίζει
3196 3819 3486 3890 τρεόοὖνος
3507 3839 3525 3856 δ

2357 3908 2446 3970 Ὧς
2475 3907 2570 3961 οὖν
2599 3909 2910 3970 ἁνεζώσατο
2942 3912 3038 3979 τὴν
3067 3913 3429 3983 κραταρχίαν,

2353 3998 2627 4052 Κοινωνδν
2653 4000 2828 4070 ἀρχῆς
2858 4000 3120 4069 σύγγονον
3151 4005 3560 4072 προσλαμϐάνει

2202 4086 2307 4143 510
2348 4087 2567 4142 ’Λθλιον
2603 4090 2875 4145 Οὐάλεντα
2908 4091 3118 4162 μύστην
3159 4094 3372 4162 Ἀρείου
3397 4113 3411 4127 ο
3510 4100 3517 4108 "

2343 4179 2452 4231 Kal
2481 4181 2679 4248 μοῖραν
2713 4179 2861 4248 αὐτῷ
2893 4183 3170 4252 παραδοὺς
3201 4185 3298 4255 τὴν
3324 4186 3425 4255 τῆς
3451 4187 3586 4254 Ἕω,

2340 4273 2513 4336 Αὐτὸς
2532 4275 2811 4344 κατῆρχεν
2843 4277 3084 4339 εὐσεϐῶς
3115 4279 3217 4348 τῆς
3261 4281 3552 4350 Ἐσπέρας,

2283 4358 2290 4367 ’
2344 4365 2628 4434 Περιφανῆ
2655 4368 2886 4436 τρόπαια
2923 4369 3060 4422 κατὰ
3091 4370 3388 4441 Βαρϐάρων

2345 4459 2455 4512 Καὶ
2482 4458 2637 4520 νικας
2669 4459 2818 4520 ἱστὰς
2849 4461 2912 4528 τῇ
2939 4460 3074 4514 Θεοῦ
3103 4466 3425 4534 συμμαχὶᾳο

2058 4580 2104 4638 ι)
2209 4549 2312 4605 515
2353 4552 2461 4605 Καὶ
2491 4551 2670 4604 πάντα
2701 4552 2871 4604 ποιῶν
2910 4547 2991 4614 οἷς
3023 4555 3344 4623 σεμνύνεται
3377 4559 3625 4632 κράτωρ,

2343 4639 2707 4711 Δικαιοσύνης
2745 4644 2802 4704 ἐς
2827 4641 2899 4694 τὰ
2927 4643 3168 4712 μάλιστα
3202 4647 3378 4713 φίλος,

2341 4733 2452 4785 Καὶ
2475 4733 2763 4801 δογμάτων
2789 4736 3074 4804 πρόμαχος
3098 4736 3428 4806 ὀρθοδοξῖαςι

2344 4823 2620 4894 Πολυετής
2649 4842 2735 4889 τις
2769 4827 3068 4895 ἀναφανεὶς
3095 4830 3153 4882 ὲν
3181 4829 3303 4900 βίῳ,

2342 4915 2452 4968 Καὶ
2483 4917 2823 4986 μακαριστὸς
2853 4917 2957 4970 τοῦ
2979 4919 3097 4988 βίου
3131 4921 3227 4974 καὶ
3255 4923 3348 4974 τοῦ
3378 4924 3589 4995 τέλους,

2197 5008 2302 5064 520
2342 5009 2502 5072 Βιούς
2522 5008 2858 5081 ὀγδοήκοντα
2893 5011 2990 5080 τῆς
3017 5012 3162 5081 ζωῆς
3192 5014 3418 5082 χρόνους

2339 5103 2485 5173 Πρὸς
2514 5103 2770 5173 τέτρασιν
2798 5098 2866 5156 αὖ
2885 5103 3104 5169 ἐνθέωῖ,
3135 5106 3489 5176 εὐδαιμόνως,

2351 5194 2471 5263 Ἀφ’
2501 5186 2577 5246 ὧν
2615 5192 2886 5262 κατῆρξεν
2912 5193 3104 5247 ἓνδεκα
3139 5201 3476 5269 κραταρχίας
3499 5216 3516 5234 ·

2337 5280 2507 5348 οὗτος
2541 5284 2770 5355 τελευτᾷ
2794 5284 2995 5352 διάγων
3022 5286 3080 5337 ἐν
3106 5285 3381 5354 Γαλλίαις,

2339 5377 2452 5446 Υἱῷ
2479 5375 2739 5438 λελοιπὼς
2769 5376 3054 5445 Γρατιανῷ
3087 5376 3146 5429 τὸ
3167 5379 3386 5446 κράτος,

2198 5475 2303 5532 525
2355 5474 2532 5543 Ἀνδρὶ
2564 5471 2836 5543 προμάχῳ
2865 5471 3153 5542 δογμάτων
3177 5472 3548 5544 ὀρθοφρὸνων.

2359 5588 2636 5642 ΟΥΑΛΗΣ
2670 5585 2778 5642 ET.
2813 5586 2890 5640 Ρ.
2924 5585 3032 5657 (l7)
3065 5587 3127 5638 01
3161 5585 3244 5638 ΔΕ
3265 5587 3372 5644 ΕΤ.
3404 5593 3479 5644 Δ¹ο

2352 5681 2410 5732 Ὀ
2433 5680 2478 5730 δ’
2503 5674 2570 5732 αὖ
2597 5677 2814 5748 Οὐάλης
2849 5677 3149 5746 βασιλεύων
3179 5677 3278 5745 τῆς
3304 5678 3440 5746 Ἕω,

2339 5771 2452 5825 Καὶ
2480 5767 2850 5836 καθυπαχθεὶς
2874 5765 3173 5883 Ἀρξιανῶν
3203 5767 3392 5839 μανίᾳ,

519 5899 633 5972 (IT)
670 5899 920 5972 lntcllige
955 5907 1068 5956 tres
1094 5897 1178 5955 vel
1213 5865 1448 5968 quatuor
1476 5909 1650 5952 annos
1681 5903 1804 5967 post
1833 5895 2202 5956 Valentiniani
2237 5891 2422 5949 fratris
2450 5889 2677 5948 obitum.

529 6100 562 6121 Ι

3657 469 3729 533 32
