4070 6524
421 490 485 557 ll
1855 496 2055 562 CxESA
2071 497 2233 563 nus.

641 610 923 680 Ἀρπαγὶν
942 613 1095 682 ἄφνω
1128 616 1338 669 παιδίον
1368 621 1505 688 πρὸς
1531 620 1663 691 ἀέρα

487 701 595 757 755
636 704 867 757 Πάντων
896 704 1209 775 βλεπόντων
1243 711 1338 763 καὶ
1364 711 1483 763 λίαν
1506 712 1931 783 θαμϐουμὲνων,

634 795 763 848 Μεθ’
792 798 986 867 ίκανὴν
1025 798 1178 869 ὤραν
1224 802 1281 854 δὲ
1309 804 1583 873 καταχθὲν
1614 805 1771 859 πάλιν

636 887 786 958 Ἔφη
826 891 1105 961 μυηθῆναί
1141 910 1203 959 γε
1236 895 1310 965 μὴ
1352 896 1711 965 προστιθέναι

554 988 557 991 ’
636 981 706 1032 Τὸ
734 984 1105 1050 σταυρωθείς
1138 986 1273 1055 πρὸς
1305 988 1457 1056 ῥῆμα
1482 986 1558 1040 δι’
1590 986 1750 1056 ἡμᾶς
1791 988 1967 1056 λέγων

632 1073 722 1143 Τῷ
751 1076 1024 1147 τρισαγίῳ
1046 1077 1138 1130 καὶ
1164 1078 1447 1149 σεϐασμίῳ
1474 1076 1652 1152 ὕμνῳ·

493 1166 598 1217 7120
634 1153 840 1221 Τούτου
876 1173 1250 1240 μεταστάντος
1272 1172 1333 1225 δὲ
1358 1173 1493 1244 πρὸς
1528 1174 1709 1238 θείους
1740 1175 1886 1239 νόας,

638 1260 939 1329 Προεδρίαν
970 1262 1162 1332 εἴληφε
1197 1265 1297 1333 τῆς
1326 1267 1747 1320 Κωνσταντίνου

641 1354 1017 1425 Πρεσϐύτερος
1045 1367 1129 1420 τις
1152 1358 1452 1422 Φλαῦιανὸς
1496 1359 1684 1424 άξίως,

638 1444 926 1514 Πρόμαχος
950 1447 1130 1514 ὀρθῶν
1157 1450 1444 1519 δογμάτων
1493 1451 1849 1523 Ἐκκλησίας·

634 1532 821 1607 Οὖπερ
844 1536 1102 1603 θανόντος
1136 1540 1384 1594 λακτίσει
1417 1544 1712 1614 Διοσκόρω

496 1624 600 1680 765
642 1626 730 1680 Ἐν
758 1629 1025 1703 λῃστρικῇ
1057 1649 1115 1685 τε
1148 1635 1249 1687 καὶ
1290 1638 1485 1705 φονικῇ
1512 1637 1716 1707 συνόδῳ

631 1720 811 1789 Θύτης
845 1721 1147 1785 Ἀνατόλιος
1180 1721 1592 1795 Ἀλεξανδρείας

636 1808 837 1877 Εἰληφε
860 1809 1041 1863 θῶκον
1074 1812 1217 1880 ἱερὸν
1247 1811 1543 1881 βασιλίδος.

634 1894 803 1963 (ιῦτος
831 1901 1114 1966 Θεοδόσιος
1145 1905 1210 1956 αύ
1222 1905 1570 1978 σονοκράτωρ

638 1992 742 2044 Καὶ
776 1994 954 2062 τεῖχος
981 1994 1241 2063 ἀνήγειρε
1283 2000 1536 2066 χερσαῖον
1559 1998 1712 2053 πόλει

488 2083 595 2138 770
637 2085 734 2136 Ἐκ
779 2085 888 2137 τῶν
919 2085 1242 2158 Βλαχερνῶν
1288 2090 1369 2152 είς
1400 2089 1577 2155 πύλας
1600 2090 1695 2153 τὰς
1715 2090 1985 2162 Χρυσέας,

627 2176 873 2248 Τοῦργον
914 2180 1165 2249 περάνας
1196 2180 1254 2233 ὲν
1276 2181 1397 2235 δυσὶ
1435 2184 1572 2251 μησὶ
1598 2184 1803 2253 μόνοις,

635 2272 846 2343 Σπουδῇ
869 2274 920 2341 γ’
954 2273 1197 2343 ἐπάρχου
1229 2274 1607 2345 καὶ,συνεργίᾳ
1637 2276 1845 2347 Κύρου·

641 2359 940 2431 Ἀγαμένου
970 2361 1147 2432 δήμου
1171 2361 1228 2415 δὲ
1253 2363 1435 2433 Κῦρον
1456 2364 1553 2417 τοῦ
1587 2366 1810 2435 τάχους,

630 2453 737 2506 Καὶ
771 2451 922 2506 ταῦτ’
952 2453 1365 2524 ἀνακράξαντες
1394 2460 1453 2512 έν
1479 2459 1795 2530 παρρησία,

480 2545 588 2598 ⁸775
634 2548 1045 2610 Κωνσταντῖνος
1079 2548 1179 2614 μὲν
1206 2548 1390 2601 ἔκτισε
1421 2551 1551 2620 πρὶν
1587 2551 1688 2622 τὴν
1733 2554 1910 2618 πόλιν,

641 2632 884 2686 Ἀνανεοί
910 2634 1091 2705 Κῦρος
1120 2637 1178 2690 δὲ
1210 2637 1325 2701 νῦν,
1356 2639 1637 2711 προθυμίᾳ

627 2725 804 2795 Ταύτῃ
856 2726 1143 2796 φθονηθεὶς
1181 2728 1433 2783 ἐκπεσὼν
1459 2732 1557 2802 τῆς
1583 2732 1759 2797 ἀξίας,

625 2817 951 2887 Ἐκκλησίας
982 2820 1247 2889 πρόεδρος
1276 2821 1436 2894 ὤφθη
1458 2825 1804 2896 Σμυρναίων·
1882 2868 1906 2876 -

629 2908 736 2960 Καὶ
764 2909 1098 2979 Πουλχερίαν
1130 2913 1290 2977 οὗτος
1320 2915 1554 2985 ἀδελφὴν
1586 2916 1746 2986 φίλην

482 2994 587 3050 ’ῖδῦ
628 3000 745 3051 Τῶν
779 3001 1069 3068 βασιλείων
1115 3006 1365 3059 exesa).th
1391 3006 1467 3071 ὡς
1498 3008 1601 3061 οὐκ
1624 3008 1730 3060 ἔδει

623 3091 753 3153 Ταῖς
785 3092 1091 3157 ὑποθήκαις
1124 3095 1397 3164 βασκάνου
1425 3100 1741 3168 Χρυσαφίου

621 3182 707 3236 Ἐν
747 3183 963 3255 ἑϐδόμῳ
987 3187 1202 3258 τίθησιν
1236 3192 1726 3264 ἐγκεκλεισμένην,

617 3272 897 3341 Φροντίδος
931 3276 1098 3347 αὐτὴν
1133 3279 1493 3343 καταπαύσας
1526 3284 1893 3355 πραγμάτων·

621 3368 789 3430 Μόλις
813 3366 869 3419 δὲ
897 3375 1081 3432 συνεὶς
1111 3371 1203 3424 τὸν
1232 3373 1430 3441 φθόνον
1459 3376 1804 3445 Χρυσαφίου,

475 3460 582 3512 785
625 3460 791 3514 Αὑτὸν
825 3462 926 3531 μὲν
961 3462 1241 3535 ἐξόριστον
1276 3468 1506 3531 ἐνδίκως
1533 3469 1687 3539 ἔδρα,

621 3552 728 3621 Τὴν
764 3552 1031 3621 σύγγονον
1066 3556 1123 3608 δὲ
1169 3558 1499 3625 προσλαϐὼν
1533 3555 1690 3624 αὖθις
1716 3562 1873 3632 νέμει

615 3640 872 3707 Φροντίδα
920 3644 1114 3695 κοινῶν
1141 3646 1267 3714 τῇδε
1301 3646 1645 3715 πραγμάτων
1676 3648 1834 3702 ὅλων·

622 3728 796 3795 Οὗτος
820 3736 1057 3804 νοσήσας
1089 3736 1306 3803 ἐξέλιπε
1337 3739 1426 3792 τὸν
1450 3739 1585 3808 βίον,

622 3825 713 3883 Ὣς
750 3843 903 3893 φασι,
938 3826 1087 3896 βιοὺς
1113 3829 1452 3899 πεντήκοντά
1480 3842 1580 3883 που
1608 3831 1853 3901 χρόνους,

468 3917 575 3969 790
619 3917 752 3971 Καθ’
787 3918 878 3982 οὓς
904 3920 1092 3991 σχεδὸν
1123 3922 1361 3991 κατῆρχε
1388 3921 1511 3983 τοὺς
1542 3923 1765 3993 χρόνους
1798 3924 1973 3987 ὅλους.

774 4013 1183 4067 ΜΑΡΚΙΑΝΟΣ
1238 4015 1345 4069 ET.
1400 4016 1469 4080 ς’
1496 4011 1597 4091 5‘.

618 4104 881 4175 Σκῆπτρα
922 4106 1243 4175 μεταϐαίνει
1271 4107 1327 4159 δὲ
1361 4107 1497 4176 πρὸς
1530 4109 1871 4180 Πουλχερίαν

616 4197 856 4265 Τρόποις
878 4197 1103 4265 ἀγαθοῖς
1132 4200 1227 4250 καὶ
1260 4202 1476 4269 σεμνοῖς
1515 4202 1922 4273 κοσμουμένην,

610 4290 687 4357 Τῇ
723 4289 766 4341 δ’
789 4289 1041 4360 εὐσεϐείᾳ
1073 4289 1345 4360 παρθενίᾳ
1375 4291 1423 4343 τ’
1445 4286 1512 4345 αὖ
1544 4292 1719 4345 πλέον.
1862 4356 1867 4359 _

616 4379 687 4429 "ll
718 4378 1038 4448 Μαρκιανὸν
1069 4380 1241 4450 ἄνδρα
1272 4381 1510 4451 χρηστὸν
1540 4383 1666 4445 τοὺς
1714 4382 1971 4453 τρόπους,

464 4468 571 4523 79ξὶ
614 4470 837 4537 Σεμνὸν,
872 4472 1124 4542 γεραρὸν,
1154 4470 1407 4541 σώφρονα
1433 4473 1527 4525 καὶ
1552 4474 1870 4545 πρεσϐύτην

609 4560 707 4613 Ἐκ
734 4564 1086 4636 στρατιωτῶν
1122 4564 1522 4632 προσκαλεῖται
1552 4566 1792 4634 ταχέως,

608 4653 714 4703 Καὶ
753 4652 892 4723 τῷδε
920 4653 1070 4721 δηλοῖ
1099 4654 1194 4705 τοῦ
1225 4656 1542 4725 κρατάρχου
1577 4656 1669 4708 τὸν
1703 4656 1893 4727 μόρον·

610 4745 714 4796 Καί
751 4762 936 4814 φησιν·
974 4746 1039 4797 Et
1068 4764 1158 4815 μοι
1190 4747 1379 4799 πίστιν
1406 4748 1623 4819 ἀσφαλῆ
1646 4749 1831 4819 νέμοις

620 4838 706 4901 Ὠς
734 4838 1038 4907 παρθενίας
1080 4840 1177 4905 τῆς
1199 4840 1345 4908 ἐμῆς
1369 4840 1486 4908 είης
1514 4842 1715 4909 φύλαξ,

452 4929 558 5005 800
600 4930 812 4997 Ἥνπερ
836 4927 1153 4998 καθιέρωσα
1184 4930 1405 5001 Χριστῷ
1434 4935 1673 5005 νυμφίῳ,

477 5000 492 5019 ⁸
610 5020 798 5090 Στέψω
824 5019 1052 5090 βασιλέα
1075 5039 1134 5074 σε
1162 5023 1261 5093 τῆς
1305 5000 1631 5095 Ῥωμαίδοςλ

601 5114 708 5166 Τοῦ
741 5112 783 5164 δ’
813 5111 881 5166 αὖ
920 5114 1356 5178 κατανεύσαντος
1392 5118 1650 5185 ἀσφαλῶς
1676 5120 1816 5185 τόδε,

605 5207 1014 5261 Μετακαλεῖται
1034 5206 1248 5277 βασιλὶς
1280 5209 1603 5279 άρχιθύτην,

600 5300 739 5361 Τοὺς
768 5299 826 5353 ὲν
851 5298 1015 5363 τέλει,
1044 5299 1370 5371 σύγκλητον,
1396 5302 1526 5356 ἄλλο
1558 5319 1618 5356 τε
1643 5303 1851 5371 στίφος,

451 5391 563 5444 ὃθῖὶ
606 5393 709 5442 Καὶ
734 5388 1049 5461 Μαρκιανὸν
1074 5394 1269 5444 ταινιοῖ
1293 5392 1527 5462 κράτους
1554 5394 1763 5463 στέφει,
1800 5403 1806 5409 ”

514 5526 529 5535 ,
596 5485 704 5536 Καὶ
742 5484 988 5555 κράτορα
1008 5483 1252 5536 δείκνυσι
1284 5487 1384 5555 τῆς
1423 5485 1747 5555 Ῥωμαΐδος,

602 5572 691 5641 Τᾠ
719 5571 766 5624 δ’
790 5570 1126 5642 αἰχμαλώτῳ
1166 5572 1571 5642 χρηματίσαντι
1605 5574 1775 5627 πάλαι

594 5662 797 5733 Θέρους
832 5662 1091 5717 ὑπνοῦντι
1122 5663 1257 5732 πρὸς
1283 5662 1458 5731 φλόγα
1486 5662 1585 5735 τὴν
1610 5665 1786 5735 ἡλίου,

608 5755 713 5808 Σὺν
740 5755 1107 5826 αἰχμαλώτοις
1137 5756 1376 5809 πλείοσιν
1402 5756 1599 5827 ἕρκους
1632 5759 1818 5828 μέσον,

445 5846 557 5903 810
609 5846 1026 5908 Ἐπικαταπτας
1066 5849 1225 5909 ἀετὸς
1262 5849 1421 5902 σκιὰν
1454 5850 1605 5919 ἔδρα·
1666 5884 1671 5901 .

600 5941 664 5992 Ὀ
692 5941 851 6008 γνοὺς
880 5941 1147 6011 ἐθνάρχης
1184 5942 1320 5993 τόνδ’
1357 5944 1385 5994 ὁ
1430 5943 1674 6002 κατέγων
1709 5945 1896 6008 πέδαις

720 6031 986 6091 l’nttOL.
1017 6035 1129 6093 Gn.
1174 6034 1418 6095 CXLIII
1860 6062 1901 6087 κ
1974 6126 1979 6131 _

2026 629 2068 682 Α
2100 623 2351 689 abreptus
2378 621 2551 675 subito
2585 636 2715 691 pnt-r
2746 623 2796 675 itt
2836 635 3038 686 aerem,

2104 731 2185 766 ιλιι.
2210 716 2311 767 etis
2339 715 2729 783 aspicientibus
2761 714 2960 782 ingenti
2986 723 3202 779 stupore
3222 710 3467 779 percitis,

2102 818 2219 872 post
2250 806 2589 859 intervallum
2624 806 2891 860 modicum
2919 804 3097 858 denuo
3126 814 3288 858 redux

2101 899 2235 950 dixit
2264 898 2519 952 divinitus
2551 898 2651 953 sibi
2686 898 2979 952 revelatum

2101 1006 2167 1042 ne
2192 989 2476 1055 cruciﬁxus
2510 1004 2607 1042 vox
2645 988 2937 1043 adderetur

2101 1078 2216 1131 voci
2248 1096 2339 1144 pro
2375 1079 2518 1132 nobis
2552 1079 2776 1148 trisagio
2807 1078 2858 1132 in
2890 1080 3108 1149 hymno.

2098 1168 2289 1223 Prorlo
2322 1171 2385 1222 ad
2419 1184 2682 1239 supernos
2715 1171 2965 1226 cvolante
2995 1172 3218 1241 spiritus

2100 1264 2466 1331 episcopatum
2500 1263 2649 1318 urbis
2676 1263 3009 1319 Constantini

2104 1353 2296 1406 merito
2324 1354 2554 1407 obtinuit
2592 1356 2672 1408 vir
2698 1368 2860 1409 senex
2892 1352 3179 1408 Flavianus

2097 1458 2351 1497 sincrum
2385 1445 2639 1501 Ecclesiae
2682 1446 2994 1517 dugmatum
3023 1446 3320 1502 defensor:

2096 1550 2255 1603 quem
2293 1536 2380 1589 ubi
2412 1539 2608 1592 occidit
2640 1539 2879 1595 calcibus
2911 1540 3201 1597 Dioscorus

2098 1626 2402 1681 latrocinali
2432 1628 2483 1681 in
2507 1632 2711 1699 syuodo
2739 1642 2980 1697 cruenta,

2088 1699 2658 1787 Alexnudrim'prtesul
2694 1725 2977 1779 Anatolius

2096 1824 2305 1863 sacram
2340 1814 2489 1866 urbis
2530 1815 2691 1883 regie
2721 1816 2903 1870 sedem
2932 1818 3234 1885 occupavit.

2098 1899 2265 1954 Porro
2294 1905 2382 1967 inn
2405 1913 2585 1958 orator
2639 1907 2741 1960 iste
2770 1907 3107 1963 Theudosius

2027 1995 2065 2048 Β
2096 2006 2406 2049 terrestrem
2444 2013 2659 2065 quoque
2712 2014 2923 2053 murum
2958 2002 3211 2055 excitavit

2097 2085 2245 2138 urbis
2274 2101 2303 2139 a
2338 2086 2648 2141 Blacbernis
2678 2089 2743 2142 ad
2775 2099 2984 2157 portam
3019 2092 3273 2157 Auream,

2094 2190 2230 2243 Opus
2261 2176 2310 2228 id
2345 2192 2559 2232 menses
2595 2180 2735 2233 intra
2767 2183 2900 2236 duos
2929 2197 3190 2251 peragens

2094 2267 2374 2321 sedulitate
2410 2277 2464 2323 et
2507 2270 2685 2323 studio
2718 2271 2953 2340 praefecti
2984 2272 3140 2343 Cyri;

2092 2357 2244 2429 cujus
2275 2362 2547 2415 detuirans
2580 2363 2910 2418 celeritatem
2941 2366 3170 2434 populus

2092 2460 2250 2519 atque
2280 2453 2365 2509 his
2397 2455 2655 2508 audacter
2694 2456 2873 2510 verbis
2907 2458 3274 2524 succlamans,

2089 2544 2476 2598 Constantinus
2507 2547 2690 2600 urbem
2722 2548 2992 2614 quondam
3016 2547 3277 2613 condidit,

2087 2632 2261 2703 Cyrus
2293 2652 2433 2690 nunc
2465 2648 2683 2690 rcnorat
2718 2654 2730 2701 ;
2783 2638 2939 2706 hujus
2967 2654 3132 2691 causa
3164 2639 3383 2706 plausus

2091 2739 2310 2781 \ot‘atus
2344 2729 2397 2780 in
2434 2730 2683 2783 invidiam
2720 2730 2886 2798 gradu
2918 2731 3137 2795 excidit,

2090 2818 2333 2888 Smyrna:
2362 2836 2510 2887 aeque
2536 2822 2731 2888 praesul
2761 2824 2920 2878 datus
2955 2834 3036 2878 est
3072 2823 3345 2880 Ecclesia}.

2089 2910 2235 2964 Idem
2278 2911 2613 2967 Theodosius
2656 2912 2998 2966 Pulcheriam
3025 2929 3269 2968 seretctn

2090 3002 2250 3072 regali
2274 3002 2481 3071 pulsant
2514 3014 2702 3057 contra
2736 3003 2816 3058 fas
2840 3004 3062 3074 palatio,

2086 3095 2324 3150 consiliis
2355 3096 2561 3151 scilicet
2586 3097 2752 3151 invidi
2791 3095 3136 3169 Chrysaphii,

2083 3186 2246 3253 jussit
2274 3199 2331 3240 ut
2362 3189 2543 3242 clausa
2570 3191 2773 3243 viveret
2801 3189 2851 3242 iu
2888 3188 3165 3245 Hebdomo

2084 3281 2228 3332 omni
2260 3280 2565 3347 reipublicai
2620 3283 2835 3351 negotio
2860 3282 3161 3337 tib-tinens.

2088 3369 2185 3422 Vix
2219 3370 2433 3424 demum
2468 3372 2667 3426 invidia
2712 3374 2923 3440 cognita
2956 3373 3302 3443 Chrysaphil,

2085 3460 2224 3514 hunc
2250 3462 2465 3529 quidem
2503 3463 2693 3516 merito
2728 3463 2885 3517 trusit
2926 3463 2977 3516 in
3002 3463 3299 3533 exsilium;

2083 3567 2350 3619 germana:
2380 3568 2505 3608 vero
2538 3564 2799 3607 revocatas
2837 3555 3014 3608 denuo

2082 3656 2346 3695 summam
2381 3645 2514 3712 reip.
2542 3645 2825 3712 regendam
2856 3646 3095 3699 tradidit.

2082 3738 2194 3802 Ipse
2223 3745 2517 3802 occupatus
2565 3736 2754 3789 morbo
2786 3738 2948 3788 vitam
2981 3737 3195 3801 clausit,

2078 3838 2269 3887 annos,
2316 3835 2367 3878 ut
2405 3828 2573 3891 aiuut,
2605 3837 2761 3880 natus
2790 3828 3201 3898 quinquaginta,

2077 3930 2216 3983 quos
2266 3932 2454 3970 onmes
2486 3916 2652 3972 ferme
2680 3922 2856 3987 exegit
2884 3922 2936 3973 in
2990 3922 3236 3990 imperio.

2367 4008 2763 4063 MARCIANUS
2794 4012 2902 4064 ΛΝ.
2939 4011 3001 4063 γι
3037 4012 3239 4070 ΜΕΝΞ.
3279 4014 3363 4073 Vl.

2082 4097 2303 4152 Devenit
2346 4110 2524 4154 autem
2557 4114 2827 4169 sceptrum
2859 4106 2924 4156 ad
2959 4104 3299 4160 l’tticheriam

2077 4196 2321 4251 moribus
2352 4199 2588 4266 egregiis
2623 4198 2899 4268 inclytam,
2930 4199 3024 4253 sed
3065 4204 3235 4271 magis

2075 4290 2273 4358 pietate
2306 4291 2357 4342 in
2396 4288 2559 4343 Deum
2590 4298 2752 4359 atque
2782 4292 3128 4359 virginitate;

2073 4397 2193 4449 qua:
2221 4380 2547 4435 Marcianum
2578 4382 2711 4435 bene
2737 4394 3002 4435 moratum
3038 4384 3209 4438 virum

2074 4475 2348 4543 pudicum,
2381 4475 2761 4537 venerabilem,
2792 4484 2846 4527 et
2872 4476 2980 4542 jam
3014 4490 3201 4531 senem

2074 4582 2104 4619 e
2129 4566 2324 4617 castris
2363 4564 2680 4621 festinanter
2704 4570 2768 4617 ad
2792 4582 2852 4620 se
2886 4578 3061 4623 vocat.

1999 4681 2044 4737 ι)
2076 4665 2131 4709 et
2160 4656 2224 4710 de
2251 4654 2483 4711 Carsaris
2513 4660 2659 4710 obitu
2688 4662 2973 4713 certiorem
3010 4660 3157 4716 facit.

2075 4748 2207 4800 Tum
2237 4750 2348 4800 ait:
2387 4747 2444 4802 Si
2479 4750 2693 4818 quidem
2734 4751 2865 4803 mihi
2893 4754 3125 4818 spondes
3157 4753 3405 4818 ﬁrmiter,

2075 4850 2126 4893 te
2150 4840 2412 4893 castitatis
2440 4856 2571 4894 ureae
2599 4844 2877 4895 custodem
2921 4842 3059 4908 fore,

2072 4949 2234 5003 quam
2270 4951 2369 5005 ego
2409 4936 2629 4990 Christo
2657 4936 2863 5005 jamdiu
2894 4939 3228 5005 consecravi,

2070 5020 2297 5076 Romani
2343 5022 2553 5090 imperii
2578 5023 2850 5078 dominum
2886 5038 2935 5078 te
2970 5024 3184 5078 faciam.

2069 5113 2169 5179 Qui
2208 5122 2488 5183 pestqnaat
2543 5115 2750 5185 (it-niam
2780 5114 2896 5183 ejus
2934 5116 3007 5169 rei
3034 5117 3189 5169 ﬁdem
3221 5116 3435 5184 obtulit,

2069 5206 2250 5275 regina
2277 5209 2522 5274 protinus
2554 5217 2709 5260 vocat
2732 5206 3193 5274 archiprazsulem,

2069 5297 2438 5365 magistratus,
2468 5310 2737 5363 senatum,
2769 5298 3036 5368 aliamque
3057 5298 3294 5365 turbam,

2066 5389 2508 5462 Mareiauumque
2537 5395 2754 5446 redimit
2781 5394 2928 5461 regni
2957 5402 3273 5458 stemmate,

2064 5495 2117 5537 ct
2149 5468 2924 5552 llomauorutu—imperatorem
2961 5493 3139 5539 creat.

2064 5576 2198 5630 Huic
2233 5576 2359 5629 olim
2382 5577 2596 5646 captivo
2630 5592 2690 5630 ac
2714 5578 2999 5631 dormienti

2063 5684 2183 5721 cum
2210 5668 2329 5721 aliis
2355 5669 2687 5737 ctuicaptivis
2712 5669 2763 5722 iu
2791 5682 2942 5740 septo
2983 5672 3183 5738 medio,

2059 5761 2273 5814 :estivas
2307 5761 2421 5815 sole
2443 5760 2715 5829 jatulaute
2742 5761 3005 5829 (latinitas,

2060 5854 2323 5908 advolaus
2373 5855 2547 5923 aquila
2588 5856 2834 5908 umbram
2869 5856 3139 5924 prmbuit:

2057 5948 2199 6014 quod
2228 5963 2346 5999 ctun
2381 5949 2628 6003 rescisset
2654 5948 2899 6002 dominus
2932 5949 3090 6019 hujus
3122 5949 3356 6021 regulus,

3270 6043 3311 6102 2

3600 506 3672 563 δί
