  <div class='ocr_page' id='page_1' title='image "/cluster/home/n/w/nwhite01/storage/ocr_20150623/143/hvd.32044019208321/032.png"; bbox 0 0 4070 6550; ppageno 0'>
   <div class='ocr_carea' id='block_1_1' title="bbox 357 425 2177 499">
    <p class='ocr_par' dir='ltr' id='par_1_1' title="bbox 357 425 2177 499">
     <span class='ocr_line' id='line_1_1' title="bbox 357 425 2177 499; baseline 0 -12"><span class='ocrx_word' id='word_1_1' title='bbox 357 435 431 499; x_wconf 54' lang='grc' dir='ltr'><strong>4η]</strong></span> <span class='ocrx_word' id='word_1_2' title='bbox 1797 425 1998 484; x_wconf 77' lang='lat' dir='ltr'><strong>C/ESA</strong></span> <span class='ocrx_word' id='word_1_3' title='bbox 2010 425 2177 487; x_wconf 74' lang='lat' dir='ltr'><strong>RES.</strong></span> 
     </span>
    </p>
   </div>
   <div class='ocr_carea' id='block_1_2' title="bbox 568 539 1793 617">
    <p class='ocr_par' dir='ltr' id='par_1_2' title="bbox 568 539 1793 617">
     <span class='ocr_line' id='line_1_2' title="bbox 568 539 1793 617; baseline -0.012 -13"><span class='ocrx_word' id='word_1_4' title='bbox 568 547 719 604; x_wconf 79' lang='grc' dir='ltr'>Ἀλλ’</span> <span class='ocrx_word' id='word_1_5' title='bbox 748 544 1051 617; x_wconf 76' lang='grc' dir='ltr'>ὀρθοδόξων</span> <span class='ocrx_word' id='word_1_6' title='bbox 1084 542 1569 613; x_wconf 82' lang='grc' dir='ltr'><strong>συναθροισθέντες</strong></span> <span class='ocrx_word' id='word_1_7' title='bbox 1606 539 1793 608; x_wconf 78' lang='grc' dir='ltr'>στῖφος</span> 
     </span>
    </p>
   </div>
   <div class='ocr_carea' id='block_1_3' title="bbox 421 634 1744 709">
    <p class='ocr_par' dir='ltr' id='par_1_3' title="bbox 421 634 1744 709">
     <span class='ocr_line' id='line_1_3' title="bbox 421 634 1744 709; baseline -0.011 -11"><span class='ocrx_word' id='word_1_8' title='bbox 421 642 534 699; x_wconf 83' lang='grc'><strong>985</strong></span> <span class='ocrx_word' id='word_1_9' title='bbox 574 638 902 693; x_wconf 81' lang='grc' dir='ltr'>Βασιλίσκον</span> <span class='ocrx_word' id='word_1_10' title='bbox 927 637 1181 709; x_wconf 81' lang='grc' dir='ltr'><strong>βάλλουσι</strong></span> <span class='ocrx_word' id='word_1_11' title='bbox 1213 637 1337 699; x_wconf 76' lang='grc' dir='ltr'>ταῖς</span> <span class='ocrx_word' id='word_1_12' title='bbox 1365 634 1700 704; x_wconf 81' lang='grc' dir='ltr'>δυσφημίαις</span> <span class='ocrx_word' id='word_1_13' title='bbox 1730 649 1744 663; x_wconf 74' lang='grc' dir='ltr'><strong>ο</strong></span> 
     </span>
    </p>
   </div>
   <div class='ocr_carea' id='block_1_4' title="bbox 567 727 1717 803">
    <p class='ocr_par' dir='ltr' id='par_1_4' title="bbox 567 727 1717 803">
     <span class='ocr_line' id='line_1_4' title="bbox 567 727 1717 803; baseline -0.005 -18"><span class='ocrx_word' id='word_1_14' title='bbox 567 733 683 803; x_wconf 77' lang='grc' dir='ltr'><strong>Τὴν</strong></span> <span class='ocrx_word' id='word_1_15' title='bbox 730 730 949 785; x_wconf 78' lang='grc' dir='ltr'><strong>σύνοδον</strong></span> <span class='ocrx_word' id='word_1_16' title='bbox 977 731 1023 784; x_wconf 80' lang='grc' dir='ltr'>δ’</span> <span class='ocrx_word' id='word_1_17' title='bbox 1078 729 1146 785; x_wconf 78' lang='grc' dir='ltr'>αὖ</span> <span class='ocrx_word' id='word_1_18' title='bbox 1173 729 1518 800; x_wconf 80' lang='grc' dir='ltr'>ἀνεκήρυξαν</span> <span class='ocrx_word' id='word_1_19' title='bbox 1554 727 1717 781; x_wconf 84' lang='grc' dir='ltr'>πάλιν</span> 
     </span>
    </p>
   </div>
   <div class='ocr_carea' id='block_1_5' title="bbox 566 822 1545 894">
    <p class='ocr_par' dir='ltr' id='par_1_5' title="bbox 566 822 1545 894">
     <span class='ocr_line' id='line_1_5' title="bbox 566 822 1545 894; baseline -0.002 -18"><span class='ocrx_word' id='word_1_20' title='bbox 566 823 963 894; x_wconf 82' lang='grc' dir='ltr'>Θεοκρότητον,</span> <span class='ocrx_word' id='word_1_21' title='bbox 990 822 1175 891; x_wconf 82' lang='grc' dir='ltr'>άγίαν,</span> <span class='ocrx_word' id='word_1_22' title='bbox 1214 822 1545 892; x_wconf 75' lang='grc' dir='ltr'>σεδασμίαν·</span> 
     </span>
    </p>
   </div>
   <div class='ocr_carea' id='block_1_6' title="bbox 562 915 1517 985">
    <p class='ocr_par' dir='ltr' id='par_1_6' title="bbox 562 915 1517 985">
     <span class='ocr_line' id='line_1_6' title="bbox 562 915 1517 985; baseline -0.003 -15"><span class='ocrx_word' id='word_1_23' title='bbox 562 916 661 970; x_wconf 87' lang='grc' dir='ltr'>Διά</span> <span class='ocrx_word' id='word_1_24' title='bbox 675 934 740 985; x_wconf 84' lang='grc' dir='ltr'><strong>γε</strong></span> <span class='ocrx_word' id='word_1_25' title='bbox 800 915 974 970; x_wconf 76' lang='grc' dir='ltr'>ταῦτα</span> <span class='ocrx_word' id='word_1_26' title='bbox 1004 915 1329 980; x_wconf 82' lang='grc' dir='ltr'>Βασιλίσκος</span> <span class='ocrx_word' id='word_1_27' title='bbox 1351 915 1517 980; x_wconf 73' lang='grc' dir='ltr'>ἀξίως</span> 
     </span>
    </p>
   </div>
   <div class='ocr_carea' id='block_1_7' title="bbox 566 1002 1590 1079">
    <p class='ocr_par' dir='ltr' id='par_1_7' title="bbox 566 1002 1590 1079">
     <span class='ocr_line' id='line_1_7' title="bbox 566 1002 1590 1079; baseline -0.003 -16"><span class='ocrx_word' id='word_1_28' title='bbox 566 1009 745 1063; x_wconf 79' lang='grc' dir='ltr'>Πᾶσιν</span> <span class='ocrx_word' id='word_1_29' title='bbox 773 1008 1142 1079; x_wconf 83' lang='grc' dir='ltr'>άποτρόπαιος</span> <span class='ocrx_word' id='word_1_30' title='bbox 1161 1002 1231 1078; x_wconf 80' lang='grc' dir='ltr'><strong>ἦν</strong></span> <span class='ocrx_word' id='word_1_31' title='bbox 1265 1007 1559 1079; x_wconf 82' lang='grc' dir='ltr'>στυγητὲος</span> <span class='ocrx_word' id='word_1_32' title='bbox 1576 1023 1590 1039; x_wconf 82' lang='grc'><strong><em>⁸</em></strong></span> 
     </span>
    </p>
   </div>
   <div class='ocr_carea' id='block_1_8' title="bbox 422 1101 1762 1172">
    <p class='ocr_par' dir='ltr' id='par_1_8' title="bbox 422 1101 1762 1172">
     <span class='ocr_line' id='line_1_8' title="bbox 422 1101 1762 1172; baseline -0.005 -13"><span class='ocrx_word' id='word_1_33' title='bbox 422 1103 531 1159; x_wconf 84' lang='grc'><strong>990</strong></span> <span class='ocrx_word' id='word_1_34' title='bbox 572 1103 764 1171; x_wconf 77' lang='grc' dir='ltr'>Ὅμως</span> <span class='ocrx_word' id='word_1_35' title='bbox 810 1101 954 1155; x_wconf 81' lang='grc' dir='ltr'>κατὰ</span> <span class='ocrx_word' id='word_1_36' title='bbox 984 1101 1235 1172; x_wconf 86' lang='grc' dir='ltr'>Ζήνωνος</span> <span class='ocrx_word' id='word_1_37' title='bbox 1273 1101 1551 1169; x_wconf 75' lang='grc' dir='ltr'><strong>ἐκπέμπει</strong></span> <span class='ocrx_word' id='word_1_38' title='bbox 1598 1101 1762 1169; x_wconf 79' lang='grc' dir='ltr'>τάχος</span> 
     </span>
    </p>
   </div>
   <div class='ocr_carea' id='block_1_9' title="bbox 575 1193 1935 1266">
    <p class='ocr_par' dir='ltr' id='par_1_9' title="bbox 575 1193 1935 1266">
     <span class='ocr_line' id='line_1_9' title="bbox 575 1193 1935 1266; baseline -0.001 -16"><span class='ocrx_word' id='word_1_39' title='bbox 575 1196 812 1266; x_wconf 78' lang='grc' dir='ltr'>Ἀνδρας</span> <span class='ocrx_word' id='word_1_40' title='bbox 840 1195 1186 1266; x_wconf 71' lang='grc' dir='ltr'>στρατηγοὺς</span> <span class='ocrx_word' id='word_1_41' title='bbox 1208 1194 1302 1247; x_wconf 74' lang='grc' dir='ltr'>καὶ</span> <span class='ocrx_word' id='word_1_42' title='bbox 1322 1193 1419 1247; x_wconf 80' lang='grc' dir='ltr'>σὺν</span> <span class='ocrx_word' id='word_1_43' title='bbox 1449 1194 1632 1257; x_wconf 78' lang='grc' dir='ltr'>αὐτοῖς</span> <span class='ocrx_word' id='word_1_44' title='bbox 1652 1194 1935 1265; x_wconf 86' lang='grc' dir='ltr'>δυνάμεις.</span> 
     </span>
    </p>
   </div>
   <div class='ocr_carea' id='block_1_10' title="bbox 561 1287 1573 1360">
    <p class='ocr_par' dir='ltr' id='par_1_10' title="bbox 561 1287 1573 1360">
     <span class='ocr_line' id='line_1_10' title="bbox 561 1287 1573 1360; baseline -0.001 -19"><span class='ocrx_word' id='word_1_45' title='bbox 561 1290 940 1360; x_wconf 86' lang='grc' dir='ltr'>Προσρυέντες</span> <span class='ocrx_word' id='word_1_46' title='bbox 971 1287 1049 1357; x_wconf 85' lang='grc' dir='ltr'><strong>τῷ</strong></span> <span class='ocrx_word' id='word_1_47' title='bbox 1074 1287 1285 1358; x_wconf 79' lang='grc' dir='ltr'><strong>Ζήνωνι</strong></span> <span class='ocrx_word' id='word_1_48' title='bbox 1324 1287 1573 1356; x_wconf 75' lang='grc' dir='ltr'><strong>γνησίως</strong></span> 
     </span>
    </p>
   </div>
   <div class='ocr_carea' id='block_1_11' title="bbox 564 1364 1702 1450">
    <p class='ocr_par' dir='ltr' id='par_1_11' title="bbox 564 1364 1702 1450">
     <span class='ocr_line' id='line_1_11' title="bbox 564 1364 1702 1450; baseline -0.001 -17"><span class='ocrx_word' id='word_1_49' title='bbox 564 1380 936 1450; x_wconf 78' lang='grc' dir='ltr'>Σπεισάμενοί</span> <span class='ocrx_word' id='word_1_50' title='bbox 965 1396 1048 1441; x_wconf 88' lang='grc' dir='ltr'><strong>τε,</strong></span> <span class='ocrx_word' id='word_1_51' title='bbox 1086 1379 1224 1447; x_wconf 74' lang='grc' dir='ltr'>πρὸς</span> <span class='ocrx_word' id='word_1_52' title='bbox 1254 1364 1412 1432; x_wconf 81' lang='grc' dir='ltr'>πόλιν</span> <span class='ocrx_word' id='word_1_53' title='bbox 1446 1377 1702 1448; x_wconf 66' lang='grc' dir='ltr'>βασιλίδα</span> 
     </span>
    </p>
   </div>
   <div class='ocr_carea' id='block_1_12' title="bbox 569 1468 1658 1543">
    <p class='ocr_par' dir='ltr' id='par_1_12' title="bbox 569 1468 1658 1543">
     <span class='ocr_line' id='line_1_12' title="bbox 569 1468 1658 1543; baseline -0.002 -18"><span class='ocrx_word' id='word_1_54' title='bbox 569 1469 733 1535; x_wconf 80' lang='grc' dir='ltr'>Αὖθις</span> <span class='ocrx_word' id='word_1_55' title='bbox 766 1471 903 1542; x_wconf 68' lang='grc' dir='ltr'>μετὰ</span> <span class='ocrx_word' id='word_1_56' title='bbox 933 1473 1180 1541; x_wconf 82' lang='grc' dir='ltr'>Ζήνωνος</span> <span class='ocrx_word' id='word_1_57' title='bbox 1207 1468 1345 1543; x_wconf 78' lang='grc' dir='ltr'>ἧκον</span> <span class='ocrx_word' id='word_1_58' title='bbox 1375 1471 1434 1524; x_wconf 76' lang='grc' dir='ltr'><strong>ἐν</strong></span> <span class='ocrx_word' id='word_1_59' title='bbox 1454 1471 1613 1541; x_wconf 85' lang='grc' dir='ltr'>τάχει</span> <span class='ocrx_word' id='word_1_60' title='bbox 1644 1487 1658 1504; x_wconf 79' lang='grc' dir='ltr'><strong><em>ο</em></strong></span> 
     </span>
    </p>
   </div>
   <div class='ocr_carea' id='block_1_13' title="bbox 423 1555 1732 1632">
    <p class='ocr_par' dir='ltr' id='par_1_13' title="bbox 423 1555 1732 1632">
     <span class='ocr_line' id='line_1_13' title="bbox 423 1555 1732 1632; baseline -0.005 -14"><span class='ocrx_word' id='word_1_61' title='bbox 423 1564 529 1619; x_wconf 84' lang='lat'><strong>995</strong></span> <span class='ocrx_word' id='word_1_62' title='bbox 565 1564 674 1617; x_wconf 78' lang='lat' dir='ltr'><strong>Kal.</strong></span> <span class='ocrx_word' id='word_1_63' title='bbox 698 1563 860 1616; x_wconf 85' lang='grc' dir='ltr'>πάλιν</span> <span class='ocrx_word' id='word_1_64' title='bbox 894 1562 1200 1632; x_wconf 79' lang='grc' dir='ltr'>ἀπείληφεν</span> <span class='ocrx_word' id='word_1_65' title='bbox 1228 1555 1385 1625; x_wconf 78' lang='grc' dir='ltr'>οὗτος</span> <span class='ocrx_word' id='word_1_66' title='bbox 1414 1559 1474 1614; x_wconf 77' lang='grc' dir='ltr'>τὸ</span> <span class='ocrx_word' id='word_1_67' title='bbox 1504 1560 1732 1629; x_wconf 65' lang='grc' dir='ltr'>κράτος,</span> 
     </span>
    </p>
   </div>
   <div class='ocr_carea' id='block_1_14' title="bbox 566 1655 1719 1727">
    <p class='ocr_par' dir='ltr' id='par_1_14' title="bbox 566 1655 1719 1727">
     <span class='ocr_line' id='line_1_14' title="bbox 566 1655 1719 1727; baseline -0.003 -18"><span class='ocrx_word' id='word_1_68' title='bbox 566 1658 753 1727; x_wconf 82' lang='grc' dir='ltr'>Δήμου</span> <span class='ocrx_word' id='word_1_69' title='bbox 785 1674 845 1709; x_wconf 86' lang='grc' dir='ltr'><strong>τε</strong></span> <span class='ocrx_word' id='word_1_70' title='bbox 870 1656 1002 1710; x_wconf 76' lang='grc' dir='ltr'>λαοῦ</span> <span class='ocrx_word' id='word_1_71' title='bbox 1036 1657 1188 1710; x_wconf 79' lang='grc' dir='ltr'>τόνδε</span> <span class='ocrx_word' id='word_1_72' title='bbox 1213 1655 1682 1727; x_wconf 75' lang='grc' dir='ltr'>προσδεδεγμένον</span> <span class='ocrx_word' id='word_1_73' title='bbox 1704 1669 1719 1686; x_wconf 77' lang='grc' dir='ltr'><strong>ο</strong></span> 
     </span>
    </p>
   </div>
   <div class='ocr_carea' id='block_1_15' title="bbox 568 1744 1667 1818">
    <p class='ocr_par' dir='ltr' id='par_1_15' title="bbox 568 1744 1667 1818">
     <span class='ocr_line' id='line_1_15' title="bbox 568 1744 1667 1818; baseline -0.005 -17"><span class='ocrx_word' id='word_1_74' title='bbox 568 1748 893 1813; x_wconf 76' lang='grc' dir='ltr'>Βασιλίσκος</span> <span class='ocrx_word' id='word_1_75' title='bbox 923 1749 979 1802; x_wconf 87' lang='grc' dir='ltr'><strong>δέ</strong></span> <span class='ocrx_word' id='word_1_76' title='bbox 1025 1746 1363 1818; x_wconf 78' lang='grc' dir='ltr'>προσφυγὼν</span> <span class='ocrx_word' id='word_1_77' title='bbox 1394 1744 1667 1817; x_wconf 78' lang='grc' dir='ltr'>ἐκκλησίᾳ</span> 
     </span>
    </p>
   </div>
   <div class='ocr_carea' id='block_1_16' title="bbox 558 1838 1685 1909">
    <p class='ocr_par' dir='ltr' id='par_1_16' title="bbox 558 1838 1685 1909">
     <span class='ocr_line' id='line_1_16' title="bbox 558 1838 1685 1909; baseline -0.001 -18"><span class='ocrx_word' id='word_1_78' title='bbox 558 1839 713 1893; x_wconf 77' lang='grc' dir='ltr'><strong>Μετά</strong></span> <span class='ocrx_word' id='word_1_79' title='bbox 741 1842 1005 1909; x_wconf 61' lang='grc' dir='ltr'>γυναικὸς</span> <span class='ocrx_word' id='word_1_80' title='bbox 1032 1840 1233 1909; x_wconf 67' lang='grc' dir='ltr'>ίίκέτης</span> <span class='ocrx_word' id='word_1_81' title='bbox 1261 1840 1355 1892; x_wconf 75' lang='grc' dir='ltr'>καὶ</span> <span class='ocrx_word' id='word_1_82' title='bbox 1389 1838 1685 1909; x_wconf 81' lang='grc' dir='ltr'><strong>φιλτάτων,</strong></span> 
     </span>
    </p>
   </div>
   <div class='ocr_carea' id='block_1_17' title="bbox 558 1932 1607 2002">
    <p class='ocr_par' dir='ltr' id='par_1_17' title="bbox 558 1932 1607 2002">
     <span class='ocr_line' id='line_1_17' title="bbox 558 1932 1607 2002; baseline -0.001 -16"><span class='ocrx_word' id='word_1_83' title='bbox 558 1934 772 1988; x_wconf 84' lang='grc' dir='ltr'>Ἐπειτ’</span> <span class='ocrx_word' id='word_1_84' title='bbox 804 1934 1018 1987; x_wconf 72' lang='grc' dir='ltr'>ἐκεῖθεν</span> <span class='ocrx_word' id='word_1_85' title='bbox 1057 1933 1371 1998; x_wconf 70' lang='grc' dir='ltr'>ἐξελασθεὶς</span> <span class='ocrx_word' id='word_1_86' title='bbox 1397 1932 1607 2002; x_wconf 82' lang='grc' dir='ltr'>ὁρκίοις</span> 
     </span>
    </p>
   </div>
   <div class='ocr_carea' id='block_1_18' title="bbox 258 2024 1722 2098">
    <p class='ocr_par' dir='ltr' id='par_1_18' title="bbox 258 2024 1722 2098">
     <span class='ocr_line' id='line_1_18' title="bbox 258 2024 1722 2098; baseline -0.006 -12"><span class='ocrx_word' id='word_1_87' title='bbox 258 2082 281 2093; x_wconf 56' lang='grc' dir='ltr'><strong><em>ρ</em></strong></span> <span class='ocrx_word' id='word_1_88' title='bbox 390 2031 534 2086; x_wconf 68' lang='grc'>1000</span> <span class='ocrx_word' id='word_1_89' title='bbox 584 2030 736 2083; x_wconf 77' lang='grc' dir='ltr'>Ἐκεῖ</span> <span class='ocrx_word' id='word_1_90' title='bbox 765 2027 910 2097; x_wconf 86' lang='grc' dir='ltr'>λιμῷ</span> <span class='ocrx_word' id='word_1_91' title='bbox 941 2026 1174 2098; x_wconf 87' lang='grc' dir='ltr'>τέθνηκε</span> <span class='ocrx_word' id='word_1_92' title='bbox 1211 2025 1448 2095; x_wconf 77' lang='grc' dir='ltr'>φθαρεὶς</span> <span class='ocrx_word' id='word_1_93' title='bbox 1500 2024 1722 2086; x_wconf 71' lang='grc' dir='ltr'>ἀθλίως,</span> 
     </span>
    </p>
   </div>
   <div class='ocr_carea' id='block_1_19' title="bbox 572 2115 1608 2190">
    <p class='ocr_par' dir='ltr' id='par_1_19' title="bbox 572 2115 1608 2190">
     <span class='ocr_line' id='line_1_19' title="bbox 572 2115 1608 2190; baseline -0.006 -16"><span class='ocrx_word' id='word_1_94' title='bbox 572 2121 705 2190; x_wconf 81' lang='grc' dir='ltr'><strong>Ἐτη</strong></span> <span class='ocrx_word' id='word_1_95' title='bbox 737 2118 1028 2188; x_wconf 80' lang='grc' dir='ltr'>κατασχὼν</span> <span class='ocrx_word' id='word_1_96' title='bbox 1052 2119 1152 2187; x_wconf 84' lang='grc' dir='ltr'>τὴν</span> <span class='ocrx_word' id='word_1_97' title='bbox 1184 2117 1467 2187; x_wconf 77' lang='grc' dir='ltr'>βασιλείαν</span> <span class='ocrx_word' id='word_1_98' title='bbox 1494 2115 1608 2168; x_wconf 89' lang='grc' dir='ltr'>δύο.</span> 
     </span>
    </p>
   </div>
   <div class='ocr_carea' id='block_1_20' title="bbox 577 2209 1700 2283">
    <p class='ocr_par' dir='ltr' id='par_1_20' title="bbox 577 2209 1700 2283">
     <span class='ocr_line' id='line_1_20' title="bbox 577 2209 1700 2283; baseline -0.004 -17"><span class='ocrx_word' id='word_1_99' title='bbox 577 2214 783 2266; x_wconf 84' lang='grc' dir='ltr'><strong>Τούτου</strong></span> <span class='ocrx_word' id='word_1_100' title='bbox 813 2210 1167 2283; x_wconf 80' lang='grc' dir='ltr'><strong>κρατοῦντος,</strong></span> <span class='ocrx_word' id='word_1_101' title='bbox 1191 2212 1255 2281; x_wconf 82' lang='grc' dir='ltr'>τῇ</span> <span class='ocrx_word' id='word_1_102' title='bbox 1292 2210 1525 2282; x_wconf 79' lang='grc' dir='ltr'>βασιλίδι</span> <span class='ocrx_word' id='word_1_103' title='bbox 1549 2209 1700 2263; x_wconf 82' lang='grc' dir='ltr'>πόλει</span> 
     </span>
    </p>
   </div>
   <div class='ocr_carea' id='block_1_21' title="bbox 574 2302 1535 2373">
    <p class='ocr_par' dir='ltr' id='par_1_21' title="bbox 574 2302 1535 2373">
     <span class='ocr_line' id='line_1_21' title="bbox 574 2302 1535 2373; baseline 0 -16"><span class='ocrx_word' id='word_1_104' title='bbox 574 2304 827 2373; x_wconf 78' lang='grc' dir='ltr'>Πυρκαιά</span> <span class='ocrx_word' id='word_1_105' title='bbox 862 2321 946 2365; x_wconf 79' lang='grc' dir='ltr'><strong>τις</strong></span> <span class='ocrx_word' id='word_1_106' title='bbox 993 2302 1196 2371; x_wconf 67' lang='grc' dir='ltr'>ωνέὸη</span> <span class='ocrx_word' id='word_1_107' title='bbox 1240 2302 1535 2372; x_wconf 86' lang='grc' dir='ltr'>φρικαλέα,</span> 
     </span>
    </p>
   </div>
   <div class='ocr_carea' id='block_1_22' title="bbox 400 2390 1772 2462">
    <p class='ocr_par' dir='ltr' id='par_1_22' title="bbox 400 2390 1772 2462">
     <span class='ocr_line' id='line_1_22' title="bbox 400 2390 1772 2462; baseline -0.001 -14"><span class='ocrx_word' id='word_1_108' title='bbox 400 2392 541 2448; x_wconf 70' lang='grc'>1005</span> <span class='ocrx_word' id='word_1_109' title='bbox 592 2394 688 2445; x_wconf 83' lang='grc' dir='ltr'><strong>Ἐκ</strong></span> <span class='ocrx_word' id='word_1_110' title='bbox 722 2391 1181 2462; x_wconf 84' lang='grc' dir='ltr'>χαλκοπρατείων</span> <span class='ocrx_word' id='word_1_111' title='bbox 1206 2407 1269 2458; x_wconf 88' lang='grc' dir='ltr'><strong>γε</strong></span> <span class='ocrx_word' id='word_1_112' title='bbox 1297 2391 1470 2457; x_wconf 84' lang='grc' dir='ltr'>πυρὸς</span> <span class='ocrx_word' id='word_1_113' title='bbox 1499 2390 1772 2462; x_wconf 73' lang='grc' dir='ltr'>ἡμμένον.</span> 
     </span>
    </p>
   </div>
   <div class='ocr_carea' id='block_1_23' title="bbox 590 2480 1645 2556">
    <p class='ocr_par' dir='ltr' id='par_1_23' title="bbox 590 2480 1645 2556">
     <span class='ocr_line' id='line_1_23' title="bbox 590 2480 1645 2556; baseline -0.001 -18"><span class='ocrx_word' id='word_1_114' title='bbox 590 2484 713 2554; x_wconf 81' lang='grc' dir='ltr'><strong>Ὑφ’</strong></span> <span class='ocrx_word' id='word_1_115' title='bbox 744 2480 813 2556; x_wconf 83' lang='grc' dir='ltr'>ἦς</span> <span class='ocrx_word' id='word_1_116' title='bbox 849 2485 1209 2553; x_wconf 80' lang='grc' dir='ltr'>κατηθάλωτο</span> <span class='ocrx_word' id='word_1_117' title='bbox 1245 2486 1336 2537; x_wconf 69' lang='grc' dir='ltr'>καὶ</span> <span class='ocrx_word' id='word_1_118' title='bbox 1381 2484 1645 2555; x_wconf 83' lang='grc' dir='ltr'>διεφθάρη</span> 
     </span>
    </p>
   </div>
   <div class='ocr_carea' id='block_1_24' title="bbox 580 2574 1839 2646">
    <p class='ocr_par' dir='ltr' id='par_1_24' title="bbox 580 2574 1839 2646">
     <span class='ocr_line' id='line_1_24' title="bbox 580 2574 1839 2646; baseline -0.002 -17"><span class='ocrx_word' id='word_1_119' title='bbox 580 2576 748 2629; x_wconf 84' lang='grc' dir='ltr'>Ἀλλα</span> <span class='ocrx_word' id='word_1_120' title='bbox 769 2594 829 2630; x_wconf 84' lang='grc' dir='ltr'><strong>τε</strong></span> <span class='ocrx_word' id='word_1_121' title='bbox 850 2574 1081 2630; x_wconf 78' lang='grc' dir='ltr'>πλεῖστα</span> <span class='ocrx_word' id='word_1_122' title='bbox 1112 2578 1203 2629; x_wconf 75' lang='grc' dir='ltr'>καὶ</span> <span class='ocrx_word' id='word_1_123' title='bbox 1227 2576 1394 2645; x_wconf 87' lang='grc' dir='ltr'>δόμος</span> <span class='ocrx_word' id='word_1_124' title='bbox 1431 2576 1608 2645; x_wconf 79' lang='grc' dir='ltr'>φύλαξ</span> <span class='ocrx_word' id='word_1_125' title='bbox 1639 2575 1839 2646; x_wconf 72' lang='grc' dir='ltr'>βίϐλων</span> 
     </span>
    </p>
   </div>
   <div class='ocr_carea' id='block_1_25' title="bbox 591 2669 1628 2741">
    <p class='ocr_par' dir='ltr' id='par_1_25' title="bbox 591 2669 1628 2741">
     <span class='ocr_line' id='line_1_25' title="bbox 591 2669 1628 2741; baseline -0.001 -19"><span class='ocrx_word' id='word_1_126' title='bbox 591 2670 678 2733; x_wconf 83' lang='grc' dir='ltr'>Ἐς</span> <span class='ocrx_word' id='word_1_127' title='bbox 713 2670 983 2741; x_wconf 78' lang='grc' dir='ltr'><strong>μυριάδας</strong></span> <span class='ocrx_word' id='word_1_128' title='bbox 1010 2669 1221 2723; x_wconf 84' lang='grc' dir='ltr'>δώδεκα</span> <span class='ocrx_word' id='word_1_129' title='bbox 1249 2670 1628 2739; x_wconf 74' lang='grc' dir='ltr'>ποσουμένωνο</span> 
     </span>
    </p>
   </div>
   <div class='ocr_carea' id='block_1_26' title="bbox 610 2757 1752 2832">
    <p class='ocr_par' dir='ltr' id='par_1_26' title="bbox 610 2757 1752 2832">
     <span class='ocr_line' id='line_1_26' title="bbox 610 2757 1752 2832; baseline -0.002 -16"><span class='ocrx_word' id='word_1_130' title='bbox 610 2762 704 2817; x_wconf 82' lang='grc' dir='ltr'>Ἐν</span> <span class='ocrx_word' id='word_1_131' title='bbox 733 2757 821 2825; x_wconf 79' lang='grc' dir='ltr'>άῖς</span> <span class='ocrx_word' id='word_1_132' title='bbox 843 2761 1029 2832; x_wconf 84' lang='grc' dir='ltr'>χορίον</span> <span class='ocrx_word' id='word_1_133' title='bbox 1050 2762 1144 2815; x_wconf 71' lang='grc' dir='ltr'>καὶ</span> <span class='ocrx_word' id='word_1_134' title='bbox 1174 2761 1466 2831; x_wconf 87' lang='grc' dir='ltr'>δράκοντος</span> <span class='ocrx_word' id='word_1_135' title='bbox 1496 2762 1570 2824; x_wconf 80' lang='grc' dir='ltr'>ὡς</span> <span class='ocrx_word' id='word_1_136' title='bbox 1600 2761 1752 2830; x_wconf 78' lang='grc' dir='ltr'>λόγος</span> 
     </span>
    </p>
   </div>
   <div class='ocr_carea' id='block_1_27' title="bbox 589 2854 1772 2925">
    <p class='ocr_par' dir='ltr' id='par_1_27' title="bbox 589 2854 1772 2925">
     <span class='ocr_line' id='line_1_27' title="bbox 589 2854 1772 2925; baseline -0.001 -15"><span class='ocrx_word' id='word_1_137' title='bbox 589 2857 645 2910; x_wconf 73' lang='grc' dir='ltr'>ἓν</span> <span class='ocrx_word' id='word_1_138' title='bbox 678 2873 783 2910; x_wconf 88' lang='grc' dir='ltr'>τινι</span> <span class='ocrx_word' id='word_1_139' title='bbox 819 2854 1091 2919; x_wconf 70' lang='grc' dir='ltr'>κλεισθεὶς</span> <span class='ocrx_word' id='word_1_140' title='bbox 1130 2855 1351 2925; x_wconf 75' lang='grc' dir='ltr'>πυρρίῳ</span> <span class='ocrx_word' id='word_1_141' title='bbox 1384 2855 1479 2908; x_wconf 82' lang='grc' dir='ltr'>τὸν</span> <span class='ocrx_word' id='word_1_142' title='bbox 1514 2857 1772 2919; x_wconf 86' lang='grc' dir='ltr'>τεκνίοις,</span> 
     </span>
    </p>
   </div>
   <div class='ocr_carea' id='block_1_28' title="bbox 403 2947 1682 3020">
    <p class='ocr_par' dir='ltr' id='par_1_28' title="bbox 403 2947 1682 3020">
     <span class='ocr_line' id='line_1_28' title="bbox 403 2947 1682 3020; baseline -0.004 -15"><span class='ocrx_word' id='word_1_143' title='bbox 403 2950 542 3005; x_wconf 69' lang='grc'>1010</span> <span class='ocrx_word' id='word_1_144' title='bbox 586 2949 877 3020; x_wconf 86' lang='grc' dir='ltr'>Πρόμηκες</span> <span class='ocrx_word' id='word_1_145' title='bbox 936 2948 1081 3017; x_wconf 84' lang='grc' dir='ltr'>ύπῆν</span> <span class='ocrx_word' id='word_1_146' title='bbox 1111 2949 1167 3011; x_wconf 84' lang='grc' dir='ltr'><strong>ἐς</strong></span> <span class='ocrx_word' id='word_1_147' title='bbox 1195 2947 1361 3011; x_wconf 76' lang='grc' dir='ltr'>πόδας</span> <span class='ocrx_word' id='word_1_148' title='bbox 1387 2948 1682 3018; x_wconf 72' lang='grc' dir='ltr'>τεταμένον</span> 
     </span>
    </p>
   </div>
   <div class='ocr_carea' id='block_1_29' title="bbox 585 3040 1773 3112">
    <p class='ocr_par' dir='ltr' id='par_1_29' title="bbox 585 3040 1773 3112">
     <span class='ocr_line' id='line_1_29' title="bbox 585 3040 1773 3112; baseline -0.002 -17"><span class='ocrx_word' id='word_1_149' title='bbox 585 3044 728 3112; x_wconf 82' lang='grc' dir='ltr'>ῐῐρὸς</span> <span class='ocrx_word' id='word_1_150' title='bbox 764 3043 875 3105; x_wconf 84' lang='grc' dir='ltr'>τοῖς</span> <span class='ocrx_word' id='word_1_151' title='bbox 907 3040 1104 3095; x_wconf 78' lang='grc' dir='ltr'>ἑκατὸν</span> <span class='ocrx_word' id='word_1_152' title='bbox 1135 3041 1331 3104; x_wconf 78' lang='grc' dir='ltr'>εἴκοσι,</span> <span class='ocrx_word' id='word_1_153' title='bbox 1390 3040 1577 3109; x_wconf 80' lang='grc' dir='ltr'>θαῦμα</span> <span class='ocrx_word' id='word_1_154' title='bbox 1598 3041 1773 3107; x_wconf 84' lang='grc' dir='ltr'>ξένον,</span> 
     </span>
    </p>
   </div>
   <div class='ocr_carea' id='block_1_30' title="bbox 1963 538 3021 597">
    <p class='ocr_par' dir='ltr' id='par_1_30' title="bbox 1963 538 3021 597">
     <span class='ocr_line' id='line_1_30' title="bbox 1963 538 3021 597; baseline -0.007 0"><span class='ocrx_word' id='word_1_155' title='bbox 1963 538 2010 597; x_wconf 76' lang='grc' dir='ltr'><strong>Α</strong></span> <span class='ocrx_word' id='word_1_156' title='bbox 2042 540 2145 594; x_wconf 84' lang='lat' dir='ltr'><strong>Sed</strong></span> <span class='ocrx_word' id='word_1_157' title='bbox 2173 540 2314 596; x_wconf 90' lang='lat' dir='ltr'><strong>enim</strong></span> <span class='ocrx_word' id='word_1_158' title='bbox 2340 539 2632 595; x_wconf 75' lang='lat' dir='ltr'><strong>orthodoxi</strong></span> <span class='ocrx_word' id='word_1_159' title='bbox 2662 545 2852 595; x_wconf 90' lang='lat' dir='ltr'><strong>coacto</strong></span> <span class='ocrx_word' id='word_1_160' title='bbox 2878 543 3021 591; x_wconf 69' lang='lat' dir='ltr'><strong>cmtu</strong></span> 
     </span>
    </p>
   </div>
   <div class='ocr_carea' id='block_1_31' title="bbox 2044 628 3106 700">
    <p class='ocr_par' dir='ltr' id='par_1_31' title="bbox 2044 628 3106 700">
     <span class='ocr_line' id='line_1_31' title="bbox 2044 628 3106 700; baseline -0.008 -13"><span class='ocrx_word' id='word_1_161' title='bbox 2044 634 2354 688; x_wconf 80' lang='lat' dir='ltr'><strong>Basiliscum</strong></span> <span class='ocrx_word' id='word_1_162' title='bbox 2384 630 2683 687; x_wconf 82' lang='lat' dir='ltr'><strong>maledictis</strong></span> <span class='ocrx_word' id='word_1_163' title='bbox 2714 628 3060 700; x_wconf 85' lang='lat' dir='ltr'><strong>perculerunt</strong></span> <span class='ocrx_word' id='word_1_164' title='bbox 3091 642 3106 692; x_wconf 89' lang='lat'><strong>;</strong></span> 
     </span>
    </p>
   </div>
   <div class='ocr_carea' id='block_1_32' title="bbox 2042 716 3298 797">
    <p class='ocr_par' dir='ltr' id='par_1_32' title="bbox 2042 716 3298 797">
     <span class='ocr_line' id='line_1_32' title="bbox 2042 716 3298 797; baseline -0.01 -15"><span class='ocrx_word' id='word_1_165' title='bbox 2042 729 2515 797; x_wconf 77' lang='lat' dir='ltr'><strong>decreveruntque</strong></span> <span class='ocrx_word' id='word_1_166' title='bbox 2550 735 2794 780; x_wconf 88' lang='lat' dir='ltr'><strong>sanctam</strong></span> <span class='ocrx_word' id='word_1_167' title='bbox 2829 720 2996 775; x_wconf 80' lang='lat' dir='ltr'><strong>fuisse</strong></span> <span class='ocrx_word' id='word_1_168' title='bbox 3031 716 3298 789; x_wconf 80' lang='lat' dir='ltr'><strong>synodum</strong></span> 
     </span>
    </p>
   </div>
   <div class='ocr_carea' id='block_1_33' title="bbox 2044 812 3220 889">
    <p class='ocr_par' dir='ltr' id='par_1_33' title="bbox 2044 812 3220 889">
     <span class='ocr_line' id='line_1_33' title="bbox 2044 812 3220 889; baseline -0.008 -14"><span class='ocrx_word' id='word_1_169' title='bbox 2044 821 2304 875; x_wconf 84' lang='lat' dir='ltr'><strong>divinitus</strong></span> <span class='ocrx_word' id='word_1_170' title='bbox 2332 829 2716 889; x_wconf 70' lang='lat' dir='ltr'><strong>coxigregatam</strong></span> <span class='ocrx_word' id='word_1_171' title='bbox 2749 823 2803 869; x_wconf 90' lang='lat' dir='ltr'><strong>et</strong></span> <span class='ocrx_word' id='word_1_172' title='bbox 2834 812 3220 869; x_wconf 77' lang='lat' dir='ltr'><strong>venerabilem.</strong></span> 
     </span>
    </p>
   </div>
   <div class='ocr_carea' id='block_1_34' title="bbox 2036 907 3019 969">
    <p class='ocr_par' dir='ltr' id='par_1_34' title="bbox 2036 907 3019 969">
     <span class='ocr_line' id='line_1_34' title="bbox 2036 907 3019 969; baseline -0.01 0"><span class='ocrx_word' id='word_1_173' title='bbox 2036 912 2123 969; x_wconf 78' lang='lat' dir='ltr'><strong>Ob</strong></span> <span class='ocrx_word' id='word_1_174' title='bbox 2152 913 2264 968; x_wconf 82' lang='lat' dir='ltr'><strong>haec</strong></span> <span class='ocrx_word' id='word_1_175' title='bbox 2293 914 2468 968; x_wconf 82' lang='lat' dir='ltr'><strong>evasit</strong></span> <span class='ocrx_word' id='word_1_176' title='bbox 2499 910 2793 965; x_wconf 81' lang='lat' dir='ltr'><strong>Basiliscus</strong></span> <span class='ocrx_word' id='word_1_177' title='bbox 2823 907 3019 961; x_wconf 86' lang='lat' dir='ltr'><strong>merito</strong></span> 
     </span>
    </p>
   </div>
   <div class='ocr_carea' id='block_1_35' title="bbox 2045 993 3169 1065">
    <p class='ocr_par' dir='ltr' id='par_1_35' title="bbox 2045 993 3169 1065">
     <span class='ocr_line' id='line_1_35' title="bbox 2045 993 3169 1065; baseline -0.005 -8"><span class='ocrx_word' id='word_1_178' title='bbox 2045 1003 2259 1057; x_wconf 87' lang='lat' dir='ltr'><strong>cunctis</strong></span> <span class='ocrx_word' id='word_1_179' title='bbox 2298 999 2782 1065; x_wconf 72' lang='lat' dir='ltr'><strong>abominantluset</strong></span> <span class='ocrx_word' id='word_1_180' title='bbox 2816 993 3169 1052; x_wconf 80' lang='lat' dir='ltr'><strong>detestabilis.</strong></span> 
     </span>
    </p>
   </div>
   <div class='ocr_carea' id='block_1_36' title="bbox 2036 1090 3119 1152">
    <p class='ocr_par' dir='ltr' id='par_1_36' title="bbox 2036 1090 3119 1152">
     <span class='ocr_line' id='line_1_36' title="bbox 2036 1090 3119 1152; baseline -0.007 0"><span class='ocrx_word' id='word_1_181' title='bbox 2036 1094 2248 1152; x_wconf 83' lang='lat' dir='ltr'><strong>Contra</strong></span> <span class='ocrx_word' id='word_1_182' title='bbox 2283 1094 2554 1150; x_wconf 78' lang='lat' dir='ltr'><strong>Zenonem</strong></span> <span class='ocrx_word' id='word_1_183' title='bbox 2581 1103 2757 1149; x_wconf 89' lang='lat' dir='ltr'><strong>tamen</strong></span> <span class='ocrx_word' id='word_1_184' title='bbox 2789 1092 2837 1149; x_wconf 76' lang='lat' dir='ltr'><strong>is</strong></span> <span class='ocrx_word' id='word_1_185' title='bbox 2864 1090 3119 1147; x_wconf 78' lang='lat' dir='ltr'><strong>celeriter</strong></span> 
     </span>
    </p>
   </div>
   <div class='ocr_carea' id='block_1_37' title="bbox 2046 1182 3131 1256">
    <p class='ocr_par' dir='ltr' id='par_1_37' title="bbox 2046 1182 3131 1256">
     <span class='ocr_line' id='line_1_37' title="bbox 2046 1182 3131 1256; baseline -0.006 -13"><span class='ocrx_word' id='word_1_186' title='bbox 2046 1188 2211 1243; x_wconf 88' lang='lat' dir='ltr'><strong>duces</strong></span> <span class='ocrx_word' id='word_1_187' title='bbox 2234 1202 2362 1243; x_wconf 89' lang='lat' dir='ltr'><strong>cum</strong></span> <span class='ocrx_word' id='word_1_188' title='bbox 2399 1187 2570 1256; x_wconf 85' lang='lat' dir='ltr'><strong>copiis</strong></span> <span class='ocrx_word' id='word_1_189' title='bbox 2601 1184 2746 1240; x_wconf 84' lang='lat' dir='ltr'><strong>misit</strong></span> <span class='ocrx_word' id='word_1_190' title='bbox 2773 1182 3131 1248; x_wconf 86' lang='lat' dir='ltr'><strong>militaribus;</strong></span> 
     </span>
    </p>
   </div>
   <div class='ocr_carea' id='block_1_38' title="bbox 2052 1274 3170 1345">
    <p class='ocr_par' dir='ltr' id='par_1_38' title="bbox 2052 1274 3170 1345">
     <span class='ocr_line' id='line_1_38' title="bbox 2052 1274 3170 1345; baseline -0.005 -11"><span class='ocrx_word' id='word_1_191' title='bbox 2052 1294 2172 1345; x_wconf 64' lang='lat' dir='ltr'><strong>quae</strong></span> <span class='ocrx_word' id='word_1_192' title='bbox 2204 1279 2271 1333; x_wconf 91' lang='lat' dir='ltr'><strong>ad</strong></span> <span class='ocrx_word' id='word_1_193' title='bbox 2300 1279 2580 1333; x_wconf 75' lang='lat' dir='ltr'><strong>Zenonem</strong></span> <span class='ocrx_word' id='word_1_194' title='bbox 2611 1285 2806 1345; x_wconf 82' lang='lat' dir='ltr'><strong>sponte</strong></span> <span class='ocrx_word' id='word_1_195' title='bbox 2835 1274 3170 1340; x_wconf 79' lang='lat' dir='ltr'><strong>deficientes,</strong></span> 
     </span>
    </p>
   </div>
   <div class='ocr_carea' id='block_1_39' title="bbox 2036 1354 3316 1444">
    <p class='ocr_par' dir='ltr' id='par_1_39' title="bbox 2036 1354 3316 1444">
     <span class='ocr_line' id='line_1_39' title="bbox 2036 1354 3316 1444; baseline -0.007 -18"><span class='ocrx_word' id='word_1_196' title='bbox 2036 1374 2339 1444; x_wconf 64' lang='lat' dir='ltr'><strong>iunctoque</strong></span> <span class='ocrx_word' id='word_1_197' title='bbox 2370 1385 2551 1427; x_wconf 91' lang='lat' dir='ltr'><strong>secum</strong></span> <span class='ocrx_word' id='word_1_198' title='bbox 2579 1368 2784 1425; x_wconf 79' lang='lat' dir='ltr'><strong>ftedere</strong></span> <span class='ocrx_word' id='word_1_199' title='bbox 2804 1370 2870 1423; x_wconf 89' lang='lat' dir='ltr'><strong>ad</strong></span> <span class='ocrx_word' id='word_1_200' title='bbox 2897 1367 3087 1422; x_wconf 82' lang='lat' dir='ltr'><strong>urbem</strong></span> <span class='ocrx_word' id='word_1_201' title='bbox 3114 1354 3316 1435; x_wconf 77' lang='lat' dir='ltr'><strong>re’giam</strong></span> 
     </span>
    </p>
   </div>
   <div class='ocr_carea' id='block_1_40' title="bbox 2047 1460 3107 1536">
    <p class='ocr_par' dir='ltr' id='par_1_40' title="bbox 2047 1460 3107 1536">
     <span class='ocr_line' id='line_1_40' title="bbox 2047 1460 3107 1536; baseline -0.003 -16"><span class='ocrx_word' id='word_1_202' title='bbox 2047 1468 2212 1521; x_wconf 76' lang='lat' dir='ltr'><strong>citato</strong></span> <span class='ocrx_word' id='word_1_203' title='bbox 2241 1464 2407 1536; x_wconf 80' lang='lat' dir='ltr'><strong>gradu</strong></span> <span class='ocrx_word' id='word_1_204' title='bbox 2450 1479 2573 1521; x_wconf 90' lang='lat' dir='ltr'><strong>cum</strong></span> <span class='ocrx_word' id='word_1_205' title='bbox 2604 1462 2824 1519; x_wconf 62' lang='lat' dir='ltr'><strong>zenone</strong></span> <span class='ocrx_word' id='word_1_206' title='bbox 2858 1460 3107 1517; x_wconf 88' lang='lat' dir='ltr'><strong>redeunt.</strong></span> 
     </span>
    </p>
   </div>
   <div class='ocr_carea' id='block_1_41' title="bbox 2045 1550 3076 1631">
    <p class='ocr_par' dir='ltr' id='par_1_41' title="bbox 2045 1550 3076 1631">
     <span class='ocr_line' id='line_1_41' title="bbox 2045 1550 3076 1631; baseline -0.007 -16"><span class='ocrx_word' id='word_1_207' title='bbox 2045 1560 2191 1631; x_wconf 81' lang='lat' dir='ltr'><strong>Ergo</strong></span> <span class='ocrx_word' id='word_1_208' title='bbox 2213 1561 2299 1615; x_wconf 87' lang='lat' dir='ltr'><strong>hic</strong></span> <span class='ocrx_word' id='word_1_209' title='bbox 2324 1559 2607 1628; x_wconf 87' lang='lat' dir='ltr'><strong>imperium</strong></span> <span class='ocrx_word' id='word_1_210' title='bbox 2639 1556 2843 1627; x_wconf 76' lang='lat' dir='ltr'><strong>recepit</strong></span> <span class='ocrx_word' id='word_1_211' title='bbox 2875 1550 3076 1622; x_wconf 85' lang='lat' dir='ltr'><strong>denuo,</strong></span> 
     </span>
    </p>
   </div>
   <div class='ocr_carea' id='block_1_42' title="bbox 2050 1647 3105 1722">
    <p class='ocr_par' dir='ltr' id='par_1_42' title="bbox 2050 1647 3105 1722">
     <span class='ocr_line' id='line_1_42' title="bbox 2050 1647 3105 1722; baseline -0.007 -14"><span class='ocrx_word' id='word_1_212' title='bbox 2050 1653 2268 1708; x_wconf 75' lang='lat' dir='ltr'><strong>favente</strong></span> <span class='ocrx_word' id='word_1_213' title='bbox 2294 1653 2474 1722; x_wconf 90' lang='lat' dir='ltr'><strong>populi</strong></span> <span class='ocrx_word' id='word_1_214' title='bbox 2506 1660 2701 1707; x_wconf 89' lang='lat' dir='ltr'><strong>cuncta</strong></span> <span class='ocrx_word' id='word_1_215' title='bbox 2736 1647 3105 1704; x_wconf 83' lang='lat' dir='ltr'><strong>multitudine.</strong></span> 
     </span>
    </p>
   </div>
   <div class='ocr_carea' id='block_1_43' title="bbox 2048 1738 3109 1813">
    <p class='ocr_par' dir='ltr' id='par_1_43' title="bbox 2048 1738 3109 1813">
     <span class='ocr_line' id='line_1_43' title="bbox 2048 1738 3109 1813; baseline -0.005 -16"><span class='ocrx_word' id='word_1_216' title='bbox 2048 1744 2117 1798; x_wconf 81' lang='lat' dir='ltr'><strong>At</strong></span> <span class='ocrx_word' id='word_1_217' title='bbox 2143 1743 2435 1800; x_wconf 80' lang='lat' dir='ltr'><strong>Basiliscus</strong></span> <span class='ocrx_word' id='word_1_218' title='bbox 2469 1741 2695 1813; x_wconf 73' lang='lat' dir='ltr'><strong>supplex</strong></span> <span class='ocrx_word' id='word_1_219' title='bbox 2726 1740 2792 1794; x_wconf 89' lang='lat' dir='ltr'><strong>ad</strong></span> <span class='ocrx_word' id='word_1_220' title='bbox 2820 1738 3109 1795; x_wconf 85' lang='lat' dir='ltr'><strong>ecclesiam</strong></span> 
     </span>
    </p>
   </div>
   <div class='ocr_carea' id='block_1_44' title="bbox 2051 1827 3242 1905">
    <p class='ocr_par' dir='ltr' id='par_1_44' title="bbox 2051 1827 3242 1905">
     <span class='ocr_line' id='line_1_44' title="bbox 2051 1827 3242 1905; baseline -0.008 -16"><span class='ocrx_word' id='word_1_221' title='bbox 2051 1835 2294 1905; x_wconf 79' lang='lat' dir='ltr'><strong>confugit</strong></span> <span class='ocrx_word' id='word_1_222' title='bbox 2329 1848 2448 1888; x_wconf 90' lang='lat' dir='ltr'><strong>cum</strong></span> <span class='ocrx_word' id='word_1_223' title='bbox 2486 1846 2654 1887; x_wconf 85' lang='lat' dir='ltr'><strong>uxore</strong></span> <span class='ocrx_word' id='word_1_224' title='bbox 2675 1831 2906 1899; x_wconf 89' lang='lat' dir='ltr'><strong>aliisque</strong></span> <span class='ocrx_word' id='word_1_225' title='bbox 2936 1827 3242 1884; x_wconf 78' lang='lat' dir='ltr'><strong>affectibus.</strong></span> 
     </span>
    </p>
   </div>
   <div class='ocr_carea' id='block_1_45' title="bbox 1968 1903 2959 1994">
    <p class='ocr_par' dir='ltr' id='par_1_45' title="bbox 1968 1903 2959 1994">
     <span class='ocr_line' id='line_1_45' title="bbox 1968 1903 2959 1994; baseline -0.009 -9"><span class='ocrx_word' id='word_1_226' title='bbox 1968 1903 2015 1959; x_wconf 65' lang='grc' dir='ltr'><strong>Β</strong></span> <span class='ocrx_word' id='word_1_227' title='bbox 2048 1928 2203 1984; x_wconf 87' lang='lat' dir='ltr'><strong>Illinc</strong></span> <span class='ocrx_word' id='word_1_228' title='bbox 2224 1903 2419 1982; x_wconf 80' lang='lat' dir='ltr'><strong>deinde</strong></span> <span class='ocrx_word' id='word_1_229' title='bbox 2444 1925 2569 1979; x_wconf 89' lang='lat' dir='ltr'><strong>data</strong></span> <span class='ocrx_word' id='word_1_230' title='bbox 2591 1923 2820 1994; x_wconf 81' lang='lat' dir='ltr'><strong>jnranda</strong></span> <span class='ocrx_word' id='word_1_231' title='bbox 2855 1922 2959 1977; x_wconf 89' lang='lat' dir='ltr'><strong>lide</strong></span> 
     </span>
    </p>
   </div>
   <div class='ocr_carea' id='block_1_46' title="bbox 2046 2007 3428 2090">
    <p class='ocr_par' dir='ltr' id='par_1_46' title="bbox 2046 2007 3428 2090">
     <span class='ocr_line' id='line_1_46' title="bbox 2046 2007 3428 2090; baseline -0.009 -12"><span class='ocrx_word' id='word_1_232' title='bbox 2046 2020 2274 2086; x_wconf 81' lang='lat' dir='ltr'><strong>excitus,</strong></span> <span class='ocrx_word' id='word_1_233' title='bbox 2309 2007 2656 2090; x_wconf 80' lang='lat' dir='ltr'><strong>claususq&#39;ue,</strong></span> <span class='ocrx_word' id='word_1_234' title='bbox 2685 2028 2831 2073; x_wconf 89' lang='lat' dir='ltr'><strong>turre</strong></span> <span class='ocrx_word' id='word_1_235' title='bbox 2856 2032 2986 2072; x_wconf 85' lang='lat' dir='ltr'><strong>cum</strong></span> <span class='ocrx_word' id='word_1_236' title='bbox 3013 2014 3196 2085; x_wconf 84' lang='lat' dir='ltr'><strong>parvis</strong></span> <span class='ocrx_word' id='word_1_237' title='bbox 3224 2011 3428 2074; x_wconf 86' lang='lat' dir='ltr'><strong>liberis,</strong></span> 
     </span>
    </p>
   </div>
   <div class='ocr_carea' id='block_1_47' title="bbox 2046 2108 2978 2173">
    <p class='ocr_par' dir='ltr' id='par_1_47' title="bbox 2046 2108 2978 2173">
     <span class='ocr_line' id='line_1_47' title="bbox 2046 2108 2978 2173; baseline -0.009 -4"><span class='ocrx_word' id='word_1_238' title='bbox 2046 2113 2244 2169; x_wconf 79' lang='lat' dir='ltr'><strong>ibidem</strong></span> <span class='ocrx_word' id='word_1_239' title='bbox 2272 2111 2422 2167; x_wconf 83' lang='lat' dir='ltr'><strong>fame</strong></span> <span class='ocrx_word' id='word_1_240' title='bbox 2452 2111 2650 2166; x_wconf 87' lang='lat' dir='ltr'><strong>misere</strong></span> <span class='ocrx_word' id='word_1_241' title='bbox 2679 2108 2978 2173; x_wconf 78' lang='lat' dir='ltr'><strong>contabuit,</strong></span> 
     </span>
    </p>
   </div>
   <div class='ocr_carea' id='block_1_48' title="bbox 2047 2202 3187 2276">
    <p class='ocr_par' dir='ltr' id='par_1_48' title="bbox 2047 2202 3187 2276">
     <span class='ocr_line' id='line_1_48' title="bbox 2047 2202 3187 2276; baseline -0.002 -20"><span class='ocrx_word' id='word_1_242' title='bbox 2047 2216 2330 2276; x_wconf 82' lang='lat' dir='ltr'><strong>postquam</strong></span> <span class='ocrx_word' id='word_1_243' title='bbox 2362 2202 2581 2260; x_wconf 82' lang='lat' dir='ltr'><strong>biennio</strong></span> <span class='ocrx_word' id='word_1_244' title='bbox 2613 2218 2835 2275; x_wconf 82' lang='lat' dir='ltr'><strong>regnum</strong></span> <span class='ocrx_word' id='word_1_245' title='bbox 2867 2202 3187 2257; x_wconf 87' lang='lat' dir='ltr'><strong>retinuerat.</strong></span> 
     </span>
    </p>
   </div>
   <div class='ocr_carea' id='block_1_49' title="bbox 2047 2294 3093 2367">
    <p class='ocr_par' dir='ltr' id='par_1_49' title="bbox 2047 2294 3093 2367">
     <span class='ocr_line' id='line_1_49' title="bbox 2047 2294 3093 2367; baseline -0.004 -16"><span class='ocrx_word' id='word_1_246' title='bbox 2047 2297 2237 2351; x_wconf 80' lang='lat' dir='ltr'><strong>Adhuc</strong></span> <span class='ocrx_word' id='word_1_247' title='bbox 2263 2296 2355 2351; x_wconf 90' lang='lat' dir='ltr'><strong>illo</strong></span> <span class='ocrx_word' id='word_1_248' title='bbox 2384 2304 2666 2367; x_wconf 79' lang='lat' dir='ltr'><strong>regnante,</strong></span> <span class='ocrx_word' id='word_1_249' title='bbox 2700 2295 2754 2350; x_wconf 90' lang='lat' dir='ltr'><strong>in</strong></span> <span class='ocrx_word' id='word_1_250' title='bbox 2788 2294 2920 2349; x_wconf 91' lang='lat' dir='ltr'><strong>urbe</strong></span> <span class='ocrx_word' id='word_1_251' title='bbox 2943 2295 3093 2364; x_wconf 78' lang='lat' dir='ltr'><strong>regia</strong></span> 
     </span>
    </p>
   </div>
   <div class='ocr_carea' id='block_1_50' title="bbox 2049 2377 3218 2458">
    <p class='ocr_par' dir='ltr' id='par_1_50' title="bbox 2049 2377 3218 2458">
     <span class='ocr_line' id='line_1_50' title="bbox 2049 2377 3218 2458; baseline -0.004 -15"><span class='ocrx_word' id='word_1_252' title='bbox 2049 2390 2333 2445; x_wconf 70' lang='lat' dir='ltr'><strong>calamitas</strong></span> <span class='ocrx_word' id='word_1_253' title='bbox 2368 2389 2602 2445; x_wconf 85' lang='lat' dir='ltr'><strong>incendii</strong></span> <span class='ocrx_word' id='word_1_254' title='bbox 2638 2377 2906 2444; x_wconf 78' lang='lat' dir='ltr'><strong>horrenda</strong></span> <span class='ocrx_word' id='word_1_255' title='bbox 2938 2387 3167 2458; x_wconf 77' lang='lat' dir='ltr'><strong>contigit</strong></span> <span class='ocrx_word' id='word_1_256' title='bbox 3200 2404 3218 2439; x_wconf 51' lang='grc' dir='ltr'>ηε</span> 
     </span>
    </p>
   </div>
   <div class='ocr_carea' id='block_1_51' title="bbox 2051 2478 3251 2555">
    <p class='ocr_par' dir='ltr' id='par_1_51' title="bbox 2051 2478 3251 2555">
     <span class='ocr_line' id='line_1_51' title="bbox 2051 2478 3251 2555; baseline -0.007 -17"><span class='ocrx_word' id='word_1_257' title='bbox 2051 2498 2283 2555; x_wconf 86' lang='lat' dir='ltr'><strong>namque</strong></span> <span class='ocrx_word' id='word_1_258' title='bbox 2309 2483 2558 2538; x_wconf 69' lang='lat' dir='ltr'><strong>excitatis</strong></span> <span class='ocrx_word' id='word_1_259' title='bbox 2591 2481 2642 2537; x_wconf 90' lang='lat' dir='ltr'><strong>in</strong></span> <span class='ocrx_word' id='word_1_260' title='bbox 2661 2480 2777 2537; x_wconf 88' lang='lat' dir='ltr'><strong>foro</strong></span> <span class='ocrx_word' id='word_1_261' title='bbox 2803 2480 2994 2536; x_wconf 63' lang='lat' dir='ltr'><strong>aerario</strong></span> <span class='ocrx_word' id='word_1_262' title='bbox 3017 2478 3251 2534; x_wconf 77' lang='lat' dir='ltr'><strong>ﬂammis</strong></span> 
     </span>
    </p>
   </div>
   <div class='ocr_carea' id='block_1_52' title="bbox 2052 2572 3165 2648">
    <p class='ocr_par' dir='ltr' id='par_1_52' title="bbox 2052 2572 3165 2648">
     <span class='ocr_line' id='line_1_52' title="bbox 2052 2572 3165 2648; baseline -0.004 -17"><span class='ocrx_word' id='word_1_263' title='bbox 2052 2588 2375 2648; x_wconf 80' lang='lat' dir='ltr'><strong>prepagatus</strong></span> <span class='ocrx_word' id='word_1_264' title='bbox 2402 2576 2543 2646; x_wconf 82' lang='lat' dir='ltr'><strong>ignis</strong></span> <span class='ocrx_word' id='word_1_265' title='bbox 2581 2590 2702 2631; x_wconf 87' lang='lat' dir='ltr'><strong>cum</strong></span> <span class='ocrx_word' id='word_1_266' title='bbox 2735 2574 2837 2629; x_wconf 83' lang='lat' dir='ltr'><strong>alia</strong></span> <span class='ocrx_word' id='word_1_267' title='bbox 2862 2572 3165 2643; x_wconf 84' lang='lat' dir='ltr'><strong>absumpsit</strong></span> 
     </span>
    </p>
   </div>
   <div class='ocr_carea' id='block_1_53' title="bbox 2053 2665 3160 2725">
    <p class='ocr_par' dir='ltr' id='par_1_53' title="bbox 2053 2665 3160 2725">
     <span class='ocr_line' id='line_1_53' title="bbox 2053 2665 3160 2725; baseline -0.005 -2"><span class='ocrx_word' id='word_1_268' title='bbox 2053 2678 2162 2723; x_wconf 88' lang='lat' dir='ltr'><strong>tum</strong></span> <span class='ocrx_word' id='word_1_269' title='bbox 2197 2669 2551 2723; x_wconf 80' lang='lat' dir='ltr'><strong>inflammavit</strong></span> <span class='ocrx_word' id='word_1_270' title='bbox 2578 2666 2739 2725; x_wconf 84' lang='lat' dir='ltr'><strong>etiam</strong></span> <span class='ocrx_word' id='word_1_271' title='bbox 2775 2665 3160 2720; x_wconf 84' lang='lat' dir='ltr'><strong>bibliothecam</strong></span> 
     </span>
    </p>
   </div>
   <div class='ocr_carea' id='block_1_54' title="bbox 2052 2758 3241 2829">
    <p class='ocr_par' dir='ltr' id='par_1_54' title="bbox 2052 2758 3241 2829">
     <span class='ocr_line' id='line_1_54' title="bbox 2052 2758 3241 2829; baseline -0.003 -15"><span class='ocrx_word' id='word_1_272' title='bbox 2052 2760 2275 2815; x_wconf 83' lang='lat' dir='ltr'><strong>divitem</strong></span> <span class='ocrx_word' id='word_1_273' title='bbox 2318 2759 2478 2815; x_wconf 86' lang='lat' dir='ltr'><strong>tomis</strong></span> <span class='ocrx_word' id='word_1_274' title='bbox 2507 2768 2723 2815; x_wconf 84' lang='lat' dir='ltr'><strong>centum</strong></span> <span class='ocrx_word' id='word_1_275' title='bbox 2755 2758 2945 2829; x_wconf 79' lang='lat' dir='ltr'><strong>viginti</strong></span> <span class='ocrx_word' id='word_1_276' title='bbox 2976 2758 3241 2813; x_wconf 86' lang='lat' dir='ltr'><strong>millibus.</strong></span> 
     </span>
    </p>
   </div>
   <div class='ocr_carea' id='block_1_55' title="bbox 2053 2851 3249 2922">
    <p class='ocr_par' dir='ltr' id='par_1_55' title="bbox 2053 2851 3249 2922">
     <span class='ocr_line' id='line_1_55' title="bbox 2053 2851 3249 2922; baseline -0.005 -15"><span class='ocrx_word' id='word_1_277' title='bbox 2053 2855 2108 2907; x_wconf 92' lang='lat' dir='ltr'><strong>In</strong></span> <span class='ocrx_word' id='word_1_278' title='bbox 2146 2853 2227 2907; x_wconf 90' lang='lat' dir='ltr'><strong>bis</strong></span> <span class='ocrx_word' id='word_1_279' title='bbox 2250 2862 2301 2908; x_wconf 92' lang='lat' dir='ltr'><strong>et</strong></span> <span class='ocrx_word' id='word_1_280' title='bbox 2327 2852 2575 2907; x_wconf 89' lang='lat' dir='ltr'><strong>draconis</strong></span> <span class='ocrx_word' id='word_1_281' title='bbox 2601 2866 2813 2922; x_wconf 86' lang='lat' dir='ltr'><strong>quoque</strong></span> <span class='ocrx_word' id='word_1_282' title='bbox 2842 2851 3011 2907; x_wconf 81' lang='lat' dir='ltr'><strong>fuisse</strong></span> <span class='ocrx_word' id='word_1_283' title='bbox 3044 2851 3249 2904; x_wconf 87' lang='lat' dir='ltr'><strong>dicitur</strong></span> 
     </span>
    </p>
   </div>
   <div class='ocr_carea' id='block_1_56' title="bbox 2052 2943 3331 3016">
    <p class='ocr_par' dir='ltr' id='par_1_56' title="bbox 2052 2943 3331 3016">
     <span class='ocr_line' id='line_1_56' title="bbox 2052 2943 3331 3016; baseline -0.006 -14"><span class='ocrx_word' id='word_1_284' title='bbox 2052 2947 2258 3002; x_wconf 88' lang='lat' dir='ltr'><strong>corium</strong></span> <span class='ocrx_word' id='word_1_285' title='bbox 2290 2945 2645 3016; x_wconf 71' lang='lat' dir='ltr'><strong>przelongnm,</strong></span> <span class='ocrx_word' id='word_1_286' title='bbox 2673 2954 2892 3000; x_wconf 80' lang='lat' dir='ltr'><strong>centum</strong></span> <span class='ocrx_word' id='word_1_287' title='bbox 2922 2943 3113 3014; x_wconf 80' lang='lat' dir='ltr'><strong>viginti</strong></span> <span class='ocrx_word' id='word_1_288' title='bbox 3138 2954 3331 3012; x_wconf 82' lang='lat' dir='ltr'><strong>patens</strong></span> 
     </span>
    </p>
   </div>
   <div class='ocr_carea' id='block_1_57' title="bbox 2050 3024 3290 3109">
    <p class='ocr_par' dir='ltr' id='par_1_57' title="bbox 2050 3024 3290 3109">
     <span class='ocr_line' id='line_1_57' title="bbox 2050 3024 3290 3109; baseline -0.003 -16"><span class='ocrx_word' id='word_1_289' title='bbox 2050 3024 2237 3109; x_wconf 68' lang='lat' dir='ltr'><strong>pedes.</strong></span> <span class='ocrx_word' id='word_1_290' title='bbox 2271 3040 2491 3107; x_wconf 89' lang='lat' dir='ltr'><strong>mirum,</strong></span> <span class='ocrx_word' id='word_1_291' title='bbox 2530 3037 2829 3101; x_wconf 81' lang='lat' dir='ltr'><strong>insolitum,</strong></span> <span class='ocrx_word' id='word_1_292' title='bbox 2860 3038 2911 3092; x_wconf 89' lang='lat' dir='ltr'><strong>in</strong></span> <span class='ocrx_word' id='word_1_293' title='bbox 2944 3052 3051 3106; x_wconf 86' lang='lat' dir='ltr'><strong>quo</strong></span> <span class='ocrx_word' id='word_1_294' title='bbox 3073 3036 3290 3105; x_wconf 76' lang='lat' dir='ltr'><strong>scripta:</strong></span> 
     </span>
    </p>
   </div>
   <div class='ocr_carea' id='block_1_58' title="bbox 584 3129 2191 3206">
    <p class='ocr_par' dir='ltr' id='par_1_58' title="bbox 584 3129 2191 3206">
     <span class='ocr_line' id='line_1_58' title="bbox 584 3129 2191 3206; baseline -0.003 -17"><span class='ocrx_word' id='word_1_295' title='bbox 584 3133 719 3189; x_wconf 81' lang='grc' dir='ltr'>Καθ’</span> <span class='ocrx_word' id='word_1_296' title='bbox 748 3129 809 3188; x_wconf 73' lang='grc' dir='ltr'><strong>οὗ</strong></span> <span class='ocrx_word' id='word_1_297' title='bbox 833 3137 1054 3205; x_wconf 81' lang='grc' dir='ltr'>χρυσοῖς</span> <span class='ocrx_word' id='word_1_298' title='bbox 1100 3135 1431 3205; x_wconf 84' lang='grc' dir='ltr'>γράμμασιν</span> <span class='ocrx_word' id='word_1_299' title='bbox 1498 3136 1950 3206; x_wconf 77' lang='grc' dir='ltr'>ἐγγεγραμμέναι</span> <span class='ocrx_word' id='word_1_300' title='bbox 2046 3132 2191 3186; x_wconf 67' lang='lat' dir='ltr'><strong>&quot;form</strong></span> 
     </span>
    </p>
   </div>
   <div class='ocr_carea' id='block_1_59' title="bbox 1527 3129 3134 3206">
    <p class='ocr_par' dir='ltr' id='par_1_59' title="bbox 1527 3129 3134 3206">
     <span class='ocr_line' id='line_1_59' title="bbox 1527 3129 3134 3206; baseline -0.002 -19"><span class='ocrx_word' id='word_1_301' title='bbox 1527 3136 1950 3206; x_wconf 82' lang='grc' dir='ltr'>γγεγραμμέναι</span> <span class='ocrx_word' id='word_1_302' title='bbox 2046 3132 2244 3186; x_wconf 80' lang='lat' dir='ltr'><strong>formis</strong></span> <span class='ocrx_word' id='word_1_303' title='bbox 2276 3132 2576 3187; x_wconf 88' lang='lat' dir='ltr'><strong>litterarum</strong></span> <span class='ocrx_word' id='word_1_304' title='bbox 2617 3146 2749 3186; x_wconf 87' lang='lat' dir='ltr'><strong>auro</strong></span> <span class='ocrx_word' id='word_1_305' title='bbox 2784 3129 3134 3185; x_wconf 85' lang='lat' dir='ltr'><strong>rutilantibus</strong></span> 
     </span>
    </p>
   </div>
   <div class='ocr_carea' id='block_1_60' title="bbox 585 3216 1710 3298">
    <p class='ocr_par' dir='ltr' id='par_1_60' title="bbox 585 3216 1710 3298">
     <span class='ocr_line' id='line_1_60' title="bbox 585 3216 1710 3298; baseline -0.001 -18"><span class='ocrx_word' id='word_1_306' title='bbox 585 3224 770 3281; x_wconf 76' lang='grc' dir='ltr'>ἸΙσαν</span> <span class='ocrx_word' id='word_1_307' title='bbox 814 3216 1065 3296; x_wconf 67' lang='grc' dir='ltr'>Ὀμήρου</span> <span class='ocrx_word' id='word_1_308' title='bbox 1095 3227 1192 3280; x_wconf 84' lang='grc' dir='ltr'>τοῦ</span> <span class='ocrx_word' id='word_1_309' title='bbox 1234 3226 1402 3294; x_wconf 78' lang='grc' dir='ltr'>σοφοῦ</span> <span class='ocrx_word' id='word_1_310' title='bbox 1439 3228 1710 3298; x_wconf 66' lang='grc' dir='ltr'>ραψῳδίαι</span> 
     </span>
    </p>
   </div>
   <div class='ocr_carea' id='block_1_61' title="bbox 600 3318 1727 3390">
    <p class='ocr_par' dir='ltr' id='par_1_61' title="bbox 600 3318 1727 3390">
     <span class='ocr_line' id='line_1_61' title="bbox 600 3318 1727 3390; baseline 0.001 -17"><span class='ocrx_word' id='word_1_311' title='bbox 600 3319 795 3383; x_wconf 84' lang='grc' dir='ltr'>Ἰλιὰς,</span> <span class='ocrx_word' id='word_1_312' title='bbox 841 3318 1163 3373; x_wconf 81' lang='grc' dir='ltr'>Ὀδύσσεια·</span> <span class='ocrx_word' id='word_1_313' title='bbox 1213 3318 1317 3387; x_wconf 82' lang='grc' dir='ltr'>φεῦ</span> <span class='ocrx_word' id='word_1_314' title='bbox 1342 3320 1439 3389; x_wconf 84' lang='grc' dir='ltr'>τῆς</span> <span class='ocrx_word' id='word_1_315' title='bbox 1488 3319 1687 3390; x_wconf 74' lang='grc' dir='ltr'>ζημίας</span> <span class='ocrx_word' id='word_1_316' title='bbox 1706 3321 1727 3374; x_wconf 77' lang='grc' dir='ltr'><strong>’ἰ</strong></span> 
     </span>
    </p>
   </div>
   <div class='ocr_carea' id='block_1_62' title="bbox 402 3410 1606 3481">
    <p class='ocr_par' dir='ltr' id='par_1_62' title="bbox 402 3410 1606 3481">
     <span class='ocr_line' id='line_1_62' title="bbox 402 3410 1606 3481; baseline -0.002 -14"><span class='ocrx_word' id='word_1_317' title='bbox 402 3413 548 3468; x_wconf 72' lang='grc'><strong>1015</strong></span> <span class='ocrx_word' id='word_1_318' title='bbox 593 3410 908 3466; x_wconf 78' lang='grc' dir='ltr'>’Δναλαϐὼν</span> <span class='ocrx_word' id='word_1_319' title='bbox 933 3410 989 3463; x_wconf 84' lang='grc' dir='ltr'><strong>δέ</strong></span> <span class='ocrx_word' id='word_1_320' title='bbox 1022 3413 1212 3481; x_wconf 84' lang='grc' dir='ltr'>Ζήνων</span> <span class='ocrx_word' id='word_1_321' title='bbox 1239 3412 1606 3481; x_wconf 85' lang='grc' dir='ltr'>κραταρχίαν,</span> 
     </span>
    </p>
   </div>
   <div class='ocr_carea' id='block_1_63' title="bbox 592 3499 1649 3574">
    <p class='ocr_par' dir='ltr' id='par_1_63' title="bbox 592 3499 1649 3574">
     <span class='ocr_line' id='line_1_63' title="bbox 592 3499 1649 3574; baseline -0.004 -17"><span class='ocrx_word' id='word_1_322' title='bbox 592 3503 892 3574; x_wconf 83' lang='grc' dir='ltr'>Ἀρμάτιον</span> <span class='ocrx_word' id='word_1_323' title='bbox 933 3502 1033 3572; x_wconf 87' lang='grc' dir='ltr'><strong>μὲν</strong></span> <span class='ocrx_word' id='word_1_324' title='bbox 1067 3499 1204 3571; x_wconf 81' lang='grc' dir='ltr'>τῷδε</span> <span class='ocrx_word' id='word_1_325' title='bbox 1258 3500 1649 3570; x_wconf 79' lang='grc' dir='ltr'>συνηργηκότα</span> 
     </span>
    </p>
   </div>
   <div class='ocr_carea' id='block_1_64' title="bbox 585 3592 1809 3665">
    <p class='ocr_par' dir='ltr' id='par_1_64' title="bbox 585 3592 1809 3665">
     <span class='ocr_line' id='line_1_64' title="bbox 585 3592 1809 3665; baseline -0.002 -18"><span class='ocrx_word' id='word_1_326' title='bbox 585 3594 958 3665; x_wconf 81' lang='grc' dir='ltr'>Προὸάλλεται</span> <span class='ocrx_word' id='word_1_327' title='bbox 990 3592 1053 3663; x_wconf 83' lang='grc' dir='ltr'>δὴ</span> <span class='ocrx_word' id='word_1_328' title='bbox 1076 3592 1376 3662; x_wconf 78' lang='grc' dir='ltr'>ταγμάτων</span> <span class='ocrx_word' id='word_1_329' title='bbox 1409 3592 1809 3664; x_wconf 83' lang='grc' dir='ltr'>στρατηγέτην,</span> 
     </span>
    </p>
   </div>
   <div class='ocr_carea' id='block_1_65' title="bbox 589 3682 1762 3758">
    <p class='ocr_par' dir='ltr' id='par_1_65' title="bbox 589 3682 1762 3758">
     <span class='ocr_line' id='line_1_65' title="bbox 589 3682 1762 3758; baseline -0.003 -16"><span class='ocrx_word' id='word_1_330' title='bbox 589 3682 719 3743; x_wconf 76' lang='grc' dir='ltr'><strong>Ῡὶδν</strong></span> <span class='ocrx_word' id='word_1_331' title='bbox 745 3688 792 3743; x_wconf 84' lang='grc' dir='ltr'>δ’</span> <span class='ocrx_word' id='word_1_332' title='bbox 820 3687 1031 3742; x_wconf 83' lang='grc' dir='ltr'>ἐκείνου</span> <span class='ocrx_word' id='word_1_333' title='bbox 1060 3688 1324 3758; x_wconf 83' lang='grc' dir='ltr'>Καίσαρα</span> <span class='ocrx_word' id='word_1_334' title='bbox 1356 3686 1517 3740; x_wconf 79' lang='grc' dir='ltr'>πάλιν</span> <span class='ocrx_word' id='word_1_335' title='bbox 1542 3686 1762 3756; x_wconf 62' lang='grc' dir='ltr'>στέψεν</span> 
     </span>
    </p>
   </div>
   <div class='ocr_carea' id='block_1_66' title="bbox 590 3777 1630 3850">
    <p class='ocr_par' dir='ltr' id='par_1_66' title="bbox 590 3777 1630 3850">
     <span class='ocr_line' id='line_1_66' title="bbox 590 3777 1630 3850; baseline -0.005 -16"><span class='ocrx_word' id='word_1_336' title='bbox 590 3778 720 3834; x_wconf 68' lang='grc' dir='ltr'>Εἶτα</span> <span class='ocrx_word' id='word_1_337' title='bbox 750 3781 844 3834; x_wconf 81' lang='grc' dir='ltr'>τὸν</span> <span class='ocrx_word' id='word_1_338' title='bbox 885 3779 1178 3850; x_wconf 83' lang='grc' dir='ltr'>Ἀρμάτιον</span> <span class='ocrx_word' id='word_1_339' title='bbox 1206 3777 1413 3831; x_wconf 80' lang='grc' dir='ltr'>ἔκτεινε</span> <span class='ocrx_word' id='word_1_340' title='bbox 1446 3777 1630 3848; x_wconf 83' lang='grc' dir='ltr'>ξίφει·</span> 
     </span>
    </p>
   </div>
   <div class='ocr_carea' id='block_1_67' title="bbox 408 3868 1766 3941">
    <p class='ocr_par' dir='ltr' id='par_1_67' title="bbox 408 3868 1766 3941">
     <span class='ocr_line' id='line_1_67' title="bbox 408 3868 1766 3941; baseline -0.005 -13"><span class='ocrx_word' id='word_1_341' title='bbox 408 3872 551 3928; x_wconf 68' lang='grc'>1020</span> <span class='ocrx_word' id='word_1_342' title='bbox 590 3871 761 3925; x_wconf 84' lang='grc' dir='ltr'>Παῖδα</span> <span class='ocrx_word' id='word_1_343' title='bbox 789 3870 847 3923; x_wconf 80' lang='grc' dir='ltr'>δὲ</span> <span class='ocrx_word' id='word_1_344' title='bbox 875 3870 966 3923; x_wconf 82' lang='grc' dir='ltr'><strong>τὸν</strong></span> <span class='ocrx_word' id='word_1_345' title='bbox 987 3869 1239 3940; x_wconf 86' lang='grc' dir='ltr'>Καίσαρα</span> <span class='ocrx_word' id='word_1_346' title='bbox 1269 3869 1532 3941; x_wconf 79' lang='grc' dir='ltr'>κληρικδν</span> <span class='ocrx_word' id='word_1_347' title='bbox 1561 3868 1766 3940; x_wconf 78' lang='grc' dir='ltr'>δράσας</span> 
     </span>
    </p>
   </div>
   <div class='ocr_carea' id='block_1_68' title="bbox 588 3960 1604 4033">
    <p class='ocr_par' dir='ltr' id='par_1_68' title="bbox 588 3960 1604 4033">
     <span class='ocr_line' id='line_1_68' title="bbox 588 3960 1604 4033; baseline -0.003 -16"><span class='ocrx_word' id='word_1_348' title='bbox 588 3963 910 4033; x_wconf 82' lang='grc' dir='ltr'>Περιπολεῖν</span> <span class='ocrx_word' id='word_1_349' title='bbox 942 3962 1122 4015; x_wconf 81' lang='grc' dir='ltr'>εἴασεν</span> <span class='ocrx_word' id='word_1_350' title='bbox 1153 3960 1297 4015; x_wconf 75' lang='grc' dir='ltr'>οὕτω</span> <span class='ocrx_word' id='word_1_351' title='bbox 1326 3963 1417 4014; x_wconf 80' lang='grc' dir='ltr'>τὸν</span> <span class='ocrx_word' id='word_1_352' title='bbox 1444 3960 1560 4031; x_wconf 87' lang='grc' dir='ltr'>βίον</span> <span class='ocrx_word' id='word_1_353' title='bbox 1590 3976 1604 3991; x_wconf 81' lang='lat'><strong><em>°</em></strong></span> 
     </span>
    </p>
   </div>
   <div class='ocr_carea' id='block_1_69' title="bbox 599 4051 1806 4124">
    <p class='ocr_par' dir='ltr' id='par_1_69' title="bbox 599 4051 1806 4124">
     <span class='ocr_line' id='line_1_69' title="bbox 599 4051 1806 4124; baseline 0.002 -19"><span class='ocrx_word' id='word_1_354' title='bbox 599 4054 689 4116; x_wconf 83' lang='grc' dir='ltr'><strong>Ὠς</strong></span> <span class='ocrx_word' id='word_1_355' title='bbox 713 4053 899 4106; x_wconf 84' lang='grc' dir='ltr'>πίστιν</span> <span class='ocrx_word' id='word_1_356' title='bbox 929 4052 1096 4124; x_wconf 80' lang='grc' dir='ltr'>ὀρθὴν</span> <span class='ocrx_word' id='word_1_357' title='bbox 1126 4053 1229 4105; x_wconf 80' lang='grc' dir='ltr'><strong>ούκ</strong></span> <span class='ocrx_word' id='word_1_358' title='bbox 1263 4051 1538 4121; x_wconf 78' lang='grc' dir='ltr'>ἐφύλαξαν</span> <span class='ocrx_word' id='word_1_359' title='bbox 1569 4051 1806 4123; x_wconf 75' lang='grc' dir='ltr'>φράσας,</span> 
     </span>
    </p>
   </div>
   <div class='ocr_carea' id='block_1_70' title="bbox 586 4134 1704 4215">
    <p class='ocr_par' dir='ltr' id='par_1_70' title="bbox 586 4134 1704 4215">
     <span class='ocr_line' id='line_1_70' title="bbox 586 4134 1704 4215; baseline 0 -18"><span class='ocrx_word' id='word_1_360' title='bbox 586 4139 751 4198; x_wconf 74' lang='grc' dir='ltr'>Οὗτοι</span> <span class='ocrx_word' id='word_1_361' title='bbox 782 4134 1237 4215; x_wconf 54' lang='grc' dir='ltr'>κραταρχιήσαντι</span> <span class='ocrx_word' id='word_1_362' title='bbox 1268 4144 1346 4213; x_wconf 85' lang='grc' dir='ltr'>τῷ</span> <span class='ocrx_word' id='word_1_363' title='bbox 1372 4144 1704 4214; x_wconf 79' lang='grc' dir='ltr'>Βασιλίσκῳ,</span> 
     </span>
    </p>
   </div>
   <div class='ocr_carea' id='block_1_71' title="bbox 587 4233 1793 4307">
    <p class='ocr_par' dir='ltr' id='par_1_71' title="bbox 587 4233 1793 4307">
     <span class='ocr_line' id='line_1_71' title="bbox 587 4233 1793 4307; baseline 0.001 -17"><span class='ocrx_word' id='word_1_364' title='bbox 587 4237 713 4290; x_wconf 77' lang='grc' dir='ltr'><strong>Οὖτ⁹</strong></span> <span class='ocrx_word' id='word_1_365' title='bbox 743 4233 810 4291; x_wconf 82' lang='grc' dir='ltr'>αὖ</span> <span class='ocrx_word' id='word_1_366' title='bbox 844 4237 968 4306; x_wconf 54' lang='grc' dir='ltr'><strong>ἐμοὶ⁸</strong></span> <span class='ocrx_word' id='word_1_367' title='bbox 992 4236 1200 4307; x_wconf 85' lang='grc' dir='ltr'>ταύτην</span> <span class='ocrx_word' id='word_1_368' title='bbox 1226 4252 1289 4304; x_wconf 83' lang='grc' dir='ltr'><strong>γε</strong></span> <span class='ocrx_word' id='word_1_369' title='bbox 1318 4236 1611 4305; x_wconf 80' lang='grc' dir='ltr'>φυλάξουσ’</span> <span class='ocrx_word' id='word_1_370' title='bbox 1640 4238 1793 4301; x_wconf 81' lang='grc' dir='ltr'>ἴσως.</span> 
     </span>
    </p>
   </div>
   <div class='ocr_carea' id='block_1_72' title="bbox 414 4327 1959 4400">
    <p class='ocr_par' dir='ltr' id='par_1_72' title="bbox 414 4327 1959 4400">
     <span class='ocr_line' id='line_1_72' title="bbox 414 4327 1959 4400; baseline -0.003 -15"><span class='ocrx_word' id='word_1_371' title='bbox 414 4330 556 4387; x_wconf 69' lang='grc'><strong>1025</strong></span> <span class='ocrx_word' id='word_1_372' title='bbox 599 4330 743 4400; x_wconf 82' lang='grc' dir='ltr'>Πρὸς</span> <span class='ocrx_word' id='word_1_373' title='bbox 798 4327 976 4383; x_wconf 84' lang='grc' dir='ltr'>τοῖσδε</span> <span class='ocrx_word' id='word_1_374' title='bbox 1036 4329 1268 4393; x_wconf 79' lang='grc' dir='ltr'>πολλοὺς</span> <span class='ocrx_word' id='word_1_375' title='bbox 1314 4329 1647 4400; x_wconf 77' lang='grc' dir='ltr'>παρέπεμψε</span> <span class='ocrx_word' id='word_1_376' title='bbox 1719 4329 1959 4400; x_wconf 81' lang='grc' dir='ltr'>θανάτῳ,</span> 
     </span>
    </p>
   </div>
   <div class='ocr_carea' id='block_1_73' title="bbox 596 4421 1760 4494">
    <p class='ocr_par' dir='ltr' id='par_1_73' title="bbox 596 4421 1760 4494">
     <span class='ocr_line' id='line_1_73' title="bbox 596 4421 1760 4494; baseline 0.003 -20"><span class='ocrx_word' id='word_1_377' title='bbox 596 4423 826 4486; x_wconf 71' lang='grc' dir='ltr'>Ἄλλους</span> <span class='ocrx_word' id='word_1_378' title='bbox 855 4421 899 4476; x_wconf 88' lang='grc' dir='ltr'>δ’</span> <span class='ocrx_word' id='word_1_379' title='bbox 937 4422 1142 4476; x_wconf 79' lang='grc' dir='ltr'>ἐκάκου</span> <span class='ocrx_word' id='word_1_380' title='bbox 1186 4424 1523 4494; x_wconf 85' lang='grc' dir='ltr'>κατέτρυχεν</span> <span class='ocrx_word' id='word_1_381' title='bbox 1550 4423 1760 4487; x_wconf 76' lang='grc' dir='ltr'>αἰκίαις</span> 
     </span>
    </p>
   </div>
   <div class='ocr_carea' id='block_1_74' title="bbox 593 4515 1773 4587">
    <p class='ocr_par' dir='ltr' id='par_1_74' title="bbox 593 4515 1773 4587">
     <span class='ocr_line' id='line_1_74' title="bbox 593 4515 1773 4587; baseline 0 -19"><span class='ocrx_word' id='word_1_382' title='bbox 593 4516 717 4568; x_wconf 84' lang='grc' dir='ltr'><strong>Τῶν</strong></span> <span class='ocrx_word' id='word_1_383' title='bbox 740 4516 982 4568; x_wconf 75' lang='grc' dir='ltr'>εὐκλεῶν</span> <span class='ocrx_word' id='word_1_384' title='bbox 1016 4532 1076 4568; x_wconf 90' lang='grc' dir='ltr'><strong>τε</strong></span> <span class='ocrx_word' id='word_1_385' title='bbox 1129 4515 1222 4568; x_wconf 73' lang='grc' dir='ltr'>καὶ</span> <span class='ocrx_word' id='word_1_386' title='bbox 1252 4518 1773 4587; x_wconf 85' lang='grc' dir='ltr'>περιφανεστέρων·</span> 
     </span>
    </p>
   </div>
   <div class='ocr_carea' id='block_1_75' title="bbox 1975 3223 3153 3305">
    <p class='ocr_par' dir='ltr' id='par_1_75' title="bbox 1975 3223 3153 3305">
     <span class='ocr_line' id='line_1_75' title="bbox 1975 3223 3153 3305; baseline -0.002 -25"><span class='ocrx_word' id='word_1_387' title='bbox 1975 3248 2022 3305; x_wconf 68' lang='grc' dir='ltr'><strong><em>ε</em></strong></span> <span class='ocrx_word' id='word_1_388' title='bbox 2058 3225 2272 3281; x_wconf 86' lang='lat' dir='ltr'><strong>llomeri</strong></span> <span class='ocrx_word' id='word_1_389' title='bbox 2298 3226 2558 3296; x_wconf 83' lang='lat' dir='ltr'><strong>sapientis</strong></span> <span class='ocrx_word' id='word_1_390' title='bbox 2591 3223 2806 3279; x_wconf 81' lang='lat' dir='ltr'><strong>fuerant</strong></span> <span class='ocrx_word' id='word_1_391' title='bbox 2846 3223 3153 3294; x_wconf 68' lang='lat' dir='ltr'><strong>rhapsodia:</strong></span> 
     </span>
    </p>
   </div>
   <div class='ocr_carea' id='block_1_76' title="bbox 2060 3317 3117 3388">
    <p class='ocr_par' dir='ltr' id='par_1_76' title="bbox 2060 3317 3117 3388">
     <span class='ocr_line' id='line_1_76' title="bbox 2060 3317 3117 3388; baseline -0.003 -15"><span class='ocrx_word' id='word_1_392' title='bbox 2060 3319 2183 3373; x_wconf 85' lang='lat' dir='ltr'><strong>Ilias</strong></span> <span class='ocrx_word' id='word_1_393' title='bbox 2208 3329 2263 3373; x_wconf 90' lang='lat' dir='ltr'><strong>et</strong></span> <span class='ocrx_word' id='word_1_394' title='bbox 2293 3317 2529 3388; x_wconf 85' lang='lat' dir='ltr'><strong>Odyssea</strong></span> <span class='ocrx_word' id='word_1_395' title='bbox 2560 3318 2719 3388; x_wconf 75' lang='lat' dir='ltr'><strong>(proli</strong></span> <span class='ocrx_word' id='word_1_396' title='bbox 2748 3318 3051 3388; x_wconf 83' lang='lat' dir='ltr'><strong>pernicies!</strong></span> <span class='ocrx_word' id='word_1_397' title='bbox 3074 3319 3117 3387; x_wconf 94' lang='lat'><strong>).</strong></span> 
     </span>
    </p>
   </div>
   <div class='ocr_carea' id='block_1_77' title="bbox 2058 3409 2920 3481">
    <p class='ocr_par' dir='ltr' id='par_1_77' title="bbox 2058 3409 2920 3481">
     <span class='ocr_line' id='line_1_77' title="bbox 2058 3409 2920 3481; baseline 0.002 -17"><span class='ocrx_word' id='word_1_398' title='bbox 2058 3412 2295 3481; x_wconf 75' lang='lat' dir='ltr'><strong>Recepto</strong></span> <span class='ocrx_word' id='word_1_399' title='bbox 2323 3412 2487 3480; x_wconf 80' lang='lat' dir='ltr'><strong>igitur</strong></span> <span class='ocrx_word' id='word_1_400' title='bbox 2504 3409 2654 3466; x_wconf 81' lang='lat' dir='ltr'><strong>Zeno</strong></span> <span class='ocrx_word' id='word_1_401' title='bbox 2688 3410 2920 3481; x_wconf 89' lang='lat' dir='ltr'><strong>imperio</strong></span> 
     </span>
    </p>
   </div>
   <div class='ocr_carea' id='block_1_78' title="bbox 2052 3502 3199 3575">
    <p class='ocr_par' dir='ltr' id='par_1_78' title="bbox 2052 3502 3199 3575">
     <span class='ocr_line' id='line_1_78' title="bbox 2052 3502 3199 3575; baseline -0.003 -15"><span class='ocrx_word' id='word_1_402' title='bbox 2052 3505 2393 3560; x_wconf 76' lang='lat' dir='ltr'><strong>ﬂat-matiam</strong></span> <span class='ocrx_word' id='word_1_403' title='bbox 2426 3504 2517 3575; x_wconf 90' lang='lat' dir='ltr'><strong>qui</strong></span> <span class='ocrx_word' id='word_1_404' title='bbox 2545 3505 2647 3561; x_wconf 90' lang='lat' dir='ltr'><strong>sibi</strong></span> <span class='ocrx_word' id='word_1_405' title='bbox 2684 3505 2961 3574; x_wconf 84' lang='lat' dir='ltr'><strong>suppetias</strong></span> <span class='ocrx_word' id='word_1_406' title='bbox 2999 3502 3199 3557; x_wconf 88' lang='lat' dir='ltr'><strong>tulerat</strong></span> 
     </span>
    </p>
   </div>
   <div class='ocr_carea' id='block_1_79' title="bbox 2058 3595 3099 3666">
    <p class='ocr_par' dir='ltr' id='par_1_79' title="bbox 2058 3595 3099 3666">
     <span class='ocr_line' id='line_1_79' title="bbox 2058 3595 3099 3666; baseline -0.001 -16"><span class='ocrx_word' id='word_1_407' title='bbox 2058 3597 2395 3651; x_wconf 83' lang='lat' dir='ltr'><strong>militaribus</strong></span> <span class='ocrx_word' id='word_1_408' title='bbox 2424 3597 2595 3666; x_wconf 86' lang='lat' dir='ltr'><strong>c0piis</strong></span> <span class='ocrx_word' id='word_1_409' title='bbox 2627 3596 2816 3650; x_wconf 87' lang='lat' dir='ltr'><strong>ducem</strong></span> <span class='ocrx_word' id='word_1_410' title='bbox 2850 3595 3099 3662; x_wconf 72' lang='lat' dir='ltr'><strong>prmﬁcit,</strong></span> 
     </span>
    </p>
   </div>
   <div class='ocr_carea' id='block_1_80' title="bbox 2051 3678 3244 3758">
    <p class='ocr_par' dir='ltr' id='par_1_80' title="bbox 2051 3678 3244 3758">
     <span class='ocr_line' id='line_1_80' title="bbox 2051 3678 3244 3758; baseline -0.003 -16"><span class='ocrx_word' id='word_1_411' title='bbox 2051 3700 2420 3758; x_wconf 67' lang='lat' dir='ltr'><strong>{metereaque</strong></span> <span class='ocrx_word' id='word_1_412' title='bbox 2436 3678 2749 3755; x_wconf 71' lang='lat' dir='ltr'><strong>lilium/ejus</strong></span> <span class='ocrx_word' id='word_1_413' title='bbox 2772 3696 2920 3742; x_wconf 88' lang='lat' dir='ltr'><strong>creat</strong></span> <span class='ocrx_word' id='word_1_414' title='bbox 2956 3686 3244 3741; x_wconf 68' lang='lat' dir='ltr'><strong>Caesarem.</strong></span> 
     </span>
    </p>
   </div>
   <div class='ocr_carea' id='block_1_81' title="bbox 2056 3781 3406 3852">
    <p class='ocr_par' dir='ltr' id='par_1_81' title="bbox 2056 3781 3406 3852">
     <span class='ocr_line' id='line_1_81' title="bbox 2056 3781 3406 3852; baseline -0.007 -15"><span class='ocrx_word' id='word_1_415' title='bbox 2056 3782 2261 3837; x_wconf 81' lang='lat' dir='ltr'><strong>Deinde</strong></span> <span class='ocrx_word' id='word_1_416' title='bbox 2294 3782 2627 3837; x_wconf 84' lang='lat' dir='ltr'><strong>llarmatinm</strong></span> <span class='ocrx_word' id='word_1_417' title='bbox 2658 3781 2839 3852; x_wconf 81' lang='lat' dir='ltr'><strong>gladio</strong></span> <span class='ocrx_word' id='word_1_418' title='bbox 2869 3794 3189 3849; x_wconf 89' lang='lat' dir='ltr'><strong>percussum</strong></span> <span class='ocrx_word' id='word_1_419' title='bbox 3224 3785 3406 3836; x_wconf 86' lang='lat' dir='ltr'><strong>necat.</strong></span> 
     </span>
    </p>
   </div>
   <div class='ocr_carea' id='block_1_82' title="bbox 2052 3871 3263 3943">
    <p class='ocr_par' dir='ltr' id='par_1_82' title="bbox 2052 3871 3263 3943">
     <span class='ocr_line' id='line_1_82' title="bbox 2052 3871 3263 3943; baseline -0.003 -17"><span class='ocrx_word' id='word_1_420' title='bbox 2052 3872 2338 3942; x_wconf 86' lang='lat' dir='ltr'><strong>ﬁliumque</strong></span> <span class='ocrx_word' id='word_1_421' title='bbox 2358 3871 2476 3943; x_wconf 88' lang='lat' dir='ltr'><strong>ejus</strong></span> <span class='ocrx_word' id='word_1_422' title='bbox 2509 3873 2778 3930; x_wconf 69' lang='lat' dir='ltr'><strong>Ctesarem</strong></span> <span class='ocrx_word' id='word_1_423' title='bbox 2805 3873 2951 3929; x_wconf 85' lang='lat' dir='ltr'><strong>clero</strong></span> <span class='ocrx_word' id='word_1_424' title='bbox 2979 3871 3263 3936; x_wconf 85' lang='lat' dir='ltr'><strong>adscribit,</strong></span> 
     </span>
    </p>
   </div>
   <div class='ocr_carea' id='block_1_83' title="bbox 2059 3962 3270 4034">
    <p class='ocr_par' dir='ltr' id='par_1_83' title="bbox 2059 3962 3270 4034">
     <span class='ocr_line' id='line_1_83' title="bbox 2059 3962 3270 4034; baseline -0.002 -15"><span class='ocrx_word' id='word_1_425' title='bbox 2059 3966 2259 4034; x_wconf 82' lang='lat' dir='ltr'><strong>sicqne&#39;</strong></span> <span class='ocrx_word' id='word_1_426' title='bbox 2281 3964 2355 4018; x_wconf 92' lang='lat' dir='ltr'><strong>illi</strong></span> <span class='ocrx_word' id='word_1_427' title='bbox 2388 3964 2514 4019; x_wconf 69' lang='lat' dir='ltr'><strong>vitae</strong></span> <span class='ocrx_word' id='word_1_428' title='bbox 2548 3964 2759 4019; x_wconf 88' lang='lat' dir='ltr'><strong>veniam</strong></span> <span class='ocrx_word' id='word_1_429' title='bbox 2795 3963 3086 4019; x_wconf 83' lang='lat' dir='ltr'><strong>retinendae</strong></span> <span class='ocrx_word' id='word_1_430' title='bbox 3120 3962 3270 4017; x_wconf 85' lang='lat' dir='ltr'><strong>facit.</strong></span> 
     </span>
    </p>
   </div>
   <div class='ocr_carea' id='block_1_84' title="bbox 2058 4053 3370 4127">
    <p class='ocr_par' dir='ltr' id='par_1_84' title="bbox 2058 4053 3370 4127">
     <span class='ocr_line' id='line_1_84' title="bbox 2058 4053 3370 4127; baseline -0.005 -16"><span class='ocrx_word' id='word_1_431' title='bbox 2058 4057 2191 4111; x_wconf 80' lang='lat' dir='ltr'><strong>Nam</strong></span> <span class='ocrx_word' id='word_1_432' title='bbox 2226 4057 2478 4127; x_wconf 88' lang='lat' dir='ltr'><strong>quoniam</strong></span> <span class='ocrx_word' id='word_1_433' title='bbox 2517 4056 2629 4122; x_wconf 89' lang='lat' dir='ltr'><strong>isti,</strong></span> <span class='ocrx_word' id='word_1_434' title='bbox 2663 4053 2863 4119; x_wconf 86' lang='lat' dir='ltr'><strong>aiebat,</strong></span> <span class='ocrx_word' id='word_1_435' title='bbox 2898 4054 3179 4125; x_wconf 77' lang='lat' dir='ltr'><strong>fregerunt</strong></span> <span class='ocrx_word' id='word_1_436' title='bbox 3213 4053 3370 4109; x_wconf 82' lang='lat' dir='ltr'><strong>fidem</strong></span> 
     </span>
    </p>
   </div>
   <div class='ocr_carea' id='block_1_85' title="bbox 2058 4148 3373 4223">
    <p class='ocr_par' dir='ltr' id='par_1_85' title="bbox 2058 4148 3373 4223">
     <span class='ocr_line' id='line_1_85' title="bbox 2058 4148 3373 4223; baseline -0.002 -21"><span class='ocrx_word' id='word_1_437' title='bbox 2058 4164 2219 4220; x_wconf 83' lang='lat' dir='ltr'><strong>quam</strong></span> <span class='ocrx_word' id='word_1_438' title='bbox 2249 4148 2517 4204; x_wconf 88' lang='lat' dir='ltr'><strong>Basilisco</strong></span> <span class='ocrx_word' id='word_1_439' title='bbox 2544 4148 2775 4219; x_wconf 89' lang='lat' dir='ltr'><strong>principi</strong></span> <span class='ocrx_word' id='word_1_440' title='bbox 2804 4148 3230 4217; x_wconf 88' lang='lat' dir='ltr'><strong>spoponderant,</strong></span> <span class='ocrx_word' id='word_1_441' title='bbox 3368 4216 3373 4223; x_wconf 86' lang='lat'><strong><em>_</em></strong></span> 
     </span>
    </p>
   </div>
   <div class='ocr_carea' id='block_1_86' title="bbox 2066 4240 3297 4313">
    <p class='ocr_par' dir='ltr' id='par_1_86' title="bbox 2066 4240 3297 4313">
     <span class='ocr_line' id='line_1_86' title="bbox 2066 4240 3297 4313; baseline -0.006 -14"><span class='ocrx_word' id='word_1_442' title='bbox 2066 4244 2147 4299; x_wconf 91' lang='lat' dir='ltr'><strong>sic</strong></span> <span class='ocrx_word' id='word_1_443' title='bbox 2173 4251 2232 4298; x_wconf 91' lang='lat' dir='ltr'><strong>ut</strong></span> <span class='ocrx_word' id='word_1_444' title='bbox 2258 4242 2363 4313; x_wconf 86' lang='lat' dir='ltr'><strong>ipsi</strong></span> <span class='ocrx_word' id='word_1_445' title='bbox 2395 4241 2526 4297; x_wconf 89' lang='lat' dir='ltr'><strong>mihi</strong></span> <span class='ocrx_word' id='word_1_446' title='bbox 2561 4250 2783 4296; x_wconf 89' lang='lat' dir='ltr'><strong>servent</strong></span> <span class='ocrx_word' id='word_1_447' title='bbox 2808 4240 3056 4296; x_wconf 91' lang='lat' dir='ltr'><strong>eamdem</strong></span> <span class='ocrx_word' id='word_1_448' title='bbox 3084 4254 3297 4295; x_wconf 71' lang='lat' dir='ltr'><strong>vereor.</strong></span> 
     </span>
    </p>
   </div>
   <div class='ocr_carea' id='block_1_87' title="bbox 2060 4331 3144 4400">
    <p class='ocr_par' dir='ltr' id='par_1_87' title="bbox 2060 4331 3144 4400">
     <span class='ocr_line' id='line_1_87' title="bbox 2060 4331 3144 4400; baseline -0.005 -10"><span class='ocrx_word' id='word_1_449' title='bbox 2060 4335 2263 4390; x_wconf 68' lang='lat' dir='ltr'><strong>Prmter</strong></span> <span class='ocrx_word' id='word_1_450' title='bbox 2287 4335 2405 4400; x_wconf 90' lang='lat' dir='ltr'><strong>bos,</strong></span> <span class='ocrx_word' id='word_1_451' title='bbox 2437 4332 2574 4388; x_wconf 90' lang='lat' dir='ltr'><strong>alios</strong></span> <span class='ocrx_word' id='word_1_452' title='bbox 2607 4331 2803 4387; x_wconf 86' lang='lat' dir='ltr'><strong>multos</strong></span> <span class='ocrx_word' id='word_1_453' title='bbox 2830 4332 2975 4389; x_wconf 83' lang='lat' dir='ltr'><strong>letbo</strong></span> <span class='ocrx_word' id='word_1_454' title='bbox 2998 4331 3144 4387; x_wconf 86' lang='lat' dir='ltr'><strong>dedit</strong></span> 
     </span>
    </p>
   </div>
   <div class='ocr_carea' id='block_1_88' title="bbox 2063 4421 3266 4494">
    <p class='ocr_par' dir='ltr' id='par_1_88' title="bbox 2063 4421 3266 4494">
     <span class='ocr_line' id='line_1_88' title="bbox 2063 4421 3266 4494; baseline -0.004 -14"><span class='ocrx_word' id='word_1_455' title='bbox 2063 4427 2129 4482; x_wconf 90' lang='lat' dir='ltr'><strong>de</strong></span> <span class='ocrx_word' id='word_1_456' title='bbox 2160 4440 2385 4481; x_wconf 88' lang='lat' dir='ltr'><strong>numero</strong></span> <span class='ocrx_word' id='word_1_457' title='bbox 2408 4423 2669 4479; x_wconf 87' lang='lat' dir='ltr'><strong>nobilium</strong></span> <span class='ocrx_word' id='word_1_458' title='bbox 2702 4430 2869 4494; x_wconf 87' lang='lat' dir='ltr'><strong>atque</strong></span> <span class='ocrx_word' id='word_1_459' title='bbox 2897 4421 3266 4493; x_wconf 87' lang='lat' dir='ltr'><strong>optimatium,</strong></span> 
     </span>
    </p>
   </div>
   <div class='ocr_carea' id='block_1_89' title="bbox 2070 4514 3042 4590">
    <p class='ocr_par' dir='ltr' id='par_1_89' title="bbox 2070 4514 3042 4590">
     <span class='ocr_line' id='line_1_89' title="bbox 2070 4514 3042 4590; baseline -0.005 -16"><span class='ocrx_word' id='word_1_460' title='bbox 2070 4521 2159 4574; x_wconf 86' lang='lat' dir='ltr'><strong>vel</strong></span> <span class='ocrx_word' id='word_1_461' title='bbox 2182 4518 2460 4590; x_wconf 87' lang='lat' dir='ltr'><strong>impositis</strong></span> <span class='ocrx_word' id='word_1_462' title='bbox 2486 4516 2658 4587; x_wconf 79' lang='lat' dir='ltr'><strong>plagis</strong></span> <span class='ocrx_word' id='word_1_463' title='bbox 2683 4514 3042 4571; x_wconf 79' lang='lat' dir='ltr'><strong>excruciavit.</strong></span> 
     </span>
    </p>
   </div>
   <div class='ocr_carea' id='block_1_90' title="bbox 595 4592 2202 4682">
    <p class='ocr_par' dir='ltr' id='par_1_90' title="bbox 595 4592 2202 4682">
     <span class='ocr_line' id='line_1_90' title="bbox 595 4592 2202 4682; baseline 0.004 -22"><span class='ocrx_word' id='word_1_464' title='bbox 595 4610 686 4671; x_wconf 78' lang='lat' dir='ltr'><strong>Ei;</strong></span> <span class='ocrx_word' id='word_1_465' title='bbox 751 4609 859 4680; x_wconf 72' lang='grc' dir='ltr'><strong>γὰρ</strong></span> <span class='ocrx_word' id='word_1_466' title='bbox 910 4608 1186 4679; x_wconf 81' lang='grc' dir='ltr'>ἀθέσμους</span> <span class='ocrx_word' id='word_1_467' title='bbox 1257 4608 1514 4671; x_wconf 80' lang='grc' dir='ltr'>ἐκκλίνας</span> <span class='ocrx_word' id='word_1_468' title='bbox 1567 4592 2202 4682; x_wconf 69' lang='grc' dir='ltr'>αίσχρσυργίαςθετςο</span> 
     </span>
    </p>
   </div>
   <div class='ocr_carea' id='block_1_91' title="bbox 1551 4592 3158 4682">
    <p class='ocr_par' dir='ltr' id='par_1_91' title="bbox 1567 4592 3158 4682">
     <span class='ocr_line' id='line_1_91' title="bbox 1567 4592 3158 4682; baseline -0.001 -20"><span class='ocrx_word' id='word_1_469' title='bbox 1567 4609 1960 4679; x_wconf 71' lang='grc' dir='ltr'>αἰσχρουργίας</span> <span class='ocrx_word' id='word_1_470' title='bbox 1990 4592 2040 4653; x_wconf 80' lang='lat' dir='ltr'><strong>D</strong></span> <span class='ocrx_word' id='word_1_471' title='bbox 2065 4613 2210 4682; x_wconf 75' lang='lat' dir='ltr'><strong>Ergo</strong></span> <span class='ocrx_word' id='word_1_472' title='bbox 2232 4610 2475 4668; x_wconf 79' lang='lat' dir='ltr'><strong>scelestis</strong></span> <span class='ocrx_word' id='word_1_473' title='bbox 2506 4608 2793 4678; x_wconf 79' lang='lat' dir='ltr'><strong>indulgens</strong></span> <span class='ocrx_word' id='word_1_474' title='bbox 2824 4606 3158 4662; x_wconf 86' lang='lat' dir='ltr'><strong>facinoribus</strong></span> 
     </span>
    </p>
   </div>
   <div class='ocr_carea' id='block_1_92' title="bbox 598 4700 1779 4770">
    <p class='ocr_par' dir='ltr' id='par_1_92' title="bbox 598 4700 1779 4770">
     <span class='ocr_line' id='line_1_92' title="bbox 598 4700 1779 4770; baseline 0.001 -16"><span class='ocrx_word' id='word_1_475' title='bbox 598 4700 837 4769; x_wconf 81' lang='grc' dir='ltr'>Πράξεις</span> <span class='ocrx_word' id='word_1_476' title='bbox 872 4701 1193 4770; x_wconf 83' lang='grc' dir='ltr'>μιαιφόνους</span> <span class='ocrx_word' id='word_1_477' title='bbox 1226 4717 1284 4754; x_wconf 88' lang='grc' dir='ltr'><strong>τε</strong></span> <span class='ocrx_word' id='word_1_478' title='bbox 1319 4700 1415 4753; x_wconf 75' lang='grc' dir='ltr'>καὶ</span> <span class='ocrx_word' id='word_1_479' title='bbox 1450 4700 1779 4770; x_wconf 85' lang='grc' dir='ltr'>βδελυκτέας</span> 
     </span>
    </p>
   </div>
   <div class='ocr_carea' id='block_1_93' title="bbox 429 4788 1819 4865">
    <p class='ocr_par' dir='ltr' id='par_1_93' title="bbox 429 4788 1819 4865">
     <span class='ocr_line' id='line_1_93' title="bbox 429 4788 1819 4865; baseline 0 -17"><span class='ocrx_word' id='word_1_480' title='bbox 429 4791 570 4848; x_wconf 70' lang='grc'>1050</span> <span class='ocrx_word' id='word_1_481' title='bbox 613 4791 757 4862; x_wconf 79' lang='grc' dir='ltr'>Πρὸς</span> <span class='ocrx_word' id='word_1_482' title='bbox 789 4790 834 4843; x_wconf 79' lang='grc' dir='ltr'>δ’</span> <span class='ocrx_word' id='word_1_483' title='bbox 860 4788 929 4845; x_wconf 81' lang='grc' dir='ltr'>αὖ</span> <span class='ocrx_word' id='word_1_484' title='bbox 961 4792 1227 4862; x_wconf 77' lang='grc' dir='ltr'>ὑπαχθεὶς</span> <span class='ocrx_word' id='word_1_485' title='bbox 1271 4793 1485 4863; x_wconf 79' lang='grc' dir='ltr'>αἱρέσει</span> <span class='ocrx_word' id='word_1_486' title='bbox 1523 4794 1819 4865; x_wconf 70' lang='grc' dir='ltr'>Διοσκόρω</span> 
     </span>
    </p>
   </div>
   <div class='ocr_carea' id='block_1_94' title="bbox 600 4880 1705 4956">
    <p class='ocr_par' dir='ltr' id='par_1_94' title="bbox 600 4880 1705 4956">
     <span class='ocr_line' id='line_1_94' title="bbox 600 4880 1705 4956; baseline 0.001 -16"><span class='ocrx_word' id='word_1_487' title='bbox 600 4884 857 4955; x_wconf 80' lang='grc' dir='ltr'>Μυσητδς</span> <span class='ocrx_word' id='word_1_488' title='bbox 884 4880 956 4956; x_wconf 70' lang='grc' dir='ltr'>ἦν</span> <span class='ocrx_word' id='word_1_489' title='bbox 982 4884 1155 4939; x_wconf 78' lang='grc' dir='ltr'>ἅπασι</span> <span class='ocrx_word' id='word_1_490' title='bbox 1178 4888 1271 4940; x_wconf 76' lang='grc' dir='ltr'>καὶ</span> <span class='ocrx_word' id='word_1_491' title='bbox 1310 4889 1423 4950; x_wconf 74' lang='grc' dir='ltr'>τοῖς</span> <span class='ocrx_word' id='word_1_492' title='bbox 1450 4888 1513 4939; x_wconf 88' lang='grc' dir='ltr'><strong>ἐν</strong></span> <span class='ocrx_word' id='word_1_493' title='bbox 1540 4887 1705 4953; x_wconf 88' lang='grc' dir='ltr'>τέλει,</span> 
     </span>
    </p>
   </div>
   <div class='ocr_carea' id='block_1_95' title="bbox 611 4977 1677 5049">
    <p class='ocr_par' dir='ltr' id='par_1_95' title="bbox 611 4977 1677 5049">
     <span class='ocr_line' id='line_1_95' title="bbox 611 4977 1677 5049; baseline 0.002 -19"><span class='ocrx_word' id='word_1_494' title='bbox 611 4977 867 5049; x_wconf 81' lang='grc' dir='ltr'>Ἀριάδνῃ</span> <span class='ocrx_word' id='word_1_495' title='bbox 901 4977 958 5031; x_wconf 84' lang='grc' dir='ltr'>δὲ</span> <span class='ocrx_word' id='word_1_496' title='bbox 981 4980 1049 5048; x_wconf 78' lang='grc' dir='ltr'>τῇ</span> <span class='ocrx_word' id='word_1_497' title='bbox 1081 4978 1323 5047; x_wconf 86' lang='grc' dir='ltr'>συνεύνῳ</span> <span class='ocrx_word' id='word_1_498' title='bbox 1373 4982 1465 5032; x_wconf 75' lang='grc' dir='ltr'>καὶ</span> <span class='ocrx_word' id='word_1_499' title='bbox 1493 4980 1677 5033; x_wconf 87' lang='grc' dir='ltr'>πλέον·</span> 
     </span>
    </p>
   </div>
   <div class='ocr_carea' id='block_1_96' title="bbox 597 5064 1678 5135">
    <p class='ocr_par' dir='ltr' id='par_1_96' title="bbox 597 5064 1678 5135">
     <span class='ocr_line' id='line_1_96' title="bbox 597 5064 1678 5135; baseline 0.003 -17"><span class='ocrx_word' id='word_1_500' title='bbox 597 5064 760 5119; x_wconf 85' lang='grc' dir='ltr'>Ὅθεν</span> <span class='ocrx_word' id='word_1_501' title='bbox 784 5064 929 5135; x_wconf 53' lang='grc' dir='ltr'>σονρῷ</span> <span class='ocrx_word' id='word_1_502' title='bbox 951 5065 1187 5119; x_wconf 86' lang='grc' dir='ltr'>τέθαπτο</span> <span class='ocrx_word' id='word_1_503' title='bbox 1210 5066 1369 5131; x_wconf 80' lang='grc' dir='ltr'>δόξας</span> <span class='ocrx_word' id='word_1_504' title='bbox 1394 5067 1678 5133; x_wconf 85' lang='grc' dir='ltr'>τεθνάναι,</span> 
     </span>
    </p>
   </div>
   <div class='ocr_carea' id='block_1_97' title="bbox 594 5156 1678 5229">
    <p class='ocr_par' dir='ltr' id='par_1_97' title="bbox 594 5156 1678 5229">
     <span class='ocr_line' id='line_1_97' title="bbox 594 5156 1678 5229; baseline 0.004 -20"><span class='ocrx_word' id='word_1_505' title='bbox 594 5158 772 5209; x_wconf 69' lang='grc' dir='ltr'>Κάκεῖ</span> <span class='ocrx_word' id='word_1_506' title='bbox 803 5156 991 5227; x_wconf 84' lang='grc' dir='ltr'>βιαίως</span> <span class='ocrx_word' id='word_1_507' title='bbox 1009 5156 1100 5211; x_wconf 76' lang='grc' dir='ltr'>τὸν</span> <span class='ocrx_word' id='word_1_508' title='bbox 1126 5156 1242 5227; x_wconf 91' lang='grc' dir='ltr'>βίον</span> <span class='ocrx_word' id='word_1_509' title='bbox 1270 5160 1639 5229; x_wconf 75' lang='grc' dir='ltr'>καταστρέφει</span> <span class='ocrx_word' id='word_1_510' title='bbox 1665 5176 1678 5189; x_wconf 88' lang='grc'><strong>·</strong></span> 
     </span>
    </p>
   </div>
   <div class='ocr_carea' id='block_1_98' title="bbox 422 5248 1857 5320">
    <p class='ocr_par' dir='ltr' id='par_1_98' title="bbox 422 5248 1857 5320">
     <span class='ocr_line' id='line_1_98' title="bbox 422 5248 1857 5320; baseline 0.003 -17"><span class='ocrx_word' id='word_1_511' title='bbox 422 5248 565 5303; x_wconf 67' lang='grc'><strong>1055</strong></span> <span class='ocrx_word' id='word_1_512' title='bbox 603 5249 665 5302; x_wconf 85' lang='grc' dir='ltr'><strong>Οί</strong></span> <span class='ocrx_word' id='word_1_513' title='bbox 720 5250 821 5319; x_wconf 81' lang='grc' dir='ltr'><strong>μέν</strong></span> <span class='ocrx_word' id='word_1_514' title='bbox 844 5265 980 5317; x_wconf 86' lang='grc' dir='ltr'>φασι</span> <span class='ocrx_word' id='word_1_515' title='bbox 1020 5248 1212 5319; x_wconf 82' lang='grc' dir='ltr'>μέθαις</span> <span class='ocrx_word' id='word_1_516' title='bbox 1242 5266 1299 5303; x_wconf 83' lang='grc' dir='ltr'><strong>τε</strong></span> <span class='ocrx_word' id='word_1_517' title='bbox 1332 5250 1616 5320; x_wconf 59' lang='grc' dir='ltr'>χρώμενον</span> <span class='ocrx_word' id='word_1_518' title='bbox 1669 5253 1857 5317; x_wconf 77' lang='grc' dir='ltr'>πότοις</span> 
     </span>
    </p>
   </div>
   <div class='ocr_carea' id='block_1_99' title="bbox 615 5331 1857 5412">
    <p class='ocr_par' dir='ltr' id='par_1_99' title="bbox 615 5331 1857 5412">
     <span class='ocr_line' id='line_1_99' title="bbox 615 5331 1857 5412; baseline 0.004 -19"><span class='ocrx_word' id='word_1_519' title='bbox 615 5340 919 5394; x_wconf 81' lang='grc' dir='ltr'>Ἐκστασιν</span> <span class='ocrx_word' id='word_1_520' title='bbox 943 5340 1106 5395; x_wconf 82' lang='grc' dir='ltr'>αὑτὸν</span> <span class='ocrx_word' id='word_1_521' title='bbox 1128 5341 1237 5393; x_wconf 84' lang='grc' dir='ltr'>τῶν</span> <span class='ocrx_word' id='word_1_522' title='bbox 1256 5342 1468 5412; x_wconf 83' lang='grc' dir='ltr'>φρενῶν</span> <span class='ocrx_word' id='word_1_523' title='bbox 1493 5331 1814 5398; x_wconf 52' lang='grc' dir='ltr'>πεπονθέναι</span> <span class='ocrx_word' id='word_1_524' title='bbox 1844 5361 1857 5376; x_wconf 80' lang='lat'><strong>&#39;</strong></span> 
     </span>
    </p>
   </div>
   <div class='ocr_carea' id='block_1_100' title="bbox 603 5430 1751 5506">
    <p class='ocr_par' dir='ltr' id='par_1_100' title="bbox 603 5430 1751 5506">
     <span class='ocr_line' id='line_1_100' title="bbox 603 5430 1751 5506; baseline 0.006 -23"><span class='ocrx_word' id='word_1_525' title='bbox 603 5432 838 5498; x_wconf 78' lang='grc' dir='ltr'>Δόξαντα</span> <span class='ocrx_word' id='word_1_526' title='bbox 865 5430 911 5483; x_wconf 87' lang='grc' dir='ltr'>δ’</span> <span class='ocrx_word' id='word_1_527' title='bbox 937 5431 1172 5502; x_wconf 76' lang='grc' dir='ltr'>οἰκτρῶς</span> <span class='ocrx_word' id='word_1_528' title='bbox 1213 5432 1586 5489; x_wconf 82' lang='grc' dir='ltr'>ἐκλελοιπέναι</span> <span class='ocrx_word' id='word_1_529' title='bbox 1615 5435 1751 5506; x_wconf 87' lang='grc' dir='ltr'>βίον,</span> 
     </span>
    </p>
   </div>
   <div class='ocr_carea' id='block_1_101' title="bbox 604 5525 1644 5597">
    <p class='ocr_par' dir='ltr' id='par_1_101' title="bbox 604 5525 1644 5597">
     <span class='ocr_line' id='line_1_101' title="bbox 604 5525 1644 5597; baseline 0.002 -18"><span class='ocrx_word' id='word_1_530' title='bbox 604 5525 980 5597; x_wconf 82' lang='grc' dir='ltr'>Κατατεθῆναι</span> <span class='ocrx_word' id='word_1_531' title='bbox 1011 5525 1243 5596; x_wconf 87' lang='grc' dir='ltr'>λάρνακι</span> <span class='ocrx_word' id='word_1_532' title='bbox 1278 5528 1421 5582; x_wconf 73' lang='grc' dir='ltr'>καθὰ</span> <span class='ocrx_word' id='word_1_533' title='bbox 1446 5528 1611 5583; x_wconf 88' lang='grc' dir='ltr'>νέκυν</span> <span class='ocrx_word' id='word_1_534' title='bbox 1631 5546 1644 5559; x_wconf 74' lang='grc' dir='ltr'>σ</span> 
     </span>
    </p>
   </div>
   <div class='ocr_carea' id='block_1_102' title="bbox 607 5618 1803 5693">
    <p class='ocr_par' dir='ltr' id='par_1_102' title="bbox 607 5618 1803 5693">
     <span class='ocr_line' id='line_1_102' title="bbox 607 5618 1803 5693; baseline 0.006 -24"><span class='ocrx_word' id='word_1_535' title='bbox 607 5620 713 5671; x_wconf 68' lang='grc' dir='ltr'><strong>Καὶ</strong></span> <span class='ocrx_word' id='word_1_536' title='bbox 745 5618 1188 5683; x_wconf 77' lang='grc' dir='ltr'>πωματισθέντος</span> <span class='ocrx_word' id='word_1_537' title='bbox 1216 5635 1279 5687; x_wconf 87' lang='grc' dir='ltr'><strong>γε</strong></span> <span class='ocrx_word' id='word_1_538' title='bbox 1304 5619 1399 5674; x_wconf 81' lang='grc' dir='ltr'>τοῦ</span> <span class='ocrx_word' id='word_1_539' title='bbox 1429 5622 1598 5689; x_wconf 86' lang='grc' dir='ltr'>τάφου</span> <span class='ocrx_word' id='word_1_540' title='bbox 1628 5623 1803 5693; x_wconf 86' lang='grc' dir='ltr'>λίθῳ,·</span> 
     </span>
    </p>
   </div>
   <div class='ocr_carea' id='block_1_103' title="bbox 428 5710 1679 5785">
    <p class='ocr_par' dir='ltr' id='par_1_103' title="bbox 428 5710 1679 5785">
     <span class='ocr_line' id='line_1_103' title="bbox 428 5710 1679 5785; baseline 0 -18"><span class='ocrx_word' id='word_1_541' title='bbox 428 5713 568 5768; x_wconf 59' lang='grc'>1010</span> <span class='ocrx_word' id='word_1_542' title='bbox 608 5711 892 5780; x_wconf 79' lang='grc' dir='ltr'>Γοώμενον</span> <span class='ocrx_word' id='word_1_543' title='bbox 927 5710 1165 5765; x_wconf 89' lang='grc' dir='ltr'>κάκιστα</span> <span class='ocrx_word' id='word_1_544' title='bbox 1192 5711 1375 5767; x_wconf 81' lang='grc' dir='ltr'>θανεῖν</span> <span class='ocrx_word' id='word_1_545' title='bbox 1406 5715 1463 5766; x_wconf 87' lang='grc' dir='ltr'><strong>ἐν</strong></span> <span class='ocrx_word' id='word_1_546' title='bbox 1492 5715 1646 5785; x_wconf 83' lang='grc' dir='ltr'>τάφῳ</span> <span class='ocrx_word' id='word_1_547' title='bbox 1667 5733 1679 5747; x_wconf 78' lang='grc' dir='ltr'><strong><em>ο</em></strong></span> 
     </span>
    </p>
   </div>
   <div class='ocr_carea' id='block_1_104' title="bbox 613 5804 1791 5876">
    <p class='ocr_par' dir='ltr' id='par_1_104' title="bbox 613 5804 1791 5876">
     <span class='ocr_line' id='line_1_104' title="bbox 613 5804 1791 5876; baseline 0.004 -19"><span class='ocrx_word' id='word_1_548' title='bbox 613 5804 802 5857; x_wconf 68' lang='grc' dir='ltr'>Ἀλλ-οι</span> <span class='ocrx_word' id='word_1_549' title='bbox 836 5804 891 5856; x_wconf 82' lang='grc' dir='ltr'><strong>δέ</strong></span> <span class='ocrx_word' id='word_1_550' title='bbox 930 5804 1125 5857; x_wconf 78' lang='grc' dir='ltr'>παθεῖν</span> <span class='ocrx_word' id='word_1_551' title='bbox 1159 5805 1314 5859; x_wconf 77' lang='grc' dir='ltr'>τοῦτο</span> <span class='ocrx_word' id='word_1_552' title='bbox 1341 5806 1515 5876; x_wconf 81' lang='grc' dir='ltr'>δεινῆς</span> <span class='ocrx_word' id='word_1_553' title='bbox 1536 5809 1599 5861; x_wconf 84' lang='grc' dir='ltr'><strong>ἐκ</strong></span> <span class='ocrx_word' id='word_1_554' title='bbox 1635 5810 1791 5862; x_wconf 83' lang='grc' dir='ltr'>νόσου</span> 
     </span>
    </p>
   </div>
   <div class='ocr_carea' id='block_1_105' title="bbox 609 5895 1738 5968">
    <p class='ocr_par' dir='ltr' id='par_1_105' title="bbox 609 5895 1738 5968">
     <span class='ocr_line' id='line_1_105' title="bbox 609 5895 1738 5968; baseline 0.007 -20"><span class='ocrx_word' id='word_1_555' title='bbox 609 5898 778 5948; x_wconf 71' lang='grc' dir='ltr'>Δόντα</span> <span class='ocrx_word' id='word_1_556' title='bbox 828 5895 1011 5949; x_wconf 83' lang='grc' dir='ltr'>θανεῖν</span> <span class='ocrx_word' id='word_1_557' title='bbox 1036 5896 1259 5967; x_wconf 70' lang='grc' dir='ltr'>δόκησιν</span> <span class='ocrx_word' id='word_1_558' title='bbox 1291 5897 1550 5968; x_wconf 78' lang='grc' dir='ltr'>ἀθροῦσιν</span> <span class='ocrx_word' id='word_1_559' title='bbox 1575 5899 1738 5963; x_wconf 78' lang='grc' dir='ltr'>ὅλοις.</span> 
     </span>
    </p>
   </div>
   <div class='ocr_carea' id='block_1_106' title="bbox 2063 4699 3036 4772">
    <p class='ocr_par' dir='ltr' id='par_1_106' title="bbox 2063 4699 3036 4772">
     <span class='ocr_line' id='line_1_106' title="bbox 2063 4699 3036 4772; baseline -0.004 -15"><span class='ocrx_word' id='word_1_560' title='bbox 2063 4705 2412 4772; x_wconf 60' lang='lat' dir='ltr'><strong>aedibusque</strong></span> <span class='ocrx_word' id='word_1_561' title='bbox 2443 4714 2701 4770; x_wconf 85' lang='lat' dir='ltr'><strong>grassans</strong></span> <span class='ocrx_word' id='word_1_562' title='bbox 2729 4699 3036 4770; x_wconf 81' lang='lat' dir='ltr'><strong>ﬂagitiosis,</strong></span> 
     </span>
    </p>
   </div>
   <div class='ocr_carea' id='block_1_107' title="bbox 2063 4792 3079 4865">
    <p class='ocr_par' dir='ltr' id='par_1_107' title="bbox 2063 4792 3079 4865">
     <span class='ocr_line' id='line_1_107' title="bbox 2063 4792 3079 4865; baseline -0.001 -16"><span class='ocrx_word' id='word_1_563' title='bbox 2063 4794 2318 4851; x_wconf 86' lang='lat' dir='ltr'><strong>imbutus</strong></span> <span class='ocrx_word' id='word_1_564' title='bbox 2349 4794 2571 4865; x_wconf 90' lang='lat' dir='ltr'><strong>insuper</strong></span> <span class='ocrx_word' id='word_1_565' title='bbox 2594 4795 2785 4849; x_wconf 61' lang='lat' dir='ltr'><strong>haeresi</strong></span> <span class='ocrx_word' id='word_1_566' title='bbox 2819 4792 3079 4860; x_wconf 81' lang='lat' dir='ltr'><strong>Dioscori,</strong></span> 
     </span>
    </p>
   </div>
   <div class='ocr_carea' id='block_1_108' title="bbox 2064 4886 3153 4956">
    <p class='ocr_par' dir='ltr' id='par_1_108' title="bbox 2064 4886 3153 4956">
     <span class='ocr_line' id='line_1_108' title="bbox 2064 4886 3153 4956; baseline -0.001 -13"><span class='ocrx_word' id='word_1_567' title='bbox 2064 4887 2264 4956; x_wconf 83' lang='lat' dir='ltr'><strong>populo</strong></span> <span class='ocrx_word' id='word_1_568' title='bbox 2294 4886 2504 4942; x_wconf 86' lang='lat' dir='ltr'><strong>invisus</strong></span> <span class='ocrx_word' id='word_1_569' title='bbox 2533 4895 2651 4941; x_wconf 87' lang='lat' dir='ltr'><strong>erat</strong></span> <span class='ocrx_word' id='word_1_570' title='bbox 2685 4896 2740 4941; x_wconf 88' lang='lat' dir='ltr'><strong>et</strong></span> <span class='ocrx_word' id='word_1_571' title='bbox 2776 4886 3153 4956; x_wconf 88' lang='lat' dir='ltr'><strong>optimatibus,</strong></span> 
     </span>
    </p>
   </div>
   <div class='ocr_carea' id='block_1_109' title="bbox 2063 4977 3299 5050">
    <p class='ocr_par' dir='ltr' id='par_1_109' title="bbox 2063 4977 3299 5050">
     <span class='ocr_line' id='line_1_109' title="bbox 2063 4977 3299 5050; baseline 0.001 -17"><span class='ocrx_word' id='word_1_572' title='bbox 2063 4978 2279 5049; x_wconf 73' lang='lat' dir='ltr'><strong>coniugi</strong></span> <span class='ocrx_word' id='word_1_573' title='bbox 2305 4993 2433 5035; x_wconf 86' lang='lat' dir='ltr'><strong>vero</strong></span> <span class='ocrx_word' id='word_1_574' title='bbox 2460 4977 2714 5036; x_wconf 68' lang='lat' dir='ltr'><strong>Ariadnae</strong></span> <span class='ocrx_word' id='word_1_575' title='bbox 2737 4995 2897 5050; x_wconf 87' lang='lat' dir='ltr'><strong>quam</strong></span> <span class='ocrx_word' id='word_1_576' title='bbox 2922 4980 3011 5050; x_wconf 91' lang='lat' dir='ltr'><strong>qui</strong></span> <span class='ocrx_word' id='word_1_577' title='bbox 3046 4979 3299 5036; x_wconf 79' lang='lat' dir='ltr'><strong>maxime.</strong></span> 
     </span>
    </p>
   </div>
   <div class='ocr_carea' id='block_1_110' title="bbox 2066 5070 3129 5138">
    <p class='ocr_par' dir='ltr' id='par_1_110' title="bbox 2066 5070 3129 5138">
     <span class='ocr_line' id='line_1_110' title="bbox 2066 5070 3129 5138; baseline 0.004 -16"><span class='ocrx_word' id='word_1_578' title='bbox 2066 5070 2426 5136; x_wconf 87' lang='lat' dir='ltr'><strong>Quamobrem</strong></span> <span class='ocrx_word' id='word_1_579' title='bbox 2465 5070 2721 5128; x_wconf 90' lang='lat' dir='ltr'><strong>simulato</strong></span> <span class='ocrx_word' id='word_1_580' title='bbox 2756 5074 2951 5129; x_wconf 81' lang='lat' dir='ltr'><strong>mortis</strong></span> <span class='ocrx_word' id='word_1_581' title='bbox 2979 5087 3129 5138; x_wconf 83' lang='lat' dir='ltr'><strong>casu,</strong></span> 
     </span>
    </p>
   </div>
   <div class='ocr_carea' id='block_1_111' title="bbox 2066 5162 3295 5235">
    <p class='ocr_par' dir='ltr' id='par_1_111' title="bbox 2066 5162 3295 5235">
     <span class='ocr_line' id='line_1_111' title="bbox 2066 5162 3295 5235; baseline 0.003 -18"><span class='ocrx_word' id='word_1_582' title='bbox 2066 5178 2192 5217; x_wconf 83' lang='lat' dir='ltr'><strong>arca</strong></span> <span class='ocrx_word' id='word_1_583' title='bbox 2218 5162 2532 5229; x_wconf 76' lang='lat' dir='ltr'><strong>conclusus,</strong></span> <span class='ocrx_word' id='word_1_584' title='bbox 2563 5163 2764 5218; x_wconf 90' lang='lat' dir='ltr'><strong>ibidem</strong></span> <span class='ocrx_word' id='word_1_585' title='bbox 2804 5165 2936 5218; x_wconf 90' lang='lat' dir='ltr'><strong>mori</strong></span> <span class='ocrx_word' id='word_1_586' title='bbox 2967 5166 3201 5235; x_wconf 79' lang='lat' dir='ltr'><strong>cogitur.</strong></span> <span class='ocrx_word' id='word_1_587' title='bbox 3279 5202 3295 5221; x_wconf 60' lang='grc' dir='ltr'><strong>ν</strong></span> 
     </span>
    </p>
   </div>
   <div class='ocr_carea' id='block_1_112' title="bbox 2065 5252 3284 5324">
    <p class='ocr_par' dir='ltr' id='par_1_112' title="bbox 2065 5252 3284 5324">
     <span class='ocr_line' id='line_1_112' title="bbox 2065 5252 3284 5324; baseline 0.002 -18"><span class='ocrx_word' id='word_1_588' title='bbox 2065 5256 2166 5308; x_wconf 82' lang='lat' dir='ltr'><strong>Ast</strong></span> <span class='ocrx_word' id='word_1_589' title='bbox 2191 5252 2278 5307; x_wconf 76' lang='lat' dir='ltr'><strong>alii</strong></span> <span class='ocrx_word' id='word_1_590' title='bbox 2305 5262 2545 5319; x_wconf 87' lang='lat' dir='ltr'><strong>narrant,</strong></span> <span class='ocrx_word' id='word_1_591' title='bbox 2579 5256 2721 5311; x_wconf 88' lang='lat' dir='ltr'><strong>hunc</strong></span> <span class='ocrx_word' id='word_1_592' title='bbox 2749 5255 3024 5324; x_wconf 81' lang='lat' dir='ltr'><strong>indulgere</strong></span> <span class='ocrx_word' id='word_1_593' title='bbox 3052 5252 3284 5321; x_wconf 71' lang='lat' dir='ltr'><strong>crapulm</strong></span> 
     </span>
    </p>
   </div>
   <div class='ocr_carea' id='block_1_113' title="bbox 2068 5345 3445 5415">
    <p class='ocr_par' dir='ltr' id='par_1_113' title="bbox 2068 5345 3445 5415">
     <span class='ocr_line' id='line_1_113' title="bbox 2068 5345 3445 5415; baseline 0.003 -18"><span class='ocrx_word' id='word_1_594' title='bbox 2068 5355 2121 5397; x_wconf 92' lang='lat' dir='ltr'><strong>et</strong></span> <span class='ocrx_word' id='word_1_595' title='bbox 2151 5345 2294 5414; x_wconf 89' lang='lat' dir='ltr'><strong>potui</strong></span> <span class='ocrx_word' id='word_1_596' title='bbox 2328 5345 2571 5409; x_wconf 85' lang='lat' dir='ltr'><strong>solitum,</strong></span> <span class='ocrx_word' id='word_1_597' title='bbox 2600 5347 2797 5401; x_wconf 88' lang='lat' dir='ltr'><strong>mentis</strong></span> <span class='ocrx_word' id='word_1_598' title='bbox 2824 5360 3136 5415; x_wconf 85' lang='lat' dir='ltr'><strong>perpessum</strong></span> <span class='ocrx_word' id='word_1_599' title='bbox 3168 5345 3445 5412; x_wconf 78' lang='lat' dir='ltr'><strong>extasim;</strong></span> 
     </span>
    </p>
   </div>
   <div class='ocr_carea' id='block_1_114' title="bbox 2068 5437 3294 5507">
    <p class='ocr_par' dir='ltr' id='par_1_114' title="bbox 2068 5437 3294 5507">
     <span class='ocr_line' id='line_1_114' title="bbox 2068 5437 3294 5507; baseline 0.005 -20"><span class='ocrx_word' id='word_1_600' title='bbox 2068 5446 2230 5507; x_wconf 85' lang='lat' dir='ltr'><strong>atque</strong></span> <span class='ocrx_word' id='word_1_601' title='bbox 2261 5437 2331 5490; x_wconf 89' lang='lat' dir='ltr'><strong>ita</strong></span> <span class='ocrx_word' id='word_1_602' title='bbox 2356 5438 2623 5492; x_wconf 89' lang='lat' dir='ltr'><strong>creditum</strong></span> <span class='ocrx_word' id='word_1_603' title='bbox 2656 5438 2820 5492; x_wconf 86' lang='lat' dir='ltr'><strong>vitam</strong></span> <span class='ocrx_word' id='word_1_604' title='bbox 2844 5438 3030 5492; x_wconf 87' lang='lat' dir='ltr'><strong>ﬁnisse</strong></span> <span class='ocrx_word' id='word_1_605' title='bbox 3068 5438 3294 5504; x_wconf 87' lang='lat' dir='ltr'><strong>tniscrc,</strong></span> 
     </span>
    </p>
   </div>
   <div class='ocr_carea' id='block_1_115' title="bbox 2068 5529 3205 5597">
    <p class='ocr_par' dir='ltr' id='par_1_115' title="bbox 2068 5529 3205 5597">
     <span class='ocr_line' id='line_1_115' title="bbox 2068 5529 3205 5597; baseline 0.004 -16"><span class='ocrx_word' id='word_1_606' title='bbox 2068 5544 2245 5597; x_wconf 61' lang='lat' dir='ltr'><strong>capsa:</strong></span> <span class='ocrx_word' id='word_1_607' title='bbox 2270 5529 2439 5585; x_wconf 88' lang='lat' dir='ltr'><strong>fuisse</strong></span> <span class='ocrx_word' id='word_1_608' title='bbox 2473 5531 2724 5584; x_wconf 84' lang='lat' dir='ltr'><strong>traditum</strong></span> <span class='ocrx_word' id='word_1_609' title='bbox 2756 5546 2851 5584; x_wconf 85' lang='lat' dir='ltr'><strong>ceu</strong></span> <span class='ocrx_word' id='word_1_610' title='bbox 2886 5530 3159 5595; x_wconf 76' lang='lat' dir='ltr'><strong>cadaver;</strong></span> <span class='ocrx_word' id='word_1_611' title='bbox 3196 5546 3205 5561; x_wconf 79' lang='lat'><strong><em>&#39;</em></strong></span> 
     </span>
    </p>
   </div>
   <div class='ocr_carea' id='block_1_116' title="bbox 2072 5620 3363 5690">
    <p class='ocr_par' dir='ltr' id='par_1_116' title="bbox 2072 5620 3363 5690">
     <span class='ocr_line' id='line_1_116' title="bbox 2072 5620 3363 5690; baseline 0.003 -19"><span class='ocrx_word' id='word_1_612' title='bbox 2072 5632 2184 5674; x_wconf 90' lang='lat' dir='ltr'><strong>tum</strong></span> <span class='ocrx_word' id='word_1_613' title='bbox 2216 5636 2343 5675; x_wconf 85' lang='lat' dir='ltr'><strong>vero</strong></span> <span class='ocrx_word' id='word_1_614' title='bbox 2368 5621 2481 5675; x_wconf 82' lang='lat' dir='ltr'><strong>saxi</strong></span> <span class='ocrx_word' id='word_1_615' title='bbox 2511 5622 2725 5675; x_wconf 90' lang='lat' dir='ltr'><strong>admoto</strong></span> <span class='ocrx_word' id='word_1_616' title='bbox 2754 5620 2818 5675; x_wconf 89' lang='lat' dir='ltr'><strong>ad</strong></span> <span class='ocrx_word' id='word_1_617' title='bbox 2848 5621 3156 5690; x_wconf 84' lang='lat' dir='ltr'><strong>sepulcrum</strong></span> <span class='ocrx_word' id='word_1_618' title='bbox 3180 5620 3363 5689; x_wconf 87' lang='lat' dir='ltr'><strong>obice,</strong></span> 
     </span>
    </p>
   </div>
   <div class='ocr_carea' id='block_1_117' title="bbox 2072 5714 3211 5784">
    <p class='ocr_par' dir='ltr' id='par_1_117' title="bbox 2072 5714 3211 5784">
     <span class='ocr_line' id='line_1_117' title="bbox 2072 5714 3211 5784; baseline 0 -13"><span class='ocrx_word' id='word_1_619' title='bbox 2072 5716 2383 5771; x_wconf 70' lang='lat' dir='ltr'><strong>tristissime</strong></span> <span class='ocrx_word' id='word_1_620' title='bbox 2408 5714 2700 5779; x_wconf 84' lang='lat' dir='ltr'><strong>eiu&#39;antem</strong></span> <span class='ocrx_word' id='word_1_621' title='bbox 2737 5729 2885 5769; x_wconf 87' lang='lat' dir='ltr'><strong>mors</strong></span> <span class='ocrx_word' id='word_1_622' title='bbox 2919 5717 3211 5784; x_wconf 87' lang='lat' dir='ltr'><strong>oppressit.</strong></span> 
     </span>
    </p>
   </div>
   <div class='ocr_carea' id='block_1_118' title="bbox 2073 5806 3163 5876">
    <p class='ocr_par' dir='ltr' id='par_1_118' title="bbox 2073 5806 3163 5876">
     <span class='ocr_line' id='line_1_118' title="bbox 2073 5806 3163 5876; baseline 0.002 -14"><span class='ocrx_word' id='word_1_623' title='bbox 2073 5810 2175 5862; x_wconf 79' lang='lat' dir='ltr'><strong>Alii</strong></span> <span class='ocrx_word' id='word_1_624' title='bbox 2212 5808 2441 5876; x_wconf 88' lang='lat' dir='ltr'><strong>denique</strong></span> <span class='ocrx_word' id='word_1_625' title='bbox 2468 5818 2703 5862; x_wconf 78' lang='lat' dir='ltr'><strong>narrant</strong></span> <span class='ocrx_word' id='word_1_626' title='bbox 2735 5807 2787 5860; x_wconf 84' lang='lat' dir='ltr'><strong>id</strong></span> <span class='ocrx_word' id='word_1_627' title='bbox 2825 5806 2897 5862; x_wconf 91' lang='lat' dir='ltr'><strong>illi</strong></span> <span class='ocrx_word' id='word_1_628' title='bbox 2924 5823 2985 5861; x_wconf 77' lang='lat' dir='ltr'><strong>cx</strong></span> <span class='ocrx_word' id='word_1_629' title='bbox 3012 5810 3163 5876; x_wconf 79' lang='lat' dir='ltr'><strong>gravi</strong></span> 
     </span>
    </p>
   </div>
   <div class='ocr_carea' id='block_1_119' title="bbox 2079 5903 3549 5973">
    <p class='ocr_par' dir='ltr' id='par_1_119' title="bbox 2079 5903 3549 5973">
     <span class='ocr_line' id='line_1_119' title="bbox 2079 5903 3549 5973; baseline 0.003 -15"><span class='ocrx_word' id='word_1_630' title='bbox 2079 5903 2264 5960; x_wconf 79' lang='lat' dir='ltr'><strong>inorbo</strong></span> <span class='ocrx_word' id='word_1_631' title='bbox 2296 5903 2574 5971; x_wconf 82' lang='lat' dir='ltr'><strong>accidisse,</strong></span> <span class='ocrx_word' id='word_1_632' title='bbox 2608 5904 2893 5973; x_wconf 84' lang='lat' dir='ltr'><strong>visumque</strong></span> <span class='ocrx_word' id='word_1_633' title='bbox 2922 5904 3248 5962; x_wconf 76' lang='lat' dir='ltr'><strong>exstinctum</strong></span> <span class='ocrx_word' id='word_1_634' title='bbox 3274 5910 3549 5965; x_wconf 89' lang='lat' dir='ltr'><strong>omnibus.</strong></span> 
     </span>
    </p>
   </div>
   <div class='ocr_carea' id='block_1_120' title="bbox 3560 409 3629 471">
    <p class='ocr_par' dir='ltr' id='par_1_120' title="bbox 3560 409 3629 471">
     <span class='ocr_line' id='line_1_120' title="bbox 3560 409 3629 471; baseline 0.072 -5"><span class='ocrx_word' id='word_1_635' title='bbox 3560 409 3629 471; x_wconf 65' lang='lat' dir='ltr'><strong>Eii</strong></span> 
     </span>
    </p>
   </div>
  </div>
