4070 6548
537 331 607 392 59
1668 310 2069 398 Iaruman”
2111 336 2745 407 canonocnarnr

522 464 574 504 ιιι
608 449 676 501 ab
713 464 770 504 se
801 459 1031 519 repetat,
1065 459 1119 508 et
1150 451 1390 506 animum
1420 467 1550 507 cura
1583 455 1776 510 solvat.

522 546 662 614 Ergo
697 546 845 600 visus
875 557 950 598 est
981 545 1082 599 sibi
1107 561 1202 614 per
1233 546 1502 601 somnium
1526 533 1751 602 cernere

520 640 741 694 multam
770 651 999 710 utroque
1028 655 1059 696 e
1093 655 1222 694 sexu
1259 640 1566 693 mortalium
1597 641 1811 694 turbam

519 735 733 786 adstare
764 748 944 787 coram
985 732 1219 800 imagine
1249 731 1450 786 Christi
1487 730 1719 793 Domini,

524 836 811 893 regemque
835 824 1094 877 adversus
1120 821 1452 877 clamoribus
1478 822 1850 890 expostulare;

524 915 642 985 ipso
662 924 930 985 praesente
972 928 1194 983 remque
1224 928 1345 967 cum
1378 910 1523 966 m’etu
1555 911 1843 975 audiente.l

520 1006 672 1063 Tunc
706 1008 773 1062 ab
798 1007 1033 1075 imagine
1066 1020 1163 1058 νος
1195 1005 1393 1059 emissa
1423 1004 1638 1068 sonuit;

518 1095 738 1150 ubinam
775 1094 822 1149 is
843 1093 1007 1148 vellet
1034 1091 1296 1145 malorum
1333 1105 1546 1158 prauam
1588 1091 1736 1144 luere

520 1186 615 1254 qui
641 1200 701 1239 se
732 1184 973 1238 avaritiae
999 1183 1370 1239 obstrinxerat
1396 1180 1646 1250 piaculo?

521 1293 646 1331 num
682 1276 790 1343 hic,
824 1277 913 1329 ubi
947 1276 1271 1344 supplicium
1304 1274 1626 1329 clementius
1653 1272 1782 1337 erit,

516 1382 581 1419 an
617 1366 725 1421 illic
747 1364 882 1419 alias
910 1378 1100 1434 ptenas
1134 1360 1403 1432 experirifl

516 1457 566 1511 Is
593 1457 679 1511 hic
711 1470 771 1511 se
804 1455 983 1520 malle,
1013 1453 1177 1508 verbo
1204 1453 1499 1515 intellecto,
1535 1451 1632 1506 ait.

515 1549 655 1604 Tum
687 1563 746 1602 se
768 1549 1025 1603 traditum
1063 1545 1254 1600 Phoco:
1283 1545 1450 1599 fuisse
1476 1543 1669 1597 audiit.

518 1647 723 1699 Somno
745 1642 1014 1704 discusso,
1048 1639 1383 1695 verissimum
1408 1636 1576 1693 visum
1610 1645 1783 1705 putat,

512 1750 635 1804 qua
656 1734 791 1789 vidit
820 1747 1047 1803 quaeque
1072 1731 1240 1785 audiit
1269 1730 1319 1783 in
1347 1744 1410 1783 eo
1445 1729 1774 1797 spectaculo.

516 1822 769 1877 Plotinus
791 1837 919 1892 ergo
954 1821 1184 1877 advocat
1213 1820 1575 1887 Philippicum

519 1931 742 1970 carcere
775 1930 840 1968 ex
867 1912 1093 1984 injuste,
1125 1913 1359 1969 vinculis
1391 1912 1672 1974 detractis,

513 2008 665 2079 queis
696 2006 1003 2078 suspicione
1030 2014 1210 2062 motus
1237 2019 1358 2058 eum
1390 2014 1745 2072 gravaverat;

513 2114 702 2171 pacem
736 2098 993 2168 impertit,
1023 2097 1235 2152 veniam
1261 2097 1498 2152 vicissim

516 2195 914 2262 praeteritarum
947 2192 1199 2263 impetrat
1227 2188 1573 2257 injuriarum.

511 2284 717 2340 Horum
746 2295 1019 2355 gestorum
1050 2283 1170 2339 talis
1198 2283 1302 2337 luit
1335 2282 1533 2334 exitus.

515 2377 651 2431 Exin
679 2377 949 2431 exercitus
978 2390 1123 2432 metu
1152 2374 1412 2430 seditioso

512 2472 895 2539 imperatorem
929 2470 1250 2524 acclamavit
1280 2466 1546 2530 Phocam,

508 2563 603 2632 qui
632 2562 800 2618 fretus
831 2562 1001 2617 armis
1029 2560 1347 2632 Byzantium
1378 2560 1619 2618 veniens,

511 2663 800 2709 stemmate
837 2662 1061 2708 ornatur
1097 2666 1256 2705 manu
1281 2647 1711 2719 archipraasulis,

510 2745 632 2800 Mox
662 2747 894 2814 pretium
925 2758 1105 2815 operte
1135 2743 1404 2797 facturum
1428 2756 1485 2797 se
1516 2740 1745 2811 putavit,

510 2839 555 2894 si
584 2839 826 2895 Mauricii
859 2852 1029 2912 genus
1050 2849 1210 2893 omne
1236 2836 1547 2905 perimeret.

510 2931 866 2997 Quamobrem
893 2929 961 2985 de
997 2926 1251 2983 mandato
1278 2925 1485 2981 cruenti
1523 2922 1714 2987 animi,

509 3022 706 3080 Phocea
736 3022 972 3093 tyranni,
997 3022 1240 3091 inquam,
1271 3014 1666 3077 scelestissimi,

508 3117 691 3186 (mitto
711 3115 853 3169 enim
881 3113 1138 3182 quidquid
1170 3109 1547 3164 intermedium
1573 3105 1800 3173 exstitit)

507 3206 765 3278 principis
791 3201 937 3259 uxor
956 3202 1219 3272 liberique
1240 3199 1419 3271 gladio

508 3298 810 3352 cmduntur.
839 3297 1044 3350 Aderat
1073 3305 1325 3364 spectans
1368 3292 1665 3347 Mauricius

507 3389 817 3457 caedemque
845 3387 1068 3442 heroico
1102 3386 1368 3440 tolerabat
1411 3384 1610 3449 animo,

505 3480 706 3551 gratias
731 3480 840 3534 imo
874 3479 984 3533 Deo
1014 3477 1083 3533 ob
1107 3476 1348 3532 eamdem
1384 3490 1567 3546 agens.

511 3581 630 3646 Ipse
655 3575 722 3641 ad
756 3585 1061 3628 extrenmm
1095 3588 1225 3626 nece
1259 3570 1456 3639 iniusta
1496 3570 1676 3640 periit.

506 3664 619 3720 Rex
650 3665 738 3719 hic
765 3665 1126 3734 quadraginta
1149 3663 1349 3719 Christi
1383 3675 1681 3733 martyrum

509 3758 767 3828 templum
796 3756 1029 3811 absolvit
1055 3770 1259 3810 ornans
1285 3756 1532 3818 miriﬁce,

506 3866 699 3919 nempe
724 3849 869 3921 quod
905 3847 1158 3904 Tiberius
1189 3857 1398 3903 struere
1439 3856 1698 3916 coeperat.

795 3998 1067 4058 PHOCAS
1096 3997 1481 4055 TYRANNUS
1512 3998 1625 4055 AN.
1658 3996 1798 4054 Vill.

508 4111 717 4168 Phocas
750 4114 1034 4185 tyrannice
1066 4128 1290 4182 regnum
1320 4113 1631 4182 occupavit,

509 4204 754 4260 nefarius
781 4205 967 4269 homo,
1007 4205 1393 4275 sanguinarius
1422 4205 1656 4262 animus,

508 4312 685 4353 saevus
711 4307 995 4369 tyrannus,
1024 4296 1236 4352 cruoris
1264 4297 1416 4352 canis
1452 4305 1730 4363 appetens,

508 4387 849 4454 mulierosus,
876 4397 1230 4454 comessator,
1259 4387 1530 4451 ebriosus,

506 4480 714 4549 imperii
737 4478 992 4547 dedecus,
1024 4479 1107 4534 vel
1143 4479 1314 4549 magis
1343 4477 1590 4543 exitium,

505 4572 876 4642 prosperitatis
915 4571 1177 4626 Romana:
1205 4584 1449 4635 eversor,

504 4660 752 4716 carnifex
780 4662 984 4733 p0puli,
1014 4662 1248 4728 daemon,
1272 4672 1327 4717 et
1352 4660 1532 4724 labes;

513 4770 671 4824 aqua,
707 4756 846 4827 igne,
877 4755 1033 4822 mari,
1060 4754 1257 4823 gladio,
1285 4753 1538 4824 perdens,

513 4848 648 4903 alios
676 4848 987 4902 tristissimo
1009 4847 1165 4920 (proh
1195 4847 1465 4901 miseriam
1489 4844 1529 4915 ι)

511 4939 644 4994 alios
674 4940 995 4995 imminulos
1030 4940 1278 5009 corporis
1311 4939 1559 5008 partibus

505 5034 689 5088 sinens
715 5032 1062 5104 ignominiam
1099 5047 1256 5087 suam
1292 5029 1673 5088 circumferre.

506 5122 640 5178 Dum
669 5124 757 5179 hic
779 5124 973 5193 ignave
998 5122 1205 5178 desidet
1231 5122 1377 5177 domi

501 5228 631 5268 eoas
662 5214 1008 5269 incursarunt
1038 5214 1347 5284 provincias
1382 5215 1598 5270 Persas:

504 5305 674 5361 armis
706 5306 988 5375 pulsarunt
1015 5306 1151 5363 lines
1181 5306 1534 5377 Cappadocas
1557 5346 1572 5372 ,

505 5399 814 5455 Galatarum
839 5408 1013 5455 terras
1034 5408 1088 5454 et
1111 5398 1537 5472 Paphlagonum,

505 5512 570 5549 ex
603 5494 904 5567 leesyria
935 5505 1241 5568 cunctaque
1266 5496 1526 5552 Armenia

507 5587 715 5656 praedas
746 5595 975 5658 egerunt
1000 5603 1171 5659 usque
1195 5587 1631 5645 Chalcedonam:

510 5688 622 5738 tum
656 5680 998 5738 Palaestinam
1027 5690 1084 5738 et
1116 5681 1250 5739 ﬁnes
1280 5681 1594 5738 Phoenicios

587 5797 697 5870 19.2))
736 5799 856 5857 llaec
882 5800 1380 5875 Phocaevorissima
1409 5800 1732 5868 vituperatio
1760 5816 1985 5865 prorsus
2034 5802 2273 5858 inﬁrmat
2302 5800 2459 5855 (idem
2493 5796 2777 5853 laudativa}
2822 5797 3191 5863 inscriptionis
3242 5796 3324 5853 his
3366 5794 3521 5850 annis
3553 5793 3605 5847 in
3641 5792 3756 5862 lto-

2138 460 2175 516 1

2114 3132 2159 3192 C

2421 553 2606 639 Ἔδοξε
2630 555 2763 625 γοῦν
2790 574 2841 610 τι
2868 558 2991 613 κατ’
3018 549 3154 629 ὄναρ
3203 557 3348 612 οὕτω
3382 557 3618 628 βλέπειν,

2416 647 2557 700 Πολύ
2592 649 2873 721 τιγλῆθος
2896 651 3148 721 γηγενῶν
3182 650 3526 720 παρεστάναι
3607 697 3610 701 .

2429 734 2691 810 Ἀνδριῗοδ,
2718 742 2998 809 γυναικῶν
3026 741 3196 796 εικόνι
3223 742 3315 795 τοῦ
3337 740 3631 806 Δεσπότου,

2237 828 2377 885 1270
2410 829 2702 903 Καταὸοᾷν
2731 832 2793 885 τέ
2819 849 2961 903 σφας
2985 832 3216 896 ἄνακτος
3247 834 3343 886 σὺν
3376 832 3525 902 γόοις

2407 921 2586 976 Αὐτοῦ
2616 923 2891 989 συνόντος,
2926 924 3395 995 συμπαρεστῶτος
3417 922 3627 992 τρόμῳ.

2408 1015 2604 1085 Φωνῆς
2631 1015 2679 1067 τ’
2714 1014 2937 1071 ἀκούειν
2979 1015 3189 1076 εἰκόνες
3214 1013 3577 1084 προῖγμένης,

2410 1106 2522 1160 Ποῦ
2552 1107 2664 1159 τῶν
2693 1107 2883 1161 κακῶν
2921 1106 3166 1177 βούλοιτο
3193 1105 3381 1160 δοῦναι
3414 1104 3514 1176 τὴν
3543 1104 3699 1172 δίκην

2408 1200 2515 1253 Τὸν
2537 1198 2634 1253 τοῦ
2668 1199 2878 1269 μύσους
2901 1200 3076 1253 αἴτιον
3104 1200 3169 1252 ἐκ
3202 1196 3527 1266 φειδωλίαςς

2234 1291 2371 1345 1275
2421 1291 2673 1347 Ἐνταῦθ“
2705 1294 2841 1346 ὅπου
2888 1293 3107 1364 μέτριον
3129 1289 3282 1343 ἔσται
3313 1290 3377 1342 τὸ
3407 1288 3631 1358 τρύχον,

2415 1384 2484 1439 Ἥ
2513 1387 2634 1448 ταῖς
2660 1385 2872 1437 ἐκεὶθεν
2899 1382 3375 1454 παραωμφθῆναι
3401 1380 3578 1441 δίκαις
3604 1396 3619 1444 ;

2409 1476 2513 1529 Τὸν
2547 1477 2594 1530 δ’
2620 1470 2726 1531 ὦδε
2766 1476 2934 1546 φάναι
2966 1476 3226 1530 συνιέντα
3256 1473 3353 1529 τοῦ
3385 1473 3571 1542 λόγου·

2409 1565 2793 1637 Παραδοθῆναι
2819 1565 3005 1619 λοιπὸν
3048 1565 3214 1635 Φωκᾷ
3248 1561 3573 1633 προσκλύει.

2413 1656 2624 1711 Ὕπνου
2653 1658 2701 1711 δ’
2731 1657 2974 1720 ἀνέντος.
3008 1655 3160 1725 ὕπαρ
3188 1657 3289 1709 οὐκ
3315 1653 3453 1725 δναρ
3501 1655 3697 1724 κρίνει,

2234 1749 2370 1806 1280
2406 1743 2507 1802 Ὧν
2529 1744 2690 1815 εἶδεν,
2716 1741 2791 1803 ὧν
2813 1748 3047 1820 ἤκουσεν
3079 1743 3339 1819 εἶναιτὴν
3376 1747 3523 1801 θέαν.

2404 1840 2817 1903 Μετακαλεῖται,
2835 1840 3167 1894 Φιλιππικὸν
3195 1837 3296 1892 οὖν
3324 1838 3496 1907 τάχος

2406 1931 2643 2004 Είρκτῆς
2669 1948 2730 1986 τε
2760 1932 2979 2002 δεσμῶν
3007 1932 3121 1985 τῶν
3150 1932 3350 1986 ἀδίκων
3374 1928 3610 1990 ἐκλύσας

2404 2020 2500 2086 Οἷς
2528 2024 2694 2078 αὐτὸν
2724 2023 3003 2091 ἐξέθλιϐεν
3037 2022 3097 2087 ἐξ
3124 2022 3387 2092 ὑποψίας.

2408 2113 2521 2171 Καὶ
2551 2114 2842 2169 σπένδεται
2870 2131 2935 2182 γε
2968 2114 3061 2167 καὶ
3101 2112 3393 2182 κομίζεται
3425 2112 3581 2167 λύσιν

2232 2204 2369 2261 1285
2406 2200 2509 2259 Ὧν
2537 2205 2701 2283 αὐτὸν
2734 2194 3033 2276 εἶργάσατο
3056 2203 3243 2259 κακῶν
3263 2202 3488 2265 ἀδίκως.

2403 2292 2515 2345 Kal.
2550 2291 2725 2347 ταῦτα
2759 2294 2860 2365 μὲν
2892 2294 3183 2364 πέπρακτο
3213 2294 3366 2348 τόνδε
3398 2292 3488 2345 τὸν
3514 2293 3738 2371 τρόπον..

2410 2384 2476 2438 Ἠ
2500 2385 2557 2439 δὲ
2587 2388 2817 2456 στρατιὰ
2845 2385 3183 2440 στασιάσασα
3211 2384 3344 2439 τότε

2398 2477 2595 2531 Φωκᾶν
2626 2477 3014 2549 ἀνηγόρευσαν
3047 2480 3128 2541 είς
3161 2476 3407 2549 βασιλέαο
3526 2554 3552 2564 .-

2398 2567 2538 2623 Μεθ’
2565 2564 2628 2624 οὗ
2655 2569 2811 2623 πόλιν
2843 2569 3109 2639 φθάνουσι
3134 2568 3233 2639 τὴν
3265 2567 3540 2639 βασιλίδα,

2230 2657 2369 2733 1290
2407 2659 2516 2714 Καὶ
2536 2661 2839 2715 ταινιοῦται
2885 2660 3167 2733 παλάμαις
3199 2659 3519 2732 ἀρχιθύτου”

2400 2751 2734 2823 Σπούδασμα
2765 2752 3043 2824 προῦργου
3088 2751 3225 2822 τῷδε
3260 2749 3448 2804 λοιπὸν
3482 2750 3697 2819 γίνεται

2402 2840 2477 2897 Τὸ
2529 2841 2836 2912 Μαυρίκιον
2872 2840 3118 2911 παγγενῆ
3148 2839 3333 2896 δοῦναι
3367 2838 3536 2908 ξίφει.

2406 2932 2571 2987 Ὅθεν
2605 2931 2875 2998 κελεύσει,
2910 2931 3012 3003 φεῦ
3046 2933 3272 3002 φονικῆς
3303 2932 3555 3011 καρδίας.

2375 3012 2379 3017 ’
2407 3025 2574 3078 Φωκᾶ
2596 3025 2865 3095 τυράννου
2899 3024 3054 3078 τοῦδε
3094 3020 3187 3076 καὶ
3212 3023 3594 3093 φαυλεργάτου

2234 3118 2372 3175 1Ξ95
2409 3119 2502 3170 Δεῖ
2525 3119 2636 3189 γὰρ
2666 3118 3026 3189 ἐπιτρέχοντα
3051 3115 3232 3170 λιπεῖν
3267 3117 3369 3169 τάν
3397 3116 3571 3186 μέσῳ,

2405 3212 2546 3281 Γυνή
2574 3228 2637 3264 τε
2672 3210 2863 3275 παῖδες
2910 3210 3286 3281 ὲκθερίζονται
3319 3207 3487 3277 ξίφει,

2405 3303 2510 3356 Τοῦ
2539 3301 2850 3373 Μαυρικίου
2882 3301 3271 3370 συμπαρόντος
3302 3300 3630 3372 δρωμένοις,

2403 3396 2516 3449 Καὶ
2552 3392 2652 3457 τὰς
2688 3395 2905 3462 σφαγὰς
2941 3395 3205 3463 φέροντος
3233 3391 3697 3464 ἁνδρειοφρόνως,

2405 3487 2513 3540 Καὶ
2544 3486 2718 3541 τῶνδε
2742 3487 2906 3557 χάριν
2949 3488 3026 3558 τῷ
3058 3486 3176 3556 Θεῷ
3204 3484 3558 3549 καὶειδότοςω

2232 3577 2369 3633 1500
2408 3579 2625 3644 Καύτδς
2650 3579 2806 3643 τέλος
2845 3577 3111 3649 τέθνηκεν
3141 3577 3313 3648 ἀδίκῳ
3343 3576 3543 3647 κρίσει.

2404 3665 2575 3734 Uir-ro;
2599 3670 3014 3743 τεσσαράκοντα
3038 3669 3278 3740 Χριστοῦ
3317 3666 3619 3741 μαρτύρων

2402 3762 2559 3816 Νεὼν
2586 3763 2785 3816 τελειοί
2802 3762 3117 3832 φαιδρύνας,
3136 3762 3277 3833 ὑπὲρ
3298 3761 3421 3815 λίαν

2402 3857 2447 3909 Π
2457 3856 2550 3927 ρος
2575 3855 2833 3927 Τισερίου
2868 3854 3101 3918 κτίσεως
3130 3855 3260 3926 πρὶν
3285 3852 3593 3925 ἠργμένης.

2401 4065 2404 4068 ,
2499 4003 2729 4057 cattas
2776 4003 2820 4057 o
2852 3999 3222 4056 τΥΡΑΝΝοΣ
3252 3964 3362 4056 air.
3395 3999 3483 4056 ιιι.

2402 4116 2598 4178 Φωκᾶς
2625 4117 2884 4188 τυραννεῖ
2908 4111 3006 4167 τοῦ
3039 4111 3316 4186 βασιλείου
3337 4110 3601 4183 κράτους,

2230 4206 2369 4264 1505
2419 4209 2580 4289 Ἀνῂρ
2603 4208 2863 4279 ἀποφρὰς
2892 4204 3208 4276 αἱμοχαρὴς
3243 4202 3471 4274 καρδία,

2408 4300 2682 4371 Τύραννος
2716 4300 2865 4371 ὠμὸς
2899 4300 2994 4354 καὶ
3024 4296 3358 4367 φιλαίματος
3385 4294 3558 4359 κύων,

2407 4389 2825 4461 Γυναικομανὴς
2851 4388 2946 4441 καὶ
2965 4386 3202 4455 φίλοινος
3235 4385 3332 4439 καὶ
3364 4384 3555 4453 πόσης,

2404 4481 2716 4552 Αύταρχίας
2744 4479 2949 4542 ὄνειδος
2979 4478 3011 4550 ἢ
3046 4477 3247 4549 μᾶλλον
3278 4474 3448 4545 λύμη,

2412 4575 2535 4628 Τῶν
2574 4572 2901 4643 Ῥωμαϊκῶν
2932 4569 3234 4642 ἀφανιστὴς
3268 4567 3630 4640 πραγμάτων,

3703 346 3777 408 Gil

2414 452 2529 514 Ὧδ’
2558 464 2956 536 εἰσπραχθῆναι
2989 468 3136 535 σχεῖν
3157 482 3218 519 τε
3247 464 3436 520 κακῶν
3463 465 3569 535 τὴν
3595 466 3766 524 λύσιν.

2224 4669 2360 4724 1510
2407 4668 2700 4736 ’Υπηκόων
2717 4665 2932 4736 δήμιος,
2957 4664 3234 4735 ἀλάστωρ,
3265 4661 3512 4733 φθορδς,¹

2403 4760 2625 4821 ’Υδατι,
2659 4759 2817 4828 πυρὶ,
2856 4757 2952 4811 καὶ
2975 4756 3223 4827 Θαλάσσῃ
3251 4755 3347 4809 καὶ
3373 4752 3520 4822 ξίφει

2404 4854 2666 4907 Οίκτιστα
2692 4853 2820 4915 τοὺς
2853 4851 2955 4921 μὲν
2978 4849 3247 4913 ἐκδιδοὺς,
3283 4846 3388 4917 φεῦ
3411 4847 3507 4901 τοῦ
3537 4846 3773 4909 πάθους.

2405 4944 2526 4996 Τῶν
2552 4942 2596 4996 δ’
2622 4941 2688 4995 αὖ
2720 4940 2876 5010 μέλος
2912 4942 2976 5008 μέ
2987 4956 3081 5012 ρος
3117 4955 3171 4992 τι
3201 4941 3454 5008 σώματος
3485 4936 3723 5009 τέμνων,

2403 5036 2751 5105 Περινοστεῖν
2781 5032 2981 5095 ὄνειδος
3012 5034 3100 5086 εία
3134 5033 3216 5101 τῷ
3246 5031 3347 5102 βίῳ
3373 5031 3512 5103 (‘23).

2230 5128 2369 5186 1515
2407 5121 2483 5197 οὗ
2516 5126 2761 5198 ῥᾳθυμίᾳ
2788 5127 3004 5195 συνεχεῖ
3029 5125 3077 5178 τ’
3105 5124 3357 5197 οίκουρίᾳ

2420 5219 2563 5272 Ἐῶα
2588 5218 2797 5288 Πέρσαι
2829 5216 3177 5286 κατέδραμον
3208 5217 3407 5287 χωρία,

2412 5310 2679 5379 Ἐπῆλθον
2708 5308 2897 5372 ὅπλοις
2923 5308 3322 5375 Καππαδοκίας
3349 5310 3520 5381 ὅροις,

2406 5403 2518 5457 Καὶ
2548 5398 2817 5463 Γαλατίας
2849 5399 2943 5454 καὶ
2976 5400 3351 5471 Παφλαγόνων
3379 5404 3591 5468 τόποις,

2412 5493 2611 5563 Κοίλης
2635 5491 2863 5562 Συρίας,
2895 5492 2997 5563 τῆς
3022 5492 3152 5563 ὅλης
3202 5491 3523 5563 Ἀρμενίας,

2236 5584 2371 5641 15Ξο
2412 5584 2816 5652 Λεηλατοῠντες
2843 5584 2940 5638 καὶ
2980 5585 3145 5655 μέχρι
3198 5582 3561 5654 Χαλκηδόνος,

2414 5676 2786 5747 Παλαιστίνην
2815 5676 2873 5730 δὲ
2897 5676 2990 5730 καὶ
3019 5675 3216 5739 τόπους
3244 5675 3343 5746 τῆς
3374 5673 3628 5743 Φοινίκης
3736 5731 3753 5734 -

2856 5926 2869 5955 \

3782 5122 3797 5172 l
