4070 6536
1676 185 1684 214 l

535 343 615 404 x63
1663 348 2067 408 ΕΡΙΙΒᾸΞΜΗ
2110 349 2715 421 CIIHONOGRAPIU
3711 367 3781 431 εἰ

549 472 756 528 proque
783 457 1070 513 dilatandis
1101 459 1262 514 ctiam
1293 459 1504 530 imperii
1538 458 1752 526 finibus,

537 569 772 625 'prorsus
805 563 866 607 ut
899 568 1010 608 rem
1045 551 1341 606 Romanam
1374 553 1709 608 restitueret.

533 645 700 700 'Tunc
727 653 902 700 autem
933 644 1174 700 Persidis
1202 653 1489 714 regnatore
1521 644 1794 700 Chrosroe

545 753 674 794 eoas
707 737 905 807 ubique
948 746 1120 793 terras
1151 737 1510 806 depraeclante,

535 834 684 888 dines
715 847 932 902 quoque
963 831 1252 886 inv’adente
1283 831 1618 892 Palzrstinos,

534 928 618 980 'ita
653 934 710 978 ut
734 924 1049 995 Theopolim
1082 926 1250 993 ipsam
1279 922 1494 977 Sionem
1519 923 1751 992 ceperit;

533 1019 989 1074 Christicolarum
1014 1018 1169 1086 periit
1201 1019 1496 1070 immensus
1519 1029 1772 1070 numerus
1863 1003 1870 1009 ’

545 1110 713 1164 millia
749 1110 1029 1163 hominum
1057 1108 1264 1162 scilicet
1297 1107 1616 1176 nonaginta;
1673 1138 1677 1142 -

539 1203 732 1272 partim
765 1203 817 1255 in
845 1202 961 1270 ipso
984 1201 1168 1270 praalio
1201 1201 1391 1272 gladiis
1420 1216 1579 1262 c:csa,

535 1292 733 1361 partim
769 1292 894 1347 dolo
943 1291 1287 1348 Hebraeorum
1324 1291 1686 1359 pessumdata.

536 1387 742 1458 Quippe
776 1388 828 1442 hi
863 1389 1103 1457 captivos
1127 1387 1495 1442 fraudulenter
1521 1394 1750 1455 emptos,

539 1482 687 1536 tcnni
716 1495 942 1551 repensa
968 1477 1223 1536 Barbaris
1245 1478 1494 1550 pecunia,

537 1576 781 1644 protinus
815 1575 1034 1647 gladiis,
1067 1589 1164 1644 pro
1193 1574 1382 1629 dolor!
1428 1567 1814 1626 conficiebant.

531 1668 762 1723 'lSarbari
794 1664 971 1722 Sinnis
1002 1676 1272 1736 pastorem
1297 1678 1623 1730 sacrumque
1646 1663 1847 1729 lignum

526 1761 590 1812 :iu
617 1759 886 1814 Persidem
915 1761 1251 1814 abduxerunt
1273 1755 1502 1826 patriam
1533 1763 1708 1809 suam.

525 1851 662 1906 illaec
691 1852 986 1920 imperator
1015 1848 1238 1903 audiens
1282 1847 1604 1914 angebatur,

526 1957 726 2010 nempe
755 1942 980 1994 militum
1013 1953 1239 1994 numero
1272 1939 1528 2007 pauciore
1553 1938 1882 1998 instructus,

523 2034 661 2086 nitent
697 2031 936 2101 pecunia:
959 2030 1162 2085 auxilio
1197 2030 1508 2093 destitutus,

521 2125 821 2192 .quominus
850 2127 1058 2179 hostem
1089 2125 1376 2178 barbarum
1404 2121 1764 2190 propulsaret.

533 2216 652 2269 Mox
689 2226 865 2270 tamen
895 2231 1024 2285 opes
1059 2228 1519 2281 numerosumque
1551 2212 1848 2266 exercitum

532 2321 918 2377 armorumque
946 2315 1260 2376 apparatum
1283 2315 1405 2373 apte
1437 2304 1734 2366 instruens,

518 2399 756 2467 pecunia
799 2414 829 2453 e
855 2399 1068 2468 templis
1099 2408 1338 2451 mutuata
1376 2398 1570 2468 gratis,

529 2491 758 2544 collecto
788 2492 852 2545 de
885 2491 1178 2559 provinciis
1202 2492 1397 2546 idoneo
1429 2490 1616 2551 milite,

516 2586 788 2639 adversus
818 2584 1110 2640 Chosroem
1138 2584 1248 2639 Deo
1276 2585 1568 2638 vit-torioso
1597 2583 1764 2638 frctus

529 2692 651 2731 cum
677 2677 922 2732 exercitu
959 2678 1011 2730 in
1048 2676 1322 2732 Persidem
1351 2677 1480 2730 facit
1506 2677 1783 2746 impetum.

529 2769 666 2821 Exin
705 2766 942 2838 vigorem
985 2766 1180 2821 animis
1209 2769 1471 2821 subdente
1503 2766 1634 2833 Deo,

513 2859 778 2914 *victorias
801 2858 1026 2922 nobiles,
1047 2857 1323 2928 Splendida
1353 2858 1610 2926 trophtea,

527 2969 620 3006 rex
653 2951 764 3006 illic
791 2967 1030 3022 praesens
1063 2952 1247 3007 retulit
1277 2953 1345 3007 de
1379 2949 1662 3006 Barbaris.

532 3044 744 3100 Occidit
776 3045 918 3101 enim
940 3043 1172 3098 hostium
1205 3054 1448 3097 catervas
1485 3043 1770 3110 plurimas,

525 3143 762 3210 przedam
791 3137 988 3210 abegit,
1022 3137 1304 3192 manubias
1327 3137 1573 3199 abstulit,

512 3241 721 3294 strage,
757 3229 898 3299 igne,
936 3229 1190 3283 vastitate
1219 3228 1424 3281 attrivit
1448 3227 1734 3282 Barbaros.

525 3321 618 3377 llis
642 3320 924 3375 Heraclius
959 3320 1185 3390 patratis
1217 3319 1355 3373 intra
1383 3319 1724 3383 sexennium,

509 3422 642 3481 post
669 3423 915 3468 sanctum
945 3413 1150 3483 lignum
1181 3425 1302 3466 cum
1331 3411 1513 3465 Sionis
1543 3411 1768 3480 praesule

515 3506 910 3574 Hierosolymis
940 3519 1128 3560 rursus
1152 3503 1501 3568 collocatum,

512 3599 582 3652 ad
614 3600 814 3666 regiam
840 3599 1026 3653 urbem
1052 3596 1280 3665 septimo
1311 3596 1601 3650 revertitur

421 3672 435 3674 ἐν
519 3687 746 3742 miriﬁca
773 3679 958 3742 latitia
985 3687 1298 3742 redundans
1331 3701 1493 3754 anno,

509 3777 732 3847 hymnis
762 3776 1060 3831 innumeris
1089 3777 1402 3832 celebratus
1433 3778 1638 3848 populi,

505 3871 676 3923 heros
706 3878 762 3924 et
785 3869 954 3924 victor
990 3869 1314 3938 prmdicatus
1351 3871 1568 3928 nobilis.

513 3959 616 4015 llic
640 3976 730 4014 rex
763 3961 1088 4030 quibusdam
1119 3965 1426 4032 pastoribus
1460 3965 1730 4020 obnoxius

513 4053 596 4109 vel
626 4055 803 4125 potius
840 4057 1208 4122 mercenariis,
1243 4057 1352 4112 imo
1383 4067 1438 4111 et
1465 4057 1625 4126 lupis,

507 4165 573 4203 ex
604 4149 687 4202 his
717 4148 1046 4219 synchyticis
1087 4149 1420 4218 impurisque
1452 4150 1693 4204 fontibus

505 4241 802 4309 perniciem
835 4239 1132 4309 perpotavit
1166 4241 1576 4296 exsecrabilem.

509 4335 623 4386 Suh
648 4348 712 4386 eo
739 4331 1083 4388 Maltunietus
1110 4333 1289 4402 populi
1325 4335 1578 4388 seductor
1600 4331 1761 4388 fallax

509 4427 681 4492 turpis
717 4426 997 4478 atheorum
1029 4425 1280 4494 princeps
1301 4425 1698 4493 Agarenorum,

501 4516 750 4568 nefanda:
778 4515 1049 4586 religionis
1081 4525 1416 4582 antecessor,

500 4604 567 4655 ad
592 4602 864 4656 hominum
897 4601 1122 4658 exitium
1154 4603 1272 4657 orbi
1302 4602 1558 4660 innotuit.

481 4694 736 4752 Feminae
769 4694 858 4749 hic
887 4694 1010 4750 ditis
1029 4694 1268 4749 Persidis
1295 4710 1418 4750 cum
1443 4705 1601 4754 esset.
1624 4695 1882 4766 faumlus,

503 4788 786 4856 impostor,
819 4790 978 4840 homo
1006 4786 1300 4850 obscurus,
1327 4787 1497 4854 stirpe
1534 4787 1782 4859 ignobili,

493 4877 640 4931 hanc
676 4876 862 4931 habuit
885 4876 986 4931 tori
1011 4876 1212 4932 sociam
1245 4885 1298 4930 et
1326 4877 1563 4931 malitiae.

500 4969 635 5023 Exin
671 4970 840 5023 evasit
867 4970 1116 5039 princeps
1147 4970 1442 5039 ductorque
1465 4986 1642 5041 nugax

500 5063 684 5118 nescio
711 5079 818 5132 quo
843 5074 1003 5133 pacto
1033 5062 1170 5133 apud
1193 5063 1383 5133 Agara:
1410 5077 1681 5134 posteros.

492 5155 516 5206 ἃ
543 5159 643 5210 'cm
678 5156 1028 5225 progrediens
1059 5173 1126 5210 ex
1155 5155 1388 5213 Ethribi
1410 5153 1716 5230 regionibus

495 5248 807 5316 imperatori
840 5257 959 5317 post
987 5250 1266 5305 victoriam
1299 5252 1478 5308 reduci

486 5352 530 5392 σο
552 5353 808 5402 currens,
831 5341 1010 5393 sedem
1039 5341 1104 5393 ad
1134 5341 1469 5399 incolendmn
1498 5346 1690 5415 petiit;

500 5444 602 5496 qua
626 5444 746 5484 mox
777 5429 1081 5501 impetrata,
1113 5433 1322 5502 Syriam
1364 5437 1684 5508 incursavit,

499 5533 549 5574 ct
571 5520 935 5576 Romanorum
978 5525 1136 5580 terris
1166 5528 1324 5597 potiri
1361 5533 1545 5600 cmpit.
1861 5577 1870 5585 .

708 5612 1240 5674 CONSTANTINUS
1279 5621 1605 5680 [lEliACLll
1646 5624 1868 5684 FILIUS

1197 5711 1309 5767 AN.
1335 5713 1370 5767 Ι.

497 5798 788 5858 Pcslﬂuztm
817 5801 1096 5859 llcraclius
1125 5804 1284 5860 tinem
1312 5787 1438 5864 vitae
1453 5807 1730 5876 imposuit,

2147 466 2195 521 Α
2287 471 2289 486 .

2256 546 2395 610 1565
2449 557 2742 618 Ἐπάνοδόν
2776 582 2836 619 τε
2881 546 3209 641 Ῥωμαϊκῶν
3238 546 3603 642 πραγμάτωνν.

2439 467 2532 532 Εἷς
2551 487 2612 524 τε
2635 470 2955 546 πλατυσμδν
2980 476 3075 530 τοῦ
3098 479 3335 549 κράτους
3361 483 3781 551 σχοινισμάτων,

2421 650 2832 722 Δεηλατοῦντος
2865 659 3171 733 τηνικαῦτα
3201 665 3448 724 Χοσρόου

2418 742 2648 813 Περσῶν
2681 750 2988 823 κρατάρχου
3019 755 3196 809 πάντα
3227 756 3326 826 τῆς
3353 756 3470 810 Ἕω
3503 756 3666 827 μέρη,

2423 833 2888 908 Καταδραμόντος
2918 844 3014 898 καὶ
3039 845 3416 917 Παλαιστίνης
3454 847 3636 917 ὅρους.

2421 927 2556 983 Θεοῦ
2590 931 2748 986 πόλιν
2777 951 2837 987 τε
2867 935 2968 1007 τὴν
3003 936 3152 990 Σιὼν
3180 939 3482 1008 ἡλωκότος,

2245 1018 2382 1073 1370
2421 1021 2835 1096 Χριστωνύμων
2867 1029 3104 1098 ἐφθαρτο
3131 1031 3338 1102 πλῆθος
3372 1033 3564 1104 μυρίον

2441 1115 2530 1178 Ἐς
2563 1119 2844 1188 μυριάδων
2878 1121 3036 1176 ἐννέα
3065 1127 3422 1194 ποσουμὲνων
3451 1140 3470 1160 ο

2420 1207 2496 1260 Τὸ
2529 1209 2629 1278 μὲν
2653 1210 2905 1282 θερισθὲν
2933 1214 3102 1268 τῶνδε
3136 1217 3273 1287 πρὸς
3309 1219 3461 1292 μάχῃ
3498 1220 3668 1290 ξίφει,

2425 1299 2499 1364 Τδ
2527 1299 2573 1352 δ’
2604 1301 2673 1357 αὖ
2707 1305 2972 1372 φονὲυθὲν
3016 1306 3294 1378 Ἐϐραίων
3324 1316 3666 1385 κακουργίᾳ.

2423 1390 2871 1472 Ὦνούμενοιξγάρ
2903 1398 3286 1468 αἰχμαλώτους
3312 1401 3636 1474 δυστρόπως

2247 1482 2382 1538 1375
2419 1484 2642 1558 Μικρᾶς
2673 1486 2838 1556 τιμῆς
2871 1481 3028 1542 οὗτοί
3062 1505 3126 1558 γε
3163 1491 3299 1560 πρὸς
3327 1492 3437 1545 τῶν
3463 1493 3776 1565 Βαρϐάρων

2427 1575 2672 1647 ’Υπῆγον
2711 1577 2870 1642 εὐθὺς
2900 1582 2966 1650 τῇ
3003 1583 3145 1654 τομῇ
3177 1583 3280 1652 φεῦ
3307 1584 3403 1637 τοῦ
3433 1584 3640 1655 ξίφους.

2413 1667 2626 1738 Πέρσαι
2659 1669 2718 1722 δὲ
2753 1670 2890 1724 Σιὼν
2926 1673 3162 1743 ποιμένα
3187 1673 3307 1728 θεῖα
3332 1675 3468 1741 ξύλα

2426 1759 2514 1822 Ἐς
2547 1761 2767 1832 Περσίδ’
2801 1762 3094 1834 ἀπήγαγον
3125 1765 3309 1820 αὐτῶν
3339 1769 3593 1839 πατρίδα.

2417 1851 2587 1905 Ταῦθ’
2610 1855 2637 1906 ὁ
2671 1855 2894 1923 κρατῶν
2919 1857 3082 1924 γνοὺς
3117 1859 3482 1928 πυρπολεῖται
3515 1863 3770 1934 καρδίαν,

2242 1943 2379 1998 1580
2418 1944 2721 2015 Στράτευμ’
2747 1947 3008 2017 ἀποχρῶν
3036 1950 3306 2020 μηδαμῶς
3325 1954 3689 2024 κεκτημένοξν

2411 2034 2554 2105 Μηδ*
2583 2031 2651 2090 αὗ
2680 2036 2933 2106 δαπάνην
2967 2039 3272 2108 χρημάτων
3299 2043 3578 2112 ἀναλόγων

2411 2128 2505 2191 Εἰς
2533 2131 2976 2205 άντιπαλάμησιν
3004 2135 3215 2208 ἐχθρῶν
3262 2137 3588 2210 Βαρϐάρων.

2417 2220 2608 2290 Ὅμως
2637 2224 2693 2278 δὲ
2725 2226 2820 2280 καὶ
2851 2229 3113 2298 χρήματα
3137 2229 3234 2283 καὶ
3265 2231 3504 2303 στρατοῦ
3538 2233 3728 2300 στίοεος

2412 2313 2522 2367 Καὶ
2548 2317 2618 2370 τά
2649 2316 2783 2388 πρὸς
2815 2319 3090 2383 ἐξόπλισιν
3121 2321 3184 2376 εὖ
3214 2323 3554 2394 ἀπαρτίσας,

2211 2395 2375 2460 ’1585
2415 2406 2495 2460 Τὸ.
2524 2407 2626 2477 μὲν
2653 2409 2792 2479 πρὸς
2830 2412 2996 2465 οἴκων
3029 2413 3192 2484 ἱερῶν
3226 2415 3389 2486 χάριν
3428 2416 3623 2479 δάνους

2413 2497 2518 2550 Τὸν
2545 2499 2590 2552 δ’
2623 2500 2688 2553 ἐκ
2723 2501 2977 2572 θεμάτων
3011 2507 3344 2579 συναγείρας
3375 2508 3451 2572 ὡς
3474 2509 3616 2575 δέον,

2405 2590 2572 2644 Κατά
2597 2593 2841 2665 Χοσρόου
2865 2597 2962 2651 σὺν
2995 2598 3114 2668 Θεῷ
3142 2600 3300 2671 νίκης
3327 2600 3458 2684 δότῃ

2403 2685 2560 2739 Μετὰ
2610 2690 2867 2759 στρατιᾶς
2897 2690 3151 2746 ἐκϐάλλει
3188 2695 3253 2765 τῇ
3298 2695 3541 2764 Περσίδι.

2401 2777 2540 2830 Θεοῦ
2569 2779 2819 2836 τολοιπδν
2855 2782 3190 2852 ἐμπνέοντος
3222 2786 3282 2838 τὸ
3315 2786 3502 2851 σθένος

2233 2867 2373 2923 1590
2413 2869 2697 2942 Περιφανῆ
2727 2872 2965 2942 τρόπαια
2997 2878 3249 2943 γενναίας
3277 2877 3432 2944 νίκας

2417 2959 2570 3012 Ἐκεῖ
2602 2960 2794 3033 παρὼν
2817 2962 3049 3035 δέδρακε
3077 2965 3220 3019 κατά
3243 2967 3567 3038 Βαρϐάρων.

2409 3053 2662 3107 Ἔκτεινε
2701 3055 2796 3110 καλ⁵
2824 3054 2935 3127 γάρ
2969 3055 3275 3128 Βαρϐάρων
3315 3057 3575 3122 πλείστας
3619 3058 3765 3124 ἴλας,

2401 3148 2610 3201 Ἤλασε
2640 3148 2794 3202 λείαν
2819 3151 2914 3204 καὶ
2951 3148 3406 3221 λαφυραγωγίαν,

2396 3241 2549 3313 Δηῶν
2573 3242 2598 3294 ὲ
2607 3259 2677 3312 ρη
2687 3243 2803 3314 μῶν
2835 3243 3132 3314 πυρπολῶν
3163 3243 3232 3297 τά
3254 3242 3580 3314 Βαρϐάρων,

2223 3334 2362 3391 1595
2399 3333 2563 3388 Ταῦτ’
2601 3337 2660 3388 ἐν
2682 3336 2894 3407 χρόνοις
2921 3335 2980 3402 ἒξ
3021 3337 3342 3409 Ἡράκλειος
3367 3336 3596 3403 ἀνύσας,

2391 3426 2537 3480 Ξύλα
2561 3444 2620 3480 τε
2649 3427 2823 3482 σεπτά
2847 3429 2946 3483 καὶ
2973 3429 3116 3483 Σιὼν
3141 3429 3444 3501 ἀρχιθύτην

2406 3517 2766 3590 Ἰερουσαλὴμ
2796 3521 3220 3594 ἐγκαταστήσας
3254 3525 3434 3588 πόλει,

2395 3607 2542 3679 Πρὸς
2568 3609 2818 3680 βασιλίδα
2843 3611 3289 3684 καθυποστρέφει
3322 3613 3476 3668 πόλει

2406 3700 2495 3753 Ἐν
2525 3701 2740 3773 ἑϐδόμῳ
2770 3702 3034 3758 κάλλιστα
3065 3704 3278 3775 χαίρων
3299 3705 3378 3776 τῷ
3413 3705 3613 3776 χρόνῳ,

2219 3790 2358 3886 14οθ
2405 3791 2775 3863 ’Υμνούμενος
2797 3794 3064 3864 στόμασιν
3094 3798 3277 3852 ἀστῶν
3302 3799 3538 3870 μυρίων,

2403 3881 2626 3952 Ὀφθεὶς
2662 3883 2928 3954 ἀριστεὺς
2958 3886 3222 3954 γεννάδας
3251 3891 3573 3961 νικηφόρος.

2392 3969 2561 4040 Οὗτος
2593 3975 2850 4046 βασιλεὺς
2876 3977 3199 4050 ἐξομαρτῶν
3229 3983 3492 4053 ποιμέσιν

2396 4068 2468 4120 Ἢ
2509 4068 2714 4138 μᾶλλον
2752 4069 2929 4124 εἰπεῖν
2964 4071 3206 4142 μισθίοις
3232 4089 3294 4126 τε
3324 4074 3421 4128 καὶ
3453 4074 3642 4140 λύκοις

2402 4159 2496 4214 Ἐκ
2524 4161 2872 4231 συγχυτικῶν
2903 4163 2965 4216 οὐ
2999 4163 3260 4236 καθαρῶν
3296 4166 3558 4237 ναμάτων

2217 4252 2355 4308 1405
2404 4253 2740 4324 ’Δνατροπὴν
2771 4253 2982 4320 ποτίζει
3009 4256 3359 4327 βδελυκτὲαν.

2403 4344 2519 4414 Ἐφ’
2546 4336 2607 4398 οὗ
2631 4345 2956 4417 Μουχούμετ
2987 4347 3290 4411 λαοπλάνος
3315 4351 3407 4404 καὶ
3436 4351 3602 4422 φέναξ

2389 4436 2669 4508 Φύλαρχος
2695 4439 2920 4510 αἰσχρὸς
2957 4441 3277 4511 Ἀγαρηνῶν
3306 4442 3482 4497 ἀθέων

2393 4529 2506 4582 Καὶ
2531 4530 2892 4599 μυσταγωγὸς
2925 4531 3202 4600 ἀθεμίτων
3229 4533 3434 4604 ὀργίων

2382 4621 2734 4692 Φθισίϐροτος
2757 4621 2905 4696 λύμη
2939 4642 3025 4690 τις
3058 4625 3222 4696 ἐξέφυ
3268 4627 3390 4700 βίῳ.

2212 4713 2350 4769 1410
2396 4715 2494 4778 Ὃς
2523 4713 2600 4768 ὢν
2629 4716 2887 4784 γυναικὸς
2915 4719 3174 4789 Περσίδος
3209 4721 3308 4792 θὴς
3342 4722 3606 4789 πλουσίας

2401 4805 2566 4879 Ἀνὴρ
2595 4807 2729 4878 γόης
2757 4811 2974 4881 ἄσημος
3012 4811 3211 4883 ἀτίμου
3244 4813 3459 4882 γένους,

2386 4900 2646 4956 Σύνευνον
2675 4903 2801 4973 ἔσχε
2823 4904 2980 4974 τήνδε
3010 4908 3387 4976 κακοτεχνίας.
3419 4949 3423 4953 .

2388 4987 2525 5047 Εἷτα
2558 4993 2838 5065 φύλαρχος
2863 4995 2959 5050 καὶ
2985 4997 3309 5062 διδάσκαλος
3331 5000 3532 5064 πλάνος

2384 5085 2499 5138 υύκ
2526 5085 2623 5140 οἶδ’
2650 5087 2801 5150 ὅπως
2827 5087 3038 5156 γένοιτο
3077 5088 3187 5142 τῶν
3211 5091 3276 5144 ὲκ
3306 5091 3406 5161 τῆς
3435 5092 3642 5164 Ἅγαρ.

2212 5175 2352 5230 HIS
2391 5169 2560 5240 οὗτος
2598 5177 2804 5249 προῖὼν
2831 5178 2891 5243 ἐξ
2917 5179 3181 5251 Δίθρίϐου
3213 5181 3417 5253 χωρίον

2391 5269 2822 5339 Ὑποστρέφοντι
2856 5270 3071 5339 βασιλεῖ
3100 5275 3385 5347 νικηφόρῳ

2382 5361 2700 5433 Προσῆλθεν
2725 5363 2896 5416 αίτῶν
2927 5364 3112 5436 χῶρον
3149 5367 3230 5430 είς
3260 5368 3549 5423 κατοικίαν
3572 5384 3588 5400 ⁶

2378 5454 2484 5508 Καὶ
2529 5452 2864 5523 παραλαϐὼν
2898 5457 3212 5527 κατέδραμε
3247 5457 3474 5526 Συρίαν,

2385 5543 2496 5597 Καὶ
2539 5543 2865 5613 Ῥωμαϊκῶν
2898 5550 3240 5618 κατακρατεῖ
3271 5550 3512 5619 χωρίων.

2171 5631 2716 5689 ΚΩΝΣΤΑΝΤΙΝΟΣ
2755 5638 2796 5690 Ο
2838 5638 2995 5692 ΥΙΟΣ
3028 5640 3428 5697 ΠΒΛΚΛΕΙΟΥ
3486 5645 3594 5701 ΕΤ.
3649 5643 3728 5702 A'.

2207 5814 2343 5868 ιιεο
2383 5813 2485 5869 Tw}
2518 5815 2561 5867 δ’
2614 5815 2934 5886 Ἡρακλεία.
2969 5819 3054 5874 τὸν
3079 5819 3191 5889 βίον
3223 5807 3554 5890 ieiune-.0;
