  <div class='ocr_page' id='page_1' title='image "/cluster/home/n/w/nwhite01/storage/ocr_20150623/143/hvd.32044019208321/046.png"; bbox 0 0 4070 6524; ppageno 0'>
   <div class='ocr_carea' id='block_1_1' title="bbox 293 347 362 370">
    <p class='ocr_par' dir='ltr' id='par_1_1' title="bbox 293 347 362 370">
     <span class='ocr_line' id='line_1_1' title="bbox 293 347 362 370; baseline 0.043 -3"><span class='ocrx_word' id='word_1_1' title='bbox 293 347 362 370; x_wconf 61' lang='grc' dir='ltr'><strong>’.Ὗ</strong></span> 
     </span>
    </p>
   </div>
   <div class='ocr_carea' id='block_1_2' title="bbox 301 373 354 408">
    <p class='ocr_par' dir='ltr' id='par_1_2' title="bbox 301 373 354 408">
     <span class='ocr_line' id='line_1_2' title="bbox 301 373 354 408; baseline 0 0"><span class='ocrx_word' id='word_1_2' title='bbox 301 373 354 408; x_wconf 79' lang='lat' dir='ltr'><strong>l.&#39;</strong></span> 
     </span>
    </p>
   </div>
   <div class='ocr_carea' id='block_1_3' title="bbox 329 458 1580 542">
    <p class='ocr_par' dir='ltr' id='par_1_3' title="bbox 329 458 1580 542">
     <span class='ocr_line' id='line_1_3' title="bbox 329 458 1580 542; baseline 0.011 -32"><span class='ocrx_word' id='word_1_3' title='bbox 329 458 469 511; x_wconf 67' lang='lat' dir='ltr'><strong>i753</strong></span> <span class='ocrx_word' id='word_1_4' title='bbox 507 459 582 529; x_wconf 73' lang='grc' dir='ltr'>Τῇ</span> <span class='ocrx_word' id='word_1_5' title='bbox 615 459 659 513; x_wconf 80' lang='grc' dir='ltr'>δ’</span> <span class='ocrx_word' id='word_1_6' title='bbox 687 461 940 536; x_wconf 66' lang='grc' dir='ltr'>εὶτεϐεέᾳ</span> <span class='ocrx_word' id='word_1_7' title='bbox 969 467 1167 534; x_wconf 72' lang='grc' dir='ltr'>μᾶλλον</span> <span class='ocrx_word' id='word_1_8' title='bbox 1205 470 1580 542; x_wconf 74' lang='grc' dir='ltr'><strong>ἠγλαϊσμένῳ.</strong></span> 
     </span>
    </p>
   </div>
   <div class='ocr_carea' id='block_1_4' title="bbox 504 552 1515 633">
    <p class='ocr_par' dir='ltr' id='par_1_4' title="bbox 504 552 1515 633">
     <span class='ocr_line' id='line_1_4' title="bbox 504 552 1515 633; baseline 0.014 -30"><span class='ocrx_word' id='word_1_9' title='bbox 504 552 808 608; x_wconf 59' lang='lat' dir='ltr'><strong>tunam:</strong></span> <span class='ocrx_word' id='word_1_10' title='bbox 841 574 924 609; x_wconf 76' lang='grc' dir='ltr'>τις</span> <span class='ocrx_word' id='word_1_11' title='bbox 956 562 1014 612; x_wconf 86' lang='grc' dir='ltr'>ἐν</span> <span class='ocrx_word' id='word_1_12' title='bbox 1041 563 1235 631; x_wconf 79' lang='grc' dir='ltr'><strong>θέματ⁹</strong></span> <span class='ocrx_word' id='word_1_13' title='bbox 1269 563 1515 633; x_wconf 74' lang='grc' dir='ltr'>Ὀψικίου</span> 
     </span>
    </p>
   </div>
   <div class='ocr_carea' id='block_1_5' title="bbox 503 644 1756 722">
    <p class='ocr_par' dir='ltr' id='par_1_5' title="bbox 503 644 1756 722">
     <span class='ocr_line' id='line_1_5' title="bbox 503 644 1756 722; baseline 0.01 -27"><span class='ocrx_word' id='word_1_14' title='bbox 503 644 640 697; x_wconf 79' lang='grc' dir='ltr'><strong>Κατ’</strong></span> <span class='ocrx_word' id='word_1_15' title='bbox 685 647 969 718; x_wconf 73' lang='grc' dir='ltr'>Ἀρῤάϐων</span> <span class='ocrx_word' id='word_1_16' title='bbox 1001 653 1318 722; x_wconf 87' lang='grc' dir='ltr'>στράτευμα</span> <span class='ocrx_word' id='word_1_17' title='bbox 1355 657 1599 709; x_wconf 83' lang='grc' dir='ltr'><strong>κινοῦντι</strong></span> <span class='ocrx_word' id='word_1_18' title='bbox 1637 655 1756 708; x_wconf 84' lang='grc' dir='ltr'>τότε</span> 
     </span>
    </p>
   </div>
   <div class='ocr_carea' id='block_1_6' title="bbox 515 735 1686 816">
    <p class='ocr_par' dir='ltr' id='par_1_6' title="bbox 515 735 1686 816">
     <span class='ocr_line' id='line_1_6' title="bbox 515 735 1686 816; baseline 0.011 -29"><span class='ocrx_word' id='word_1_19' title='bbox 515 735 736 808; x_wconf 75' lang='grc' dir='ltr'>Ἐνὲδρκ</span> <span class='ocrx_word' id='word_1_20' title='bbox 769 739 916 810; x_wconf 80' lang='grc' dir='ltr'>δεινὴ</span> <span class='ocrx_word' id='word_1_21' title='bbox 955 743 1089 814; x_wconf 78' lang='grc' dir='ltr'>πρὸς</span> <span class='ocrx_word' id='word_1_22' title='bbox 1123 747 1385 816; x_wconf 73' lang='grc' dir='ltr'>στρατιᾶς</span> <span class='ocrx_word' id='word_1_23' title='bbox 1414 747 1686 816; x_wconf 68' lang='grc' dir='ltr'>ὲγκρίτων</span> 
     </span>
    </p>
   </div>
   <div class='ocr_carea' id='block_1_7' title="bbox 504 828 1716 908">
    <p class='ocr_par' dir='ltr' id='par_1_7' title="bbox 504 828 1716 908">
     <span class='ocr_line' id='line_1_7' title="bbox 504 828 1716 908; baseline 0.009 -29"><span class='ocrx_word' id='word_1_24' title='bbox 504 828 864 900; x_wconf 75' lang='grc' dir='ltr'>ῐιρωτουργὸν</span> <span class='ocrx_word' id='word_1_25' title='bbox 907 833 1276 903; x_wconf 83' lang='grc' dir='ltr'>Ἀρτάϐασδον</span> <span class='ocrx_word' id='word_1_26' title='bbox 1307 837 1682 908; x_wconf 81' lang='grc' dir='ltr'>ὲξευρηκότων</span> <span class='ocrx_word' id='word_1_27' title='bbox 1703 854 1716 867; x_wconf 91' lang='grc'><strong>·</strong></span> 
     </span>
    </p>
   </div>
   <div class='ocr_carea' id='block_1_8' title="bbox 365 917 1826 1001">
    <p class='ocr_par' dir='ltr' id='par_1_8' title="bbox 365 917 1826 1001">
     <span class='ocr_line' id='line_1_8' title="bbox 365 917 1826 1001; baseline 0.009 -33"><span class='ocrx_word' id='word_1_28' title='bbox 365 917 470 972; x_wconf 65' lang='grc'><strong>740</strong></span> <span class='ocrx_word' id='word_1_29' title='bbox 508 920 612 972; x_wconf 82' lang='grc' dir='ltr'><strong>Ἢν</strong></span> <span class='ocrx_word' id='word_1_30' title='bbox 643 925 807 990; x_wconf 77' lang='grc' dir='ltr'>γνοὺς</span> <span class='ocrx_word' id='word_1_31' title='bbox 838 925 866 977; x_wconf 83' lang='grc' dir='ltr'>ὁ</span> <span class='ocrx_word' id='word_1_32' title='bbox 897 927 1138 996; x_wconf 81' lang='grc' dir='ltr'>κρατῶν,</span> <span class='ocrx_word' id='word_1_33' title='bbox 1168 928 1512 1001; x_wconf 81' lang='grc' dir='ltr'>ἐκδιδράσκει</span> <span class='ocrx_word' id='word_1_34' title='bbox 1538 931 1630 982; x_wconf 83' lang='grc' dir='ltr'>τὸν</span> <span class='ocrx_word' id='word_1_35' title='bbox 1661 929 1826 999; x_wconf 84' lang='grc' dir='ltr'>μόρον</span> 
     </span>
    </p>
   </div>
   <div class='ocr_carea' id='block_1_9' title="bbox 505 1013 1680 1093">
    <p class='ocr_par' dir='ltr' id='par_1_9' title="bbox 505 1013 1680 1093">
     <span class='ocr_line' id='line_1_9' title="bbox 505 1013 1680 1093; baseline 0.01 -29"><span class='ocrx_word' id='word_1_36' title='bbox 505 1013 723 1075; x_wconf 78' lang='grc' dir='ltr'>Ἵπποις</span> <span class='ocrx_word' id='word_1_37' title='bbox 757 1019 1119 1090; x_wconf 85' lang='grc' dir='ltr'>ταχυπτέροις</span> <span class='ocrx_word' id='word_1_38' title='bbox 1150 1038 1210 1073; x_wconf 90' lang='grc' dir='ltr'>τε</span> <span class='ocrx_word' id='word_1_39' title='bbox 1248 1022 1344 1073; x_wconf 78' lang='grc' dir='ltr'>καὶ</span> <span class='ocrx_word' id='word_1_40' title='bbox 1375 1021 1680 1093; x_wconf 76' lang='grc' dir='ltr'><strong>προθυμίᾳ.</strong></span> 
     </span>
    </p>
   </div>
   <div class='ocr_carea' id='block_1_10' title="bbox 511 1103 1648 1186">
    <p class='ocr_par' dir='ltr' id='par_1_10' title="bbox 511 1103 1648 1186">
     <span class='ocr_line' id='line_1_10' title="bbox 511 1103 1648 1186; baseline 0.013 -31"><span class='ocrx_word' id='word_1_41' title='bbox 511 1103 573 1155; x_wconf 87' lang='grc' dir='ltr'>Ἡ</span> <span class='ocrx_word' id='word_1_42' title='bbox 607 1106 666 1158; x_wconf 83' lang='grc' dir='ltr'>δὲ</span> <span class='ocrx_word' id='word_1_43' title='bbox 700 1111 935 1179; x_wconf 79' lang='grc' dir='ltr'>στρατιὰ</span> <span class='ocrx_word' id='word_1_44' title='bbox 967 1114 1063 1166; x_wconf 72' lang='grc' dir='ltr'>καὶ</span> <span class='ocrx_word' id='word_1_45' title='bbox 1099 1114 1321 1184; x_wconf 74' lang='grc' dir='ltr'>λοχαγοὶ</span> <span class='ocrx_word' id='word_1_46' title='bbox 1347 1117 1648 1186; x_wconf 77' lang='grc' dir='ltr'><strong>ταγμάτων</strong></span> 
     </span>
    </p>
   </div>
   <div class='ocr_carea' id='block_1_11' title="bbox 511 1196 1542 1278">
    <p class='ocr_par' dir='ltr' id='par_1_11' title="bbox 511 1196 1542 1278">
     <span class='ocr_line' id='line_1_11' title="bbox 511 1196 1542 1278; baseline 0.015 -30"><span class='ocrx_word' id='word_1_47' title='bbox 511 1196 761 1252; x_wconf 82' lang='grc' dir='ltr'>Ἀνεῖπον</span> <span class='ocrx_word' id='word_1_48' title='bbox 804 1202 1167 1272; x_wconf 82' lang='grc' dir='ltr'>Ἀρτάϐασδον</span> <span class='ocrx_word' id='word_1_49' title='bbox 1190 1207 1266 1272; x_wconf 87' lang='grc' dir='ltr'><strong>ὡς</strong></span> <span class='ocrx_word' id='word_1_50' title='bbox 1295 1210 1542 1278; x_wconf 80' lang='grc' dir='ltr'><strong>βασιλέα,</strong></span> 
     </span>
    </p>
   </div>
   <div class='ocr_carea' id='block_1_12' title="bbox 496 1287 1714 1370">
    <p class='ocr_par' dir='ltr' id='par_1_12' title="bbox 496 1287 1714 1370">
     <span class='ocr_line' id='line_1_12' title="bbox 496 1287 1714 1370; baseline 0.02 -32"><span class='ocrx_word' id='word_1_51' title='bbox 496 1289 631 1340; x_wconf 79' lang='grc' dir='ltr'><strong>Μεθ’</strong></span> <span class='ocrx_word' id='word_1_52' title='bbox 658 1287 717 1344; x_wconf 77' lang='grc' dir='ltr'>οὗ</span> <span class='ocrx_word' id='word_1_53' title='bbox 745 1294 1109 1364; x_wconf 76' lang='grc' dir='ltr'>κατειλήφασι</span> <span class='ocrx_word' id='word_1_54' title='bbox 1141 1299 1237 1370; x_wconf 76' lang='grc' dir='ltr'>τὴν</span> <span class='ocrx_word' id='word_1_55' title='bbox 1266 1304 1677 1361; x_wconf 80' lang='grc' dir='ltr'>Κωνσταντίνου</span> <span class='ocrx_word' id='word_1_56' title='bbox 1699 1324 1714 1339; x_wconf 87' lang='grc'><strong>·</strong></span> 
     </span>
    </p>
   </div>
   <div class='ocr_carea' id='block_1_13' title="bbox 323 1375 1625 1461">
    <p class='ocr_par' dir='ltr' id='par_1_13' title="bbox 323 1375 1625 1461">
     <span class='ocr_line' id='line_1_13' title="bbox 323 1375 1625 1461; baseline 0.017 -31"><span class='ocrx_word' id='word_1_57' title='bbox 323 1378 462 1432; x_wconf 63' lang='grc' dir='ltr'><strong>Ιῖᾶὅ</strong></span> <span class='ocrx_word' id='word_1_58' title='bbox 503 1375 605 1444; x_wconf 67' lang='lat' dir='ltr'><strong>ril;</strong></span> <span class='ocrx_word' id='word_1_59' title='bbox 638 1384 892 1452; x_wconf 82' lang='grc' dir='ltr'>ἁσμένως</span> <span class='ocrx_word' id='word_1_60' title='bbox 916 1389 1170 1446; x_wconf 78' lang='grc' dir='ltr'><strong>ἔντοσθεν</strong></span> <span class='ocrx_word' id='word_1_61' title='bbox 1201 1395 1372 1450; x_wconf 82' lang='grc' dir='ltr'><strong>ἐλθὼν</strong></span> <span class='ocrx_word' id='word_1_62' title='bbox 1401 1399 1476 1461; x_wconf 82' lang='grc' dir='ltr'>ὡς</span> <span class='ocrx_word' id='word_1_63' title='bbox 1503 1399 1625 1452; x_wconf 82' lang='grc' dir='ltr'>δέον</span> 
     </span>
    </p>
   </div>
   <div class='ocr_carea' id='block_1_14' title="bbox 493 1475 1582 1556">
    <p class='ocr_par' dir='ltr' id='par_1_14' title="bbox 493 1475 1582 1556">
     <span class='ocr_line' id='line_1_14' title="bbox 493 1475 1582 1556; baseline 0.02 -33"><span class='ocrx_word' id='word_1_64' title='bbox 493 1475 794 1544; x_wconf 76' lang='grc' dir='ltr'>Φημίζεται</span> <span class='ocrx_word' id='word_1_65' title='bbox 828 1480 1093 1547; x_wconf 86' lang='grc' dir='ltr'>στόμασιν</span> <span class='ocrx_word' id='word_1_66' title='bbox 1128 1486 1309 1540; x_wconf 79' lang='grc' dir='ltr'>ἀστῶν</span> <span class='ocrx_word' id='word_1_67' title='bbox 1336 1487 1412 1553; x_wconf 88' lang='grc' dir='ltr'>ὡς</span> <span class='ocrx_word' id='word_1_68' title='bbox 1443 1491 1582 1556; x_wconf 79' lang='grc' dir='ltr'>ἄναξ</span> 
     </span>
    </p>
   </div>
   <div class='ocr_carea' id='block_1_15' title="bbox 506 1564 1551 1647">
    <p class='ocr_par' dir='ltr' id='par_1_15' title="bbox 506 1564 1551 1647">
     <span class='ocr_line' id='line_1_15' title="bbox 506 1564 1551 1647; baseline 0.016 -31"><span class='ocrx_word' id='word_1_69' title='bbox 506 1564 904 1638; x_wconf 82' lang='grc' dir='ltr'>Ἀνακτορικῆς</span> <span class='ocrx_word' id='word_1_70' title='bbox 933 1574 1221 1641; x_wconf 73' lang='grc' dir='ltr'><strong>τυγχάνων</strong></span> <span class='ocrx_word' id='word_1_71' title='bbox 1247 1576 1551 1647; x_wconf 80' lang='grc' dir='ltr'>εὐφημίας.</span> 
     </span>
    </p>
   </div>
   <div class='ocr_carea' id='block_1_16' title="bbox 497 1659 1718 1738">
    <p class='ocr_par' dir='ltr' id='par_1_16' title="bbox 497 1659 1718 1738">
     <span class='ocr_line' id='line_1_16' title="bbox 497 1659 1718 1738; baseline 0.015 -29"><span class='ocrx_word' id='word_1_72' title='bbox 497 1659 674 1722; x_wconf 76' lang='grc' dir='ltr'>Εὐθὺς</span> <span class='ocrx_word' id='word_1_73' title='bbox 705 1660 750 1712; x_wconf 80' lang='grc' dir='ltr'>δ’</span> <span class='ocrx_word' id='word_1_74' title='bbox 776 1662 1122 1731; x_wconf 79' lang='grc' dir='ltr'>ἀνεστήλωσε</span> <span class='ocrx_word' id='word_1_75' title='bbox 1152 1668 1394 1738; x_wconf 82' lang='grc' dir='ltr'>Χριστοῦ</span> <span class='ocrx_word' id='word_1_76' title='bbox 1427 1671 1520 1723; x_wconf 83' lang='grc' dir='ltr'>τὸν</span> <span class='ocrx_word' id='word_1_77' title='bbox 1549 1671 1718 1729; x_wconf 79' lang='grc' dir='ltr'>τύπον</span> 
     </span>
    </p>
   </div>
   <div class='ocr_carea' id='block_1_17' title="bbox 495 1755 1747 1834">
    <p class='ocr_par' dir='ltr' id='par_1_17' title="bbox 495 1755 1747 1834">
     <span class='ocr_line' id='line_1_17' title="bbox 495 1755 1747 1834; baseline 0.011 -27"><span class='ocrx_word' id='word_1_78' title='bbox 495 1755 604 1807; x_wconf 80' lang='grc' dir='ltr'><strong>Καὶ</strong></span> <span class='ocrx_word' id='word_1_79' title='bbox 637 1759 970 1825; x_wconf 81' lang='grc' dir='ltr'><strong>προσκυνεῖν</strong></span> <span class='ocrx_word' id='word_1_80' title='bbox 1001 1758 1235 1814; x_wconf 81' lang='grc' dir='ltr'>δέδωκεν</span> <span class='ocrx_word' id='word_1_81' title='bbox 1263 1763 1428 1818; x_wconf 60' lang='grc' dir='ltr'>αὐτὸν</span> <span class='ocrx_word' id='word_1_82' title='bbox 1459 1764 1535 1829; x_wconf 85' lang='grc' dir='ltr'>ὼς</span> <span class='ocrx_word' id='word_1_83' title='bbox 1565 1764 1747 1834; x_wconf 75' lang='grc' dir='ltr'>θέμις.</span> 
     </span>
    </p>
   </div>
   <div class='ocr_carea' id='block_1_18' title="bbox 315 1844 1624 1923">
    <p class='ocr_par' dir='ltr' id='par_1_18' title="bbox 315 1844 1624 1923">
     <span class='ocr_line' id='line_1_18' title="bbox 315 1844 1624 1923; baseline 0.008 -24"><span class='ocrx_word' id='word_1_84' title='bbox 315 1844 454 1899; x_wconf 70' lang='grc' dir='ltr'><strong>ίῗὸο</strong></span> <span class='ocrx_word' id='word_1_85' title='bbox 504 1846 822 1914; x_wconf 67' lang='grc' dir='ltr'>Ἐφίσταται</span> <span class='ocrx_word' id='word_1_86' title='bbox 853 1848 910 1902; x_wconf 78' lang='grc' dir='ltr'><strong>δὲ</strong></span> <span class='ocrx_word' id='word_1_87' title='bbox 937 1854 1032 1903; x_wconf 80' lang='grc' dir='ltr'><strong>καὶ</strong></span> <span class='ocrx_word' id='word_1_88' title='bbox 1060 1851 1441 1923; x_wconf 85' lang='grc' dir='ltr'>Κοπρώνυμος</span> <span class='ocrx_word' id='word_1_89' title='bbox 1471 1856 1624 1910; x_wconf 84' lang='grc' dir='ltr'>πόλει</span> 
     </span>
    </p>
   </div>
   <div class='ocr_carea' id='block_1_19' title="bbox 494 1939 1748 2020">
    <p class='ocr_par' dir='ltr' id='par_1_19' title="bbox 494 1939 1748 2020">
     <span class='ocr_line' id='line_1_19' title="bbox 494 1939 1748 2020; baseline 0.011 -30"><span class='ocrx_word' id='word_1_90' title='bbox 494 1939 567 1991; x_wconf 82' lang='grc' dir='ltr'><strong>Τὸ</strong></span> <span class='ocrx_word' id='word_1_91' title='bbox 602 1942 735 2008; x_wconf 73' lang='grc' dir='ltr'>πρὶν</span> <span class='ocrx_word' id='word_1_92' title='bbox 765 1941 1086 1995; x_wconf 74' lang='grc' dir='ltr'>άναπαιτῶν</span> <span class='ocrx_word' id='word_1_93' title='bbox 1114 1944 1288 2009; x_wconf 87' lang='grc' dir='ltr'>ἀδεῶς</span> <span class='ocrx_word' id='word_1_94' title='bbox 1313 1946 1458 2018; x_wconf 78' lang='grc' dir='ltr'>ἔχειν</span> <span class='ocrx_word' id='word_1_95' title='bbox 1493 1949 1701 2020; x_wconf 84' lang='grc' dir='ltr'>κράτος</span> <span class='ocrx_word' id='word_1_96' title='bbox 1733 1963 1748 1980; x_wconf 84' lang='grc'><em>’</em></span> 
     </span>
    </p>
   </div>
   <div class='ocr_carea' id='block_1_20' title="bbox 503 2029 1570 2106">
    <p class='ocr_par' dir='ltr' id='par_1_20' title="bbox 503 2029 1570 2106">
     <span class='ocr_line' id='line_1_20' title="bbox 503 2029 1570 2106; baseline 0.011 -25"><span class='ocrx_word' id='word_1_97' title='bbox 503 2029 655 2082; x_wconf 81' lang='grc' dir='ltr'>Ἐπεὶ</span> <span class='ocrx_word' id='word_1_98' title='bbox 687 2031 732 2084; x_wconf 77' lang='grc' dir='ltr'>δ’</span> <span class='ocrx_word' id='word_1_99' title='bbox 758 2033 1112 2105; x_wconf 82' lang='grc' dir='ltr'><strong>ἀπηγόρευον</strong></span> <span class='ocrx_word' id='word_1_100' title='bbox 1146 2036 1392 2103; x_wconf 71' lang='grc' dir='ltr'>ἅπαντες</span> <span class='ocrx_word' id='word_1_101' title='bbox 1428 2040 1570 2106; x_wconf 84' lang='grc' dir='ltr'>τόδε,</span> 
     </span>
    </p>
   </div>
   <div class='ocr_carea' id='block_1_21' title="bbox 491 2123 1687 2204">
    <p class='ocr_par' dir='ltr' id='par_1_21' title="bbox 491 2123 1687 2204">
     <span class='ocr_line' id='line_1_21' title="bbox 491 2123 1687 2204; baseline 0.021 -30"><span class='ocrx_word' id='word_1_102' title='bbox 491 2123 632 2193; x_wconf 86' lang='grc' dir='ltr'>Πρὸς</span> <span class='ocrx_word' id='word_1_103' title='bbox 663 2124 804 2180; x_wconf 80' lang='grc' dir='ltr'>ὅπλα</span> <span class='ocrx_word' id='word_1_104' title='bbox 829 2132 1002 2197; x_wconf 82' lang='grc' dir='ltr'>χωρεῖ</span> <span class='ocrx_word' id='word_1_105' title='bbox 1030 2132 1125 2184; x_wconf 69' lang='grc' dir='ltr'>καὶ</span> <span class='ocrx_word' id='word_1_106' title='bbox 1157 2133 1338 2202; x_wconf 82' lang='grc' dir='ltr'><strong>μάχας</strong></span> <span class='ocrx_word' id='word_1_107' title='bbox 1363 2134 1687 2204; x_wconf 65' lang='grc' dir='ltr'>ἐμφυλίους.</span> 
     </span>
    </p>
   </div>
   <div class='ocr_carea' id='block_1_22' title="bbox 494 2217 1765 2301">
    <p class='ocr_par' dir='ltr' id='par_1_22' title="bbox 494 2217 1765 2301">
     <span class='ocr_line' id='line_1_22' title="bbox 494 2217 1765 2301; baseline 0.013 -34"><span class='ocrx_word' id='word_1_108' title='bbox 494 2217 601 2268; x_wconf 76' lang='grc' dir='ltr'><strong>Καὶ</strong></span> <span class='ocrx_word' id='word_1_109' title='bbox 630 2218 734 2289; x_wconf 81' lang='grc' dir='ltr'><strong>δρᾷ</strong></span> <span class='ocrx_word' id='word_1_110' title='bbox 758 2237 812 2272; x_wconf 92' lang='grc' dir='ltr'><strong>τι</strong></span> <span class='ocrx_word' id='word_1_111' title='bbox 845 2222 1013 2274; x_wconf 78' lang='grc' dir='ltr'>κακὸν</span> <span class='ocrx_word' id='word_1_112' title='bbox 1039 2224 1300 2289; x_wconf 82' lang='grc' dir='ltr'>ἀστικοὺς</span> <span class='ocrx_word' id='word_1_113' title='bbox 1337 2228 1432 2280; x_wconf 82' lang='grc' dir='ltr'><strong>καὶ</strong></span> <span class='ocrx_word' id='word_1_114' title='bbox 1457 2229 1556 2299; x_wconf 80' lang='grc' dir='ltr'>τὴν</span> <span class='ocrx_word' id='word_1_115' title='bbox 1588 2230 1765 2301; x_wconf 85' lang='grc' dir='ltr'>πόλιν,</span> 
     </span>
    </p>
   </div>
   <div class='ocr_carea' id='block_1_23' title="bbox 311 2307 1671 2391">
    <p class='ocr_par' dir='ltr' id='par_1_23' title="bbox 311 2307 1671 2391">
     <span class='ocr_line' id='line_1_23' title="bbox 311 2307 1671 2391; baseline 0.013 -33"><span class='ocrx_word' id='word_1_116' title='bbox 311 2307 454 2362; x_wconf 73' lang='grc' dir='ltr'><strong>Πὃό</strong></span> <span class='ocrx_word' id='word_1_117' title='bbox 493 2308 749 2364; x_wconf 78' lang='grc' dir='ltr'>Εἰσπλείν</span> <span class='ocrx_word' id='word_1_118' title='bbox 786 2315 1044 2384; x_wconf 76' lang='grc' dir='ltr'><strong>σιτηγοὺς</strong></span> <span class='ocrx_word' id='word_1_119' title='bbox 1075 2316 1332 2380; x_wconf 81' lang='grc' dir='ltr'>κωλύσας</span> <span class='ocrx_word' id='word_1_120' title='bbox 1361 2320 1495 2391; x_wconf 84' lang='grc' dir='ltr'>νῆας</span> <span class='ocrx_word' id='word_1_121' title='bbox 1523 2322 1629 2376; x_wconf 77' lang='grc' dir='ltr'>ἔσω</span> <span class='ocrx_word' id='word_1_122' title='bbox 1653 2339 1671 2356; x_wconf 76' lang='grc' dir='ltr'><strong>ο</strong></span> 
     </span>
    </p>
   </div>
   <div class='ocr_carea' id='block_1_24' title="bbox 499 2399 1570 2484">
    <p class='ocr_par' dir='ltr' id='par_1_24' title="bbox 499 2399 1570 2484">
     <span class='ocr_line' id='line_1_24' title="bbox 499 2399 1570 2484; baseline 0.01 -27"><span class='ocrx_word' id='word_1_123' title='bbox 499 2405 614 2472; x_wconf 73' lang='grc' dir='ltr'><strong>Ἀφ’</strong></span> <span class='ocrx_word' id='word_1_124' title='bbox 645 2399 708 2459; x_wconf 75' lang='grc' dir='ltr'>οῦ</span> <span class='ocrx_word' id='word_1_125' title='bbox 742 2406 990 2470; x_wconf 81' lang='grc' dir='ltr'><strong>πολίταις</strong></span> <span class='ocrx_word' id='word_1_126' title='bbox 1022 2409 1312 2483; x_wconf 85' lang='grc' dir='ltr'>βουλιμιᾷν</span> <span class='ocrx_word' id='word_1_127' title='bbox 1347 2414 1570 2484; x_wconf 80' lang='grc' dir='ltr'>συνέϐη.</span> 
     </span>
    </p>
   </div>
   <div class='ocr_carea' id='block_1_25' title="bbox 504 2497 1677 2572">
    <p class='ocr_par' dir='ltr' id='par_1_25' title="bbox 504 2497 1677 2572">
     <span class='ocr_line' id='line_1_25' title="bbox 504 2497 1677 2572; baseline 0.011 -25"><span class='ocrx_word' id='word_1_128' title='bbox 504 2497 656 2550; x_wconf 81' lang='grc' dir='ltr'>Ἐπεὶ</span> <span class='ocrx_word' id='word_1_129' title='bbox 691 2499 734 2551; x_wconf 80' lang='grc' dir='ltr'>δ’</span> <span class='ocrx_word' id='word_1_130' title='bbox 764 2499 1134 2572; x_wconf 80' lang='grc' dir='ltr'>ἐπεισέφρησε</span> <span class='ocrx_word' id='word_1_131' title='bbox 1165 2503 1484 2571; x_wconf 82' lang='grc' dir='ltr'>συγκλονῶν</span> <span class='ocrx_word' id='word_1_132' title='bbox 1521 2507 1677 2562; x_wconf 82' lang='grc' dir='ltr'>πόλιν</span> 
     </span>
    </p>
   </div>
   <div class='ocr_carea' id='block_1_26' title="bbox 489 2590 1678 2674">
    <p class='ocr_par' dir='ltr' id='par_1_26' title="bbox 489 2590 1678 2674">
     <span class='ocr_line' id='line_1_26' title="bbox 489 2590 1678 2674; baseline 0.01 -33"><span class='ocrx_word' id='word_1_133' title='bbox 489 2590 597 2642; x_wconf 76' lang='grc' dir='ltr'><strong>Σὺν</strong></span> <span class='ocrx_word' id='word_1_134' title='bbox 629 2595 861 2665; x_wconf 70' lang='grc' dir='ltr'>στρατιᾷ</span> <span class='ocrx_word' id='word_1_135' title='bbox 890 2611 948 2647; x_wconf 90' lang='grc' dir='ltr'>τε</span> <span class='ocrx_word' id='word_1_136' title='bbox 983 2598 1258 2665; x_wconf 79' lang='grc' dir='ltr'>μηχαναῖς</span> <span class='ocrx_word' id='word_1_137' title='bbox 1295 2615 1354 2651; x_wconf 84' lang='grc' dir='ltr'>τε</span> <span class='ocrx_word' id='word_1_138' title='bbox 1387 2600 1484 2652; x_wconf 81' lang='grc' dir='ltr'>καὶ</span> <span class='ocrx_word' id='word_1_139' title='bbox 1514 2598 1678 2674; x_wconf 69' lang='grc' dir='ltr'><strong>δόλῳι</strong></span> 
     </span>
    </p>
   </div>
   <div class='ocr_carea' id='block_1_27' title="bbox 489 2683 1524 2759">
    <p class='ocr_par' dir='ltr' id='par_1_27' title="bbox 489 2683 1524 2759">
     <span class='ocr_line' id='line_1_27' title="bbox 489 2683 1524 2759; baseline 0.009 -26"><span class='ocrx_word' id='word_1_140' title='bbox 489 2683 820 2737; x_wconf 83' lang='grc' dir='ltr'>Συνίσταται</span> <span class='ocrx_word' id='word_1_141' title='bbox 853 2687 1003 2757; x_wconf 84' lang='grc' dir='ltr'><strong>μάχη</strong></span> <span class='ocrx_word' id='word_1_142' title='bbox 1037 2704 1122 2752; x_wconf 86' lang='grc' dir='ltr'>τις</span> <span class='ocrx_word' id='word_1_143' title='bbox 1153 2688 1212 2754; x_wconf 77' lang='grc' dir='ltr'><strong>ἐξ</strong></span> <span class='ocrx_word' id='word_1_144' title='bbox 1239 2687 1524 2759; x_wconf 80' lang='grc' dir='ltr'><strong>ἑκατέρων</strong></span> 
     </span>
    </p>
   </div>
   <div class='ocr_carea' id='block_1_28' title="bbox 315 2774 1600 2851">
    <p class='ocr_par' dir='ltr' id='par_1_28' title="bbox 315 2774 1600 2851">
     <span class='ocr_line' id='line_1_28' title="bbox 315 2774 1600 2851; baseline 0.009 -24"><span class='ocrx_word' id='word_1_145' title='bbox 315 2774 454 2828; x_wconf 67' lang='grc' dir='ltr'>ιτεο</span> <span class='ocrx_word' id='word_1_146' title='bbox 504 2777 979 2842; x_wconf 80' lang='grc' dir='ltr'>Ἀντιστατοῦντος</span> <span class='ocrx_word' id='word_1_147' title='bbox 1012 2783 1420 2851; x_wconf 82' lang='grc' dir='ltr'><strong>αὐτοκράτορος</strong></span> <span class='ocrx_word' id='word_1_148' title='bbox 1457 2783 1600 2840; x_wconf 80' lang='grc' dir='ltr'>νέου.</span> 
     </span>
    </p>
   </div>
   <div class='ocr_carea' id='block_1_29' title="bbox 501 2859 1637 2941">
    <p class='ocr_par' dir='ltr' id='par_1_29' title="bbox 501 2859 1637 2941">
     <span class='ocr_line' id='line_1_29' title="bbox 501 2859 1637 2941; baseline 0.009 -29"><span class='ocrx_word' id='word_1_149' title='bbox 501 2859 665 2912; x_wconf 80' lang='grc' dir='ltr'><strong>Ἀλλά</strong></span> <span class='ocrx_word' id='word_1_150' title='bbox 701 2863 986 2932; x_wconf 85' lang='grc' dir='ltr'>κριμάτων</span> <span class='ocrx_word' id='word_1_151' title='bbox 1013 2866 1112 2934; x_wconf 75' lang='grc' dir='ltr'><strong>τὴν</strong></span> <span class='ocrx_word' id='word_1_152' title='bbox 1144 2866 1384 2920; x_wconf 83' lang='grc' dir='ltr'>ἄϐυσσον</span> <span class='ocrx_word' id='word_1_153' title='bbox 1415 2869 1637 2941; x_wconf 39' lang='grc' dir='ltr'>Κυρίου,</span> 
     </span>
    </p>
   </div>
   <div class='ocr_carea' id='block_1_30' title="bbox 486 2954 1457 3030">
    <p class='ocr_par' dir='ltr' id='par_1_30' title="bbox 486 2954 1457 3030">
     <span class='ocr_line' id='line_1_30' title="bbox 486 2954 1457 3030; baseline 0.013 -24"><span class='ocrx_word' id='word_1_154' title='bbox 486 2954 582 3018; x_wconf 83' lang='grc' dir='ltr'><strong>Τίς</strong></span> <span class='ocrx_word' id='word_1_155' title='bbox 609 2955 675 3008; x_wconf 86' lang='grc' dir='ltr'>ἂν</span> <span class='ocrx_word' id='word_1_156' title='bbox 703 2958 903 3022; x_wconf 81' lang='grc' dir='ltr'>ἱκανῶς</span> <span class='ocrx_word' id='word_1_157' title='bbox 933 2958 1262 3030; x_wconf 81' lang='grc' dir='ltr'>ὲξιχνιάσειέ</span> <span class='ocrx_word' id='word_1_158' title='bbox 1297 2982 1413 3029; x_wconf 90' lang='grc' dir='ltr'><strong>πως</strong></span> <span class='ocrx_word' id='word_1_159' title='bbox 1440 2981 1457 3030; x_wconf 90' lang='lat'><strong>;</strong></span> 
     </span>
    </p>
   </div>
   <div class='ocr_carea' id='block_1_31' title="bbox 482 3047 1563 3129">
    <p class='ocr_par' dir='ltr' id='par_1_31' title="bbox 482 3047 1563 3129">
     <span class='ocr_line' id='line_1_31' title="bbox 482 3047 1563 3129; baseline 0.016 -32"><span class='ocrx_word' id='word_1_160' title='bbox 482 3047 662 3117; x_wconf 77' lang='grc' dir='ltr'>Νίκην</span> <span class='ocrx_word' id='word_1_161' title='bbox 690 3051 1046 3120; x_wconf 78' lang='grc' dir='ltr'><strong>ἀπηνέγκατο</strong></span> <span class='ocrx_word' id='word_1_162' title='bbox 1071 3054 1334 3124; x_wconf 88' lang='grc' dir='ltr'>τύραννος</span> <span class='ocrx_word' id='word_1_163' title='bbox 1370 3057 1518 3129; x_wconf 79' lang='grc' dir='ltr'>μάχῃ</span> <span class='ocrx_word' id='word_1_164' title='bbox 1546 3073 1563 3090; x_wconf 83' lang='grc'><strong><em>⁸</em></strong></span> 
     </span>
    </p>
   </div>
   <div class='ocr_carea' id='block_1_32' title="bbox 1741 359 2098 424">
    <p class='ocr_par' dir='ltr' id='par_1_32' title="bbox 1741 359 2098 424">
     <span class='ocr_line' id='line_1_32' title="bbox 1741 359 2098 424; baseline 0.003 -4"><span class='ocrx_word' id='word_1_165' title='bbox 1741 359 2098 424; x_wconf 62' lang='lat' dir='ltr'><strong>CKSARES</strong></span> 
     </span>
    </p>
   </div>
   <div class='ocr_carea' id='block_1_33' title="bbox 1895 477 2785 553">
    <p class='ocr_par' dir='ltr' id='par_1_33' title="bbox 1895 477 2785 553">
     <span class='ocr_line' id='line_1_33' title="bbox 1895 477 2785 553; baseline 0.008 -19"><span class='ocrx_word' id='word_1_166' title='bbox 1895 477 1938 534; x_wconf 79' lang='grc' dir='ltr'><strong>Α</strong></span> <span class='ocrx_word' id='word_1_167' title='bbox 1969 480 2062 534; x_wconf 88' lang='lat' dir='ltr'><strong>sed</strong></span> <span class='ocrx_word' id='word_1_168' title='bbox 2094 480 2290 550; x_wconf 85' lang='lat' dir='ltr'><strong>pietate</strong></span> <span class='ocrx_word' id='word_1_169' title='bbox 2325 483 2491 553; x_wconf 80' lang='lat' dir='ltr'><strong>magis</strong></span> <span class='ocrx_word' id='word_1_170' title='bbox 2516 485 2785 546; x_wconf 72' lang='lat' dir='ltr'><strong>exornati.</strong></span> 
     </span>
    </p>
   </div>
   <div class='ocr_carea' id='block_1_34' title="bbox 1967 571 2992 648">
    <p class='ocr_par' dir='ltr' id='par_1_34' title="bbox 1967 571 2992 648">
     <span class='ocr_line' id='line_1_34' title="bbox 1967 571 2992 648; baseline -0.041 26"><span class='ocrx_word' id='word_1_171' title='bbox 1967 571 2110 640; x_wconf 56' lang='lat' dir='ltr'><strong>Erg&quot;</strong></span> <span class='ocrx_word' id='word_1_172' title='bbox 2143 578 2375 631; x_wconf 55' lang='lat'><strong>“3&#39;59&quot;”</strong></span> <span class='ocrx_word' id='word_1_173' title='bbox 2413 580 2464 632; x_wconf 80' lang='grc' dir='ltr'>ῖιι</span> <span class='ocrx_word' id='word_1_174' title='bbox 2493 579 2769 648; x_wconf 55' lang='lat' dir='ltr'><strong>provincia</strong></span> <span class='ocrx_word' id='word_1_175' title='bbox 2796 579 2992 646; x_wconf 81' lang='lat' dir='ltr'><strong>Obsit-ii</strong></span> 
     </span>
    </p>
   </div>
   <div class='ocr_carea' id='block_1_35' title="bbox 1965 663 3206 741">
    <p class='ocr_par' dir='ltr' id='par_1_35' title="bbox 1965 663 3206 741">
     <span class='ocr_line' id='line_1_35' title="bbox 1965 663 3206 741; baseline 0.004 -25"><span class='ocrx_word' id='word_1_176' title='bbox 1965 663 2327 737; x_wconf 84' lang='lat' dir='ltr'><strong>Copronymo,</strong></span> <span class='ocrx_word' id='word_1_177' title='bbox 2355 670 2482 723; x_wconf 90' lang='lat' dir='ltr'><strong>dum</strong></span> <span class='ocrx_word' id='word_1_178' title='bbox 2513 671 2719 726; x_wconf 81' lang='lat' dir='ltr'><strong>Arabes</strong></span> <span class='ocrx_word' id='word_1_179' title='bbox 2753 671 2890 726; x_wconf 87' lang='lat' dir='ltr'><strong>bello</strong></span> <span class='ocrx_word' id='word_1_180' title='bbox 2916 679 3206 741; x_wconf 53' lang='lat' dir='ltr'><strong>premeret,</strong></span> 
     </span>
    </p>
   </div>
   <div class='ocr_carea' id='block_1_36' title="bbox 1966 755 3140 831">
    <p class='ocr_par' dir='ltr' id='par_1_36' title="bbox 1966 755 3140 831">
     <span class='ocr_line' id='line_1_36' title="bbox 1966 755 3140 831; baseline 0.009 -24"><span class='ocrx_word' id='word_1_181' title='bbox 1966 755 2172 811; x_wconf 76' lang='lat' dir='ltr'><strong>insidim</strong></span> <span class='ocrx_word' id='word_1_182' title='bbox 2201 776 2391 828; x_wconf 72' lang='lat' dir='ltr'><strong>graves</strong></span> <span class='ocrx_word' id='word_1_183' title='bbox 2426 779 2452 814; x_wconf 90' lang='lat' dir='ltr'><strong>a</strong></span> <span class='ocrx_word' id='word_1_184' title='bbox 2486 763 2760 831; x_wconf 80' lang='lat' dir='ltr'><strong>copiarum</strong></span> <span class='ocrx_word' id='word_1_185' title='bbox 2784 766 3140 820; x_wconf 62' lang='lat' dir='ltr'><strong>summatlum</strong></span> 
     </span>
    </p>
   </div>
   <div class='ocr_carea' id='block_1_37' title="bbox 1966 853 3046 912">
    <p class='ocr_par' dir='ltr' id='par_1_37' title="bbox 1966 853 3046 912">
     <span class='ocr_line' id='line_1_37' title="bbox 1966 853 3046 912; baseline 0.011 -14"><span class='ocrx_word' id='word_1_186' title='bbox 1966 855 2248 903; x_wconf 87' lang='lat' dir='ltr'><strong>struuntur</strong></span> <span class='ocrx_word' id='word_1_187' title='bbox 2275 853 2406 908; x_wconf 89' lang='lat' dir='ltr'><strong>duce</strong></span> <span class='ocrx_word' id='word_1_188' title='bbox 2436 855 2739 909; x_wconf 83' lang='lat' dir='ltr'><strong>Artavasdo</strong></span> <span class='ocrx_word' id='word_1_189' title='bbox 2768 857 3046 912; x_wconf 81' lang='lat' dir='ltr'><strong>facinoris.</strong></span> 
     </span>
    </p>
   </div>
   <div class='ocr_carea' id='block_1_38' title="bbox 1966 935 3120 1018">
    <p class='ocr_par' dir='ltr' id='par_1_38' title="bbox 1966 935 3120 1018">
     <span class='ocr_line' id='line_1_38' title="bbox 1966 935 3120 1018; baseline 0.01 -29"><span class='ocrx_word' id='word_1_190' title='bbox 1966 935 2042 990; x_wconf 77' lang='lat' dir='ltr'><strong>Re</strong></span> <span class='ocrx_word' id='word_1_191' title='bbox 2067 942 2337 1010; x_wconf 82' lang='lat' dir='ltr'><strong>comperta</strong></span> <span class='ocrx_word' id='word_1_192' title='bbox 2373 946 2684 1014; x_wconf 78' lang='lat' dir='ltr'><strong>imperator,</strong></span> <span class='ocrx_word' id='word_1_193' title='bbox 2718 963 2902 1002; x_wconf 84' lang='lat' dir='ltr'><strong>necem</strong></span> <span class='ocrx_word' id='word_1_194' title='bbox 2937 948 3120 1018; x_wconf 66' lang='lat' dir='ltr'><strong>ell&#39;ug‘t</strong></span> 
     </span>
    </p>
   </div>
   <div class='ocr_carea' id='block_1_39' title="bbox 1965 1031 3085 1107">
    <p class='ocr_par' dir='ltr' id='par_1_39' title="bbox 1965 1031 3085 1107">
     <span class='ocr_line' id='line_1_39' title="bbox 1965 1031 3085 1107; baseline 0.011 -25"><span class='ocrx_word' id='word_1_195' title='bbox 1965 1031 2116 1098; x_wconf 72' lang='lat' dir='ltr'><strong>cquis</strong></span> <span class='ocrx_word' id='word_1_196' title='bbox 2149 1034 2422 1092; x_wconf 80' lang='lat' dir='ltr'><strong>velocibus</strong></span> <span class='ocrx_word' id='word_1_197' title='bbox 2461 1048 2514 1093; x_wconf 87' lang='lat' dir='ltr'><strong>et</strong></span> <span class='ocrx_word' id='word_1_198' title='bbox 2540 1050 2858 1107; x_wconf 78' lang='lat' dir='ltr'><strong>experrecto</strong></span> <span class='ocrx_word' id='word_1_199' title='bbox 2888 1042 3085 1094; x_wconf 89' lang='lat' dir='ltr'><strong>animo.</strong></span> 
     </span>
    </p>
   </div>
   <div class='ocr_carea' id='block_1_40' title="bbox 1965 1123 3126 1200">
    <p class='ocr_par' dir='ltr' id='par_1_40' title="bbox 1965 1123 3126 1200">
     <span class='ocr_line' id='line_1_40' title="bbox 1965 1123 3126 1200; baseline 0.007 -24"><span class='ocrx_word' id='word_1_200' title='bbox 1965 1123 2102 1178; x_wconf 87' lang='lat' dir='ltr'><strong>Tum</strong></span> <span class='ocrx_word' id='word_1_201' title='bbox 2134 1141 2259 1181; x_wconf 85' lang='lat' dir='ltr'><strong>vero</strong></span> <span class='ocrx_word' id='word_1_202' title='bbox 2285 1131 2553 1184; x_wconf 67' lang='lat' dir='ltr'><strong>exercitus</strong></span> <span class='ocrx_word' id='word_1_203' title='bbox 2577 1133 2933 1200; x_wconf 87' lang='lat' dir='ltr'><strong>ordinumque</strong></span> <span class='ocrx_word' id='word_1_204' title='bbox 2965 1135 3126 1186; x_wconf 79' lang='lat' dir='ltr'><strong>duces</strong></span> 
     </span>
    </p>
   </div>
   <div class='ocr_carea' id='block_1_41' title="bbox 1963 1218 2973 1289">
    <p class='ocr_par' dir='ltr' id='par_1_41' title="bbox 1963 1218 2973 1289">
     <span class='ocr_line' id='line_1_41' title="bbox 1963 1218 2973 1289; baseline 0.007 -20"><span class='ocrx_word' id='word_1_205' title='bbox 1963 1218 2338 1286; x_wconf 77' lang='lat' dir='ltr'><strong>imperatorem</strong></span> <span class='ocrx_word' id='word_1_206' title='bbox 2364 1231 2551 1274; x_wconf 88' lang='lat' dir='ltr'><strong>creant</strong></span> <span class='ocrx_word' id='word_1_207' title='bbox 2582 1221 2973 1289; x_wconf 82' lang='lat' dir='ltr'><strong>Artavasdttm;</strong></span> 
     </span>
    </p>
   </div>
   <div class='ocr_carea' id='block_1_42' title="bbox 1963 1307 3146 1376">
    <p class='ocr_par' dir='ltr' id='par_1_42' title="bbox 1963 1307 3146 1376">
     <span class='ocr_line' id='line_1_42' title="bbox 1963 1307 3146 1376; baseline 0.01 -19"><span class='ocrx_word' id='word_1_208' title='bbox 1963 1307 2180 1376; x_wconf 81' lang='lat' dir='ltr'><strong>quicum</strong></span> <span class='ocrx_word' id='word_1_209' title='bbox 2211 1312 2276 1363; x_wconf 91' lang='lat' dir='ltr'><strong>ad</strong></span> <span class='ocrx_word' id='word_1_210' title='bbox 2310 1312 2494 1366; x_wconf 84' lang='lat' dir='ltr'><strong>urbem</strong></span> <span class='ocrx_word' id='word_1_211' title='bbox 2525 1313 2863 1368; x_wconf 90' lang='lat' dir='ltr'><strong>Constantini</strong></span> <span class='ocrx_word' id='word_1_212' title='bbox 2891 1319 3146 1376; x_wconf 84' lang='lat' dir='ltr'><strong>veniunt;</strong></span> 
     </span>
    </p>
   </div>
   <div class='ocr_carea' id='block_1_43' title="bbox 1965 1400 3171 1476">
    <p class='ocr_par' dir='ltr' id='par_1_43' title="bbox 1965 1400 3171 1476">
     <span class='ocr_line' id='line_1_43' title="bbox 1965 1400 3171 1476; baseline 0.01 -24"><span class='ocrx_word' id='word_1_213' title='bbox 1965 1400 2298 1473; x_wconf 89' lang='lat' dir='ltr'><strong>libenterque</strong></span> <span class='ocrx_word' id='word_1_214' title='bbox 2324 1404 2376 1458; x_wconf 91' lang='lat' dir='ltr'><strong>in</strong></span> <span class='ocrx_word' id='word_1_215' title='bbox 2401 1421 2518 1460; x_wconf 84' lang='lat' dir='ltr'><strong>eam</strong></span> <span class='ocrx_word' id='word_1_216' title='bbox 2553 1418 2802 1476; x_wconf 82' lang='lat' dir='ltr'><strong>receptus</strong></span> <span class='ocrx_word' id='word_1_217' title='bbox 2836 1408 3171 1464; x_wconf 83' lang='lat' dir='ltr'><strong>Artavasdus</strong></span> 
     </span>
    </p>
   </div>
   <div class='ocr_carea' id='block_1_44' title="bbox 1964 1494 3081 1565">
    <p class='ocr_par' dir='ltr' id='par_1_44' title="bbox 1964 1494 3081 1565">
     <span class='ocr_line' id='line_1_44' title="bbox 1964 1494 3081 1565; baseline 0.008 -19"><span class='ocrx_word' id='word_1_218' title='bbox 1964 1494 2156 1548; x_wconf 90' lang='lat' dir='ltr'><strong>merito</strong></span> <span class='ocrx_word' id='word_1_219' title='bbox 2187 1495 2385 1548; x_wconf 81' lang='lat' dir='ltr'><strong>civium</strong></span> <span class='ocrx_word' id='word_1_220' title='bbox 2421 1498 2643 1554; x_wconf 75' lang='lat' dir='ltr'><strong>vocibus</strong></span> <span class='ocrx_word' id='word_1_221' title='bbox 2671 1516 2763 1554; x_wconf 74' lang='lat' dir='ltr'><strong>rex</strong></span> <span class='ocrx_word' id='word_1_222' title='bbox 2795 1502 3081 1565; x_wconf 75' lang='lat' dir='ltr'><strong>salutatur,</strong></span> 
     </span>
    </p>
   </div>
   <div class='ocr_carea' id='block_1_45' title="bbox 1957 1585 3099 1656">
    <p class='ocr_par' dir='ltr' id='par_1_45' title="bbox 1957 1585 3099 1656">
     <span class='ocr_line' id='line_1_45' title="bbox 1957 1585 3099 1656; baseline 0.006 -15"><span class='ocrx_word' id='word_1_223' title='bbox 1957 1585 2116 1656; x_wconf 82' lang='lat' dir='ltr'><strong>eique</strong></span> <span class='ocrx_word' id='word_1_224' title='bbox 2147 1596 2399 1656; x_wconf 92' lang='lat' dir='ltr'><strong>tanquam</strong></span> <span class='ocrx_word' id='word_1_225' title='bbox 2425 1593 2642 1646; x_wconf 92' lang='lat' dir='ltr'><strong>domino</strong></span> <span class='ocrx_word' id='word_1_226' title='bbox 2673 1593 2731 1646; x_wconf 84' lang='lat' dir='ltr'><strong>iit</strong></span> <span class='ocrx_word' id='word_1_227' title='bbox 2762 1596 3099 1649; x_wconf 80' lang='lat' dir='ltr'><strong>acclamatio.</strong></span> 
     </span>
    </p>
   </div>
   <div class='ocr_carea' id='block_1_46' title="bbox 1960 1674 3108 1742">
    <p class='ocr_par' dir='ltr' id='par_1_46' title="bbox 1960 1674 3108 1742">
     <span class='ocr_line' id='line_1_46' title="bbox 1960 1674 3108 1742; baseline 0.01 -14"><span class='ocrx_word' id='word_1_228' title='bbox 1960 1674 2011 1729; x_wconf 82' lang='lat' dir='ltr'><strong>Is</strong></span> <span class='ocrx_word' id='word_1_229' title='bbox 2045 1685 2220 1731; x_wconf 90' lang='lat' dir='ltr'><strong>autem</strong></span> <span class='ocrx_word' id='word_1_230' title='bbox 2250 1679 2423 1735; x_wconf 78' lang='lat' dir='ltr'><strong>erexit</strong></span> <span class='ocrx_word' id='word_1_231' title='bbox 2453 1684 2634 1736; x_wconf 85' lang='lat' dir='ltr'><strong>statim</strong></span> <span class='ocrx_word' id='word_1_232' title='bbox 2663 1681 2866 1739; x_wconf 85' lang='lat' dir='ltr'><strong>Christi</strong></span> <span class='ocrx_word' id='word_1_233' title='bbox 2893 1701 3108 1742; x_wconf 85' lang='lat' dir='ltr'><strong>crucem</strong></span> 
     </span>
    </p>
   </div>
   <div class='ocr_carea' id='block_1_47' title="bbox 1961 1766 3076 1842">
    <p class='ocr_par' dir='ltr' id='par_1_47' title="bbox 1961 1766 3076 1842">
     <span class='ocr_line' id='line_1_47' title="bbox 1961 1766 3076 1842; baseline 0.012 -22"><span class='ocrx_word' id='word_1_234' title='bbox 1961 1766 2348 1839; x_wconf 88' lang='lat' dir='ltr'><strong>colendamque</strong></span> <span class='ocrx_word' id='word_1_235' title='bbox 2372 1771 2617 1826; x_wconf 80' lang='lat' dir='ltr'><strong>exhibuit</strong></span> <span class='ocrx_word' id='word_1_236' title='bbox 2653 1784 2811 1842; x_wconf 89' lang='lat' dir='ltr'><strong>prout</strong></span> <span class='ocrx_word' id='word_1_237' title='bbox 2835 1776 3076 1833; x_wconf 80' lang='lat' dir='ltr'><strong>decebat.</strong></span> 
     </span>
    </p>
   </div>
   <div class='ocr_carea' id='block_1_48' title="bbox 1963 1856 3049 1938">
    <p class='ocr_par' dir='ltr' id='par_1_48' title="bbox 1963 1856 3049 1938">
     <span class='ocr_line' id='line_1_48' title="bbox 1963 1856 3049 1938; baseline 0.01 -26"><span class='ocrx_word' id='word_1_238' title='bbox 1963 1856 2066 1912; x_wconf 84' lang='lat' dir='ltr'><strong>Sed</strong></span> <span class='ocrx_word' id='word_1_239' title='bbox 2097 1868 2153 1914; x_wconf 90' lang='lat' dir='ltr'><strong>et</strong></span> <span class='ocrx_word' id='word_1_240' title='bbox 2175 1861 2551 1933; x_wconf 82' lang='lat' dir='ltr'><strong>Copronytnus</strong></span> <span class='ocrx_word' id='word_1_241' title='bbox 2585 1866 2703 1920; x_wconf 90' lang='lat' dir='ltr'><strong>ttrbi</strong></span> <span class='ocrx_word' id='word_1_242' title='bbox 2735 1871 3049 1938; x_wconf 81' lang='lat' dir='ltr'><strong>supervenit</strong></span> 
     </span>
    </p>
   </div>
   <div class='ocr_carea' id='block_1_49' title="bbox 1959 1950 3112 2029">
    <p class='ocr_par' dir='ltr' id='par_1_49' title="bbox 1959 1950 3112 2029">
     <span class='ocr_line' id='line_1_49' title="bbox 1959 1950 3112 2029; baseline 0.012 -28"><span class='ocrx_word' id='word_1_243' title='bbox 1959 1950 2185 2018; x_wconf 82' lang='lat' dir='ltr'><strong>paciﬁce</strong></span> <span class='ocrx_word' id='word_1_244' title='bbox 2215 1953 2496 2020; x_wconf 87' lang='lat' dir='ltr'><strong>postulans</strong></span> <span class='ocrx_word' id='word_1_245' title='bbox 2525 1957 2763 2027; x_wconf 88' lang='lat' dir='ltr'><strong>recipere</strong></span> <span class='ocrx_word' id='word_1_246' title='bbox 2793 1959 3074 2029; x_wconf 86' lang='lat' dir='ltr'><strong>imperium</strong></span> <span class='ocrx_word' id='word_1_247' title='bbox 3099 1979 3112 2025; x_wconf 88' lang='lat'><strong>;</strong></span> 
     </span>
    </p>
   </div>
   <div class='ocr_carea' id='block_1_50' title="bbox 1965 2041 3251 2126">
    <p class='ocr_par' dir='ltr' id='par_1_50' title="bbox 1965 2041 3251 2126">
     <span class='ocr_line' id='line_1_50' title="bbox 1965 2041 3251 2126; baseline 0.01 -33"><span class='ocrx_word' id='word_1_248' title='bbox 1965 2041 2102 2110; x_wconf 64' lang='lat' dir='ltr'><strong>quod</strong></span> <span class='ocrx_word' id='word_1_249' title='bbox 2133 2042 2258 2096; x_wconf 92' lang='lat' dir='ltr'><strong>dum</strong></span> <span class='ocrx_word' id='word_1_250' title='bbox 2285 2048 2557 2102; x_wconf 89' lang='lat' dir='ltr'><strong>communi</strong></span> <span class='ocrx_word' id='word_1_251' title='bbox 2589 2059 2712 2104; x_wconf 88' lang='lat' dir='ltr'><strong>voto</strong></span> <span class='ocrx_word' id='word_1_252' title='bbox 2735 2053 2909 2105; x_wconf 89' lang='lat' dir='ltr'><strong>cuncti</strong></span> <span class='ocrx_word' id='word_1_253' title='bbox 2942 2067 3251 2126; x_wconf 80' lang='lat' dir='ltr'><strong>pernegant,</strong></span> 
     </span>
    </p>
   </div>
   <div class='ocr_carea' id='block_1_51' title="bbox 1965 2127 2972 2208">
    <p class='ocr_par' dir='ltr' id='par_1_51' title="bbox 1965 2127 2972 2208">
     <span class='ocr_line' id='line_1_51' title="bbox 1965 2127 2972 2208; baseline 0.009 -22"><span class='ocrx_word' id='word_1_254' title='bbox 1965 2127 2004 2186; x_wconf 83' lang='lat' dir='ltr'><strong>&#39;ts</strong></span> <span class='ocrx_word' id='word_1_255' title='bbox 2039 2147 2191 2187; x_wconf 84' lang='lat' dir='ltr'><strong>arma</strong></span> <span class='ocrx_word' id='word_1_256' title='bbox 2218 2144 2398 2189; x_wconf 83' lang='lat' dir='ltr'><strong>movet</strong></span> <span class='ocrx_word' id='word_1_257' title='bbox 2436 2137 2698 2208; x_wconf 88' lang='lat' dir='ltr'><strong>civileqne</strong></span> <span class='ocrx_word' id='word_1_258' title='bbox 2738 2140 2972 2195; x_wconf 85' lang='lat' dir='ltr'><strong>bellum:</strong></span> 
     </span>
    </p>
   </div>
   <div class='ocr_carea' id='block_1_52' title="bbox 1957 2222 3076 2295">
    <p class='ocr_par' dir='ltr' id='par_1_52' title="bbox 1957 2222 3076 2295">
     <span class='ocr_line' id='line_1_52' title="bbox 1957 2222 3076 2295; baseline 0.006 -21"><span class='ocrx_word' id='word_1_259' title='bbox 1957 2222 2248 2293; x_wconf 83' lang='lat' dir='ltr'><strong>statimque</strong></span> <span class='ocrx_word' id='word_1_260' title='bbox 2281 2225 2475 2295; x_wconf 76' lang='lat' dir='ltr'><strong>insigni</strong></span> <span class='ocrx_word' id='word_1_261' title='bbox 2511 2227 2658 2283; x_wconf 88' lang='lat' dir='ltr'><strong>cives</strong></span> <span class='ocrx_word' id='word_1_262' title='bbox 2683 2230 2880 2283; x_wconf 87' lang='lat' dir='ltr'><strong>damno</strong></span> <span class='ocrx_word' id='word_1_263' title='bbox 2913 2229 3076 2285; x_wconf 71' lang='lat' dir='ltr'><strong>allicit.</strong></span> 
     </span>
    </p>
   </div>
   <div class='ocr_carea' id='block_1_53' title="bbox 1959 2310 3118 2389">
    <p class='ocr_par' dir='ltr' id='par_1_53' title="bbox 1959 2310 3118 2389">
     <span class='ocr_line' id='line_1_53' title="bbox 1959 2310 3118 2389; baseline 0.012 -25"><span class='ocrx_word' id='word_1_264' title='bbox 1959 2310 2340 2370; x_wconf 81' lang='lat' dir='ltr'><strong>frumentarias</strong></span> <span class='ocrx_word' id='word_1_265' title='bbox 2370 2333 2534 2372; x_wconf 84' lang='lat' dir='ltr'><strong>naves</strong></span> <span class='ocrx_word' id='word_1_266' title='bbox 2560 2334 2777 2374; x_wconf 83' lang='lat' dir='ltr'><strong>accessu</strong></span> <span class='ocrx_word' id='word_1_267' title='bbox 2805 2322 3118 2389; x_wconf 87' lang='lat' dir='ltr'><strong>prohibens,</strong></span> 
     </span>
    </p>
   </div>
   <div class='ocr_carea' id='block_1_54' title="bbox 1954 2408 3091 2476">
    <p class='ocr_par' dir='ltr' id='par_1_54' title="bbox 1954 2408 3091 2476">
     <span class='ocr_line' id='line_1_54' title="bbox 1954 2408 3091 2476; baseline 0.008 -16"><span class='ocrx_word' id='word_1_268' title='bbox 1954 2419 2019 2460; x_wconf 82' lang='lat' dir='ltr'><strong>ex</strong></span> <span class='ocrx_word' id='word_1_269' title='bbox 2048 2421 2153 2475; x_wconf 90' lang='lat' dir='ltr'><strong>quo</strong></span> <span class='ocrx_word' id='word_1_270' title='bbox 2179 2408 2348 2462; x_wconf 82' lang='lat' dir='ltr'><strong>fames</strong></span> <span class='ocrx_word' id='word_1_271' title='bbox 2379 2411 2690 2476; x_wconf 84' lang='lat' dir='ltr'><strong>gravissima</strong></span> <span class='ocrx_word' id='word_1_272' title='bbox 2723 2412 3091 2469; x_wconf 51' lang='lat' dir='ltr'><strong>urbi‘accidit.</strong></span> 
     </span>
    </p>
   </div>
   <div class='ocr_carea' id='block_1_55' title="bbox 1957 2495 3282 2578">
    <p class='ocr_par' dir='ltr' id='par_1_55' title="bbox 1957 2495 3282 2578">
     <span class='ocr_line' id='line_1_55' title="bbox 1957 2495 3282 2578; baseline 0.011 -27"><span class='ocrx_word' id='word_1_273' title='bbox 1957 2495 2064 2552; x_wconf 84' lang='lat' dir='ltr'><strong>Sed</strong></span> <span class='ocrx_word' id='word_1_274' title='bbox 2103 2509 2386 2569; x_wconf 85' lang='lat' dir='ltr'><strong>postquam</strong></span> <span class='ocrx_word' id='word_1_275' title='bbox 2417 2501 2568 2556; x_wconf 88' lang='lat' dir='ltr'><strong>urbis</strong></span> <span class='ocrx_word' id='word_1_276' title='bbox 2603 2495 2800 2558; x_wconf 73' lang='lat' dir='ltr'><strong>moenia</strong></span> <span class='ocrx_word' id='word_1_277' title='bbox 2832 2506 3002 2562; x_wconf 86' lang='lat' dir='ltr'><strong>subiit</strong></span> <span class='ocrx_word' id='word_1_278' title='bbox 3031 2511 3282 2578; x_wconf 86' lang='lat' dir='ltr'><strong>quatiens</strong></span> 
     </span>
    </p>
   </div>
   <div class='ocr_carea' id='block_1_56' title="bbox 1954 2591 2848 2661">
    <p class='ocr_par' dir='ltr' id='par_1_56' title="bbox 1954 2591 2848 2661">
     <span class='ocr_line' id='line_1_56' title="bbox 1954 2591 2848 2661; baseline 0.007 -19"><span class='ocrx_word' id='word_1_279' title='bbox 1954 2591 2196 2644; x_wconf 81' lang='lat' dir='ltr'><strong>exercitu</strong></span> <span class='ocrx_word' id='word_1_280' title='bbox 2232 2594 2495 2649; x_wconf 76' lang='lat' dir='ltr'><strong>mat-binis</strong></span> <span class='ocrx_word' id='word_1_281' title='bbox 2523 2602 2577 2650; x_wconf 89' lang='lat' dir='ltr'><strong>et</strong></span> <span class='ocrx_word' id='word_1_282' title='bbox 2602 2597 2848 2661; x_wconf 78' lang='lat' dir='ltr'><strong>artiﬁcio,</strong></span> 
     </span>
    </p>
   </div>
   <div class='ocr_carea' id='block_1_57' title="bbox 1955 2681 3317 2766">
    <p class='ocr_par' dir='ltr' id='par_1_57' title="bbox 1955 2681 3317 2766">
     <span class='ocr_line' id='line_1_57' title="bbox 1955 2681 3317 2766; baseline 0.013 -36"><span class='ocrx_word' id='word_1_283' title='bbox 1955 2681 2227 2752; x_wconf 85' lang='lat' dir='ltr'><strong>utrimque</strong></span> <span class='ocrx_word' id='word_1_284' title='bbox 2252 2698 2425 2754; x_wconf 81' lang='lat' dir='ltr'><strong>pugna</strong></span> <span class='ocrx_word' id='word_1_285' title='bbox 2460 2687 2796 2756; x_wconf 83' lang='lat' dir='ltr'><strong>accenditur,</strong></span> <span class='ocrx_word' id='word_1_286' title='bbox 2822 2690 2947 2745; x_wconf 89' lang='lat' dir='ltr'><strong>dum</strong></span> <span class='ocrx_word' id='word_1_287' title='bbox 2975 2693 3317 2766; x_wconf 75' lang='lat' dir='ltr'><strong>Coprouymo</strong></span> 
     </span>
    </p>
   </div>
   <div class='ocr_carea' id='block_1_58' title="bbox 1952 2774 3008 2849">
    <p class='ocr_par' dir='ltr' id='par_1_58' title="bbox 1952 2774 3008 2849">
     <span class='ocr_line' id='line_1_58' title="bbox 1952 2774 3008 2849; baseline 0.019 -28"><span class='ocrx_word' id='word_1_288' title='bbox 1952 2774 2102 2825; x_wconf 89' lang='lat' dir='ltr'><strong>omni</strong></span> <span class='ocrx_word' id='word_1_289' title='bbox 2131 2775 2336 2829; x_wconf 80' lang='lat' dir='ltr'><strong>resistit</strong></span> <span class='ocrx_word' id='word_1_290' title='bbox 2361 2792 2460 2846; x_wconf 90' lang='lat' dir='ltr'><strong>ope</strong></span> <span class='ocrx_word' id='word_1_291' title='bbox 2490 2777 2785 2849; x_wconf 86' lang='lat' dir='ltr'><strong>imperator</strong></span> <span class='ocrx_word' id='word_1_292' title='bbox 2813 2797 3008 2840; x_wconf 90' lang='lat' dir='ltr'><strong>novus.</strong></span> 
     </span>
    </p>
   </div>
   <div class='ocr_carea' id='block_1_59' title="bbox 1955 2860 3087 2945">
    <p class='ocr_par' dir='ltr' id='par_1_59' title="bbox 1955 2860 3087 2945">
     <span class='ocr_line' id='line_1_59' title="bbox 1955 2860 3087 2945; baseline 0.012 -28"><span class='ocrx_word' id='word_1_293' title='bbox 1955 2860 2061 2917; x_wconf 88' lang='lat' dir='ltr'><strong>Sed</strong></span> <span class='ocrx_word' id='word_1_294' title='bbox 2087 2864 2414 2935; x_wconf 72' lang='lat' dir='ltr'><strong>iudiciorum</strong></span> <span class='ocrx_word' id='word_1_295' title='bbox 2444 2868 2656 2924; x_wconf 91' lang='lat' dir='ltr'><strong>Domini</strong></span> <span class='ocrx_word' id='word_1_296' title='bbox 2687 2874 2807 2941; x_wconf 87' lang='lat' dir='ltr'><strong>quis</strong></span> <span class='ocrx_word' id='word_1_297' title='bbox 2832 2875 3087 2945; x_wconf 83' lang='lat' dir='ltr'><strong>abyssum</strong></span> 
     </span>
    </p>
   </div>
   <div class='ocr_carea' id='block_1_60' title="bbox 1952 2959 2898 3034">
    <p class='ocr_par' dir='ltr' id='par_1_60' title="bbox 1952 2959 2898 3034">
     <span class='ocr_line' id='line_1_60' title="bbox 1952 2959 2898 3034; baseline 0.008 -22"><span class='ocrx_word' id='word_1_298' title='bbox 1952 2959 2184 3012; x_wconf 87' lang='lat' dir='ltr'><strong>scrutari</strong></span> <span class='ocrx_word' id='word_1_299' title='bbox 2216 2963 2348 3015; x_wconf 90' lang='lat' dir='ltr'><strong>satis</strong></span> <span class='ocrx_word' id='word_1_300' title='bbox 2380 2964 2620 3030; x_wconf 82' lang='lat' dir='ltr'><strong>poterit?</strong></span> <span class='ocrx_word' id='word_1_301' title='bbox 2650 2967 2898 3034; x_wconf 81' lang='lat' dir='ltr'><strong>superior</strong></span> 
     </span>
    </p>
   </div>
   <div class='ocr_carea' id='block_1_61' title="bbox 1953 3051 3045 3130">
    <p class='ocr_par' dir='ltr' id='par_1_61' title="bbox 1953 3051 3045 3130">
     <span class='ocr_line' id='line_1_61' title="bbox 1953 3051 3045 3130; baseline 0.016 -28"><span class='ocrx_word' id='word_1_302' title='bbox 1953 3051 2245 3106; x_wconf 83' lang='lat' dir='ltr'><strong>commisso</strong></span> <span class='ocrx_word' id='word_1_303' title='bbox 2282 3054 2473 3119; x_wconf 79' lang='lat' dir='ltr'><strong>prcelio</strong></span> <span class='ocrx_word' id='word_1_304' title='bbox 2503 3056 2730 3111; x_wconf 88' lang='lat' dir='ltr'><strong>discedit</strong></span> <span class='ocrx_word' id='word_1_305' title='bbox 2762 3068 3045 3130; x_wconf 89' lang='lat' dir='ltr'><strong>tyrannus.</strong></span> 
     </span>
    </p>
   </div>
   <div class='ocr_carea' id='block_1_62' title="bbox 489 3139 2096 3232">
    <p class='ocr_par' dir='ltr' id='par_1_62' title="bbox 489 3139 2096 3232">
     <span class='ocr_line' id='line_1_62' title="bbox 489 3139 2096 3232; baseline 0.009 -39"><span class='ocrx_word' id='word_1_306' title='bbox 489 3141 730 3214; x_wconf 79' lang='grc' dir='ltr'><strong>Ἰἰττητο</strong></span> <span class='ocrx_word' id='word_1_307' title='bbox 759 3145 806 3198; x_wconf 88' lang='grc' dir='ltr'>δ’</span> <span class='ocrx_word' id='word_1_308' title='bbox 850 3147 1214 3216; x_wconf 82' lang='grc' dir='ltr'>Ἀρτάϐασδος</span> <span class='ocrx_word' id='word_1_309' title='bbox 1247 3148 1491 3220; x_wconf 80' lang='grc' dir='ltr'><strong>αἰσχρῶς</strong></span> <span class='ocrx_word' id='word_1_310' title='bbox 1519 3148 1825 3221; x_wconf 74' lang='grc' dir='ltr'>ὀροόφρων,</span> <span class='ocrx_word' id='word_1_311' title='bbox 1877 3173 1922 3232; x_wconf 76' lang='lat' dir='ltr'><strong>c</strong></span> <span class='ocrx_word' id='word_1_312' title='bbox 1955 3139 2096 3207; x_wconf 70' lang='lat' dir='ltr'><strong>“&quot;‘Pi</strong></span> 
     </span>
    </p>
   </div>
   <div class='ocr_carea' id='block_1_63' title="bbox 1378 3139 2985 3232">
    <p class='ocr_par' dir='ltr' id='par_1_63' title="bbox 1385 3139 2985 3232">
     <span class='ocr_line' id='line_1_63' title="bbox 1385 3139 2985 3232; baseline -0.003 -29"><span class='ocrx_word' id='word_1_313' title='bbox 1385 3148 1491 3217; x_wconf 83' lang='grc' dir='ltr'>ρῶς</span> <span class='ocrx_word' id='word_1_314' title='bbox 1519 3148 1825 3221; x_wconf 55' lang='grc' dir='ltr'><strong>ὁρθόςρρθιΝ⁹</strong></span> <span class='ocrx_word' id='word_1_315' title='bbox 1877 3173 1922 3232; x_wconf 74' lang='lat' dir='ltr'>c</span> <span class='ocrx_word' id='word_1_316' title='bbox 1955 3139 2187 3207; x_wconf 84' lang='lat' dir='ltr'><strong>turpiter</strong></span> <span class='ocrx_word' id='word_1_317' title='bbox 2225 3143 2457 3198; x_wconf 87' lang='lat' dir='ltr'><strong>vincitur</strong></span> <span class='ocrx_word' id='word_1_318' title='bbox 2479 3146 2809 3206; x_wconf 84' lang='lat' dir='ltr'><strong>Artavasdus</strong></span> <span class='ocrx_word' id='word_1_319' title='bbox 2844 3152 2985 3220; x_wconf 69' lang='grc' dir='ltr'>ρτιις,</span> 
     </span>
    </p>
   </div>
   <div class='ocr_carea' id='block_1_64' title="bbox 312 3231 1718 3312">
    <p class='ocr_par' dir='ltr' id='par_1_64' title="bbox 312 3231 1718 3312">
     <span class='ocr_line' id='line_1_64' title="bbox 312 3231 1718 3312; baseline 0.011 -31"><span class='ocrx_word' id='word_1_320' title='bbox 312 3231 449 3283; x_wconf 59' lang='grc' dir='ltr'><strong>ιῒϋὸ</strong></span> <span class='ocrx_word' id='word_1_321' title='bbox 487 3233 598 3285; x_wconf 77' lang='grc' dir='ltr'><strong>Καὶ</strong></span> <span class='ocrx_word' id='word_1_322' title='bbox 626 3235 906 3305; x_wconf 74' lang='grc' dir='ltr'>συσχεθεὶς</span> <span class='ocrx_word' id='word_1_323' title='bbox 933 3237 1160 3292; x_wconf 75' lang='grc' dir='ltr'>ἑσϐεστο</span> <span class='ocrx_word' id='word_1_324' title='bbox 1185 3240 1414 3311; x_wconf 78' lang='grc' dir='ltr'>λύχνους</span> <span class='ocrx_word' id='word_1_325' title='bbox 1449 3241 1718 3312; x_wconf 83' lang='grc' dir='ltr'><strong>ὀμμάτων</strong></span> 
     </span>
    </p>
   </div>
   <div class='ocr_carea' id='block_1_65' title="bbox 483 3316 1631 3394">
    <p class='ocr_par' dir='ltr' id='par_1_65' title="bbox 483 3316 1631 3394">
     <span class='ocr_line' id='line_1_65' title="bbox 483 3316 1631 3394; baseline 0.01 -26"><span class='ocrx_word' id='word_1_326' title='bbox 483 3316 591 3369; x_wconf 74' lang='grc' dir='ltr'><strong>Σὺν</strong></span> <span class='ocrx_word' id='word_1_327' title='bbox 626 3319 801 3370; x_wconf 65' lang='grc' dir='ltr'>υἱρσιν</span> <span class='ocrx_word' id='word_1_328' title='bbox 829 3321 1084 3389; x_wconf 76' lang='grc' dir='ltr'>αἴσχιστα</span> <span class='ocrx_word' id='word_1_329' title='bbox 1119 3321 1344 3385; x_wconf 81' lang='grc' dir='ltr'>διττοίς.</span> <span class='ocrx_word' id='word_1_330' title='bbox 1381 3324 1426 3377; x_wconf 85' lang='grc' dir='ltr'><strong>ὣ</strong></span> <span class='ocrx_word' id='word_1_331' title='bbox 1452 3326 1631 3394; x_wconf 76' lang='grc' dir='ltr'>δίκηςέ</span> 
     </span>
    </p>
   </div>
   <div class='ocr_carea' id='block_1_66' title="bbox 485 3403 1703 3478">
    <p class='ocr_par' dir='ltr' id='par_1_66' title="bbox 485 3403 1703 3478">
     <span class='ocr_line' id='line_1_66' title="bbox 485 3403 1703 3478; baseline 0.01 -26"><span class='ocrx_word' id='word_1_332' title='bbox 485 3403 672 3454; x_wconf 73' lang='grc' dir='ltr'>Ἄλλοι</span> <span class='ocrx_word' id='word_1_333' title='bbox 704 3420 761 3456; x_wconf 89' lang='grc' dir='ltr'>τε</span> <span class='ocrx_word' id='word_1_334' title='bbox 795 3405 1038 3457; x_wconf 85' lang='grc' dir='ltr'>πλεῖστοι</span> <span class='ocrx_word' id='word_1_335' title='bbox 1065 3408 1174 3459; x_wconf 82' lang='grc' dir='ltr'><strong>τῶν</strong></span> <span class='ocrx_word' id='word_1_336' title='bbox 1209 3411 1500 3478; x_wconf 72' lang='grc' dir='ltr'>ἐπισήμων</span> <span class='ocrx_word' id='word_1_337' title='bbox 1537 3412 1703 3464; x_wconf 73' lang='grc' dir='ltr'>πάλιν</span> 
     </span>
    </p>
   </div>
   <div class='ocr_carea' id='block_1_67' title="bbox 484 3495 1668 3574">
    <p class='ocr_par' dir='ltr' id='par_1_67' title="bbox 484 3495 1668 3574">
     <span class='ocr_line' id='line_1_67' title="bbox 484 3495 1668 3574; baseline 0.012 -29"><span class='ocrx_word' id='word_1_338' title='bbox 484 3495 670 3548; x_wconf 82' lang='grc' dir='ltr'>Κακοῦ</span> <span class='ocrx_word' id='word_1_339' title='bbox 700 3499 1130 3569; x_wconf 79' lang='grc' dir='ltr'>παραπὲλαυσαν</span> <span class='ocrx_word' id='word_1_340' title='bbox 1161 3503 1224 3554; x_wconf 78' lang='grc' dir='ltr'><strong>ὲκ</strong></span> <span class='ocrx_word' id='word_1_341' title='bbox 1261 3505 1668 3574; x_wconf 79' lang='grc' dir='ltr'>Κοπρωνύμου.</span> 
     </span>
    </p>
   </div>
   <div class='ocr_carea' id='block_1_68' title="bbox 487 3583 1493 3660">
    <p class='ocr_par' dir='ltr' id='par_1_68' title="bbox 487 3583 1493 3660">
     <span class='ocr_line' id='line_1_68' title="bbox 487 3583 1493 3660; baseline 0.012 -24"><span class='ocrx_word' id='word_1_342' title='bbox 487 3583 654 3641; x_wconf 75' lang='grc' dir='ltr'>Οὗτος</span> <span class='ocrx_word' id='word_1_343' title='bbox 678 3587 933 3660; x_wconf 80' lang='grc' dir='ltr'>βδελυρὸς</span> <span class='ocrx_word' id='word_1_344' title='bbox 965 3592 1169 3660; x_wconf 77' lang='grc' dir='ltr'>ἀσεϐὴς</span> <span class='ocrx_word' id='word_1_345' title='bbox 1199 3594 1493 3656; x_wconf 76' lang='grc' dir='ltr'>συναλίσας</span> 
     </span>
    </p>
   </div>
   <div class='ocr_carea' id='block_1_69' title="bbox 308 3675 1528 3758">
    <p class='ocr_par' dir='ltr' id='par_1_69' title="bbox 308 3675 1528 3758">
     <span class='ocr_line' id='line_1_69' title="bbox 308 3675 1528 3758; baseline 0.013 -31"><span class='ocrx_word' id='word_1_346' title='bbox 308 3675 449 3731; x_wconf 72' lang='grc' dir='ltr'><strong>Πῗο</strong></span> <span class='ocrx_word' id='word_1_347' title='bbox 494 3679 758 3750; x_wconf 78' lang='grc' dir='ltr'>Ἀνιέρων</span> <span class='ocrx_word' id='word_1_348' title='bbox 789 3682 1046 3754; x_wconf 83' lang='grc' dir='ltr'><strong>σύστημα</strong></span> <span class='ocrx_word' id='word_1_349' title='bbox 1077 3685 1314 3758; x_wconf 75' lang='grc' dir='ltr'>μισθίων</span> <span class='ocrx_word' id='word_1_350' title='bbox 1342 3687 1528 3742; x_wconf 83' lang='grc' dir='ltr'>λύκων</span> 
     </span>
    </p>
   </div>
   <div class='ocr_carea' id='block_1_70' title="bbox 498 3768 1645 3852">
    <p class='ocr_par' dir='ltr' id='par_1_70' title="bbox 498 3768 1645 3852">
     <span class='ocr_line' id='line_1_70' title="bbox 498 3768 1645 3852; baseline 0.013 -31"><span class='ocrx_word' id='word_1_351' title='bbox 498 3768 846 3842; x_wconf 56' lang='grc' dir='ltr'>ὐμοξρόνων</span> <span class='ocrx_word' id='word_1_352' title='bbox 875 3776 908 3846; x_wconf 82' lang='grc' dir='ltr'>ἢ</span> <span class='ocrx_word' id='word_1_353' title='bbox 940 3777 1036 3829; x_wconf 74' lang='grc' dir='ltr'><strong>καὶ</strong></span> <span class='ocrx_word' id='word_1_354' title='bbox 1069 3777 1232 3831; x_wconf 83' lang='grc' dir='ltr'>πλέον</span> <span class='ocrx_word' id='word_1_355' title='bbox 1262 3782 1645 3852; x_wconf 80' lang='grc' dir='ltr'>κακοφρόνων.</span> 
     </span>
    </p>
   </div>
   <div class='ocr_carea' id='block_1_71' title="bbox 487 3865 1626 3945">
    <p class='ocr_par' dir='ltr' id='par_1_71' title="bbox 487 3865 1626 3945">
     <span class='ocr_line' id='line_1_71' title="bbox 487 3865 1626 3945; baseline 0.011 -28"><span class='ocrx_word' id='word_1_356' title='bbox 487 3865 551 3918; x_wconf 88' lang='grc' dir='ltr'><strong>Ὃ</strong></span> <span class='ocrx_word' id='word_1_357' title='bbox 587 3867 818 3920; x_wconf 84' lang='grc' dir='ltr'>συνόδων</span> <span class='ocrx_word' id='word_1_358' title='bbox 852 3867 1144 3939; x_wconf 83' lang='grc' dir='ltr'>κέκληκεν,</span> <span class='ocrx_word' id='word_1_359' title='bbox 1181 3870 1225 3924; x_wconf 83' lang='grc' dir='ltr'>ὢ</span> <span class='ocrx_word' id='word_1_360' title='bbox 1261 3873 1397 3928; x_wconf 81' lang='grc' dir='ltr'>Θεοῦ</span> <span class='ocrx_word' id='word_1_361' title='bbox 1428 3875 1586 3945; x_wconf 88' lang='grc' dir='ltr'>νόμοι</span> <span class='ocrx_word' id='word_1_362' title='bbox 1615 3881 1626 3929; x_wconf 89' lang='lat'><strong>!</strong></span> 
     </span>
    </p>
   </div>
   <div class='ocr_carea' id='block_1_72' title="bbox 481 3962 1660 4039">
    <p class='ocr_par' dir='ltr' id='par_1_72' title="bbox 481 3962 1660 4039">
     <span class='ocr_line' id='line_1_72' title="bbox 481 3962 1660 4039; baseline 0.01 -28"><span class='ocrx_word' id='word_1_363' title='bbox 481 3962 883 4031; x_wconf 78' lang='grc' dir='ltr'>Οἰκουμενικὴν</span> <span class='ocrx_word' id='word_1_364' title='bbox 912 3962 1170 4034; x_wconf 77' lang='grc' dir='ltr'>ἑϐδόμην,</span> <span class='ocrx_word' id='word_1_365' title='bbox 1202 3966 1247 4018; x_wconf 81' lang='grc' dir='ltr'><strong>ὢ</strong></span> <span class='ocrx_word' id='word_1_366' title='bbox 1279 3967 1376 4036; x_wconf 81' lang='grc' dir='ltr'>τῆς</span> <span class='ocrx_word' id='word_1_367' title='bbox 1406 3970 1617 4039; x_wconf 86' lang='grc' dir='ltr'>πλάνης</span> <span class='ocrx_word' id='word_1_368' title='bbox 1649 3971 1660 4023; x_wconf 89' lang='lat'><strong>!</strong></span> 
     </span>
    </p>
   </div>
   <div class='ocr_carea' id='block_1_73' title="bbox 493 4051 1606 4123">
    <p class='ocr_par' dir='ltr' id='par_1_73' title="bbox 493 4051 1606 4123">
     <span class='ocr_line' id='line_1_73' title="bbox 493 4051 1606 4123; baseline 0.011 -19"><span class='ocrx_word' id='word_1_369' title='bbox 493 4051 610 4105; x_wconf 82' lang='grc' dir='ltr'><strong>Ἐπ’</strong></span> <span class='ocrx_word' id='word_1_370' title='bbox 641 4054 736 4106; x_wconf 81' lang='grc' dir='ltr'>ἀθε</span> <span class='ocrx_word' id='word_1_371' title='bbox 751 4056 895 4123; x_wconf 78' lang='grc' dir='ltr'>εήσει</span> <span class='ocrx_word' id='word_1_372' title='bbox 919 4057 1027 4110; x_wconf 83' lang='grc' dir='ltr'>τῶν</span> <span class='ocrx_word' id='word_1_373' title='bbox 1061 4058 1346 4113; x_wconf 85' lang='grc' dir='ltr'>σεϐαστῶν</span> <span class='ocrx_word' id='word_1_374' title='bbox 1377 4062 1606 4115; x_wconf 77' lang='grc' dir='ltr'>εἰκόνων</span> 
     </span>
    </p>
   </div>
   <div class='ocr_carea' id='block_1_74' title="bbox 307 4143 1663 4224">
    <p class='ocr_par' dir='ltr' id='par_1_74' title="bbox 307 4143 1663 4224">
     <span class='ocr_line' id='line_1_74' title="bbox 307 4143 1663 4224; baseline 0.01 -30"><span class='ocrx_word' id='word_1_375' title='bbox 307 4143 445 4198; x_wconf 73' lang='grc'>1775</span> <span class='ocrx_word' id='word_1_376' title='bbox 480 4145 635 4196; x_wconf 83' lang='grc' dir='ltr'>Θεῖον</span> <span class='ocrx_word' id='word_1_377' title='bbox 673 4145 998 4217; x_wconf 84' lang='grc' dir='ltr'><strong>Βλαχερνῶν</strong></span> <span class='ocrx_word' id='word_1_378' title='bbox 1029 4150 1449 4221; x_wconf 78' lang='grc' dir='ltr'>καταλαμϐάνει</span> <span class='ocrx_word' id='word_1_379' title='bbox 1477 4154 1663 4224; x_wconf 73' lang='grc' dir='ltr'>δόμοψ</span> 
     </span>
    </p>
   </div>
   <div class='ocr_carea' id='block_1_75' title="bbox 498 4237 1605 4316">
    <p class='ocr_par' dir='ltr' id='par_1_75' title="bbox 498 4237 1605 4316">
     <span class='ocr_line' id='line_1_75' title="bbox 498 4237 1605 4316; baseline 0.011 -28"><span class='ocrx_word' id='word_1_380' title='bbox 498 4237 609 4289; x_wconf 85' lang='grc' dir='ltr'><strong>Ἐπ’</strong></span> <span class='ocrx_word' id='word_1_381' title='bbox 638 4239 961 4310; x_wconf 76' lang='grc' dir='ltr'>ὀκρίϐαντος</span> <span class='ocrx_word' id='word_1_382' title='bbox 992 4239 1038 4295; x_wconf 82' lang='grc' dir='ltr'>δ’</span> <span class='ocrx_word' id='word_1_383' title='bbox 1063 4243 1272 4306; x_wconf 78' lang='grc' dir='ltr'>ἀναϐάς</span> <span class='ocrx_word' id='word_1_384' title='bbox 1299 4245 1605 4316; x_wconf 75' lang='grc' dir='ltr'>τολμητίας</span> 
     </span>
    </p>
   </div>
   <div class='ocr_carea' id='block_1_76' title="bbox 475 4329 1488 4407">
    <p class='ocr_par' dir='ltr' id='par_1_76' title="bbox 475 4329 1488 4407">
     <span class='ocr_line' id='line_1_76' title="bbox 475 4329 1488 4407; baseline 0.014 -31"><span class='ocrx_word' id='word_1_385' title='bbox 475 4329 631 4399; x_wconf 69' lang='grc' dir='ltr'>Φωνῇ</span> <span class='ocrx_word' id='word_1_386' title='bbox 661 4329 802 4400; x_wconf 81' lang='grc' dir='ltr'>τορῷ</span> <span class='ocrx_word' id='word_1_387' title='bbox 831 4349 886 4384; x_wconf 85' lang='grc' dir='ltr'>τε</span> <span class='ocrx_word' id='word_1_388' title='bbox 917 4334 1009 4385; x_wconf 75' lang='grc' dir='ltr'>καὶ</span> <span class='ocrx_word' id='word_1_389' title='bbox 1041 4336 1160 4404; x_wconf 73' lang='grc' dir='ltr'>χερὶ</span> <span class='ocrx_word' id='word_1_390' title='bbox 1187 4334 1488 4407; x_wconf 76' lang='grc' dir='ltr'>βδελυκτέᾳ</span> 
     </span>
    </p>
   </div>
   <div class='ocr_carea' id='block_1_77' title="bbox 492 4418 1586 4494">
    <p class='ocr_par' dir='ltr' id='par_1_77' title="bbox 492 4418 1586 4494">
     <span class='ocr_line' id='line_1_77' title="bbox 492 4418 1586 4494; baseline 0.014 -24"><span class='ocrx_word' id='word_1_391' title='bbox 492 4418 578 4482; x_wconf 84' lang='grc' dir='ltr'>Ὡς</span> <span class='ocrx_word' id='word_1_392' title='bbox 608 4422 953 4492; x_wconf 79' lang='grc' dir='ltr'>φατνιάρχην</span> <span class='ocrx_word' id='word_1_393' title='bbox 985 4425 1222 4479; x_wconf 84' lang='grc' dir='ltr'>δεικνύει</span> <span class='ocrx_word' id='word_1_394' title='bbox 1259 4429 1586 4494; x_wconf 73' lang='grc' dir='ltr'><strong>Βυζαντίδος</strong></span> 
     </span>
    </p>
   </div>
   <div class='ocr_carea' id='block_1_78' title="bbox 483 4510 1618 4579">
    <p class='ocr_par' dir='ltr' id='par_1_78' title="bbox 483 4510 1618 4579">
     <span class='ocr_line' id='line_1_78' title="bbox 483 4510 1618 4579; baseline 0.013 -15"><span class='ocrx_word' id='word_1_395' title='bbox 483 4510 892 4566; x_wconf 71' lang='grc' dir='ltr'>Κωνσταντίνον</span> <span class='ocrx_word' id='word_1_396' title='bbox 916 4516 1122 4571; x_wconf 81' lang='grc' dir='ltr'>τάλανα</span> <span class='ocrx_word' id='word_1_397' title='bbox 1154 4519 1384 4575; x_wconf 79' lang='grc' dir='ltr'>Συλαίου</span> <span class='ocrx_word' id='word_1_398' title='bbox 1409 4523 1576 4579; x_wconf 81' lang='grc' dir='ltr'>λύκον</span> <span class='ocrx_word' id='word_1_399' title='bbox 1603 4543 1618 4556; x_wconf 74' lang='grc' dir='ltr'>ο</span> 
     </span>
    </p>
   </div>
   <div class='ocr_carea' id='block_1_79' title="bbox 306 4605 1552 4685">
    <p class='ocr_par' dir='ltr' id='par_1_79' title="bbox 306 4605 1552 4685">
     <span class='ocr_line' id='line_1_79' title="bbox 306 4605 1552 4685; baseline 0.01 -27"><span class='ocrx_word' id='word_1_400' title='bbox 306 4605 442 4660; x_wconf 80' lang='lat' dir='ltr'><strong>i780</strong></span> <span class='ocrx_word' id='word_1_401' title='bbox 482 4605 664 4657; x_wconf 80' lang='grc' dir='ltr'>Τελῶν</span> <span class='ocrx_word' id='word_1_402' title='bbox 691 4605 736 4660; x_wconf 85' lang='grc' dir='ltr'>δ’</span> <span class='ocrx_word' id='word_1_403' title='bbox 771 4607 937 4662; x_wconf 81' lang='grc' dir='ltr'>αὑτοῦ</span> <span class='ocrx_word' id='word_1_404' title='bbox 966 4610 1066 4680; x_wconf 82' lang='grc' dir='ltr'><strong>τὴν</strong></span> <span class='ocrx_word' id='word_1_405' title='bbox 1096 4613 1552 4685; x_wconf 81' lang='grc' dir='ltr'>ἀθεμιτουργιαν,</span> 
     </span>
    </p>
   </div>
   <div class='ocr_carea' id='block_1_80' title="bbox 475 4685 1610 4772">
    <p class='ocr_par' dir='ltr' id='par_1_80' title="bbox 475 4685 1610 4772">
     <span class='ocr_line' id='line_1_80' title="bbox 475 4685 1610 4772; baseline 0.017 -34"><span class='ocrx_word' id='word_1_406' title='bbox 475 4685 606 4741; x_wconf 70' lang='lat' dir='ltr'><strong>bim</strong></span> <span class='ocrx_word' id='word_1_407' title='bbox 637 4692 757 4758; x_wconf 83' lang='grc' dir='ltr'>μετ’</span> <span class='ocrx_word' id='word_1_408' title='bbox 783 4692 952 4744; x_wconf 85' lang='grc' dir='ltr'>αὑτοῦ</span> <span class='ocrx_word' id='word_1_409' title='bbox 988 4695 1262 4765; x_wconf 82' lang='grc' dir='ltr'>ποιμένων</span> <span class='ocrx_word' id='word_1_410' title='bbox 1291 4698 1339 4750; x_wconf 84' lang='grc' dir='ltr'><strong>τ’</strong></span> <span class='ocrx_word' id='word_1_411' title='bbox 1376 4701 1610 4772; x_wconf 81' lang='grc' dir='ltr'>ἀνιέρων</span> 
     </span>
    </p>
   </div>
   <div class='ocr_carea' id='block_1_81' title="bbox 480 4783 1686 4870">
    <p class='ocr_par' dir='ltr' id='par_1_81' title="bbox 480 4783 1686 4870">
     <span class='ocr_line' id='line_1_81' title="bbox 480 4783 1686 4870; baseline 0.016 -36"><span class='ocrx_word' id='word_1_412' title='bbox 480 4783 704 4836; x_wconf 80' lang='grc' dir='ltr'>Πάντων</span> <span class='ocrx_word' id='word_1_413' title='bbox 737 4783 990 4854; x_wconf 84' lang='grc' dir='ltr'>ὁρώντων</span> <span class='ocrx_word' id='word_1_414' title='bbox 1017 4790 1112 4842; x_wconf 76' lang='grc' dir='ltr'>καὶ</span> <span class='ocrx_word' id='word_1_415' title='bbox 1143 4790 1417 4848; x_wconf 90' lang='grc' dir='ltr'>κλυόντων</span> <span class='ocrx_word' id='word_1_416' title='bbox 1441 4798 1501 4849; x_wconf 82' lang='grc' dir='ltr'>ἐν</span> <span class='ocrx_word' id='word_1_417' title='bbox 1535 4799 1686 4870; x_wconf 77' lang='grc' dir='ltr'>φόρῳ</span> 
     </span>
    </p>
   </div>
   <div class='ocr_carea' id='block_1_82' title="bbox 476 4872 1696 4957">
    <p class='ocr_par' dir='ltr' id='par_1_82' title="bbox 476 4872 1696 4957">
     <span class='ocr_line' id='line_1_82' title="bbox 476 4872 1696 4957; baseline 0.013 -29"><span class='ocrx_word' id='word_1_418' title='bbox 476 4872 590 4946; x_wconf 80' lang='grc' dir='ltr'><strong>Τὴν</strong></span> <span class='ocrx_word' id='word_1_419' title='bbox 614 4880 989 4949; x_wconf 77' lang='grc' dir='ltr'>προσκύνησιν</span> <span class='ocrx_word' id='word_1_420' title='bbox 1017 4881 1114 4934; x_wconf 71' lang='grc' dir='ltr'><strong>καὶ</strong></span> <span class='ocrx_word' id='word_1_421' title='bbox 1139 4883 1307 4955; x_wconf 82' lang='grc' dir='ltr'>τιμὴν</span> <span class='ocrx_word' id='word_1_422' title='bbox 1338 4887 1439 4957; x_wconf 77' lang='grc' dir='ltr'><strong>τὴν</strong></span> <span class='ocrx_word' id='word_1_423' title='bbox 1468 4890 1696 4944; x_wconf 80' lang='grc' dir='ltr'>εἰκόνων</span> 
     </span>
    </p>
   </div>
   <div class='ocr_carea' id='block_1_83' title="bbox 490 4970 1552 5048">
    <p class='ocr_par' dir='ltr' id='par_1_83' title="bbox 490 4970 1552 5048">
     <span class='ocr_line' id='line_1_83' title="bbox 490 4970 1552 5048; baseline 0.011 -25"><span class='ocrx_word' id='word_1_424' title='bbox 490 4971 866 5040; x_wconf 77' lang='grc' dir='ltr'>’Δπηγόρευσε</span> <span class='ocrx_word' id='word_1_425' title='bbox 900 4970 1200 5036; x_wconf 85' lang='grc' dir='ltr'>δυσσεϐῶς,</span> <span class='ocrx_word' id='word_1_426' title='bbox 1227 4973 1272 5028; x_wconf 85' lang='grc' dir='ltr'><strong>ὣ</strong></span> <span class='ocrx_word' id='word_1_427' title='bbox 1309 4979 1513 5048; x_wconf 84' lang='grc' dir='ltr'>μανίας</span> <span class='ocrx_word' id='word_1_428' title='bbox 1539 4983 1552 5036; x_wconf 85' lang='lat' dir='ltr'><strong>l</strong></span> 
     </span>
    </p>
   </div>
   <div class='ocr_carea' id='block_1_84' title="bbox 301 5061 1527 5142">
    <p class='ocr_par' dir='ltr' id='par_1_84' title="bbox 301 5061 1527 5142">
     <span class='ocr_line' id='line_1_84' title="bbox 301 5061 1527 5142; baseline 0.008 -27"><span class='ocrx_word' id='word_1_429' title='bbox 301 5061 440 5116; x_wconf 67' lang='lat'><strong>1783</strong></span> <span class='ocrx_word' id='word_1_430' title='bbox 479 5062 890 5118; x_wconf 83' lang='grc' dir='ltr'>Καθυποϐαλὼν</span> <span class='ocrx_word' id='word_1_431' title='bbox 919 5067 1170 5135; x_wconf 78' lang='grc' dir='ltr'>ἀφρόνως</span> <span class='ocrx_word' id='word_1_432' title='bbox 1203 5072 1230 5122; x_wconf 90' lang='grc' dir='ltr'>ὁ</span> <span class='ocrx_word' id='word_1_433' title='bbox 1264 5071 1527 5142; x_wconf 84' lang='grc' dir='ltr'>μαινόλης</span> 
     </span>
    </p>
   </div>
   <div class='ocr_carea' id='block_1_85' title="bbox 487 5156 1554 5232">
    <p class='ocr_par' dir='ltr' id='par_1_85' title="bbox 487 5156 1554 5232">
     <span class='ocr_line' id='line_1_85' title="bbox 487 5156 1554 5232; baseline 0.013 -27"><span class='ocrx_word' id='word_1_434' title='bbox 487 5156 671 5225; x_wconf 81' lang='grc' dir='ltr'><strong>Ἀραίς</strong></span> <span class='ocrx_word' id='word_1_435' title='bbox 705 5157 1051 5228; x_wconf 82' lang='grc' dir='ltr'>ἁναθὲματος</span> <span class='ocrx_word' id='word_1_436' title='bbox 1077 5161 1281 5232; x_wconf 80' lang='grc' dir='ltr'>ἄνδρας</span> <span class='ocrx_word' id='word_1_437' title='bbox 1315 5163 1554 5232; x_wconf 75' lang='grc' dir='ltr'>ὀλϐίους,</span> 
     </span>
    </p>
   </div>
   <div class='ocr_carea' id='block_1_86' title="bbox 473 5248 1590 5324">
    <p class='ocr_par' dir='ltr' id='par_1_86' title="bbox 473 5248 1590 5324">
     <span class='ocr_line' id='line_1_86' title="bbox 473 5248 1590 5324; baseline 0.009 -24"><span class='ocrx_word' id='word_1_438' title='bbox 473 5248 642 5313; x_wconf 74' lang='grc' dir='ltr'>Σοφὸν</span> <span class='ocrx_word' id='word_1_439' title='bbox 669 5251 968 5318; x_wconf 84' lang='grc' dir='ltr'>Γερμανὸν,</span> <span class='ocrx_word' id='word_1_440' title='bbox 998 5252 1272 5323; x_wconf 81' lang='grc' dir='ltr'><strong>Γεὼργιον</strong></span> <span class='ocrx_word' id='word_1_441' title='bbox 1301 5256 1590 5324; x_wconf 80' lang='grc' dir='ltr'>Κυπρόθεν</span> 
     </span>
    </p>
   </div>
   <div class='ocr_carea' id='block_1_87' title="bbox 1955 3235 3311 3312">
    <p class='ocr_par' dir='ltr' id='par_1_87' title="bbox 1955 3235 3311 3312">
     <span class='ocr_line' id='line_1_87' title="bbox 1955 3235 3311 3312; baseline 0.017 -33"><span class='ocrx_word' id='word_1_442' title='bbox 1955 3237 2251 3300; x_wconf 85' lang='lat' dir='ltr'><strong>raptusque</strong></span> <span class='ocrx_word' id='word_1_443' title='bbox 2275 3235 2497 3288; x_wconf 82' lang='lat' dir='ltr'><strong>orbatur</strong></span> <span class='ocrx_word' id='word_1_444' title='bbox 2531 3238 2830 3295; x_wconf 90' lang='lat' dir='ltr'><strong>miserrime</strong></span> <span class='ocrx_word' id='word_1_445' title='bbox 2857 3254 3084 3312; x_wconf 88' lang='lat' dir='ltr'><strong>utroque</strong></span> <span class='ocrx_word' id='word_1_446' title='bbox 3113 3244 3311 3301; x_wconf 85' lang='lat' dir='ltr'><strong>lumine</strong></span> 
     </span>
    </p>
   </div>
   <div class='ocr_carea' id='block_1_88' title="bbox 1951 3321 3051 3401">
    <p class='ocr_par' dir='ltr' id='par_1_88' title="bbox 1951 3321 3051 3401">
     <span class='ocr_line' id='line_1_88' title="bbox 1951 3321 3051 3401; baseline 0.016 -33"><span class='ocrx_word' id='word_1_447' title='bbox 1951 3334 2073 3371; x_wconf 75' lang='lat' dir='ltr'><strong>cum</strong></span> <span class='ocrx_word' id='word_1_448' title='bbox 2101 3321 2308 3377; x_wconf 88' lang='lat' dir='ltr'><strong>duobus</strong></span> <span class='ocrx_word' id='word_1_449' title='bbox 2347 3324 2471 3379; x_wconf 87' lang='lat' dir='ltr'><strong>liliis</strong></span> <span class='ocrx_word' id='word_1_450' title='bbox 2501 3325 2629 3394; x_wconf 90' lang='lat' dir='ltr'><strong>(ltett</strong></span> <span class='ocrx_word' id='word_1_451' title='bbox 2662 3324 2982 3399; x_wconf 73' lang='lat' dir='ltr'><strong>supplicium</strong></span> <span class='ocrx_word' id='word_1_452' title='bbox 3013 3333 3051 3401; x_wconf 90' lang='lat'><strong>!)</strong></span> 
     </span>
    </p>
   </div>
   <div class='ocr_carea' id='block_1_89' title="bbox 1952 3411 2999 3490">
    <p class='ocr_par' dir='ltr' id='par_1_89' title="bbox 1952 3411 2999 3490">
     <span class='ocr_line' id='line_1_89' title="bbox 1952 3411 2999 3490; baseline 0.016 -27"><span class='ocrx_word' id='word_1_453' title='bbox 1952 3411 2170 3481; x_wconf 85' lang='lat' dir='ltr'><strong>insuper</strong></span> <span class='ocrx_word' id='word_1_454' title='bbox 2195 3423 2247 3468; x_wconf 86' lang='lat' dir='ltr'><strong>et.</strong></span> <span class='ocrx_word' id='word_1_455' title='bbox 2273 3415 2408 3470; x_wconf 88' lang='lat' dir='ltr'><strong>alios</strong></span> <span class='ocrx_word' id='word_1_456' title='bbox 2430 3417 2714 3487; x_wconf 86' lang='lat' dir='ltr'><strong>optimates</strong></span> <span class='ocrx_word' id='word_1_457' title='bbox 2738 3423 2999 3490; x_wconf 87' lang='lat' dir='ltr'><strong>plurimos</strong></span> 
     </span>
    </p>
   </div>
   <div class='ocr_carea' id='block_1_90' title="bbox 1953 3503 3108 3587">
    <p class='ocr_par' dir='ltr' id='par_1_90' title="bbox 1953 3503 3108 3587">
     <span class='ocr_line' id='line_1_90' title="bbox 1953 3503 3108 3587; baseline 0.018 -34"><span class='ocrx_word' id='word_1_458' title='bbox 1953 3503 2109 3558; x_wconf 87' lang='lat' dir='ltr'><strong>malis</strong></span> <span class='ocrx_word' id='word_1_459' title='bbox 2147 3505 2424 3575; x_wconf 88' lang='lat' dir='ltr'><strong>suppliciis</strong></span> <span class='ocrx_word' id='word_1_460' title='bbox 2455 3512 2688 3579; x_wconf 86' lang='lat' dir='ltr'><strong>perdidit</strong></span> <span class='ocrx_word' id='word_1_461' title='bbox 2718 3513 3108 3587; x_wconf 87' lang='lat' dir='ltr'><strong>Copronymus.</strong></span> 
     </span>
    </p>
   </div>
   <div class='ocr_carea' id='block_1_91' title="bbox 1951 3596 3098 3679">
    <p class='ocr_par' dir='ltr' id='par_1_91' title="bbox 1951 3596 3098 3679">
     <span class='ocr_line' id='line_1_91' title="bbox 1951 3596 3098 3679; baseline 0.013 -29"><span class='ocrx_word' id='word_1_462' title='bbox 1951 3596 2150 3667; x_wconf 91' lang='lat' dir='ltr'><strong>Impius</strong></span> <span class='ocrx_word' id='word_1_463' title='bbox 2181 3599 2270 3654; x_wconf 88' lang='lat' dir='ltr'><strong>hic</strong></span> <span class='ocrx_word' id='word_1_464' title='bbox 2308 3600 2738 3674; x_wconf 81' lang='lat' dir='ltr'><strong>maledictusque</strong></span> <span class='ocrx_word' id='word_1_465' title='bbox 2765 3621 3098 3679; x_wconf 67' lang='lat' dir='ltr'><strong>congregans</strong></span> 
     </span>
    </p>
   </div>
   <div class='ocr_carea' id='block_1_92' title="bbox 1952 3706 3069 3787">
    <p class='ocr_par' dir='ltr' id='par_1_92' title="bbox 1952 3706 3069 3787">
     <span class='ocr_line' id='line_1_92' title="bbox 1952 3706 3069 3787; baseline 0.011 -30"><span class='ocrx_word' id='word_1_466' title='bbox 1952 3706 2162 3759; x_wconf 89' lang='lat' dir='ltr'><strong>turbam</strong></span> <span class='ocrx_word' id='word_1_467' title='bbox 2194 3707 2258 3761; x_wconf 89' lang='lat' dir='ltr'><strong>de</strong></span> <span class='ocrx_word' id='word_1_468' title='bbox 2287 3711 2636 3767; x_wconf 87' lang='lat' dir='ltr'><strong>mercenariis</strong></span> <span class='ocrx_word' id='word_1_469' title='bbox 2663 3713 2902 3782; x_wconf 77' lang='lat' dir='ltr'><strong>profanis</strong></span> <span class='ocrx_word' id='word_1_470' title='bbox 2930 3717 3069 3787; x_wconf 81' lang='lat' dir='ltr'><strong>lupis</strong></span> 
     </span>
    </p>
   </div>
   <div class='ocr_carea' id='block_1_93' title="bbox 1949 3795 3292 3878">
    <p class='ocr_par' dir='ltr' id='par_1_93' title="bbox 1949 3795 3292 3878">
     <span class='ocr_line' id='line_1_93' title="bbox 1949 3795 3292 3878; baseline 0.013 -31"><span class='ocrx_word' id='word_1_471' title='bbox 1949 3795 2208 3850; x_wconf 87' lang='lat' dir='ltr'><strong>concordi</strong></span> <span class='ocrx_word' id='word_1_472' title='bbox 2239 3799 2319 3852; x_wconf 86' lang='lat' dir='ltr'><strong>vel</strong></span> <span class='ocrx_word' id='word_1_473' title='bbox 2353 3802 2570 3856; x_wconf 81' lang='lat' dir='ltr'><strong>excordi</strong></span> <span class='ocrx_word' id='word_1_474' title='bbox 2605 3806 2780 3872; x_wconf 75' lang='lat' dir='ltr'><strong>potius</strong></span> <span class='ocrx_word' id='word_1_475' title='bbox 2817 3819 2997 3862; x_wconf 87' lang='lat' dir='ltr'><strong>mente</strong></span> <span class='ocrx_word' id='word_1_476' title='bbox 3031 3811 3292 3878; x_wconf 65' lang='lat' dir='ltr'><strong>prmditis,</strong></span> 
     </span>
    </p>
   </div>
   <div class='ocr_carea' id='block_1_94' title="bbox 1948 3891 3132 3972">
    <p class='ocr_par' dir='ltr' id='par_1_94' title="bbox 1948 3891 3132 3972">
     <span class='ocr_line' id='line_1_94' title="bbox 1948 3891 3132 3972; baseline 0.015 -33"><span class='ocrx_word' id='word_1_477' title='bbox 1948 3902 2084 3955; x_wconf 90' lang='lat' dir='ltr'><strong>quos</strong></span> <span class='ocrx_word' id='word_1_478' title='bbox 2121 3891 2406 3960; x_wconf 84' lang='lat' dir='ltr'><strong>appellavit</strong></span> <span class='ocrx_word' id='word_1_479' title='bbox 2435 3897 2698 3964; x_wconf 83' lang='lat' dir='ltr'><strong>synodum</strong></span> <span class='ocrx_word' id='word_1_480' title='bbox 2723 3900 2775 3967; x_wconf 84' lang='grc' dir='ltr'>(ο</span> <span class='ocrx_word' id='word_1_481' title='bbox 2807 3899 2894 3954; x_wconf 79' lang='lat' dir='ltr'><strong>Dei</strong></span> <span class='ocrx_word' id='word_1_482' title='bbox 2926 3900 3067 3972; x_wconf 81' lang='lat' dir='ltr'><strong>leges</strong></span> <span class='ocrx_word' id='word_1_483' title='bbox 3093 3904 3132 3966; x_wconf 75' lang='grc' dir='ltr'><strong>ἶ)</strong></span> 
     </span>
    </p>
   </div>
   <div class='ocr_carea' id='block_1_95' title="bbox 1949 3981 3178 4068">
    <p class='ocr_par' dir='ltr' id='par_1_95' title="bbox 1949 3981 3178 4068">
     <span class='ocr_line' id='line_1_95' title="bbox 1949 3981 3178 4068; baseline 0.015 -35"><span class='ocrx_word' id='word_1_484' title='bbox 1949 3981 2231 4048; x_wconf 86' lang='lat' dir='ltr'><strong>septimam</strong></span> <span class='ocrx_word' id='word_1_485' title='bbox 2261 3986 2648 4042; x_wconf 68' lang='lat' dir='ltr'><strong>meumenicam</strong></span> <span class='ocrx_word' id='word_1_486' title='bbox 2679 3989 2734 4060; x_wconf 91' lang='grc' dir='ltr'><strong>(ο</strong></span> <span class='ocrx_word' id='word_1_487' title='bbox 2766 3992 3117 4061; x_wconf 83' lang='lat' dir='ltr'><strong>itnposturant</strong></span> <span class='ocrx_word' id='word_1_488' title='bbox 3143 3998 3178 4068; x_wconf 80' lang='grc' dir='ltr'><strong>ι)</strong></span> 
     </span>
    </p>
   </div>
   <div class='ocr_carea' id='block_1_96' title="bbox 1947 4071 2902 4150">
    <p class='ocr_par' dir='ltr' id='par_1_96' title="bbox 1947 4071 2902 4150">
     <span class='ocr_line' id='line_1_96' title="bbox 1947 4071 2902 4150; baseline 0.015 -25"><span class='ocrx_word' id='word_1_489' title='bbox 1947 4071 2018 4125; x_wconf 91' lang='lat' dir='ltr'><strong>ob</strong></span> <span class='ocrx_word' id='word_1_490' title='bbox 2044 4085 2299 4145; x_wconf 83' lang='lat' dir='ltr'><strong>augustas</strong></span> <span class='ocrx_word' id='word_1_491' title='bbox 2325 4077 2586 4150; x_wconf 79' lang='lat' dir='ltr'><strong>imagines</strong></span> <span class='ocrx_word' id='word_1_492' title='bbox 2615 4081 2902 4138; x_wconf 87' lang='lat' dir='ltr'><strong>abolendas</strong></span> 
     </span>
    </p>
   </div>
   <div class='ocr_carea' id='block_1_97' title="bbox 1950 4163 3343 4250">
    <p class='ocr_par' dir='ltr' id='par_1_97' title="bbox 1950 4163 3343 4250">
     <span class='ocr_line' id='line_1_97' title="bbox 1950 4163 3343 4250; baseline 0.015 -36"><span class='ocrx_word' id='word_1_493' title='bbox 1950 4163 2017 4215; x_wconf 88' lang='lat' dir='ltr'><strong>ad</strong></span> <span class='ocrx_word' id='word_1_494' title='bbox 2049 4172 2295 4220; x_wconf 87' lang='lat' dir='ltr'><strong>sanctum</strong></span> <span class='ocrx_word' id='word_1_495' title='bbox 2329 4165 2729 4227; x_wconf 88' lang='lat' dir='ltr'><strong>Blachernense</strong></span> <span class='ocrx_word' id='word_1_496' title='bbox 2755 4177 3016 4242; x_wconf 89' lang='lat' dir='ltr'><strong>processit</strong></span> <span class='ocrx_word' id='word_1_497' title='bbox 3048 4179 3343 4250; x_wconf 84' lang='lat' dir='ltr'><strong>templum:</strong></span> 
     </span>
    </p>
   </div>
   <div class='ocr_carea' id='block_1_98' title="bbox 1951 4254 3063 4334">
    <p class='ocr_par' dir='ltr' id='par_1_98' title="bbox 1951 4254 3063 4334">
     <span class='ocr_line' id='line_1_98' title="bbox 1951 4254 3063 4334; baseline 0.015 -26"><span class='ocrx_word' id='word_1_498' title='bbox 1951 4254 2132 4326; x_wconf 87' lang='lat' dir='ltr'><strong>ibique</strong></span> <span class='ocrx_word' id='word_1_499' title='bbox 2163 4257 2419 4315; x_wconf 85' lang='lat' dir='ltr'><strong>inscenso</strong></span> <span class='ocrx_word' id='word_1_500' title='bbox 2453 4261 2795 4334; x_wconf 84' lang='lat' dir='ltr'><strong>impudenter</strong></span> <span class='ocrx_word' id='word_1_501' title='bbox 2830 4269 3063 4325; x_wconf 87' lang='lat' dir='ltr'><strong>amboue</strong></span> 
     </span>
    </p>
   </div>
   <div class='ocr_carea' id='block_1_99' title="bbox 1948 4346 3025 4426">
    <p class='ocr_par' dir='ltr' id='par_1_99' title="bbox 1948 4346 3025 4426">
     <span class='ocr_line' id='line_1_99' title="bbox 1948 4346 3025 4426; baseline 0.014 -26"><span class='ocrx_word' id='word_1_502' title='bbox 1948 4346 2087 4401; x_wconf 89' lang='lat' dir='ltr'><strong>elata</strong></span> <span class='ocrx_word' id='word_1_503' title='bbox 2121 4363 2271 4414; x_wconf 88' lang='lat' dir='ltr'><strong>voce,</strong></span> <span class='ocrx_word' id='word_1_504' title='bbox 2313 4352 2473 4420; x_wconf 87' lang='lat' dir='ltr'><strong>impia</strong></span> <span class='ocrx_word' id='word_1_505' title='bbox 2499 4365 2746 4425; x_wconf 89' lang='lat' dir='ltr'><strong>protenta</strong></span> <span class='ocrx_word' id='word_1_506' title='bbox 2782 4359 3025 4426; x_wconf 77' lang='lat' dir='ltr'><strong>dextera,</strong></span> 
     </span>
    </p>
   </div>
   <div class='ocr_carea' id='block_1_100' title="bbox 1873 4435 3017 4524">
    <p class='ocr_par' dir='ltr' id='par_1_100' title="bbox 1873 4435 3017 4524">
     <span class='ocr_line' id='line_1_100' title="bbox 1873 4435 3017 4524; baseline 0.017 -36"><span class='ocrx_word' id='word_1_507' title='bbox 1873 4469 1917 4524; x_wconf 68' lang='grc' dir='ltr'><strong>Β</strong></span> <span class='ocrx_word' id='word_1_508' title='bbox 1950 4435 2258 4509; x_wconf 61' lang='lat' dir='ltr'><strong>Byzantina;</strong></span> <span class='ocrx_word' id='word_1_509' title='bbox 2288 4445 2434 4500; x_wconf 89' lang='lat' dir='ltr'><strong>urbis</strong></span> <span class='ocrx_word' id='word_1_510' title='bbox 2459 4448 2750 4504; x_wconf 87' lang='lat' dir='ltr'><strong>antistitem</strong></span> <span class='ocrx_word' id='word_1_511' title='bbox 2780 4452 3017 4508; x_wconf 87' lang='lat' dir='ltr'><strong>declarat</strong></span> 
     </span>
    </p>
   </div>
   <div class='ocr_carea' id='block_1_101' title="bbox 1947 4529 3138 4617">
    <p class='ocr_par' dir='ltr' id='par_1_101' title="bbox 1947 4529 3138 4617">
     <span class='ocr_line' id='line_1_101' title="bbox 1947 4529 3138 4617; baseline 0.018 -32"><span class='ocrx_word' id='word_1_512' title='bbox 1947 4529 2360 4590; x_wconf 82' lang='lat' dir='ltr'><strong>Constantinum</strong></span> <span class='ocrx_word' id='word_1_513' title='bbox 2397 4538 2686 4595; x_wconf 75' lang='lat' dir='ltr'><strong>infaustum</strong></span> <span class='ocrx_word' id='word_1_514' title='bbox 2721 4543 2876 4613; x_wconf 67' lang='lat' dir='ltr'><strong>Syltei</strong></span> <span class='ocrx_word' id='word_1_515' title='bbox 2920 4547 3138 4617; x_wconf 91' lang='lat' dir='ltr'><strong>lupttm:</strong></span> 
     </span>
    </p>
   </div>
   <div class='ocr_carea' id='block_1_102' title="bbox 1947 4627 2954 4703">
    <p class='ocr_par' dir='ltr' id='par_1_102' title="bbox 1947 4627 2954 4703">
     <span class='ocr_line' id='line_1_102' title="bbox 1947 4627 2954 4703; baseline 0.015 -28"><span class='ocrx_word' id='word_1_516' title='bbox 1947 4633 2274 4694; x_wconf 89' lang='lat' dir='ltr'><strong>peractaque</strong></span> <span class='ocrx_word' id='word_1_517' title='bbox 2303 4627 2410 4682; x_wconf 87' lang='lat' dir='ltr'><strong>illic</strong></span> <span class='ocrx_word' id='word_1_518' title='bbox 2439 4630 2597 4699; x_wconf 89' lang='lat' dir='ltr'><strong>impia</strong></span> <span class='ocrx_word' id='word_1_519' title='bbox 2627 4638 2954 4703; x_wconf 69' lang='lat' dir='ltr'><strong>cmrimonia,</strong></span> 
     </span>
    </p>
   </div>
   <div class='ocr_carea' id='block_1_103' title="bbox 1947 4713 3027 4793">
    <p class='ocr_par' dir='ltr' id='par_1_103' title="bbox 1947 4713 3027 4793">
     <span class='ocr_line' id='line_1_103' title="bbox 1947 4713 3027 4793; baseline 0.02 -32"><span class='ocrx_word' id='word_1_520' title='bbox 1947 4725 2067 4764; x_wconf 89' lang='lat' dir='ltr'><strong>cum</strong></span> <span class='ocrx_word' id='word_1_521' title='bbox 2100 4713 2190 4767; x_wconf 93' lang='lat' dir='ltr'><strong>illo</strong></span> <span class='ocrx_word' id='word_1_522' title='bbox 2219 4716 2446 4786; x_wconf 87' lang='lat' dir='ltr'><strong>aliisque</strong></span> <span class='ocrx_word' id='word_1_523' title='bbox 2486 4721 2752 4790; x_wconf 86' lang='lat' dir='ltr'><strong>episcopis</strong></span> <span class='ocrx_word' id='word_1_524' title='bbox 2787 4729 3027 4793; x_wconf 72' lang='lat' dir='ltr'><strong>profanis</strong></span> 
     </span>
    </p>
   </div>
   <div class='ocr_carea' id='block_1_104' title="bbox 1944 4803 3216 4889">
    <p class='ocr_par' dir='ltr' id='par_1_104' title="bbox 1944 4803 3216 4889">
     <span class='ocr_line' id='line_1_104' title="bbox 1944 4803 3216 4889; baseline 0.017 -35"><span class='ocrx_word' id='word_1_525' title='bbox 1944 4803 2153 4857; x_wconf 88' lang='lat' dir='ltr'><strong>cunctis</strong></span> <span class='ocrx_word' id='word_1_526' title='bbox 2186 4805 2234 4882; x_wconf 72' lang='lat' dir='ltr'><strong>in</strong></span> <span class='ocrx_word' id='word_1_527' title='bbox 2273 4805 2392 4860; x_wconf 81' lang='lat' dir='ltr'><strong>foro</strong></span> <span class='ocrx_word' id='word_1_528' title='bbox 2425 4809 2768 4867; x_wconf 81' lang='lat' dir='ltr'><strong>audientibus</strong></span> <span class='ocrx_word' id='word_1_529' title='bbox 2802 4817 3216 4889; x_wconf 78' lang='lat' dir='ltr'><strong>videntibnsquc</strong></span> 
     </span>
    </p>
   </div>
   <div class='ocr_carea' id='block_1_105' title="bbox 1948 4895 3073 4980">
    <p class='ocr_par' dir='ltr' id='par_1_105' title="bbox 1948 4895 3073 4980">
     <span class='ocr_line' id='line_1_105' title="bbox 1948 4895 3073 4980; baseline 0.022 -38"><span class='ocrx_word' id='word_1_530' title='bbox 1948 4895 2348 4952; x_wconf 86' lang='lat' dir='ltr'><strong>venerationem</strong></span> <span class='ocrx_word' id='word_1_531' title='bbox 2383 4900 2746 4973; x_wconf 86' lang='lat' dir='ltr'><strong>honoremque</strong></span> <span class='ocrx_word' id='word_1_532' title='bbox 2781 4907 3073 4980; x_wconf 77' lang='lat' dir='ltr'><strong>imaginum</strong></span> 
     </span>
    </p>
   </div>
   <div class='ocr_carea' id='block_1_106' title="bbox 1944 4985 3037 5070">
    <p class='ocr_par' dir='ltr' id='par_1_106' title="bbox 1944 4985 3037 5070">
     <span class='ocr_line' id='line_1_106' title="bbox 1944 4985 3037 5070; baseline 0.016 -33"><span class='ocrx_word' id='word_1_533' title='bbox 1944 4985 2168 5057; x_wconf 83' lang='lat' dir='ltr'><strong>abrogat</strong></span> <span class='ocrx_word' id='word_1_534' title='bbox 2196 4991 2282 5043; x_wconf 87' lang='lat' dir='ltr'><strong>hic</strong></span> <span class='ocrx_word' id='word_1_535' title='bbox 2317 4991 2596 5048; x_wconf 75' lang='lat' dir='ltr'><strong>hzereticus</strong></span> <span class='ocrx_word' id='word_1_536' title='bbox 2621 4995 2675 5066; x_wconf 90' lang='grc' dir='ltr'>(ο</span> <span class='ocrx_word' id='word_1_537' title='bbox 2700 5001 2972 5054; x_wconf 88' lang='lat' dir='ltr'><strong>vesaniam</strong></span> <span class='ocrx_word' id='word_1_538' title='bbox 2999 5005 3037 5070; x_wconf 70' lang='grc' dir='ltr'><strong>ι)</strong></span> 
     </span>
    </p>
   </div>
   <div class='ocr_carea' id='block_1_107' title="bbox 1947 5079 3027 5155">
    <p class='ocr_par' dir='ltr' id='par_1_107' title="bbox 1947 5079 3027 5155">
     <span class='ocr_line' id='line_1_107' title="bbox 1947 5079 3027 5155; baseline 0.019 -24"><span class='ocrx_word' id='word_1_539' title='bbox 1947 5079 2120 5134; x_wconf 88' lang='lat' dir='ltr'><strong>Stulte</strong></span> <span class='ocrx_word' id='word_1_540' title='bbox 2148 5083 2308 5136; x_wconf 77' lang='lat' dir='ltr'><strong>etiam</strong></span> <span class='ocrx_word' id='word_1_541' title='bbox 2340 5085 2566 5155; x_wconf 89' lang='lat' dir='ltr'><strong>subjecit</strong></span> <span class='ocrx_word' id='word_1_542' title='bbox 2607 5090 2838 5147; x_wconf 86' lang='lat' dir='ltr'><strong>luriosus</strong></span> <span class='ocrx_word' id='word_1_543' title='bbox 2869 5096 3027 5151; x_wconf 91' lang='lat' dir='ltr'><strong>homo</strong></span> 
     </span>
    </p>
   </div>
   <div class='ocr_carea' id='block_1_108' title="bbox 1946 5170 3060 5242">
    <p class='ocr_par' dir='ltr' id='par_1_108' title="bbox 1946 5170 3060 5242">
     <span class='ocr_line' id='line_1_108' title="bbox 1946 5170 3060 5242; baseline 0.018 -20"><span class='ocrx_word' id='word_1_544' title='bbox 1946 5170 2242 5226; x_wconf 84' lang='lat' dir='ltr'><strong>maledictis</strong></span> <span class='ocrx_word' id='word_1_545' title='bbox 2268 5178 2631 5234; x_wconf 88' lang='lat' dir='ltr'><strong>anathematis</strong></span> <span class='ocrx_word' id='word_1_546' title='bbox 2670 5194 2885 5238; x_wconf 87' lang='lat' dir='ltr'><strong>sanctos</strong></span> <span class='ocrx_word' id='word_1_547' title='bbox 2917 5188 3060 5242; x_wconf 80' lang='lat' dir='ltr'><strong>viros</strong></span> 
     </span>
    </p>
   </div>
   <div class='ocr_carea' id='block_1_109' title="bbox 1943 5264 3247 5350">
    <p class='ocr_par' dir='ltr' id='par_1_109' title="bbox 1943 5264 3247 5350">
     <span class='ocr_line' id='line_1_109' title="bbox 1943 5264 3247 5350; baseline 0.015 -34"><span class='ocrx_word' id='word_1_548' title='bbox 1943 5264 2240 5333; x_wconf 84' lang='lat' dir='ltr'><strong>sapientem</strong></span> <span class='ocrx_word' id='word_1_549' title='bbox 2271 5267 2619 5337; x_wconf 84' lang='lat' dir='ltr'><strong>Germanum,</strong></span> <span class='ocrx_word' id='word_1_550' title='bbox 2651 5273 2941 5345; x_wconf 78' lang='lat' dir='ltr'><strong>Gecrgittm</strong></span> <span class='ocrx_word' id='word_1_551' title='bbox 2971 5279 3247 5350; x_wconf 80' lang='lat' dir='ltr'><strong>Cyprium,</strong></span> 
     </span>
    </p>
   </div>
   <div class='ocr_carea' id='block_1_110' title="bbox 470 5337 1833 5419">
    <p class='ocr_par' dir='ltr' id='par_1_110' title="bbox 470 5337 1833 5419">
     <span class='ocr_line' id='line_1_110' title="bbox 470 5337 1833 5419; baseline 0.012 -29"><span class='ocrx_word' id='word_1_552' title='bbox 470 5337 608 5403; x_wconf 73' lang='grc' dir='ltr'>Τοὺς</span> <span class='ocrx_word' id='word_1_553' title='bbox 636 5343 1017 5412; x_wconf 83' lang='grc' dir='ltr'>ποιμενάρχσς</span> <span class='ocrx_word' id='word_1_554' title='bbox 1045 5345 1206 5415; x_wconf 84' lang='grc' dir='ltr'>τῆσδε</span> <span class='ocrx_word' id='word_1_555' title='bbox 1250 5347 1352 5414; x_wconf 85' lang='grc' dir='ltr'>τῆς</span> <span class='ocrx_word' id='word_1_556' title='bbox 1388 5349 1833 5419; x_wconf 76' lang='grc' dir='ltr'>Κωνσταντινου,</span> 
     </span>
    </p>
   </div>
   <div class='ocr_carea' id='block_1_111' title="bbox 471 5430 1690 5510">
    <p class='ocr_par' dir='ltr' id='par_1_111' title="bbox 471 5430 1690 5510">
     <span class='ocr_line' id='line_1_111' title="bbox 471 5430 1690 5510; baseline 0.012 -28"><span class='ocrx_word' id='word_1_557' title='bbox 471 5430 612 5500; x_wconf 72' lang='grc' dir='ltr'>Πρὸς</span> <span class='ocrx_word' id='word_1_558' title='bbox 642 5431 687 5484; x_wconf 84' lang='grc' dir='ltr'>δ’</span> <span class='ocrx_word' id='word_1_559' title='bbox 709 5433 779 5486; x_wconf 83' lang='grc' dir='ltr'><strong>αὖ</strong></span> <span class='ocrx_word' id='word_1_560' title='bbox 813 5435 1068 5504; x_wconf 86' lang='grc' dir='ltr'>Ἰωάννην</span> <span class='ocrx_word' id='word_1_561' title='bbox 1089 5455 1148 5490; x_wconf 80' lang='grc' dir='ltr'>τε</span> <span class='ocrx_word' id='word_1_562' title='bbox 1181 5439 1273 5492; x_wconf 78' lang='grc' dir='ltr'>τὸν</span> <span class='ocrx_word' id='word_1_563' title='bbox 1307 5442 1690 5510; x_wconf 78' lang='grc' dir='ltr'><strong>Δαμασκόοεν.</strong></span> 
     </span>
    </p>
   </div>
   <div class='ocr_carea' id='block_1_112' title="bbox 304 5519 1505 5603">
    <p class='ocr_par' dir='ltr' id='par_1_112' title="bbox 304 5519 1505 5603">
     <span class='ocr_line' id='line_1_112' title="bbox 304 5519 1505 5603; baseline 0.009 -24"><span class='ocrx_word' id='word_1_564' title='bbox 304 5524 438 5580; x_wconf 74' lang='lat' dir='ltr'><strong>i790</strong></span> <span class='ocrx_word' id='word_1_565' title='bbox 479 5519 650 5589; x_wconf 74' lang='grc' dir='ltr'>Οῦτος</span> <span class='ocrx_word' id='word_1_566' title='bbox 680 5527 925 5596; x_wconf 69' lang='grc' dir='ltr'>διωγμὸν</span> <span class='ocrx_word' id='word_1_567' title='bbox 954 5531 1168 5595; x_wconf 69' lang='grc' dir='ltr'>ἀσεϐῶς</span> <span class='ocrx_word' id='word_1_568' title='bbox 1200 5536 1505 5603; x_wconf 81' lang='grc' dir='ltr'>φρικαλέον</span> 
     </span>
    </p>
   </div>
   <div class='ocr_carea' id='block_1_113' title="bbox 474 5620 1702 5698">
    <p class='ocr_par' dir='ltr' id='par_1_113' title="bbox 474 5620 1702 5698">
     <span class='ocr_line' id='line_1_113' title="bbox 474 5620 1702 5698; baseline 0.012 -26"><span class='ocrx_word' id='word_1_569' title='bbox 474 5620 610 5672; x_wconf 79' lang='grc' dir='ltr'><strong>Κατ’</strong></span> <span class='ocrx_word' id='word_1_570' title='bbox 645 5623 1024 5678; x_wconf 80' lang='grc' dir='ltr'>εὐσεϐούντων</span> <span class='ocrx_word' id='word_1_571' title='bbox 1054 5630 1449 5698; x_wconf 82' lang='grc' dir='ltr'>προσκυνητῶν</span> <span class='ocrx_word' id='word_1_572' title='bbox 1473 5632 1702 5687; x_wconf 82' lang='grc' dir='ltr'>εἰκόνων</span> 
     </span>
    </p>
   </div>
   <div class='ocr_carea' id='block_1_114' title="bbox 483 5713 1534 5791">
    <p class='ocr_par' dir='ltr' id='par_1_114' title="bbox 483 5713 1534 5791">
     <span class='ocr_line' id='line_1_114' title="bbox 483 5713 1534 5791; baseline 0.012 -27"><span class='ocrx_word' id='word_1_573' title='bbox 483 5713 570 5774; x_wconf 84' lang='grc' dir='ltr'>Ὠς</span> <span class='ocrx_word' id='word_1_574' title='bbox 599 5717 966 5787; x_wconf 78' lang='grc' dir='ltr'>χριστομάχος</span> <span class='ocrx_word' id='word_1_575' title='bbox 997 5719 1338 5791; x_wconf 81' lang='grc' dir='ltr'>ἀνακινήσας</span> <span class='ocrx_word' id='word_1_576' title='bbox 1363 5723 1534 5786; x_wconf 85' lang='grc' dir='ltr'>τάλας</span> 
     </span>
    </p>
   </div>
   <div class='ocr_carea' id='block_1_115' title="bbox 471 5805 1661 5884">
    <p class='ocr_par' dir='ltr' id='par_1_115' title="bbox 471 5805 1661 5884">
     <span class='ocr_line' id='line_1_115' title="bbox 471 5805 1661 5884; baseline 0.014 -25"><span class='ocrx_word' id='word_1_577' title='bbox 471 5805 690 5873; x_wconf 83' lang='grc' dir='ltr'>Πάντας</span> <span class='ocrx_word' id='word_1_578' title='bbox 716 5811 943 5877; x_wconf 71' lang='grc' dir='ltr'>ἐκάκου,</span> <span class='ocrx_word' id='word_1_579' title='bbox 978 5813 1074 5867; x_wconf 75' lang='grc' dir='ltr'>καὶ</span> <span class='ocrx_word' id='word_1_580' title='bbox 1105 5813 1269 5869; x_wconf 81' lang='grc' dir='ltr'>πλέον</span> <span class='ocrx_word' id='word_1_581' title='bbox 1301 5817 1661 5884; x_wconf 83' lang='grc' dir='ltr'>ῥακενδύτας,</span> 
     </span>
    </p>
   </div>
   <div class='ocr_carea' id='block_1_116' title="bbox 1886 5356 3044 5437">
    <p class='ocr_par' dir='ltr' id='par_1_116' title="bbox 1886 5356 3044 5437">
     <span class='ocr_line' id='line_1_116' title="bbox 1886 5356 3044 5437; baseline 0.014 -30"><span class='ocrx_word' id='word_1_582' title='bbox 1886 5390 1895 5397; x_wconf 89' lang='grc'><strong>-</strong></span> <span class='ocrx_word' id='word_1_583' title='bbox 1941 5358 2032 5424; x_wconf 88' lang='lat' dir='ltr'><strong>qui</strong></span> <span class='ocrx_word' id='word_1_584' title='bbox 2071 5356 2310 5428; x_wconf 73' lang='lat' dir='ltr'><strong>Byzantii</strong></span> <span class='ocrx_word' id='word_1_585' title='bbox 2339 5360 2496 5430; x_wconf 83' lang='lat' dir='ltr'><strong>hujus</strong></span> <span class='ocrx_word' id='word_1_586' title='bbox 2524 5375 2765 5432; x_wconf 84' lang='lat' dir='ltr'><strong>pastores</strong></span> <span class='ocrx_word' id='word_1_587' title='bbox 2796 5369 3044 5437; x_wconf 81' lang='lat' dir='ltr'><strong>fuerant;</strong></span> 
     </span>
    </p>
   </div>
   <div class='ocr_carea' id='block_1_117' title="bbox 1941 5449 2994 5524">
    <p class='ocr_par' dir='ltr' id='par_1_117' title="bbox 1941 5449 2994 5524">
     <span class='ocr_line' id='line_1_117' title="bbox 1941 5449 2994 5524; baseline 0.015 -22"><span class='ocrx_word' id='word_1_588' title='bbox 1941 5465 2004 5503; x_wconf 88' lang='lat' dir='ltr'><strong>ac</strong></span> <span class='ocrx_word' id='word_1_589' title='bbox 2033 5449 2296 5506; x_wconf 80' lang='lat' dir='ltr'><strong>Joannem</strong></span> <span class='ocrx_word' id='word_1_590' title='bbox 2331 5455 2552 5524; x_wconf 84' lang='lat' dir='ltr'><strong>insuper</strong></span> <span class='ocrx_word' id='word_1_591' title='bbox 2586 5459 2994 5518; x_wconf 86' lang='lat' dir='ltr'><strong>Damascenum.</strong></span> 
     </span>
    </p>
   </div>
   <div class='ocr_carea' id='block_1_118' title="bbox 1943 5540 3055 5616">
    <p class='ocr_par' dir='ltr' id='par_1_118' title="bbox 1943 5540 3055 5616">
     <span class='ocr_line' id='line_1_118' title="bbox 1943 5540 3055 5616; baseline 0.018 -23"><span class='ocrx_word' id='word_1_592' title='bbox 1943 5540 2084 5593; x_wconf 86' lang='lat' dir='ltr'><strong>Idem</strong></span> <span class='ocrx_word' id='word_1_593' title='bbox 2117 5544 2375 5598; x_wconf 82' lang='lat' dir='ltr'><strong>scelesms</strong></span> <span class='ocrx_word' id='word_1_594' title='bbox 2406 5551 2784 5616; x_wconf 88' lang='lat' dir='ltr'><strong>persecutione</strong></span> <span class='ocrx_word' id='word_1_595' title='bbox 2817 5555 3055 5614; x_wconf 90' lang='lat' dir='ltr'><strong>horribili</strong></span> 
     </span>
    </p>
   </div>
   <div class='ocr_carea' id='block_1_119' title="bbox 1940 5638 3089 5720">
    <p class='ocr_par' dir='ltr' id='par_1_119' title="bbox 1940 5638 3089 5720">
     <span class='ocr_line' id='line_1_119' title="bbox 1940 5638 3089 5720; baseline 0.021 -34"><span class='ocrx_word' id='word_1_596' title='bbox 1940 5646 2208 5690; x_wconf 89' lang='lat' dir='ltr'><strong>commota</strong></span> <span class='ocrx_word' id='word_1_597' title='bbox 2233 5638 2488 5695; x_wconf 84' lang='lat' dir='ltr'><strong>adversus</strong></span> <span class='ocrx_word' id='word_1_598' title='bbox 2516 5642 2748 5699; x_wconf 78' lang='lat' dir='ltr'><strong>cultores</strong></span> <span class='ocrx_word' id='word_1_599' title='bbox 2772 5649 3089 5720; x_wconf 81' lang='lat' dir='ltr'><strong>imaginum.</strong></span> 
     </span>
    </p>
   </div>
   <div class='ocr_carea' id='block_1_120' title="bbox 1943 5726 3158 5813">
    <p class='ocr_par' dir='ltr' id='par_1_120' title="bbox 1943 5726 3158 5813">
     <span class='ocr_line' id='line_1_120' title="bbox 1943 5726 3158 5813; baseline 0.019 -35"><span class='ocrx_word' id='word_1_600' title='bbox 1943 5726 2238 5782; x_wconf 89' lang='lat' dir='ltr'><strong>tristissimi</strong></span> <span class='ocrx_word' id='word_1_601' title='bbox 2273 5730 2655 5789; x_wconf 86' lang='lat' dir='ltr'><strong>christomaehi</strong></span> <span class='ocrx_word' id='word_1_602' title='bbox 2689 5753 2917 5806; x_wconf 84' lang='lat' dir='ltr'><strong>persona</strong></span> <span class='ocrx_word' id='word_1_603' title='bbox 2955 5745 3158 5813; x_wconf 90' lang='lat' dir='ltr'><strong>ittduta,</strong></span> 
     </span>
    </p>
   </div>
   <div class='ocr_carea' id='block_1_121' title="bbox 1940 5827 3198 5894">
    <p class='ocr_par' dir='ltr' id='par_1_121' title="bbox 1940 5827 3198 5894">
     <span class='ocr_line' id='line_1_121' title="bbox 1940 5827 3198 5894; baseline 0.015 -18"><span class='ocrx_word' id='word_1_604' title='bbox 1940 5828 2163 5885; x_wconf 84' lang='lat' dir='ltr'><strong>cunctos</strong></span> <span class='ocrx_word' id='word_1_605' title='bbox 2193 5827 2442 5891; x_wconf 81' lang='lat' dir='ltr'><strong>vexabat,</strong></span> <span class='ocrx_word' id='word_1_606' title='bbox 2471 5833 2770 5893; x_wconf 69' lang='lat' dir='ltr'><strong>praesertim</strong></span> <span class='ocrx_word' id='word_1_607' title='bbox 2802 5839 3157 5894; x_wconf 72' lang='lat' dir='ltr'><strong>sacconhoros</strong></span> <span class='ocrx_word' id='word_1_608' title='bbox 3185 5860 3198 5874; x_wconf 74' lang='grc' dir='ltr'><strong><em>ο</em></strong></span> 
     </span>
    </p>
   </div>
  </div>
