4070 6526
484 426 556 515 '91
1584 446 1986 509 eranum
2020 447 2625 510 CIIRONOGRAPIII
3673 440 3747 506 92

485 563 618 619 sede
649 564 950 633 depositum
985 562 1133 631 pe!lit
1167 562 1218 617 iu
1253 561 1505 617 exsilium

485 659 552 710 ad
581 656 965 711 Prmcouesum
998 656 1230 718 insulam
1273 654 1760 724 llelleSponticam;

485 750 553 804 ad
581 764 741 819 quam
778 749 901 801 dttm
927 749 1049 802 navi
1086 748 1398 816 deportatus
1429 746 1670 811 ducitur,

485 845 682 898 mirum
710 844 761 896 in
795 858 958 898 cursu
993 841 1221 911 contigit
1250 841 1578 911 prodigium.

483 936 617 990 Nam
650 934 958 988 sanctiviri
991 934 1206 1003 cognito
1231 932 1551 1002 spiritaliter

485 1028 679 1080 itinere
709 1026 831 1080 dius
862 1024 1243 1093 Theophanes,
1277 1022 1463 1092 procul
1495 1022 1645 1087 licet,

486 1121 573 1189 qui
612 1119 948 1173 monasterio
980 1126 1212 1186 prmerat
1248 1118 1299 1169 iu
1330 1116 1476 1185 agris
1506 1114 1713 1186 posito,

480 1222 537 1266 et
566 1220 684 1265 ture
725 1211 938 1266 facibus
968 1211 1212 1264 incensis
1245 1223 1500 1278 maguum

482 1305 915 1373 prosequebatur
939 1302 1103 1358 veluti
1134 1302 1379 1357 salutans
1407 1302 1603 1355 virum.

480 1391 738 1447 Vicissim
775 1393 841 1447 de
881 1409 1014 1448 nave
1046 1394 1134 1448 hic
1164 1408 1398 1447 cernuus
1427 1394 1696 1446 adorabat

481 1489 715 1541 amicum
750 1487 841 1554 qui
874 1496 1244 1541 transeuntem
1275 1500 1339 1541 se
1371 1487 1697 1541 honorabat.

479 1578 651 1649 Igitur
690 1578 871 1634 nautis
895 1578 1020 1649 jure
1047 1578 1448 1633 demirantibus

477 1682 531 1723 et
559 1684 845 1737 quemnam
878 1670 1131 1723 adoraret
1154 1666 1579 1735 sciscitantibus,

477 1757 765 1830 lnclytum,
796 1762 971 1830 inquit
996 1762 1313 1823 vaticinans,
1350 1761 1743 1830 Theophanem

477 1848 851 1904 confessorem
880 1858 935 1904 et
967 1848 1360 1903 monachorum
1385 1848 1694 1919 praesidem,

476 1943 570 2009 qui
602 1950 849 1996 sanctum
881 1942 1208 1997 asceterium
1243 1941 1296 1994 in
1332 1956 1466 2012 agro
1489 1942 1758 1997 incolunt.

476 2034 686 2091 Deinde
722 2035 833 2092 Leo
864 2036 1086 2091 balbum
1120 2034 1433 2090 Michaelem

473 2129 813 2199 splendidum
848 2130 1019 2183 virum
1049 2145 1110 2183 ex
1152 2127 1491 2198 optimatium
1536 2142 1771 2181 numero

473 2237 634 2290 quem
667 2222 929 2275 hactenus
960 2221 1199 2273 amicum
1229 2219 1280 2272 in
1315 2219 1437 2273 aula
1472 2218 1755 2280 habuerat.

471 2314 711 2368 vinctum
737 2313 940 2367 carceri
974 2311 1138 2365 tradit
1168 2310 1578 2366 custodiendum
1616 2325 1631 2363 :

473 2418 597 2458 mox
627 2403 787 2459 etiam
826 2403 1018 2458 immiti
1045 2404 1225 2457 animo
1257 2403 1499 2458 decernit
1526 2403 1627 2470 ipsi

470 2496 727 2551 luendum
762 2499 883 2567 igne
922 2512 1235 2566 supremum
1263 2495 1593 2564 supplicium
1624 2515 1636 2549 :

469 2600 525 2644 Cl
556 2592 673 2645 sine
705 2607 853 2645 mora
897 2606 1014 2645 rem
1051 2598 1432 2643 transacturus
1464 2598 1605 2653 erat,

472 2684 575 2736 nisi
614 2684 797 2753 regina
826 2682 1026 2751 conjux
1061 2681 1480 2737 interceSsisset.

471 2774 612 2844 Ergo
635 2777 721 2829 hic
747 2775 1006 2830 dimissus
1038 2775 1286 2837 vinculis,
1320 2774 1640 2845 coujuratos

470 2869 719 2933 advocat,
753 2879 911 2922 notos
938 2868 1040 2922 sibi
1078 2868 1153 2921 rei
1180 2869 1425 2936 gerendae
1456 2869 1659 2935 socius,

469 2959 787 3024 quibuscum
818 2957 986 3013 Leoni
1018 2960 1200 3013 statim
1228 2960 1389 3012 struit
1420 2959 1667 3013 insidias.

471 3047 535 3102 Hi
578 3049 678 3104 sub
708 3066 961 3104 auroram
1000 3049 1318 3118 introgressi
1355 3047 1669 3103 clanculum

469 3143 524 3197 in
556 3143 733 3196 auiam
764 3142 987 3212 regiam,
1022 3140 1197 3212 Papiae
1225 3141 1422 3201 favore.

469 3231 571 3286 sub
593 3231 827 3287 clericali
863 3240 1007 3286 veste
1037 3230 1299 3285 succincti
1333 3230 1546 3298 gladiis,

469 3337 568 3379 ceu
610 3324 891 3379 matutinis
922 3323 1149 3379 canticis
1172 3324 1349 3378 daturi
1378 3337 1627 3391 operam,

470 3417 639 3471 armis
671 3418 879 3472 eductis
915 3415 1150 3472 Leonem
1182 3418 1502 3473 confodiunt

467 3510 789 3580 psallentem
824 3512 874 3564 in
907 3511 1138 3566 ecclesia
1168 3514 1311 3566 inter
1348 3516 1577 3570 clericos
1604 3533 1618 3574 :

467 3600 562 3669 qui
598 3602 822 3655 territus
855 3602 921 3655 ad
956 3599 1199 3657 divinum
1233 3602 1403 3661 altare
1426 3605 1744 3678 confugiens

469 3694 523 3749 in
555 3709 621 3749 eo
656 3693 943 3748 violentam
976 3697 1196 3765 pertulit
1228 3714 1412 3753 necem
1450 3700 1593 3765 loco,

467 3802 629 3854 quem
654 3786 952 3839 violaverat
982 3787 1270 3844 luereticus
1304 3789 1510 3846 infelix.

466 3877 598 3942 Quae
629 3876 942 3945 priusquam
972 3876 1265 3941 accideret.
1295 3880 1396 3933 hoc
1430 3881 1603 3934 visum
1639 3882 1857 3937 accidit.

464 3968 638 4024 Mater
674 3969 872 4023 Leonis
898 3972 1179 4039 conspexit
1210 3987 1309 4039 per
1337 3973 1606 4027 somnium

468 4062 521 4117 in
554 4062 944 4117 Biachcrueusi
982 4064 1180 4134 templo
1208 4067 1514 4121 adstantem
1546 4066 1654 4121 sibi

465 4156 723 4210 feminam
756 4167 1074 4210 exornatam
1114 4157 1166 4210 iu
1199 4161 1406 4227 regium
1453 4175 1682 4219 morem.

466 4264 628 4319 quam
680 4250 1072 4303 circumstabat
1105 4264 1227 4301 cum
1264 4250 1476 4304 ducenti
1503 4252 1699 4306 ordine

467 4342 881 4395 candidatorum
910 4342 1223 4412 manipulus
1255 4343 1523 4396 virorum.

463 4433 571 4490 Sed
606 4435 972 4503 pavimentum
1015 4435 1354 4490 redundabat
1384 4438 1672 4507 sanguine.

462 4528 690 4595 Insuper
712 4527 885 4580 audiit
916 4526 1185 4582 dicentem
1216 4527 1495 4582 mulierem
1526 4544 1543 4593 ;

461 4628 522 4675 ut
552 4620 698 4690 regis
735 4620 925 4674 matris
956 4622 1196 4691 scyphus
1230 4620 1297 4675 ad
1331 4622 1623 4677 bibendum

462 4725 657 4764 cruore
686 4711 877 4779 plenus
908 4712 1281 4765 exhiberetur.

461 4803 578 4869 Qua
608 4803 765 4856 talem
795 4814 976 4871 potum
1008 4818 1230 4868 prorsus
1260 4815 1567 4872 respueute,

459 4896 657 4950 mulier
688 4910 881 4963 respnn
906 4896 983 4960 lit,
1024 4894 1213 4949 Nonne
1233 4896 1373 4951 lilius
1401 4906 1523 4952 tuus

459 4987 700 5041 divinum
731 4984 926 5039 Filiqu
956 5001 1136 5040 meum
1173 4996 1226 5040 et
1261 5003 1345 5040 me
1375 4988 1681 5044 colentibus

460 5078 644 5149 plagas
678 5079 901 5147 imponit
935 5086 1130 5147 praeter
1158 5077 1242 5132 fas
1280 5080 1578 5135 cruentas?

460 5169 581 5241 Ipsa
614 5172 820 5239 rogavit
856 5170 1021 5240 igitur
1047 5185 1230 5240 regem
1268 5170 1435 5224 lilium

459 5263 637 5317 scelus
665 5274 722 5315 ut
747 5263 1041 5328 omitteret,
1077 5263 1274 5332 nequid
1303 5263 1424 5317 mali
1456 5264 1721 5319 accideret
1749 5283 1765 5331 ;

457 5368 645 5408 verum
678 5354 765 5409 hic
795 5356 1056 5410 maternis
1092 5357 1231 5407 haud
1274 5357 1447 5423 paruit
1484 5358 1723 5411 monitis.

811 5450 1117 5506 MICHAEL
1143 5449 1413 5507 BALBUS
1439 5450 1552 5505 AN.
1597 5449 1687 5506 IX.

460 5540 550 5596 Sic
584 5543 889 5608 Interfecto,
922 5552 981 5597 ut
1008 5543 1266 5609 diximus,
1292 5542 1494 5610 Leone,

461 5634 687 5689 Michael
725 5635 913 5689 balbus
943 5636 1192 5706 procedit
1220 5638 1540 5707 imperator,

460 5729 552 5797 qui
589 5730 752 5799 pedes
776 5730 954 5785 adhuc
979 5730 1184 5799 pedicis
1218 5730 1506 5785 conclusos

447 5798 678 5890 Pgestans
700 5823 766 5875 ad
803 5798 1007 5892 regium
1040 5822 1257 5878 devenit
1288 5820 1558 5892 fastigium
1595 5837 1610 5877 :

459 5912 757 5985 Ilalilllque
789 5914 855 5972 ad
891 5915 1136 5988 Magnam
1178 5931 1503 5987 progressus
1529 5909 1829 5967 Ecclesium

2094 561 2141 620 A

2380 753 2473 814 El;
3035 742 3386 811 ,

2197 844 2340 900 2150
2806 838 2998 900 ,
3581 833 3596 886 i

2196 1307 2337 1362 2155
3306 1299 3496 1366 .

2382 1399 2442 1450 0

3381 1481 3541 1550 .

3348 1664 3527 1733 ,

2191 1767 2335 1822 suo
2632 1763 2944 1834 ,

3402 1940 3599 2011 .

2188 2224 2332 2280 2H5

3141 2405 3234 2458 .

3229 2591 3453 2656 ,

2185 2686 2326 2742 2150
3144 2684 3427 2745 .

2627 2780 2853 2851 ,

3213 2869 3405 2938 ,

2192 3154 2334 3210 2155

3192 3236 3503 3308 ,

3187 3331 3434 3401 .

3137 3513 3558 3584 ,

2183 3616 2326 3672 3160
3315 3605 3483 3675 ,

3006 3699 3319 3762 ,

3243 3791 3432 3851 .

2894 3887 3217 3955 ,

2182 4072 2325 4127 2165

3024 4249 3368 4317 ,

3089 4340 3331 4411 .

3043 4708 3518 4776 .

3144 4806 3504 4876 ,

2648 4899 2836 4967 ,

2181 4993 2324 5048 2175

3205 5346 3586 5421 .

3197 5444 3302 5497 .
3335 5444 3413 5497 8'.

2183 5538 2325 5593 2180
3004 5536 3250 5599 ,
3384 5534 3548 5606 ,

3301 5629 3551 5697 ,

2271 6038 2319 6048 .ar
