4070 6530
408 360 492 439 ,9)
1511 356 1911 421 Ειηιιιιιιιιι
1951 358 2015 418 Cl

2069 359 2555 423 RONOGRAPIII
3573 352 3676 419 100

418 475 498 528 a't
525 488 582 528 se
606 472 660 528 in
704 471 924 542 speculo
951 471 1408 541 contemplantem
1447 470 1681 539 spec'tra,

420 566 649 621 lormam
687 581 838 621 suam
864 563 1166 634 appellasse
1193 578 1459 633 puparnm
1489 565 1727 618 nomine.

419 659 510 716 Sic
541 659 747 713 elocuta
781 657 922 727 regis
944 656 1205 711 exstinxit
1237 656 1397 710 iram.

418 748 531 803 ltex
565 748 648 802 hic
672 745 1005 815 Theophilus
1039 759 1415 815 saepenumero

417 848 532 891 tum
559 852 653 907 per
675 851 731 889 se
770 836 883 905 ipse
905 846 1012 888 tum
1041 850 1137 903 per
1168 837 1332 887 duces
1359 834 1584 888 bellicos
1610 873 1626 896 .

417 945 554 998 qttos
587 927 783 982 multos
826 927 1012 981 habuit
1041 925 1167 979 forti
1202 928 1382 981 animo
1417 926 1669 996 prmditos
1691 964 1707 987 ,

417 1020 716 1075 Manuelem
747 1020 1043 1089 prtcsertim
1068 1035 1130 1073 ac
1159 1018 1543 1089 TheOphnbutn

417 1113 651 1168 feliciter
681 1112 897 1166 bellavit
921 1126 1043 1166 cum
1082 1110 1317 1166 hostium
1341 1113 1507 1167 caede.

420 1204 596 1257 Atnho
629 1203 772 1255 enim
813 1211 969 1256 erant
1003 1202 1172 1255 dextri
1201 1200 1493 1271 fortesque,

422 1295 731 1362 neminique
763 1292 1021 1346 cedebant
1052 1307 1276 1346 suorum
1314 1300 1614 1362 temporum

422 1384 747 1441 streuuitate
768 1383 851 1437 vel
878 1392 996 1436 arte
1023 1383 1393 1451 imperatoria.

421 1474 542 1545 Ipse
563 1473 890 1544 Theophilus
921 1474 1201 1527 liberalem
1243 1488 1460 1527 manum

424 1547 841 1635 Inutiiﬁcamque
875 1565 1127 1619 omnibus
1155 1567 1484 1635 porrigebat.

422 1655 600 1724 Quare
630 1658 796 1711 etiam
823 1657 1117 1726 hospitium
1148 1657 1485 1727 splendidum
1520 1672 1776 1728 magnum
1805 1697 1819 1720 ,

422 1753 489 1804 ad
524 1752 840 1820 peregrinus
867 1749 1214 1818 excipiendos
1240 1760 1525 1805 exstructis

421 1844 619 1897 suimet
641 1840 869 1895 zedilicio
896 1854 1090 1895 nomen
1119 1840 1328 1906 indidit,

422 1936 562 2005 quod
593 1943 750 1988 antea
783 1931 962 1986 fuerat
992 1943 1293 1987 scortorum
1324 1932 1575 1988 lustrum.

420 2027 530 2081 Nec
556 2027 632 2081 rei
666 2038 909 2080 venereae
928 2038 1153 2094 prorsus
1178 2031 1296 2080 erat
1308 2026 1596 2089 obnoxius,

420 2119 513 2174 sed
540 2119 877 2174 castimonia:
905 2118 1156 2172 studebat
1187 2115 1439 2171 miriﬁce.

421 2211 613 2265 Alexio
635 2219 818 2265 autem
854 2217 1212 2278 cognomento
1238 2206 1427 2264 Moseli

425 2319 490 2356 ex
522 2302 901 2357 Armeniorum
933 2301 1264 2357 Crinitarum
1292 2301 1441 2356 claro
1470 2315 1692 2372 genere,

420 2408 646 2449 strenuo
668 2397 787 2449 viro
813 2404 867 2449 et
891 2394 1015 2450 duci
1048 2394 1415 2464 magnanimo,

420 2498 475 2542 et
502 2501 781 2565 venustate
813 2492 994 2545 vultus
1026 2498 1316 2557 exornato,

421 2582 646 2637 Mariam
677 2581 838 2636 tiliam
870 2584 1071 2651 nuptiis
1101 2582 1396 2651 e0pulavit,

422 2675 606 2728 addito
637 2674 843 2729 honore
869 2675 1005 2730 tituli
1035 2676 1281 2743 cazsarei;

425 2771 682 2839 misitque
711 2784 831 2823 cum
861 2768 1036 2825 classe
1069 2780 1257 2827 contra
1282 2770 1686 2843 Langobardos.

424 2863 527 2917 Sed
555 2861 699 2918 enim
730 2862 1000 2919 invidente
1027 2865 1310 2929 comitatu,

426 2968 589 3024 atque
617 2957 758 3025 apud
793 2971 970 3027 regem
999 2957 1365 3012 calumniante
1392 2956 1665 3012 Cursarem

421 3064 558 3101 uxor
585 3050 711 3102 dum
741 3048 876 3104 vixit
905 3050 1204 3104 calumnias
1235 3049 1478 3119 dispulit.

424 3140 529 3192 Sed
565 3149 848 3209 postquam
878 3141 964 3195 illa
998 3142 1161 3196 vitam
1192 3141 1454 3201 deseruit.

421 3234 605 3285 statim
637 3232 860 3288 Alexius
891 3233 1076 3286 mundi
1107 3247 1165 3288 se
1196 3247 1387 3302 pompa
1422 3231 1680 3287 abdicans

421 3322 670 3377 Caesarea
704 3323 985 3394 dignitate,
1009 3323 1346 3393 propinquis,
1371 3307 1542 3389 raris:

420 3415 744 3485 profanique
772 3416 921 3469 omni
946 3415 1185 3471 tumultu
1216 3416 1420 3480 smculi,

421 3524 717 3580 pauperem
753 3507 954 3563 Christi
985 3509 1233 3578 exemplo
1262 3523 1479 3564 saccum
1513 3509 1711 3576 induit,

418 3605 839 3672 coenobiumque
874 3614 1027 3659 tonsa
1055 3617 1208 3657 coma
1241 3602 1515 3670 ingressus
1541 3614 1623 3658 est

421 3694 694 3748 Anthemii
729 3693 939 3748 scilicet
967 3692 1108 3761 quod
1136 3691 1252 3761 ipse
1276 3701 1673 3757 construxerat,

419 3784 604 3851 ibique
631 3782 929 3837 monachus
959 3785 1083 3836 vita:
1108 3780 1344 3836 confecit
1372 3795 1613 3836 cursum.

419 3876 558 3930 Exin
590 3877 810 3930 Amorio
835 3874 1118 3943 Theophili
1152 3874 1324 3945 patria

417 3971 790 4038 Agurenoruttt
821 3980 979 4037 capto
1005 3968 1354 4033 exercitibus,

416 4060 830 4115 innumerabilis
846 4060 1010 4114 turba
1041 4058 1223 4130 gladio
1254 4060 1435 4127 periit,

414 4150 628 4219 aliaque
656 4151 889 4220 plurima
922 4149 1166 4204 servituti
1194 4149 1408 4204 addicta

412 4243 479 4295 ad
509 4241 917 4308 Barbarosjure
946 4240 1067 4295 belli
1102 4239 1290 4294 abacta
1324 4250 1407 4293 est
1433 4256 1449 4294 :

413 4343 579 4404 atque
612 4335 663 4387 in
701 4334 781 4388 his
811 4344 970 4388 erant
993 4333 1259 4402 legionum
1291 4333 1456 4386 duces

415 4427 522 4480 illic
553 4425 869 4480 bellantium
899 4424 1255 4493 quadraginta
1286 4425 1412 4488 duo,

410 4522 501 4587 qui
537 4517 698 4572 etiam
733 4525 999 4588 martyres
1027 4514 1258 4584 denique
1282 4526 1596 4572 evaserunt.

412 4610 522 4665 Hos
553 4622 605 4664 ut
638 4608 926 4663 redimeret
957 4623 1049 4663 rex
1086 4606 1404 4677 legationem
1435 4611 1581 4662 misit

413 4704 805 4773 signiﬁcantem
837 4700 1080 4756 Persidis
1109 4711 1341 4772 tyranno

416 4810 474 4852 ut
501 4797 599 4851 hos
627 4797 925 4851 dimitteret
952 4795 1187 4863 acceptis
1213 4795 1453 4850 redimiis

415 4890 744 4945 centenariis
770 4899 1001 4959 quatuor
1030 4903 1155 4942 cum
1183 4887 1396 4957 viginti.

415 4982 520 5036 Sed
552 4983 713 5037 verba
748 4989 1073 5051 respuerunt
1104 4993 1266 5033 aures
1295 4980 1552 5036 barbaras.

412 5078 592 5143 Quare
624 5077 917 5145 imperator
947 5073 1103 5142 longo
1135 5085 1370 5128 liiCBl'Ol‘e
1399 5072 1641 5137 aﬂ'ectua,

410 5178 693 5221 contracto
726 5168 913 5222 morbo
945 5168 1140 5220 misere
1167 5165 1386 5232 abrupit
1406 5166 1596 5228 vitam,

410 5275 631 5315 uxorem
662 5271 824 5329 atque
848 5260 1139 5330 optimates
1161 5261 1318 5313 valde
1343 5273 1578 5314 exorans

407 5365 466 5408 ιιι
495 5352 786 5408 abolendas
812 5364 1068 5407 curarent
1098 5352 1373 5422 imagines;

409 5454 572 5512 atque
598 5452 656 5495 ut
679 5440 944 5497 Joannem
974 5441 1178 5513 lupum,
1202 5457 1310 5496 non
1342 5452 1633 5512 pastorem,

408 5535 665 5591 Ecclesia:
693 5534 1006 5591 cathedram
1039 5535 1275 5593 retinere
1305 5537 1571 5593 sinerent.

476 5718 586 5791 (δῖ)
619 5720 752 5775 Cod.
780 5720 1078 5794 τετραπλῇ.

2028 480 2078 535 Α
2321 473 2432 537 Τάς
2468 475 2527 526 ὲν
2562 472 2887 545 κατόπτροις
2918 473 3189 543 ὲμςάσεις
3217 470 3454 541 λέγουσά
3488 489 3602 536 πως

2314 565 2545 637 Μορφῆς
2578 565 2719 636 δμῆς
2760 565 2887 619 ίδείν
2919 582 2980 618 τε
3021 566 3227 635 φράσαι
3263 565 3425 617 νινία.

2307 656 2466 710 Οὕτω
2501 656 2677 727 θυμοῦ
2716 656 3004 711 σϐέννυσιν
3037 655 3270 709 εἰποῦσα
3303 656 3501 724 φλόγα.

2308 740 2480 810 Οὗτος
2513 747 2771 817 βασιλεὺς
2799 748 3063 817 Θεόφιλος
3096 747 3361 806 πολλάκις

2132 834 2280 892 2365
2324 836 2433 890 Καὶ
2463 837 2530 891 δι’
2561 837 2755 891 ἑαυτοῦ
2786 837 2882 891 καὶ
2912 837 3235 906 στρατηγῶν
3262 836 3562 905 ταγμάτων

2318 927 2528 981 Ἀλλων
2558 943 2617 980 τε
2648 927 2861 981 πολλῶν
2891 927 3182 993 ἀνδρικῶν,
3213 925 3514 997 εύκαρδίων
3537 967 3551 987 ,

2304 1018 2566 1089 Μανουὴλ
2596 1018 2641 1071 δ’
2669 1020 2767 1089 οὐχ
2802 1020 3006 1090 ἥκιστα
3038 1019 3133 1071 καί
3167 1018 3441 1086 Θεοφόόου
3462 1060 3477 1082 ,

2303 1111 2503 1181 Μάχας
2541 1109 2829 1183 κατώρθου
2864 1111 3130 1164 κτιννύων
3161 1109 3514 1172 ἀντιπάλους·

2309 1202 2521 1272 Ἥστην
2554 1202 2664 1271 γάρ
2692 1201 2860 1273 ἄμφω
2885 1200 3064 1266 δεξιὼ,
3103 1199 3391 1271 ρωμαλέω,

2138 1295 2281 1350 2570
2319 1296 2430 1349 Καὶ
2457 1296 2566 1347 τῶν
2593 1293 2736 1347 κατὰ
2767 1293 2909 1362 σφᾶς
2937 1292 3153 1355 οὐδενὸς
3184 1288 3532 1360 λελειμμένω

2321 1385 2649 1456 Εὐανδρίαις
2684 1401 2743 1438 τε
2782 1384 2878 1437 καὶ
2910 1383 3103 1447 καλαῖς
3132 1381 3513 1452 στρατηγίαις.

2306 1481 2418 1533 Καὶ
2450 1480 2611 1549 χεῖρα
2637 1479 2683 1531 δ’
2712 1473 2825 1548 εἶχε
2856 1476 3140 1546 φιλότιμον
3159 1514 3175 1539 ,
3212 1473 3508 1541 πλουσίαν,

2314 1568 2688 1639 Εύεργετικὴν
2709 1609 2725 1636 ,
2755 1566 3052 1638 φιλόδωρον
3079 1567 3160 1629 είς
3192 1566 3369 1629 ὅλους·

2302 1660 2468 1713 Ὅθεν
2499 1659 2705 1726 ξενῶνα
2738 1660 2833 1711 καὶ
2864 1659 3085 1727 φαεινὸν
3111 1661 3208 1712 καὶ
3246 1657 3421 1728 μέγαν

2128 1750 2271 1805 2375
2314 1750 2410 1813 Εἰς
2439 1753 2737 1820 ἀναπαυμα
2759 1750 2870 1803 τῶν
2898 1750 3066 1815 ξένων
3104 1750 3416 1821 ἀπαρτίσας

2024 1845 2070 1901 Β
2316 1843 2527 1908 κλῆσιν
2555 1842 2753 1896 ἑαυτοῦ
2785 1842 2866 1911 τῷ
2894 1842 3171 1913 δομήματι
3199 1842 3390 1911 νέμει,

2308 1931 2474 1989 Οἷκον
2498 1937 2776 2004 γυναικῶν
2803 1935 2934 1988 ὅντα
2966 1934 3028 1987 τὸ
3060 1935 3190 2003 πρὶν
3220 1934 3493 2003 ἀσέμνων·

2312 2031 2554 2100 Ἠττητο
2584 2028 2629 2082 δ’
2661 2028 2814 2082 οὐδὲν
2854 2026 3185 2097 ἀφροδισίων
3215 2025 3421 2096 σφόδρα

2306 2124 2387 2194 Τῇ
2418 2121 2740 2194 σωιρροσύνῃ
2772 2119 3162 2191 προστετηκὼς
3192 2118 3461 2180 ἐκτόπως·

2135 2216 2276 2272 2580
2331 2215 2554 2286 Ἀλεξίῳ
2579 2216 2637 2268 δὲ
2663 2214 2741 2285 τῷ
2771 2211 3008 2281 Μωσηλὲ
3037 2210 3341 2278 τούτιίκλην

2330 2306 2422 2373 Ἐξ
2458 2304 2759 2377 Ἀρμενίων
2784 2301 3076 2373 Κρηνιτῶν
3115 2298 3371 2371 λαμπροῦ
3400 2297 3592 2367 γένους

2323 2396 2506 2466 Ἀνδρὶ
2536 2394 2827 2465 στρατηγῷ
2846 2434 2861 2460 ,
2892 2393 3148 2463 γεννάδα,
3176 2390 3469 2461 ῥωμαλέῳ,

2312 2489 2467 2544 Κατὰ
2492 2487 2731 2558 χαρίτων
2753 2486 2877 2555 ὄψιν
2900 2485 3252 2555 ἠγλαϊσμένῳ
3272 2522 3287 2547 ,

2307 2583 2530 2654 Μαρίαν
2569 2580 2837 2651 συνῴκισε
2878 2579 2980 2649 τὴν
3021 2578 3332 2647 θυγατέρα,

2144 2675 2290 2731 $2585
2328 2676 2579 2744 Τιμήσας
2604 2674 2765 2728 αὐτὸν
2790 2672 2918 2742 ἀξίᾳ
2946 2674 3013 2742 τῇ
3041 2671 3356 2741 Καισάρων·

2320 2772 2431 2825 Καὶ
2460 2771 2556 2824 σὺν
2586 2769 2758 2840 στόλῳ
2787 2769 3044 2836 πέπομφε
3073 2767 3208 2834 προς
3239 2760 3649 2833 Λογγιϐάρδους

2313 2841 2690 2932 Φθονουμένου
2721 2861 2777 2913 δὲ
2802 2864 2913 2923 τοῖς
2944 2862 3064 2914 κατ’
3096 2857 3261 2911 αὑτὸν
3289 2854 3518 2926 ἀνδράσι

2317 2956 2430 3009 Καὶ
2456 2955 2538 3026 τῷ
2567 2955 2781 3024 βασιλεῖ
2809 2954 2860 3020 γ’
2890 2949 3377 3019 ἑνδιαῦεὸλημένου
3398 2985 3415 3013 ,

2309 3049 2583 3103 Διαϐολῶν
2618 3048 2850 3114 σύζυγος
2877 3040 2943 3116 ἦν
2972 3045 3122 3110 ζῶσα
3152 3042 3323 3101 λύτις·

2137 3141 2279 3199 9590
2337 3141 2488 3195 Ἐπεὶ
2525 3140 2571 3195 δ’
2604 3141 2787 3209 εκείνη
2821 3137 3082 3191 κατέλιπε
3111 3137 3201 3189 τὸν
3235 3133 3381 3204 βίον,

2321 3232 2498 3296 Εὐθὺς
2526 3231 2883 3302 περιφάνειαν
2917 3228 3160 3282 ἐκλιπὼν
3202 3226 3348 3297 βίον,

2315 3324 2591 3395 Καίσαρος
2630 3324 2785 3388 ἀξίαν
2818 3339 2875 3375 τε
2897 3363 2913 3386 ,
2950 3324 3233 3389 συγγενεῖς
3256 3360 3271 3384 .
3311 3320 3499 3389 φίλους
3520 3360 3536 3385 .

2316 3414 2489 3469 Ἀλλα
2526 3424 2585 3468 τε
2621 3415 2799 3469 πάντα
2830 3415 2925 3467 καὶ
2960 3413 3127 3466 πλέον
3162 3412 3371 3483 τύρῆην
3410 3412 3527 3483 βίου
3549 3451 3565 3477 ,

2317 3509 2392 3562 Τὸ
2436 3509 2575 3561 κατὰ
2611 3507 2846 3580 Χριστὸν
2872 3507 3236 3575 ἀμφιέννυται
3277 3505 3473 3575 ῥάκος,

2136 3602 2280 3658 2395
2320 3600 2429 3655 Καὶ
2456 3600 2619 3670 τρίχα
2651 3599 2842 3670 καρεις
2865 3599 2965 3669 τὴν
2994 3598 3162 3668 μονὴν
3187 3597 3441 3650 ύπεισέδυ
3460 3634 3475 3661 ,

2327 3694 2431 3749 Ἦν
2460 3692 2621 3755 αὐτὸς
2651 3692 2913 3762 ἀνήγειρε
2942 3691 3041 3759 τὴν
3082 3687 3389 3757 ’Δνθεμίουσ

2322 3785 2416 3841 Ἐν
2511 3782 2761 3853 μονάζων
2791 3780 3052 3834 καταλύει
3080 3779 3172 3833 τὸν
3208 3778 3342 3849 βίον.
3396 3805 3404 3812 ·

2313 3877 2419 3931 Τοῦ
2452 3875 2499 3929 δ’
2526 3879 2585 3928 Ἀ
2597 3874 2793 3945 μορίου
2822 3871 3084 3942 πατρίδος
3117 3869 3381 3941 Θεοφίλου

2310 3973 2445 4036 Ταῖς
2475 3968 2802 4042 ’Δγαρηνῶν
2829 3969 3113 4038 στρατιαῖς
3142 3965 3415 4037 ἡλωκότος
3434 4005 3448 4029 ,

2133 4063 2277 4119 2400
2321 4061 2828 4135 Ἀπειραριθμήτου
2861 4058 2918 4111 δὲ
2951 4056 3273 4119 κτανθέντος
3307 4055 3528 4125 στίφους

2316 4155 2430 4210 Καὶ
2463 4153 2671 4224 πλῆθος
2702 4153 2819 4225 ἥλω
2852 4150 3222 4223 μυριάριθμον
3254 4149 3377 4201 τότε

2307 4247 2500 4319 ’Δχθὲν
2526 4247 2866 4318 δορυάλωτον
2891 4244 3076 4305 αὐτοῖς
3105 4240 3438 4312 Βαρὸἀροις,

2309 4342 2404 4396 Ἐν
2437 4336 2517 4403 οἷς
2553 4339 2849 4409 στρατηγοὶ
2875 4336 2986 4390 τῶν
3012 4334 3184 4389 ἐκεῖθι
3211 4334 3506 4405 ταγμάτων

2316 4433 2489 4496 Δεκὰς
2519 4430 2799 4503 τετραπλῆ
2828 4430 2941 4502 (57)
2972 4430 3069 4482 σὺν
3099 4428 3244 4498 ἀπλῇ
3280 4426 3531 4496 ξυνωρῐδι
3553 4464 3570 4490 ,

2026 4524 2069 4579 D
2135 4526 2279 4584 2405
2320 4525 2384 4579 Οἳ
2420 4523 2717 4596 μαρτύρων
2748 4520 2977 4593 εὕραντο
3007 4521 3101 4574 καὶ
3131 4519 3303 4589 στέφη
3336 4517 3509 4579 τέλος·

2317 4613 2527 4689 Ἦνπερ
2557 4617 2722 4687 χάριν
2760 4615 3020 4685 πέπομφε
3053 4611 3314 4683 πρέσϐεις
3344 4614 3370 4663 ό
3398 4610 3620 4681 κράτωρ

2025 3181 2069 3238 C

2313 4710 2796 4782 Ἀπαγγελοῦντας
2823 4709 2899 4779 τῷ
2934 4706 3226 4778 κρατοῦντι
3255 4704 3515 4776 Περσίδος

2310 4802 2508 4856 Δοῦναι
2536 4801 2770 4856 λαϐόντα
2798 4800 2970 4870 λύτρα
2999 4798 3099 4868 τὴν
3125 4797 3279 4851 λύσιν
3314 4796 3499 4865 σφίσιν

2309 4894 2661 4964 Κεντηνάρια
2697 4892 2833 4962 πρὸς
2862 4891 3089 4960 τέτρασι
3118 4888 3197 4946 δίς
3229 4888 3382 4941 δέκα.

2126 4988 2271 5043 2410
2310 4986 2454 5040 Ἀλλ’
2487 4987 2547 5040 ού
2579 4985 2883 5056 προσέσχεν
2922 4983 3061 5053 ἀκοὴ
3092 4979 3271 5051 φαύλη
3297 4979 3498 5047 λόγοις·

2311 5080 2473 5133 Ὅθεν
2509 5077 2763 5148 βασιλεὺς
2796 5077 3051 5136 ὲκτακεὶς
3083 5074 3270 5144 μακρᾷ
3299 5072 3447 5144 λύπῃ

2305 5172 2561 5242 Νοσὴσας
2595 5166 2878 5239 ἀπέρρηξε
2908 5164 3093 5226 κακῶς
3127 5164 3218 5217 τὸν
3252 5160 3386 5232 βίον,

2306 5265 2482 5319 Πολλά
2510 5262 2722 5334 δεηθείς
2753 5258 2992 5327 συζύγου
3023 5257 3129 5311 τῶν
3158 5255 3207 5309 τ’
3240 5257 3298 5308 ὲν
3327 5252 3469 5308 τέλει

2306 5357 2629 5427 καθαιρέσει
2661 5354 2995 5424 στέργοντας
3028 5349 3136 5405 τῶν
3161 5348 3562 5418 είκονισμάτων

2128 5452 2271 5507 2415
2309 5452 2413 5504 Τὸν
2442 5451 2699 5519 Ἰωάννην
2734 5448 2922 5511 λύκον,
2955 5445 3077 5516 οὐχὶ
3110 5444 3378 5513 ποιμένα,

2307 5545 2439 5619 Ἐᾷν
2472 5543 2742 5615 καθέδραν
2779 5540 3033 5610 κατέχειν
3065 5534 3416 5608 Ἐκκλησίας.
