4070 6594
271 321 380 387 105

490 427 627 496 Περὶ
660 425 898 496 βρέφους
934 423 1102 474 ἔδεισε
1142 422 1324 489 μήτηρ
1356 416 1598 476 sict-311w;

486 520 590 571 Τὸν
612 516 768 568 ἀετὸν
801 511 1042 582 βλέψασα
1080 508 1158 578 μὴ
1182 507 1302 560 κατ’
1341 504 1561 566 ἐλπίδας

487 608 656 663 Σκιὰν
692 603 1042 674 σχεδιὰζοντα
1068 599 1147 669 τῷ
1179 597 1510 669 βρεφυλλίῳ,

487 702 598 754 Καὶ
627 698 776 752 τόνδε
801 696 968 751 λίθοις
999 691 1292 745 ἀπελαύνει
1339 686 1630 758 μακρόθεν·

306 797 458 852 2550
498 794 611 846 Καὶ
639 787 794 857 τῆσδ’
823 784 1092 854 ἀπούσης,
1126 781 1276 852 ὅρνις
1303 779 1375 842 ὼς
1402 780 1534 847 πρὶν
1565 777 1812 842 κατέπτη

490 879 672 937 Τιλῶν
702 881 762 932 τὺ
787 875 1159 944 λειτούργημα
1180 871 1379 937 παιδίῳ
1409 869 1592 932 πάλιν,

489 975 602 1029 Καὶ
629 971 790 1024 πάλιν
824 968 1135 1036 ἀπήλαυνεν
1170 966 1204 1031 ἡ
1227 961 1547 1030 γειναμένη,

491 1066 601 1118 Καὶ
622 1061 766 1116 τοῦτ’
787 1059 983 1127 ἐδρᾶτο
1008 1054 1273 1116 πολλάκις
1301 1055 1398 1120 τῆς
1430 1052 1535 1122 ήμέ
1547 1065 1666 1118 ρας.

503 1157 590 1218 Ὠς
621 1153 665 1206 δ’
690 1150 912 1220 ἐφήϐων
940 1147 1118 1216 ἥψατο
1143 1144 1242 1213 τῆς
1271 1142 1513 1212 ἡλικίας.

308 1249 459 1302 2535i
509 1244 713 1314 Ἀτνώς
747 1259 831 1302 τις
867 1240 942 1293 ὢν
977 1238 1182 1291 ἅπασιν
1227 1234 1470 1304 ἐσχάτως
1507 1229 1674 1299 πένης

497 1339 732 1399 Βαδίσας
755 1330 859 1406 ἦκε
891 1333 1029 1402 πρὸς
1060 1330 1216 1382 πόλιν
1241 1326 1674 1384 Κωνσταντίνου,

504 1431 589 1492 Ὡς
619 1429 686 1481 ἂν
711 1423 958 1494 ὑπάρξας
993 1423 1100 1474 τῶν
1131 1435 1272 1481 τινος
1298 1418 1397 1486 θὴς
1419 1415 1689 1483 εὐπόρων,

493 1521 647 1591 Ζωὴν
673 1523 740 1571 τὰ
777 1518 1070 1585 συνέχοντα
1093 1511 1269 1581 κτῷτο
1303 1508 1646 1578 προσφόροις*

497 1614 658 1666 Πόλιν
681 1611 725 1664 δ’
759 1608 1018 1670 ὑπεισδὺς
1048 1603 1381 1672 κατέδαρθεν
1410 1602 1646 1666 ἑσπέρας

313 1703 462 1756 ⁸2540
502 1699 799 1768 Διομήδους
832 1696 1109 1766 μάρτυρος
1136 1694 1192 1744 ὲν
1234 1688 1365 1743 ναοῦ
1409 1689 1554 1758 πύλῃ

504 1792 603 1853 Ὦς
636 1806 720 1852 τις
750 1786 1004 1857 πενιχρὸς
1051 1783 1274 1851 εὐτελὴς
1309 1781 1543 1842 νεανίας.

499 1883 675 1948 Ὀναρ
709 1875 754 1931 δ’
787 1881 815 1932 ὁ
845 1879 1063 1948 μάρτυρ
1089 1873 1448 1943 ἐμφανίζεται
1474 1869 1690 1937 νύκτωρ

494 1973 617 2024 Τινὶ
655 1969 779 2023 καθ’
811 1968 1015 2030 ὖπνους
1053 1965 1161 2018 τῶν
1198 1963 1308 2015 ἔσω
1338 1961 1647 2028 νεωκόρων,

499 2063 680 2116 Καίοὶ
709 2062 800 2114 τὸν
830 2059 984 2120 ἐκτὸς
1005 2056 1351 2125 ἐγκελεύεται
1384 2052 1545 2120 τάχος

316 2157 466 2212 25-ίὸ
502 2157 832 2224 Εἰσαγα·;εῖν
856 2154 1069 2207 ἄνακτα
1093 2151 1190 2219 τῆς
1205 2146 1408 2216 ’πύλης
1447 2146 1575 2196 ἔσω.

512 2249 570 2301 '0
599 2248 643 2300 δ’
681 2241 997 2312 ὑπεξελθὼν
1034 2243 1129 2295 καὶ
1164 2238 1449 2291 Βασίλειον
1486 2237 1648 2305 μόνον

501 2339 692 2410 Εὐρὼν
716 2337 991 2390 ὐπνοῦντα
1020 2333 1161 2386 κατὰ
1208 2330 1362 2384 λιτοῦ
1385 2329 1642 2389 δαπέδου,

507 2432 688 2501 Utiqu
725 2427 933 2497 ὑπῆλθε
964 2425 1058 2478 τοῦ
1091 2427 1197 2478 νεὼ
1228 2423 1323 2476 καὶ
1356 2421 1448 2475 τὸν
1490 2421 1674 2486 δόμον,

511 2509 680 2588 Δόξας
723 2525 855 2590 δναρ
886 2519 1180 2589 φάντασμα
1224 2517 1454 2583 μάταιον
1480 2513 1684 2572 πέλειν,

314 2617 463 2673 9550
505 2619 615 2669 Κλί
645 2615 807 2668 πάλιν
833 2609 947 2682 εἶχε
985 2612 1076 2663 τὸν
1106 2609 1372 2674 νεωκόρον
1396 2606 1580 2675 κλίνη

511 2709 619 2760 Καὶ
655 2705 819 2756 πάλιν
847 2703 967 2771 όψις
990 2705 1164 2753 ταυτα
1192 2699 1242 2752 οἰ
1265 2698 1580 2767 παρηγγύαε

508 2800 618 2852 Καὶ
647 2798 805 2849 πάλιν
835 2797 1098 2866 ἐξέδραμε
1131 2793 1231 2863 τῆς
1262 2792 1442 2860 πύλης
1473 2790 1654 2857 τάχος,

507 2891 616 2942 Καὶ
650 2889 931 2941 Βασίλειον
962 2881 1132 2956 εὗρεν
1155 2883 1427 2937 ὑπνοῦντα
1455 2881 1633 2949 μόνον.

528 2983 688 3035 Ἐπεὶ
712 2982 770 3033 δὲ
793 2980 915 3048 τρὶς
939 2981 1148 3050 γένοιτο
1177 2975 1352 3029 ταῦτα
1375 2971 1495 3027 κατ’
1526 2960 1692 3039 ὄναρ(

322 3075 474 3131 2555
510 3076 622 3129 Καὶ
653 3075 867 3136 σύνεσις
900 3069 968 3144 ἦν
1012 3067 1253 3138 οὐδαμοῦ
1280 3065 1544 3135 νεοκόρῳ,

505 3166 669 3236 Δηλοῖ
691 3166 750 3216 τὸ
779 3165 964 3234 τρίτον
990 3161 1250 3232 ἐμφανῶς
1282 3160 1492 3228 μάρτυς
1523 3155 1717 3223 λέγων,

509 3256 664 3311 Εἶναι
688 3257 778 3309 τὸν
808 3256 966 3316 ἐκτὸς
991 3255 1244 3322 κείμενον
1267 3252 1512 3321 βασιλέα..

515 3351 614 3402 ⁸ον
644 3346 958 3414 εἰσαγαγὼν
985 3346 1058 3409 ὡς
1085 3346 1203 3398 δέον
1228 3347 1497 3412 νεωκόρος

507 3441 919 3510 Φιλοῳροσύνης
955 3439 1048 3491 καὶ
1073 3437 1250 3502 ξενίας
1276 3438 1452 3507 ηξίουο

327 3533 476 3589 2560
516 3528 648 3586 Εἶτα
671 3532 895 3600 συνιστᾷ
923 3529 1071 3582 τόνδε
1104 3547 1182 3599 τῳ
1209 3529 1318 3581 τῶν
1348 3533 1405 3580 εν
1438 3525 1604 3590 τέλει,

513 3625 783 3686 Κάκεῖνος
813 3622 1091 3693 ᾠκείωσεν
1115 3621 1314 3674 ἄνακτι
1343 3619 1534 3672 πάλιν.

524 3721 586 3774 ’0
607 3720 653 3771 δ’
690 3718 826 3787 ὕψος
859 3715 1164 3786 ὲϐρὰὃευσε
1201 3713 1300 3782 τῆς
1331 3709 1690 3783 κραταρχίας.

1707 294 2080 365 C/ESARES.

1875 423 1914 476 Α
1952 412 2102 468 Tunc
2133 411 2241 467 lilio
2273 402 2451 465 timuit
2479 418 2649 464 mater
2679 407 3023 462 vehementer

1951 505 2180 572 aquilam
2204 505 2394 558 videns
2423 510 2616 572 prater
2639 502 3096 569 exspectationem

1953 599 2196 650 umbram
2230 594 2423 649 tenello
2452 592 2647 647 infanti
2681 593 3148 659 Sttppeditantem;

1954 690 2298 757 lapidumque
2327 686 2469 753 iactu
2503 681 2685 751 procul
2715 681 2963 750 attigeth
2990 693 3165 732 avem.

1955 779 2122 833 Matre
2154 778 2456 840 recedente,
2481 775 2658 844 aquila
2689 786 2880 826 rursus
2911 769 3144 835 advolat,

1954 881 2115 937 atque
2139 883 2294 922 suum
2328 883 2493 936 puero
2526 865 2727 936 praebet
2751 862 3132 917 ministerium.

1953 963 2164 1018 Rursus
2189 962 2327 1016 hanc
2359 970 2528 1015 mater
2557 959 2753 1028 abigit;
2785 957 2947 1026 idque
2976 967 3118 1023 saepe

1957 1070 2050 1122 per
2075 1054 2220 1108 vices
2250 1051 2335 1105 illa
2371 1052 2456 1105 die
2483 1049 2781 1104 factitatum
2819 1047 2934 1099 fuit.

1957 1144 2028 1198 Ut
2053 1157 2180 1200 vero
2209 1157 2239 1197 e
2269 1140 2450 1210 pueris
2479 1137 2712 1214 excessit
2735 1135 2986 1200 Basilius,

1957 1234 2207 1288 omnibus
2233 1233 2450 1302 ignotus
2483 1238 2644 1297 atque
2671 1226 3055 1297 egentissimus

1960 1329 2022 1380 ad
2059 1324 2400 1380 Constantini
2433 1323 2616 1376 urbem
2649 1321 2892 1388 pedester
2916 1317 3087 1380 venit,

1961 1429 2152 1487 nempe
2187 1423 2242 1468 ut
2269 1414 2428 1468 alic’ui
2462 1412 2614 1465 diviti
2647 1423 2854 1465 navans
2883 1420 3104 1475 operam

1959 1508 2081 1560 vitae
2110 1505 2414 1574 adiumenta
2451 1500 2812 1556 suSIcntandre
2842 1497 3132 1564 acciperet.

1960 1598 2100 1666 Ergo
2132 1595 2404 1664 ingressus
2435 1594 2620 1646 urbem
2661 1589 2956 1644 dormiebat
2991 1596 3213 1653 vespere

1963 1690 2012 1740 in
2046 1686 2210 1742 valvis
2239 1685 2418 1754 templi
2451 1683 2702 1752 martyris
2734 1681 3002 1736 Diomedis

1889 1778 1930 1836 Β
1962 1791 2212 1849 tanquam
2239 1791 2440 1850 egenus
2474 1775 2696 1845 vilisque
2724 1773 3176 1830 adolescentulus.

1957 1873 2035 1927 En
2067 1881 2244 1928 autem
2278 1882 2488 1942 martyr
2516 1886 2574 1926 se
2601 1869 3035 1940 correpiciendum
3069 1867 3262 1922 obtulit

1960 1964 2049 2018 uni
2079 1979 2143 2017 ex
2179 1963 2388 2017 aedituis
2418 1974 2579 2017 noctu
2609 1978 2701 2030 per
2731 1961 3022 2024 somnium,
3046 1959 3244 2029 iubens

1962 2069 2018 2112 ut
2044 2059 2362 2112 festinanter
2388 2072 2510 2113 eum
2543 2057 2635 2125 qui
2667 2057 2899 2112 cubabat
2941 2055 3078 2112 foris

1964 2165 2159 2223 regem,
2195 2151 2415 2207 reclusis
2451 2151 2643 2214 valvis,
2679 2149 3070 2204 introduceret.

1963 2240 2225 2316 Egressus
2265 2245 2354 2298 ille
2388 2259 2508 2298 cmn
2547 2242 2801 2296 Basiliam
2836 2241 3009 2295 solum

1963 2337 2105 2392 nuda
2135 2338 2296 2392 humo
2319 2336 2674 2390 dormientem
2705 2333 3039 2398 offendisset,

1907 2459 1910 2463 -
1965 2431 2016 2484 in
2049 2428 2300 2498 templum
2331 2440 2608 2498 regressus
2631 2427 2848 2481 domum
2876 2442 2934 2481 se
2964 2427 3184 2494 recepit,

1967 2538 2159 2577 vanum
2193 2535 2253 2575 se
2287 2522 2554 2573 sctnnium
2585 2521 2862 2574 mstimans
2889 2517 3115 2582 vidisse;

1967 2615 2147 2682 itaque
2173 2614 2227 2667 in
2261 2613 2400 2666 lecto
2433 2627 2619 2667 rursus
2647 2626 2704 2666 se
2734 2611 3052 2680 composuit.

1969 2707 2074 2762 Sed
2103 2721 2229 2761 ecce
2262 2706 2438 2760 oblata
2472 2706 2680 2774 species
2727 2705 3038 2758 mandatum
3075 2703 3286 2772 repetit.

1967 2799 2086 2870 Ipse
2117 2800 2366 2855 celeriter
2389 2799 2552 2870 janna
2584 2813 2642 2853 se
2671 2798 2920 2868 proripit,

1969 2905 2022 2950 et
2051 2893 2310 2950 Basiliam
2344 2892 2702 2947 dormientem
2740 2891 2912 2946 solum
2942 2889 3161 2958 reperit.

1968 2989 2211 3058 Cumque
2236 2987 2346 3057 jam
2381 2985 2543 3042 tertio
2574 2985 2842 3042 somnium
2872 2983 3220 3045 occurrisset,

1897 3111 1944 3174 ο
1974 3095 2146 3150 neque
2180 3095 2288 3135 rem
2322 3078 2549 3134 aedituus
2589 3091 2809 3147 prorsus
2849 3075 3191 3147 intelligeret,

1977 3183 2180 3242 martyr
2209 3174 2274 3227 ad
2305 3181 2603 3226 extremum
2637 3177 2822 3238 aperte
2850 3168 2990 3224 dixit

1976 3278 2120 3324 eum.
2149 3262 2237 3331 qui
2267 3260 2396 3316 foris
2421 3259 2671 3326 cubabat,
2698 3273 2816 3315 esse
2851 3266 3049 3329 regem.

1976 3351 2130 3413 Tunc
2165 3356 2558 3420 introductum,
2585 3363 2644 3410 ut
2673 3371 2768 3425 par
2801 3366 2938 3421 erat,
2969 3354 3200 3410 :edituus

1979 3447 2189 3502 blandis
2216 3445 2402 3502 omciis
2432 3445 2697 3500 recreavit
2727 3454 2779 3500 et
2817 3445 3048 3511 hospitio
3074 3462 3089 3500 :

1981 3543 2094 3588 tum
2119 3534 2331 3596 cuidam
2360 3533 2603 3604 optimati
2629 3535 3049 3601 commendavit,

1979 3625 2071 3694 qui
2101 3638 2288 3678 rursus
2315 3622 2462 3677 illum
2491 3624 2602 3692 regi
2635 3623 2954 3679 familiarem
2988 3621 3244 3689 reddidit,

1982 3731 2011 3770 a
2046 3731 2154 3788 quo
2183 3714 2414 3770 Basilius
2445 3715 2650 3785 regium
2688 3717 2946 3770 honorem
2998 3716 3204 3771 retulit.

3413 291 3510 354 106

519 3811 628 3865 Καί
650 3826 732 3874 τις
763 3807 1016 3878 μοναχῶν
1038 3808 1260 3874 ἀρεταῖς
1287 3804 1619 3871 ἐστεμμένος

511 3897 792 3953 Μέλλοντὰ
822 3896 870 3949 τ’
913 3895 1069 3956 εἰδὼς
1100 3891 1379 3962 Πνεύματι
1413 3890 1541 3959 θείῳ
1569 3888 1767 3955 λέγειν,

329 3991 481 4049 2565
519 3992 743 4061 Κρήτην
772 3988 1006 4058 πατρίδα
1033 3986 1129 4040 καὶ
1156 3983 1324 4054 μονὴν
1355 3981 1697 4052 κεκτημένος

532 4080 746 4131 Ἐκεῖσε
771 4076 909 4148 τῷδε
941 4077 1050 4147 πρὸ
1085 4075 1323 4144 κράτους
1343 4072 1632 4142 ἀφιγμένῳ

525 4172 798 4241 ιιροεῐπεν
837 4167 1143 4238 ἀνάρρησιν
1176 4162 1236 4219 εὖ
1267 4164 1630 4234 κραταρχίας.

1983 3810 2124 3878 Quin
2157 3815 2292 3864 adeo
2317 3808 2532 3879 quidam
2559 3809 2757 3862 virtute
2789 3807 2996 3877 fulgens
3025 3807 3340 3872 monachus,

1985 3902 2188 3972 Spiritu
2221 3901 2403 3956 divino
2433 3899 2738 3956 futurorum
2781 3900 3062 3968 praseius,

1986 3992 2038 4048 in
2065 3992 2226 4049 Creta
2255 3992 2425 4062 patria
2455 3992 2838 4046 monasterium
2869 3989 3133 4053 incolens,

1987 4085 2112 4140 illnc
2141 4083 2371 4140 venienti
2402 4094 2530 4138 ante
2557 4082 2838 4152 imperium
2869 4081 3066 4136 Basilio

1988 4176 2252 4232 veraciter
2276 4173 2524 4245 praedixit
2550 4186 2728 4242 regem
2773 4181 3010 4227 creatum
3041 4172 3130 4227 iri.

554 4258 913 4315 ΒΑΣΙΛΕΙυΣ
967 4266 1006 4311 U
1035 4256 1356 4311 ΜΑΚΕΔΩΝ
1393 4256 1500 4310 E'l‘.
1531 4253 1631 4307 ω’.

2303 4255 2620 4320 BA-SILIUS
2660 4259 2937 4319 MACEDO
2976 4259 3088 4318 AN.
3129 4257 3246 4317 XII.

519 4346 688 4411 Οὗτος
715 4349 924 4418 Μιχαὴλ
957 4350 1160 4403 ἀνελὼν
1203 4347 1500 4418 εὐεργέτην
1990 4355 2089 4414 Hic
2119 4356 2126 4410 Ι

1415 4363 1500 4416 την
1990 4355 2089 4414 Hic
2119 4355 2432 4412 Michaelem
2472 4369 2598 4424 erga
2633 4369 2692 4411 se
2726 4352 3022 4411 beneﬁcum

525 4447 631 4499 Καὶ
661 4444 984 4516 βασιλευτὴν
1015 4445 1112 4496 καὶ
1143 4442 1303 4512 δότην
1326 4443 1420 4495 τὸν
1442 4439 1538 4494 τοῦ
1596 4436 1846 4506 στίφους,
1912 4465 1958 4523 D
1989 4448 2132 4519 regni

1596 4436 1846 4506 στίφους.
1912 4465 1958 4523 ι)
1989 4447 2250 4519 regnique
2279 4449 2524 4504 datorem
2558 4456 2842 4517 postquam
2873 4444 3165 4510 interfecit,

339 4536 488 4592 2570
522 4538 892 4606 Αὐτοκράτωρ
929 4535 1200 4606 μόναρχος
1229 4531 1388 4602 ὤφθη
1417 4531 1524 4585 τῶν
1561 4530 1723 4584 ὅλων.

1632 4546 1723 4583 ωνο
1986 4538 2138 4594 solus
2167 4547 2485 4596 cunctarum
2515 4537 2765 4594 dominus
2803 4550 2982 4592 rerum
3009 4537 3239 4593 exstitit.

524 4628 692 4680 Ὅθεν
728 4631 930 4689 συνιεὶς
961 4627 1120 4698 αἰκίᾳ
1152 4626 1450 4687 συνειδότος
1985 4630 2131 4697 Quar

1985 4630 2164 4697 Quare
2194 4627 2542 4686 conscientia:
2579 4629 2820 4686 stimulis
2849 4638 3201 4700 compunctus

525 4721 694 4771 Φόνου
725 4720 992 4788 δυσαχθὲς
1018 4720 1114 4772 καὶ
1147 4720 1434 4787 μιαιφόνον
1466 4716 1636 4788 μύσος
1986 4721 2113 4777 dum

1432 4737 1434 4754 ι
1466 4716 1636 4788 μύσος
1986 4721 2113 4777 dum
2144 4723 2321 4778 scelus
2349 4723 2512 4778 caedis
2539 4729 2754 4791 reputat
2786 4719 3039 4785 infandas,

550 4812 812 4874 Ἐξιλεοῦν
837 4810 1063 4862 ἔσπευδε
1095 4809 1376 4879 Δεσπότην
1401 4809 1538 4862 ὅλων
1988 4814 2157 4881 placat

1988 4814 2204 4881 placare
2234 4828 2520 4885 aggressus
2549 4824 2631 4868 est
2657 4827 2998 4868 communem
3030 4810 3338 4876 Dominum,

530 4906 802 4956 'A6uceov
836 4902 1153 4970 ὑπάρχοντα
1180 4900 1278 4970 τῆς
1313 4899 1743 4971 εὐσπλαγχνίας,
1989 4907 2137 4975 cujus

1494 4899 1743 4971 αγχνιας.
1989 4907 2146 4975 cujus
2172 4907 2469 4960 clementia:
2500 4906 2675 4960 nullus
2705 4915 2788 4960 est
2817 4905 3101 4972 terminus,

343 4997 492 5051 2575
535 4998 758 5063 Ἔργοις
794 4994 1091 5062 φιλοίκτοις
1119 4995 1212 5047 καὶ
1242 4993 1424 5046 καλῶν
1458 4994 1762 5056 εὐποιίαις,.

1458 4994 1762 5056 εὖποιίαιςν-
1993 5002 2144 5054 bonis
2174 4997 2430 5066 operibus
2457 5007 2511 5052 et
2538 4997 2814 5067 largiendo
2853 4997 3057 5068 egenis.

533 5089 660 5142 Μεθ’
700 5082 795 5152 ὧν,
821 5086 956 5139 νεὼν
978 5087 1294 5151 κάλλιστον,
1321 5087 1573 5156 εὐπρεπῆ
1599 5085 1746 5149 ξένον
1991 5091 2140 5146 Tum‘

1675 5103 1746 5138 νον
1991 5091 2311 5146 Τιιηῖειίιιιιι
2348 5093 2602 5162 templum
2636 5107 2832 5146 novum
2865 5090 3282 5162 pulcherrimum

534 5181 829 5242 Πολυτελὲς
857 5180 1038 5248 θέαμα
1063 5179 1258 5250 τέρψιν
1290 5179 1558 5248 ὀμμάτων
1993 5188 2141 5239 mil-ut

1531 5197 1558 5230 ν
1993 5188 2184 5239 mirum
2221 5193 2538 5254 gratumque
2571 5184 2741 5239 oculis
2768 5185 3134 5253 spectaculum

540 5272 634 5324 Ἐν
661 5271 952 5338 βασιλείοις
986 5272 1236 5335 καινίσας
1267 5271 1648 5341 Πρωταγγέλῳ
1993 5277 2144 5347 regio

1456 5271 1648 5340 ιγγέλῳ
1993 5277 2144 5347 regio
2185 5279 2235 5330 in
2271 5277 2470 5347 palatio
2497 5277 2807 5347 angelorum
2838 5276 3063 5346 principi

1992 5367 2255 5430 condidit,
2302 5366 2612 5436 Novatnquc
2643 5367 2930 5437 appellavit
2962 5365 3270 5420 ecclesiam.

1995 5457 2306 5523 Rursusque
2337 5458 2590 5527 templum
2621 5459 2762 5512 aliud
2797 5458 2926 5512 Elia:
2951 5455 3246 5520 Thesbitaa,

1995 5565 2151 5620 quem
2182 5549 2393 5604 colebat
2422 5550 2688 5620 praecipue
2720 5563 2812 5618 per
2837 5552 2959 5602 anni
2987 5562 3206 5602 cursum

1997 5643 2226 5712 pullipis,
2261 5642 2450 5696 diebus
2484 5641 2655 5704 festis,
2693 5629 2894 5694 honore
2925 5640 3095 5694 lauto.

537 5725 710 5792 Οὗτος
739 5728 805 5783 δι’
845 5729 1009 5785 αὐτοῦ
1044 5730 1139 5782 καὶ
1166 5729 1490 5798 στρατηγῶν
1525 5730 1616 5784 καὶ
1649 5730 1834 5783 στόλου
2001 5739 2094 5790 llic
2129 5753 2144 5804 ι

1525 5730 1616 5784 καὶ
1649 5730 1834 5783 στόλου
2001 5739 2094 5790 llic
2129 5752 2220 5804 per
2253 5751 2376 5791 suos
2404 5736 2565 5790 duces
2597 5750 2798 5805 perque
2829 5735 3117 5791 exercitum

684 5835 948 5891 ΡΑτιιοιμ
993 5835 1107 5889 Gn.
1137 5829 1380 5890 CXLIII
3110 5838 3169 5897 ,ω

526 5363 672 5415 Νέαν
707 5362 1055 5431 ἁποκέκληκε
1085 5363 1224 5416 τόνδ’
1275 5363 1604 5432 ἐκκλησίαν

336 5455 494 5512 2580
529 5456 640 5509 Καὶ
677 5456 838 5510 πάλιν
862 5456 1019 5510 ἄλλον
1065 5455 1219 5525 Ἠλίᾳ
1248 5456 1323 5525 τῷ
1361 5454 1614 5524 Baebian,

509 5529 516 5542 ἑ
538 5550 638 5602 Ὃν
666 5548 863 5616 ἐξόχως
888 5543 954 5618 ἦν
997 5547 1088 5600 καὶ
1115 5546 1288 5615 τιμῶν
1319 5549 1412 5599 καὶ
1438 5546 1716 5614 σεμνύνων

533 5640 787 5709 Πομπαίς
811 5639 1024 5708 ἑορταῖς
1047 5637 1286 5706 δαψιλῶς
1329 5639 1448 5700 ταῖς
1481 5637 1546 5689 δι’
1573 5638 1747 5700 ἔτους.
