4070 6526
466 441 570 509 H3
1905 434 2274 499 CESARES.

1148 524 1281 538 —-—---

693 548 850 620 ῼπερ
879 530 1123 615 συνῆπτο
1148 530 1292 621 ἷρδς
1326 530 1503 619 γάμου
1534 545 1822 601 κοινωνίαν

490 640 630 696 2745
668 627 928 707 Θεοφανώ
962 657 1043 703 τις
1072 641 1134 693 ἐκ
1162 639 1482 711 χαμερποῦς
1514 639 1609 693 τοῦ
1644 639 1854 708 γένους,

669 734 740 785 Ἥ
760 732 946 802 τάνδρὶ
970 732 1143 785 τίκτει
1181 734 1374 795 παῖδας
1414 734 1650 804 ἄρρενας
1681 732 1799 791 δύο,

664 825 768 876 Τὸν
801 824 1106 889 Βασίλειον,
1151 826 1288 896 πρὸς
1320 825 1375 880 δὲ
1412 826 1503 879 τὸν
1534 824 1963 886 Κωνσταντῖνον,

668 915 779 979 Οὓς
811 915 1071 987 βασιλικῇ
1105 917 1289 987 ταινίᾳ
1314 917 1498 986 στέφει
1529 916 1721 983 φίτυςο

681 1006 847 1075 ’Δνὴρ
873 1007 1172 1077 τρυφηλδς,
1210 1005 1688 1079 ἐκδεδιῃτημένος,

496 1100 638 1153 2750
682 1099 892 1163 Μέθαις
924 1119 981 1154 τε
1014 1102 1220 1169 κώμοις
1257 1098 1645 1170 προστετηκὼς
1678 1097 1899 1167 ἐξόχως,

674 1185 1037 1253 Φιληδονίαις,
1071 1188 1433 1258 ἀφροδισίοις,
1466 1188 1651 1249 πότοις
1673 1225 1688 1250 ,

685 1272 937 1345 Ἀνδράσι
970 1276 1177 1347 λοιμοῖς
1208 1277 1508 1345 συνδιάγων
1537 1276 1633 1330 καὶ
1662 1275 1901 1343 φθόροις.

676 1364 890 1417 Κοινῶν
919 1366 976 1419 δὲ
1004 1366 1271 1437 διοίκησιν
1304 1362 1374 1438 ἦν
1404 1365 1722 1436 ἐγχειρίσας

692 1455 894 1525 Ἰωσήφ
919 1473 1027 1509 τινι
1055 1457 1155 1526 τὴν
1178 1457 1470 1527 ἐπίκλησιν
1503 1458 1717 1528 Βρεγγᾳ

500 1549 642 1605 2755
680 1549 1035 1618 Πραιποσίτῳ
1060 1566 1120 1601 τε
1150 1550 1245 1604 καὶ
1283 1550 1803 1620 παρακοιμωμένῳ·

688 1639 878 1708 Ὅμως
903 1643 1233 1711 στρατηγοῖς
1262 1642 1535 1712 ἀνδρικοτς
1567 1658 1738 1710 κεχρη
1751 1640 1912 1709 μένος

680 1732 860 1801 Στόλῳ
893 1749 951 1785 τε
983 1732 1143 1803 βαρεῖ
1166 1733 1287 1788 κατ’
1324 1734 1537 1805 ἐχθρῶν
1574 1733 1909 1798 ἀντιπάλων,

682 1824 859 1888 Νίκας
883 1825 1167 1896 κατώρθου
1200 1826 1326 1889 τοὺς
1357 1827 1635 1891 ἐναντίους
1653 1826 1872 1896 τρέπων
1893 1843 1908 1858 ⁸

686 1916 881 1971 Φωκᾶν
906 1917 1221 1987 Νικηφόρον
1251 1920 1360 1989 γὰρ
1393 1918 1565 1989 ἄνδρα
1584 1918 1846 1987 γεννάδαν

511 2005 651 2061 2760
691 2008 797 2060 Σὺν
832 2010 1083 2080 συγγόνῳ
1117 2010 1306 2063 Λέοντι
1337 2010 1680 2080 στρατηγοὺς
1712 2010 1873 2081 ἔχων,

690 2099 845 2169 Αίρεῖ
875 2101 945 2154 δι’
978 2102 1161 2154 αὐτῶν
1188 2102 1525 2155 ὑπεναντίων
1566 2104 1773 2165 πόλεις,

687 2189 796 2243 Καὶ
826 2190 1025 2260 θράσος
1063 2192 1277 2261 ἐχθρῶν
1309 2192 1592 2245 ὑποκλίνει
1623 2192 1701 2261 τῷ
1727 2193 1946 2265 κράτει.

792 2284 1191 2339 ΝικηφοΡοΣ
1228 2288 1456 2341 unus
1492 2288 1598 2341 ET.
1640 2292 1725 2356 cr.

691 2377 890 2431 Τούτου
922 2380 1399 2450 καταστρέψαντος
1432 2382 1674 2452 αἰσχρῶς
1702 2382 1793 2435 τὸν
1824 2381 1960 2451 βίον,

691 2470 799 2521 Καὶ
822 2472 1023 2539 κράτος
1050 2473 1187 2535 υίοῖς
1218 2475 1432 2543 γαμετῇ
1468 2473 1803 2535 λελοιπότος.

518 2558 659 2616 2765
695 2562 887 2625 Φωκᾶς
916 2562 1235 2634 Νικηφόρος
1266 2581 1352 2627 τις
1386 2564 1629 2627 ἀποστὰς
1662 2566 1898 2635 κράτους

698 2653 1067 2723 Ἀνηγορεύθη
1094 2654 1351 2723 βασιλεὺς
1383 2656 1744 2726 αὐτοκράτωρ

698 2746 855 2814 ῐῐαρὰ
885 2746 1209 2815 στρατηγῶν
1239 2748 1337 2817 τῆς
1368 2749 1482 2801 “Em
1514 2749 1607 2800 καὶ
1632 2748 1950 2817 ταγμάτων.

697 2832 868 2903 Οὗτος
896 2839 1235 2907 στρατεύσας
1280 2839 1424 2893 κατὰ
1452 2839 1639 2907 Σύρων
1675 2839 1919 2894 Κιλίκων

694 2925 901 2991 Πολλὰς
928 2929 1112 2991 πόλεις
1147 2929 1298 2997 σφῶν
1328 2923 1438 2982 εἷλε
1475 2931 1576 3000 τῆς
1610 2932 1790 3002 μάχης
1815 2931 1990 3003 νόμῳ,

523 3015 668 3075 2770
707 3019 966 3081 Ἀδαναν,
1008 3021 1235 3079 Ῥωσὸν.
1261 3024 1447 3091 τεῖχος
1480 3021 1889 3093 Ἀναζαρϐέων,

700 3111 841 3181 Πρὸς
879 3113 1065 3165 ταῖσδε
1090 3113 1303 3182 Ταρσὸν
1323 3115 1418 3167 καὶ
1444 3115 1631 3184 Μόψου
1664 3115 1763 3185 τὴν
1786 3116 1993 3181 ἑστίαν,

703 3192 796 3252 Ὧν
826 3203 920 3254 καὶ
944 3202 1121 3266 πύλας
1144 3205 1322 3273 ἤγαγε
1353 3206 1490 3276 πρὸς
1516 3206 1819 3271 Βυζαντίδα

713 3290 976 3361 Ἐχούσας
1001 3289 1062 3347 εὖ
1092 3294 1292 3364 τέχνης
1318 3313 1378 3348 τε
1407 3297 1505 3350 καὶ
1534 3297 1810 3360 ποικιλίας
1830 3313 1843 3329 ⁸

702 3386 809 3437 Καὶ
833 3386 975 3439 θεῖον
1002 3386 1240 3457 τύπωμα
1272 3390 1509 3459 Χριστοῦ
1540 3390 1640 3441 cui:
1675 3388 1951 3443 Δεσπότου

528 3472 665 3528 2775
704 3477 893 3547 Εύρὼν
920 3479 1153 3551 κεράμῳ
1188 3481 1589 3551 προστυπωθὲν
1616 3482 1862 3553 ἀτέχνως

705 3568 793 3636 Ἐξ
832 3571 1192 3642 Ἰεραπόλεως
1224 3573 1420 3636 ἄστεος
1452 3573 1664 3642 Σύρων,

708 3662 812 3715 Καὶ
844 3662 1138 3736 βόστρυχόν
1170 3663 1221 3733 γ’
1246 3665 1441 3733 αἵματι
1467 3668 1929 3737 συμπεφυρμένον

720 3756 812 3809 Ἐκ
842 3758 1219 3829 προδρομικῆς
1243 3760 1416 3829 κάρας
1448 3760 1869 3831 ἀνειλημμένον.

721 3848 1070 3920 Ἀνακομίζει
1096 3851 1233 3919 πρὸς
1266 3851 1420 3904 πόλιν
1447 3850 1717 3920 βασιλίδα.

534 3938 673 4007 2780
712 3943 819 3995 Καὶ
846 3944 1082 4014 φρούρια
1117 3946 1343 4000 πλεῖστα
1379 3947 1436 4000 δὲ
1467 3948 1575 4000 τῶν
1612 3945 1870 4001 ἐναντίων

710 4034 917 4101 Κράτει
946 4035 1288 4100 καθυπέταξι
1323 4036 1423 4106 τῆς
1456 4036 1783 4107 Ῥωμαῖδος.

710 4126 819 4178 Καὶ
845 4126 1018 4179 ταῦτα
1049 4129 1148 4195 μὲν
1177 4127 1441 4181 κάλλιστα
1465 4129 1930 4198 κατορθωμάτων.

712 4215 858 4286 Πλὴν
907 4215 1063 4269 τοῦδε
1086 4216 1339 4288 λαμπρὸν
1381 4216 1698 4279 ἑπισκιάζον
1725 4213 1839 4286 εῐχέ
1880 4232 1963 4269 τιο

718 4309 955 4377 ’κίττητο
997 4310 1293 4379 χρημάτων
1330 4325 1388 4360 τε
1420 4311 1511 4361 καὶ
1552 4307 1964 4379 χρυσαργύρου,

538 4397 679 4455 2783
722 4400 1030 4453 Κάντεῦθεν
1054 4404 1136 4463 εἰς
1165 4400 1200 4453 ἆ
1229 4402 1303 4471 μὴ
1336 4401 1457 4454 δέον
1485 4399 1860 4468 παρακλίνας’

715 4494 952 4559 Δασμοίς
982 4509 1041 4544 τε
1071 4494 1281 4555 καινοῖς
1314 4491 1670 4562 κατατρύχων
1702 4492 1794 4544 καὶ
1822 4492 2012 4561 φόροις

725 4582 997 4651 Ὕπήκοον
1022 4586 1132 4641 πᾶν
1153 4587 1273 4637 ταῖν
1301 4587 1482 4654 χεροῖν
1515 4586 1623 4638 τὼν
1653 4584 2005 4655 πρακτόρων,

721 4676 897 4746 Ὤφθη
929 4677 1159 4747 μισητὺς
1187 4679 1320 4729 πᾶσι
1351 4679 1448 4730 καὶ
1477 4681 1589 4740 τοῖς
1616 4678 1674 4729 ὲν
1696 4675 1839 4729 τέλει
1863 4692 1891 4721 ’ν

720 4771 829 4825 Καὶ
863 4771 1067 4842 μᾶλλον
1095 4766 1174 4834 οἷς
1208 4772 1375 4839 ἔθιμα
1402 4774 1502 4841 τῆς
1536 4771 1866 4841 Ἐκκλησίας

540 4862 681 4917 2790
730 4864 1086 4935 Ἀνατρέπειν
1115 4866 1347 4921 ἔσπευδε
1387 4865 1483 4919 καὶ
1515 4867 1699 4929 κακῶς
1728 4866 1902 4931 λύειν,

720 4956 915 5025 Ψῆψον
939 4957 1075 5027 πρὸς
1104 4956 1265 5011 αὐτὸν
1296 4957 1505 5010 ὲλκύων
1532 4958 1881 5012 ἐπισκόπωνσ

726 5049 832 5100 Καὶ
865 5046 944 5117 τῷ
978 5048 1192 5117 ταμείῳ
1226 5048 1483 5115 ποιμένος
1508 5047 1836 5117 τεθνηκότος

729 5138 809 5190 Τὰ
843 5140 1097 5208 πτωχικὰ
1118 5138 1421 5207 πράγματα
1458 5139 1558 5203 τῆς
1586 5138 1917 5209 Ἐκκλησίας

721 5230 1107 5298 Συνεισφέρειν
1128 5230 1240 5280 δεῖν
1264 5228 1529 5291 θεσπίσας
1556 5231 1913 5300 παρανόμως.

547 5322 687 5379 2795
726 5325 838 5393 Οὐχ
861 5320 1025 5393 ἦττον
1048 5322 1278 5390 ἐξέμηνε
1309 5321 1519 5384 πάντας
1552 5321 1688 5389 πρὸς
1721 5325 1875 5390 μῖσος

726 5414 799 5466 Τὸ
826 5413 945 5466 κατ’
971 5412 1181 5466 ἐκείνου
1207 5414 1385 5480 τεῖχος
1417 5412 1824 5480 ὑπερηρμένον,

730 5512 796 5559 ⁸0
822 5508 1086 5561 κυκλόθεν
1114 5508 1338 5576 τέτευχε
1364 5510 1479 5569 τοῖς
1510 5508 1853 5576 ἀνακτόροις,

736 5601 1015 5669 Ὕψιτενές
1042 5601 1088 5652 τ’
1116 5599 1174 5652 ὄν
1204 5600 1295 5651 καί
1332 5599 1663 5669 περίδρομον
1693 5600 1832 5651 λίαν.

729 5694 838 5744 Καὶ
860 5694 1035 5760 δόγμα
1065 5693 1112 5744 δ’
1142 5692 1462 5761 εἰσήνεγκεν
1499 5686 1739 5752 οὗτος-ὲν
1795 5692 1946 5763 μέσῳ

547 5782 691 5840 2800
731 5786 995 5849 Θεσπίζον
1033 5784 1106 5847 ὡς
1132 5784 1239 5835 δεῖν
1267 5783 1604 5853 στρατιώτας
1628 5782 1807 5847 ἑξίσου

735 5881 983 5948 Mign-.03:
1012 5878 1180 5948 τιμᾷν
1207 5877 1299 5930 καὶ
1322 5874 1601 5944 γεραίρειν
1630 5877 1739 5937 τοῖς
1774 5875 1964 5944 ὕμνοις

2063 546 2105 603 Α
2138 546 2221 599 cui
2252 543 2580 600 matrimonii
2604 542 2726 612 jure
2756 542 3038 613 conjuncta
3072 548 3195 596 crat

2142 638 2473 708 Tlteophano
2500 637 2710 709 plebeio
2740 645 2998 707 prognata
3035 647 3253 707 genere.

2142 731 2265 785 Haec
2295 731 2412 785 viro
2446 729 2655 800 peperit
2687 730 2958 783 masculos
2993 728 3132 783 ﬁlios
3160 728 3316 789 duos,

2142 823 2389 877 videlicet
2407 822 2664 877 Basilium
2696 832 2749 900 et
2771 823 3215 883 Constantinum,

2141 931 2276 986 quos
2302 914 2452 985 regio
2472 930 2683 984 quoque
2704 896 2987 969 stemmate
3015 913 3220 967 ornavit
3248 896 3500 981 genitor:

2143 1012 2227 1063 vir
2256 1010 2587 1078 voluptarius
2612 1016 2665 1062 et
2693 1006 2959 1075 corruptis
2995 1006 3253 1067 moribus,

2143 1101 2400 1171 potando,
2433 1097 2784 1154 comessando
2814 1099 2929 1168 plus
2964 1098 3125 1150 nimio
3160 1096 3387 1161 deditus,

2146 1190 2458 1258 deliciisque
2481 1197 2533 1243 et
2557 1187 2739 1243 veneri
2761 1196 2814 1242 et
2836 1187 3116 1249 conviviis,

2148 1281 2420 1336 sodalibus
2448 1288 2604 1332 utens
2638 1277 2885 1344 pessimis
2914 1287 2967 1330 et
3000 1276 3425 1345 corruptoribus.

2150 1371 2247 1426 Hei
2280 1385 2406 1425 vero
2439 1371 2664 1440 publica;
2691 1384 2875 1424 curam
2904 1370 3192 1438 gerendam
3225 1368 3445 1421 tradidit

2147 1464 2379 1534 Josepho
2406 1464 2640 1527 cuidam,
2670 1463 2753 1518 cui
2790 1463 3001 1532 Bringm
3043 1476 3306 1532 agnomen
3340 1469 3477 1526 erat,

2152 1558 2422 1625 praepositi
2456 1556 2660 1627 gerenti
2698 1571 2892 1611 munus
2923 1563 2975 1609 et
2999 1553 3336 1610 cubicularii.

2152 1647 2201 1700 ls
2231 1656 2407 1703 tamen
2444 1658 2695 1704 strenuos
2719 1649 2923 1705 habens
2955 1649 3005 1703 iu
3034 1648 3198 1701 armis
3239 1647 3400 1700 duces

2154 1741 2474 1795 validocum
2502 1744 2744 1797 exercitu
2780 1741 3035 1796 victorias
3074 1740 3257 1793 retulit

2158 1832 2409 1896 feliciter,
2435 1849 2669 1903 suosque
2699 1834 2882 1888 hostes
2909 1835 2961 1885 in
2999 1832 3175 1901 fugam
3214 1826 3493 1896 compulit.

2083 1891 2129 1949 Β
2160 1922 2393 1976 Phocam
2418 1891 2615 1992 quippe
2641 1921 3003 1991 Nicephorum
3040 1891 3231 1975 fortem
3267 1920 3463 1972 virum.

2161 2013 2503 2083 Leonemque
2538 2012 2755 2067 fratrem
2789 2013 2905 2081 ejus
2940 2013 3102 2066 duces
3136 2009 3355 2071 habuit;

2161 2118 2390 2173 quorum
2420 2105 2617 2159 virtute
2645 2106 2784 2173 cepit
2821 2104 3054 2158 hostium
3090 2102 3249 2154 nrbes

2162 2197 2470 2268 {astumque
2497 2197 2708 2252 illorum
2748 2197 2954 2264 imperii
2977 2196 3104 2265 jugo
3135 2192 3394 2248 subdidit.

2446 2287 2883 2345 NICEPIIORUS
2912 2285 3182 2341 PHOCAS
3213 2282 3326 2341 AN.
3351 2280 3443 2336 Vl.
3470 2343 3475 2347 ,

2164 2383 2457 2453 Postquam
2492 2384 2767 2438 Romanus
2796 2382 3023 2450 turpiter
3054 2380 3216 2433 vitam
3254 2373 3471 2429 clausit.

2167 2478 2363 2532 relicto
2400 2477 2626 2544 imperio
2660 2475 2876 2544 coniugi
2917 2485 3080 2543 atque
3114 2470 3323 2537 liberis,

2168 2570 2375 2625 Phocas
2406 2567 2963 2638 Nicephorus.fallens
2989 2563 3216 2633 imperio
3240 2561 3400 2620 (idem

2166 2664 2371 2719 electus
2402 2672 2486 2718 est
2516 2662 2580 2715 ad
2611 2662 2871 2717 honorem
2914 2660 3119 2730 regium

2170 2760 2237 2812 ab
2272 2758 2509 2815 Orientis
2542 2756 2768 2813 ducibus
2804 2765 2857 2810 et
2891 2754 3241 2809 exercitibus.

2170 2847 2268 2901 llic
2300 2846 2492 2903 bellum
2521 2859 2714 2916 gerens
2735 2855 2923 2899 contra
2956 2843 3124 2913 Syros
3153 2840 3351 2896 Cilicas

2170 2940 2365 2995 multas
2391 2939 2600 2993 illorum
2629 2938 2790 2993 urbes
2821 2936 2869 2989 vi
2908 2936 3099 2990 martia
3132 2933 3297 3002 cepit,

2170 3032 2433 3091 Adauam,
2461 3030 2686 3094 Bosum,
2715 3028 3173 3083 Anazarbensium
3201 3037 3442 3088 murum,

2170 3132 2431 3194 praeterea
2457 3121 2687 3175 Tarsum
2718 3127 2880 3188 atque
2912 3116 3322 3188 Mopsuestiam,

2092 3247 2135 3306 ο
2172 3230 2399 3284 quarum
2431 3214 2594 3269 etiam
2633 3221 2817 3282 portas
2842 3209 3157 3281 Byzantium
3191 3204 3475 3263 transtulit

2170 3308 2365 3379 insigni
2389 3316 2505 3363 arte
2526 3314 2581 3361 et
2615 3305 2767 3361 vario
2800 3305 3067 3374 perfectas
3101 3316 3286 3374 opere.

2170 3402 2417 3456 Divinam
2450 3413 2667 3469 quoque
2701 3397 2903 3454 Christi
2943 3395 3151 3452 Domini
3177 3391 3407 3462 etligiem

2170 3494 2314 3548 haud
2336 3508 2500 3546 manu
2524 3492 2722 3547 factam
2754 3501 2807 3545 et
2842 3491 2893 3544 in
2933 3488 3036 3542 olla
3074 3490 3358 3542 inventam

2173 3582 2432 3654 Syrorum
2466 3596 2531 3636 ex
2570 3581 2704 3636 urbe
2731 3578 3027 3647 llierapoli,

2172 3674 2463 3743 capillique
2485 3681 2694 3743 partem
2725 3680 3045 3741 concretam,
3071 3668 3351 3739 sanguine,

2174 3783 2205 3822 e
2231 3766 2591 3823 Praecursoris
2623 3765 2801 3835 capite
2839 3762 3216 3832 desumptam,

2176 3858 2241 3912 ad
2267 3858 2451 3913 urbem
2479 3856 2684 3926 regiam
2717 3853 3019 3908 transtulit.

2176 3950 2350 4005 Locos
2378 3962 2597 4019 quoque
2625 3947 2860 4000 munitos
2889 3943 3125 3999 hostium
3159 3938 3423 4012 plurimos

2177 4042 2543 4097 Romanorum
2578 4037 2785 4107 redegit
2808 4036 2861 4089 in
2892 4034 3174 4088 ditionem.

2078 4155 2095 4169 ο
2179 4136 2243 4188 Ει
2267 4136 2381 4189 haec
2397 4131 2609 4201 quidem
2642 4128 2917 4198 splendide
2944 4125 3094 4181 abeo
3123 4134 3253 4179 sunt
3280 4123 3441 4179 facta.

2178 4223 2375 4279 Verum
2398 4219 2556 4287 hujus
2579 4217 2718 4275 lucis
2746 4218 2905 4272 nullze
2932 4231 3040 4271 non
3074 4224 3232 4270 erant
3261 4215 3496 4270 tenebm
3517 4231 3555 4289 ;_

2178 4310 2425 4381 pecunia:
2452 4309 2730 4365 laborabat
2759 4307 3078 4376 cupiditate,

2179 4410 2572 4474 proptereaque
2595 4402 2661 4455 ab
2691 4414 2848 4469 aequo
2875 4398 3154 4454 declinans
3183 4397 3311 4468 jure

2182 4509 2440 4550 novorum
2476 4494 2799 4548 tributorum
2832 4490 3076 4546 molestia
3112 4490 3386 4557 imposita.

2104 4598 2159 4671 ι)
2182 4596 2513 4658 quaestorum
2537 4584 3052 4647 manibttsssubditos
3084 4583 3336 4636 vexabat.

2182 4678 2318 4732 Hinc
2347 4677 2490 4746 plebi
2521 4686 2575 4731 et
2594 4674 2946 4747 optimatibus
2970 4690 3169 4729 exosus
3191 4681 3306 4729 erat
3336 4692 3352 4739 ;

2181 4770 2484 4840 praesertim
2512 4768 2602 4837 qui
2624 4781 2859 4822 canones
2897 4766 3154 4822 Ecclesiae

2183 4876 2279 4931 per
2308 4861 2488 4916 scelus
2519 4859 2721 4914 violare
2748 4858 2966 4913 molitus
2989 4867 3075 4914 est
3093 4898 3109 4924 ,

2183 4953 2557 5023 episcoporum
2596 4951 2800 5020 aliquot
2826 4948 3097 5018 sullragiis
3127 4948 3325 5016 captis.

2182 5048 2385 5116 Nempe
2415 5048 2481 5099 ad
2516 5045 2717 5113 regium
2750 5045 3003 5098 aerarium
3032 5042 3286 5098 defuncto
3312 5040 3619 5110 episcopo,

2179 5156 2313 5212 opes
2348 5137 2601 5194 Ecclesia:
2625 5136 2954 5207 pauperibus
2976 5136 3193 5191 debitas

2186 5234 2369 5303 iniqua
2402 5231 2516 5300 lege
2543 5229 2867 5284 deferendas
2890 5228 3090 5282 sanxit.

2186 5324 2297 5379 Nec
2323 5323 2502 5377 minus
2526 5322 2634 5377 odii
2660 5320 2856 5391 publici
2883 5317 3121 5372 incendit
3150 5318 3421 5373 ﬂammam

2186 5418 2420 5474 excitata
2448 5416 2607 5484 jussu
2633 5413 2749 5479 ejus
2779 5412 2917 5466 muri
2959 5410 3131 5465 moles

2188 5511 2414 5579 insignis
2439 5505 2774 5562 celsitudinis
2797 5513 2849 5557 et
2890 5505 3068 5573 magni
3103 5505 3361 5569 ambitus,

2189 5616 2307 5672 qua:
2335 5598 2590 5669 palatium
2621 5597 2857 5667 undique
2885 5598 3350 5655 circnmvallabat.

2190 5694 2239 5747 ls
2274 5692 2435 5745 etiam
2464 5704 2664 5743 novum
2692 5688 2913 5755 protulit
2945 5690 3221 5744 decretum

2195 5799 2301 5852 quo
2335 5788 2628 5850 martyrum
2661 5779 3107 5847 Itonorcjubehat
3130 5783 3345 5841 milites,

2197 5873 2320 5940 coli,
2351 5873 2625 5941 sacrisque
2656 5872 2872 5941 hymnis
2892 5872 3176 5937 celebrari,

3606 425 3713 495 1ιᾶ
