4070 6520
286 382 375 445 13⁸1

306 496 436 551 54ὶο
478 494 672 560 Ἄλλος
696 495 1011 567 Νικηφόρος
1036 513 1117 558 τις
1146 494 1534 566 Βοτανειάτης,

478 588 576 649 Ὃς
603 586 701 639 καὶ
740 587 981 658 κατῆρξε
1006 586 1101 640 τοῦ
1133 589 1369 656 κράτους
1396 590 1507 640 τῶν
1540 587 1796 642 Αὐσόνων
1821 600 1836 616 '

474 675 581 729 Σὺν
607 671 692 738 οἷς
730 677 892 744 λιμός
924 693 984 728 τε
1013 678 1104 730 καὶ
1134 677 1346 747 βροτῶν
1371 677 1555 746 φθίσις

470 768 681 837 Βαρεία
711 770 1017 838 κατέτρυχε
1046 771 1174 831 τοὺς
1203 768 1500 839 ὑπηκόους,

474 860 583 913 Καί
612 877 698 923 τις
731 861 916 930 φόρων
951 860 1240 930 είσπραξις
1274 858 1608 928 ἀδικωτάτη.

303 953 437 1006 5425
472 952 786 1019 Ταΰταξμὲν
815 951 959 1004 οὕτω
994 952 1364 1021 συμϐέϐηκεν,
1391 952 1467 1014 ὡς
1492 951 1654 1019 ἔφην.

420 1041 818 1094 ΝΙΚΗΦΟΡΟΣ
855 1043 896 1093 0
924 1041 1405 1094 ΒΟΤΑΝΕΙΑΤΗΣ
1443 1041 1553 1096 ΕΤ.
1594 1041 1670 1094 Γ.

474 1131 776 1202 Φημίζεται
802 1133 859 1184 δὲ
885 1131 1247 1202 Βοτανειάτης
1277 1133 1523 1204 κράτωρ,

478 1226 587 1277 Καὶ
617 1224 878 1278 διαδεῖται
912 1225 1165 1296 βασιλικῇ
1193 1226 1370 1295 ταινίᾳ
1391 1242 1405 1257 ·

480 1317 589 1369 Καὶ
612 1316 923 1385 τηνικαῦτα
956 1317 1273 1387 φιλοτιμίαν
1305 1317 1463 1388 ξένην

480 1407 522 1457 Τ
526 1406 590 1477 ὴν
610 1407 721 1460 τῶν
748 1408 928 1478 χρεῶν
954 1408 1156 1463 ἅπασιν
1183 1409 1423 1480 ἐκτομὴν
1449 1408 1601 1479 νέμει

310 1498 442 1554 5450
483 1500 846 1568 Χρεωκοπίαν
876 1500 1136 1570 δημόσιον
1165 1500 1462 1564 θεσπίσαςο

475 1590 643 1660 Ἀνὴρ
672 1590 880 1660 ἱλαρὸς,
908 1591 1135 1657 άπαλὸς,
1163 1593 1401 1663 χρηστὸς
1438 1593 1698 1662 τρόπους,

478 1683 684 1747 Ἀλλως
712 1684 769 1736 δὲ
802 1685 1000 1756 νωθὴς,
1027 1685 1247 1755 χαῦνος,
1276 1686 1656 1757 ἐκλελυμένος,

474 1776 616 1845 Πρὸς
649 1780 994 1847 πραγμάτων
1025 1779 1285 1845 πρόνοιαν
1310 1781 1411 1833 οὐκ
1438 1781 1498 1834 εὖ
1533 1799 1648 1844 πως
1678 1782 1838 1852 ἔχων·

477 1866 547 1919 Τὸ
570 1867 612 1919 δ’
641 1863 709 1920 αὖ
742 1867 882 1920 ὲτῶν
905 1868 1073 1937 μήκει
1103 1886 1161 1921 τε
1190 1868 1285 1921 καὶ
1314 1870 1499 1940 γήρως
1522 1870 1697 1927 νόσοις
1715 1886 1731 1902 ⁸

308 1954 445 2014 5455
479 1958 640 2011 Ὅθεν
673 1959 955 2027 παραδοὺς
984 1958 1141 2029 ἡνίας
1172 1959 1355 2022 ἄλλοις
1384 1960 1640 2031 κράτους,

474 2050 647 2114 Αὐτὸς
675 2052 913 2121 τρυφαῖς
946 2049 1133 2119 ἔχαιρε
1169 2052 1263 2104 καὶ
1297 2052 1619 2116 συσσιτίοις,

472 2140 735 2208 Λουτροίς
764 2138 1103 2209 πανημέροις
1130 2156 1191 2192 τε
1221 2140 1315 2193 καὶ
1344 2140 1708 2204 πανδαισίαις.

485 2231 544 2283 '0
575 2230 799 2300 Μιχαὴλ
828 2230 884 2283 δὲ
914 2230 1123 2298 γίνεται
1156 2232 1529 2303 μελαμφόρος,

469 2319 580 2373 Εἶτ’
615 2320 916 2391 ἁρχιθύτης
945 2325 1041 2375 καὶ
1068 2323 1330 2392 πρόεδρός
1359 2325 1411 2392 γ’
1442 2323 1694 2393 Ἐφέσουο

314 2414 442 2468 5430
478 2412 681 2466 Τούτου
716 2412 958 2483 συνεύνῳ
996 2414 1134 2484 πρὸς
1162 2415 1342 2485 γάμου
1378 2416 1665 2470 κοινωνίαν

476 2506 835 2575 Βοτανειάτης
865 2506 926 2558 οὺ
956 2506 1139 2569 καλῶς
1165 2506 1454 2577 συνεζύγη.

490 2596 856 2660 Ἀποστασίας
886 2597 931 2650 δ’
969 2596 1136 2651 εἰσέτι
1175 2596 1488 2665 Βρυεννίου,

490 2685 815 2756 Τυραννὶδος
844 2687 892 2738 τ’
924 2684 992 2739 αὖ
1028 2687 1089 2739 οὐ
1136 2686 1316 2749 καλῶς
1353 2685 1661 2756 ἐξημμένον
1683 2727 1698 2753 ,

483 2780 589 2833 Καὶ
623 2779 700 2849 μὴ
739 2779 914 2833 θεῖναι
939 2780 1170 2849 δωρεαῖς
1203 2780 1593 2849 πεπεισμένου,

316 2868 444 2923 5445
480 2870 694 2923 Στέλλει
723 2870 844 2924 κατ’
873 2869 1041 2924 αὑτοῦ
1071 2870 1326 2941 βασιλεὺς
1362 2872 1457 2935 τάς
1483 2870 1764 2943 δυνάμεις,

480 2961 700 3032 Ἀλεξίῳ
728 2962 852 3026 δοὺς
879 2962 1149 3034 Κομνηνῷ
1173 2963 1377 3026 ταύτας
1410 2962 1564 3033 ἄγειν
1583 2980 1597 2994 ·

481 3055 572 3116 '0;
605 3053 949 3123 συμπλακεὶς
975 3055 1176 3125 ἥττησε
1206 3054 1469 3125 τύραννον
1506 3054 1677 3127 μάχῃ,

482 3147 594 3197 Καὶ
627 3145 804 3213 φωτὸς
840 3145 1137 3216 ἐστέρησεν
1167 3145 1330 3198 αὐτὸν
1356 3147 1645 3216 ὀμμάτων.

480 3239 623 3307 Πρὸς
653 3239 699 3291 δ’
744 3234 813 3292 αὖ
850 3240 1272 3309 τυραννήσαντα
1302 3242 1395 3292 καὶ
1426 3240 1737 3313 Βασιλάκην

316 3326 442 3381 5450
480 3328 760 3397 Πεμφθεὶς
775 3329 1080 3397 Κομνηνὺς,
1096 3346 1158 3381 συ
1167 3330 1435 3398 μπλακείς
1450 3333 1498 3383 οί
1514 3331 1645 3401 πρὸς
1664 3333 1843 3402 μάχην

494 3420 663 3489 ῚΙττᾷ
699 3421 974 3489 κραταιῶς
995 3420 1091 3472 κα).
1133 3425 1410 3491 στερίσκει
1443 3422 1536 3475 τοῦ
1573 3425 1767 3492 φάους⁶

480 3516 587 3567 Καὶ
618 3514 925 3583 Βαράγγων
954 3512 1208 3585 σύστημα
1237 3514 1329 3568 τοῦ
1357 3518 1702 3588 στεφηφόρου

477 3606 898 3670 Κατεξαναστὰν
926 3607 1265 3678 ηὐτρέπιστο
1294 3607 1429 3677 πρὸς
1459 3611 1660 3681 μάχηνο

476 3696 936 3767 ’Λντιπαρατάξει
963 3697 1018 3749 δὲ
1051 3698 1233 3768 χειρὸς
1280 3696 1558 3768 δυσμάχου

316 3786 443 3840 5455
484 3788 875 3858 Ιὶαθυπεκλίθη
902 3791 995 3841 καὶ
1026 3791 1399 3859 συνέγνωσται
1422 3792 1606 3846 πάλιν.

475 3880 747 3933 ’Ὺστατον
786 3882 1035 3951 ἀνταίρει
1077 3882 1133 3935 δὲ
1178 3882 1512 3953 Βοτανειάτῃ

480 3971 759 4041 Κομνηνὸς
807 3971 1046 4036 Ἀλέξιος
1072 3974 1488 4041 τυραννοκτόνος
1515 3990 1530 4006 ·

481 4065 577 4125 Ὃς
614 4063 943 4117 καταλαϐὼν
985 4063 1270 4134 Ἀδριανοῦ
1297 4068 1394 4136 τὴν
1430 4067 1609 4133 πόλιν,

478 4155 717 4225 Στρατόν
749 4156 795 4207 τ’
821 4156 1070 4228 ἀγείρας,
1108 4156 1489 4211 ἀναδείκνυται
1517 4161 1763 4228 κράτωρ,

323 4244 453 4299 5460
494 4249 602 4298 Καὶ
635 4246 935 4316 βασιλικοῖς
969 4248 1247 4302 ἀναδεῖται
1283 4250 1595 4315 συμϐόλοις,

480 4336 617 4388 Μεθ’
663 4331 737 4389 ὧν
766 4338 988 4407 ἀπάρας
1022 4338 1121 4407 τὴν
1156 4339 1565 4392 Κωνσταντίνου
1591 4338 1805 4406 φθάνει,

480 4427 590 4480 Καὶ
620 4427 766 4497 τήνδ’
798 4427 937 4480 ἐλὼν
975 4429 1124 4500 μάχῃ
1145 4445 1201 4481 τε
1233 4429 1328 4481 καὶ
1364 4431 1669 4501 στρατηγία⁸

479 4520 720 4573 Εἱσεισιν
749 4520 897 4583 ἐντὸς
923 4521 1031 4573 τῶν
1061 4521 1350 4591 βασιλείων
1378 4523 1579 4591 δόμων.

482 4614 702 4664 Ἀπεισι
728 4611 772 4664 δ’
806 4611 986 4664 αὐτῶν
1028 4612 1389 4680 Βοτανειάτης
1412 4614 1595 4683 τάχος,

317 4701 444 4755 ’5465
483 4705 591 4755 Καὶ
621 4703 779 4773 τρίχα
820 4705 1012 4773 καρεὶς
1051 4703 1410 4772 ἀμφιέννυται
1462 4708 1628 4774 ρἀος

477 4794 568 4847 Ἕν
600 4795 1025 4865 Μητρανάνδρου
1060 4797 1122 4865 τῇ
1154 4796 1288 4863 μονῇ
1330 4796 1719 4863 περιϐλέπτου,

478 4888 647 4938 Ἔνθα
677 4885 852 4938 θανὼν
887 4886 1043 4967 ἑοτυχε
1077 4902 1247 4955 τιμης
1269 4886 1510 4955 ἐντίμου.

510 4976 799 5030 ΑΑΕΞΙΟΣ
834 4979 875 5029 Ο
917 4976 1301 5031 ΚΟΜΝΗΝΟΣ
1328 4978 1438 5032 ΕΤ.
1470 4980 1592 5033 AZ'.

478 5072 631 5122 03m)
658 5072 757 5139 μὲν
787 5068 1025 5133 Ἀλέξιος
1058 5068 1255 5140 εὕρατο
1284 5072 1499 5140 κράτος,

486 5163 580 5224 Ὃς
606 5162 702 5214 καὶ
725 5162 1042 5215 τεταινίωτο
1072 5161 1203 5231 παρ’
1232 5162 1545 5232 ἀρχιθύτου’

316 5251 439 5307 ’5470
478 5252 709 5322 Κράτωρ
736 5252 934 5321 ἀγαθὸς
963 5256 1057 5305 καὶ
1088 5253 1392 5325 στρατηγὸς
1413 5254 1697 5323 γεννάδας,

481 5348 709 5418 Φρικτὸς
734 5350 832 5417 μὲν
872 5348 1107 5417 ἐχθροῖς,
1138 5350 1372 5419 εὐμενὴς
1404 5348 1451 5400 δ’
1484 5348 1773 5417 ὑπηκόοις,

481 5438 646 5509 Ἀνὴρ
672 5437 1001 5508 περιδέξιος,
1043 5437 1169 5503 ὀξὺς
1204 5442 1261 5491 ὲν
1299 5441 1524 5509 μάχαις,

483 5528 633 5593 Εἶδος
659 5530 985 5600 προδεικνὺς
1013 5531 1164 5595 ἀξιον
1191 5530 1527 5600 τυραννίδος,

478 5624 588 5675 Καὶ
613 5624 788 5693 πρᾶον
810 5617 942 5693 ἦθος
971 5624 1066 5675 καὶ
1101 5622 1441 5690 φιλαγάθους
1469 5620 1730 5693 τρόπους.

324 5714 451 5770 5475
487 5717 681 5778 Γένους
706 5714 847 5785 ἔχων
878 5711 961 5781 εὖ,
999 5714 1252 5785 σώματος
1282 5714 1332 5766 τ’
1364 5713 1691 5785 εὐρυθμίας,

486 5809 706 5877 Ἔργων
738 5807 1070 5877 στρατηγίας
1099 5824 1159 5859 τε
1191 5807 1284 5861 καὶ
1315 5805 1492 5879 μάχης
1513 5805 1653 5876 ῐδρις
1679 5845 1696 5874 ,

508 5901 782 5961 Ρλτροι..
821 5904 935 5964 Gn.
970 5901 1210 5965 CXLlll

1511 5976 1554 5989 Ω..
1564 5984 1567 5987 λ

1702 383 2081 444 CIESARES.

1864 504 1909 559 Α
1940 494 2176 565 denique
2195 494 2529 566 Nicephorns
2557 491 2695 547 alius
2714 490 3014 555 Botaniata,

1944 589 2034 655 qui
2063 597 2117 644 et
2148 587 2430 658 imperium
2469 585 2768 640 Romanum
2804 583 3057 640 obtinuit.

1945 678 2119 734 Pestis
2152 688 2409 748 praeterea
2439 677 2827 744 hominumque
2855 674 2969 730 lues

1944 771 2123 839 gravis
2156 767 2344 823 aﬂlixit
2369 767 2596 838 populos
2625 766 2859 835 imperii,

1943 872 1997 914 et
2023 861 2373 929 iniustissima
2400 860 2739 929 vectigalium
2777 860 3006 914 exactio.

1945 952 2037 1008 Sic
2066 968 2196 1020 ergo
2236 967 2322 1006 res
2358 953 2605 1006 humanae
2635 961 2761 1005 tunc
2783 965 2841 1004 se
2864 950 3157 1006 habebant.

2156 1043 2594 1098 NICEPHORUS
2628 1040 3022 1097 BOTANIATA
3065 1044 3177 1101 AN.
3212 1046 3304 1101 ΠΙ.

1943 1134 2083 1206 Ergo
2110 1137 2413 1206 appellatur
2441 1151 2535 1189 rex
2566 1134 2842 1189 Botaniata

1942 1238 2105 1297 atque
2131 1228 2359 1282 solemni
2390 1236 2677 1282 stemmate
2710 1236 3048 1283 exornatur:

1941 1323 2035 1390 qui
2066 1320 2148 1376 sui
2181 1310 2417 1375 hominis
2447 1319 2754 1374 celebrandi
2786 1321 3013 1389 cupidus

1942 1420 2191 1467 cunctam
2218 1409 2413 1465 aerario
2442 1410 2680 1464 debitam
2709 1410 2989 1478 pecuniam

1943 1501 2176 1567 remisit,
2206 1517 2372 1557 novas
2404 1500 2611 1555 tabulas
2643 1501 2933 1555 instituens
2960 1517 2976 1554 :

1943 1593 2026 1667 vir
2056 1592 2228 1656 laetus,
2269 1591 2444 1646 facilis
2468 1590 2818 1660 moribusque
2846 1591 3169 1659 commodis,

1878 1692 1889 1701 "
1942 1694 2196 1740 caeterum
2226 1685 2426 1752 segnis,
2457 1683 2614 1750 levis,
2638 1682 2955 1749 dissolutus,

1943 1791 2119 1847 neque
2152 1777 2217 1830 ad
2246 1778 2377 1843 reip.
2411 1791 2596 1830 curam
2631 1775 2890 1842 idoneus;

1871 1843 1913 1897 Β
1947 1843 2070 1923 nam
2106 1877 2160 1922 et
2187 1876 2407 1921 senecta
2436 1876 2489 1920 et
2516 1864 2719 1920 morbis
2748 1865 3127 1935 premebatur:

1944 1958 2296 2030 quamobrem
2327 1958 2461 2012 alios
2494 1958 2628 2025 reip.
2654 1973 2993 2027 praeponens,

1949 2051 2061 2118 ipse
2089 2048 2293 2104 deliciis
2316 2048 2488 2118 epulis
2527 2063 2591 2102 ac
2621 2047 2826 2102 balneis

1946 2140 2397 2196 comissabundus
2428 2137 2668 2208 quotidie
2697 2139 3028 2209 indulgebat.

1946 2232 2175 2288 Michael
2208 2244 2385 2286 autem
2415 2232 2646 2288 clericus
2686 2234 2956 2302 tondetur,

1946 2328 2070 2381 exin
2098 2327 2154 2379 ftt
2174 2327 2375 2394 primas
2393 2326 2591 2395 Ephesi
2623 2327 2909 2395 episcopus
2933 2344 2948 2382 :

1948 2418 2101 2487 cujus
2134 2434 2353 2473 uxorem
2384 2419 2485 2472 sibi
2523 2419 2855 2474 consociavit

1947 2511 2090 2565 haud
2125 2510 2467 2566 laudabiliter
2504 2512 2805 2568 Boxaniata.

1948 2602 2066 2657 Jam
2088 2604 2386 2660 rebellante
2408 2613 2594 2673 postea
2630 2603 2905 2674 Bryennio

1951 2698 2398 2766 tyranuidemque
2429 2698 2633 2765 perfide
2656 2697 2966 2764 aﬂ‘ectante,

1951 2803 2127 2858 neque
2157 2803 2215 2842 se
2243 2789 2398 2843 donis
2428 2789 2700 2858 placidum
2736 2791 3035 2860 praebente,

1950 2881 2115 2936 mittit
2139 2879 2194 2936 in
2224 2881 2397 2951 ipsum
2424 2881 2610 2951 copias
2633 2881 2932 2951 imperator

1950 2974 2181 3044 bellique
2200 2973 2390 3029 ducem
2423 2974 2761 3029 Comnenum
2790 2974 3062 3044 Alexium,

1950 3065 2042 3134 qui
2077 3080 2251 3135 pugna
2286 3074 2576 3134 tyrannum
2609 3073 2819 3133 patrata
2846 3065 3000 3133 vicit,

1948 3168 2111 3226 atque
2130 3156 2407 3213 oculorum
2432 3158 2633 3212 lumine
2655 3157 2929 3225 spoliavit.

1946 3234 2079 3305 Item
2104 3253 2363 3305 adversus
2391 3250 2688 3305 Basilacem
2722 3250 2975 3306 rebellem

1947 3343 2148 3397 missus
2176 3342 2503 3409 Comnenus,
2538 3342 2803 3398 consertis
2829 3342 3076 3399 manibus

1947 3434 2161 3488 fortiter
2188 3433 2316 3486 vicit
2336 3432 2593 3502 illumque
2627 3434 2939 3489 excaecavit.

1946 3525 2086 3591 Quin
2121 3534 2175 3579 et
2200 3523 2433 3595 Vat-angi
2467 3525 2735 3593 conjurati
2765 3525 2815 3579 iu
2840 3524 3114 3582 Caesarem

1946 3616 2159 3686 publice
2177 3615 2243 3670 ad
2277 3632 2427 3671 arma
2463 3616 2719 3671 seditiosa
2747 3616 2959 3672 iverunt
2991 3634 3008 3672 :

1947 3710 2040 3762 sed
2065 3722 2225 3761 manu
2257 3708 2380 3761 forti
2412 3706 2659 3777 protinus
2692 3709 3000 3777 perdomiti,

1946 3798 2159 3852 veniam
2193 3797 2485 3852 moliminis
2526 3811 2652 3852 mox
2687 3799 3063 3866 impetrarunt.

1946 3890 2127 3957 ipsum
2162 3899 2434 3960 postremo
2468 3888 2804 3943 Botaniatam
2837 3889 3150 3961 aggreditur

1944 3985 2283 4055 tyrannicida
2312 3985 2621 4039 Comm-nus
2649 3983 2873 4037 Alcxins
2908 3999 2923 4035 :

1944 4087 2103 4146 atque
2133 4086 2392 4146 occupata
2431 4075 2684 4130 Hadriani
2713 4076 2847 4129 urbe

1943 4167 2291 4237 collectisque
2325 4170 2516 4237 copiis,
2550 4168 2608 4221 tit
2632 4167 2947 4236 imperator,
3036 4204 3041 4207 ς

1945 4265 2105 4331 atque
2138 4254 2409 4324 regalibus
2433 4256 2995 4322 ornaturinsignihus.

1943 4343 2036 4400 Sic
2066 4360 2195 4416 ergo
2219 4348 2481 4401 accedens
2512 4348 2579 4400 ad
2615 4347 2955 4403 Constantini
2980 4350 3193 4418 urbem,

1941 4435 2086 4505 cepit
2106 4437 2246 4492 hanc
2270 4439 2453 4507 praelia
2475 4448 2532 4492 et
2555 4440 2748 4508 peritia
2784 4440 2997 4502 bellica,

1863 4542 1914 4600 1)
1941 4540 1991 4583 et
2021 4531 2222 4598 regiam
2256 4530 2427 4599 ipsam
2468 4532 2752 4600 occupavit
2780 4532 3037 4598 domum;

1944 4639 2049 4689 qua
2081 4623 2400 4678 festinanter
2420 4624 2608 4678 exiens
2637 4623 2947 4691 Botaniata,

1948 4716 2196 4769 monachi
2231 4717 2489 4782 tunicam,
2529 4729 2685 4771 tonsa
2709 4731 2885 4782 coma,
2916 4717 3091 4774 induit

1946 4808 1997 4860 in
2032 4808 2362 4861 monasterio
2390 4807 2707 4863 venerandae
2747 4806 3007 4879 Virginis,

1944 4895 2126 4965 ibique
2154 4896 2387 4948 moriens
2410 4896 2667 4963 sepelitur
2702 4896 3007 4967 magnifice.

2108 4980 2412 5036 ALEXIUS
2449 4981 2829 5039 COMNENUS
2881 4983 3000 5040 AN.
3058 4983 3323 5043 XXXVII.

1945 5075 2036 5128 Sic
2073 5088 2201 5143 ergo
2222 5074 2445 5129 Alexius
2474 5084 2663 5130 nactus
2697 5084 2781 5131 est
2811 5073 3125 5146 imperium,

1942 5166 2072 5235 quin
2098 5176 2150 5220 et
2185 5182 2214 5220 a
2245 5182 2456 5221 summo
2484 5166 2707 5236 praesule
2737 5178 3024 5225 coronatus
3059 5184 3076 5225 :

1822 5304 1833 5319 ,
1943 5258 2116 5311 bonus
2152 5258 2446 5326 imperator
2474 5269 2529 5312 et
2559 5260 2667 5313 dux
2693 5268 2973 5326 strenuus,

1945 5348 2085 5402 hosti
2113 5350 2442 5414 tremendus,
2475 5350 2684 5405 civibus
2712 5350 3020 5419 benivolus,

1944 5442 2194 5511 egregius
2224 5443 2330 5510 vir,
2362 5444 2591 5512 impiger
2621 5445 2673 5500 in
2707 5446 2933 5515 praeliis,

1946 5534 2152 5587 vultum
2185 5549 2293 5603 pra:
2326 5549 2383 5589 se
2400 5534 2584 5590 ferens
2615 5536 2842 5606 imperio
2867 5538 3111 5608 dignum,

1942 5625 2128 5680 mitem
2161 5628 2604 5681 consuetudinem
2642 5629 3003 5699 honestosque
3028 5646 3231 5689 mores.

1944 5713 2126 5783 Stirpe
2156 5726 2274 5768 erat
2304 5714 2492 5779 nobili,
2520 5730 2746 5784 corpore
2770 5717 3007 5787 decenti,

1945 5806 2124 5893 operis
2146 5807 2326 5892 bellici
2357 5811 2592 5865 maxime
2618 5809 2823 5881 peritus
2855 5828 2870 5869 :

3159 5908 3197 5967 5

3413 375 3514 441 133
