  <div class='ocr_page' id='page_1' title='image "/cluster/home/n/w/nwhite01/storage/ocr_20150623/143/hvd.32044019208321/077.png"; bbox 0 0 4070 6528; ppageno 0'>
   <div class='ocr_carea' id='block_1_1' title="bbox 493 347 3741 446">
    <p class='ocr_par' dir='ltr' id='par_1_1' title="bbox 493 347 3741 446">
     <span class='ocr_line' id='line_1_1' title="bbox 493 347 3741 446; baseline -0.012 -11"><span class='ocrx_word' id='word_1_1' title='bbox 493 382 600 446; x_wconf 80' lang='lat'><strong>139</strong></span> <span class='ocrx_word' id='word_1_2' title='bbox 1598 359 2002 424; x_wconf 56' lang='lat' dir='ltr'><strong>EPIIRREMII</strong></span> <span class='ocrx_word' id='word_1_3' title='bbox 2043 353 2399 418; x_wconf 79' lang='lat' dir='ltr'><strong>CHBONOG</strong></span> <span class='ocrx_word' id='word_1_4' title='bbox 2416 349 2648 413; x_wconf 79' lang='lat' dir='ltr'><strong>RAPHI</strong></span> <span class='ocrx_word' id='word_1_5' title='bbox 3639 347 3741 413; x_wconf 69' lang='grc' dir='ltr'>ιιο</span> 
     </span>
    </p>
   </div>
   <div class='ocr_carea' id='block_1_2' title="bbox 492 475 1504 554">
    <p class='ocr_par' dir='ltr' id='par_1_2' title="bbox 492 475 1504 554">
     <span class='ocr_line' id='line_1_2' title="bbox 492 475 1504 554; baseline -0.023 -3"><span class='ocrx_word' id='word_1_6' title='bbox 492 507 594 550; x_wconf 85' lang='lat' dir='ltr'><strong>nec</strong></span> <span class='ocrx_word' id='word_1_7' title='bbox 632 501 762 546; x_wconf 90' lang='lat' dir='ltr'><strong>vero</strong></span> <span class='ocrx_word' id='word_1_8' title='bbox 788 483 904 542; x_wconf 99' lang='lat' dir='ltr'><strong>auri</strong></span> <span class='ocrx_word' id='word_1_9' title='bbox 933 480 1179 554; x_wconf 78' lang='lat' dir='ltr'><strong>cupidini</strong></span> <span class='ocrx_word' id='word_1_10' title='bbox 1209 475 1504 541; x_wconf 76' lang='lat' dir='ltr'><strong>obnoxius,</strong></span> 
     </span>
    </p>
   </div>
   <div class='ocr_carea' id='block_1_3' title="bbox 493 567 1505 644">
    <p class='ocr_par' dir='ltr' id='par_1_3' title="bbox 493 567 1505 644">
     <span class='ocr_line' id='line_1_3' title="bbox 493 567 1505 644; baseline -0.021 -2"><span class='ocrx_word' id='word_1_11' title='bbox 493 598 598 642; x_wconf 88' lang='lat' dir='ltr'><strong>nec</strong></span> <span class='ocrx_word' id='word_1_12' title='bbox 630 594 818 637; x_wconf 85' lang='lat' dir='ltr'><strong>rursus</strong></span> <span class='ocrx_word' id='word_1_13' title='bbox 842 578 936 632; x_wconf 73' lang='lat' dir='ltr'><strong>ira:</strong></span> <span class='ocrx_word' id='word_1_14' title='bbox 953 572 1231 644; x_wconf 80' lang='lat' dir='ltr'><strong>sanguinis</strong></span> <span class='ocrx_word' id='word_1_15' title='bbox 1263 567 1505 633; x_wconf 75' lang='lat' dir='ltr'><strong>sitienti;</strong></span> 
     </span>
    </p>
   </div>
   <div class='ocr_carea' id='block_1_4' title="bbox 493 663 1539 746">
    <p class='ocr_par' dir='ltr' id='par_1_4' title="bbox 493 663 1539 746">
     <span class='ocr_line' id='line_1_4' title="bbox 493 663 1539 746; baseline -0.018 -13"><span class='ocrx_word' id='word_1_16' title='bbox 493 690 670 746; x_wconf 85' lang='lat' dir='ltr'><strong>neque</strong></span> <span class='ocrx_word' id='word_1_17' title='bbox 696 670 942 743; x_wconf 79' lang='lat' dir='ltr'><strong>superbis</strong></span> <span class='ocrx_word' id='word_1_18' title='bbox 968 665 1253 720; x_wconf 85' lang='lat' dir='ltr'><strong>fastosisve</strong></span> <span class='ocrx_word' id='word_1_19' title='bbox 1277 663 1539 724; x_wconf 90' lang='lat' dir='ltr'><strong>moribus,</strong></span> 
     </span>
    </p>
   </div>
   <div class='ocr_carea' id='block_1_5' title="bbox 493 752 1547 837">
    <p class='ocr_par' dir='ltr' id='par_1_5' title="bbox 493 752 1547 837">
     <span class='ocr_line' id='line_1_5' title="bbox 493 752 1547 837; baseline -0.022 -11"><span class='ocrx_word' id='word_1_20' title='bbox 493 770 583 826; x_wconf 83' lang='lat' dir='ltr'><strong>vel</strong></span> <span class='ocrx_word' id='word_1_21' title='bbox 604 780 837 837; x_wconf 82' lang='lat' dir='ltr'><strong>unquam</strong></span> <span class='ocrx_word' id='word_1_22' title='bbox 863 759 1087 818; x_wconf 89' lang='lat' dir='ltr'><strong>subditis</strong></span> <span class='ocrx_word' id='word_1_23' title='bbox 1118 758 1266 812; x_wconf 87' lang='lat' dir='ltr'><strong>aditu</strong></span> <span class='ocrx_word' id='word_1_24' title='bbox 1295 752 1547 815; x_wconf 77' lang='lat' dir='ltr'><strong>difﬁcilis,</strong></span> 
     </span>
    </p>
   </div>
   <div class='ocr_carea' id='block_1_6' title="bbox 493 845 1447 931">
    <p class='ocr_par' dir='ltr' id='par_1_6' title="bbox 493 845 1447 931">
     <span class='ocr_line' id='line_1_6' title="bbox 493 845 1447 931; baseline -0.021 -14"><span class='ocrx_word' id='word_1_25' title='bbox 493 861 581 916; x_wconf 86' lang='lat' dir='ltr'><strong>vel</strong></span> <span class='ocrx_word' id='word_1_26' title='bbox 616 872 789 931; x_wconf 69' lang='lat' dir='ltr'><strong>pinna:</strong></span> <span class='ocrx_word' id='word_1_27' title='bbox 814 864 1038 910; x_wconf 74' lang='lat' dir='ltr'><strong>exactor</strong></span> <span class='ocrx_word' id='word_1_28' title='bbox 1071 845 1447 908; x_wconf 77' lang='lat' dir='ltr'><strong>inexorabilis;</strong></span> 
     </span>
    </p>
   </div>
   <div class='ocr_carea' id='block_1_7' title="bbox 494 931 1646 1015">
    <p class='ocr_par' dir='ltr' id='par_1_7' title="bbox 494 931 1646 1015">
     <span class='ocr_line' id='line_1_7' title="bbox 494 931 1646 1015; baseline -0.019 -9"><span class='ocrx_word' id='word_1_29' title='bbox 494 952 590 1007; x_wconf 86' lang='lat' dir='ltr'><strong>sed</strong></span> <span class='ocrx_word' id='word_1_30' title='bbox 614 951 666 1004; x_wconf 90' lang='lat' dir='ltr'><strong>in</strong></span> <span class='ocrx_word' id='word_1_31' title='bbox 700 945 1090 1015; x_wconf 74' lang='lat' dir='ltr'><strong>benignitatem</strong></span> <span class='ocrx_word' id='word_1_32' title='bbox 1115 949 1419 1009; x_wconf 88' lang='lat' dir='ltr'><strong>pr0pensus</strong></span> <span class='ocrx_word' id='word_1_33' title='bbox 1453 931 1646 998; x_wconf 75' lang='lat' dir='ltr'><strong>magis,</strong></span> 
     </span>
    </p>
   </div>
   <div class='ocr_carea' id='block_1_8' title="bbox 493 1024 1620 1105">
    <p class='ocr_par' dir='ltr' id='par_1_8' title="bbox 493 1024 1620 1105">
     <span class='ocr_line' id='line_1_8' title="bbox 493 1024 1620 1105; baseline -0.02 -7"><span class='ocrx_word' id='word_1_34' title='bbox 493 1041 698 1105; x_wconf 81' lang='lat' dir='ltr'><strong>suavis,</strong></span> <span class='ocrx_word' id='word_1_35' title='bbox 726 1039 1061 1096; x_wconf 83' lang='lat' dir='ltr'><strong>moderatus,</strong></span> <span class='ocrx_word' id='word_1_36' title='bbox 1090 1033 1381 1104; x_wconf 83' lang='lat' dir='ltr'><strong>gratiosus,</strong></span> <span class='ocrx_word' id='word_1_37' title='bbox 1422 1024 1620 1087; x_wconf 81' lang='lat' dir='ltr'><strong>facilis,</strong></span> 
     </span>
    </p>
   </div>
   <div class='ocr_carea' id='block_1_9' title="bbox 495 1110 1795 1204">
    <p class='ocr_par' dir='ltr' id='par_1_9' title="bbox 495 1110 1795 1204">
     <span class='ocr_line' id='line_1_9' title="bbox 495 1110 1795 1204; baseline -0.02 -15"><span class='ocrx_word' id='word_1_38' title='bbox 495 1143 746 1204; x_wconf 88' lang='lat' dir='ltr'><strong>prompto</strong></span> <span class='ocrx_word' id='word_1_39' title='bbox 775 1140 829 1184; x_wconf 89' lang='lat' dir='ltr'><strong>et</strong></span> <span class='ocrx_word' id='word_1_40' title='bbox 857 1137 1018 1183; x_wconf 85' lang='lat' dir='ltr'><strong>acuto</strong></span> <span class='ocrx_word' id='word_1_41' title='bbox 1037 1124 1253 1194; x_wconf 83' lang='lat' dir='ltr'><strong>ingenio</strong></span> <span class='ocrx_word' id='word_1_42' title='bbox 1286 1131 1593 1186; x_wconf 84' lang='lat' dir='ltr'><strong>arcanoque</strong></span> <span class='ocrx_word' id='word_1_43' title='bbox 1612 1110 1795 1175; x_wconf 87' lang='lat' dir='ltr'><strong>simul,</strong></span> 
     </span>
    </p>
   </div>
   <div class='ocr_carea' id='block_1_10' title="bbox 493 1209 1536 1294">
    <p class='ocr_par' dir='ltr' id='par_1_10' title="bbox 493 1209 1536 1294">
     <span class='ocr_line' id='line_1_10' title="bbox 493 1209 1536 1294; baseline -0.019 -15"><span class='ocrx_word' id='word_1_44' title='bbox 493 1226 735 1294; x_wconf 89' lang='lat' dir='ltr'><strong>optimus</strong></span> <span class='ocrx_word' id='word_1_45' title='bbox 766 1218 1081 1275; x_wconf 68' lang='lat' dir='ltr'><strong>orthodoxa</strong></span> <span class='ocrx_word' id='word_1_46' title='bbox 1112 1212 1365 1268; x_wconf 84' lang='lat' dir='ltr'><strong>defensor</strong></span> <span class='ocrx_word' id='word_1_47' title='bbox 1391 1209 1536 1273; x_wconf 80' lang='lat' dir='ltr'><strong>fidei,</strong></span> 
     </span>
    </p>
   </div>
   <div class='ocr_carea' id='block_1_11' title="bbox 494 1303 1660 1374">
    <p class='ocr_par' dir='ltr' id='par_1_11' title="bbox 494 1303 1660 1374">
     <span class='ocr_line' id='line_1_11' title="bbox 494 1303 1660 1374; baseline -0.014 -3"><span class='ocrx_word' id='word_1_48' title='bbox 494 1332 594 1371; x_wconf 86' lang='lat' dir='ltr'><strong>nec</strong></span> <span class='ocrx_word' id='word_1_49' title='bbox 618 1312 986 1369; x_wconf 86' lang='lat' dir='ltr'><strong>conviviorum</strong></span> <span class='ocrx_word' id='word_1_50' title='bbox 1017 1317 1207 1360; x_wconf 85' lang='lat' dir='ltr'><strong>amans</strong></span> <span class='ocrx_word' id='word_1_51' title='bbox 1237 1317 1412 1374; x_wconf 83' lang='lat' dir='ltr'><strong>neque</strong></span> <span class='ocrx_word' id='word_1_52' title='bbox 1442 1303 1603 1356; x_wconf 75' lang='lat' dir='ltr'><strong>luxus</strong></span> <span class='ocrx_word' id='word_1_53' title='bbox 1645 1320 1660 1355; x_wconf 88' lang='lat'><strong>:</strong></span> 
     </span>
    </p>
   </div>
   <div class='ocr_carea' id='block_1_12' title="bbox 499 1395 1635 1465">
    <p class='ocr_par' dir='ltr' id='par_1_12' title="bbox 499 1395 1635 1465">
     <span class='ocr_line' id='line_1_12' title="bbox 499 1395 1635 1465; baseline -0.013 -2"><span class='ocrx_word' id='word_1_54' title='bbox 499 1420 612 1463; x_wconf 90' lang='lat' dir='ltr'><strong>tum</strong></span> <span class='ocrx_word' id='word_1_55' title='bbox 641 1417 695 1462; x_wconf 91' lang='lat' dir='ltr'><strong>et</strong></span> <span class='ocrx_word' id='word_1_56' title='bbox 726 1403 945 1458; x_wconf 86' lang='lat' dir='ltr'><strong>virtutis</strong></span> <span class='ocrx_word' id='word_1_57' title='bbox 976 1398 1341 1465; x_wconf 72' lang='lat' dir='ltr'><strong>doctrinaeque</strong></span> <span class='ocrx_word' id='word_1_58' title='bbox 1363 1395 1635 1450; x_wconf 86' lang='lat' dir='ltr'><strong>studiosos</strong></span> 
     </span>
    </p>
   </div>
   <div class='ocr_carea' id='block_1_13' title="bbox 500 1485 1484 1550">
    <p class='ocr_par' dir='ltr' id='par_1_13' title="bbox 500 1485 1484 1550">
     <span class='ocr_line' id='line_1_13' title="bbox 500 1485 1484 1550; baseline -0.013 0"><span class='ocrx_word' id='word_1_59' title='bbox 500 1501 642 1550; x_wconf 85' lang='lat' dir='ltr'><strong>viros</strong></span> <span class='ocrx_word' id='word_1_60' title='bbox 664 1496 942 1550; x_wconf 90' lang='lat' dir='ltr'><strong>bonorans</strong></span> <span class='ocrx_word' id='word_1_61' title='bbox 976 1499 1033 1545; x_wconf 89' lang='lat' dir='ltr'><strong>et</strong></span> <span class='ocrx_word' id='word_1_62' title='bbox 1058 1487 1254 1544; x_wconf 83' lang='lat' dir='ltr'><strong>ofﬁciis</strong></span> <span class='ocrx_word' id='word_1_63' title='bbox 1274 1485 1484 1538; x_wconf 88' lang='lat' dir='ltr'><strong>colens.</strong></span> 
     </span>
    </p>
   </div>
   <div class='ocr_carea' id='block_1_14' title="bbox 501 1578 1429 1654">
    <p class='ocr_par' dir='ltr' id='par_1_14' title="bbox 501 1578 1429 1654">
     <span class='ocr_line' id='line_1_14' title="bbox 501 1578 1429 1654; baseline -0.014 -13"><span class='ocrx_word' id='word_1_64' title='bbox 501 1587 637 1642; x_wconf 89' lang='lat' dir='ltr'><strong>lluic</strong></span> <span class='ocrx_word' id='word_1_65' title='bbox 665 1587 718 1641; x_wconf 91' lang='lat' dir='ltr'><strong>in</strong></span> <span class='ocrx_word' id='word_1_66' title='bbox 751 1583 963 1654; x_wconf 90' lang='lat' dir='ltr'><strong>imperii</strong></span> <span class='ocrx_word' id='word_1_67' title='bbox 995 1580 1124 1635; x_wconf 86' lang='lat' dir='ltr'><strong>sede</strong></span> <span class='ocrx_word' id='word_1_68' title='bbox 1162 1578 1429 1634; x_wconf 83' lang='lat' dir='ltr'><strong>collocato</strong></span> 
     </span>
    </p>
   </div>
   <div class='ocr_carea' id='block_1_15' title="bbox 503 1670 1541 1741">
    <p class='ocr_par' dir='ltr' id='par_1_15' title="bbox 503 1670 1541 1741">
     <span class='ocr_line' id='line_1_15' title="bbox 503 1670 1541 1741; baseline -0.015 -9"><span class='ocrx_word' id='word_1_69' title='bbox 503 1681 724 1733; x_wconf 88' lang='lat' dir='ltr'><strong>nuntius</strong></span> <span class='ocrx_word' id='word_1_70' title='bbox 752 1675 987 1741; x_wconf 82' lang='lat' dir='ltr'><strong>advenit,</strong></span> <span class='ocrx_word' id='word_1_71' title='bbox 1020 1671 1210 1726; x_wconf 89' lang='lat' dir='ltr'><strong>Italum</strong></span> <span class='ocrx_word' id='word_1_72' title='bbox 1244 1670 1541 1724; x_wconf 80' lang='lat' dir='ltr'><strong>Robertum</strong></span> 
     </span>
    </p>
   </div>
   <div class='ocr_carea' id='block_1_16' title="bbox 501 1765 1358 1833">
    <p class='ocr_par' dir='ltr' id='par_1_16' title="bbox 501 1765 1358 1833">
     <span class='ocr_line' id='line_1_16' title="bbox 501 1765 1358 1833; baseline -0.016 -6"><span class='ocrx_word' id='word_1_73' title='bbox 501 1772 779 1828; x_wconf 77' lang='lat' dir='ltr'><strong>Dalmatia:</strong></span> <span class='ocrx_word' id='word_1_74' title='bbox 811 1768 998 1823; x_wconf 85' lang='lat' dir='ltr'><strong>urbem</strong></span> <span class='ocrx_word' id='word_1_75' title='bbox 1031 1765 1358 1833; x_wconf 85' lang='lat' dir='ltr'><strong>Epidaurum</strong></span> 
     </span>
    </p>
   </div>
   <div class='ocr_carea' id='block_1_17' title="bbox 500 1851 1546 1932">
    <p class='ocr_par' dir='ltr' id='par_1_17' title="bbox 500 1851 1546 1932">
     <span class='ocr_line' id='line_1_17' title="bbox 500 1851 1546 1932; baseline -0.014 -14"><span class='ocrx_word' id='word_1_76' title='bbox 500 1865 672 1919; x_wconf 72' lang='lat' dir='ltr'><strong>armis</strong></span> <span class='ocrx_word' id='word_1_77' title='bbox 705 1865 912 1932; x_wconf 83' lang='lat' dir='ltr'><strong>cepisse</strong></span> <span class='ocrx_word' id='word_1_78' title='bbox 941 1869 996 1913; x_wconf 90' lang='lat' dir='ltr'><strong>et</strong></span> <span class='ocrx_word' id='word_1_79' title='bbox 1027 1857 1270 1927; x_wconf 80' lang='lat' dir='ltr'><strong>plurimis</strong></span> <span class='ocrx_word' id='word_1_80' title='bbox 1296 1851 1546 1919; x_wconf 80' lang='lat' dir='ltr'><strong>navigiis.</strong></span> 
     </span>
    </p>
   </div>
   <div class='ocr_carea' id='block_1_18' title="bbox 504 1946 1578 2029">
    <p class='ocr_par' dir='ltr' id='par_1_18' title="bbox 504 1946 1578 2029">
     <span class='ocr_line' id='line_1_18' title="bbox 504 1946 1578 2029; baseline -0.017 -15"><span class='ocrx_word' id='word_1_81' title='bbox 504 1960 642 2029; x_wconf 79' lang='lat' dir='ltr'><strong>Ergo</strong></span> <span class='ocrx_word' id='word_1_82' title='bbox 671 1957 943 2028; x_wconf 83' lang='lat' dir='ltr'><strong>profectus</strong></span> <span class='ocrx_word' id='word_1_83' title='bbox 967 1951 1150 2008; x_wconf 66' lang='lat' dir='ltr'><strong>Caesar</strong></span> <span class='ocrx_word' id='word_1_84' title='bbox 1174 1962 1299 2004; x_wconf 91' lang='lat' dir='ltr'><strong>cum</strong></span> <span class='ocrx_word' id='word_1_85' title='bbox 1335 1946 1578 2000; x_wconf 72' lang='lat' dir='ltr'><strong>exercitu</strong></span> 
     </span>
    </p>
   </div>
   <div class='ocr_carea' id='block_1_19' title="bbox 505 2042 1533 2116">
    <p class='ocr_par' dir='ltr' id='par_1_19' title="bbox 505 2042 1533 2116">
     <span class='ocr_line' id='line_1_19' title="bbox 505 2042 1533 2116; baseline -0.015 -14"><span class='ocrx_word' id='word_1_86' title='bbox 505 2053 652 2113; x_wconf 90' lang='lat' dir='ltr'><strong>illuc,</strong></span> <span class='ocrx_word' id='word_1_87' title='bbox 683 2058 924 2116; x_wconf 80' lang='lat' dir='ltr'><strong>etpugna</strong></span> <span class='ocrx_word' id='word_1_88' title='bbox 959 2058 1080 2098; x_wconf 90' lang='lat' dir='ltr'><strong>cum</strong></span> <span class='ocrx_word' id='word_1_89' title='bbox 1115 2042 1270 2097; x_wconf 78' lang='lat' dir='ltr'><strong>hoste</strong></span> <span class='ocrx_word' id='word_1_90' title='bbox 1296 2046 1533 2106; x_wconf 87' lang='lat' dir='ltr'><strong>patrata,</strong></span> 
     </span>
    </p>
   </div>
   <div class='ocr_carea' id='block_1_20' title="bbox 505 2129 1470 2209">
    <p class='ocr_par' dir='ltr' id='par_1_20' title="bbox 505 2129 1470 2209">
     <span class='ocr_line' id='line_1_20' title="bbox 505 2129 1470 2209; baseline -0.016 -13"><span class='ocrx_word' id='word_1_91' title='bbox 505 2151 690 2196; x_wconf 84' lang='lat' dir='ltr'><strong>noster</strong></span> <span class='ocrx_word' id='word_1_92' title='bbox 716 2137 950 2209; x_wconf 77' lang='lat' dir='ltr'><strong>profugit</strong></span> <span class='ocrx_word' id='word_1_93' title='bbox 968 2133 1155 2205; x_wconf 66' lang='lat' dir='ltr'><strong>praelia</strong></span> <span class='ocrx_word' id='word_1_94' title='bbox 1177 2129 1470 2187; x_wconf 85' lang='lat' dir='ltr'><strong>infeliciter</strong></span> 
     </span>
    </p>
   </div>
   <div class='ocr_carea' id='block_1_21' title="bbox 505 2222 1591 2289">
    <p class='ocr_par' dir='ltr' id='par_1_21' title="bbox 505 2222 1591 2289">
     <span class='ocr_line' id='line_1_21' title="bbox 505 2222 1591 2289; baseline -0.016 0"><span class='ocrx_word' id='word_1_95' title='bbox 505 2234 714 2289; x_wconf 88' lang='lat' dir='ltr'><strong>cladem</strong></span> <span class='ocrx_word' id='word_1_96' title='bbox 749 2230 991 2282; x_wconf 78' lang='lat' dir='ltr'><strong>Rutnano</strong></span> <span class='ocrx_word' id='word_1_97' title='bbox 1026 2225 1296 2281; x_wconf 79' lang='lat' dir='ltr'><strong>referente</strong></span> <span class='ocrx_word' id='word_1_98' title='bbox 1325 2222 1591 2285; x_wconf 81' lang='lat' dir='ltr'><strong>exercitu,</strong></span> 
     </span>
    </p>
   </div>
   <div class='ocr_carea' id='block_1_22' title="bbox 509 2319 1646 2393">
    <p class='ocr_par' dir='ltr' id='par_1_22' title="bbox 509 2319 1646 2393">
     <span class='ocr_line' id='line_1_22' title="bbox 509 2319 1646 2393; baseline -0.01 -16"><span class='ocrx_word' id='word_1_99' title='bbox 509 2335 672 2393; x_wconf 85' lang='lat' dir='ltr'><strong>atque</strong></span> <span class='ocrx_word' id='word_1_100' title='bbox 707 2321 1024 2392; x_wconf 81' lang='lat' dir='ltr'><strong>Byzantium</strong></span> <span class='ocrx_word' id='word_1_101' title='bbox 1049 2319 1232 2373; x_wconf 69' lang='lat' dir='ltr'><strong>Caesar</strong></span> <span class='ocrx_word' id='word_1_102' title='bbox 1259 2327 1344 2371; x_wconf 87' lang='lat' dir='ltr'><strong>est</strong></span> <span class='ocrx_word' id='word_1_103' title='bbox 1373 2327 1646 2368; x_wconf 87' lang='lat' dir='ltr'><strong>reversus.</strong></span> 
     </span>
    </p>
   </div>
   <div class='ocr_carea' id='block_1_23' title="bbox 512 2403 1532 2470">
    <p class='ocr_par' dir='ltr' id='par_1_23' title="bbox 512 2403 1532 2470">
     <span class='ocr_line' id='line_1_23' title="bbox 512 2403 1532 2470; baseline -0.013 0"><span class='ocrx_word' id='word_1_104' title='bbox 512 2413 734 2470; x_wconf 77' lang='lat' dir='ltr'><strong>Barbari</strong></span> <span class='ocrx_word' id='word_1_105' title='bbox 754 2422 935 2466; x_wconf 88' lang='lat' dir='ltr'><strong>autem</strong></span> <span class='ocrx_word' id='word_1_106' title='bbox 961 2423 1082 2462; x_wconf 91' lang='lat' dir='ltr'><strong>cum</strong></span> <span class='ocrx_word' id='word_1_107' title='bbox 1115 2406 1354 2460; x_wconf 78' lang='lat' dir='ltr'><strong>Roberto</strong></span> <span class='ocrx_word' id='word_1_108' title='bbox 1393 2403 1532 2457; x_wconf 87' lang='lat' dir='ltr'><strong>duce</strong></span> 
     </span>
    </p>
   </div>
   <div class='ocr_carea' id='block_1_24' title="bbox 511 2494 1430 2574">
    <p class='ocr_par' dir='ltr' id='par_1_24' title="bbox 511 2494 1430 2574">
     <span class='ocr_line' id='line_1_24' title="bbox 511 2494 1430 2574; baseline -0.011 -19"><span class='ocrx_word' id='word_1_109' title='bbox 511 2502 909 2574; x_wconf 68' lang='lat' dir='ltr'><strong>populabantur</strong></span> <span class='ocrx_word' id='word_1_110' title='bbox 936 2497 1128 2566; x_wconf 87' lang='lat' dir='ltr'><strong>oppida</strong></span> <span class='ocrx_word' id='word_1_111' title='bbox 1161 2494 1430 2556; x_wconf 85' lang='lat' dir='ltr'><strong>Romana,</strong></span> 
     </span>
    </p>
   </div>
   <div class='ocr_carea' id='block_1_25' title="bbox 505 2583 1616 2663">
    <p class='ocr_par' dir='ltr' id='par_1_25' title="bbox 505 2583 1616 2663">
     <span class='ocr_line' id='line_1_25' title="bbox 505 2583 1616 2663; baseline -0.012 -14"><span class='ocrx_word' id='word_1_112' title='bbox 505 2596 680 2663; x_wconf 79' lang='lat' dir='ltr'><strong>captis</strong></span> <span class='ocrx_word' id='word_1_113' title='bbox 719 2590 936 2644; x_wconf 80' lang='lat' dir='ltr'><strong>Larissa</strong></span> <span class='ocrx_word' id='word_1_114' title='bbox 971 2586 1328 2655; x_wconf 80' lang='lat' dir='ltr'><strong>Castoriaque</strong></span> <span class='ocrx_word' id='word_1_115' title='bbox 1371 2583 1616 2637; x_wconf 87' lang='lat' dir='ltr'><strong>urbibus.</strong></span> 
     </span>
    </p>
   </div>
   <div class='ocr_carea' id='block_1_26' title="bbox 509 2685 1644 2745">
    <p class='ocr_par' dir='ltr' id='par_1_26' title="bbox 509 2685 1644 2745">
     <span class='ocr_line' id='line_1_26' title="bbox 509 2685 1644 2745; baseline -0.014 -1"><span class='ocrx_word' id='word_1_116' title='bbox 509 2688 709 2744; x_wconf 86' lang='lat' dir='ltr'><strong>Contra</strong></span> <span class='ocrx_word' id='word_1_117' title='bbox 741 2685 1034 2738; x_wconf 76' lang='lat' dir='ltr'><strong>Robertum</strong></span> <span class='ocrx_word' id='word_1_118' title='bbox 1065 2693 1251 2734; x_wconf 86' lang='lat' dir='ltr'><strong>rursus</strong></span> <span class='ocrx_word' id='word_1_119' title='bbox 1277 2685 1361 2732; x_wconf 87' lang='lat' dir='ltr'><strong>est</strong></span> <span class='ocrx_word' id='word_1_120' title='bbox 1387 2689 1644 2745; x_wconf 85' lang='lat' dir='ltr'><strong>egressus</strong></span> 
     </span>
    </p>
   </div>
   <div class='ocr_carea' id='block_1_27' title="bbox 511 2765 1636 2851">
    <p class='ocr_par' dir='ltr' id='par_1_27' title="bbox 511 2765 1636 2851">
     <span class='ocr_line' id='line_1_27' title="bbox 511 2765 1636 2851; baseline -0.018 -17"><span class='ocrx_word' id='word_1_121' title='bbox 511 2779 744 2851; x_wconf 82' lang='lat' dir='ltr'><strong>inclytus</strong></span> <span class='ocrx_word' id='word_1_122' title='bbox 775 2776 959 2829; x_wconf 67' lang='lat' dir='ltr'><strong>Caesar</strong></span> <span class='ocrx_word' id='word_1_123' title='bbox 987 2787 1107 2828; x_wconf 89' lang='lat' dir='ltr'><strong>cum</strong></span> <span class='ocrx_word' id='word_1_124' title='bbox 1140 2769 1344 2837; x_wconf 81' lang='lat' dir='ltr'><strong>ingenti</strong></span> <span class='ocrx_word' id='word_1_125' title='bbox 1370 2765 1636 2830; x_wconf 78' lang='lat' dir='ltr'><strong>exercitu,</strong></span> 
     </span>
    </p>
   </div>
   <div class='ocr_carea' id='block_1_28' title="bbox 511 2861 1392 2942">
    <p class='ocr_par' dir='ltr' id='par_1_28' title="bbox 511 2861 1392 2942">
     <span class='ocr_line' id='line_1_28' title="bbox 511 2861 1392 2942; baseline -0.012 -18"><span class='ocrx_word' id='word_1_126' title='bbox 511 2884 674 2942; x_wconf 88' lang='lat' dir='ltr'><strong>atque</strong></span> <span class='ocrx_word' id='word_1_127' title='bbox 694 2865 998 2925; x_wconf 74' lang='lat' dir='ltr'><strong>Castor-iam</strong></span> <span class='ocrx_word' id='word_1_128' title='bbox 1033 2861 1392 2932; x_wconf 77' lang='lat' dir='ltr'><strong>recuperavit.</strong></span> 
     </span>
    </p>
   </div>
   <div class='ocr_carea' id='block_1_29' title="bbox 511 2965 1635 3024">
    <p class='ocr_par' dir='ltr' id='par_1_29' title="bbox 511 2965 1635 3024">
     <span class='ocr_line' id='line_1_29' title="bbox 511 2965 1635 3024; baseline -0.01 -5"><span class='ocrx_word' id='word_1_129' title='bbox 511 2965 806 3019; x_wconf 71' lang='lat' dir='ltr'><strong>llobertum</strong></span> <span class='ocrx_word' id='word_1_130' title='bbox 841 2965 1022 3013; x_wconf 87' lang='lat' dir='ltr'><strong>autem</strong></span> <span class='ocrx_word' id='word_1_131' title='bbox 1065 2967 1184 3012; x_wconf 83' lang='lat' dir='ltr'><strong>astu</strong></span> <span class='ocrx_word' id='word_1_132' title='bbox 1211 2965 1296 3010; x_wconf 86' lang='lat' dir='ltr'><strong>est</strong></span> <span class='ocrx_word' id='word_1_133' title='bbox 1324 2968 1635 3024; x_wconf 82' lang='lat' dir='ltr'><strong>aggressus,</strong></span> 
     </span>
    </p>
   </div>
   <div class='ocr_carea' id='block_1_30' title="bbox 511 3049 1492 3127">
    <p class='ocr_par' dir='ltr' id='par_1_30' title="bbox 511 3049 1492 3127">
     <span class='ocr_line' id='line_1_30' title="bbox 511 3049 1492 3127; baseline -0.013 -15"><span class='ocrx_word' id='word_1_134' title='bbox 511 3057 666 3127; x_wconf 82' lang='lat' dir='ltr'><strong>enjus</strong></span> <span class='ocrx_word' id='word_1_135' title='bbox 694 3053 956 3108; x_wconf 89' lang='lat' dir='ltr'><strong>rationem</strong></span> <span class='ocrx_word' id='word_1_136' title='bbox 989 3049 1214 3112; x_wconf 79' lang='lat' dir='ltr'><strong>interest</strong></span> <span class='ocrx_word' id='word_1_137' title='bbox 1240 3062 1492 3102; x_wconf 87' lang='lat' dir='ltr'><strong>narrare.</strong></span> 
     </span>
    </p>
   </div>
   <div class='ocr_carea' id='block_1_31' title="bbox 512 3135 1640 3207">
    <p class='ocr_par' dir='ltr' id='par_1_31' title="bbox 512 3135 1640 3207">
     <span class='ocr_line' id='line_1_31' title="bbox 512 3135 1640 3207; baseline -0.013 -4"><span class='ocrx_word' id='word_1_138' title='bbox 512 3146 691 3203; x_wconf 66' lang='lat' dir='ltr'><strong>Cresar</strong></span> <span class='ocrx_word' id='word_1_139' title='bbox 723 3153 973 3197; x_wconf 87' lang='lat' dir='ltr'><strong>ornatum</strong></span> <span class='ocrx_word' id='word_1_140' title='bbox 1011 3139 1214 3207; x_wconf 78' lang='lat' dir='ltr'><strong>regium</strong></span> <span class='ocrx_word' id='word_1_141' title='bbox 1249 3135 1640 3204; x_wconf 85' lang='lat' dir='ltr'><strong>circumposuit</strong></span> 
     </span>
    </p>
   </div>
   <div class='ocr_carea' id='block_1_32' title="bbox 515 3228 1656 3310">
    <p class='ocr_par' dir='ltr' id='par_1_32' title="bbox 515 3228 1656 3310">
     <span class='ocr_line' id='line_1_32' title="bbox 515 3228 1656 3310; baseline -0.014 -16"><span class='ocrx_word' id='word_1_142' title='bbox 515 3251 774 3310; x_wconf 75' lang='lat' dir='ltr'><strong>germano</strong></span> <span class='ocrx_word' id='word_1_143' title='bbox 813 3231 1051 3303; x_wconf 87' lang='lat' dir='ltr'><strong>pr0prio.</strong></span> <span class='ocrx_word' id='word_1_144' title='bbox 1077 3228 1373 3298; x_wconf 85' lang='lat' dir='ltr'><strong>copiasque</strong></span> <span class='ocrx_word' id='word_1_145' title='bbox 1401 3229 1615 3281; x_wconf 86' lang='lat' dir='ltr'><strong>tradidit</strong></span> <span class='ocrx_word' id='word_1_146' title='bbox 1641 3243 1656 3292; x_wconf 90' lang='lat'><strong>;</strong></span> 
     </span>
    </p>
   </div>
   <div class='ocr_carea' id='block_1_33' title="bbox 509 3319 1502 3400">
    <p class='ocr_par' dir='ltr' id='par_1_33' title="bbox 509 3319 1502 3400">
     <span class='ocr_line' id='line_1_33' title="bbox 509 3319 1502 3400; baseline -0.015 -11"><span class='ocrx_word' id='word_1_147' title='bbox 509 3344 748 3400; x_wconf 65' lang='lat' dir='ltr'><strong>umque</strong></span> <span class='ocrx_word' id='word_1_148' title='bbox 768 3325 925 3395; x_wconf 84' lang='lat' dir='ltr'><strong>jussit</strong></span> <span class='ocrx_word' id='word_1_149' title='bbox 959 3323 1232 3392; x_wconf 79' lang='lat' dir='ltr'><strong>expositas</strong></span> <span class='ocrx_word' id='word_1_150' title='bbox 1260 3319 1502 3386; x_wconf 57' lang='lat' dir='ltr'><strong>pra‘bero</strong></span> 
     </span>
    </p>
   </div>
   <div class='ocr_carea' id='block_1_34' title="bbox 515 3412 1497 3486">
    <p class='ocr_par' dir='ltr' id='par_1_34' title="bbox 515 3412 1497 3486">
     <span class='ocr_line' id='line_1_34' title="bbox 515 3412 1497 3486; baseline -0.015 -7"><span class='ocrx_word' id='word_1_151' title='bbox 515 3427 568 3479; x_wconf 92' lang='lat' dir='ltr'><strong>in</strong></span> <span class='ocrx_word' id='word_1_152' title='bbox 591 3423 730 3486; x_wconf 76' lang='lat' dir='ltr'><strong>acie,</strong></span> <span class='ocrx_word' id='word_1_153' title='bbox 764 3432 943 3475; x_wconf 88' lang='lat' dir='ltr'><strong>coram</strong></span> <span class='ocrx_word' id='word_1_154' title='bbox 981 3415 1197 3483; x_wconf 81' lang='lat' dir='ltr'><strong>agmine</strong></span> <span class='ocrx_word' id='word_1_155' title='bbox 1234 3412 1497 3478; x_wconf 81' lang='lat' dir='ltr'><strong>Roberti;</strong></span> 
     </span>
    </p>
   </div>
   <div class='ocr_carea' id='block_1_35' title="bbox 514 3501 1724 3585">
    <p class='ocr_par' dir='ltr' id='par_1_35' title="bbox 514 3501 1724 3585">
     <span class='ocr_line' id='line_1_35' title="bbox 514 3501 1724 3585; baseline -0.016 -16"><span class='ocrx_word' id='word_1_156' title='bbox 514 3513 606 3585; x_wconf 92' lang='lat' dir='ltr'><strong>qui</strong></span> <span class='ocrx_word' id='word_1_157' title='bbox 644 3512 690 3567; x_wconf 90' lang='lat' dir='ltr'><strong>si</strong></span> <span class='ocrx_word' id='word_1_158' title='bbox 719 3509 904 3578; x_wconf 88' lang='lat' dir='ltr'><strong>copias</strong></span> <span class='ocrx_word' id='word_1_159' title='bbox 939 3520 1070 3560; x_wconf 87' lang='lat' dir='ltr'><strong>suas</strong></span> <span class='ocrx_word' id='word_1_160' title='bbox 1100 3513 1288 3558; x_wconf 85' lang='lat' dir='ltr'><strong>contra</strong></span> <span class='ocrx_word' id='word_1_161' title='bbox 1321 3501 1724 3565; x_wconf 85' lang='lat' dir='ltr'><strong>commovisset,</strong></span> 
     </span>
    </p>
   </div>
   <div class='ocr_carea' id='block_1_36' title="bbox 517 3591 1654 3662">
    <p class='ocr_par' dir='ltr' id='par_1_36' title="bbox 517 3591 1654 3662">
     <span class='ocr_line' id='line_1_36' title="bbox 517 3591 1654 3662; baseline -0.011 -4"><span class='ocrx_word' id='word_1_162' title='bbox 517 3611 803 3659; x_wconf 87' lang='lat' dir='ltr'><strong>monuerat</strong></span> <span class='ocrx_word' id='word_1_163' title='bbox 828 3598 1049 3652; x_wconf 86' lang='lat' dir='ltr'><strong>fratrem</strong></span> <span class='ocrx_word' id='word_1_164' title='bbox 1083 3597 1275 3649; x_wconf 81' lang='lat' dir='ltr'><strong>cedere</strong></span> <span class='ocrx_word' id='word_1_165' title='bbox 1303 3592 1474 3648; x_wconf 68' lang='lat' dir='ltr'><strong>effusa</strong></span> <span class='ocrx_word' id='word_1_166' title='bbox 1505 3591 1654 3662; x_wconf 85' lang='lat' dir='ltr'><strong>fuga.</strong></span> 
     </span>
    </p>
   </div>
   <div class='ocr_carea' id='block_1_37' title="bbox 521 3683 1563 3750">
    <p class='ocr_par' dir='ltr' id='par_1_37' title="bbox 521 3683 1563 3750">
     <span class='ocr_line' id='line_1_37' title="bbox 521 3683 1563 3750; baseline -0.009 0"><span class='ocrx_word' id='word_1_167' title='bbox 521 3696 744 3750; x_wconf 86' lang='lat' dir='ltr'><strong>Interim</strong></span> <span class='ocrx_word' id='word_1_168' title='bbox 779 3691 961 3747; x_wconf 78' lang='lat' dir='ltr'><strong>C:csar</strong></span> <span class='ocrx_word' id='word_1_169' title='bbox 994 3687 1205 3742; x_wconf 88' lang='lat' dir='ltr'><strong>modico</strong></span> <span class='ocrx_word' id='word_1_170' title='bbox 1234 3701 1356 3741; x_wconf 90' lang='lat' dir='ltr'><strong>cum</strong></span> <span class='ocrx_word' id='word_1_171' title='bbox 1393 3683 1563 3741; x_wconf 86' lang='lat' dir='ltr'><strong>milite</strong></span> 
     </span>
    </p>
   </div>
   <div class='ocr_carea' id='block_1_38' title="bbox 518 3777 1450 3859">
    <p class='ocr_par' dir='ltr' id='par_1_38' title="bbox 518 3777 1450 3859">
     <span class='ocr_line' id='line_1_38' title="bbox 518 3777 1450 3859; baseline -0.008 -20"><span class='ocrx_word' id='word_1_172' title='bbox 518 3805 616 3859; x_wconf 69' lang='lat' dir='ltr'><strong>per</strong></span> <span class='ocrx_word' id='word_1_173' title='bbox 645 3802 784 3841; x_wconf 73' lang='lat' dir='ltr'><strong>czrca</strong></span> <span class='ocrx_word' id='word_1_174' title='bbox 819 3793 1035 3852; x_wconf 85' lang='lat' dir='ltr'><strong>replans</strong></span> <span class='ocrx_word' id='word_1_175' title='bbox 1073 3778 1307 3835; x_wconf 79' lang='lat' dir='ltr'><strong>tliﬂicilia</strong></span> <span class='ocrx_word' id='word_1_176' title='bbox 1333 3777 1450 3832; x_wconf 82' lang='lat' dir='ltr'><strong>loca</strong></span> 
     </span>
    </p>
   </div>
   <div class='ocr_carea' id='block_1_39' title="bbox 521 3873 1500 3946">
    <p class='ocr_par' dir='ltr' id='par_1_39' title="bbox 521 3873 1500 3946">
     <span class='ocr_line' id='line_1_39' title="bbox 521 3873 1500 3946; baseline -0.013 -11"><span class='ocrx_word' id='word_1_177' title='bbox 521 3893 632 3935; x_wconf 85' lang='lat' dir='ltr'><strong>tota</strong></span> <span class='ocrx_word' id='word_1_178' title='bbox 663 3878 884 3946; x_wconf 82' lang='lat' dir='ltr'><strong>diripuit</strong></span> <span class='ocrx_word' id='word_1_179' title='bbox 906 3873 1268 3929; x_wconf 84' lang='lat' dir='ltr'><strong>Barbarorum</strong></span> <span class='ocrx_word' id='word_1_180' title='bbox 1294 3880 1500 3935; x_wconf 85' lang='lat' dir='ltr'><strong>castra,</strong></span> 
     </span>
    </p>
   </div>
   <div class='ocr_carea' id='block_1_40' title="bbox 519 3962 1520 4038">
    <p class='ocr_par' dir='ltr' id='par_1_40' title="bbox 519 3962 1520 4038">
     <span class='ocr_line' id='line_1_40' title="bbox 519 3962 1520 4038; baseline -0.008 -14"><span class='ocrx_word' id='word_1_181' title='bbox 519 3979 781 4038; x_wconf 85' lang='lat' dir='ltr'><strong>quotquot</strong></span> <span class='ocrx_word' id='word_1_182' title='bbox 817 3968 886 4020; x_wconf 89' lang='lat' dir='ltr'><strong>ibi</strong></span> <span class='ocrx_word' id='word_1_183' title='bbox 921 3962 1296 4032; x_wconf 63' lang='lat' dir='ltr'><strong>reperitexsis</strong></span> <span class='ocrx_word' id='word_1_184' title='bbox 1321 3962 1520 4031; x_wconf 86' lang='lat' dir='ltr'><strong>gladio.</strong></span> 
     </span>
    </p>
   </div>
   <div class='ocr_carea' id='block_1_41' title="bbox 522 4053 1630 4132">
    <p class='ocr_par' dir='ltr' id='par_1_41' title="bbox 522 4053 1630 4132">
     <span class='ocr_line' id='line_1_41' title="bbox 522 4053 1630 4132; baseline -0.009 -14"><span class='ocrx_word' id='word_1_185' title='bbox 522 4063 744 4132; x_wconf 81' lang='lat' dir='ltr'><strong>Cognita</strong></span> <span class='ocrx_word' id='word_1_186' title='bbox 778 4075 837 4114; x_wconf 90' lang='lat' dir='ltr'><strong>re</strong></span> <span class='ocrx_word' id='word_1_187' title='bbox 871 4058 1153 4118; x_wconf 86' lang='lat' dir='ltr'><strong>barbarus,</strong></span> <span class='ocrx_word' id='word_1_188' title='bbox 1190 4064 1334 4108; x_wconf 86' lang='lat' dir='ltr'><strong>metu</strong></span> <span class='ocrx_word' id='word_1_189' title='bbox 1366 4053 1630 4108; x_wconf 74' lang='lat' dir='ltr'><strong>attonitus</strong></span> 
     </span>
    </p>
   </div>
   <div class='ocr_carea' id='block_1_42' title="bbox 524 4140 1540 4210">
    <p class='ocr_par' dir='ltr' id='par_1_42' title="bbox 524 4140 1540 4210">
     <span class='ocr_line' id='line_1_42' title="bbox 524 4140 1540 4210; baseline -0.016 -3"><span class='ocrx_word' id='word_1_190' title='bbox 524 4154 705 4208; x_wconf 77' lang='lat' dir='ltr'><strong>aliirno</strong></span> <span class='ocrx_word' id='word_1_191' title='bbox 740 4143 899 4202; x_wconf 84' lang='lat' dir='ltr'><strong>simul</strong></span> <span class='ocrx_word' id='word_1_192' title='bbox 935 4144 1245 4210; x_wconf 83' lang='lat' dir='ltr'><strong>viribusque</strong></span> <span class='ocrx_word' id='word_1_193' title='bbox 1278 4140 1540 4205; x_wconf 87' lang='lat' dir='ltr'><strong>concidit,</strong></span> 
     </span>
    </p>
   </div>
   <div class='ocr_carea' id='block_1_43' title="bbox 526 4230 1715 4308">
    <p class='ocr_par' dir='ltr' id='par_1_43' title="bbox 526 4230 1715 4308">
     <span class='ocr_line' id='line_1_43' title="bbox 526 4230 1715 4308; baseline -0.011 -13"><span class='ocrx_word' id='word_1_194' title='bbox 526 4242 815 4308; x_wconf 74' lang='lat' dir='ltr'><strong>cunctique</strong></span> <span class='ocrx_word' id='word_1_195' title='bbox 849 4245 974 4291; x_wconf 90' lang='lat' dir='ltr'><strong>sunt</strong></span> <span class='ocrx_word' id='word_1_196' title='bbox 997 4232 1198 4288; x_wconf 84' lang='lat' dir='ltr'><strong>reversi</strong></span> <span class='ocrx_word' id='word_1_197' title='bbox 1225 4233 1274 4285; x_wconf 91' lang='lat' dir='ltr'><strong>in</strong></span> <span class='ocrx_word' id='word_1_198' title='bbox 1307 4230 1534 4300; x_wconf 88' lang='lat' dir='ltr'><strong>patriam</strong></span> <span class='ocrx_word' id='word_1_199' title='bbox 1560 4241 1715 4284; x_wconf 83' lang='lat' dir='ltr'><strong>suam</strong></span> 
     </span>
    </p>
   </div>
   <div class='ocr_carea' id='block_1_44' title="bbox 526 4322 1566 4390">
    <p class='ocr_par' dir='ltr' id='par_1_44' title="bbox 526 4322 1566 4390">
     <span class='ocr_line' id='line_1_44' title="bbox 526 4322 1566 4390; baseline -0.01 -7"><span class='ocrx_word' id='word_1_200' title='bbox 526 4334 694 4387; x_wconf 84' lang='lat' dir='ltr'><strong>risum</strong></span> <span class='ocrx_word' id='word_1_201' title='bbox 726 4324 943 4390; x_wconf 85' lang='lat' dir='ltr'><strong>lucrati,</strong></span> <span class='ocrx_word' id='word_1_202' title='bbox 975 4325 1082 4376; x_wconf 84' lang='lat' dir='ltr'><strong>into</strong></span> <span class='ocrx_word' id='word_1_203' title='bbox 1117 4332 1168 4374; x_wconf 89' lang='lat' dir='ltr'><strong>et</strong></span> <span class='ocrx_word' id='word_1_204' title='bbox 1197 4322 1566 4388; x_wconf 77' lang='lat' dir='ltr'><strong>ignominiam.</strong></span> 
     </span>
    </p>
   </div>
   <div class='ocr_carea' id='block_1_45' title="bbox 524 4410 1591 4482">
    <p class='ocr_par' dir='ltr' id='par_1_45' title="bbox 524 4410 1591 4482">
     <span class='ocr_line' id='line_1_45' title="bbox 524 4410 1591 4482; baseline -0.014 -2"><span class='ocrx_word' id='word_1_205' title='bbox 524 4425 715 4480; x_wconf 81' lang='lat' dir='ltr'><strong>Postea</strong></span> <span class='ocrx_word' id='word_1_206' title='bbox 753 4420 952 4482; x_wconf 87' lang='lat' dir='ltr'><strong>Turca,</strong></span> <span class='ocrx_word' id='word_1_207' title='bbox 983 4416 1068 4469; x_wconf 90' lang='lat' dir='ltr'><strong>cui</strong></span> <span class='ocrx_word' id='word_1_208' title='bbox 1093 4428 1286 4468; x_wconf 87' lang='lat' dir='ltr'><strong>nomen</strong></span> <span class='ocrx_word' id='word_1_209' title='bbox 1324 4411 1365 4465; x_wconf 86' lang='grc' dir='ltr'>Τ</span> <span class='ocrx_word' id='word_1_210' title='bbox 1371 4410 1591 4476; x_wconf 84' lang='lat' dir='ltr'><strong>zachas,</strong></span> 
     </span>
    </p>
   </div>
   <div class='ocr_carea' id='block_1_46' title="bbox 525 4501 1610 4580">
    <p class='ocr_par' dir='ltr' id='par_1_46' title="bbox 525 4501 1610 4580">
     <span class='ocr_line' id='line_1_46' title="bbox 525 4501 1610 4580; baseline -0.015 -10"><span class='ocrx_word' id='word_1_211' title='bbox 525 4515 648 4570; x_wconf 77' lang='lat' dir='ltr'><strong>Chii</strong></span> <span class='ocrx_word' id='word_1_212' title='bbox 671 4513 780 4580; x_wconf 83' lang='lat' dir='ltr'><strong>jam</strong></span> <span class='ocrx_word' id='word_1_213' title='bbox 815 4509 1087 4572; x_wconf 85' lang='lat' dir='ltr'><strong>dominus,</strong></span> <span class='ocrx_word' id='word_1_214' title='bbox 1117 4503 1380 4557; x_wconf 85' lang='lat' dir='ltr'><strong>adornata</strong></span> <span class='ocrx_word' id='word_1_215' title='bbox 1411 4501 1610 4563; x_wconf 88' lang='lat' dir='ltr'><strong>classe,</strong></span> 
     </span>
    </p>
   </div>
   <div class='ocr_carea' id='block_1_47' title="bbox 527 4590 1772 4664">
    <p class='ocr_par' dir='ltr' id='par_1_47' title="bbox 527 4590 1772 4664">
     <span class='ocr_line' id='line_1_47' title="bbox 527 4590 1772 4664; baseline -0.014 -4"><span class='ocrx_word' id='word_1_216' title='bbox 527 4608 749 4661; x_wconf 83' lang='lat' dir='ltr'><strong>Samum</strong></span> <span class='ocrx_word' id='word_1_217' title='bbox 780 4614 832 4656; x_wconf 91' lang='lat' dir='ltr'><strong>et</strong></span> <span class='ocrx_word' id='word_1_218' title='bbox 862 4599 1095 4653; x_wconf 84' lang='lat' dir='ltr'><strong>Lesbum</strong></span> <span class='ocrx_word' id='word_1_219' title='bbox 1119 4606 1282 4664; x_wconf 86' lang='lat' dir='ltr'><strong>atque</strong></span> <span class='ocrx_word' id='word_1_220' title='bbox 1311 4592 1560 4647; x_wconf 72' lang='lat' dir='ltr'><strong>libodum</strong></span> <span class='ocrx_word' id='word_1_221' title='bbox 1602 4590 1772 4660; x_wconf 87' lang='lat' dir='ltr'><strong>capit,</strong></span> 
     </span>
    </p>
   </div>
   <div class='ocr_carea' id='block_1_48' title="bbox 525 4682 1672 4766">
    <p class='ocr_par' dir='ltr' id='par_1_48' title="bbox 525 4682 1672 4766">
     <span class='ocr_line' id='line_1_48' title="bbox 525 4682 1672 4766; baseline -0.017 -10"><span class='ocrx_word' id='word_1_222' title='bbox 525 4702 768 4766; x_wconf 81' lang='lat' dir='ltr'><strong>aliasque</strong></span> <span class='ocrx_word' id='word_1_223' title='bbox 797 4692 1178 4764; x_wconf 69' lang='lat' dir='ltr'><strong>praefecturas;</strong></span> <span class='ocrx_word' id='word_1_224' title='bbox 1211 4686 1304 4739; x_wconf 89' lang='lat' dir='ltr'><strong>sed</strong></span> <span class='ocrx_word' id='word_1_225' title='bbox 1330 4684 1453 4738; x_wconf 87' lang='lat' dir='ltr'><strong>inde</strong></span> <span class='ocrx_word' id='word_1_226' title='bbox 1482 4682 1672 4752; x_wconf 84' lang='lat' dir='ltr'><strong>pulsus</strong></span> 
     </span>
    </p>
   </div>
   <div class='ocr_carea' id='block_1_49' title="bbox 532 4774 1572 4859">
    <p class='ocr_par' dir='ltr' id='par_1_49' title="bbox 532 4774 1572 4859">
     <span class='ocr_line' id='line_1_49' title="bbox 532 4774 1572 4859; baseline -0.02 -15"><span class='ocrx_word' id='word_1_227' title='bbox 532 4789 735 4859; x_wconf 61' lang='lat' dir='ltr'><strong>proeliis</strong></span> <span class='ocrx_word' id='word_1_228' title='bbox 767 4781 1058 4838; x_wconf 85' lang='lat' dir='ltr'><strong>maritimis</strong></span> <span class='ocrx_word' id='word_1_229' title='bbox 1085 4792 1115 4830; x_wconf 87' lang='lat' dir='ltr'><strong>a</strong></span> <span class='ocrx_word' id='word_1_230' title='bbox 1157 4774 1418 4830; x_wconf 78' lang='lat' dir='ltr'><strong>Romanis</strong></span> <span class='ocrx_word' id='word_1_231' title='bbox 1451 4774 1572 4826; x_wconf 75' lang='lat' dir='ltr'><strong>fuit.</strong></span> 
     </span>
    </p>
   </div>
   <div class='ocr_carea' id='block_1_50' title="bbox 526 4866 1714 4943">
    <p class='ocr_par' dir='ltr' id='par_1_50' title="bbox 526 4866 1714 4943">
     <span class='ocr_line' id='line_1_50' title="bbox 526 4866 1714 4943; baseline -0.014 -5"><span class='ocrx_word' id='word_1_232' title='bbox 526 4883 680 4938; x_wconf 86' lang='lat' dir='ltr'><strong>Tunc</strong></span> <span class='ocrx_word' id='word_1_233' title='bbox 712 4879 876 4932; x_wconf 87' lang='lat' dir='ltr'><strong>etiam</strong></span> <span class='ocrx_word' id='word_1_234' title='bbox 915 4874 1124 4943; x_wconf 70' lang='lat' dir='ltr'><strong>Cyprus</strong></span> <span class='ocrx_word' id='word_1_235' title='bbox 1152 4868 1351 4923; x_wconf 87' lang='lat' dir='ltr'><strong>defecit</strong></span> <span class='ocrx_word' id='word_1_236' title='bbox 1377 4866 1446 4921; x_wconf 88' lang='lat' dir='ltr'><strong>ab</strong></span> <span class='ocrx_word' id='word_1_237' title='bbox 1483 4868 1714 4935; x_wconf 89' lang='lat' dir='ltr'><strong>imperio</strong></span> 
     </span>
    </p>
   </div>
   <div class='ocr_carea' id='block_1_51' title="bbox 526 4958 1608 5039">
    <p class='ocr_par' dir='ltr' id='par_1_51' title="bbox 526 4958 1608 5039">
     <span class='ocr_line' id='line_1_51' title="bbox 526 4958 1608 5039; baseline -0.017 -11"><span class='ocrx_word' id='word_1_238' title='bbox 526 4980 787 5039; x_wconf 70' lang='lat' dir='ltr'><strong>occupata</strong></span> <span class='ocrx_word' id='word_1_239' title='bbox 820 4965 1068 5020; x_wconf 81' lang='lat' dir='ltr'><strong>videlicet</strong></span> <span class='ocrx_word' id='word_1_240' title='bbox 1095 4976 1124 5013; x_wconf 86' lang='lat' dir='ltr'><strong>a</strong></span> <span class='ocrx_word' id='word_1_241' title='bbox 1159 4958 1608 5027; x_wconf 79' lang='lat' dir='ltr'><strong>Rbapsommato.</strong></span> 
     </span>
    </p>
   </div>
   <div class='ocr_carea' id='block_1_52' title="bbox 527 5049 1684 5126">
    <p class='ocr_par' dir='ltr' id='par_1_52' title="bbox 527 5049 1684 5126">
     <span class='ocr_line' id='line_1_52' title="bbox 527 5049 1684 5126; baseline -0.017 -5"><span class='ocrx_word' id='word_1_242' title='bbox 527 5064 783 5121; x_wconf 85' lang='lat' dir='ltr'><strong>Fertilcm</strong></span> <span class='ocrx_word' id='word_1_243' title='bbox 811 5059 1030 5126; x_wconf 84' lang='lat' dir='ltr'><strong>insuper</strong></span> <span class='ocrx_word' id='word_1_244' title='bbox 1065 5051 1406 5108; x_wconf 76' lang='lat' dir='ltr'><strong>Cretensium</strong></span> <span class='ocrx_word' id='word_1_245' title='bbox 1455 5049 1684 5103; x_wconf 76' lang='lat' dir='ltr'><strong>insulam</strong></span> 
     </span>
    </p>
   </div>
   <div class='ocr_carea' id='block_1_53' title="bbox 528 5143 1518 5222">
    <p class='ocr_par' dir='ltr' id='par_1_53' title="bbox 528 5143 1518 5222">
     <span class='ocr_line' id='line_1_53' title="bbox 528 5143 1518 5222; baseline -0.017 -9"><span class='ocrx_word' id='word_1_246' title='bbox 528 5159 756 5213; x_wconf 78' lang='lat' dir='ltr'><strong>rabidus</strong></span> <span class='ocrx_word' id='word_1_247' title='bbox 785 5152 1004 5222; x_wconf 86' lang='lat' dir='ltr'><strong>quidam</strong></span> <span class='ocrx_word' id='word_1_248' title='bbox 1035 5146 1271 5214; x_wconf 81' lang='lat' dir='ltr'><strong>Caryces</strong></span> <span class='ocrx_word' id='word_1_249' title='bbox 1302 5143 1518 5197; x_wconf 83' lang='lat' dir='ltr'><strong>rebellis</strong></span> 
     </span>
    </p>
   </div>
   <div class='ocr_carea' id='block_1_54' title="bbox 527 5233 1663 5316">
    <p class='ocr_par' dir='ltr' id='par_1_54' title="bbox 527 5233 1663 5316">
     <span class='ocr_line' id='line_1_54' title="bbox 527 5233 1663 5316; baseline -0.011 -15"><span class='ocrx_word' id='word_1_250' title='bbox 527 5251 578 5301; x_wconf 93' lang='lat' dir='ltr'><strong>vi</strong></span> <span class='ocrx_word' id='word_1_251' title='bbox 613 5259 848 5316; x_wconf 84' lang='lat' dir='ltr'><strong>captam,</strong></span> <span class='ocrx_word' id='word_1_252' title='bbox 886 5241 1140 5295; x_wconf 77' lang='lat' dir='ltr'><strong>dominus</strong></span> <span class='ocrx_word' id='word_1_253' title='bbox 1170 5233 1331 5288; x_wconf 83' lang='lat' dir='ltr'><strong>veluti</strong></span> <span class='ocrx_word' id='word_1_254' title='bbox 1371 5233 1663 5289; x_wconf 83' lang='lat' dir='ltr'><strong>insidebat.</strong></span> 
     </span>
    </p>
   </div>
   <div class='ocr_carea' id='block_1_55' title="bbox 532 5326 1574 5406">
    <p class='ocr_par' dir='ltr' id='par_1_55' title="bbox 532 5326 1574 5406">
     <span class='ocr_line' id='line_1_55' title="bbox 532 5326 1574 5406; baseline -0.018 -9"><span class='ocrx_word' id='word_1_255' title='bbox 532 5341 830 5406; x_wconf 84' lang='lat' dir='ltr'><strong>Utramque</strong></span> <span class='ocrx_word' id='word_1_256' title='bbox 868 5347 1046 5396; x_wconf 87' lang='lat' dir='ltr'><strong>tamen</strong></span> <span class='ocrx_word' id='word_1_257' title='bbox 1078 5328 1310 5384; x_wconf 84' lang='lat' dir='ltr'><strong>insulam</strong></span> <span class='ocrx_word' id='word_1_258' title='bbox 1347 5326 1574 5395; x_wconf 87' lang='lat' dir='ltr'><strong>imperio</strong></span> 
     </span>
    </p>
   </div>
   <div class='ocr_carea' id='block_1_56' title="bbox 526 5418 1501 5489">
    <p class='ocr_par' dir='ltr' id='par_1_56' title="bbox 526 5418 1501 5489">
     <span class='ocr_line' id='line_1_56' title="bbox 526 5418 1501 5489; baseline -0.019 -1"><span class='ocrx_word' id='word_1_259' title='bbox 526 5430 721 5489; x_wconf 90' lang='lat' dir='ltr'><strong>classis</strong></span> <span class='ocrx_word' id='word_1_260' title='bbox 745 5427 988 5481; x_wconf 80' lang='lat' dir='ltr'><strong>Romana</strong></span> <span class='ocrx_word' id='word_1_261' title='bbox 1024 5427 1201 5475; x_wconf 84' lang='lat' dir='ltr'><strong>denuo</strong></span> <span class='ocrx_word' id='word_1_262' title='bbox 1243 5418 1501 5473; x_wconf 87' lang='lat' dir='ltr'><strong>restituit.</strong></span> 
     </span>
    </p>
   </div>
   <div class='ocr_carea' id='block_1_57' title="bbox 532 5514 1649 5590">
    <p class='ocr_par' dir='ltr' id='par_1_57' title="bbox 532 5514 1649 5590">
     <span class='ocr_line' id='line_1_57' title="bbox 532 5514 1649 5590; baseline -0.016 -9"><span class='ocrx_word' id='word_1_263' title='bbox 532 5527 644 5581; x_wconf 89' lang='lat' dir='ltr'><strong>lloc</strong></span> <span class='ocrx_word' id='word_1_264' title='bbox 680 5523 986 5590; x_wconf 75' lang='lat' dir='ltr'><strong>imperante</strong></span> <span class='ocrx_word' id='word_1_265' title='bbox 1007 5514 1246 5576; x_wconf 68' lang='lat' dir='ltr'><strong>Caesare.</strong></span> <span class='ocrx_word' id='word_1_266' title='bbox 1282 5523 1440 5566; x_wconf 68' lang='lat' dir='ltr'><strong>terra:</strong></span> <span class='ocrx_word' id='word_1_267' title='bbox 1471 5519 1649 5564; x_wconf 87' lang='lat' dir='ltr'><strong>motus</strong></span> 
     </span>
    </p>
   </div>
   <div class='ocr_carea' id='block_1_58' title="bbox 526 5603 1628 5674">
    <p class='ocr_par' dir='ltr' id='par_1_58' title="bbox 526 5603 1628 5674">
     <span class='ocr_line' id='line_1_58' title="bbox 526 5603 1628 5674; baseline -0.018 -2"><span class='ocrx_word' id='word_1_268' title='bbox 526 5615 816 5672; x_wconf 80' lang='lat' dir='ltr'><strong>admodum</strong></span> <span class='ocrx_word' id='word_1_269' title='bbox 849 5611 1138 5666; x_wconf 83' lang='lat' dir='ltr'><strong>vehemens</strong></span> <span class='ocrx_word' id='word_1_270' title='bbox 1171 5616 1334 5674; x_wconf 88' lang='lat' dir='ltr'><strong>atque</strong></span> <span class='ocrx_word' id='word_1_271' title='bbox 1355 5613 1458 5656; x_wconf 79' lang='lat' dir='ltr'><strong>terr</strong></span> <span class='ocrx_word' id='word_1_272' title='bbox 1475 5603 1628 5654; x_wconf 79' lang='lat' dir='ltr'><strong>ilicns</strong></span> 
     </span>
    </p>
   </div>
   <div class='ocr_carea' id='block_1_59' title="bbox 527 5682 1692 5778">
    <p class='ocr_par' dir='ltr' id='par_1_59' title="bbox 527 5682 1692 5778">
     <span class='ocr_line' id='line_1_59' title="bbox 527 5682 1692 5778; baseline -0.016 -15"><span class='ocrx_word' id='word_1_273' title='bbox 527 5707 803 5778; x_wconf 77' lang='lat' dir='ltr'><strong>speciosas</strong></span> <span class='ocrx_word' id='word_1_274' title='bbox 840 5705 1025 5756; x_wconf 86' lang='lat' dir='ltr'><strong>domos</strong></span> <span class='ocrx_word' id='word_1_275' title='bbox 1061 5682 1369 5766; x_wconf 84' lang='lat' dir='ltr'><strong>templaque</strong></span> <span class='ocrx_word' id='word_1_276' title='bbox 1410 5693 1692 5776; x_wconf 58' lang='lat' dir='ltr'><strong>magniﬁca</strong></span> 
     </span>
    </p>
   </div>
   <div class='ocr_carea' id='block_1_60' title="bbox 531 5773 1632 5868">
    <p class='ocr_par' dir='ltr' id='par_1_60' title="bbox 531 5773 1632 5868">
     <span class='ocr_line' id='line_1_60' title="bbox 531 5773 1632 5868; baseline -0.016 -11"><span class='ocrx_word' id='word_1_277' title='bbox 531 5800 699 5856; x_wconf 81' lang='lat' dir='ltr'><strong>diruit</strong></span> <span class='ocrx_word' id='word_1_278' title='bbox 732 5797 957 5868; x_wconf 85' lang='lat' dir='ltr'><strong>passim,</strong></span> <span class='ocrx_word' id='word_1_279' title='bbox 989 5794 1148 5862; x_wconf 80' lang='lat' dir='ltr'><strong>vique</strong></span> <span class='ocrx_word' id='word_1_280' title='bbox 1182 5804 1280 5845; x_wconf 81' lang='lat' dir='ltr'><strong>sua</strong></span> <span class='ocrx_word' id='word_1_281' title='bbox 1303 5786 1580 5844; x_wconf 71' lang='lat' dir='ltr'><strong>cauti-ivit.</strong></span> <span class='ocrx_word' id='word_1_282' title='bbox 1630 5773 1632 5776; x_wconf 60' lang='grc'><em>’</em></span> 
     </span>
    </p>
   </div>
   <div class='ocr_carea' id='block_1_61' title="bbox 2091 457 3563 534">
    <p class='ocr_par' dir='ltr' id='par_1_61' title="bbox 2091 457 3563 534">
     <span class='ocr_line' id='line_1_61' title="bbox 2091 457 3563 534; baseline 0.003 -25"><span class='ocrx_word' id='word_1_283' title='bbox 2091 473 2138 529; x_wconf 69' lang='grc' dir='ltr'>Α</span> <span class='ocrx_word' id='word_1_284' title='bbox 2379 466 2452 517; x_wconf 72' lang='grc' dir='ltr'>υὺ</span> <span class='ocrx_word' id='word_1_285' title='bbox 2480 462 2777 534; x_wconf 83' lang='grc' dir='ltr'>χρημάτων</span> <span class='ocrx_word' id='word_1_286' title='bbox 2810 461 3011 532; x_wconf 67' lang='grc' dir='ltr'>ἥττητο</span> <span class='ocrx_word' id='word_1_287' title='bbox 3038 457 3131 511; x_wconf 73' lang='grc' dir='ltr'>καὶ</span> <span class='ocrx_word' id='word_1_288' title='bbox 3157 457 3563 529; x_wconf 73' lang='grc' dir='ltr'>χρυσαργύοου,</span> 
     </span>
    </p>
   </div>
   <div class='ocr_carea' id='block_1_62' title="bbox 2379 547 3596 622">
    <p class='ocr_par' dir='ltr' id='par_1_62' title="bbox 2379 547 3596 622">
     <span class='ocr_line' id='line_1_62' title="bbox 2379 547 3596 622; baseline -0.003 -13"><span class='ocrx_word' id='word_1_289' title='bbox 2379 555 2501 609; x_wconf 65' lang='grc' dir='ltr'><strong>0ὓέ</strong></span> <span class='ocrx_word' id='word_1_290' title='bbox 2534 547 2600 608; x_wconf 80' lang='grc' dir='ltr'>αὖ</span> <span class='ocrx_word' id='word_1_291' title='bbox 2631 551 2806 622; x_wconf 82' lang='grc' dir='ltr'>Θυμοῦ</span> <span class='ocrx_word' id='word_1_292' title='bbox 2827 569 2886 604; x_wconf 90' lang='grc' dir='ltr'><strong>τε</strong></span> <span class='ocrx_word' id='word_1_293' title='bbox 2911 554 3006 604; x_wconf 76' lang='grc' dir='ltr'><strong>καὶ</strong></span> <span class='ocrx_word' id='word_1_294' title='bbox 3035 551 3194 620; x_wconf 88' lang='grc' dir='ltr'>χόλου</span> <span class='ocrx_word' id='word_1_295' title='bbox 3222 549 3596 621; x_wconf 78' lang='grc' dir='ltr'>φθισιϐρότου,</span> 
     </span>
    </p>
   </div>
   <div class='ocr_carea' id='block_1_63' title="bbox 2381 641 3666 716">
    <p class='ocr_par' dir='ltr' id='par_1_63' title="bbox 2381 641 3666 716">
     <span class='ocr_line' id='line_1_63' title="bbox 2381 641 3666 716; baseline -0.005 -16"><span class='ocrx_word' id='word_1_296' title='bbox 2381 651 2495 716; x_wconf 80' lang='grc' dir='ltr'>Οὺχ</span> <span class='ocrx_word' id='word_1_297' title='bbox 2530 646 2846 713; x_wconf 80' lang='grc' dir='ltr'><strong>ὑπερόπτης</strong></span> <span class='ocrx_word' id='word_1_298' title='bbox 2884 644 2978 696; x_wconf 72' lang='grc' dir='ltr'><strong>καὶ</strong></span> <span class='ocrx_word' id='word_1_299' title='bbox 3015 641 3244 711; x_wconf 76' lang='grc' dir='ltr'>σοϐαρός</span> <span class='ocrx_word' id='word_1_300' title='bbox 3277 659 3363 703; x_wconf 88' lang='grc' dir='ltr'><strong>τις</strong></span> <span class='ocrx_word' id='word_1_301' title='bbox 3409 643 3666 711; x_wconf 79' lang='grc' dir='ltr'><strong>τρόπους·</strong></span> 
     </span>
    </p>
   </div>
   <div class='ocr_carea' id='block_1_64' title="bbox 2204 730 3426 806">
    <p class='ocr_par' dir='ltr' id='par_1_64' title="bbox 2204 730 3426 806">
     <span class='ocr_line' id='line_1_64' title="bbox 2204 730 3426 806; baseline -0.012 -8"><span class='ocrx_word' id='word_1_302' title='bbox 2204 744 2343 798; x_wconf 67' lang='grc' dir='ltr'><strong>διὸο</strong></span> <span class='ocrx_word' id='word_1_303' title='bbox 2386 742 2457 794; x_wconf 84' lang='grc' dir='ltr'><strong>Ἦ</strong></span> <span class='ocrx_word' id='word_1_304' title='bbox 2490 737 2854 806; x_wconf 83' lang='grc' dir='ltr'><strong>δυσπρόσιτος</strong></span> <span class='ocrx_word' id='word_1_305' title='bbox 2882 730 2952 804; x_wconf 77' lang='grc' dir='ltr'>ἦν</span> <span class='ocrx_word' id='word_1_306' title='bbox 2983 735 3246 804; x_wconf 78' lang='grc' dir='ltr'><strong>ὑπηκόοις</strong></span> <span class='ocrx_word' id='word_1_307' title='bbox 3269 733 3426 796; x_wconf 81' lang='grc' dir='ltr'>ὅλως,</span> 
     </span>
    </p>
   </div>
   <div class='ocr_carea' id='block_1_65' title="bbox 2383 823 3496 898">
    <p class='ocr_par' dir='ltr' id='par_1_65' title="bbox 2383 823 3496 898">
     <span class='ocr_line' id='line_1_65' title="bbox 2383 823 3496 898; baseline -0.012 -13"><span class='ocrx_word' id='word_1_308' title='bbox 2383 828 2452 884; x_wconf 85' lang='grc' dir='ltr'><em>Ἢ</em></span> <span class='ocrx_word' id='word_1_309' title='bbox 2483 829 2618 898; x_wconf 77' lang='grc' dir='ltr'>πρὸς</span> <span class='ocrx_word' id='word_1_310' title='bbox 2659 827 2886 880; x_wconf 82' lang='grc' dir='ltr'><strong>κόλασιν</strong></span> <span class='ocrx_word' id='word_1_311' title='bbox 2915 824 3307 893; x_wconf 76' lang='grc' dir='ltr'><strong>ἀπαραιτήτως</strong></span> <span class='ocrx_word' id='word_1_312' title='bbox 3339 823 3496 890; x_wconf 80' lang='grc' dir='ltr'>ἔχων·</span> 
     </span>
    </p>
   </div>
   <div class='ocr_carea' id='block_1_66' title="bbox 2391 913 3692 992">
    <p class='ocr_par' dir='ltr' id='par_1_66' title="bbox 2391 913 3692 992">
     <span class='ocr_line' id='line_1_66' title="bbox 2391 913 3692 992; baseline -0.012 -15"><span class='ocrx_word' id='word_1_313' title='bbox 2391 920 2707 992; x_wconf 77' lang='grc' dir='ltr'>Ἐπικλινὴς</span> <span class='ocrx_word' id='word_1_314' title='bbox 2737 919 2792 972; x_wconf 83' lang='grc' dir='ltr'>δὲ</span> <span class='ocrx_word' id='word_1_315' title='bbox 2824 918 2959 988; x_wconf 74' lang='grc' dir='ltr'>πρὸς</span> <span class='ocrx_word' id='word_1_316' title='bbox 2981 914 3399 987; x_wconf 78' lang='grc' dir='ltr'><strong>φιλανθρώπους</strong></span> <span class='ocrx_word' id='word_1_317' title='bbox 3436 913 3692 982; x_wconf 74' lang='grc' dir='ltr'>τρόπους,</span> 
     </span>
    </p>
   </div>
   <div class='ocr_carea' id='block_1_67' title="bbox 2379 1003 3457 1082">
    <p class='ocr_par' dir='ltr' id='par_1_67' title="bbox 2379 1003 3457 1082">
     <span class='ocr_line' id='line_1_67' title="bbox 2379 1003 3457 1082; baseline -0.008 -16"><span class='ocrx_word' id='word_1_318' title='bbox 2379 1013 2636 1082; x_wconf 71' lang='grc' dir='ltr'>Μέτριος,</span> <span class='ocrx_word' id='word_1_319' title='bbox 2670 1009 2822 1079; x_wconf 72' lang='grc' dir='ltr'>ἡδὺς,</span> <span class='ocrx_word' id='word_1_320' title='bbox 2854 1007 3198 1078; x_wconf 84' lang='grc' dir='ltr'>εὐπρόσιτος,</span> <span class='ocrx_word' id='word_1_321' title='bbox 3223 1003 3457 1076; x_wconf 76' lang='grc' dir='ltr'>χαρίεις,</span> 
     </span>
    </p>
   </div>
   <div class='ocr_carea' id='block_1_68' title="bbox 2385 1094 3621 1173">
    <p class='ocr_par' dir='ltr' id='par_1_68' title="bbox 2385 1094 3621 1173">
     <span class='ocr_line' id='line_1_68' title="bbox 2385 1094 3621 1173; baseline -0.005 -19"><span class='ocrx_word' id='word_1_322' title='bbox 2385 1104 2594 1173; x_wconf 53' lang='lat' dir='ltr'><strong>nmis;</strong></span> <span class='ocrx_word' id='word_1_323' title='bbox 2620 1101 2904 1170; x_wconf 85' lang='grc' dir='ltr'>φρόνησιν,</span> <span class='ocrx_word' id='word_1_324' title='bbox 2946 1100 3208 1168; x_wconf 81' lang='grc' dir='ltr'>ἀγχίνους</span> <span class='ocrx_word' id='word_1_325' title='bbox 3241 1097 3273 1165; x_wconf 80' lang='grc' dir='ltr'>ἢ</span> <span class='ocrx_word' id='word_1_326' title='bbox 3304 1094 3621 1168; x_wconf 76' lang='grc' dir='ltr'>κρυψίνους,</span> 
     </span>
    </p>
   </div>
   <div class='ocr_carea' id='block_1_69' title="bbox 2206 1187 3446 1263">
    <p class='ocr_par' dir='ltr' id='par_1_69' title="bbox 2206 1187 3446 1263">
     <span class='ocr_line' id='line_1_69' title="bbox 2206 1187 3446 1263; baseline -0.01 -12"><span class='ocrx_word' id='word_1_327' title='bbox 2206 1197 2346 1251; x_wconf 76' lang='grc'><strong>’5485</strong></span> <span class='ocrx_word' id='word_1_328' title='bbox 2399 1194 2755 1263; x_wconf 79' lang='grc' dir='ltr'>’Υπὲρμαχος</span> <span class='ocrx_word' id='word_1_329' title='bbox 2791 1189 3079 1251; x_wconf 78' lang='grc' dir='ltr'>κάλλιστος</span> <span class='ocrx_word' id='word_1_330' title='bbox 3110 1187 3446 1258; x_wconf 79' lang='grc' dir='ltr'>όρΘοδοξίας,</span> 
     </span>
    </p>
   </div>
   <div class='ocr_carea' id='block_1_70' title="bbox 2383 1278 3602 1352">
    <p class='ocr_par' dir='ltr' id='par_1_70' title="bbox 2383 1278 3602 1352">
     <span class='ocr_line' id='line_1_70' title="bbox 2383 1278 3602 1352; baseline -0.007 -13"><span class='ocrx_word' id='word_1_331' title='bbox 2383 1287 2607 1339; x_wconf 88' lang='grc' dir='ltr'>Δίαιταν</span> <span class='ocrx_word' id='word_1_332' title='bbox 2641 1283 2818 1352; x_wconf 78' lang='grc' dir='ltr'>ἁῦράν</span> <span class='ocrx_word' id='word_1_333' title='bbox 2847 1283 2908 1336; x_wconf 87' lang='grc' dir='ltr'><strong>ού</strong></span> <span class='ocrx_word' id='word_1_334' title='bbox 2948 1281 3121 1349; x_wconf 85' lang='grc' dir='ltr'>φιλῶν</span> <span class='ocrx_word' id='word_1_335' title='bbox 3143 1281 3253 1333; x_wconf 84' lang='grc' dir='ltr'>οὐδ’</span> <span class='ocrx_word' id='word_1_336' title='bbox 3281 1278 3349 1332; x_wconf 81' lang='grc' dir='ltr'><strong>αὖ</strong></span> <span class='ocrx_word' id='word_1_337' title='bbox 3381 1279 3602 1340; x_wconf 77' lang='grc' dir='ltr'>πότουςο</span> 
     </span>
    </p>
   </div>
   <div class='ocr_carea' id='block_1_71' title="bbox 2388 1371 3510 1448">
    <p class='ocr_par' dir='ltr' id='par_1_71' title="bbox 2388 1371 3510 1448">
     <span class='ocr_line' id='line_1_71' title="bbox 2388 1371 3510 1448; baseline -0.009 -17"><span class='ocrx_word' id='word_1_338' title='bbox 2388 1379 2622 1448; x_wconf 81' lang='grc' dir='ltr'>Ἀνδρας</span> <span class='ocrx_word' id='word_1_339' title='bbox 2653 1377 2866 1444; x_wconf 77' lang='grc' dir='ltr'>λογίους</span> <span class='ocrx_word' id='word_1_340' title='bbox 2896 1374 3097 1445; x_wconf 83' lang='grc' dir='ltr'>ἀρετήν</span> <span class='ocrx_word' id='word_1_341' title='bbox 3117 1373 3165 1426; x_wconf 88' lang='grc' dir='ltr'>τ’</span> <span class='ocrx_word' id='word_1_342' title='bbox 3197 1371 3510 1442; x_wconf 71' lang='grc' dir='ltr'>ἠσκηκότας</span> 
     </span>
    </p>
   </div>
   <div class='ocr_carea' id='block_1_72' title="bbox 2387 1461 3606 1534">
    <p class='ocr_par' dir='ltr' id='par_1_72' title="bbox 2387 1461 3606 1534">
     <span class='ocr_line' id='line_1_72' title="bbox 2387 1461 3606 1534; baseline -0.007 -12"><span class='ocrx_word' id='word_1_343' title='bbox 2387 1471 2568 1522; x_wconf 73' lang='grc' dir='ltr'>Σέὗων</span> <span class='ocrx_word' id='word_1_344' title='bbox 2592 1485 2650 1520; x_wconf 85' lang='grc' dir='ltr'><strong>τε</strong></span> <span class='ocrx_word' id='word_1_345' title='bbox 2687 1467 2864 1534; x_wconf 82' lang='grc' dir='ltr'>τιμῶν</span> <span class='ocrx_word' id='word_1_346' title='bbox 2885 1468 2981 1520; x_wconf 73' lang='grc' dir='ltr'><strong>καὶ</strong></span> <span class='ocrx_word' id='word_1_347' title='bbox 3011 1465 3364 1534; x_wconf 81' lang='grc' dir='ltr'>προσανέχων</span> <span class='ocrx_word' id='word_1_348' title='bbox 3396 1461 3606 1531; x_wconf 81' lang='grc' dir='ltr'>σφίσιν.</span> 
     </span>
    </p>
   </div>
   <div class='ocr_carea' id='block_1_73' title="bbox 2389 1555 3608 1631">
    <p class='ocr_par' dir='ltr' id='par_1_73' title="bbox 2389 1555 3608 1631">
     <span class='ocr_line' id='line_1_73' title="bbox 2389 1555 3608 1631; baseline -0.007 -16"><span class='ocrx_word' id='word_1_349' title='bbox 2389 1563 2664 1630; x_wconf 79' lang='grc' dir='ltr'>ἰιγγελτο</span> <span class='ocrx_word' id='word_1_350' title='bbox 2696 1561 2831 1630; x_wconf 81' lang='grc' dir='ltr'>τῷδε</span> <span class='ocrx_word' id='word_1_351' title='bbox 2863 1558 2959 1612; x_wconf 82' lang='grc' dir='ltr'>τοῦ</span> <span class='ocrx_word' id='word_1_352' title='bbox 2987 1559 3221 1631; x_wconf 81' lang='grc' dir='ltr'>κράτους</span> <span class='ocrx_word' id='word_1_353' title='bbox 3255 1555 3608 1624; x_wconf 81' lang='grc' dir='ltr'>δεδραγμένῳ</span> 
     </span>
    </p>
   </div>
   <div class='ocr_carea' id='block_1_74' title="bbox 2210 1647 3610 1722">
    <p class='ocr_par' dir='ltr' id='par_1_74' title="bbox 2210 1647 3610 1722">
     <span class='ocr_line' id='line_1_74' title="bbox 2210 1647 3610 1722; baseline -0.009 -11"><span class='ocrx_word' id='word_1_354' title='bbox 2210 1655 2348 1712; x_wconf 65' lang='grc'><strong>5490</strong></span> <span class='ocrx_word' id='word_1_355' title='bbox 2389 1655 2486 1718; x_wconf 79' lang='grc' dir='ltr'>Ὠς</span> <span class='ocrx_word' id='word_1_356' title='bbox 2519 1671 2608 1718; x_wconf 86' lang='grc' dir='ltr'><strong>τις</strong></span> <span class='ocrx_word' id='word_1_357' title='bbox 2649 1652 2850 1716; x_wconf 82' lang='grc' dir='ltr'>Ἰταλὸς</span> <span class='ocrx_word' id='word_1_358' title='bbox 2892 1652 3236 1722; x_wconf 85' lang='grc' dir='ltr'>Ῥομπέρτος</span> <span class='ocrx_word' id='word_1_359' title='bbox 3267 1647 3610 1719; x_wconf 76' lang='grc' dir='ltr'>κεκλημένος</span> 
     </span>
    </p>
   </div>
   <div class='ocr_carea' id='block_1_75' title="bbox 2387 1741 3528 1815">
    <p class='ocr_par' dir='ltr' id='par_1_75' title="bbox 2387 1741 3528 1815">
     <span class='ocr_line' id='line_1_75' title="bbox 2387 1741 3528 1815; baseline -0.009 -13"><span class='ocrx_word' id='word_1_360' title='bbox 2387 1749 2482 1810; x_wconf 86' lang='grc' dir='ltr'>Είς</span> <span class='ocrx_word' id='word_1_361' title='bbox 2521 1745 2834 1815; x_wconf 78' lang='grc' dir='ltr'>Δαλματίας</span> <span class='ocrx_word' id='word_1_362' title='bbox 2867 1744 2967 1814; x_wconf 82' lang='grc' dir='ltr'>τὴν</span> <span class='ocrx_word' id='word_1_363' title='bbox 2998 1741 3329 1808; x_wconf 77' lang='grc' dir='ltr'>Ἐπίδαμνον</span> <span class='ocrx_word' id='word_1_364' title='bbox 3368 1742 3528 1794; x_wconf 83' lang='grc' dir='ltr'>πόλιν</span> 
     </span>
    </p>
   </div>
   <div class='ocr_carea' id='block_1_76' title="bbox 2104 1824 3538 1909">
    <p class='ocr_par' dir='ltr' id='par_1_76' title="bbox 2104 1824 3538 1909">
     <span class='ocr_line' id='line_1_76' title="bbox 2104 1824 3538 1909; baseline -0.006 -15"><span class='ocrx_word' id='word_1_365' title='bbox 2104 1824 2145 1878; x_wconf 68' lang='grc' dir='ltr'><strong>Β</strong></span> <span class='ocrx_word' id='word_1_366' title='bbox 2395 1841 2499 1892; x_wconf 83' lang='grc' dir='ltr'>Σὺν</span> <span class='ocrx_word' id='word_1_367' title='bbox 2535 1839 2764 1909; x_wconf 80' lang='grc' dir='ltr'>στρατιᾷ</span> <span class='ocrx_word' id='word_1_368' title='bbox 2789 1837 2997 1906; x_wconf 82' lang='grc' dir='ltr'>κατῆρε</span> <span class='ocrx_word' id='word_1_369' title='bbox 3036 1836 3130 1888; x_wconf 78' lang='grc' dir='ltr'>καὶ</span> <span class='ocrx_word' id='word_1_370' title='bbox 3166 1836 3324 1906; x_wconf 87' lang='grc' dir='ltr'><strong>βαρεῖ</strong></span> <span class='ocrx_word' id='word_1_371' title='bbox 3348 1834 3538 1900; x_wconf 86' lang='grc' dir='ltr'>στόλῳ.</span> 
     </span>
    </p>
   </div>
   <div class='ocr_carea' id='block_1_77' title="bbox 2401 1925 3580 1996">
    <p class='ocr_par' dir='ltr' id='par_1_77' title="bbox 2401 1925 3580 1996">
     <span class='ocr_line' id='line_1_77' title="bbox 2401 1925 3580 1996; baseline -0.008 -12"><span class='ocrx_word' id='word_1_372' title='bbox 2401 1930 2610 1996; x_wconf 77' lang='grc' dir='ltr'>Ἐξεισι</span> <span class='ocrx_word' id='word_1_373' title='bbox 2630 1929 2811 1982; x_wconf 80' lang='grc' dir='ltr'>τοίνυν</span> <span class='ocrx_word' id='word_1_374' title='bbox 2841 1926 3248 1996; x_wconf 72' lang='grc' dir='ltr'>ἐκστρατεύσας</span> <span class='ocrx_word' id='word_1_375' title='bbox 3273 1926 3300 1977; x_wconf 90' lang='grc' dir='ltr'><strong>ό</strong></span> <span class='ocrx_word' id='word_1_376' title='bbox 3335 1925 3580 1993; x_wconf 75' lang='grc' dir='ltr'>κράτωρ.</span> 
     </span>
    </p>
   </div>
   <div class='ocr_carea' id='block_1_78' title="bbox 2394 2014 3684 2092">
    <p class='ocr_par' dir='ltr' id='par_1_78' title="bbox 2394 2014 3684 2092">
     <span class='ocr_line' id='line_1_78' title="bbox 2394 2014 3684 2092; baseline -0.009 -17"><span class='ocrx_word' id='word_1_377' title='bbox 2394 2025 2501 2075; x_wconf 75' lang='grc' dir='ltr'><strong>Καὶ</strong></span> <span class='ocrx_word' id='word_1_378' title='bbox 2526 2023 2642 2092; x_wconf 78' lang='grc' dir='ltr'>τῇδ’</span> <span class='ocrx_word' id='word_1_379' title='bbox 2672 2021 2901 2082; x_wconf 83' lang='grc' dir='ltr'>ὲπιστάς</span> <span class='ocrx_word' id='word_1_380' title='bbox 2933 2015 3280 2086; x_wconf 79' lang='grc' dir='ltr'>συμπλακείς</span> <span class='ocrx_word' id='word_1_381' title='bbox 3301 2017 3350 2068; x_wconf 86' lang='grc' dir='ltr'>τ’</span> <span class='ocrx_word' id='word_1_382' title='bbox 3377 2014 3684 2082; x_wconf 77' lang='grc' dir='ltr'>ἀντιπάλῳ,</span> 
     </span>
    </p>
   </div>
   <div class='ocr_carea' id='block_1_79' title="bbox 2215 2108 3672 2186">
    <p class='ocr_par' dir='ltr' id='par_1_79' title="bbox 2215 2108 3672 2186">
     <span class='ocr_line' id='line_1_79' title="bbox 2215 2108 3672 2186; baseline -0.01 -13"><span class='ocrx_word' id='word_1_383' title='bbox 2215 2119 2354 2173; x_wconf 75' lang='grc'><strong>5495</strong></span> <span class='ocrx_word' id='word_1_384' title='bbox 2398 2118 2680 2186; x_wconf 81' lang='grc' dir='ltr'>Πέφευγεν</span> <span class='ocrx_word' id='word_1_385' title='bbox 2709 2109 2866 2172; x_wconf 74' lang='grc' dir='ltr'>οὗτος</span> <span class='ocrx_word' id='word_1_386' title='bbox 2911 2111 3187 2173; x_wconf 80' lang='grc' dir='ltr'>δυσκλεῶς</span> <span class='ocrx_word' id='word_1_387' title='bbox 3225 2111 3290 2161; x_wconf 73' lang='grc' dir='ltr'>ἐκ</span> <span class='ocrx_word' id='word_1_388' title='bbox 3329 2109 3428 2170; x_wconf 81' lang='grc' dir='ltr'><strong>τῆς</strong></span> <span class='ocrx_word' id='word_1_389' title='bbox 3466 2108 3672 2176; x_wconf 72' lang='grc' dir='ltr'>μάχης,</span> 
     </span>
    </p>
   </div>
   <div class='ocr_carea' id='block_1_80' title="bbox 2393 2202 3520 2280">
    <p class='ocr_par' dir='ltr' id='par_1_80' title="bbox 2393 2202 3520 2280">
     <span class='ocr_line' id='line_1_80' title="bbox 2393 2202 3520 2280; baseline -0.009 -18"><span class='ocrx_word' id='word_1_390' title='bbox 2393 2211 2502 2280; x_wconf 80' lang='grc' dir='ltr'><strong>Τῆς</strong></span> <span class='ocrx_word' id='word_1_391' title='bbox 2547 2207 2861 2277; x_wconf 76' lang='grc' dir='ltr'>Ῥωμαϊκῆς</span> <span class='ocrx_word' id='word_1_392' title='bbox 2894 2207 3156 2275; x_wconf 83' lang='grc' dir='ltr'>στρατιᾶς</span> <span class='ocrx_word' id='word_1_393' title='bbox 3187 2202 3520 2271; x_wconf 49' lang='grc' dir='ltr'>ἡττημένης</span> 
     </span>
    </p>
   </div>
   <div class='ocr_carea' id='block_1_81' title="bbox 2394 2291 3751 2370">
    <p class='ocr_par' dir='ltr' id='par_1_81' title="bbox 2394 2291 3751 2370">
     <span class='ocr_line' id='line_1_81' title="bbox 2394 2291 3751 2370; baseline -0.011 -14"><span class='ocrx_word' id='word_1_394' title='bbox 2394 2302 2504 2356; x_wconf 76' lang='grc' dir='ltr'><strong>Καὶ</strong></span> <span class='ocrx_word' id='word_1_395' title='bbox 2535 2300 2792 2370; x_wconf 78' lang='grc' dir='ltr'>βασιλεὺς</span> <span class='ocrx_word' id='word_1_396' title='bbox 2823 2297 2924 2368; x_wconf 83' lang='grc' dir='ltr'><strong>μὲν</strong></span> <span class='ocrx_word' id='word_1_397' title='bbox 2954 2297 3052 2369; x_wconf 82' lang='grc' dir='ltr'>τὴν</span> <span class='ocrx_word' id='word_1_398' title='bbox 3080 2294 3500 2349; x_wconf 78' lang='grc' dir='ltr'>Κωνσταντινου</span> <span class='ocrx_word' id='word_1_399' title='bbox 3537 2291 3751 2360; x_wconf 71' lang='grc' dir='ltr'>φθάνειν</span> 
     </span>
    </p>
   </div>
   <div class='ocr_carea' id='block_1_82' title="bbox 2393 2383 3753 2462">
    <p class='ocr_par' dir='ltr' id='par_1_82' title="bbox 2393 2383 3753 2462">
     <span class='ocr_line' id='line_1_82' title="bbox 2393 2383 3753 2462; baseline -0.013 -14"><span class='ocrx_word' id='word_1_400' title='bbox 2393 2397 2455 2448; x_wconf 89' lang='grc' dir='ltr'><strong>Οἱ</strong></span> <span class='ocrx_word' id='word_1_401' title='bbox 2501 2392 2780 2462; x_wconf 76' lang='grc' dir='ltr'>Βάρὸαροι</span> <span class='ocrx_word' id='word_1_402' title='bbox 2827 2390 2884 2441; x_wconf 75' lang='grc' dir='ltr'>δὲ</span> <span class='ocrx_word' id='word_1_403' title='bbox 2927 2389 3026 2441; x_wconf 71' lang='grc' dir='ltr'>σὺν</span> <span class='ocrx_word' id='word_1_404' title='bbox 3072 2386 3392 2456; x_wconf 83' lang='grc' dir='ltr'>στρατάρχῃ</span> <span class='ocrx_word' id='word_1_405' title='bbox 3431 2383 3753 2452; x_wconf 78' lang='grc' dir='ltr'>Ῥομπέρτῳ</span> 
     </span>
    </p>
   </div>
   <div class='ocr_carea' id='block_1_83' title="bbox 2393 2477 3339 2555">
    <p class='ocr_par' dir='ltr' id='par_1_83' title="bbox 2393 2477 3339 2555">
     <span class='ocr_line' id='line_1_83' title="bbox 2393 2477 3339 2555; baseline -0.011 -16"><span class='ocrx_word' id='word_1_406' title='bbox 2393 2483 2802 2555; x_wconf 79' lang='grc' dir='ltr'>Λεηλατοῦντες</span> <span class='ocrx_word' id='word_1_407' title='bbox 2839 2479 3128 2549; x_wconf 78' lang='grc' dir='ltr'>Ῥωμαϊκὰ</span> <span class='ocrx_word' id='word_1_408' title='bbox 3159 2477 3339 2548; x_wconf 81' lang='grc' dir='ltr'>χωρία</span> 
     </span>
    </p>
   </div>
   <div class='ocr_carea' id='block_1_84' title="bbox 2219 2565 3566 2645">
    <p class='ocr_par' dir='ltr' id='par_1_84' title="bbox 2219 2565 3566 2645">
     <span class='ocr_line' id='line_1_84' title="bbox 2219 2565 3566 2645; baseline -0.013 -13"><span class='ocrx_word' id='word_1_409' title='bbox 2219 2577 2360 2633; x_wconf 71' lang='lat'><strong>5500</strong></span> <span class='ocrx_word' id='word_1_410' title='bbox 2397 2576 2680 2645; x_wconf 70' lang='grc' dir='ltr'>Λάρισσαν</span> <span class='ocrx_word' id='word_1_411' title='bbox 2715 2568 2862 2625; x_wconf 83' lang='grc' dir='ltr'>εἷλον</span> <span class='ocrx_word' id='word_1_412' title='bbox 2889 2571 2982 2623; x_wconf 78' lang='grc' dir='ltr'>καὶ</span> <span class='ocrx_word' id='word_1_413' title='bbox 3011 2567 3324 2638; x_wconf 81' lang='grc' dir='ltr'>Καστορίαν</span> <span class='ocrx_word' id='word_1_414' title='bbox 3361 2565 3566 2627; x_wconf 87' lang='grc' dir='ltr'>πόλεις·</span> 
     </span>
    </p>
   </div>
   <div class='ocr_carea' id='block_1_85' title="bbox 2399 2656 3576 2731">
    <p class='ocr_par' dir='ltr' id='par_1_85' title="bbox 2399 2656 3576 2731">
     <span class='ocr_line' id='line_1_85' title="bbox 2399 2656 3576 2731; baseline -0.008 -12"><span class='ocrx_word' id='word_1_415' title='bbox 2399 2666 2608 2731; x_wconf 70' lang='grc' dir='ltr'>Ἐξεισι</span> <span class='ocrx_word' id='word_1_416' title='bbox 2637 2664 2822 2717; x_wconf 73' lang='grc' dir='ltr'>λοιπδν</span> <span class='ocrx_word' id='word_1_417' title='bbox 2858 2661 3002 2716; x_wconf 78' lang='grc' dir='ltr'><strong>κατά</strong></span> <span class='ocrx_word' id='word_1_418' title='bbox 3039 2659 3382 2729; x_wconf 78' lang='grc' dir='ltr'>Ῥομπὲρτου</span> <span class='ocrx_word' id='word_1_419' title='bbox 3414 2656 3576 2709; x_wconf 80' lang='grc' dir='ltr'>πάλιν</span> 
     </span>
    </p>
   </div>
   <div class='ocr_carea' id='block_1_86' title="bbox 2401 2749 3510 2822">
    <p class='ocr_par' dir='ltr' id='par_1_86' title="bbox 2401 2749 3510 2822">
     <span class='ocr_line' id='line_1_86' title="bbox 2401 2749 3510 2822; baseline -0.01 -11"><span class='ocrx_word' id='word_1_420' title='bbox 2401 2759 2573 2822; x_wconf 77' lang='grc' dir='ltr'>’Λναξ</span> <span class='ocrx_word' id='word_1_421' title='bbox 2601 2759 2628 2810; x_wconf 87' lang='grc' dir='ltr'>ὁ</span> <span class='ocrx_word' id='word_1_422' title='bbox 2653 2755 2861 2816; x_wconf 76' lang='grc' dir='ltr'>κλεινὸς</span> <span class='ocrx_word' id='word_1_423' title='bbox 2906 2753 3006 2805; x_wconf 77' lang='grc' dir='ltr'><strong>σὺν</strong></span> <span class='ocrx_word' id='word_1_424' title='bbox 3047 2751 3280 2819; x_wconf 80' lang='grc' dir='ltr'>στρατιᾷ</span> <span class='ocrx_word' id='word_1_425' title='bbox 3315 2749 3510 2819; x_wconf 76' lang='grc' dir='ltr'>μυρίᾳ,</span> 
     </span>
    </p>
   </div>
   <div class='ocr_carea' id='block_1_87' title="bbox 2399 2837 3475 2918">
    <p class='ocr_par' dir='ltr' id='par_1_87' title="bbox 2399 2837 3475 2918">
     <span class='ocr_line' id='line_1_87' title="bbox 2399 2837 3475 2918; baseline -0.013 -13"><span class='ocrx_word' id='word_1_426' title='bbox 2399 2854 2510 2905; x_wconf 73' lang='grc' dir='ltr'><strong>Καὶ</strong></span> <span class='ocrx_word' id='word_1_427' title='bbox 2541 2837 2851 2918; x_wconf 75' lang='grc' dir='ltr'>Καστορίαν</span> <span class='ocrx_word' id='word_1_428' title='bbox 2883 2842 3260 2913; x_wconf 77' lang='grc' dir='ltr'>ἀναλαμϐάνει</span> <span class='ocrx_word' id='word_1_429' title='bbox 3288 2840 3475 2901; x_wconf 83' lang='grc' dir='ltr'>πάλιν,</span> 
     </span>
    </p>
   </div>
   <div class='ocr_carea' id='block_1_88' title="bbox 2405 2932 3579 3008">
    <p class='ocr_par' dir='ltr' id='par_1_88' title="bbox 2405 2932 3579 3008">
     <span class='ocr_line' id='line_1_88' title="bbox 2405 2932 3579 3008; baseline -0.01 -13"><span class='ocrx_word' id='word_1_430' title='bbox 2405 2945 2510 2995; x_wconf 76' lang='grc' dir='ltr'>Καὶ</span> <span class='ocrx_word' id='word_1_431' title='bbox 2550 2942 2882 3008; x_wconf 83' lang='grc' dir='ltr'>Ῥομπέρτον</span> <span class='ocrx_word' id='word_1_432' title='bbox 2907 2937 3119 3006; x_wconf 80' lang='grc' dir='ltr'>μέτεισι</span> <span class='ocrx_word' id='word_1_433' title='bbox 3145 2932 3579 3004; x_wconf 74' lang='grc' dir='ltr'>δραματουργία·</span> 
     </span>
    </p>
   </div>
   <div class='ocr_carea' id='block_1_89' title="bbox 2225 3026 3619 3100">
    <p class='ocr_par' dir='ltr' id='par_1_89' title="bbox 2225 3026 3619 3100">
     <span class='ocr_line' id='line_1_89' title="bbox 2225 3026 3619 3100; baseline -0.011 -10"><span class='ocrx_word' id='word_1_434' title='bbox 2225 3035 2366 3090; x_wconf 74' lang='grc'><strong>5505</strong></span> <span class='ocrx_word' id='word_1_435' title='bbox 2407 3035 2594 3094; x_wconf 86' lang='grc' dir='ltr'>Ὅπως</span> <span class='ocrx_word' id='word_1_436' title='bbox 2627 3049 2683 3084; x_wconf 87' lang='grc' dir='ltr'><strong>τε</strong></span> <span class='ocrx_word' id='word_1_437' title='bbox 2716 3031 2903 3100; x_wconf 76' lang='grc' dir='ltr'>δρᾶμα</span> <span class='ocrx_word' id='word_1_438' title='bbox 2935 3026 3365 3097; x_wconf 83' lang='grc' dir='ltr'>συμπέπλασται</span> <span class='ocrx_word' id='word_1_439' title='bbox 3401 3026 3619 3095; x_wconf 78' lang='grc' dir='ltr'>ῥητέονο</span> 
     </span>
    </p>
   </div>
   <div class='ocr_carea' id='block_1_90' title="bbox 2114 3117 3514 3214">
    <p class='ocr_par' dir='ltr' id='par_1_90' title="bbox 2114 3117 3514 3214">
     <span class='ocr_line' id='line_1_90' title="bbox 2114 3117 3514 3214; baseline -0.01 -34"><span class='ocrx_word' id='word_1_440' title='bbox 2114 3155 2160 3214; x_wconf 78' lang='lat' dir='ltr'>C</span> <span class='ocrx_word' id='word_1_441' title='bbox 2401 3126 2593 3195; x_wconf 80' lang='grc' dir='ltr'>Σχῆμα</span> <span class='ocrx_word' id='word_1_442' title='bbox 2627 3121 2974 3192; x_wconf 77' lang='grc' dir='ltr'>περιτίθησιν</span> <span class='ocrx_word' id='word_1_443' title='bbox 3011 3118 3242 3189; x_wconf 83' lang='grc' dir='ltr'>ἀρχικὸν</span> <span class='ocrx_word' id='word_1_444' title='bbox 3289 3117 3514 3186; x_wconf 82' lang='grc' dir='ltr'>κράτωρ</span> 
     </span>
    </p>
   </div>
   <div class='ocr_carea' id='block_1_91' title="bbox 2403 3207 3634 3281">
    <p class='ocr_par' dir='ltr' id='par_1_91' title="bbox 2403 3207 3634 3281">
     <span class='ocr_line' id='line_1_91' title="bbox 2403 3207 3634 3281; baseline -0.015 -10"><span class='ocrx_word' id='word_1_445' title='bbox 2403 3215 2580 3271; x_wconf 77' lang='grc' dir='ltr'>Αὑτοῦ</span> <span class='ocrx_word' id='word_1_446' title='bbox 2605 3214 2652 3268; x_wconf 83' lang='grc' dir='ltr'>τ’</span> <span class='ocrx_word' id='word_1_447' title='bbox 2677 3212 2888 3281; x_wconf 68' lang='grc' dir='ltr'>ἀδελφῷ</span> <span class='ocrx_word' id='word_1_448' title='bbox 2921 3212 3015 3263; x_wconf 75' lang='grc' dir='ltr'><strong>καὶ</strong></span> <span class='ocrx_word' id='word_1_449' title='bbox 3045 3209 3306 3278; x_wconf 68' lang='grc' dir='ltr'>στρατιὰν</span> <span class='ocrx_word' id='word_1_450' title='bbox 3338 3207 3634 3277; x_wconf 78' lang='grc' dir='ltr'>προσνέμει.</span> 
     </span>
    </p>
   </div>
   <div class='ocr_carea' id='block_1_92' title="bbox 2408 3296 3668 3372">
    <p class='ocr_par' dir='ltr' id='par_1_92' title="bbox 2408 3296 3668 3372">
     <span class='ocr_line' id='line_1_92' title="bbox 2408 3296 3668 3372; baseline -0.01 -13"><span class='ocrx_word' id='word_1_451' title='bbox 2408 3307 2516 3360; x_wconf 77' lang='grc' dir='ltr'>Καί</span> <span class='ocrx_word' id='word_1_452' title='bbox 2549 3308 2598 3359; x_wconf 87' lang='grc' dir='ltr'><strong>οί</strong></span> <span class='ocrx_word' id='word_1_453' title='bbox 2631 3305 2771 3359; x_wconf 85' lang='grc' dir='ltr'><strong>κατά</strong></span> <span class='ocrx_word' id='word_1_454' title='bbox 2812 3305 3071 3372; x_wconf 77' lang='grc' dir='ltr'>φάλαγγα</span> <span class='ocrx_word' id='word_1_455' title='bbox 3116 3299 3277 3369; x_wconf 77' lang='grc' dir='ltr'>τήνδε</span> <span class='ocrx_word' id='word_1_456' title='bbox 3325 3296 3668 3366; x_wconf 84' lang='grc' dir='ltr'>Ῥομπέρτου</span> 
     </span>
    </p>
   </div>
   <div class='ocr_carea' id='block_1_93' title="bbox 2408 3388 3454 3466">
    <p class='ocr_par' dir='ltr' id='par_1_93' title="bbox 2408 3388 3454 3466">
     <span class='ocr_line' id='line_1_93' title="bbox 2408 3388 3454 3466; baseline -0.01 -16"><span class='ocrx_word' id='word_1_457' title='bbox 2408 3399 2613 3466; x_wconf 75' lang='grc' dir='ltr'>Στῆσαι</span> <span class='ocrx_word' id='word_1_458' title='bbox 2651 3394 3050 3466; x_wconf 82' lang='grc' dir='ltr'>παρηγγύησεν</span> <span class='ocrx_word' id='word_1_459' title='bbox 3085 3388 3454 3458; x_wconf 73' lang='grc' dir='ltr'>εύεπηϐόλωςο</span> 
     </span>
    </p>
   </div>
   <div class='ocr_carea' id='block_1_94' title="bbox 2233 3480 3700 3559">
    <p class='ocr_par' dir='ltr' id='par_1_94' title="bbox 2233 3480 3700 3559">
     <span class='ocr_line' id='line_1_94' title="bbox 2233 3480 3700 3559; baseline -0.011 -13"><span class='ocrx_word' id='word_1_460' title='bbox 2233 3491 2372 3546; x_wconf 76' lang='grc'><strong>5510</strong></span> <span class='ocrx_word' id='word_1_461' title='bbox 2411 3491 2527 3545; x_wconf 80' lang='grc' dir='ltr'><strong>Κᾶν</strong></span> <span class='ocrx_word' id='word_1_462' title='bbox 2561 3491 2658 3559; x_wconf 83' lang='grc' dir='ltr'><strong>μὲν</strong></span> <span class='ocrx_word' id='word_1_463' title='bbox 2685 3489 2807 3542; x_wconf 83' lang='grc' dir='ltr'>κατ’</span> <span class='ocrx_word' id='word_1_464' title='bbox 2829 3485 2992 3540; x_wconf 83' lang='grc' dir='ltr'>αύτοῦ</span> <span class='ocrx_word' id='word_1_465' title='bbox 3027 3487 3258 3554; x_wconf 69' lang='grc' dir='ltr'>συγκινῇ</span> <span class='ocrx_word' id='word_1_466' title='bbox 3287 3481 3386 3544; x_wconf 77' lang='grc' dir='ltr'>τὰς</span> <span class='ocrx_word' id='word_1_467' title='bbox 3415 3480 3700 3548; x_wconf 77' lang='grc' dir='ltr'>δυνάμεις,</span> 
     </span>
    </p>
   </div>
   <div class='ocr_carea' id='block_1_95' title="bbox 2401 3571 3656 3652">
    <p class='ocr_par' dir='ltr' id='par_1_95' title="bbox 2401 3571 3656 3652">
     <span class='ocr_line' id='line_1_95' title="bbox 2401 3571 3656 3652; baseline -0.012 -17"><span class='ocrx_word' id='word_1_468' title='bbox 2401 3581 2725 3652; x_wconf 70' lang='grc' dir='ltr'>Στρέψαντα</span> <span class='ocrx_word' id='word_1_469' title='bbox 2751 3579 2895 3632; x_wconf 78' lang='grc' dir='ltr'>νῶτα</span> <span class='ocrx_word' id='word_1_470' title='bbox 2925 3575 3309 3646; x_wconf 81' lang='grc' dir='ltr'>προτροπάδην</span> <span class='ocrx_word' id='word_1_471' title='bbox 3339 3571 3656 3640; x_wconf 76' lang='grc' dir='ltr'>φυγγάνειν·</span> 
     </span>
    </p>
   </div>
   <div class='ocr_carea' id='block_1_96' title="bbox 2408 3665 3442 3742">
    <p class='ocr_par' dir='ltr' id='par_1_96' title="bbox 2408 3665 3442 3742">
     <span class='ocr_line' id='line_1_96' title="bbox 2408 3665 3442 3742; baseline -0.01 -15"><span class='ocrx_word' id='word_1_472' title='bbox 2408 3675 2485 3727; x_wconf 76' lang='grc' dir='ltr'><strong>Δι’</strong></span> <span class='ocrx_word' id='word_1_473' title='bbox 2506 3674 2726 3742; x_wconf 82' lang='grc' dir='ltr'>ἀφανῶν</span> <span class='ocrx_word' id='word_1_474' title='bbox 2750 3672 2806 3726; x_wconf 85' lang='grc' dir='ltr'>δὲ</span> <span class='ocrx_word' id='word_1_475' title='bbox 2833 3670 3112 3724; x_wconf 71' lang='grc' dir='ltr'>δυσϐάτων</span> <span class='ocrx_word' id='word_1_476' title='bbox 3138 3684 3196 3719; x_wconf 83' lang='grc' dir='ltr'><strong>τε</strong></span> <span class='ocrx_word' id='word_1_477' title='bbox 3231 3665 3442 3736; x_wconf 85' lang='grc' dir='ltr'>χωρίων</span> 
     </span>
    </p>
   </div>
   <div class='ocr_carea' id='block_1_97' title="bbox 2412 3757 3518 3829">
    <p class='ocr_par' dir='ltr' id='par_1_97' title="bbox 2412 3757 3518 3829">
     <span class='ocr_line' id='line_1_97' title="bbox 2412 3757 3518 3829; baseline -0.013 -8"><span class='ocrx_word' id='word_1_478' title='bbox 2412 3767 2586 3829; x_wconf 79' lang='grc' dir='ltr'>Ἀναξ</span> <span class='ocrx_word' id='word_1_479' title='bbox 2613 3764 2828 3825; x_wconf 82' lang='grc' dir='ltr'>διεκδὺς</span> <span class='ocrx_word' id='word_1_480' title='bbox 2861 3765 2959 3816; x_wconf 76' lang='grc' dir='ltr'><strong>σὺν</strong></span> <span class='ocrx_word' id='word_1_481' title='bbox 2994 3759 3241 3820; x_wconf 83' lang='grc' dir='ltr'>ὁπλίταις</span> <span class='ocrx_word' id='word_1_482' title='bbox 3267 3757 3518 3827; x_wconf 84' lang='grc' dir='ltr'>βραχέσι,</span> 
     </span>
    </p>
   </div>
   <div class='ocr_carea' id='block_1_98' title="bbox 2409 3851 3488 3930">
    <p class='ocr_par' dir='ltr' id='par_1_98' title="bbox 2409 3851 3488 3930">
     <span class='ocr_line' id='line_1_98' title="bbox 2409 3851 3488 3930; baseline -0.013 -17"><span class='ocrx_word' id='word_1_483' title='bbox 2409 3859 2673 3930; x_wconf 74' lang='grc' dir='ltr'>Δηῖζεται</span> <span class='ocrx_word' id='word_1_484' title='bbox 2710 3857 2924 3926; x_wconf 81' lang='grc' dir='ltr'>χάρακα</span> <span class='ocrx_word' id='word_1_485' title='bbox 2965 3855 3145 3907; x_wconf 85' lang='grc' dir='ltr'>πάντα</span> <span class='ocrx_word' id='word_1_486' title='bbox 3171 3851 3488 3922; x_wconf 71' lang='grc' dir='ltr'>βαρϐάρων,</span> 
     </span>
    </p>
   </div>
   <div class='ocr_carea' id='block_1_99' title="bbox 2236 3941 3520 4018">
    <p class='ocr_par' dir='ltr' id='par_1_99' title="bbox 2236 3941 3520 4018">
     <span class='ocr_line' id='line_1_99' title="bbox 2236 3941 3520 4018; baseline -0.012 -11"><span class='ocrx_word' id='word_1_487' title='bbox 2236 3951 2378 4007; x_wconf 74' lang='grc'><strong>5515</strong></span> <span class='ocrx_word' id='word_1_488' title='bbox 2413 3951 2523 4004; x_wconf 70' lang='grc' dir='ltr'>Καὶ</span> <span class='ocrx_word' id='word_1_489' title='bbox 2555 3950 2683 4011; x_wconf 79' lang='grc' dir='ltr'>τοὺς</span> <span class='ocrx_word' id='word_1_490' title='bbox 2713 3951 2770 4000; x_wconf 77' lang='grc' dir='ltr'>ἐν</span> <span class='ocrx_word' id='word_1_491' title='bbox 2802 3946 2952 4017; x_wconf 85' lang='grc' dir='ltr'>αύτῷ</span> <span class='ocrx_word' id='word_1_492' title='bbox 2982 3945 3323 4018; x_wconf 74' lang='grc' dir='ltr'>παραδίδωσι</span> <span class='ocrx_word' id='word_1_493' title='bbox 3356 3941 3520 4008; x_wconf 76' lang='grc' dir='ltr'>ξίφειο</span> 
     </span>
    </p>
   </div>
   <div class='ocr_carea' id='block_1_100' title="bbox 2417 4029 3556 4110">
    <p class='ocr_par' dir='ltr' id='par_1_100' title="bbox 2417 4029 3556 4110">
     <span class='ocr_line' id='line_1_100' title="bbox 2417 4029 3556 4110; baseline -0.013 -15"><span class='ocrx_word' id='word_1_494' title='bbox 2417 4043 2482 4094; x_wconf 84' lang='grc' dir='ltr'><em>Ὃ</em></span> <span class='ocrx_word' id='word_1_495' title='bbox 2504 4039 2791 4110; x_wconf 82' lang='grc' dir='ltr'>Βὰρόαρος</span> <span class='ocrx_word' id='word_1_496' title='bbox 2825 4037 2986 4106; x_wconf 78' lang='grc' dir='ltr'>γνοὺς</span> <span class='ocrx_word' id='word_1_497' title='bbox 3030 4035 3318 4105; x_wconf 70' lang='grc' dir='ltr'>συσχεθεὶς</span> <span class='ocrx_word' id='word_1_498' title='bbox 3346 4029 3556 4100; x_wconf 74' lang='grc' dir='ltr'>ἀθυμίᾳ</span> 
     </span>
    </p>
   </div>
   <div class='ocr_carea' id='block_1_101' title="bbox 2412 4123 3610 4204">
    <p class='ocr_par' dir='ltr' id='par_1_101' title="bbox 2412 4123 3610 4204">
     <span class='ocr_line' id='line_1_101' title="bbox 2412 4123 3610 4204; baseline -0.011 -18"><span class='ocrx_word' id='word_1_499' title='bbox 2412 4135 2646 4204; x_wconf 83' lang='grc' dir='ltr'>Παρεῖτο</span> <span class='ocrx_word' id='word_1_500' title='bbox 2667 4133 2854 4203; x_wconf 82' lang='grc' dir='ltr'>χεῖρας</span> <span class='ocrx_word' id='word_1_501' title='bbox 2878 4131 2973 4183; x_wconf 78' lang='grc' dir='ltr'>καὶ</span> <span class='ocrx_word' id='word_1_502' title='bbox 3017 4132 3189 4198; x_wconf 84' lang='grc' dir='ltr'>δέμας</span> <span class='ocrx_word' id='word_1_503' title='bbox 3232 4127 3326 4178; x_wconf 77' lang='grc' dir='ltr'><strong>καὶ</strong></span> <span class='ocrx_word' id='word_1_504' title='bbox 3356 4123 3610 4194; x_wconf 83' lang='grc' dir='ltr'>καρδίαν,</span> 
     </span>
    </p>
   </div>
   <div class='ocr_carea' id='block_1_102' title="bbox 2413 4217 3666 4294">
    <p class='ocr_par' dir='ltr' id='par_1_102' title="bbox 2413 4217 3666 4294">
     <span class='ocr_line' id='line_1_102' title="bbox 2413 4217 3666 4294; baseline -0.009 -14"><span class='ocrx_word' id='word_1_505' title='bbox 2413 4228 2524 4280; x_wconf 71' lang='grc' dir='ltr'><strong>Καὶ</strong></span> <span class='ocrx_word' id='word_1_506' title='bbox 2552 4227 2753 4287; x_wconf 84' lang='grc' dir='ltr'>πάντες</span> <span class='ocrx_word' id='word_1_507' title='bbox 2781 4223 3064 4294; x_wconf 83' lang='grc' dir='ltr'>ἀπῴχοντο</span> <span class='ocrx_word' id='word_1_508' title='bbox 3087 4221 3224 4294; x_wconf 82' lang='grc' dir='ltr'>πρὸς</span> <span class='ocrx_word' id='word_1_509' title='bbox 3252 4220 3400 4287; x_wconf 84' lang='grc' dir='ltr'>σφῶν</span> <span class='ocrx_word' id='word_1_510' title='bbox 3423 4217 3666 4286; x_wconf 81' lang='grc' dir='ltr'>πατρίδα</span> 
     </span>
    </p>
   </div>
   <div class='ocr_carea' id='block_1_103' title="bbox 2410 4303 3660 4384">
    <p class='ocr_par' dir='ltr' id='par_1_103' title="bbox 2410 4303 3660 4384">
     <span class='ocr_line' id='line_1_103' title="bbox 2410 4303 3660 4384; baseline -0.01 -15"><span class='ocrx_word' id='word_1_511' title='bbox 2410 4315 2742 4384; x_wconf 75' lang='grc' dir='ltr'>Ὠφληκότες</span> <span class='ocrx_word' id='word_1_512' title='bbox 2773 4311 3006 4380; x_wconf 72' lang='grc' dir='ltr'>γέλωτα,</span> <span class='ocrx_word' id='word_1_513' title='bbox 3032 4308 3167 4379; x_wconf 79' lang='grc' dir='ltr'>πρὸς</span> <span class='ocrx_word' id='word_1_514' title='bbox 3195 4307 3240 4360; x_wconf 83' lang='grc' dir='ltr'>δ’</span> <span class='ocrx_word' id='word_1_515' title='bbox 3273 4303 3339 4361; x_wconf 79' lang='grc' dir='ltr'><strong>αὖ</strong></span> <span class='ocrx_word' id='word_1_516' title='bbox 3371 4305 3660 4374; x_wconf 64' lang='grc' dir='ltr'>αἰσχύνην</span> 
     </span>
    </p>
   </div>
   <div class='ocr_carea' id='block_1_104' title="bbox 2236 4396 3750 4473">
    <p class='ocr_par' dir='ltr' id='par_1_104' title="bbox 2236 4396 3750 4473">
     <span class='ocr_line' id='line_1_104' title="bbox 2236 4396 3750 4473; baseline -0.011 -12"><span class='ocrx_word' id='word_1_517' title='bbox 2236 4405 2376 4463; x_wconf 69' lang='grc' dir='ltr'><strong>3ὅ20</strong></span> <span class='ocrx_word' id='word_1_518' title='bbox 2415 4405 2528 4458; x_wconf 83' lang='grc' dir='ltr'>Καὶ</span> <span class='ocrx_word' id='word_1_519' title='bbox 2556 4403 2797 4473; x_wconf 80' lang='grc' dir='ltr'>Τοῦρκος</span> <span class='ocrx_word' id='word_1_520' title='bbox 2839 4401 2994 4464; x_wconf 73' lang='grc' dir='ltr'>αὖθις</span> <span class='ocrx_word' id='word_1_521' title='bbox 3041 4400 3260 4469; x_wconf 73' lang='grc' dir='ltr'>Τςαχᾶς</span> <span class='ocrx_word' id='word_1_522' title='bbox 3289 4415 3372 4459; x_wconf 87' lang='grc' dir='ltr'><strong>τις</strong></span> <span class='ocrx_word' id='word_1_523' title='bbox 3409 4396 3750 4466; x_wconf 75' lang='grc' dir='ltr'>κεκλημένος</span> 
     </span>
    </p>
   </div>
   <div class='ocr_carea' id='block_1_105' title="bbox 2135 4488 3575 4564">
    <p class='ocr_par' dir='ltr' id='par_1_105' title="bbox 2135 4488 3575 4564">
     <span class='ocr_line' id='line_1_105' title="bbox 2135 4488 3575 4564; baseline -0.015 -6"><span class='ocrx_word' id='word_1_524' title='bbox 2135 4505 2178 4558; x_wconf 79' lang='grc' dir='ltr'><strong>ι)</strong></span> <span class='ocrx_word' id='word_1_525' title='bbox 2413 4496 2545 4551; x_wconf 86' lang='grc' dir='ltr'>Χίον</span> <span class='ocrx_word' id='word_1_526' title='bbox 2577 4494 2868 4564; x_wconf 86' lang='grc' dir='ltr'>κατασχὼν</span> <span class='ocrx_word' id='word_1_527' title='bbox 2897 4494 2994 4547; x_wconf 74' lang='grc' dir='ltr'>καὶ</span> <span class='ocrx_word' id='word_1_528' title='bbox 3029 4491 3216 4544; x_wconf 85' lang='grc' dir='ltr'>στόλον</span> <span class='ocrx_word' id='word_1_529' title='bbox 3238 4488 3575 4557; x_wconf 83' lang='grc' dir='ltr'>καταρτίσας</span> 
     </span>
    </p>
   </div>
   <div class='ocr_carea' id='block_1_106' title="bbox 2413 4578 3669 4659">
    <p class='ocr_par' dir='ltr' id='par_1_106' title="bbox 2413 4578 3669 4659">
     <span class='ocr_line' id='line_1_106' title="bbox 2413 4578 3669 4659; baseline -0.01 -17"><span class='ocrx_word' id='word_1_530' title='bbox 2413 4589 2570 4659; x_wconf 66' lang='lat' dir='ltr'><strong>Alps!</strong></span> <span class='ocrx_word' id='word_1_531' title='bbox 2601 4587 2782 4655; x_wconf 79' lang='grc' dir='ltr'>Σάμον</span> <span class='ocrx_word' id='word_1_532' title='bbox 2802 4584 3008 4638; x_wconf 74' lang='grc' dir='ltr'>Λέσϐον</span> <span class='ocrx_word' id='word_1_533' title='bbox 3037 4599 3095 4635; x_wconf 84' lang='grc' dir='ltr'><strong>τε</strong></span> <span class='ocrx_word' id='word_1_534' title='bbox 3117 4584 3311 4650; x_wconf 73' lang='grc' dir='ltr'>νήσους</span> <span class='ocrx_word' id='word_1_535' title='bbox 3336 4580 3431 4632; x_wconf 75' lang='grc' dir='ltr'><strong>καὶ</strong></span> <span class='ocrx_word' id='word_1_536' title='bbox 3466 4578 3669 4643; x_wconf 81' lang='grc' dir='ltr'>Ῥόδον,</span> 
     </span>
    </p>
   </div>
   <div class='ocr_carea' id='block_1_107' title="bbox 2419 4669 3617 4741">
    <p class='ocr_par' dir='ltr' id='par_1_107' title="bbox 2419 4669 3617 4741">
     <span class='ocr_line' id='line_1_107' title="bbox 2419 4669 3617 4741; baseline -0.012 -9"><span class='ocrx_word' id='word_1_537' title='bbox 2419 4680 2622 4740; x_wconf 84' lang='grc' dir='ltr'>Ἀλλας</span> <span class='ocrx_word' id='word_1_538' title='bbox 2646 4695 2705 4729; x_wconf 88' lang='grc' dir='ltr'><strong>τε</strong></span> <span class='ocrx_word' id='word_1_539' title='bbox 2730 4676 3070 4737; x_wconf 82' lang='grc' dir='ltr'>δεσποτείας,</span> <span class='ocrx_word' id='word_1_540' title='bbox 3102 4671 3423 4741; x_wconf 68' lang='grc' dir='ltr'>ἐξελήλαται</span> <span class='ocrx_word' id='word_1_541' title='bbox 3457 4669 3617 4721; x_wconf 81' lang='grc' dir='ltr'>πάλιν</span> 
     </span>
    </p>
   </div>
   <div class='ocr_carea' id='block_1_108' title="bbox 2437 4764 3415 4837">
    <p class='ocr_par' dir='ltr' id='par_1_108' title="bbox 2437 4764 3415 4837">
     <span class='ocr_line' id='line_1_108' title="bbox 2437 4764 3415 4837; baseline -0.006 -15"><span class='ocrx_word' id='word_1_542' title='bbox 2437 4767 2732 4837; x_wconf 80' lang='grc' dir='ltr'>Ῥωμαίκῴ</span> <span class='ocrx_word' id='word_1_543' title='bbox 2775 4766 2948 4833; x_wconf 85' lang='grc' dir='ltr'>στόλῳ</span> <span class='ocrx_word' id='word_1_544' title='bbox 2988 4768 3084 4818; x_wconf 77' lang='grc' dir='ltr'>καὶ</span> <span class='ocrx_word' id='word_1_545' title='bbox 3110 4764 3415 4832; x_wconf 79' lang='grc' dir='ltr'>ναυμαχίᾳ.</span> 
     </span>
    </p>
   </div>
   <div class='ocr_carea' id='block_1_109' title="bbox 2239 4857 3549 4926">
    <p class='ocr_par' dir='ltr' id='par_1_109' title="bbox 2239 4857 3549 4926">
     <span class='ocr_line' id='line_1_109' title="bbox 2239 4857 3549 4926; baseline -0.008 -8"><span class='ocrx_word' id='word_1_546' title='bbox 2239 4862 2381 4918; x_wconf 63' lang='grc'><strong>5525</strong></span> <span class='ocrx_word' id='word_1_547' title='bbox 2419 4863 2747 4914; x_wconf 80' lang='grc' dir='ltr'>Ἀποστατεί</span> <span class='ocrx_word' id='word_1_548' title='bbox 2776 4861 2833 4911; x_wconf 81' lang='grc' dir='ltr'>δὲ</span> <span class='ocrx_word' id='word_1_549' title='bbox 2864 4859 3168 4926; x_wconf 82' lang='grc' dir='ltr'>τηνικαῦτα</span> <span class='ocrx_word' id='word_1_550' title='bbox 3197 4858 3290 4910; x_wconf 86' lang='grc' dir='ltr'>καὶ</span> <span class='ocrx_word' id='word_1_551' title='bbox 3324 4857 3549 4926; x_wconf 76' lang='grc' dir='ltr'>Κύπρος</span> 
     </span>
    </p>
   </div>
   <div class='ocr_carea' id='block_1_110' title="bbox 2417 4934 3604 5021">
    <p class='ocr_par' dir='ltr' id='par_1_110' title="bbox 2417 4934 3604 5021">
     <span class='ocr_line' id='line_1_110' title="bbox 2417 4934 3604 5021; baseline -0.007 -15"><span class='ocrx_word' id='word_1_552' title='bbox 2417 4952 2524 5006; x_wconf 80' lang='grc' dir='ltr'><strong>Τοῦ</strong></span> <span class='ocrx_word' id='word_1_553' title='bbox 2569 4951 2960 5021; x_wconf 79' lang='grc' dir='ltr'>Ῥαψομμάτου</span> <span class='ocrx_word' id='word_1_554' title='bbox 2987 4934 3156 5019; x_wconf 84' lang='grc' dir='ltr'>τήνδῖ</span> <span class='ocrx_word' id='word_1_555' title='bbox 3172 4951 3604 5018; x_wconf 79' lang='grc' dir='ltr'>κατεσχηκότος.</span> 
     </span>
    </p>
   </div>
   <div class='ocr_carea' id='block_1_111' title="bbox 2418 5037 3636 5111">
    <p class='ocr_par' dir='ltr' id='par_1_111' title="bbox 2418 5037 3636 5111">
     <span class='ocr_line' id='line_1_111' title="bbox 2418 5037 3636 5111; baseline -0.004 -19"><span class='ocrx_word' id='word_1_556' title='bbox 2418 5043 2528 5092; x_wconf 75' lang='grc' dir='ltr'>Καὶ</span> <span class='ocrx_word' id='word_1_557' title='bbox 2556 5040 2722 5093; x_wconf 79' lang='grc' dir='ltr'>πάλιν</span> <span class='ocrx_word' id='word_1_558' title='bbox 2758 5040 3102 5111; x_wconf 75' lang='grc' dir='ltr'>ἀμφίρρυτον</span> <span class='ocrx_word' id='word_1_559' title='bbox 3129 5037 3378 5106; x_wconf 77' lang='grc' dir='ltr'>-εὖφορον</span> <span class='ocrx_word' id='word_1_560' title='bbox 3410 5039 3636 5107; x_wconf 78' lang='grc' dir='ltr'>Κρήτην</span> 
     </span>
    </p>
   </div>
   <div class='ocr_carea' id='block_1_112' title="bbox 2419 5125 3536 5202">
    <p class='ocr_par' dir='ltr' id='par_1_112' title="bbox 2419 5125 3536 5202">
     <span class='ocr_line' id='line_1_112' title="bbox 2419 5125 3536 5202; baseline -0.004 -17"><span class='ocrx_word' id='word_1_561' title='bbox 2419 5132 2587 5201; x_wconf 73' lang='grc' dir='ltr'>Ἀνὴρ</span> <span class='ocrx_word' id='word_1_562' title='bbox 2613 5125 2886 5201; x_wconf 61' lang='grc' dir='ltr'><strong>¹Καρύκίις</strong></span> <span class='ocrx_word' id='word_1_563' title='bbox 2915 5131 3192 5202; x_wconf 83' lang='grc' dir='ltr'>δυσμενὴς</span> <span class='ocrx_word' id='word_1_564' title='bbox 3223 5134 3536 5197; x_wconf 66' lang='grc' dir='ltr'>ἀποστάτης</span> 
     </span>
    </p>
   </div>
   <div class='ocr_carea' id='block_1_113' title="bbox 2420 5221 3542 5294">
    <p class='ocr_par' dir='ltr' id='par_1_113' title="bbox 2420 5221 3542 5294">
     <span class='ocr_line' id='line_1_113' title="bbox 2420 5221 3542 5294; baseline -0.003 -18"><span class='ocrx_word' id='word_1_565' title='bbox 2420 5225 2522 5294; x_wconf 70' lang='grc' dir='ltr'><strong>Βία</strong></span> <span class='ocrx_word' id='word_1_566' title='bbox 2552 5223 2865 5293; x_wconf 82' lang='grc' dir='ltr'>κατασχὼν,</span> <span class='ocrx_word' id='word_1_567' title='bbox 2901 5221 3013 5293; x_wconf 76' lang='grc' dir='ltr'>εἶχε</span> <span class='ocrx_word' id='word_1_568' title='bbox 3059 5225 3196 5294; x_wconf 79' lang='grc' dir='ltr'>πρὸς</span> <span class='ocrx_word' id='word_1_569' title='bbox 3236 5224 3542 5276; x_wconf 80' lang='grc' dir='ltr'>κατοικίανο</span> 
     </span>
    </p>
   </div>
   <div class='ocr_carea' id='block_1_114' title="bbox 2241 5314 3527 5386">
    <p class='ocr_par' dir='ltr' id='par_1_114' title="bbox 2241 5314 3527 5386">
     <span class='ocr_line' id='line_1_114' title="bbox 2241 5314 3527 5386; baseline 0 -18"><span class='ocrx_word' id='word_1_570' title='bbox 2241 5314 2382 5369; x_wconf 69' lang='grc'><strong>5550</strong></span> <span class='ocrx_word' id='word_1_571' title='bbox 2416 5314 2769 5382; x_wconf 81' lang='grc' dir='ltr'>Ἐπανεσώθη</span> <span class='ocrx_word' id='word_1_572' title='bbox 2795 5315 2839 5368; x_wconf 86' lang='grc' dir='ltr'>δ’</span> <span class='ocrx_word' id='word_1_573' title='bbox 2873 5315 3028 5378; x_wconf 77' lang='grc' dir='ltr'>αὖθις</span> <span class='ocrx_word' id='word_1_574' title='bbox 3051 5316 3301 5369; x_wconf 79' lang='grc' dir='ltr'>Αὐσόνων</span> <span class='ocrx_word' id='word_1_575' title='bbox 3332 5318 3527 5386; x_wconf 68' lang='grc' dir='ltr'>κράτει</span> 
     </span>
    </p>
   </div>
   <div class='ocr_carea' id='block_1_115' title="bbox 2435 5405 3612 5476">
    <p class='ocr_par' dir='ltr' id='par_1_115' title="bbox 2435 5405 3612 5476">
     <span class='ocr_line' id='line_1_115' title="bbox 2435 5405 3612 5476; baseline 0.003 -19"><span class='ocrx_word' id='word_1_576' title='bbox 2435 5407 2631 5473; x_wconf 74' lang='grc' dir='ltr'>Νήσων</span> <span class='ocrx_word' id='word_1_577' title='bbox 2662 5405 2794 5466; x_wconf 80' lang='grc' dir='ltr'>δυὰς</span> <span class='ocrx_word' id='word_1_578' title='bbox 2827 5405 2966 5476; x_wconf 84' lang='grc' dir='ltr'>α’ύτη</span> <span class='ocrx_word' id='word_1_579' title='bbox 2996 5424 3059 5474; x_wconf 89' lang='grc' dir='ltr'><strong>γε</strong></span> <span class='ocrx_word' id='word_1_580' title='bbox 3101 5407 3388 5476; x_wconf 83' lang='grc' dir='ltr'>Ῥωμαίων</span> <span class='ocrx_word' id='word_1_581' title='bbox 3419 5407 3612 5475; x_wconf 84' lang='grc' dir='ltr'>στόλῳ.</span> 
     </span>
    </p>
   </div>
   <div class='ocr_carea' id='block_1_116' title="bbox 2420 5497 3712 5567">
    <p class='ocr_par' dir='ltr' id='par_1_116' title="bbox 2420 5497 3712 5567">
     <span class='ocr_line' id='line_1_116' title="bbox 2420 5497 3712 5567; baseline -0.002 -16"><span class='ocrx_word' id='word_1_582' title='bbox 2420 5500 2626 5551; x_wconf 85' lang='grc' dir='ltr'>Τούτου</span> <span class='ocrx_word' id='word_1_583' title='bbox 2661 5497 2987 5566; x_wconf 79' lang='grc' dir='ltr'>κρατοῦντος</span> <span class='ocrx_word' id='word_1_584' title='bbox 3017 5501 3110 5551; x_wconf 76' lang='grc' dir='ltr'><strong>καὶ</strong></span> <span class='ocrx_word' id='word_1_585' title='bbox 3135 5498 3320 5560; x_wconf 87' lang='grc' dir='ltr'>κλόνος</span> <span class='ocrx_word' id='word_1_586' title='bbox 3349 5498 3449 5566; x_wconf 75' lang='grc' dir='ltr'>γῆς</span> <span class='ocrx_word' id='word_1_587' title='bbox 3487 5497 3712 5567; x_wconf 72' lang='grc' dir='ltr'>συνέϐη,</span> 
     </span>
    </p>
   </div>
   <div class='ocr_carea' id='block_1_117' title="bbox 2424 5591 3589 5661">
    <p class='ocr_par' dir='ltr' id='par_1_117' title="bbox 2424 5591 3589 5661">
     <span class='ocr_line' id='line_1_117' title="bbox 2424 5591 3589 5661; baseline -0.003 -17"><span class='ocrx_word' id='word_1_588' title='bbox 2424 5593 2660 5658; x_wconf 80' lang='grc' dir='ltr'>Σεισμός</span> <span class='ocrx_word' id='word_1_589' title='bbox 2688 5609 2745 5642; x_wconf 87' lang='grc' dir='ltr'><strong>τε</strong></span> <span class='ocrx_word' id='word_1_590' title='bbox 2779 5592 2951 5654; x_wconf 81' lang='grc' dir='ltr'>δεινὸς</span> <span class='ocrx_word' id='word_1_591' title='bbox 2993 5593 3088 5644; x_wconf 76' lang='grc' dir='ltr'>καὶ</span> <span class='ocrx_word' id='word_1_592' title='bbox 3118 5591 3238 5644; x_wconf 70' lang='grc' dir='ltr'>λίαν</span> <span class='ocrx_word' id='word_1_593' title='bbox 3270 5593 3589 5661; x_wconf 80' lang='grc' dir='ltr'>φρικαλέος.</span> 
     </span>
    </p>
   </div>
   <div class='ocr_carea' id='block_1_118' title="bbox 2436 5681 3568 5757">
    <p class='ocr_par' dir='ltr' id='par_1_118' title="bbox 2436 5681 3568 5757">
     <span class='ocr_line' id='line_1_118' title="bbox 2436 5681 3568 5757; baseline -0.001 -16"><span class='ocrx_word' id='word_1_594' title='bbox 2436 5688 2560 5756; x_wconf 74' lang='grc' dir='ltr'><strong>Ὑφ’</strong></span> <span class='ocrx_word' id='word_1_595' title='bbox 2584 5681 2646 5740; x_wconf 75' lang='grc' dir='ltr'><strong>οὗ</strong></span> <span class='ocrx_word' id='word_1_596' title='bbox 2673 5690 2827 5739; x_wconf 79' lang='grc' dir='ltr'>καλοὶ</span> <span class='ocrx_word' id='word_1_597' title='bbox 2859 5688 3015 5757; x_wconf 83' lang='grc' dir='ltr'>δόμοι</span> <span class='ocrx_word' id='word_1_598' title='bbox 3057 5705 3115 5740; x_wconf 87' lang='grc' dir='ltr'><strong>τε</strong></span> <span class='ocrx_word' id='word_1_599' title='bbox 3141 5689 3233 5740; x_wconf 68' lang='grc' dir='ltr'><strong>καί⁵</strong></span> <span class='ocrx_word' id='word_1_600' title='bbox 3281 5690 3396 5740; x_wconf 73' lang='grc' dir='ltr'>ναοὶ</span> <span class='ocrx_word' id='word_1_601' title='bbox 3425 5686 3568 5751; x_wconf 78' lang='grc' dir='ltr'>ξένοι</span> 
     </span>
    </p>
   </div>
   <div class='ocr_carea' id='block_1_119' title="bbox 2246 5775 3440 5848">
    <p class='ocr_par' dir='ltr' id='par_1_119' title="bbox 2246 5775 3440 5848">
     <span class='ocr_line' id='line_1_119' title="bbox 2246 5775 3440 5848; baseline -0.006 -14"><span class='ocrx_word' id='word_1_602' title='bbox 2246 5778 2390 5834; x_wconf 77' lang='grc'><strong>5555</strong></span> <span class='ocrx_word' id='word_1_603' title='bbox 2429 5778 2852 5840; x_wconf 80' lang='grc' dir='ltr'>Καταπεσόντες</span> <span class='ocrx_word' id='word_1_604' title='bbox 2889 5777 3288 5848; x_wconf 70' lang='grc' dir='ltr'>συνετρίϐησαν</span> <span class='ocrx_word' id='word_1_605' title='bbox 3327 5775 3440 5846; x_wconf 61' lang='grc' dir='ltr'><strong>βίᾳ·</strong></span> 
     </span>
    </p>
   </div>
  </div>
