4070 6534
428 384 529 449 133
1503 370 1650 430 EPI]
1669 367 1838 430 [1.13M
1857 365 1906 424 il
1952 365 2552 429 CHBONOGRAPIII
3548 370 3648 438 ιιι

428 502 564 553 lalso
585 492 890 551 dicentibus
914 501 1182 546 mortuum
1213 493 1353 542 hunc
1384 498 1522 539 esse.

415 591 548 642 Cum
576 589 654 642 sic
685 586 738 639 in
763 585 994 654 patriam
1031 584 1294 636 evasisset
1316 588 1460 641 astu,

416 677 619 735 Czesari
654 665 888 728 multum
908 672 1232 729 obtrectavit
1261 679 1486 732 temere,

412 776 843 838 congregatoque
864 765 1104 819 exercitu
1135 762 1328 816 Latino
1678 797 1708 820 .

413 862 479 916 ad
509 858 837 929 Epidaurum
868 854 1057 910 urbem
1091 855 1323 910 classem
1355 850 1580 922 appulit,

411 956 677 1027 hujusQIIe
705 955 902 1010 mmnia
934 949 1198 1008 machinis
1223 947 1495 1017 pulsabat.

406 1048 517 1104 Sed
543 1063 634 1117 spe
660 1048 950 1102 frusuatus
976 1058 1096 1097 cum
1131 1038 1264 1094 nihil
1294 1035 1603 1107 proﬁceret,

408 1141 613 1194 omisso
640 1137 801 1202 bello,
834 1135 999 1189 mittit
1022 1131 1367 1202 legationem,

407 1240 464 1283 et
495 1230 785 1299 impetrato
815 1223 1050 1280 Caesaris
1083 1218 1378 1289 colloquio,

409 1323 585 1374 ῖωιιιιε
614 1334 736 1374 cum
773 1319 890 1387 ipso
912 1315 1086 1370 denuo
1122 1305 1600 1387 paccmqneiacit.

405 1409 807 1478 Bogomilorum
842 1406 944 1462 sub
985 1404 1174 1458 Alexio
1195 1384 1433 1456 haeresis

409 1501 584 1554 invisa
610 1501 715 1553 Deo
742 1495 962 1551 emersit
987 1503 1040 1548 et
1068 1488 1449 1552 exsecrabilis,

407 1591 562 1659 cujus
596 1589 825 1644 Basilius
859 1587 1077 1657 quidam
1105 1591 1291 1638 auctor
1312 1590 1453 1641 erat,

410 1683 655 1736 medicus
691 1682 849 1747 vulgo
875 1677 1080 1740 dictus,
1114 1673 1362 1727 minister
1401 1671 1636 1728 Satanan.

407 1776 498 1842 qui
533 1772 668 1826 clam
702 1768 981 1837 permultis
1011 1773 1216 1834 pestem
1245 1777 1398 1816 suam
1436 1759 1673 1821 alllabat,

411 1873 576 1932 atque
606 1859 888 1914 animabus
916 1858 1168 1924 dogmata
1193 1851 1450 1908 exitiosa.

405 1953 507 2008 llic
533 1953 732 2007 inultos
761 1965 930 2005 annos
952 1951 1052 2003 hac
1073 1945 1306 2014 illacque
1329 1956 1580 2007 cursans,

405 2047 552 2099 urbis
586 2041 892 2112 provincias
933 2049 1093 2108 atque
1117 2039 1278 2092 urbes
1299 2049 1612 2105 peragrans,

413 2137 556 2190 tristi
599 2145 928 2206 postremum
948 2131 1129 2186 omine
1149 2128 1463 2184 adventavit

405 2227 460 2280 in
493 2228 631 2280 haue
660 2224 871 2293 imperii
901 2222 1192 2276 maximam
1225 2216 1585 2286 metropolim.

401 2320 514 2374 Sed
559 2319 854 2386 imperator
880 2313 1216 2372 orthodoxia:
1241 2321 1401 2366 tenax

407 2409 643 2464 hominis
675 2408 919 2463 fraudem
946 2415 1105 2462 cauto
1137 2402 1368 2459 artiﬁcio
1402 2401 1731 2472 aggreditur.

404 2501 539 2556 Nam
563 2498 810 2554 simulata
839 2495 1033 2552 callide
1066 2509 1296 2562 persona

397 2589 684 2646 credulum
716 2603 775 2642 se
801 2586 1222 2654 benivolumque
1253 2583 1429 2646 ﬁnxit,

403 2697 547 2750 saepe
577 2696 640 2736 ac
667 2678 909 2750 benigne.
928 2692 1050 2732 cum
1081 2677 1304 2731 scelesto
1339 2689 1584 2740 versans,

404 2791 470 2830 ac
502 2771 753 2829 familiari
793 2769 1106 2827 demulceus
1136 2767 1424 2837 colloquio,

402 2878 842 2936 servatoremque
858 2864 1155 2921 errantium
1183 2862 1476 2933 appellans.

398 2963 501 3016 llis
531 2961 693 3015 homo
728 2958 925 3028 impius
959 2955 1233 3010 delenitus
1260 2953 1443 3011 verbis

402 3053 691 3108 exitiosum
721 3050 925 3108 vomuit
954 3063 1242 3114 venenum,

352 3195 358 3200 .
403 3143 652 3213 pessima:
691 3155 966 3210 exponens
990 3139 1238 3207 dogmata
1269 3137 1549 3196 doctrinae,

399 3237 532 3301 Qum
557 3235 676 3304 pius
707 3233 888 3287 Casar
913 3229 1074 3284 simul
1098 3245 1161 3282 ac
1196 3219 1433 3297 agnovit,

403 3327 621 3384 scelesti
653 3339 846 3394 nempe
872 3321 1034 3377 effata
1068 3319 1389 3389 magisterii,

405 3419 656 3490 protinus
689 3415 847 3485 vulgo
879 3412 1117 3483 pateﬁeri
1153 3412 1358 3476 voluit,t

411 3513 865 3579 impostoremque
893 3505 1166 3559 hominem
1201 3502 1401 3558 Chi-isti
1433 3504 1641 3558 hostem

417 3601 645 3656 tradidit
671 3598 901 3653 ﬂatnmis
927 3596 1200 3652 communi
1229 3595 1511 3664 suﬂ‘ragiu.

412 3693 612 3749 Multos
645 3700 903 3760 praeterea
941 3687 1269 3743 Manichazos
1297 3687 1479 3743 Caesar

416 3796 530 3841 tum
571 3781 884 3852 magisterio
914 3789 1026 3833 tum
1060 3779 1196 3834 catis
1232 3779 1577 3836 suasionibus
1626 3824 1641 3842 .

407 3879 474 3932 ad
514 3874 827 3942 religionem
853 3887 1038 3927 Veram
1074 3871 1370 3925 revocavit.

407 3966 677 4034 Orphanis
707 3977 922 4032 quoque
945 3976 1129 4031 pueris
1157 3962 1410 4018 attribuit

408 4060 647 4122 domum,
679 4063 732 4110 et
752 4055 952 4110 vietum
985 4052 1278 4121 assignavit
1305 4053 1523 4109 uberem

411 4149 497 4203 his
529 4158 585 4203 et
624 4146 831 4200 alendis
863 4154 916 4197 et
947 4143 1204 4198 curandis
1230 4143 1442 4200 sedulo.

401 4242 547 4308 Quin
577 4248 629 4294 et
659 4235 1024 4308 grammatica:
1047 4235 1230 4288 ludum
1263 4236 1477 4304 aperuit

397 4331 558 4386 orbis
589 4325 1043 4386 adolescentibus,
1087 4323 1171 4377 vel
1199 4325 1264 4376 de
1293 4338 1531 4392 paupere

406 4423 578 4490 stirpe
608 4417 923 4488 progenitis,
958 4413 1259 4482 multosque
1288 4414 1524 4468 redditus

409 4527 463 4569 et
503 4514 679 4580 largos
711 4519 963 4576 sumptus
992 4505 1356 4575 suppeditavit

410 4605 568 4659 simul
594 4600 868 4670 discipulis
895 4609 1056 4666 atque
1088 4596 1378 4664 magistris.

409 4700 690 4750 Contineno
715 4689 906 4746 Alexio
933 4688 1246 4742 moderante
1282 4685 1590 4755 imperium,

409 4784 658 4840 incendia
690 4793 906 4851 quoque
938 4779 992 4833 iu
1019 4776 1152 4831 urbe
1183 4775 1522 4839 acciderunt,

410 4877 608 4950 quibus
636 4873 933 4940 absumptae
967 4869 1147 4922 multa:
1175 4857 1356 4938 partes
1379 4876 1524 4922 sunt.

410 4968 718 5024 Vehemens
750 4977 967 5034 quoque
998 4969 1240 5029 tempore
1265 4958 1366 5014 sub
1397 4973 1563 5015 verno

416 5061 642 5130 spiritus
676 5055 846 5110 multa
869 5051 1192 5107 detrimenta
1226 5050 1355 5105 fecit

404 5149 564 5204 [humi
595 5144 818 5212 deiectis
852 5141 1047 5212 passim
1070 5140 1310 5194 aediliciis
1333 5157 1350 5196 :

412 5241 736 5309 quibuscum
763 5235 964 5290 decidit
993 5233 1311 5288 admiranda
1341 5243 1521 5288 statua

408 5333 670 5404 imposito
695 5331 956 5385 columna:
987 5327 1378 5398 porphyreticae

410 5427 562 5495 cujus
584 5423 637 5477 in
666 5420 884 5474 Placoto
914 5418 1057 5473 basis
1081 5428 1196 5472 erat
1224 5418 1399 5488 posita
1435 5434 1452 5473 :

408 5519 503 5574 illa
529 5530 652 5571 cum
677 5513 917 5577 caderet,
946 5511 1086 5566 forte
1114 5522 1412 5580 pmsentes
1437 5511 1508 5566 ibi

409 5611 609 5666 multos
639 5603 896 5662 mortales
919 5605 1063 5657 mole
1093 5618 1191 5658 sua
1229 5603 1509 5658 contrivit.

408 5705 667 5760 lmbrium
695 5714 909 5770 quoque
933 5697 1098 5752 nimia
1132 5695 1214 5750 vis
1245 5697 1386 5750 cmlo

401 5795 659 5854 eoncbim
687 5792 854 5851 eﬂ‘usa
885 5789 1190 5863 passimque
1215 5787 1484 5844 inundans

2013 492 2053 540 Α
2118 479 2258 535 5.395
2297 481 2483 550 Μάτην
2509 482 2848 553 θρυλούντων
2873 484 3022 537 τόνδε
3045 483 3238 554 νεκρὸν
3269 485 3582 556 τυγχάνειν.

2307 576 2460 627 Ἐπεὶ
2488 575 2544 628 δέ
2591 575 2771 628 λαθὼν
2797 577 3056 649 ἀπεσώθη
3089 579 3329 648 πατρίδι,

2295 666 2472 721 Πολλὰ
2495 669 2774 722 κατειπὼν
2807 669 2904 722 τοῦ
2934 669 3264 738 κρατοῦντος
3291 670 3506 738 ἀλόγως

2293 761 2402 812 Kal.
2439 763 2734 824 συναλίσας
2767 763 3027 833 στρατιὰν
3068 763 3132 816 ἐκ
3168 763 3418 816 Λατίνων

2301 853 2662 922 Ἐπιδαμνίων
2687 853 3080 924 προσκαταίρει
3106 856 3170 924 τῇ
3208 853 3383 916 πόλει,

2113 943 2254 998 5600
2295 947 2403 998 Καὶ
2451 946 2598 1013 τήνδ’
2634 946 2774 999 ἐλεῖν
2808 946 3037 1000 ἔσπευδε
3069 947 3472 1017 τειχομαχίαις.

2290 1035 2430 1090 Ἀλλ’
2463 1038 2696 1091 ἐλπίδων
2723 1039 2956 1108 ἐψευστο
2993 1039 3163 1109 μηδὲν
3199 1039 3428 1098 ἀνύσας⁹

2289 1128 2654 1196 Πρεσϐεύεται
2687 1129 3122 1199 γοῦιδάπογνοὺς
3150 1131 3258 1183 τῶν
3283 1129 3536 1193 ἐλπίδων,

2289 1219 2396 1270 Καὶ
2423 1220 2500 1288 τῷ
2549 1221 2840 1289 κρατοῦντι
2879 1221 3016 1291 πρὸς
3067 1221 3258 1289 λόγους
3293 1221 3617 1288 ἀφιγμένος.

2289 1311 2533 1373 Σπονδὰς
2562 1313 2698 1382 πρὸς
2730 1314 2893 1366 αὑτὸν
2920 1313 3135 1367 ἐκτελεῖ
3165 1314 3257 1366 καὶ
3284 1312 3604 1382 συμϐάσεις.

2112 1402 2252 1456 5605
2293 1404 2496 1457 Τούτου
2531 1404 2858 1476 κρατοῦντος
2889 1407 3102 1477 αἵρεσις
3127 1406 3438 1476 Βογομίλων

2287 1495 2599 1564 Θεοστυγὴς
2627 1498 2837 1568 πέφηνε
2867 1501 2960 1553 καὶ
2995 1498 3314 1569 βδελυκτέα,

2287 1579 2394 1650 Ἶις
2419 1590 2780 1658 μυσταγωγὸς
2813 1590 2995 1660 ἱατρός
3021 1607 3106 1652 τις
3130 1588 3430 1658 τούπίκλην

2287 1675 2497 1744 κλῆσιν
2528 1676 2581 1729 δὲ
2612 1676 2916 1741 Βασίλειος,
2960 1678 3138 1731 sum
3174 1676 3432 1746 ἐργάτης·

2295 1767 2393 1827 ’³ος
2417 1767 2592 1836 λάθρα
2623 1767 2854 1829 πολλοὺς
2885 1767 3204 1838 ἀνεπίμπλα
3233 1766 3334 1835 τῆς
3357 1767 3536 1835 λύμης

2115 1857 2253 1913 5610
2295 1859 2403 1911 Καὶ
2433 1860 2542 1912 τῶν
2572 1860 2703 1931 παρ’
2751 1859 2919 1912 αὑτοῦ
2947 1859 3236 1929 δογμάτων
3261 1858 3642 1929 ψυχοφθόρων·

2289 1949 2505 2002 Πολλῶν
2533 1949 2670 2000 ἐτῶν
2695 1950 2914 2018 δρόμοις
2944 1966 3001 2003 τε
3033 1949 3126 2002 καὶ
3152 1948 3501 2019 περιδρόμοις

2285 2042 2484 2112 Χώρας
2509 2043 2680 2096 ἐπιὼν
2731 2042 2824 2094 καὶ
2849 2042 3034 2105 πόλεις
3077 2041 3449 2109 οἰκουμένης,⁴

2297 2133 2645 2197 Ἐπιπολάζει
2685 2137 2777 2186 καὶ
2806 2133 3114 2186 τελευταῖον
3141 2132 3310 2193 τάλας

2286 2226 2446 2278 ιιόλει
2478 2226 2713 2293 μεγίστῃ
2735 2223 2860 2294 τῇδε
2893 2225 2986 2277 καὶ
3027 2222 3320 2292 βασιλίδι.³3

2109 2319 2248 2373 5615
2299 2317 2442 2370 Ἀλλ’
2479 2321 2508 2371 ὀ
2536 2319 2855 2387 κρατὰρχης
2884 2316 3194 2387 ὀρθοδοξίας
3217 2314 3371 2384 φίλος

2285 2411 2540 2462 Μέτεισιν
2571 2409 2737 2464 αὐτοῦ
2770 2411 3032 2478 πανσόφῳ
3067 2409 3227 2481 τέχνῃ
3268 2408 3497 2476 πλάνην·

2287 2505 2640 2572 Ιιλασάμενος
2667 2504 2777 2575 γὰρ
2808 2503 3122 2571 ὑποκριθείς
3161 2501 3209 2555 τ’
3239 2502 3504 2570 ἐντέχνως

2289 2597 2477 2648 Πίστιν
2505 2595 2752 2664 βεϐαίαν,
2779 2593 3064 2664 εὐμένειάν
3087 2596 3134 2646 oi
3171 2593 3416 2664 τρέφειν,

2284 2686 2447 2753 Θαμὰ
2478 2684 2708 2756 προσῄει
2734 2684 2813 2754 τῷ
2842 2684 3258 2756 τρισαλιτηρίῳ,

2108 2779 2250 2833 5620
2292 2780 2466 2845 Ἀγαν
2499 2779 2788 2848 προσηνῶς
2819 2776 3132 2847 καθομιλῶν
3157 2777 3442 2847 συχνάκις,

2286 2872 2517 2940 Σωτῆρα
2541 2871 2722 2924 καλῶν
2753 2870 2900 2925 τόνδε
2939 2869 3394 2939 πεπλανημένων.
3447 2867 3452 2870 ’

2287 2963 2465 3017 Τοῖσδ³
2491 2966 2518 3016 ό
2549 2964 2803 3034 βδελυρὸς
2843 2962 3232 3032 καταθελχθεὶς
3248 2965 3362 3024 τοῖς
3393 2959 3571 3029 λόγοις

2296 3051 2394 3106 Ἰὸν
2425 3054 2624 3115 κακίας
2656 3053 2844 3122 ἐξεμεῖ
2875 3052 3242 3122 ψυχοφθόρον,

2291 3145 2581 3200 Ἐκπυστα
2612 3147 2782 3208 τιθεὶς
2804 3145 3051 3214 δόγματα
3078 3144 3362 3215 πονηρίαςο
3481 3211 3484 3214 ,

2114 3239 2259 3295 5625
2300 3239 2368 3292 Ἀ
2394 3238 2555 3305 γνοὺς
2584 3241 2612 3292 ό
2645 3237 2862 3307 κρατῶν
2891 3237 3238 3307 φιλόχριστιδς
3269 3233 3461 3304 καρδία

2285 3330 2538 3400 Ὀλέθρια
2560 3330 2804 3396 δόγματα
2841 3325 3182 3390 διδασκαλίας

2286 3419 2487 3488 Γόητος
2513 3419 2726 3488 ἀνδρὸς,
2763 3410 3110 3488 μισοχρίστου
3135 3415 3230 3468 καὶ
3261 3413 3464 3467 πλάνου

2291 3512 2399 3564 Καὶ
2427 3511 2726 3581 στηλιτεύει
2758 3510 2850 3564 καὶ
2883 3507 3206 3579 θριαμΰεύει
3253 3509 3534 3577 πρόφρων,

2290 3605 2470 3676 Ψήφῳ
2493 3622 2555 3657 τε
2579 3605 2728 3674 κοινῇ
2766 3601 2843 3672 τῷ
2869 3601 3006 3670 πυρὶ
3034 3598 3182 3653 τόνδε
3217 3600 3428 3668 φλέγει.

2115 3698 2253 3754 5650
2292 3692 2460 3760 Οὗτος
2495 3695 2753 3768 βασιλεὺς
2786 3695 2881 3747 καὶ
2930 3692 3243 3760 Μανιχαίων
3278 3690 3434 3742 πάλιν

2293 3791 2532 3852 Πολλοὺς
2571 3789 2708 3856 πρὸς
2739 3785 3026 3839 εὐσέϐειαν
3061 3780 3129 3855 ἦν
3168 3780 3497 3850 ἐφελκύσας,

2291 3880 2678 3940 Διδασκαλίαις
2702 3878 2797 3932 καὶ
2827 3877 3019 3944 σοφαῖς
3058 3874 3437 3942 συμϐουλίαις.

2289 3975 2400 4030 Καὶ
2433 3972 2588 4026 παισὶ
2613 3972 2657 4024 δ’
2687 3972 2977 4038 ἀνήγειρεν
3017 3967 3277 4036 ὀρφανοῖς
3306 3965 3492 4032 δόμον,

2291 4067 2468 4131 Τάξας
2496 4066 2736 4134 σιτήσεις
2764 4062 3009 4130 δαψιλεῖς
3039 4062 3099 4112 ἐν
3128 4059 3206 4129 τῷ
3235 4058 3384 4127 δόμῳ

2118 4161 2255 4218 5655
2291 4156 2641 4227 Ἑπιμελείας
2682 4155 2776 4208 καὶ
2816 4152 3026 4222 τροφῆς
3053 4150 3255 4204 τούτων
3282 4150 3464 4219 χάριν

2293 4248 2402 4302 Καὶ
2438 4244 2841 4316 γραμματικῶν
2875 4241 3146 4307 ἀπέταξεν
3173 4235 3242 4293 αὖ
3283 4237 3444 4290 πάλιν

2294 4337 2555 4391 Μουσεῖον
2588 4336 2668 4397 είς
2709 4333 2992 4386 παίδευσιν
3029 4330 3280 4400 ὀρφανῶν
3301 4333 3436 4384 νέων

2297 4430 2411 4480 Οὐκ
2447 4427 2697 4496 εὐπόρων
2728 4441 2786 4477 τε
2815 4423 3068 4494 πατέρων
3098 4421 3434 4492 πεφηνότων,

2292 4519 2505 4586 Νείμας
2545 4518 2814 4588 μαθηταῖς
2842 4519 2936 4570 καὶ
2959 4513 3306 4570 διδασκάλοις
3333 4513 3470 4564 νέων

2117 4609 2256 4663 5640
2303 4608 2561 4668 Ιιλείστας
2597 4607 2862 4674 σιτήσεις,
2895 4601 3476 4673 δαπάνας,ξχορηγίας.

2253 4715 2258 4720 ’
2288 4697 2412 4749 Ἐπὶ
2439 4696 2647 4766 χρόνων
2677 4696 2865 4749 τούτου
2893 4696 2949 4748 δέ
2975 4698 3074 4764 τῆς
3102 4695 3443 4763 κραταρχίας

2292 4791 2400 4842 Καὶ
2432 4789 2700 4855 πυρκαῖαι
2737 4788 3044 4857 συνέϐησαν
3076 4790 3142 4858 τῇ
3181 4787 3354 4851 πόλει,

2287 4882 2399 4933 Καὶ
2427 4877 2649 4932 πλεῖστα
2688 4878 2846 4947 τῆσδε
2876 4877 3266 4946 κατανήλωσαν
3303 4875 3468 4944 μέρηο

2297 4973 2562 5024 Ἐπνευσε
2587 4969 2632 5023 δ’
2657 4966 2790 5041 ἦρος
2820 4969 3023 5038 ἀνέμου
3055 4985 3138 5030 τις
3167 4967 3462 5036 σφοδρότης

2113 5065 2252 5120 5645
2294 5065 2636 5128 Βιαιοτάτου,
2669 5061 2933 5130 προξένου
2969 5077 3033 5129 γε
3069 5060 3352 5122 κινδύνων,

2292 5149 2361 5224 ’ᾯ
2399 5153 2564 5207 πολλὰ
2596 5155 2896 5222 κατήρειπε
2941 5153 3050 5205 τῶν
3086 5153 3436 5222 δομημάτων·

2287 5243 2416 5297 Μεθ’
2448 5239 2522 5296 ὦν
2557 5248 2729 5312 χαμαὶ
2754 5243 3045 5296 πέπτωκεν
3084 5244 3306 5312 ἄγαλμα
3347 5245 3520 5310 ξένον,

2291 5333 2536 5388 Ἀνωθεν
2560 5334 2752 5397 ἑστὼς,
2775 5335 2954 5397 κίονος
2986 5336 3295 5405 πορφυρέου

2288 5425 2395 5478 Τοῦ
2426 5425 2561 5494 πρὸς
2588 5426 2868 5497 Πλακωτῷ
2901 5427 2995 5497 τὴν
3031 5428 3186 5497 βάσιν
3223 5429 3530 5499 ίδρυμένουο

2113 5517 2252 5574 5630
2293 5519 2358 5571 Ὃ
2387 5517 2717 5586 κατενεχθὲν
2752 5520 3180 5588 παρατυχόντων
3211 5523 3362 5589 τόπῳ

2291 5607 2527 5670 Πολλοὺς
2561 5607 2738 5659 ἀνεῖλε
2767 5607 3113 5676 συντετριφὸς
3152 5610 3416 5676 ἐσχάτως.

2293 5697 2625 5765 Κατερέάγη
2662 5695 2706 5746 δ’
2732 5695 2939 5750 ἄνωθεν
2967 5696 3116 5757 ὑετὸς
3151 5699 3324 5766 μέγας

2292 5787 2472 5856 Χύδην
2508 5785 2709 5842 κατιὼν
2741 5788 2834 5841 καὶ
2868 5787 3224 5854 κατακλύζων
3252 5789 3416 5862 μέγα,
