4070 6532
384 417 499 484 149
1428 438 1434 445 ·
1824 413 2198 476 είΕΞΑιιΕε..

615 532 909 606 ’Δνὼτερο;
944 533 1166 603 κέρδους
1192 549 1250 586 τε
1277 530 1525 602 κτήσεως
1557 529 1741 612 τό-ῖης.

603 624 790 690 Οὕτως
816 626 1197 697 ἁμνησίκακος
1227 621 1297 696 ἦν
1320 623 1456 690 ἄναξ
1478 623 1585 687 ὅδε,
1612 606 1624 618 ’

597 718 814 788 Θερμός
841 718 888 772 τ’
925 719 1160 788 ἐραστὴς
1208 716 1660 787 χριστομιμήτων
1704 712 1957 785 τρόπωνί

415 808 568 866 3770
602 812 798 880 Μήτηρ
823 810 881 864 δὲ
901 811 1060 870 τοῦδε
1089 811 1181 866 καὶ
1211 809 1422 880 βασιλὶς
1451 806 1680 874 Είρήνη,

603 903 664 954 Εί
695 902 790 957 καὶ
829 902 962 972 πρὶν
989 902 1295 972 ἀπέστεργε
1326 900 1467 954 τόνδ’
1491 901 1596 954 οὐκ
1631 897 1857 960 ἐνδίκως

600 993 712 1044 οὐκ
757 990 911 1059 ἄξιον
934 992 1197 1062 κρίνουσα
1232 991 1372 1060 πρὸς
1399 988 1762 1059 κραταρχίαν,

613 1081 699 1142 Ὠς
728 1083 794 1150 τῇ
832 1081 1068 1150 Θυγατρ¹ι
1102 1081 1362 1150 μνωμένη
1388 1078 1456 1133 τὰ
1483 1078 1576 1133 τοῦ
1611 1079 1871 1147 κράτους,

600 1171 840 1242 Γαμϐρῷ
864 1189 921 1225 τε
947 1172 1025 1242 τῷ
1053 1173 1291 1240 Καίσαρι
1321 1170 1396 1242 τῷ
1417 1170 1714 1242 Βρυεννίῳ,

417 1259 572 1316 3775
613 1263 782 1332 Δόχου
817 1264 1092 1331 φονῶντας
1118 1264 1180 1316 οὐ
1215 1263 1483 1334 συνίστωρ
1507 1261 1729 1332 εὑρέθη·

598 1356 814 1408 Μᾶλλον
835 1346 896 1408 δὲ
917 1356 1124 1422 γνοῦσα
1146 1357 1226 1418 είς
1262 1355 1453 1410 ἔπειτα
1484 1355 1542 1408 τὸ
1563 1355 1751 1426 δρᾶμα

610 1447 909 1518 Ἐπήϐολον
932 1448 1114 1516 λόγιον
1146 1448 1382 1512 ἐξειπεῖν
1411 1447 1588 1516 λόγος,

596 1537 826 1609 Γνώμην
869 1554 930 1594 τε
966 1539 1180 1610 κεδνὴν,
1233 1538 1466 1607 συνετὴν
1503 1537 1627 1608 μάλ’
1661 1536 1958 1607 εὐστόχως,

612 1626 701 1690 Ὠς
731 1629 830 1698 οὐχ
855 1628 1060 1702 ὑπόντα
1098 1628 1204 1698 χρὴ
1236 1627 1397 1696 διφᾷν
1427 1625 1676 1696 βασιλέα,

420 1715 567 1770 3780
603 1718 857 1788 Παρόντα
879 1719 940 1772 δὲ
982 1719 1235 1789 στέργειν
1267 1737 1326 1773 τε
1364 1719 1557 1772 τοῦτον
1610 1718 1706 1771 καὶ
1755 1717 1956 1772 σέϐειν.

594 1805 766 1872 Οὗτος
796 1811 1134 1884 στρατεύσας
1160 1814 1302 1865 κατὰ
1336 1811 1566 1881 Περσῶν
1593 1809 1888 1880 βαρϐάρων

607 1900 650 1954 Τ
657 1905 720 1964 ὰς
762 1903 899 1974 πρὸς
931 1902 1302 1973 Κομνηνάκτα
1338 1903 1616 1973 συνθήκας
1634 1901 1803 1956 πάλαι

594 1995 1001 2062 Διαλυσάντων,
1032 1995 1128 2050 καὶ
1159 1995 1343 2059 πόλεις
1375 1995 1678 2064 Ῥωμαῖδος

589 2083 698 2147 Τὰς
723 2085 860 2154 πρὸς
887 2086 1098 2160 Φρυγία
1132 2086 1225 2139 καὶ
1246 2084 1540 2156 Μαιάνδρῳ
1563 2084 1820 2153 κειμένας

414 2170 562 2225 5785
603 2175 1069 2245 Κατατρεχόντων
1093 2179 1188 2235 καὶ
1215 2177 1406 2240 κακῶς
1443 2174 1696 2246 δρώντων
1749 2173 1960 2238 ὅπλοις·

596 2266 702 2320 Καὶ
722 2266 1024 2335 συμϐαλὼν
1051 2268 1300 2338 -ἧττησεν
1329 2267 1528 2332 αὐτοὺς
1563 2267 1851 2331 πολλάκις,

594 2356 952 2425 Τρεψάμενος
979 2362 1124 2429 σφᾶς
1151 2360 1394 2422 εὐκλεῶς
1427 2361 1486 2414 ἐν
1509 2361 1632 2421 ταῖς
1663 2358 1886 2429 μάχαις.

603 2450 710 2500 Καὶ
741 2450 1052 2504 Λαοδικέων
1073 2451 1132 2504 δὲ
1165 2452 1435 2522 λαμϐάνει
1465 2452 1643 2514 πόλιν,

598 2540 706 2594 Καὶ
735 2542 894 2610 τήνδε
925 2544 1124 2614 τειχῶν
1154 2544 1551 2614 κατοχυρὼσας
1587 2544 1802 2614 κράτει,

422 2625 562 2682 3790
595 2630 707 2684 Καὶ
737 2632 918 2684 πάντα
947 2633 1066 2696 Θεὶς
1094 2631 1154 2686 εὖ
1179 2636 1274 2686 καὶ
1297 2631 1481 2696 καθὼς
1535 2628 1604 2702 ἦν
1655 2632 1959 2702 συμφέρον,

597 2721 738 2792 Πρὸς
770 2722 1018 2793 βασιλίδα
1057 2724 1503 2794 καθυποστρέφει
1534 2724 1712 2789 πόλιν,

600 2808 704 2867 Οἷα
738 2814 994 2884 βασιλεὺς
1021 2816 1247 2884 ἀγαθὸς,
1280 2816 1574 2885 νικηφόρος

606 2907 731 2968 Τοῖς
756 2906 1058 2975 βασιλικοῖς
1093 2908 1460 2976 ἀναδούμενος
1495 2909 1736 2978 κρότοις.

598 2998 752 3054 Πετά
783 3000 838 3054 δὲ
870 3002 1069 3073 μικρὸν
1097 3004 1463 3072 ἀπανίσταται
1493 3003 1679 3068 πάλιν,

422 3091 563 3150 5795
600 3095 715 3147 Καὶ
748 3095 963 3162 γίνεται
992 3095 1059 3165 δὴ
1093 3097 1233 3149 κατὰ
1265 3097 1364 3166 τὴν
1390 3096 1740 3166 Παμφυλίαν,

597 3187 758 3255 Δίρεῖ
786 3202 845 3238 τε
879 3185 1192 3250 Σωζόπολιν
1227 3187 1610 3256 μηχανουργίᾳ

597 3279 760 3331 Πόλιν
788 3281 1038 3350 ἐρυμνὴν
1066 3279 1162 3333 καὶ
1192 3277 1738 3348 κατησφαλισμένην,

610 3369 783 3430 "an;
805 3385 866 3422 τε
892 3369 1124 3422 πλεῖστα
1143 3370 1251 3424 τῶν
1277 3370 1400 3422 ἐκεῖ
1426 3368 1717 3438 πολιχνίων

601 3460 1008 3528 Στρατηγικαῖς
1032 3461 1256 3531 τέχναις
1279 3476 1341 3513 τε
1373 3461 1470 3513 καὶ
1512 3460 1690 3528 μάχης
1715 3460 1887 3528 νόμῳο

425 3549 568 3610 5800
619 3550 710 3605 Ἐν
733 3547 812 3610 οἷς
845 3569 951 3625 περ
973 3552 1250 3622 ἡρίθμητο
1293 3552 1389 3605 καὶ
1427 3551 1771 3620 κεκλημένον

601 3644 918 3714 Δύσληπτον
948 3645 1119 3702 ὄντων
1151 3645 1615 3715 Ἰερακορυφίτου,

603 3737 828 3807 Ἔρυμα
852 3737 1104 3808 τειχῆρές
1128 3754 1182 3791 τι
1208 3737 1484 3807 δύσμαχον
1517 3738 1680 3801 πάνυ,

602 3829 778 3882 Πάλαι
805 3829 910 3901 μὲν
937 3831 1067 3884 ὄντα
1102 3828 1179 3899 τῷ
1203 3831 1398 3900 κράτει
1439 3829 1744 3898 Ῥωμαῖδος

505 3985 508 3987 _
620 3921 872 3990 ’Υπήκοά
907 3939 966 3974 τε
997 3923 1093 3977 καὶ
1125 3923 1606 3993 συνηριθμημένα,

425 4011 566 4068 5805
604 4014 761 4082 Ζυγῴ
777 4014 840 4066 δὲ
871 4014 1098 4086 Περσῶν
1130 4014 1538 4070 καθυπείκοντα
1571 4017 1712 4072 τότε·

603 4100 771 4169 Οὗτος
799 4107 931 4177 περὶ
957 4107 1207 4176 πέμπτον
1241 4124 1304 4176 γε
1337 4109 1438 4176 τῆς
1485 4108 1662 4180 ἀρχῆς
1699 4110 1892 4180 χρόνον

605 4199 834 4262 Ἐθνους
855 4200 1124 4253 Σκυθικοῦ
1148 4203 1568 4271 κατακείροντος
1601 4202 1824 4273 Θρᾴκην

605 4294 714 4345 Καὶ
738 4293 918 4352 πάντα
937 4293 1144 4363 ταὺτῆς
1178 4292 1449 4364 Σκυθικὴν
1481 4296 1741 4365 ἐρημίαν,

605 4386 673 4438 Ὅ
706 4403 859 4455 φασι,
889 4385 1128 4451 δρῶντος
1159 4386 1453 4456 ἐκδρομαῖς
1485 4390 1850 4460 πανημέροις,

429 4480 569 4536 5810
611 4481 764 4534 Κινεῖ
788 4480 914 4533 κατ’
945 4478 1125 4536 αὐτῶν
1168 4478 1483 4548 Ῥωμαϊκὰς
1507 4481 1800 4552 δυνάμεις,

606 4575 708 4626 Καὶ
732 4570 1074 4641 συμπλακείς
1107 4570 1259 4638 σφίσι
1283 4587 1346 4640 γε
1371 4572 1448 4642 τῷ
1477 4572 1612 4626 Θεοῦ
1646 4573 1824 4628 σθένει

603 4662 1051 4735 Κατατροποῦιται
1073 4662 1346 4727 Σκυθικὰς
1384 4666 1562 4728 πάσας
1595 4665 1738 4730 ⁴ἴλας,

607 4758 716 4812 Καὶ
743 4757 1130 4828 τρισαριστεὺς
1161 4756 1544 4810 ἀναδείκνυται
1563 4739 1789 4829 κράτωρ

607 4849 833 4912 Βουλαῖς
866 4850 1223 4918 στρατηγίαις
1243 4865 1330 4915 τε,
1355 4850 1527 4912 λιταῖς
1558 4849 1787 4912 ἐνθέοιςο

429 4945 569 4999 5815
610 4945 686 4997 Οὐ
723 4943 834 5014 γὰρ
854 4943 990 5007 ἄναξ
1013 4943 1318 5012 σύμϐουλος
1340 4939 1408 5016 ἦν
1437 4943 1676 5013 χρηστὸς
1701 4943 1861 5012 μόνον

609 5035 722 5089 Καί
747 5052 810 5103 γε
842 5035 1151 5105 στρατηγὸς
1175 5036 1235 5090 ἐν
1267 5036 1470 5106 μάχαις
1495 5035 1802 5105 ῥωμαλέος,

625 5127 785 5181 Ἀλλὰ
813 5128 957 5182 καθά
984 5144 1069 5189 τις
1097 5129 1189 5180 καὶ
1210 5129 1420 5197 Μωσῆς
1453 5128 1612 5191 ἄλλος
1638 5129 1755 5192 νέος

611 5217 812 5286 Χεῖρας
847 5217 1071 5287 ἀνυψῶν
1096 5218 1267 5272 εἰκόνι
1299 5219 1576 5288 σεϐασμία

608 5309 718 5375 ἰ’ἦς
751 5309 1166 5379 μητρανανδρου
1197 5313 1292 5364 καὶ
1321 5311 1676 5380 πανυμνήτου
1701 5311 1886 5380 Κόρης

431 5400 571 5454 5820
609 5402 893 5470 Σχήμασιν
925 5401 1166 5468 οἰκτροῖς
1218 5402 1313 5456 καὶ
1352 5401 1684 5471 σταλαγμοῖς
1719 5402 1970 5473 δακρύων

615 5493 975 5564 Παρεμϐολὰς
1003 5493 1190 5563 ἔκρινε
1218 5495 1316 5556 τὰς
1348 5495 1459 5549 τῶν
1488 5493 1781 5568 βαρϐάρων

605 5583 742 5638 Θεοῦ
767 5585 999 5647 διδόντος
1025 5586 1126 5656 τὴν
1149 5587 1306 5656 νίκην
1326 5587 1620 5656 οὐρανόθεν

619 5677 899 5746 Περιφανῆ
927 5693 984 5729 τε
1009 5679 1102 5731 καὶ
1135 5678 1472 5746 περίπυστον
1495 5677 1640 5734 λίαν.

615 5767 722 5821 Καὶ
753 5769 862 5840 γὰρ
889 5770 1144 5825 τοσοῦτον
1178 5771 1549 5842 μυριάριθμον
1589 5771 1775 5842 στίφος

438 5857 578 5914 5823
617 5861 982 5931 Δορυαλὼτων
1013 5864 1322 5933 συνελήφθη
1363 5865 1670 5932 βαρϐάρων,

1987 531 2040 588 Α
2070 543 2211 584 nunc
2241 537 2318 585 tot
2347 529 2557 588 oblatas
2587 531 2834 600 respuisti
2865 546 3015 602 opes.

2067 622 2214 675 Adeo
2247 621 2512 678 clemente
2545 639 2638 678 rex
2663 623 2750 678 hic
2771 634 2890 678 erat
2921 623 3131 689 animo,

2068 723 2230 783 atque
2260 715 2506 771 imitator
2533 716 2735 773 Christi
2766 718 3038 772 studiosus
3065 716 3080 770 l

2073 805 2344 862 Caeterum
2381 818 2552 864 mater
2580 823 2644 864 ac
2685 810 2873 880 regina
2897 809 3054 864 lrene

2065 915 2373 970 quanquam
2405 900 2596 955 Joannl
2628 903 2930 956 immerenti
2957 901 3191 965 infensa,

2069 1002 2225 1055 quem
2265 989 2407 1043 haud
2436 990 2668 1059 imperio
2699 990 2919 1060 dignum
2949 992 3254 1060 reputabat,

2067 1078 2228 1146 idque
2251 1079 2532 1134 studuerat
2560 1081 2688 1135 olim
2719 1083 3061 1135 committere

2065 1171 2187 1224 ﬁliae
2218 1180 2379 1240 atque
2403 1186 2602 1242 genero
2628 1173 2825 1227 Caesari
2850 1171 3140 1243 Bryennio,

2067 1279 2204 1318 nunc
2234 1264 2547 1320 insidiarum
2581 1276 2756 1321 tamen
2797 1269 2985 1334 ignara
3012 1267 3142 1322 fuit.

2065 1355 2202 1419 Ouin
2227 1358 2428 1412 certior
2465 1369 2650 1426 postea
2683 1359 2980 1412 moliminis
3006 1360 3144 1412 facta

2062 1445 2236 1502 fertur
2257 1448 2462 1505 dixisse
2492 1454 2831 1505 commodmn
2859 1450 3105 1515 ell'atum,

2062 1552 2223 1614 atque
2249 1544 2566 1612 prudentem
2597 1545 2882 1598 admodum
2906 1542 3256 1609 sententiam,

2063 1652 2169 1692 non
2203 1652 2324 1692 esse
2356 1638 2733 1707 vestigandnm
2768 1638 3027 1692 latentem
3060 1652 3264 1706 regem,

2061 1732 2155 1787 sed
2185 1731 2584 1800 huicfprazsenti
2616 1742 2866 1784 amanter
2891 1729 3320 1798 obsequendum.

2063 1823 2210 1876 Idem
2241 1824 2477 1890 suscepit
2502 1832 2692 1876 contra
2719 1821 2910 1876 Persas
2935 1821 3155 1888 bellum,

2062 1913 2152 1982 qui
2184 1928 2305 1967 cum
2334 1911 2614 1968 Comneno
2643 1911 2973 1967 fmdnsolim
3001 1911 3195 1965 initum

2063 2003 2362 2070 fregerant,
2396 2010 2560 2069 atque
2596 2001 2822 2055 urbibus
2849 1999 3110 2054 Romanis

2062 2089 2115 2144 in
2144 2089 2377 2160 Phrygia
2406 2099 2460 2143 et
2492 2090 2606 2157 ripa
2649 2089 2907 2144 Maeandri
2939 2089 3129 2158 positis

2063 2184 2290 2239 armatis
2315 2183 2725 2238 incursionibus
2753 2182 2964 2237 molesti
2997 2187 3178 2237 erant.

2063 2277 2207 2347 Ergo
2237 2290 2342 2331 nou
2376 2274 2544 2329 semel
2576 2274 2826 2330 manibus
2851 2275 3146 2339 consertis,

2063 2374 2397 2444 proﬂiganda
2434 2373 2590 2427 hoste
2618 2371 2843 2439 gloriam
2874 2371 3083 2425 retulit.

2066 2468 2265 2524 Urbem
2296 2467 2421 2536 quin
2451 2465 2584 2520 adeo
2607 2464 2749 2530 cepit
2780 2463 3124 2530 Laodiceam,

2064 2579 2226 2634 quam
2257 2577 2378 2616 mox
2407 2561 2638 2615 munivit
2670 2559 2931 2615 moenium
2961 2558 3230 2625 praesidio,

2064 2655 2386 2724 cunctisque
2416 2655 2552 2710 bene
2584 2661 2640 2706 ut
2671 2666 2807 2720 opus
2844 2648 2939 2703 fuit
2976 2649 3278 2717 dispositis,

2066 2749 2130 2801 ad
2161 2747 2342 2802 urbem
2373 2747 2572 2815 regiam
2607 2744 2782 2798 reditu
2814 2759 2873 2799 se
2904 2743 3142 2811 recepit;

2068 2839 2252 2909 ibique
2285 2837 2450 2892 veluti
2485 2851 2576 2890 rex
2604 2837 2937 2891 victoriosus

2064 2929 2252 3000 plausu
2279 2928 2506 2983 solemni
2533 2927 2712 2994 populi
2757 2935 2841 2981 est
2872 2933 3145 2992 receptus.

2067 3019 2223 3076 Brevi
2265 3019 2572 3082 intervallo,
2605 3018 2860 3073 discessit
2891 3017 3070 3071 denuo

2066 3123 2122 3168 et
2153 3128 2273 3168 cum
2301 3113 2542 3166 exercitu
2579 3124 2808 3180 pergens
2835 3110 2886 3163 in
2919 3107 3296 3180 Pamphyliam

1990 3193 2036 3254 C
2070 3206 2121 3260 vi
2149 3204 2559 3272 strategematis
2593 3202 2734 3272 cepit
2758 3199 3071 3270 Sozopolim

2066 3297 2252 3351 urbem
2278 3294 2549 3351 excelsam
2582 3294 2820 3363 undique
2853 3292 3144 3346 munitam.

2065 3386 2215 3440 Alias
2245 3399 2461 3453 quoque
2491 3383 2753 3452 plurimas
2780 3382 3068 3436 urbeculas

2065 3479 2260 3546 partim
2297 3477 2498 3532 astutia
2542 3475 2736 3544 partim
2767 3474 2815 3526 vi
2849 3473 3038 3528 bellica

2066 3570 2228 3638 cepit,
2251 3585 2385 3638 quas
2414 3571 2554 3623 inter
2590 3567 2735 3620 aditu
2767 3565 2987 3620 diiIicile

2066 3672 2325 3725 castrum,
2355 3662 2442 3715 cui
2483 3675 2676 3714 nomen
2715 3655 3210 3726 Hieracoryphites,

2069 3754 2339 3806 luminibus
2365 3752 2570 3806 Celsum
2597 3761 2652 3804 et
2677 3746 3117 3817 inexpugnabile.

2067 3848 2198 3910 Quae
2233 3853 2440 3898 cuneta:
2464 3855 2621 3906 arces
2649 3841 2700 3895 in
2733 3840 2961 3894 Romani
2997 3837 3214 3906 imperil

2070 3939 2262 3993 ﬁnibus
2289 3938 2476 4005 posita;
2504 3937 2786 4002 eidemque
2829 3933 3076 3988 obnoxia:

2070 4030 2356 4085 Persarum
2388 4027 2574 4095 jngum
2609 4035 2792 4094 postea
2839 4024 3142 4080 subicrant.

2067 4127 2222 4178 Anno
2251 4121 2474 4176 Joannis
2503 4119 2818 4188 imperantis
2849 4119 3060 4189 quinto,

2071 4215 2319 4282 Scythica
2351 4228 2469 4267 cum
2504 4226 2635 4282 gens
2660 4209 2946 4264 Thraciam
2979 4219 3232 4274 vastaret,

2069 4319 2124 4361 et
2163 4307 2530 4368 solitudinem,
2561 4314 2619 4358 ut
2641 4313 2723 4359 est
2756 4305 2809 4358 in
2841 4303 3154 4374 proverbio,

2072 4399 2379 4472 Scythicam
2413 4398 2610 4452 faceret
2639 4397 2912 4468 perpetuis
2941 4396 3285 4460 incursibus;

1999 4521 2042 4576 υ
2075 4494 2346 4546 Romanas
2376 4491 2555 4560 copias
2581 4489 2764 4545 Caesar
2799 4473 2987 4544 contra
3020 4487 3240 4554 eduxit;

2079 4585 2281 4651 Deique
2309 4596 2409 4650 ope
2445 4581 2628 4649 przelio
2673 4579 2964 4634 commisso

2075 4673 2357 4742 Scythicas
2389 4683 2614 4727 cunctas
2647 4671 2859 4740 disiecit
2881 4669 3196 4738 phalanges,

2072 4777 2127 4822 et
2153 4766 2480 4821 victoriosus
2517 4766 2809 4834 imperator
2841 4762 3052 4818 exstitit

2073 4859 2323 4922 consilio,
2358 4873 2541 4920 manu,
2575 4857 2831 4926 precibus
2859 4856 2925 4909 ad
2957 4853 3144 4906 Deum.

2073 4952 2191 5007 Non
2219 4941 2366 5006 enim
2402 4961 2607 5005 tantum
2642 4964 2732 5003 rex
2766 4948 3089 5002 consiliosus
3119 4955 3240 5002 erat

2075 5052 2239 5114 atque
2267 5059 2363 5112 per
2396 5056 2605 5113 pugnas
2640 5039 2798 5096 fortis
2831 5041 3146 5108 imperator,

2075 5137 2169 5191 sed
2206 5138 2349 5191 velut
2379 5135 2515 5188 alter
2542 5133 2754 5202 Moyses
2786 5131 3028 5185 novellus

2073 5240 2264 5279 manus
2287 5223 2534 5278 attollens
2563 5222 2628 5275 ad
2655 5230 2938 5288 augustam
2967 5219 3254 5287 imaginem

2075 5316 2459 5371 laudatissima
2494 5314 2732 5384 Virginis
2763 5313 3024 5380 Deiparae‘

2075 5408 2303 5477 supplici
2335 5417 2488 5475 gestu
2525 5404 2865 5473 prolusisque
2895 5403 3147 5474 lacryrnis

2076 5500 2390 5555 barbaricos
2419 5500 2688 5552 exercitus
2723 5497 3020 5564 superavit,

2079 5594 2362 5647 victoriam
2399 5589 2614 5645 caelitus
2648 5588 2884 5642 donante
2914 5585 3047 5651 Deo,

2077 5682 2411 5750 splendidam
2446 5695 2669 5750 prorsus
2702 5688 2759 5733 et
2787 5677 3219 5735 celeberrimam.

2080 5773 2286 5826 Etenim
2324 5779 2506 5824 tantus
2533 5768 2896 5823 Barbarorum
2941 5783 3200 5824 numerus

2081 5867 2129 5918 in
2164 5871 2480 5929 potestatem
2513 5859 2710 5917 decidit
2733 5860 2974 5926 victoris,

3531 405 3637 474 150
