4070 6526
404 418 519 485 153
1850 422 2222 486 ClESARES.
2332 493 2341 508 ,
3552 405 3652 470 tat

632 538 723 592 Ἐν
749 529 785 610 ᾗ
819 538 1097 603 πεποιθὼς
1127 540 1223 595 καὶ
1254 538 1539 611 κατορθῶν
1553 540 1655 604 τὰς
1683 540 1839 605 νίκας

626 626 716 691 Ὠς
747 630 1205 699 συστρατηγέτιδι
1232 629 1356 683 κατ’
1383 629 1598 701 ἐχθρῶν
1633 628 1814 698 μάχης

617 718 868 787 Προσῆγε
904 717 1001 788 τὴν
1035 720 1349 789 πρέπουσαν
1386 719 1760 788 εὐχαριστίαν,
2084 739 2219 779 conv

1393 719 1760 788 εὐχαριστίαν.
2084 724 2469 779 convenientes
2493 720 2749 775 reddebat
2779 730 3000 789 grates;

435 807 586 862 5885
623 800 732 868 'Hc
759 807 848 859 καὶ
880 806 1089 876 προῆγε
1121 808 1216 860 σὺν
1245 807 1343 879 ὅλῃ
1369 806 1633 875 γερουσίᾳ

1440 806 1633 875 ρουσίᾳ
2082 815 2397 886 praecedens
2425 814 2538 881 ipse
2566 826 2686 866 cmn
2722 820 2833 863 toto
2858 819 3046 863 senatu

622 900 754 952 Ποσὶ
786 897 1019 967 βαδίζων
1056 899 1350 969 σταυρικὸν
1401 899 1683 969 σκῆπτρον
1744 896 1946 967 φέρων.
2084 909 2229 977 pede:

1681 919 1683 935 ’
1744 896 1946 967 φέρων·
2084 909 2361 977 pedester,
2396 914 2668 971 sceptrum
2697 912 2917 972 gestans
2940 898 3288 957 crueil'erum.

632 989 792 1042 Ἀλλὰ
828 989 1038 1059 βραχὺς
1066 989 1267 1059 ήνυστο
1292 987 1413 1042 κατ’
1439 984 1592 1040 οἷκον
1626 987 1839 1057 χρόνος,
2085 998 2193 1053 sed
2224 998 2239 1051 ι

1583 1006 1592 1036 ’
1626 987 1839 1057 Χρόνος,
2085 998 2193 1053 Sed
2224 998 2371 1051 brevi
2402 995 2545 1050 domi
2582 1004 2823 1062 tempore
2856 992 3190 1059 permansit;

621 1082 730 1135 Kal
754 1083 921 1135 πάλιν
948 1083 1309 1150 ἐστράτευσεν
1335 1079 1468 1144 ἄναξ
1491 1083 1703 1151 χαρίεις
2086 1104 2228 1150 ται-ει

1525 1083 1703 1151 αρίεις
2086 1103 2395 1157 rursusque
2431 1086 2495 1139 ad
2527 1084 2725 1139 bellum
2758 1097 2850 1136 rex
2885 1080 3132 1133 amabilis

624 1173 782 1226 Μετὰ
808 1175 1069 1242 στρατιᾶς
1099 1174 1333 1243 ἀρεῖκῆς
1368 1173 1692 1244 προφρόνως
2084 1182 2231 1251 profe

1629 1189 1692 1237 υς
2084 1182 2360 1251 profectus
2390 1179 2613 1247 impigre
2638 1192 2759 1231 cum
2790 1175 2967 1228 valido
2993 1174 3236 1229 exercitu

445 1264 594 1317 5890
637 1265 764 1318 Ἐπὶ
794 1265 1163 1334 Τανισμάνιον
1192 1268 1273 1329 είς
1304 1267 1645 1336 Κασταμόνα
1732 1279 1736 1283 ‘

1732 1279 1736 1283 “
2086 1270 2236 1323 venit
2264 1267 2645 1321 Castamonem
2675 1274 2864 1317 contra
2900 1262 3332 1321 Tauismaniuut,

625 1354 945 1425 Στρατηγὸν
976 1355 1144 1426 ἄνδρα
1183 1356 1338 1426 παρὰ
1369 1355 1827 1427 Περσαρμενίοις,
2087 1359 2179 1429 qui
2208 1361 2232 1410 tl

1429 1355 1827 1427 ερσαρμενίοις,
2087 1359 2179 1429 qui
2208 1361 2313 1410 dux
2347 1355 2585 1411 delectus
2620 1370 2649 1407 a
2676 1351 3036 1407 Persameniis

623 1448 842 1518 Ταύτην
861 1448 1053 1502 ἑλόντα
1077 1448 1401 1519 τειχομαχίᾳ
1437 1448 1613 1510 πόλιν,
2088 1452 2230 1521 prmd

1462 1448 1613 1510 πόλιν,
2088 1449 2397 1521 praedictam
2430 1448 2615 1502 urbem
2643 1452 3069 1515 expugnaverat,

627 1540 737 1593 Kal
772 1540 1027 1609 φύλακας
1061 1542 1352 1595 κτείναντα
1393 1539 1701 1610 Ῥωμαίους
1734 1539 1880 1605 ξίφει
2090 1544 2229 1613 gladi

1599 1539 1701 1601 ῖους
1734 1539 1880 1605 ξίφει
2090 1544 2267 1613 gladio
2298 1543 2599 1597 Romanum
2632 1542 2841 1595 candens
2873 1537 3206 1606 praesidium.

626 1632 737 1686 Kal
763 1633 909 1702 τήνδ’
940 1634 1262 1687 ὲπανέσωσε
1307 1632 1593 1701 Ῥωμαίων
1619 1632 1832 1702 κράτει·
2090 1634 2233 1689 Hane

1397 1634 1593 1701 ’μαίων
1619 1632 1832 1702 κράτει·
2090 1634 2241 1689 Hanc
2265 1648 2395 1702 ergo
2431 1631 2613 1687 Caesar
2650 1629 3004 1699 recuperavit.

2004 540 2058 601 A
2081 540 2165 597 cui
2195 540 2319 610 quia
2355 540 2592 596 conlisus
2621 536 2793 591 victor
2824 535 3136 598 exstiterat,

2083 650 2227 689 nunc
2255 648 2351 687 ceu
2378 632 2502 686 belli
2530 630 2691 684 socia:
2723 639 2777 683 et
2804 627 3054 681 auxiliari

449 1723 595 1778 ’5803
633 1723 777 1790 Πρὸς
800 1724 978 1777 τοῖσδε
1004 1725 1269 1793 Γάγγραν
1296 1722 1634 1793 καταπορθεϊ
1686 1723 1785 1789 τὴν
1840 1720 1992 1773 πόλιν

1430 1722 1634 1793 ιπορθεϊ
1686 1723 1785 1789 τὴν
1840 1720 1992 1773 πόλιν
2092 1727 2314 1793 Insuper
2343 1724 2559 1789 Gangra
2591 1730 2852 1790 occupata
2880 1721 3037 1783 urbe,

646 1816 734 1867 Ἐν
824 1832 889 1883 γε
914 1818 1189 1884 φρουροὺς
1220 1813 1497 1879 ἀποτάξας
1523 1814 1753 1876 ὁπλίτας

641 1906 736 1959 Ἐκ
772 1905 1095 1975 Ῥωμαῖκῆς
1124 1908 1387 1975 στρατιᾶς
1412 1904 1710 1975 δισχιλίους

634 1997 743 2049 Kal
771 1997 953 2050 πάντα
980 1996 1093 2059 Θεϊς
1124 1995 1205 2061 εὖ,
1234 1998 1315 2059 εἰς
1342 1996 1497 2049 πόλιν
1524 1998 1882 2068 ὑποστρέφει*

631 2088 741 2139 Kal
774 2087 900 2158 τῇδε
922 2086 1119 2158 μικρὸν
1141 2086 1491 2157 ἐνδιατρίψας
1519 2087 1711 2157 χρόνον

455 2177 598 2232 3900
632 2176 1132 2248 Κατακρατοῠντος
1173 2178 1469 2249 Ἀρμενίας
1500 2176 1768 2231 Λεὸούνου

642 2270 1060 2341 Ἐπιστρατεύει
1088 2273 1348 2341 στρατιὰν
1376 2272 1640 2341 πλείστην
1682 2272 1852 2340 ἄγων,

634 2361 961 2432 Κατηκόους
994 2362 1232 2425 σίνοντος
1259 2362 1513 2417 Αὐσόνων
1542 2363 1749 2427 πόλεις.

634 2452 847 2509 Οὐκοῦν
876 2453 1074 2517 mea;
1112 2454 1614 2525 ’Δρμενοκιλικία;,

635 2545 850 2617 Ταρσὸν
871 2547 1261 2615 παρεστήσατο
1282 2547 1512 2615 φαεινὴν
1542 2547 1717 2607 πόλιν,

460 2632 605 2688 5905
645 2635 754 2687 Καὶ
778 2636 877 2702 τὴν
919 2635 1145 2705 Ἀδάνην
1177 2635 1269 2687 καὶ
1300 2635 1474 2699 Βακᾶ,
1505 2635 1833 2705 στρατηγίᾳ.

641 2721 855 2776 Ἐπειτ’
888 2721 1096 2790 ὀχυρὰν
1134 2721 1480 2792 Ἀναζάρδην
1510 2722 1605 2775 σὺν
1632 2722 1723 2793 βίᾳ

637 2812 973 2884 Περικλυτόν
998 2830 1058 2865 τε
1089 2814 1184 2866 καὶ
1215 2810 1528 2865 Κολώνειαν
1569 2813 1744 2865 πόλιν·

639 2905 751 2958 Καὶ
778 2904 842 2974 δὴ
871 2902 1153 2972 μετελθὼν
1186 2903 1284 2964 τὰς
1313 2901 1478 2972 πέριξ
1507 2903 1712 2964 ταύτας
1744 2902 1930 2965 πόλεις

653 2995 901 3067 Ἐρυμνά
926 3012 987 3048 τε
1022 2994 1262 3065 φρούρια
1294 2994 1389 3047 καὶ
1426 2994 1619 3063 κώμας
1640 2995 1793 3057 ὅλας,

464 3089 604 3144 5910
650 3088 973 3157 Ἐφίσταται
1005 3086 1063 3139 δὲ
1087 3088 1199 3149 τοῖς
1219 3086 1528 3171 τόποιςθτῆς
1570 3085 1794 3154 Συρίας,

640 3181 752 3233 Kal
792 3180 896 3247 τὴν
934 3179 1092 3233 πόλιν
1122 3180 1317 3232 εἴσεισι
1351 3178 1449 3244 τὴν
1491 3177 1789 3245 Ἀντιόχου.

668 3271 1021 3342 Ῥαῖμούνδου
1056 3272 1357 3340 πρίγκιπος
1385 3270 1499 3340 ἅμα
1536 3270 1655 3331 τοῖς
1676 3268 1820 3329 ὅλοις

646 3359 720 3418 Εὐ
749 3365 937 3437 χερσὶν
966 3364 1130 3417 αὐτὸν
1161 3362 1380 3424 ὑπτίαις
1414 3361 1761 3429 δεδεγμένου,

647 3456 759 3510 Καὶ
791 3458 926 3511 πᾶσι
971 3455 1308 3527 τιμήσαντος
1341 3454 1504 3507 αὐτὸν
1532 3452 1757 3505 είκόσιν.
1798 3507 1831 3519 _

2095 1817 2277 1885 ibique
2302 1815 2573 1883 impositis
2598 1812 2832 1881 prmsidii
2865 1824 3030 1864 causa

2025 1889 2067 1943 Β
2096 1911 2159 1962 de
2184 1919 2369 1961 nostro
2401 1905 2644 1961 exercitu
2686 1907 2767 1956 bis
2798 1901 2943 1956 mille
2974 1900 3219 1965 armatis,

2096 2000 2306 2054 cunctis
2336 1997 2561 2067 pacatis,
2594 1996 2913 2065 Byzantium
2947 1992 3122 2047 rediit.

2097 2092 2347 2145 Attamen
2377 2089 2614 2143 breviter
2652 2089 2738 2140 hic
2767 2094 3162 2147 commoratus,

2102 2182 2377 2252 profectus
2407 2188 2489 2233 est
2512 2192 2636 2232 cum
2667 2178 2870 2248 ingenti
2895 2177 3165 2239 exercitu,

2100 2272 2447 2340 imperitante
2480 2271 2732 2323 Armenis
2760 2268 2999 2331 Levuno,

2100 2376 2419 2434 nostrasque
2448 2364 2607 2418 urbes
2643 2362 2856 2416 damnis
2884 2361 3169 2415 efﬁciente.

2100 2459 2241 2526 Ergo
2274 2470 2592 2526 progressus
2621 2455 2673 2508 in
2713 2452 3223 2507 Armenio—Ciliciam

2100 2550 2433 2618 splendidam
2462 2550 2647 2601 urbem
2682 2544 2970 2614 occupavit
2999 2542 3251 2607 Tarsum,

2100 2642 2295 2696 Bacaut
2331 2650 2386 2694 et
2416 2639 2655 2693 Adonem
2680 2638 2874 2709 peritia
2902 2637 3120 2690 bellica.

2102 2733 2221 2787 Mox
2252 2732 2589 2786 Anazarbum
2623 2743 2835 2783 summa
2869 2726 2921 2780 vi
2955 2727 3306 2795 expugnavit,

2103 2835 2159 2877 et
2189 2824 2477 2878 Coluneam
2505 2833 2558 2877 et
2586 2822 2907 2893 Periclytutn
2938 2821 3120 2873 urbes.

2108 2915 2375 2970 Proximis
2407 2928 2619 2982 quoque
2654 2911 2950 2981 subiugatis
2983 2911 3213 2977 oppidis,

2110 3023 2234 3063 cum
2270 3006 2495 3061 munitis
2528 3005 2763 3059 castellis
2793 3003 3116 3069 cunctisque
3148 3002 3315 3068 pagis,

2110 3100 2256 3154 venit
2288 3100 2341 3153 in
2372 3099 2540 3169 Syria:
2570 3111 2740 3166 usque
2770 3096 3038 3165 regiones,

2032 3215 2074 3274 ο
2111 3202 2268 3259 atque
2300 3190 2639 3243 Antiochiam
2672 3189 2855 3240 urbem
2896 3187 3215 3252 ingreditur.

2111 3281 2413 3334 Baituttntlu
2443 3280 2682 3348 principe
2716 3295 2835 3332 cum
2862 3290 3059 3332 cuncto
3094 3276 3288 3344 pupulu

2112 3376 2255 3427 hunc
2279 3371 2582 3438 excipiente
2615 3372 2794 3424 studio
2820 3368 3042 3436 proclivi

2110 3463 2363 3531 omnique
2399 3462 2580 3515 debito
2608 3476 2729 3515 cum
2755 3462 2981 3514 honore.

470 3547 611 3604 39|5
658 3546 775 3616 Ἐφ’
810 3546 1048 3616 ἡμέραις
1078 3541 1170 3598 οὖν
1194 3543 1539 3613 ὲνδιατρίψας
1568 3544 1743 3604 πόλει,

649 3638 810 3704 Αὐτῷ
838 3654 897 3689 τε
923 3636 1015 3690 τὸν
1048 3637 1333 3704 πρίγκιπα
1356 3633 1528 3697 λίζιον
1557 3634 1786 3702 δρὰτας.

652 3728 756 3781 Σὺν
787 3727 925 3799 τῷδε
955 3727 1277 3798 Τριπόλεως
1312 3723 1623 3795 κρατοῦντα
1650 3724 1794 3787 τότε,

656 3819 827 3885 Ἀναξ
854 3818 1237 3891 χαριτώνυμος
1272 3818 1437 3881 ἔξεισι
1476 3815 1660 3879 πάλιν,

653 3914 761 3966 Kal
795 3914 934 3983 πρὸς
962 3910 1410 3983 παρευφράτιδας
1446 3908 1635 3962 ἄπεισι
1664 3904 1868 3969 πόλεις,

473 4004 615 4059 59Ξο
656 4004 789 4074 Παρ’
831 4003 1155 4076 Ἀγαρηνῶν
1182 4002 1244 4055 οὐ
1265 4002 1446 4064 καλῶς
1480 3998 1860 4070 κρατουμένας

665 4098 767 4151 Kal
798 4096 967 4149 τῶνδε
993 4094 1192 4164 πορθεῖ
1216 4090 1594 4162 τειχομαχίαις
1623 4088 1811 4148 ὅπλοις

656 4192 823 4254 Πεζά,
849 4189 1057 4252 Χάλεπ,
1092 4186 1373 4256 Νίστριον,
1399 4180 1693 4250 Καρφαρᾶ,
1725 4178 1942 4247 Φέρεπο
2118 4188 2263 4242 pem

1861 4190 1942 4229 ιπ⁹
2118 4188 2313 4250 Pezan,
2341 4185 2562 4255 Caleplt,
2588 4184 2851 4244 Nistrion,
2880 4183 3212 4248 Carpharan.
3243 4186 3468 4251 l’lterep.

670 4282 761 4337 Ἐκ
787 4282 898 4334 τῶν
927 4280 983 4335 δὲ
1016 4279 1222 4332 λοιπῶν
1255 4276 1466 4331 ἀστέων
1495 4274 1645 4344 δῶρα
1680 4270 1808 4336 ξένα
2118 4281 2194 4334 Ex
2234 4277 2277 4330 al

1644 4315 1645 4321 η
1680 4270 1808 4336 ξένα
2118 4281 2194 4334 Ex
2234 4277 2355 4332 aliis
2386 4286 2565 4330 autem
2597 4275 2825 4329 urbibus
2859 4276 3079 4329 donaria
3117 4277 3251 4326 mira

659 4374 767 4427 Kal
793 4374 1019 4427 πλεῖστα
1045 4370 1226 4425 λαὸὼν
1250 4369 1342 4423 καὶ
1367 4368 1547 4429 λίθους
1575 4365 1669 4420 καὶ
1698 4363 2017 4434 μαργάρους
2117 4369 2266 4423 mult;

1698 4363 2017 4434 μαργάρους
2117 4369 2392 4437 multaque
2419 4366 2624 4430 retulit,
2651 4380 2912 4435 gemmas,
2951 4365 3293 4432 margaritas,

2113 3556 2168 3609 In
2201 3558 2300 3609 bac
2331 3554 2602 3623 paulisper
2636 3554 2951 3607 demoratus
2987 3551 3120 3604 urbe

2112 3660 2235 3698 cum
2269 3644 2370 3696 sibi
2401 3643 2689 3697 obnoxium
2719 3641 2983 3696 eli'ecisset
3018 3642 3311 3706 principem

2114 3748 2347 3802 cumque
2375 3747 2439 3785 eo
2469 3732 2747 3800 Tripoleos
2768 3732 2929 3785 etiam
2958 3732 3258 3791 dominum,

2117 3841 2209 3880 rex
2241 3825 2518 3892 gratiosus
2548 3837 2862 3892 progressus
2890 3823 3118 3875 ulterius

2116 3917 2181 3969 ad
2212 3914 2595 3983 Euphratesias
2625 3913 2899 3967 festinavit
2932 3915 3110 3974 urbes,

2115 4022 2249 4074 quas
2280 4004 2509 4073 Agareni
2549 4012 2735 4056 contra
2764 4002 2847 4056 fas
2876 4004 3147 4056 tenebant.

2118 4096 2193 4149 Ex
2230 4095 2314 4148 liis
2344 4091 2645 4162 perdomuit
2680 4092 2944 4144 machinis
2968 4102 3020 4145 et
3057 4094 3219 4145 aruis

482 4468 624 4523 5923
660 4464 830 4520 Πολύν
858 4482 917 4517 τε
952 4463 1151 4533 χρυσὸν
1176 4462 1269 4514 καλ⁹
1295 4454 1754 4527 λαφυραγωγίαν,

668 4560 770 4611 Καὶ
803 4556 1057 4625 λυχνίτην
1079 4552 1312 4623 φέροντα
1339 4547 1574 4619 σταυροῦ
1590 4546 1683 4600 τὸν
1702 4544 1871 4599 τύπον

666 4649 872 4718 Χρῆμά
902 4666 953 4700 τι
986 4645 1438 4715 πανθαύμαστον,
1469 4640 1799 4710 ἔκπληκτον,
1834 4637 2016 4701 ξένον·

665 4739 805 4807 Πρὸς
834 4738 879 4790 δ’
913 4732 979 4789 αὖ
1006 4753 1067 4804 γε
1100 4736 1191 4789 καὶ
1217 4733 1498 4804 τράπεζαν
1530 4730 1851 4799 ἔκλαμπρον
1877 4726 2018 4780 πάνυ

678 4831 768 4895 Ἐξ
796 4831 1076 4899 άμιμήτου
1105 4826 1521 4895 ωντεθειμένην
1545 4824 1739 4893 τέχνης

484 4926 625 4981 3930
665 4922 932 4991 Πολυτελῆ
957 4938 1014 4974 τε
1042 4920 1454 4991 χρυσότευκτον,
1479 4916 1747 4981 ποικίλην·

2120 4475 2372 4529 magnam
2400 4463 2509 4515 vim
2537 4458 2679 4518 auri.
2712 4459 3009 4525 praedaeque
3033 4458 3333 4514 cumulum,

2042 4547 2096 4607 D
2124 4553 2413 4624 lyehuitem
2449 4563 2666 4619 quoque
2693 4550 2777 4600 cui
2811 4561 2939 4599 crux
2971 4545 3229 4612 impressa
3258 4558 3399 4604 criti,

2122 4660 2236 4699 rem
2271 4646 2461 4697 miram
2490 4652 2543 4695 et
2568 4640 2885 4707 stupendatn
2921 4649 3083 4705 atque
3112 4636 3430 4691 lllSttlilatIl-z

2121 4738 2343 4805 insuper
2370 4747 2608 4787 mensam
2648 4731 2815 4785 multo
2845 4727 3330 4796 splendidiSsitnam

2121 4831 2447 4884 elaboratam
2481 4833 2597 4879 arte
2627 4821 2956 4882 inimitabili,

2124 4919 2569 4992 pretiosissimam
2600 4930 2818 4968 auream
2856 4914 3180 4978 variegatam
3213 4929 3228 4965 :

672 5018 738 5069 Ἀ
773 5016 953 5068 πάντα
1005 5012 1332 5079 συνείληπτο
1360 5011 1474 5070 τοῖς
1509 5008 1751 5076 Πέρσαις
1781 5002 1949 5057 πάλαι

666 5106 966 5177 Συσχοῦσιν
996 5104 1312 5157 αὐτάνακτα
1335 5101 1425 5154 τὸν
1457 5099 1740 5166 Διογένην·

670 5202 813 5266 Πρὸς
842 5199 940 5269 τὴν
973 5194 1365 5269 βασιλεύουσαν
1395 5192 1619 5263 ἔρχεται
1644 5190 1800 5241 πόλιν

671 5294 857 5359 Ἀγων
890 5289 1011 5360 μεθ’
1042 5286 1237 5341 ἑαυτοῦ
1273 5285 1602 5351 κασίγνητον
1646 5282 1747 5333 σὺν
1777 5278 1919 5344 γόνῳ

492 5387 634 5442 ’5955
664 5386 768 5437 Τὸν
801 5380 1279 5451 σεδαστοκράτορα
1300 5378 1392 5431 τὸν
1422 5376 1553 5444 πρὶν
1581 5372 1817 5441 φυγάδα,

674 5477 763 5546 Τῷ
792 5475 1099 5544 τηνικαῦτα
1131 5471 1479 5544 προσρυέντα
1505 5466 1745 5536 γνησίως

677 5570 906 5623 Ἀνακτι
935 5567 1072 5635 τῷδε
1099 5569 1193 5619 καὶ
1227 5566 1542 5631 κασιγνήτῳ
1572 5558 1733 5627 φίλῳο

680 5663 775 5723 Ὃς
800 5657 1037 5713 ἐκλιπὼν
1070 5658 1201 5729 πρὶν
1233 5653 1517 5725 διατριϐὰς
1539 5650 1791 5704 Αὐσόνων

678 5754 872 5823 Σχέσιν
898 5750 1153 5822 ὁμογνίου
1174 5766 1231 5802 τε
1260 5749 1355 5801 καὶ
1376 5743 1643 5815 βασιλέως

505 5845 647 5901 3940
685 5845 824 5917 Πρὸς
856 5844 1213 5914 Περσάνακτα
1245 5840 1421 5908 φυγὰς
1454 5834 1694 5906 ὲκλυπὴς
1716 5832 1921 5905 τρέχεισ

2123 5028 2241 5083 qua:
2265 5020 2453 5066 cuneta
2486 5008 2663 5062 Persae
2692 5007 2960 5072 quondam
3009 5004 3363 5070 diripuerant,

2123 5120 2247 5161 eum
2278 5102 2647 5171 captivassent
2685 5098 2957 5152 Cursarem
2994 5095 3302 5162 Diogenem.

2126 5198 2207 5251 Ad
2238 5196 2424 5249 urbem
2456 5203 2633 5247 autent
2670 5188 2832 5245 rediit
2855 5187 3091 5242 Joannes

2127 5290 2337 5344 habens
2374 5298 2688 5355 germanum
2724 5297 2846 5335 cum
2881 5289 3072 5345 nepote
3100 5290 3284 5337 secum

2128 5380 2637 5438 sebastocratorem,
2664 5373 2806 5435 dico,
2843 5370 3044 5438 pridem
3078 5365 3384 5436 profugum,

2134 5480 2260 5523 tunc
2296 5479 2427 5519 vero
2463 5473 2708 5517 amanter
2740 5471 2908 5515 semet
2933 5457 3335 5528 permittentetn

2132 5556 2450 5627 regiJoanni
2480 5552 2783 5621 peratuauti
2813 5549 2993 5604 fratri.

2131 5648 2230 5703 Hie
2262 5645 2533 5701 derelictis
2564 5642 2821 5698 Romanis
2844 5643 3061 5705 ﬁnibus.

2130 5748 2418 5810 spretoque
2447 5735 2637 5789 atl'ectu
2668 5734 2851 5788 fratris
2885 5744 3045 5803 atque
3071 5733 3326 5796 Caesaris,

2133 5831 2200 5885 ad
2230 5828 2445 5883 Persam
2480 5840 2659 5899 regem
2696 5833 2868 5879 tactus
2894 5824 3077 5879 dolore
3109 5823 3319 5892 fugerat
3349 5839 3367 5876 :
