4070 6572
491 415 594 481 159
1579 419 1978 484 ΕΙἮΒΕΜΠ
2020 418 2098 479 Cl?

2116 415 2376 480 ‘RONOG
2387 420 2480 482 BA
2496 419 2624 483 ΡΠῐ
3625 413 3723 476 mo

490 531 668 596 laetus,
697 528 992 602 Iucundus,
1036 531 1291 588 comitate
1330 532 1485 588 obvia
1515 549 1531 586 :

488 638 674 679 verum
707 626 961 688 patientia
994 626 1234 680 maxime
1271 625 1594 687 excellebat,

487 723 543 770 ct
586 715 689 769 leni
731 717 914 770 animo
944 733 1054 786 pra:
1089 719 1300 772 caeteris
1343 717 1596 786 regibus;

491 807 651 860 heros
694 807 990 862 Herculeus
1026 809 1425 877 insuperabilis,

489 897 680 966 suique
725 899 871 967 regni
902 899 1110 954 validus
1137 901 1425 964 defensor,

487 995 671 1051 pastor
709 989 903 1052 bonus,
935 988 1063 1056 vigil
1105 989 1263 1044 ovilis
1291 999 1494 1054 custos,

491 1077 742 1146 luporum
776 1080 981 1133 rabiem
1012 1095 1040 1132 a
1070 1095 1233 1150 grege
1261 1081 1560 1150 depellens,

487 1178 651 1236 atque
689 1170 819 1224 huic
859 1170 1025 1224 libera
1064 1187 1263 1240 pascua
1309 1188 1654 1241 procurans:

485 1259 658 1311 contis
690 1272 967 1324 regnator,
999 1262 1209 1316 validus
1243 1262 1494 1328 bellator,

487 1347 644 1416 Ajax,
679 1351 932 1414 Achilles,
947 1352 1142 1406 Nestor
1171 1354 1528 1419 consiliosus,

487 1453 655 1506 eques
698 1442 778 1495 vel
816 1442 930 1509 ipso
965 1444 1185 1498 Priamo
1213 1445 1466 1512 peritior,

494 1525 698 1583 Hector
726 1531 1018 1602 phalangas
1049 1543 1306 1590 sternens
1335 1536 1613 1602 adversas,

487 1621 727 1674 moribus
750 1623 1023 1690 iucundis,
1062 1637 1220 1681 acuto
1250 1627 1483 1698 ingenio,

489 1710 737 1766 hostibus
769 1712 1166 1779 formidandus,
1201 1717 1371 1771 bonus
1405 1718 1662 1787 subditis,

487 1803 705 1868 hilaris,
743 1821 964 1861 accessu
997 1808 1194 1870 facilis.
1227 1813 1678 1880 gratiosissimus,

485 1895 634 1950 mille
661 1897 845 1951 relatis
886 1913 978 1952 rex
1029 1900 1260 1970 inclytus
1289 1901 1502 1970 palmis,

483 1996 535 2040 el
569 1987 725 2039 simul
758 1991 935 2043 omnis
965 1993 1292 2048 eruditionis
1323 2010 1532 2060 amans,

485 2076 710 2133 Mavorti
741 2095 836 2146 par
871 2083 1158 2138 decertans
1188 2084 1240 2136 in
1281 2086 1499 2153 prmliis.

485 2168 666 2222 alacer
697 2170 762 2223 ad
805 2187 1012 2242 pugnas
1050 2184 1214 2244 atque
1262 2177 1502 2242 pericula
1528 2220 1543 2242 ,

483 2273 701 2327 semper
731 2261 1058 2330 belligerans
1098 2267 1360 2334 hastaque
1395 2266 1577 2321 hostes
1609 2281 1881 2335 premens.

482 2364 652 2421 seque
685 2353 1002 2409 victricibus
1035 2357 1231 2410 laureis
1258 2373 1550 2413 exornans.

483 2443 585 2498 llic
617 2445 756 2498 bello
787 2457 932 2501 moto
967 2459 1155 2502 contra
1194 2451 1400 2502 Turcns
1433 2451 1718 2516 Barbaros,

483 2537 600 2590 eois
633 2537 766 2592 locis
791 2539 989 2607 quibus
1019 2555 1209 2594 nomen
1245 2541 1530 2611 melangia.

485 2627 719 2681 hostium
758 2630 1031 2684 incursum
1065 2634 1233 2686 armis
1259 2637 1638 2704 compescuit;

484 2715 846 2788 impositaque
875 2723 1099 2776 urbibus
1140 2724 1415 2792 prasidio.

483 2809 682 2876 regiam
711 2810 776 2864 ad
810 2814 1141 2882 metropolim
1174 2818 1338 2869 redux
1379 2831 1438 2870 se
1472 2818 1690 2886 recepit.

485 2899 687 2956 Deinde
714 2901 904 2956 Persas
935 2909 1336 2974 persequendos
1368 2910 1603 2970 censuit,

479 2991 571 3058 qui
608 2993 675 3046 ad
705 2991 982 3048 Pithecam
1015 2997 1207 3064 Oppida
1242 2997 1613 3065 incursabant,

482 3079 776 3149 themaque
811 3082 1172 3138 Thracesinm
1207 3089 1559 3158 diripiebant.

482 3167 622 3234 Ergo
650 3179 1028 3240 transgressus
1058 3175 1284 3244 Lydiam
1325 3188 1488 3246 atque
1524 3178 1834 3250 Phrygiam,

479 3261 722 3315 castellis
751 3263 922 3318 adluit
949 3264 1128 3320 Cazsar
1160 3268 1551 3334 laborantibus,

481 3363 647 3420 atque
679 3355 760 3407 his
795 3356 1004 3410 ﬁrmum
1040 3362 1569 3426 attulit,subsidium,

479 3443 863 3512 submovitqne
892 3446 1084 3502 Persas
1118 3465 1276 3519 quam
1311 3452 1647 3521 longissime.

479 3533 560 3586 Ad
603 3534 978 3593 Philomelium
1013 3551 1198 3607 postea
1238 3557 1582 3611 progressus,

479 3625 726 3680 barbaris
751 3625 942 3683 Turris
973 3631 1042 3683 ibi
1081 3648 1294 3700 quoque
1323 3639 1585 3701 occurrit,

478 3716 697 3786 imoque
728 3719 779 3772 in
819 3719 952 3789 pede
978 3723 1158 3790 jaculo
1192 3727 1553 3794 transfigitur,

477 3806 546 3860 ab
583 3807 830 3877 Agareno
861 3815 949 3880 qui
981 3814 1164 3868 lancea
1198 3827 1502 3884 prostratus

478 3899 642 3954 telum
682 3901 904 3958 inferius
943 3905 994 3958 iu
1034 3905 1234 3962 soleam
1267 3910 1524 3978 ccujecit.

475 3989 721 4046 Indidem
754 4005 934 4048 autem
966 4011 1063 4050 ceu
1099 3999 1288 4062 pernix
1321 4003 1502 4066 aquila

473 4084 540 4136 ad
577 4082 908 4140 lconiensem
947 4090 1139 4145 urbem
1178 4094 1565 4157 transvolavit,

474 4174 746 4244 huiusque
777 4181 921 4233 omni
959 4183 1236 4237 devastato
1263 4200 1394 4252 agro

473 4280 728 4322 reversus
761 4279 845 4324 est
875 4273 940 4325 ad
975 4275 1186 4341 imperii
1222 4277 1588 4346 metropolim.

470 4352 591 4409 Jam
621 4359 832 4426 qualem
867 4374 1019 4430 pater
1055 4364 1182 4417 olim
1214 4379 1325 4433 prae
1367 4381 1426 4420 se
1458 4368 1661 4419 tulerat

473 4460 659 4502 curam
694 4452 1024 4518 reipublicaz,
1062 4456 1219 4509 talem
1258 4457 1424 4526 gessit
1453 4459 1615 4512 illius.

473 4537 620 4592 Idem
652 4542 887 4613 conjugii
915 4546 1096 4612 junxit
1126 4548 1228 4601 sibi
1268 4547 1473 4602 taedere

469 4644 536 4684 ex
568 4633 887 4690 Alamannis
916 4637 1148 4705 puellam
1186 4639 1604 4706 nobilissimam,

470 4720 728 4775 virtutum
768 4726 1103 4782 ornamentis
1133 4728 1274 4782 haud
1318 4730 1500 4784 minus
1534 4732 1725 4786 miram

470 4827 632 4876 quam
662 4816 906 4882 corporis
937 4832 1198 4888 compage
1223 4829 1276 4873 et
1308 4819 1733 4888 pulchritudine.

470 4900 752 4972 llegnante
780 4905 1047 4974 Manuele,
1076 4923 1141 4963 ex
1167 4910 1301 4963 orbe
1335 4912 1564 4968 occiduo

468 4995 814 5060 germanicus
848 4997 1024 5052 instar
1051 5001 1285 5054 turbinis
1311 5004 1585 5060 exercitus

468 5086 649 5149 gravis
677 5096 729 5139 et
755 5089 973 5142 cunctis
1003 5092 1164 5144 rebus
1192 5093 1453 5148 exitiosus

468 5172 712 5228 Romano
745 5177 968 5246 imperio
992 5180 1283 5251 derepente
1315 5185 1579 5250 incubuit,

473 5265 749 5321 Sionicatn
778 5273 1120 5339 praetendens
1145 5275 1568 5344 expeditionem.

469 5359 643 5430 Hujus
677 5363 951 5420 Corradus
989 5365 1098 5421 dux
1131 5379 1251 5421 erat
1279 5373 1580 5438 exercitus,

472 5465 564 5504 rex
596 5453 716 5521 pius
747 5465 800 5508 et
826 5452 1044 5512 Christo
1077 5461 1309 5516 maxime
1335 5462 1592 5531 devotus;

467 5547 558 5612 qui
586 5545 712 5603 data
743 5549 944 5604 Caesari
975 5549 1154 5617 jurata
1187 5552 1290 5608 tide

472 5654 568 5706 per
594 5639 731 5694 lines
759 5653 970 5697 nostros
1007 5645 1180 5698 amice
1212 5645 1594 5711 transiturum,

465 5743 570 5784 nec
600 5747 657 5787 se
690 5747 788 5788 nec
819 5734 1018 5790 milites
1046 5734 1163 5790 fore
1195 5736 1350 5792 nobis
1378 5752 1604 5800 uacuas,

468 5819 534 5873 ad
568 5823 734 5890 ipsam
770 5821 1110 5881 Constantini
1140 5827 1356 5881 devenit
1384 5826 1572 5881 urbem

2085 533 2135 590 A
2192 531 2335 587 4055
2376 533 2532 586 Ἥθει
2563 533 2864 603 προσηνεῖ,
2905 527 3165 601 χαροπῷ’,
3204 529 3543 600 πεφιλμένῳ·

2384 625 2728 694 ’Δνεξικακία
2759 624 2814 677 δὲ
2849 623 3064 692 μάλιστ’
3095 622 3316 692 ἐκράτει

2369 719 2483 771 Kal
2511 717 2784 789 πραότητι
2821 715 2928 768 τῶν
2964 714 3089 769 κατ’
3117 714 3282 768 αὐτὸν
3321 716 3592 769 ἀνάκτων·

2375 809 2566 879 Ἥρως
2613 806 2887 875 Ἡρακλῆς
2911 804 3293 876 άπαράμιλλος
3318 807 3476 872 φύσει
3497 846 3512 866 ,

2385 896 2760 966 ’Υπερμαχῶν
2790 895 3055 949 κάλλιστα
3090 896 3190 964 τῆς
3221 895 3552 964 κληρουχίας
3575 935 3590 955 ν

2195 989 2334 1044 4060
2373 989 2586 1058 Ποιμὴν
2611 987 2848 1055 ἀγαθὸς,
2883 987 3160 1056 ἄγρυπνος
3194 986 3430 1056 ποίμνης
3461 987 3670 1054 φύλαξ,

2368 1080 2584 1142 Λύκους
2610 1079 2822 1132 διώκων
2851 1079 3139 1147 δυσμενεῖς
3175 1079 3267 1131 τοῦ
3307 1079 3560 1148 ποιμνίου
3579 1119 3593 1141 ,

2372 1171 2481 1223 Kal
2511 1169 2648 1238 τῷδε
2678 1170 2858 1231 διδοὺς
2888 1168 2986 1233 τὴν
3013 1167 3185 1238 νομὴν
3219 1167 3531 1236 ἐλευθέραν·

2372 1261 2544 1325 ’Δναξ
2572 1259 2849 1331 προσηνὴς
2883 1258 2976 1312 καὶ
3011 1257 3260 1329 μαχητὴς
3292 1259 3581 1324 γεννάδας.

2367 1351 2502 1413 Δίας
2521 1391 2537 1418 ,
2577 1351 2853 1421 Ἀχιλλεὺς
2872 1389 2887 1414 ,
2928 1350 3023 1402 καὶ
3052 1350 3278 1419 Νέστωρ
3315 1347 3650 1417 βουληφόρος
3671 1386 3688 1411 ,

2196 1444 2336 1500 4065
2385 1443 2560 1515 ’Υπὲρ
2590 1443 2843 1514 Πρίαμον
2873 1444 3125 1512 εύμέλιος
3155 1442 3408 1511 ἱππότης·

2372 1534 2591 1600 Ἕκτωρ
2619 1535 2906 1603 φάλαγγας
2935 1532 3183 1603 ρηγνύων
3209 1531 3488 1584 ὲναντίωνυ

2379 1627 2665 1696 Ἐπίχαρις
2699 1621 2831 1696 ἦθός
2863 1642 2949 1689 τε,
2981 1624 3182 1694 πτηνὸς
3209 1621 3305 1692 τὴν
3336 1624 3544 1691 φρένα,

2368 1719 2599 1788 Φρικτὸς
2638 1717 2738 1786 μὲν
2771 1715 3006 1786 ἐχθροῖς,
3042 1715 3281 1784 εὐμενὴς
3306 1714 3352 1767 δ’
3383 1713 3646 1782 ὑπηκόοις
3671 1750 3688 1773 .

2382 1810 2586 1880 ’ῐλαρδς
2604 1850 2620 1875 ,
2651 1809 3001 1871 εὺέντευκτος
3019 1847 3034 1873 ,
3075 1809 3226 1878 ἡδεῖα
3260 1808 3418 1875 χάρις
3442 1845 3457 1868 ,

2195 1903 2336 1958 4070
2373 1903 2705 1973 Μυριόνικος
2735 1899 3114 1972 τρισαριστεὺς
3145 1899 3415 1963 αὐτάναξ,

2383 1993 2590 2063 Ἑρμοῦ
2619 2009 2680 2046 τε
2712 1992 2960 2054 παιδείας
2998 2007 3058 2044 τε
3097 1990 3360 2053 παντοίας
3397 1989 3576 2056 φίλος,

2373 2087 2668 2154 Ἀντικρυς
2701 2085 2874 2155 Ἀρης
2911 2085 2970 2136 ἐν
3003 2083 3202 2152 μάχαις
3234 2080 3578 2140 ἀντιπάλων,

2365 2174 2703 2246 Ὄξύρῤοπός
2733 2189 2819 2236 τις
2845 2173 2982 2242 πρὸς
3019 2172 3199 2240 μάχας
3236 2169 3332 2223 καὶ
3361 2168 3642 2228 κινδύνους
3669 2205 3682 2225 .

2387 2267 2501 2319 Ἀεὶ
2539 2263 2896 2334 στραταρχῶν
2919 2304 2936 2329 ,
2971 2261 3095 2316 κατ’
3116 2261 3328 2330 ἐχθρῶν
3354 2258 3520 2312 κινῶν
3554 2259 3680 2326 δόρυ
3704 2299 3724 2323 ,

2196 2359 2337 2414 4075
2374 2359 2484 2412 Kal
2523 2360 2643 2420 ταῖς
2681 2356 2826 2409 κατὰ
2863 2355 3014 2424 σφῶν
3046 2352 3412 2420 ἀναδούμενος
3445 2350 3641 2410 νίκαις.

2369 2445 2538 2511 Οὗτος
2577 2447 2915 2518 στρατεύσας
2954 2445 3097 2498 κατά
3138 2443 3398 2512 Τούρκων
3428 2441 3722 2511 βαρϐάρων

2373 2540 2532 2592 Κατὰ
2561 2541 2629 2592 τά
2665 2539 2966 2607 μελάγγεια
2988 2537 3087 2605 τῆς
3120 2535 3196 2588 ἕω
3221 2534 3420 2596 τόπους

2369 2631 2650 2702 Τούρκους
2687 2629 2956 2701 μετῆλθεν
2987 2626 3345 2697 ἀναχαιτίσας
3383 2623 3569 2686 ὅπλοις

2366 2723 2478 2776 Kal
2520 2725 2618 2792 τῆς
2654 2721 2904 2790 φυλακῆς
2936 2719 3231 2789 φροντίσας
3261 2716 3370 2769 τῶν
3399 2715 3608 2767 ἀστέων
3627 2751 3645 2776 ,

2189 2815 2331 2870 4080
2366 2815 2458 2876 Είς
2485 2816 2586 2884 τὴν
2624 2813 3021 2884 βασιλεύουσαν
3053 2807 3518 2876 άνθυποστρέφει.

2365 2899 2480 2956 Εἶτ’
2510 2901 2865 2969 ὲκστρατεύει
2893 2901 3035 2953 κατὰ
3068 2899 3293 2970 Περσῶν
3325 2896 3420 2948 καὶ
3448 2893 3613 2946 πάλιν

2366 2995 2480 3056 Τὰς
2520 2993 2656 3064 πρὸς
2691 2993 2937 3061 Πιθηκᾶν
2967 2990 3421 3060 κατατρεχόντων
3459 2987 3644 3049 πόλεις
3665 3024 3681 3050 ,

2363 3083 2786 3152 Λεηλατούντων
2817 3084 2910 3136 καὶ
2946 3083 3272 3152 Θρᾳχησίων
3304 3079 3467 3147 θέμα.

2371 3176 2562 3228 Τοίνυν
2592 3175 2838 3244 ὑπερϐὰς
2864 3175 3062 3227 Λυδίαν
3093 3173 3189 3226 καὶ
3219 3172 3462 3240 Φρυγίαν

2193 3265 2332 3321 4085
2375 3265 2544 3332 Ἀναξ
2575 3267 2776 3336 ἐπέστη
2809 3265 3091 3336 φρουρίοις
3123 3264 3518 3330 κακουμένοις,

2369 3358 2480 3411 Kal
2506 3357 2740 3426 δυνατὴν
2770 3357 3033 3426 σύναρσιν
3067 3357 3250 3417 αὐτοῖς
3275 3356 3518 3423 εἰσφέρει

2367 3449 2475 3500 Kal
2510 3449 2724 3516 Πέρσας
2764 3447 3045 3516 ἀπήλασεν
3085 3445 3160 3506 ὡς
3197 3445 3556 3515 πορρωτάτω·

2368 3539 2478 3590 Καὶ
2508 3539 2644 3607 πρὸς
2673 3537 2983 3605 Φιλομίλιον
3012 3532 3266 3588 ἀπελθὼν
3300 3535 3487 3598 πόλιν,

2366 3632 2604 3684 Κάκεῖσε
2633 3629 2903 3699 Τούρκοις
2931 3627 3229 3698 βαρϐάροις
3264 3625 3603 3694 ὲντυγχάνιιο

2189 3723 2329 3777 4000
2370 3724 2481 3777 Kal
2512 3725 2765 3792 πείρεται
2797 3722 2863 3791 δὴ
2889 3723 2980 3774 τὸν
3020 3721 3176 3782 ποδὸς
3204 3720 3401 3790 ταρσὸν
3431 3718 3573 3788 βέλει

2368 3810 2496 3862 ’Υπ’
2533 3809 2834 3879 ’Δγαρηνοῦ
2871 3809 3244 3878 λογχοτρώτου
3279 3807 3531 3875 κειμένου

2365 3902 2513 3953 Ἀνω
2545 3901 2687 3953 κατὰ
2718 3900 2996 3968 πέλματος
3030 3901 3259 3968 ἀφέντος
3293 3899 3466 3968 βέλος

2361 3992 2630 4045 Κάκεῖθεν
2657 3990 2734 4054 ὥς
2767 4008 2851 4053 τις
2880 3992 3035 4054 ἀετὸς
3065 3989 3416 4060 ταχυπτέρυξ

2365 4084 2546 4152 Ἔπτη
2581 4081 2718 4152 πρὸς
2746 4083 2916 4152 αὐτὴν
2963 4083 3226 4136 Ἰκονιέων
3257 4083 3444 4145 πόλιν,

2184 4173 2324 4227 4095
2363 4175 2472 4226 Καὶ
2504 4173 2663 4243 τῆσδε
2690 4174 2870 4226 πάντα
2901 4173 3248 4242 κατακείρων
3272 4169 3540 4241 τά⁶πέριξ
3559 4212 3576 4234 ,

2367 4265 2508 4336 Πρὸς
2541 4266 2788 4334 βασιλίδα
2827 4265 2925 4336 τὴν
2959 4264 3112 4318 πόλιν
3141 4266 3495 4332 ὑποστρέφεισ

2373 4359 2616 4428 ’Υπῆρξε
2653 4358 2895 4428 φροντὶς,
2926 4357 3001 4416 ὡς
3033 4355 3198 4426 πατρὶ
3232 4355 3420 4407 τούτου
3454 4355 3659 4419 πάλαι,

2369 4452 2482 4504 Kal
2516 4451 2652 4520 τῷδε
2683 4449 2882 4503 κοινῶν
2917 4447 3174 4518 πράξεων
3211 4447 3569 4515 στεφηφόρῳ,

2371 4545 2467 4604 Ὃς
2502 4542 2600 4594 καὶ
2629 4541 2873 4611 συνήφθη
2908 4539 3048 4610 πρὸς
3079 4539 3256 4608 γάμου
3289 4537 3572 4591 κοινωνίαν

2184 4635 2326 4690 4100
2376 4634 2468 4699 Ἐξ
2508 4633 2832 4702 Ἀλαμανῶν
2858 4632 3221 4699 εὐγενεστάτη
3255 4629 3431 4699 κόρῃρ

2358 4726 2492 4788 Ταῖς
2520 4723 2733 4786 ἀρετῶν
2763 4724 2980 4793 χάρισιν
3008 4723 3323 4792 ὡραῖσμένῃ

2357 4817 2470 4886 Οὐχ
2498 4813 2660 4887 ἦττον
2690 4815 2722 4886 ἢ
2760 4814 3011 4884 σώματος
3042 4812 3161 4882 ὥρᾳ
3204 4815 3297 4864 καὶ
3327 4813 3548 4864 πλάσει.

2353 4907 2560 4960 Τούτου
2591 4904 2918 4977 κρατοῦντος
2938 4941 2954 4966 ,
2990 4905 3056 4956 ὲκ
3085 4903 3367 4971 κλιμάτων
3399 4904 3639 4971 ἑσπέρας

2363 4997 2687 5068 Ἀλαμανῶν
2715 4997 3033 5066 στράτευμα
3065 4995 3316 5063 καθάπερ
3343 4996 3497 5061 νέφος

2179 5065 2323 5144 41οέ
2360 5065 2542 5142 Δεινδν
2576 5065 2824 5158 τετριγδς
2856 5085 3158 5155 φθαρτικόν
3189 5101 3247 5136 τε
3280 5085 3536 5150 καθάπαξ

2374 5180 2804 5250 Ἐπεισέφρησεν
2831 5180 3030 5248 ἀθρόον
3083 5177 3341 5246 Ῥωμαῒδι
3363 5218 3377 5241 ,
3607 5165 3621 5175 ’

2352 5277 2464 5346 Τὴν
2495 5275 2634 5345 πρὸς
2667 5273 2806 5326 Σιὼν
2839 5273 3026 5342 ἄφιξιν
3053 5273 3254 5343 αὐχοῦν
3283 5274 3482 5326 αἰτίαν·

2348 5368 2450 5420 ’Ὧν
2483 5366 2584 5436 ρὴξ
2620 5365 2896 5436 Κορῤἁδος
2927 5361 2994 5435 ἦν
3037 5367 3339 5435 στρατηγὸς
3368 5363 3711 5434 ταγμάτων,

2351 5455 2680 5526 Φιλευσεόὴς
2716 5454 2818 5525 ρὴξ
2849 5456 2944 5508 καὶ
2981 5455 3334 5524 φιλόχριστος
3376 5456 3572 5522 πλέον,

2173 5551 2314 5607 4110
2358 5552 2456 5613 Ὃς
2487 5551 2652 5622 ὅρκια
2683 5549 2797 5612 θεὶς
2829 5549 3024 5602 ἄνακτι
3055 5547 3387 5612 πιστευτέα,

2350 5639 2428 5697 Ἦ
2470 5643 2581 5711 μὴν
2610 5641 2902 5712 παρελθεῖν
2942 5640 3134 5709 φιλίως
3177 5639 3458 5707 Ῥωμαῖδα

2349 5736 2528 5789 Αὐτόν
2555 5752 2614 5788 τε
2648 5734 2744 5787 καὶ
2775 5732 3088 5800 στράτευμα
3123 5730 3218 5782 καὶ
3255 5730 3458 5799 βλάϐης
3490 5729 3644 5798 δίχα,

2352 5829 2460 5882 Kal
2493 5827 2687 5896 μέχρις
2720 5825 2891 5894 αὐτῆς
2923 5826 3017 5892 τῆς
3049 5823 3464 5877 Κωνσταντινου
3510 5824 3709 5892 φθάνει
