4070 6526
537 509 643 561 Σὺν
676 508 742 575 τῇ
777 507 1010 576 στρατιᾷ
1038 504 1130 556 καὶ
1160 499 1267 570 λεῲ
1294 499 1547 568 κατηκόῳ

351 601 505 655 41ἱὸ
543 598 727 668 Μηδὲν
757 596 1077 665 νεοχμῶσας
1104 611 1156 646 τι
1183 594 1291 646 τῶν
1323 588 1722 658 συγκειμένων·

551 691 670 757 Ἀφ’
693 682 756 741 οὗ
789 703 853 754 γε
881 685 1128 754 πορθμὸν
1162 681 1570 751 ὲκπεράσαντες
1591 678 1755 746 τάχος

542 781 775 834 ’Πνυτον
810 776 993 829 αὐτῶν
1025 776 1118 828 τὸν
1153 773 1514 842 προκείμενον
1547 769 1765 840 δρόμον.

550 869 610 921 ὐ
638 868 681 921 δ’
707 869 1069 936 αὐτοκράτωρ
1092 904 1106 928 ,
1139 863 1412 933 κεκρικὼς
1449 857 1592 914 εἶναι
1621 859 1741 912 δέον

542 959 618 1009 Δι’
655 958 990 1025 ὑγροχέρσου
1021 955 1132 1024 (δέ)
1163 955 1423 1024 στρατιᾶς
1452 949 1738 1020 ρωμαλέας

355 1051 508 1105 4120
560 1049 1016 1117 Ἐπιστρατεύσαι
1051 1049 1116 1115 τῇ
1147 1043 1510 1112 Κερκυραίων
1537 1042 1717 1110 ἀκρᾳν

546 1140 640 1192 Ἐκ
673 1140 900 1206 Σικελῆς
934 1136 1266 1205 προσφάτως
1295 1128 1599 1202 ναυαρχίας

558 1231 874 1300 ’Υποστάσῃ
905 1229 1172 1298 πόρθησιν
1203 1226 1260 1292 ἐξ
1289 1223 1546 1285 ἀϐουλίας
1565 1260 1583 1289 ,

546 1323 584 1374 [1
597 1323 684 1391 se;
713 1320 857 1373 τοῦτ’
887 1319 1239 1388 ἀπησχόλητο
1274 1315 1467 1380 νυκτὸς
1501 1314 1716 1385 ἡμέρας
1738 1329 1753 1344 '

541 1415 652 1465 Καὶ
681 1412 978 1472 συναλίσας
1013 1410 1272 1479 στρατιὰν
1308 1408 1644 1476 πανταχόθεν

357 1506 506 1558 4125
545 1506 889 1572 Φρίσσουσαν
919 1502 1148 1570 αἰχμαῖς
1180 1497 1550 1569 μυριάριθμον
1577 1495 1757 1566 ξένην,

546 1598 840 1647 Χιλιοναυν
868 1593 1057 1644 στόλον
1086 1608 1145 1643 τε
1177 1591 1314 1661 πρὸς
1349 1591 1462 1652 τοῖς
1493 1588 1538 1640 δ’
1565 1588 1790 1650 ὁπλίτας

545 1687 684 1754 Πρὸς
719 1685 883 1753 νῆσον
913 1682 1248 1750 ἐστράτευσε
1278 1680 1375 1751 τὴν
1406 1681 1515 1732 τῶν
1547 1679 1800 1732 Φαιάκων
1821 1715 1836 1741 ,

542 1778 649 1827 Καὶ
685 1775 801 1845 τῇδ’
838 1775 1037 1844 ὲφιστᾷ
1066 1773 1165 1836 τὰς
1192 1773 1448 1842 δυνάμεις
1478 1770 1742 1824 κυκλόθεν
1761 1809 1777 1834 ,

545 1866 651 1918 Καὶ
678 1866 1022 1934 κατακρατεί
1050 1864 1214 1932 τῆσδε
1245 1863 1390 1933 λιμῷ
1425 1863 1522 1916 καὶ
1559 1862 1672 1932 βίᾳο

353 1957 503 2010 41ζο
542 1957 644 2008 Καὶ
671 1958 1057 2026 τρισαριστεὺς
1088 1955 1419 2022 Πελαγονίαν
1451 1955 1664 2023 φθάνει·

541 2047 663 2116 Ἀφ’
695 2043 760 2118 ἧς
798 2047 1041 2100 ἐπελθὼν
1071 2047 1356 2118 Τριϐαλοῖς
1387 2045 1576 2115 ὥσπερ
1603 2046 1738 2097 λέων

543 2139 786 2202 Σπονδὰς
820 2139 1107 2193 διαλύσασι
1135 2139 1235 2201 τὰς
1266 2139 1674 2207 συγκειμένας,

541 2232 651 2285 Καὶ
687 2232 1004 2300 Ῥωμαϊκὰς
1034 2229 1364 2302 καταδῃοῦσι
1395 2228 1601 2291 πόλεις.

543 2323 862 2392 Βρυχήματι
893 2324 1033 2393 σφᾶς
1068 2321 1381 2392 κατέπληξε
1412 2322 1507 2374 καὶ
1539 2321 1706 2390 μόνῳο

357 2413 506 2469 4155
545 2415 713 2467 Λείαν
741 2414 788 2465 θ’
817 2413 1018 2475 ἐλάσας
1051 2414 1148 2468 καὶ
1177 2413 1607 2482 λαφυραγωγίαν

542 2505 782 2558 Ἐκεῖθεν
806 2507 1086 2576 ἀμύθητον
1115 2507 1212 2576 ἅμ’
1239 2505 1623 2574 ἀνδραπόδοις,

543 2596 690 2665 Πρὸς
725 2596 823 2666 τὴν
854 2596 1248 2665 βασιλεύουσαν
1276 2595 1734 2665 ἀνθυποστρέφει·

547 2688 700 2740 Κάπὶ
724 2687 970 2756 τροπαίῳ
995 2687 1296 2757 προσφάτῳ
1324 2685 1418 2738 καὶ
1446 2689 1510 2756 τῇ
1536 2685 1659 2756 νίκῃ

548 2779 844 2847 Κατήγαγε
880 2779 1152 2848 θρίαμϐον
1181 2781 1240 2832 ὲν
1268 2779 1414 2850 μέσῃ
1441 2778 1618 2831 πόλει.

360 2868 508 2924 4140
554 2871 711 2939 ’Ἄρτι
739 2870 783 2922 δ’
812 2871 1267 2940 ὑπεκλάμποντος
1292 2868 1425 2942 ἦρος
1458 2871 1552 2923 καὶ
1583 2869 1744 2922 πάλιν
1765 2909 1782 2936 ,

544 2962 716 3027 ’Λναξ
747 2965 951 3032 ἐπέστη
993 2963 1326 3029 Πελαγονίας
1356 2963 1574 3024 τόποις,

543 3054 650 3106 Καὶ
679 3042 1360 3122 ΤριϐαλλᾶρχηνὉῦρεσιν
1393 3049 1746 3120 κακεργάτην

545 3145 803 3225 Μέτεισιν
830 3138 988 3204 αὖθις
1026 3144 1168 3195 κατὰ
1220 3127 1508 3212 Ῥωμαίων
1535 3141 1676 3195 ὅπλα

551 3236 817 3290 Κινοῦντα
847 3235 1032 3298 κακῶς
1064 3233 1308 3287 Παιόνων
1336 3233 1652 3303 συμμαχίᾳ·

363 3329 508 3384 4145
544 3328 694 3380 Ὤστ⁵
722 3328 1188 3396 ἁναθαρσήσαντα
1214 3329 1362 3378 κατὰ
1399 3325 1668 3392 συστάδην

547 3424 654 3488 Τὴν
685 3421 819 3490 πρὸς
855 3419 1166 3488 κρατοῦντα
1196 3419 1272 3488 μὴ
1301 3419 1635 3484 κατοκνῆσαι
1665 3415 1864 3485 μάχην.

549 3511 698 3574 Τέως
727 3513 976 3579 βασιλεὺς
1008 3509 1356 3578 συμπλακείς
1386 3524 1537 3576 σφισι
1579 3508 1727 3577 μάχῃ

549 3605 818 3672 Τρόπαιον
855 3603 980 3672 ἱστᾷ
1003 3602 1145 3654 κατὰ
1175 3599 1467 3668 βαρϐάρων
1493 3601 1658 3667 μέγα.

547 3690 615 3742 Ὅ
650 3691 697 3742 τ’
736 3689 1159 3760 ’Λρχιζουπάνος
1188 3706 1252 3756 γε
1283 3689 1475 3759 κλῆσιν
1503 3689 1766 3758 Βακχῖνος

364 3783 511 3837 4150
551 3783 712 3854 Μὸνῳ
743 3783 958 3853 βασιλεῖ
993 3782 1430 3853 κατ’ὲπιλέγδην
1465 3784 1626 3853 μόνος

550 3875 735 3942 Μέγας
767 3891 827 3926 τε
856 3874 994 3944 φυὴν
1025 3876 1120 3927 καὶ
1149 3875 1474 3944 Βριαρόχειρ
1501 3875 1685 3943 γίγας,

552 3965 744 4027 Ἀλλος
779 3964 972 4016 reme
1025 3967 1339 4034 ὑπέροιρρυς
1363 3969 1490 4028 τοὺς
1521 3969 1762 4036 τρόπους

551 4055 780 4108 Ἀνακτι
808 4056 972 4127 Δαβὶδ
996 4057 1131 4129 πρὸς
1162 4059 1342 4126 μάχην
1377 4058 1690 4128 συνεπλάκη
1714 4075 1729 4091 ⁸

552 4147 660 4198 Καὶ
693 4147 792 4216 ολᾷ
818 4150 1228 4218 παραπέτασμα
1253 4149 1504 4218 σιδηροῦν
1535 4151 1768 4219 κράνους

367 4238 522 4291 42ῐὲἷί
559 4239 632 4290 Τὸ
668 4238 774 4307 πρὸ
811 4239 1101 4308 προσώπου
1161 4239 1440 4312 βάρϐαρος
1475 4240 1685 4311 πλήξας
1719 4241 1862 4310 ξίφει
1887 4258 1903 4274 ⁸

557 4332 722 4396 Ἀναξ
753 4331 808 4383 δὲ
837 4331 1074 4399 διέπειρε
1101 4332 1380 4403 βαρϐάρου
1420 4332 1555 4403 χέρα

554 4423 769 4491 Τρ.χών
786 4439 843 4475 τε
874 4423 1062 4474 τοῦτον
1092 4424 1311 4490 εὐφυῶς
1340 4422 1728 4494 δεδραγμένος,

552 4514 737 4566 Ζῶντα
769 4515 1001 4584 στρατιᾷ
1035 4515 1241 4583 ταχέως
1275 4515 1603 4584 παριστάνει
1626 4530 1642 4548 ο

557 4608 663 4658 Καὶ
693 4605 1033 4676 βαρϐαρικοῦ
1068 4605 1413 4670 διαλυθέντος
1450 4606 1698 4675 στίφους,

376 4700 522 4755 “till
569 4700 748 4766 Νίκην
780 4697 1164 4765 ἀπηνέγκαντο
1203 4696 1464 4765 Ῥωμαῖοι
1501 4698 1686 4752 πάλιν.

561 4793 682 4843 Ἐτι
712 4790 757 4841 δ’
801 4791 1038 4860 ἱδρῶτας
1056 4790 1314 4860 Μανουὴλ
1343 4789 1524 4860 μάχης
1550 4791 1736 4859 φέρων

557 4881 680 4935 Οὐδ’
716 4879 1005 4944 ἐκτινάξας
1053 4877 1149 4931 τοῦ
1181 4877 1477 4948 προσώπου
1505 4878 1605 4949 τὴν
1630 4879 1804 4945 κόνιν,

552 4973 794 5024 Ἐκεῖθεν
825 4969 1113 5040 ἐξώρμησε
1131 4969 1272 5022 κατὰ
1293 4971 1560 5035 Παιόνων,

558 5063 827 5132 Ἐγκλημ’
855 5063 1076 5129 ἐπάγων
1100 5062 1250 5130 σφίσι
1283 5061 1380 5130 τὴν
1408 5059 1724 5130 συμμαχίαν

379 5158 522 5210 ΗΘὸ
556 5158 666 5224 Τὴν
694 5156 829 5226 πρὸς
857 5153 1161 5223 Τριϐαλοὺς
1203 5150 1524 5222 Ῥωμαϊκῶν
1581 5151 1702 5206 καθ’
1730 5153 1873 5222 ὅρων
1891 5164 1906 5182 °

558 5248 796 5302 Σάουϐον
826 5247 1024 5299 οὐκοῦν
1058 5246 1371 5316 ὲκπεράσας
1403 5245 1479 5308 ὡς
1511 5246 1632 5300 δέον

553 5342 963 5410 Φραγγοχωρίῳ
994 5340 1087 5391 καὶ
1122 5315 1407 5408 Ζευγμίνῳ
1453 5341 1519 5408 τῇ
1553 5315 1710 5391 πόλεί

567 5429 948 5484 Ἐπεισπεσὼν
979 5429 1160 5500 ἔκειρε
1197 5429 1376 5481 πάντα
1407 5431 1474 5482 τὰ
1507 5430 1688 5499 πέριξ,

557 5525 826 5578 Κάκεῖθεν
858 5525 1136 5592 ἀπήλασεν
1167 5523 1316 5575 λείαν
1333 5523 1558 5594 μυρίαν,

377 5617 520 5671 ΗἸΟ
562 5617 665 5668 Καὶ
692 5615 922 5667 πλοῦτον
958 5611 1070 5668 εἷλε
1105 5615 1198 5667 καὶ
1230 5613 1448 5685 λάφυρα
1478 5617 1571 5669 καὶ¹
1597 5615 1803 5670 σκύλα·

344 5807 356 5818 ⁸
413 5735 526 5804 (δι)
567 5735 637 5787 lle
670 5734 846 5818 :hujus
892 5733 1446 5818 vocabuli-puritate
1471 5742 1522 5816 et
1559 5733 1907 5803 ambiguitate

337 5807 451 5879 jam
505 5806 684 5858 monui
737 5806 992 5860 lectorem
1046 5819 1094 5860 v.
1151 5803 1327 5869 5875;
1397 5804 1483 5861 ubi
1529 5806 1908 5876 etymologiam

1756 383 2010 445 CESAR
2020 382 2134 442 ES.

1922 503 1968 558 Α
1995 508 2121 547 cum
2157 490 2270 545 suis
2299 488 2474 556 copiis
2505 483 2810 555 populoque
2838 478 3073 538 subdito,

1996 599 2098 639 nec
2127 592 2323 651 praeter
2356 580 2530 636 {mdus
2557 576 2848 646 quidquam
2878 580 2958 626 est
2991 566 3231 622 molitus.

1996 677 2173 746 Atque
2211 674 2337 728 hinc
2370 670 2595 738 trajecto
2634 668 2752 722 sine
2795 678 2944 718 mora
2987 662 3147 724 freto,

1998 776 2307 834 susceptum
2354 777 2513 833 porro
2551 758 2937 814 continuarunt
2967 754 3088 807 iter.

1995 857 2115 914 Jam
2152 857 2451 924 imperator
2491 848 2855 906 necessarium
2897 843 3148 914 judicans

1996 969 2121 1008 cum
2151 958 2492 1021 'prchotente
2535 945 2820 1014 validoque
2858 939 3103 994 exercitu

1999 1044 2142 1098 ferre
2170 1040 2448 1110 suppetias
2487 1036 2597 1092 arci
2646 1035 2970 1103 Corcyram,

1999 1148 2118 1204 quae
2153 1147 2323 1200 nuper
2349 1129 2557 1203 cladem
2598 1141 2626 1180 a
2652 1125 2834 1180 Sicula
2875 1124 3049 1176 classe

2000 1227 2069 1283 ob
2106 1223 2314 1279 consilii
2352 1219 2772 1288 imprudentiam
2804 1229 2965 1285 passa
3006 1213 3223 1278 fuerat;

1998 1320 2124 1373 huic
2166 1330 2313 1371 cura:
2355 1314 2444 1367 ditt
2487 1322 2761 1379 noctuque
2799 1308 3040 1362 intentus
3069 1313 3224 1359 erat:

1997 1421 2052 1465 et
2079 1417 2405 1480 congregato
2447 1407 2805 1470 undecunque
2846 1399 3090 1455 exercitu

1997 1506 2166 1561 armis
2206 1501 2460 1556 horriﬁco
2491 1500 2774 1552 innumero
2805 1493 2942 1548 miro

1999 1609 2052 1652 et
2081 1596 2228 1650 mille
2255 1594 2474 1647 navium
2502 1589 2682 1644 classe
2715 1586 2870 1656 plena
2904 1582 3108 1646 milite;

1998 1707 2119 1746 cum
2152 1689 2236 1743 his
2263 1685 2495 1741 accessit
2523 1681 2588 1736 ad
2614 1680 2902 1735 Phaeacum
2934 1673 3170 1730 insulam

1999 1795 2226 1850 eantque
2257 1778 2464 1832 viribus
2496 1774 2734 1842 undique
2761 1765 3142 1830 circumdedit,

1998 1883 2054 1930 et
2090 1873 2233 1928 fatue
2269 1872 2482 1925 demunt
2519 1868 2678 1933 vique
2711 1859 3024 1918 debellavit.

1999 1965 2117 2018 Mox
2149 1963 2321 2017 victor
2349 1959 2496 2012 venit
2525 1959 2576 2010 in
2604 1951 2977 2021 Pelagoniam,
3051 1998 3061 2006 .

2001 2058 2142 2111 unde
2183 2051 2456 2108 Triballos
2497 2048 2696 2102 invasit
2729 2061 2827 2100 ceu
2872 2045 2980 2104 leo,

1999 2151 2091 2221 qui
2134 2149 2309 2202 fmllus
2339 2152 2464 2198 ante
2501 2143 2691 2195 initum
2721 2138 3096 2200 irritaverant,

2001 2253 2162 2305 atque
2199 2235 2459 2290 Romanis
2502 2229 2728 2286 urbibus
2769 2226 2985 2283 molesti
3030 2233 3210 2279 erant.

2001 2329 2114 2384 llos
2157 2341 2290 2396 ergo
2329 2324 2528 2380 terruit
2556 2319 2640 2374 vel
2683 2318 2800 2375 solo
2847 2316 3058 2382 rugitu;

2000 2428 2054 2472 et
2084 2417 2316 2488 praedam
2361 2413 2488 2468 inde
2534 2410 2778 2466 referens
2817 2422 2880 2461 ac
2910 2401 3198 2458 manubias

2002 2505 2425 2565 innumerabiles
2453 2519 2575 2559 cum
2608 2499 2918 2569 mancipiis,

2002 2616 2193 2656 rursus
2223 2599 2290 2652 ad
2320 2599 2527 2666 regiam
2558 2591 2743 2646 urbem
2773 2591 2964 2656 pedem
2999 2585 3222 2651 retulit;

2001 2704 2164 2762 atque
2187 2693 2256 2745 ob
2282 2698 2549 2743 recentem
2594 2683 2829 2738 nobilem
2865 2680 3149 2734 victoriam

2003 2787 2107 2838 rite
2141 2779 2468 2848 triumphum
2498 2775 2672 2830 media
2716 2771 2847 2826 u’t-be
2881 2771 3014 2840 egit.

2002 2876 2138 2930 Tum
2173 2888 2382 2934 rursus,
2417 2883 2546 2923 vere
2574 2869 2664 2921 vix
2695 2880 2753 2919 se
2781 2863 3084 2932 aperiente,

2002 2967 2176 3022 adfuit
2202 2965 2383 3018 Caesar
2411 2959 2714 3028 Pelagonia:
2742 2956 2900 3010 terris

2003 3071 2056 3113 et
2084 3057 2446 3113 Triballorum
2476 3053 2774 3122 principem
2805 3045 3064 3116 iniurium

1925 3158 1970 3220 C
2004 3151 2218 3207 Uresim
2256 3147 2484 3216 impetit,
2519 3142 2610 3213 qui
2641 3156 2811 3211 nuper
2834 3154 2986 3193 arma

2003 3244 2169 3301 sociis
2201 3239 2481 3295 Paeonibus
2506 3237 2560 3290 in
2595 3233 2866 3288 Romanos
2896 3237 3173 3284 moverat:

2003 3353 2173 3408 quare
2201 3346 2254 3390 et
2287 3333 2516 3387 audebat
2544 3325 2823 3383 manifesto
2855 3335 3028 3378 marte

2003 3447 2124 3486 cum
2165 3437 2351 3483 nostro
2378 3424 2592 3478 Caesare
2623 3433 2852 3489 pugnam
2890 3431 2994 3470 non
3019 3426 3293 3483 respuere.

2007 3521 2202 3576 Verum
2239 3527 2450 3586 patrato
2474 3529 2594 3568 cum
2623 3510 2876 3565 thrliaris
2907 3507 3112 3578 praelia,

2008 3613 2302 3682 trophaeum
2339 3608 2526 3676 ingens
2558 3604 2739 3658 Caesar
2762 3599 3076 3668 reportavit.

2008 3703 2111 3755 Sed
2146 3697 2577 3762 Arcltizupanus.
2613 3691 2766 3759 vulgo
2796 3687 3113 3750 liucchiuus,

2006 3792 2279 3862 singulare
2314 3803 2434 3842 cmn
2472 3786 2683 3839 Caesare
2716 3790 2988 3835 certamen

1921 3925 1936 3930 -
2007 3883 2265 3952 Suscepit,
2294 3893 2482 3949 magna
2515 3875 2774 3946 praeditus
2805 3873 3164 3925 membrorum

2009 3976 2166 4043 mole,
2198 3983 2250 4027 et
2285 3971 2504 4024 Briareo
2530 3982 2626 4035 par
2651 3965 2974 4026 ceutimano,
3075 3971 3084 3977 ‘

2009 4068 2089 4122 vel
2120 4067 2267 4136 gigas
2291 4061 2502 4117 Goliath
2529 4057 2842 4127 superbiens
2873 4055 2922 4107 in
2946 4051 3216 4106 Datident.

2009 4160 2278 4214 Barbarus
2309 4170 2437 4226 ergo
2467 4151 2858 4207 munimentum
2885 4147 3052 4216 galea:

2007 4254 2087 4308 ori
2121 4260 2440 4323 praetentum
2470 4246 2720 4311 Caesaris,
2756 4257 2883 4298 ense
2915 4241 3102 4311 frangit
3133 4255 3149 4315 ς

2008 4355 2064 4400 at
2096 4357 2310 4398 manum
2337 4341 2551 4396 barbari
2582 4338 2762 4392 Caesar
2788 4335 3028 4403 conligit,

2009 4448 2239 4503 eumque
2263 4448 2414 4487 coma
2441 4431 2652 4485 fortiter
2685 4437 3018 4494 correptum,

1936 4499 1982 4556 υ
2012 4527 2272 4595 pertrahit
2311 4525 2490 4577 vivum
2525 4523 2591 4576 ad
2625 4531 2864 4574 nostrum
2901 4516 3219 4573 exercitum.

2009 4619 2188 4684 Quare
2220 4614 2501 4671 barbarico
2531 4612 2790 4668 dissoluto
2812 4611 3046 4678 agmine,

2011 4709 2239 4764 Romani
2268 4708 2443 4762 denuo
2474 4706 2713 4761 referunt
2744 4705 3046 4759 victoriam.

2011 4801 2222 4856 Manuel
2251 4801 2426 4855 adhuc
2457 4815 2644 4870 pugnae
2679 4798 2931 4854 sudorem
2970 4810 3192 4867 gerens,

2013 4892 2240 4946 necdum
2271 4890 2336 4944 de
2368 4890 2504 4944 facie
2536 4889 2754 4958 pulvere
2787 4888 3023 4948 deterso,

2013 4981 2163 5037 illinc
2195 4982 2248 5036 in
2281 4981 2509 5036 Pmonas
2535 4978 2808 5034 transtulit
2837 4979 3132 5034 exercitum

2016 5077 2222 5129 crimen
2263 5073 2468 5127 ulturus
2504 5071 2778 5127 societatis
2804 5071 3007 5124 bellicae

2015 5178 2176 5231 quam
2209 5177 2330 5216 cum
2362 5160 2615 5215 Triballis
2649 5171 2833 5215 contra
2868 5175 2967 5214 nos
2996 5160 3248 5216 inierant.

2011 5253 2152 5322 Ergo
2183 5252 2404 5321 trajecto
2434 5266 2555 5306 cum
2587 5251 2752 5320 copiis
2789 5250 2952 5314 Savo,

2009 5353 2065 5398 et
2099 5341 2549 5410 Francochorium
2579 5340 2999 5409 Zegminumque
3023 5340 3207 5394 urbem

2011 5448 2303 5503 occupans,
2341 5447 2498 5501 agros
2524 5445 2927 5502 quaquaversus
2960 5442 3200 5497 vastans,

2014 5527 2267 5592 illim-que
2298 5523 2546 5577 abductis
2579 5522 2822 5591 plurimis
2849 5519 3136 5589 manubiis,

2013 5619 2204 5686 Opibus
2239 5626 2430 5671 auctus
2457 5615 2739 5683 prtedaque
2765 5625 3016 5680 onustus,

2017 5740 2234 5788 secutus
2282 5734 2332 5785 in
2384 5728 2791 5797 interpretando
2827 5744 2946 5785 smn
2981 5749 2996 5788 :
3029 5745 3175 5785 nunc
3230 5739 3405 5787 tamen
3454 5732 3585 5790 mihi

2019 5818 2243 5874 prorsus
2278 5802 2488 5860 videtur
2523 5801 2816 5872 cpilhctum
2863 5801 3190 5873 adjectivum
3223 5800 3583 5860 fortitudinis.

3462 357 3483 420 1

3526 355 3566 421 2
