4070 6570
336 397 369 462 1
381 400 466 466 65
1792 403 1943 464 cas

1792 403 1992 464 ΟιὶἰδΑ
2008 400 2169 464 RES.

567 491 852 564 Κομνηνὸς
889 491 1226 565 ’Δνδρόνικος
1247 493 1290 546 δ’
1325 493 1792 567 ἑγκαθειργμένος

570 587 648 638 Δι’
678 584 743 649 ἃς
762 602 868 655 περ
891 585 1177 656 ἱστόρησεν
1191 586 1369 649 αἰτίας
1391 587 1570 654 λόγος,

381 677 539 734 4⁸350
578 676 816 746 Είρκτῆς
849 675 1071 746 διαδρὰς
1105 679 1321 747 μηχανῇ
1357 679 1683 750 πολυτρόπῳ

446 758 452 763 ’
568 770 662 832 Εἰς
692 769 956 835 Γάλιτζαν
985 768 1190 839 έδραμε
1229 769 1502 842 Ῥωσικὴν
1531 773 1708 837 πόλιν,

577 863 686 919 Καὶ
715 862 794 933 τῷ
824 861 1225 932 σατραπεύοντι
1251 862 1455 930 ταύτης
1491 865 1744 934 ἀσμένως

569 955 812 1025 Δεχθεὶς,
836 953 965 1024 παρ’
989 953 1138 1024 αὐτῷ
1165 956 1413 1007 πλεῖστον
1437 955 1663 1026 ἐμμένει
1712 957 1922 1026 χρόκον.

576 1044 734 1098 Οὐτω
761 1043 817 1096 δὲ
841 1044 1128 1113 συνέδησεν
1154 1044 1320 1098 αὑτοῦ
1351 1045 1488 1115 πρὸς
1515 1045 1681 1099 πόθιν

380 1138 537 1192 Ωὃῦ
573 1136 684 1191 Kal
715 1137 895 1205 φιλίαν
928 1136 1110 1204 σχέσιν
1143 1152 1198 1187 τε
1238 1137 1522 1206 σατράπην
1554 1137 1752 1208 χρόνῳ,

580 1226 666 1290 Ὧς
692 1225 1036 1296 συνεδρεύειν
1072 1228 1402 1298 συναριστᾷν
1438 1228 1697 1301 σατράπῃ

574 1318 684 1371 Kal
713 1317 849 1386 τῷδε
867 1317 1144 1370 συνέστιον
1177 1321 1262 1370 ἀεὶ
1292 1319 1607 1390 τυγχάνειν.

571 1408 762 1478 Ὅμως
790 1409 992 1479 κρίνων
1024 1409 1228 1474 ϐνειδος
1258 1411 1461 1464 οἰκεῖον
1489 1411 1714 1482 κράτωρ

569 1501 1028 1571 Πρωτεξαδέλφου
1051 1503 1152 1572 τὴν
1171 1502 1343 1573 φυγὴν
1379 1503 1720 1574 Ἀνδρονίκου

384 1593 548 1650 4240.
585 1594 912 1666 Ἀπόδρασίν
935 1611 996 1647 τε
1023 1596 1162 1648 κάπὶ
1188 1596 1286 1665 τῆς
1320 1596 1482 1666 ξένης
1503 1596 1640 1668 ἄλην

585 1687 886 1756 Ἐπιμελὲς
911 1688 1122 1756 τίθησιν
1155 1689 1316 1758 ἔργον
1348 1690 1441 1742 καὶ
1466 1689 1622 1758 λόγον

571 1777 720 1832 Ὦστ*
748 1779 1044 1832 ἀπολαϐεῖν
1075 1779 1225 1832 τόνδε
1260 1781 1496 1851 πατρίδα
1533 1781 1692 1836 πάλιν
1714 1799 1726 1811 ·

567 1871 675 1924 Καὶ
714 1871 917 1940 μᾶλλον
944 1865 1026 1934 οἷς
1060 1871 1293 1942 ἠγγελλε
1333 1875 1492 1944 φήμη
1535 1876 1630 1929 καὶ
1659 1875 1784 1929 τάδε

575 1962 698 2016 ὀτι
723 1963 998 2032 Σκυθικὴν
1035 1963 1298 2033 στρατιὰν
1326 1965 1623 2034 παροξύνει

390 2054 541 2110 4145
579 2052 802 2126 Θρᾴκης
829 2054 1080 2108 ἐπελθεῖν
1106 2056 1448 2120 Μακεδονίας
1470 2059 1642 2128 ὅροις.

590 2146 834 2200 Ἐκεῖθεν
868 2147 1066 2201 οὐκοῦν
1093 2149 1340 2218 εὐμενῶς
1355 2141 1734 2222 ¹αὐτοκράτωρ

577 2240 798 2301 Πίστεις
831 2238 1129 2309 παρασχὼν
1165 2241 1260 2294 καὶ
1287 2241 1466 2295 λαϐὼν
1497 2244 1758 2312 ἐπανάγει

573 2331 857 2402 Κομνηνδν
899 2333 1241 2402 Ἀνδρόνικον
1267 2332 1402 2404 πρὸς
1424 2334 1524 2404 τὴν
1551 2337 1782 2405 πατρίδα
1809 2350 1823 2366 ·

577 2421 716 2475 Καθ’
735 2421 795 2474 ὃν
820 2423 1011 2492 χρόνον
1046 2423 1274 2488 Παίονες
1302 2425 1629 2493 ηθετηκότες

399 2514 551 2570 4250
594 2516 689 2578 Ἀς
724 2514 860 2584 πρὸς
881 2515 1186 2584 κρατοῦντα
1219 2517 1506 2570 συνέθεντο
1543 2518 1864 2587 ξυμϐάσεις,

581 2605 799 2675 Χώραις
832 2605 1070 2676 ἐπῆλθον
1105 2608 1356 2660 Αὐσόνων
1380 2610 1721 2679 παριστρίοις
1743 2625 1755 2638 ·

578 2699 687 2751 Kal
723 2698 1058 2768 Ῥωμαῖκοῖς
1094 2699 1462 2768 συμϐαλόντες
1488 2703 1736 2772 τάγμασι

577 2789 753 2857 Νίκην
779 2791 1159 2860 ἀπηνέγκαντο
1193 2794 1288 2845 καὶ
1316 2791 1519 2862 πλῆθος
1543 2794 1777 2849 σκύλων.

581 2878 772 2930 Τοίνυν
794 2880 1024 2943 ἐπιστὰς
1061 2879 1314 2951 βασιλεὺς
1337 2881 1412 2952 τῷ
1438 2884 1725 2954 Ζευγμίνῳ

399 2969 549 3025 4235
603 2970 870 3024 Ἡλωκότι
904 2972 1127 3025 Παίοσιν
1153 2972 1276 3044 ἄρτι
1307 2973 1626 3044 βαρϐάροις,

590 3061 969 3126 Ἐπανασώζει
994 3064 1088 3115 καὶ
1113 3065 1277 3118 πάλιν
1323 3065 1589 3135 Ῥωμαῖδι

584 3151 907 3215 Εὐϐουλίαις
940 3155 1117 3218 νίκαις
1147 3171 1205 3206 τε
1239 3156 1332 3208 καὶ
1363 3157 1742 3227 στρατηγίαις.

581 3245 690 3296 Kal
726 3243 835 3312 μὴν
866 3247 1216 3314 περιώνυμον
1243 3247 1404 3316 ἔργον
1428 3248 1522 3302 καὶ
1552 3249 1672 3303 τόδε

595 3332 995 3403 Ἀναπέφανται
1028 3334 1122 3388 τοῦ
1152 3336 1318 3389 καλοῦ
1352 3336 1696 3408 στεφηφόρου
1723 3354 1738 3369 ·

398 3422 546 3477 4260
589 3424 776 3487 Πόλεις
819 3426 1116 3490 ’Λσιάτιδες
1138 3426 1428 3498 εὐχρηστοι
1458 3430 1560 3502 βίῳ

585 3516 798 3584 Χλιαρὰ
829 3520 921 3570 καὶ
947 3518 1234 3589 Πέργαμος
1263 3521 1420 3575 ἄλλαι
1448 3523 1497 3574 τ’
1523 3519 1590 3578 αὖ
1624 3523 1828 3596 πόλεις,

582 3601 683 3659 Ὧν
715 3611 784 3662 τὰ
810 3607 969 3677 πέριξ
998 3611 1273 3680 πάσχοντα
1296 3613 1536 3683 Πέρσαις
1565 3613 1869 3686 βαρϐάροις

591 3702 873 3772 Δῃούμενά
902 3719 982 3766 τε,
1013 3702 1438 3774 πυρπολούμενά
1471 3723 1626 3776 σφισι

589 3795 851 3862 κωμηδὸν
871 3796 944 3858 ὡς
969 3795 1160 3864 ἔχοντα
1181 3795 1278 3864 τὴν
1323 3799 1620 3864 συνοικίαν,

409 3884 552 3940 4265
597 3885 772 3948 Ἀναξ
801 3885 1092 3955 περιέϐαλε
1124 3887 1360 3958 τείχεσιν
1388 3889 1537 3942 τάδε’

589 3979 695 4032 Kal
725 3978 994 4032 διαλαϐὼν
1025 3982 1306 4051 φρουρίοις
1330 3981 1598 4049 ἀσφαλέσι

588 4069 694 4123 Τὸν
728 4070 927 4140 χῶρον,
952 4071 1227 4140 ἀπήλλαξε
1261 4073 1534 4143 Περσικῆς
1567 4071 1766 4144 λύμης.

595 4165 908 4235 Οἰκητόρων
925 4164 1065 4218 οὕτω
1082 4164 1138 4218 δὲ
1170 4165 1434 4237 πλήθουσι
1463 4165 1588 4220 τάδε

590 4259 697 4312 Kal
721 4260 855 4311 πᾶσι
891 4258 1069 4320 καλῶς
1099 4261 1209 4321 τοῖς
1239 4259 1379 4314 κατὰ
1418 4258 1531 4326 βῖον
1566 4258 1766 4329 βρίθει,

414 4349 556 4404 4270
606 4350 822 4418 Ἀγροῖς
849 4366 908 4402 τε
943 4349 1149 4418 φυτῶσί
1177 4366 1258 4414 τε,
1289 4351 1477 4421 χάρισι
1512 4351 1712 4416 ξέναις,

589 4441 830 4511 Φρούρια
862 4440 1034 4494 ταῦτα
1061 4445 1156 4512 καὶ
1192 4439 1377 4505 πόλεις
1403 4441 1697 4511 εἰρημέναι.

604 4535 693 4594 Ὠς
733 4531 841 4584 τῶν
883 4531 1134 4600 μεγάλων
1156 4534 1525 4601 κατακρατεῖν
1557 4533 1786 4586 ἀστέων.

589 4626 772 4678 Ταῦτα
801 4623 897 4692 μὲν
927 4621 1071 4675 οὓτω
1106 4621 1472 4692 συμϐέϐηκεν,
1504 4623 1575 4686 ὡς
1608 4624 1764 4694 ἔφην’

597 4715 834 4784 Ὀρκους
864 4713 921 4766 δὲ
947 4712 1116 4766 πάλιν
1152 4712 1497 4781 συγχεάντων
1533 4715 1802 4779 Παιόνων,

419 4807 563 4862 42⁸75
604 4807 842 4871 Ἐξεισιν
871 4805 1004 4868 ἄναξ
1033 4804 1138 4856 τῶν
1173 4804 1455 4874 βασιλείων
1501 4806 1693 4874 δόμων,

595 4897 705 4949 Kal
735 4895 870 4965 πρὸς
891 4895 1158 4965 Σαρδικὴν
1185 4895 1498 4962 ἀφικνεῖται
1530 4897 1631 4964 τὴν
1659 4894 1838 4958 πόλιν,

601 4981 675 5040 Οὐ
712 4987 1006 5056 συμϐαλεῖν
1035 4986 1266 5042 τέτακτο
1305 4985 1590 5055 Ῥωμαίων
1613 4985 1774 5047 nam.

607 5078 759 5129 Ἐπεὶ
792 5078 848 5128 δὲ
881 5076 1241 5146 συνήθροιστο
1275 5077 1383 5128 πᾶν
1411 5076 1837 5145 στρατευμάτων

597 5168 792 5238 Κρίσει.
824 5167 1148 5236 στρατηγῶν
1184 5166 1436 5235 βασιλεὺς
1470 5167 1841 5238 βουληφόρων,

425 5260 564 5316 4280
603 5262 1042 5329 Κοντοστέφανον
1085 5260 1420 5330 Ἀνδρόνικον
1448 5260 1705 5330 δεικνύει,

368 5346 369 5349 “
601 5351 786 5422 ’Δνδρ’
809 5351 1048 5422 ἀρεῖκδν,
1071 5352 1336 5422 ἀπτόητον
1366 5354 1423 5405 ὲν
1449 5352 1671 5420 μάχαις.

597 5445 705 5498 Καὶ
735 5443 834 5515 τὴν
863 5443 983 5496 κατ’
1008 5443 1269 5513 Οὐγγρων
1296 5444 1580 5513 ἀνατίθησι
1611 5443 1812 5515 μάχην·

604 5539 700 5599 ’ος
727 5536 1050 5608 παρολαϐὼν
1081 5536 1390 5606 Ῥωμαϊκὰς
1420 5536 1675 5606 δυνάμεις

616 5627 800 5698 Ὀρμᾷ
829 5629 971 5681 κατὰ
1005 5628 1155 5695 σφῶν
1187 5631 1282 5680 σὺν
1313 5627 1432 5697 Θεῷ
1460 5628 1616 5698 νίκης
1639 5627 1767 5701 δότῃ
1796 5644 1810 5659 ο

424 5715 567 5771 4283
605 5718 714 5771 Καὶ
747 5718 812 5785 δὴ
839 5717 1079 5788 περάσας
1103 5717 1338 5769 Σάουϐον
1373 5719 1584 5786 Ἵστρον
1624 5717 1669 5768 θ’
1699 5717 1816 5784 αμα

611 5809 896 5863 ’Υπεισέδν
921 5809 1221 5878 Ζεύγμινον
1247 5810 1498 5865 Αὐσόνων
1530 5811 1704 5877 πόλιν,

1951 515 1992 559 Α
2023 497 2334 552 Cumnenus
2375 504 2555 550 autem
2590 495 2806 552 habitus
2838 494 2889 547 in
2924 493 3156 548 vinculis

2030 591 2100 645 ob
2124 593 2236 659 jam
2270 601 2514 646 narratas
2537 605 2728 646 causas
2769 590 3133 651 Andronicus,

2035 697 2254 736 versuto
2286 693 2404 737 astu
2436 697 2658 737 carcere
2687 696 2744 735 se
2772 681 3079 750 proripiens

2031 772 2083 826 in
2119 771 2399 828 Russicatu
2445 773 2686 842 confugit
2710 771 2970 826 Galitzam
3003 771 3215 835 urbem,

2038 869 2221 937 ibique
2252 883 2280 921 a
2308 877 2518 936 satrapa
2553 881 2723 935 prono
2747 866 2928 919 animo
2958 876 3239 935 exceptus,

2037 962 2196 1031 lnngu
2223 961 2518 1028 permansit
2552 959 2690 1026 apud
2730 959 2899 1028 ipsum
2936 967 3199 1026 tempore.

2035 1052 2208 1106 Tanta
2235 1059 2411 1106 autem
2438 1050 2540 1104 sibi
2560 1048 2741 1118 junxit
2768 1047 3006 1102 amicitia

2034 1154 2087 1197 et
2118 1143 2448 1212 qttolidianls
2481 1153 2748 1211 satrapam
2776 1139 2988 1204 olliciis,

2033 1243 2092 1290 ut
2121 1235 2191 1289 illi
2221 1250 2430 1304 semper
2459 1235 2513 1288 in
2541 1235 2790 1288 convictu
2821 1236 3034 1290 adesset

2032 1326 2257 1395 ejusque
2283 1341 2463 1380 mensa
2495 1324 2711 1380 assidue
2733 1333 2994 1379 uteretur.

2034 1419 2105 1472 At
2137 1419 2313 1472 Caesar
2342 1417 2440 1469 sibi
2469 1417 2782 1485 probrosam
2806 1417 3120 1473 existimans

2034 1509 2324 1564 Andronici
2356 1509 2532 1578 fugam
2567 1509 2826 1578 patruelis

2035 1609 2090 1656 et
2123 1601 2174 1653 in
2208 1599 2383 1653 alieno
2413 1599 2529 1654 solo
2561 1614 2748 1668 vagam
2785 1600 2971 1662 vitam,

2036 1692 2198 1762 erepit
2233 1701 2422 1762 putare
2448 1707 2551 1762 qua
2583 1691 2793 1746 ratione
2824 1703 3007 1760 posset

2040 1785 2311 1838 hominem
2343 1785 2393 1837 in
2421 1785 2650 1852 patriam
2685 1801 2835 1839 suam
2871 1785 3183 1842 retrahere:

1960 1869 2006 1930 B
2035 1877 2332 1946 praesertim
2360 1877 2484 1946 quia
2516 1877 2680 1931 didita
2712 1877 2851 1930 fatua
2885 1886 3003 1931 erat

2040 1983 2188 2021 arma
2221 1968 2545 2038 Scytharum
2575 1970 2644 2022 ab
2673 1967 2763 2022 illo
2787 1969 3140 2027 commoveri.

2037 2057 2471 2126 Macedoniaque
2497 2067 2550 2112 et
2583 2058 2827 2112 Thracia:
2867 2056 3056 2113 adesse
3085 2058 3302 2116 ﬁnibus.

2037 2148 2181 2217 Ergo
2211 2149 2458 2204 benivola
2485 2150 2663 2204 oblata
2694 2150 2796 2206 fide

2037 2240 2220 2294 Caesar
2245 2247 2298 2294 et
2329 2249 2541 2310 recepta
2575 2241 2826 2307 invicem,
2872 2241 3089 2297 reduxit

2036 2331 2372 2387 Comuenum
2404 2333 2771 2389 Andronicum
2803 2337 2870 2388 ad
2905 2335 3045 2388 lares
3075 2335 3296 2404 patrios.

2037 2420 2149 2477 Sub
2177 2422 2316 2476 idem
2357 2433 2568 2491 tempus
2601 2421 2822 2478 Paeones
2854 2423 3076 2478 effracta

2036 2529 2198 2584 quam
2231 2513 2460 2567 Manueli
2499 2517 2894 2583 spoponderant
2926 2514 3053 2577 (ide,

2039 2617 2254 2660 nostras
2281 2607 2346 2658 ad
2377 2605 2568 2660 Istrum
2604 2608 2959 2661 incursabant
2983 2611 3188 2669 terras.’

2039 2707 2092 2754 et
2118 2713 2240 2753 cum
2272 2697 2528 2754 Romanis
2553 2698 2826 2767 congressi
2856 2697 3116 2752 militibus

2041 2790 2266 2844 victoria
2303 2799 2355 2844 et
2387 2788 2570 2858 spoliis
2600 2788 2847 2858 plurimis
2873 2798 2997 2842 sunt
3025 2788 3200 2858 potiti.

2042 2883 2403 2949 Quamobrem
2429 2881 2610 2936 Cmsar
2643 2880 2994 2949 Zeugminnm
3029 2893 3370 2950 progressus,

2042 2987 2202 3043 quam
2233 2972 2420 3025 urbem
2461 2987 2634 3040 nuper
2665 2969 2884 3025 Paeones
2909 2976 3327 3038 occupaverant,

2045 3074 2232 3114 rursus
2264 3057 2504 3112 Romano
2539 3058 2778 3111 vindicat
2807 3056 3033 3126 imperio

2045 3151 2288 3205 victoriis
2311 3159 2365 3204 et
2387 3149 2627 3204 consiliis
2653 3160 2708 3201 et
2736 3157 2850 3202 arte
2884 3148 3097 3203 bellica.

2042 3244 2303 3315 Inclylum
2335 3243 2478 3298 aliud
2513 3254 2566 3298 et
2596 3241 2970 3311 famigeratum

2039 3335 2284 3404 praeclari
2321 3336 2460 3406 regis
2492 3350 2628 3403 opus
2665 3334 2944 3390 inclaruit.

2040 3426 2212 3482 Urbes
2240 3427 2508 3482 Asiaticus
2539 3428 2696 3480 utiles
2723 3425 3028 3494 reipublicae

2039 3518 2313 3574 Chliaram
2345 3518 2665 3588 Pergamum
2701 3517 2940 3588 aliasque
2969 3518 3193 3588 aliquot,

2042 3615 2291 3682 (quarum
2323 3627 2448 3682 ager
2485 3611 2681 3665 misere
2712 3609 2890 3663 Persis
2919 3612 3163 3664 barbaris

2043 3704 2328 3769 obnoxius,
2356 3703 2476 3773 igne
2506 3711 2560 3755 et
2599 3702 2740 3754 τιτι-ο
2777 3702 3120 3765 vastabatur,

2044 3807 2327 3868 propterea
2367 3797 2506 3865 quod
2537 3796 2769 3864 pagatim
2803 3796 3207 3864 habitabantur)

2045 3888 2318 3943 moenibus
2348 3887 2530 3942 Czesar
2557 3895 2782 3938 cunctas
2816 3885 3220 3940 circumclusit:

2044 3987 2098 4030 et
2125 3975 2512 4029 communitam
2539 3974 2729 4026 validis
2762 3973 3000 4027 castellis

2046 4066 2406 4134 provinciam,
2444 4067 2641 4119 damno
2671 4067 2889 4120 Persico
2914 4066 3208 4135 prohibuit.

2047 4159 2139 4212 Sic
2171 4168 2349 4212 autem
2382 4158 2870 4214 crevitincolarum
2897 4173 3173 4220 numerus,

2047 4249 2127 4304 sic
2160 4249 2411 4319 ampliata
2439 4259 2567 4304 sunt
2595 4250 2804 4304 vivendi
2834 4249 3116 4304 commoda

2050 4342 2212 4410 agris.
2245 4343 2550 4405 arboribus,
2587 4341 2981 4412 perigriuisqne
3015 4341 3187 4403 bonis,

2051 4443 2104 4484 ιιι
2141 4432 2253 4487 haec
2274 4431 2488 4487 castella
2521 4431 2866 4502 praedicmqne
2897 4433 3057 4487 nrbes

1977 4547 2019 4602 ι)
2052 4524 2130 4578 vel
2161 4525 2291 4590 ip~is
2319 4524 2527 4592 magnis
2558 4525 2782 4578 urbibus
2807 4526 3080 4579 antistent.

2055 4617 2147 4670 llis
2179 4616 2248 4669 ita
2279 4617 2473 4685 gestis;
2507 4615 2720 4668 interim
2758 4615 3038 4668 Paeonibus

2054 4709 2210 4762 Iidem
2236 4708 2472 4774 jnratam
2508 4706 2686 4760 denuo
2719 4706 3112 4776 rumpentibus,

2053 4801 2236 4855 relicta
2269 4798 2409 4866 regis
2439 4795 2610 4868 pergit
2643 4798 2938 4868 imperator

2056 4893 2336 4946 Sardicam
2370 4907 2538 4960 usque
2568 4892 2781 4953 urbem,
2807 4905 2916 4959 quo
2950 4889 3234 4944 condictus

2054 4982 2310 5038 Romanis
2343 4982 2645 5053 legionibus
2675 4993 2968 5037 conventus
2993 4990 3130 5037 erat.

2054 5075 2154 5132 Ubi
2192 5077 2455 5130 universa:
2480 5085 2850 5130 convenerunt
2870 5074 3059 5142 capite,

2052 5169 2248 5223 ducum
2271 5169 2609 5237 prudentium
2632 5167 2815 5222 Caesar
2845 5170 2908 5221 de
2937 5167 3165 5221 consilio

2053 5260 2419 5330 Andronicum
2451 5268 2600 5314 creat
2625 5261 3135 5325 contostephanum,

2057 5351 2230 5406 virum
2274 5352 2593 5406 niavortiutn
2625 5350 2822 5419 praeliis
2851 5350 3132 5412 invictum,

2056 5445 2214 5513 eique
2247 5443 2442 5497 bellum
2472 5442 2765 5497 committit
2796 5441 3179 5511 llungaricum.

2054 5540 2102 5595 ls
2130 5554 2257 5593 vero
2291 5547 2569 5606 assumpto
2596 5536 2834 5591 exercitu
2869 5537 3113 5591 Romano

2057 5634 2231 5702 pergit
2256 5633 2306 5686 in
2337 5633 2520 5686 hostes
2546 5646 2666 5684 cum
2705 5631 2810 5684 Deo
2837 5630 3090 5698 propitio,

2058 5724 2408 5792 traiectisque
2439 5722 2582 5776 Savo
2606 5729 2661 5775 et
2689 5722 2828 5776 Istro
2857 5719 3035 5775 ﬂuviis

2061 5817 2364 5878 ingreditur
2387 5813 2736 5882 Zengminum
2771 5815 2956 5871 urbem
2996 5826 3271 5883 nostram;

3503 399 3604 464 166
