4070 6524
363 382 469 446 160

581 494 691 549 Καὶ
722 494 864 562 σφᾶς
894 495 994 564 μὲν
1025 492 1170 563 εἶχεν
1198 496 1230 563 ἠ
1272 493 1489 548 Βενετία
1517 493 1641 549 τότε
1664 507 1682 527 ο

587 588 731 639 Μετά
758 588 814 639 δὲ
847 588 1057 657 μακρὸν
1081 586 1468 656 ηὐτρεπικότες
1500 585 1686 638 στόλον

576 680 620 730 Ν
630 682 794 747 ήσους
821 679 1056 731 ἐκάκουν
1085 678 1406 739 ἐκπλέοντες
1431 675 1709 744 εὐδρόμως
1728 691 1743 704 ⁸

574 768 715 820 Ἀλλ’
749 766 1093 835 ἀντίπρωρος
1122 766 1373 819 Αὐσόνων
1401 764 1617 828 σταλεὶς
1644 763 1827 826 στόλος

394 860 543 914 6550
587 859 723 910 [1λού
754 859 894 926 σφᾶς
921 857 1146 926 ἀπεῖρξε
1182 854 1504 925 πειρατικοῦ
1532 858 1625 908 καὶ
1653 855 1857 925 μάχης.

578 952 766 1003 Τοίνυν
792 949 1127 1011 ἀποστάντες
1160 964 1220 1016 γε
1254 948 1345 1001 τοῦ
1373 947 1463 1003 διά
1508 949 1688 1017 μάχης

579 1038 836 1106 Ἐχθρούς
860 1037 1047 1100 κακῶς
1073 1038 1205 1107 δρᾷν
1234 1036 1536 1105 ἀμύνεσθαι
1566 1036 1613 1089 τ’
1640 1032 1707 1091 αὖ
1737 1037 1931 1106 στόλῳ,

584 1133 720 1196 Πρὸς
754 1129 899 1198 ρἧα
924 1128 1211 1182 συνέθεντο
1238 1128 1337 1196 τῆς
1371 1126 1627 1190 Σικελίας

577 1221 781 1289 Ὃρκια
805 1221 977 1272 πιστά
1012 1220 1313 1290 ωμόάσεις
1338 1236 1397 1271 τε
1426 1219 1609 1287 φιλίας
1634 1235 1647 1249 ⁸

402 1314 545 1366 45ὔὸ
588 1313 654 1364 'U
684 1312 845 1378 γνοὺς
874 1310 1129 1380 βασιλεὺς
1156 1313 1185 1363 ό
1212 1309 1532 1380 προμηθεὺς
1554 1310 1807 1364 Αὐσόνων

582 1406 686 1455 ικαὶ
713 1404 809 1465 τὰς
838 1403 930 1455 ἐπὶ
957 1402 1103 1472 λύμῃ
1136 1419 1197 1468 γε
1225 1402 1325 1470 τῆς
1364 1400 1663 1471 Ῥωμαῖδος

580 1495 910 1563 Συμφωνίας
944 1494 1096 1560 σφῶν
1128 1494 1477 1561 ἐννοούμενος
1510 1492 1671 1546 λῦσαι

583 1590 677 1646 "A,
712 1589 840 1655 ρηγὶ
876 1584 1219 1654 συνέπραξαν
1244 1585 1459 1653 ἀμύνης
1486 1585 1671 1655 χάριν,

578 1678 965 1741 Ἀνεξικάκως,
1002 1664 1269 1747 εὐμενῶς,
1300 1678 1625 1746 εὐμηχάνως

396 1770 541 1822 4560
585 1768 723 1837 Ιιρὸς
756 1767 941 1835 φιλίαν
974 1767 1223 1819 εἵλκυσεν
1265 1767 1461 1829 αὐτοὺς
1487 1767 1589 1835 τὴν
1629 1764 1822 1829 πάλαι,

580 1859 911 1927 ’Λμνηστίαν
942 1857 1065 1916 δοὺς
1095 1857 1202 1909 τῶν
1239 1858 1388 1923 σφίσι
1420 1858 1822 1924 πεπραγμένων
1844 1870 1858 1885 ο

584 1953 721 2019 ιιρδς
746 1950 789 2002 δ’
818 1946 885 2002 αὖ
919 1949 1014 2016 ἐθη
1045 1948 1260 2002 δίδωσιν
1285 1948 1470 2008 αὐτοῖς
1500 1949 1567 1999 τά
1599 1946 1800 1999 πάλαι·

578 2047 683 2096 Kac
714 2042 866 2108 σφῶν
893 2042 1034 2094 ὅσων
1066 2041 1253 2111 εἴληφε
1282 2041 1475 2108 τοπρὶν
1504 2039 1690 2091 οὐσίαν

590 2135 699 2185 Καὶ
722 2134 880 2199 τήνδε
917 2130 1187 2201 βασίλειος
1219 2131 1475 2201 ἐφρούρει
1506 2127 1693 2195 στέγη,

402 2225 547 2278 »ἃδῦῗὶ
588 2226 705 2284 Ἰοῖ,
741 2224 1045 2285 Βενετίκοις
1078 2221 1326 2273 ἀπέδωκε
1362 2219 1685 2290 προφρόνως

576 2315 833 2367 Γενναίαν
850 2313 987 2378 ἄναξ
1016 2314 1198 2365 οὐτοσί
1225 2312 1470 2365 πλουτῶν
1505 2311 1688 2380 φύσιν,

578 2404 907 2475 ὐξύρροπός
942 2404 986 2455 τ’
1018 2401 1093 2455 ὢν
1122 2406 1178 2454 ἐν
1207 2401 1410 2472 μάχαις
1435 2404 1766 2467 ἀντιπάλων,

581 2496 913 2567 Δριιστῂριός
949 2511 1006 2547 τε
1036 2493 1446 2565 καρτερόψυχος
1478 2492 1620 2558 λίαν,

587 2589 693 2637 halt
721 2582 1014 2653 ὃιενεργών
1043 2583 1110 2634 δι’
1147 2582 1343 2635 ἑαυτοῦ
1373 2582 1472 2645 τὰς
1510 2583 1709 2653 μάχας,

408 2680 551 2733 4570
591 2680 800 2745 Δεῆσαν
830 2679 993 2729 ἵππον
1021 2675 1305 2728 ἀνέϐαινεν
1330 2674 1549 2740 αὐτίκα,

588 2773 696 2825 Καὶ
719 2774 817 2841 τῆς
851 2772 1107 2840 στρατιᾶς
1129 2766 1196 2840 ἦν
1225 2767 1526 2838 προμαχῶν
1555 2766 1827 2837 εὐθύμως.

588 2864 795 2929 Ἐξεισι
824 2864 1005 2916 τοίνυν
1039 2866 1181 2917 κατά
1210 2861 1501 2916 σουλτάνου
1541 2859 1702 2914 πάλιν

581 2957 1022 3027 Κατατρὲχοντος
1054 2954 1336 3025 Ῥωμαϊκὰ
1363 2951 1561 3024 χωρία,

587 3052 693 3102 Καὶ
729 3048 941 3115 γίνεται
968 3045 1033 3116 δὴ
1070 3047 1205 3113 πρὸς
1231 3044 1372 3113 θέμα
1403 3042 1692 3114 Δορυλέου,

415 3138 558 3194 ιπηδ
598 3139 766 3191 Ἔνθα
800 3136 1063 3209 χρονίςων
1092 3134 1152 3188 εὖ
1175 3133 1457 3197 ἀνακτίζει
1483 3134 1604 3186 τόδε

588 3230 772 3298 Τείχει
788 3229 835 3281 τ’
862 3226 1045 3297 ὀχυρῷ
1077 3228 1169 3279 καὶ
1195 3224 1487 3295 περιτείχῳ
1514 3223 1652 3292 ξένῳ

594 3317 910 3389 ιιεριὸαλὼν
938 3314 996 3370 εὖ
1026 3314 1411 3386 κατοχυρώσας
1436 3313 1484 3367 θ’
1517 3314 1634 3383 ἃμα
1654 3332 1666 3343 ’

591 3417 701 3466 Καὶ
727 3412 850 3475 δοὺς
887 3409 1132 3479 φυλακὴν
1171 3406 1245 3470 ὡς
1277 3408 1403 3476 ἐνῆν
1436 3404 1562 3476 τῷδ’
1588 3403 1769 3470 ἀξίαν,

591 3507 787 3575 Μερῶν
819 3503 1155 3558 ἀπανίστατο
1188 3499 1293 3552 τῶν
1326 3495 1588 3567 Δορυλέου
1615 3512 1629 3527 ·

416 3599 561 3655 8580
598 3598 914 3664 Ἐφίσταται
939 3594 996 3659 δὲ
1027 3591 1269 3664 φρουρίῳ
1304 3589 1381 3659 τῷ
1412 3588 1662 3657 Σουὸλέῳ
1684 3604 1699 3620 ο

597 3686 818 3740 Κακείν’
848 3686 1049 3754 ὁμοίως
1074 3682 1367 3744 ἀνακτίσας
1395 3678 1468 3741 ὼς
1503 3679 1645 3739 δέον,

596 3784 701 3833 Καὶ
731 3782 909 3836 πάντα
939 3779 1053 3840 θεὶς
1080 3772 1163 3841 εὖ,
1206 3774 1340 3844 πρὸς
1374 3772 1528 3825 πόλιν
1570 3770 1905 3841 ὑποστρέφει
1933 3781 1947 3797 ·

594 3876 803 3942 Βρλχὺς
835 3871 1031 3942 ἐφεξῆς
1062 3868 1406 3939 παρελήλυθε
1432 3867 1646 3938 χρόνος,

594 3967 703 4016 λαὶ
727 3963 845 4018 καθ’
874 3963 1099 4024 ἑαυτοὺς
1134 3960 1387 4030 βασιλεὺς
1430 3958 1526 4012 κα)⁵
1558 3954 1843 4017 σουλτάνος

425 4060 563 4114 45δὸ
613 4059 963 4128 ’Υπεσμυχον
994 4056 1105 4125 πῦρ
1145 4058 1202 4108 ὲν
1237 4054 1428 4123 σποδιᾷ
1454 4052 1680 4122 καρδίας

606 4152 891 4221 Ἐναυσμα
921 4150 1088 4221 βραχύ
1126 4148 1495 4219 μνησικακίας
1522 4146 1703 4218 χόλου,

604 4250 710 4300 Καὶ
737 4243 880 4297 τοῦτ’
909 4243 1110 4308 ἀνάψαι
1138 4242 1506 4294 κατέσπευδον
1533 4241 1614 4304 είς
1635 4239 1808 4310 φλόγα
1831 4254 1845 4268 ’

619 4336 903 4406 Ἑκάτερος
929 4335 1057 4402 γοῦν
1080 4332 1323 4401 ἐγκαλῶν
1341 4331 1607 4402 ἐκατέρῳ,

616 4426 859 4497 ’Υπῆρχε
891 4423 1076 4492 σαφῶς
1106 4424 1199 4475 καὶ
1232 4421 1496 4491 διηπείλει
1527 4422 1704 4489 μέγα·

428 4522 564 4577 4590
606 4523 670 4573 Ὅ
712 4537 768 4572 εν
795 4517 1048 4588 βασιλεὺς
1073 4517 1170 4577 τὰς
1214 4515 1453 4577 ὑπούσας
1484 4514 1744 4583 δυνάμεις

598 4614 780 4675 Πάσας
804 4611 1061 4679 ἀθροίσας
1082 4607 1156 4671 ὡς
1186 4608 1313 4678 ἐνῆν
1349 4605 1688 4676 πανταχόθεν

605 4706 799 4766 ’Λλλας
826 4706 873 4754 τ’
907 4701 992 4754 ἐπ’
1025 4701 1211 4760 ἄλλαις
1244 4696 1566 4767 συναγαγὼν
1598 4698 1672 4759 ὡς
1698 4697 1815 4749 δέον

602 4796 691 4862 Ἐξ
713 4794 936 4847 Ἰταλῶν
963 4809 1021 4844 τε
1055 4792 1147 4844 καὶ
1181 4788 1402 4842 Σκυθῶν
1438 4786 1778 4857 παριστρίων

604 4894 709 4943 Και
736 4887 1113 4957 συγκροτήσας
1140 4880 1509 4953 μυριάριθμον
1540 4880 1728 4949 στίφος

435 4986 567 5038 4595
605 4983 909 5051 ’Λφανίσων
937 4980 1125 5032 ἄπεισι
1159 4974 1424 5046 Περσικὸν
1458 4971 1647 5041 φῦλον,

608 5078 712 5128 Καὶ
742 5072 1082 5141 κατερείψων
1116 5068 1337 5122 Ἰκόνιον
1365 5067 1443 5129 είς
1467 5066 1608 5127 ἕδος,

607 5168 742 5236 Πρὸς
777 5166 821 5217 δ’
856 5163 921 5216 οὐ
954 5180 1016 5227 γε
1049 5160 1409 5230 [Ιερσάνακτα
1428 5156 1673 5223 καθέξων
1698 5156 1791 5228 βίᾳ

615 5259 717 5309 Καὶ
746 5254 1147 5324 συμπατήσων,
1174 5250 1249 5313 ὼς
1295 5248 1440 5311 ἔθος,
1477 5249 1600 5300 κατ’
1632 5250 1887 5316 αὐχένοςο

618 5349 854 5417 ’Δπάρκς
878 5343 1072 5398 οὐκοῦν
1097 5344 1159 5394 ἐκ
1188 5340 1480 5404 Βυζαντίου
1520 5340 1681 5408 τάχος

440 5443 574 5496 “UO
610 5443 762 5495 Μετὰ
787 5438 1045 5510 στρατιᾶς
1076 5436 1164 5489 διά
1196 5434 1435 5505 Φρυγίας
1469 5434 1664 5502 μέσης,

607 5535 694 5595 Et;
724 5534 914 5594 xum,-
946 5526 1111 5601 ἦλθεν
1144 5525 1202 5582 εὖ
1230 5529 1383 5582 πόλιν
1410 5528 1724 5598 ᾠκισμένην
1748 5544 1761 5559 ’

610 5625 873 5679 Κάκεῖθεν
910 5624 1229 5693 ἐξώρμησεν
1257 5622 1335 5683 είς
1368 5620 1549 5692 ἔρυμά
1578 5637 1632 5671 τι

610 5711 678 5787 ᾯ
713 5715 1131 5785 Μυριοκέφαλον
1162 5709 1230 5782 ἦν
1261 5713 1453 5781 κλῆσις
1488 5710 1680 5772 πάλαι,

610 5809 726 5878 Ἀφ’
762 5802 933 5877 οὗπερ
965 5806 1287 5876 εἰσήλαυνεν
1313 5803 1444 5858 εὐθύ
1468 5800 1732 5873 Περσίδος

712 5902 981 5965 I’Amot.
1019 5900 1130 5959 GR.
1171 5896 1403 5959 CXLIII

1789 383 2169 445 C/‘ESARES.

1959 500 2005 553 A
2034 494 2230 564 Sicque
2263 492 2504 549 Venetiis
2537 491 2753 548 interim
2785 494 3125 545 manserunt.

2036 586 2203 640 Multo
2237 594 2359 656 post
2392 596 2573 639 tamen
2603 583 2849 639 ordinata
2878 580 3072 649 classe,

2036 677 2181 732 facili
2214 690 2375 731 cursu
2411 676 2738 731 infestabant
2758 673 2962 729 insulas
2987 688 3003 728 :

2038 784 2219 823 verum
2246 768 2492 837 Opposita
2526 764 2894 820 Romanorum
2931 760 3125 818 classis

2036 857 2324 913 cohibebat
2353 856 2476 912 illos
2502 872 2531 910 a
2568 870 2669 911 suo
2696 853 3005 910 latrocinio.

2034 944 2217 1010 Quare
2245 943 2471 999 dimisso
2500 941 2809 999 decertandi
2840 939 3023 996 studio

2036 1048 2212 1103 neque
2233 1033 2346 1103 jam
2376 1034 2521 1088 hosti
2555 1033 2781 1088 navibus
2808 1040 3089 1094 nocentes,

2034 1141 2159 1179 cum
2193 1140 2315 1195 rege
2344 1124 2529 1178 Sicqu
2558 1123 2918 1179 conventione
2946 1122 3088 1176 facta

2036 1217 2193 1271 Iidem
2220 1216 2458 1285 juratam
2490 1222 2731 1286 pangunt
2758 1214 3032 1268 amicitiae.

2035 1307 2264 1375 Cognita
2297 1321 2377 1375 re,
2410 1307 2589 1363 Caesar
2615 1306 2824 1375 imperii
2866 1314 3033 1369 tutor,

2038 1402 2101 1454 ad
2128 1400 2493 1454 Romanorum
2526 1399 2717 1453 damna
2744 1396 3087 1467 conjuralam

2038 1493 2364 1547 deliberavit
2392 1493 2604 1547 solvere
2635 1491 2877 1545 amicitia

2036 1598 2194 1648 quam
2222 1584 2402 1637 studio
2434 1583 2655 1637 ultionis
2684 1597 2805 1636 cum
2834 1594 2958 1649 rege
2986 1580 3318 1650 pepigerant.

2036 1675 2240 1746 Nempe
2274 1681 2562 1745 patienter,
2598 1675 2811 1741 callide,
2848 1672 3110 1729 benevole

2042 1770 2163 1823 illos
2192 1770 2257 1823 ad
2290 1779 2529 1824 veterem
2568 1769 2735 1822 traxit
2762 1766 3079 1831 amicitiam,

1966 1840 2006 1893 Β
2038 1857 2165 1914 facti
2195 1858 2432 1928 cujusvis
2464 1859 2734 1927 impertita
2764 1857 2947 1912 venia.

2039 1950 2263 2017 Insuper
2293 1949 2469 2017 prisca
2500 1950 2781 2018 privilegia
2819 1948 3069 2003 indulsit:

2038 2053 2093 2096 et
2123 2042 2381 2111 quidquid
2418 2039 2630 2094 Veneta:
2661 2042 2735 2094 rei
2768 2048 2983 2109 captum
3010 2039 3187 2094 fuerat

2041 2146 2097 2189 et
2129 2135 2181 2187 in
2217 2132 2509 2202 quaestorio
2545 2134 2867 2187 servabatur
2901 2130 3073 2200 regio,

2040 2225 2273 2279 reddidit
2300 2224 2433 2292 ipsis
2467 2224 2651 2277 animo
2680 2223 2897 2277 libente.

2042 2315 2138 2371 Hic
2167 2326 2275 2370 tam
2313 2315 2530 2387 egregio
2558 2316 2817 2384 praeditus
2846 2312 3064 2383 ingenio

2040 2409 2242 2469 Caesar,
2275 2407 2343 2461 ad
2374 2420 2585 2476 pugnas
2613 2407 2792 2460 alacer
2817 2405 3145 2474 pangendas,

2042 2496 2256 2564 eﬂicax,
2292 2498 2473 2552 animo
2510 2499 2799 2551 admodum
2834 2505 3143 2559 constante,

2042 2599 2097 2646 et
2130 2605 2225 2660 per
2262 2604 2320 2644 se
2352 2589 2466 2659 ipse
2493 2589 2629 2644 bella
2656 2589 2972 2654 conﬁciens,

2044 2683 2135 2737 ubi
2174 2698 2311 2753 opus
2343 2693 2482 2748 erat,
2510 2682 2690 2737 statim
2718 2696 2856 2751 equo
2888 2682 3143 2737 inscenso

2045 2777 2252 2846 primus
2282 2776 2335 2830 iu
2368 2776 2486 2831 acie
2516 2784 2734 2829 strenue
2754 2776 3050 2843 perstabat.

2042 2868 2243 2927 lterum
2276 2883 2405 2940 ergo
2437 2869 2610 2938 pergit
2638 2868 2691 2921 in
2726 2868 3000 2922 sultanum

2045 2979 2075 3017 a
2109 2979 2218 3033 quo
2244 2961 2499 3018 Romanae
2532 2961 2948 3016 incurSabantur
2986 2970 3166 3025 terrae,

2044 3065 2099 3108 et
2130 3069 2299 3123 usque
2332 3055 2399 3108 ad
2431 3052 2609 3107 thema
2645 3052 2890 3122 pervenit
2924 3050 3156 3121 Dorylei.

1972 3178 2015 3236 α
2048 3146 2127 3201 lbi
2152 3146 2448 3201 subsistens
2477 3145 2803 3199 instauravit
2836 3144 3026 3199 urbem

2049 3237 2240 3291 validis
2270 3237 2538 3292 moenibus
2565 3237 2810 3306 miroque
2838 3237 2981 3291 vallo

2048 3331 2095 3385 ei
2131 3330 2537 3399 circumposilo,
2573 3345 2693 3384 cum
2720 3329 3178 3399 propugnaculis;

2050 3422 2410 3490 impositoque
2445 3423 2638 3476 idoneo
2669 3421 2923 3489 pnesidio

2048 3524 2112 3564 ex
2141 3525 2271 3579 agro
2303 3511 2514 3581 Dorylei
2544 3525 2722 3566 castra
2758 3513 2945 3577 movit,

2050 3610 2212 3671 atque
2239 3600 2439 3657 Subleo
2466 3602 2637 3659 adfuit
2668 3604 2929 3660 castello:

2051 3698 2271 3766 ipsoque
2298 3698 2500 3767 pariter
2531 3708 2655 3767 apte
2685 3700 3036 3765 communito,

2050 3800 2105 3844 et
2133 3790 2355 3858 reliquis
2384 3790 2683 3858 dispositis,
2719 3791 2785 3844 ad
2818 3790 3006 3844 urbem
3042 3790 3203 3844 redit.

2054 3878 2160 3934 Sed
2196 3878 2346 3933 brevi
2380 3880 2591 3947 requies
2606 3877 2907 3933 ‘intervallo
2943 3879 3083 3932 fuit:

2055 3971 2283 4026 invicem
2311 3971 2506 4039 quippe
2534 3969 2716 4025 Caesar
2745 3978 2800 4024 et
2852 3969 3100 4023 sultanus

2056 4064 2231 4133 ignem
2260 4061 2513 4116 fovebant
2543 4062 2641 4115 sub
2668 4062 2848 4115 cordis
2878 4060 3176 4122 cineribus.

2059 4152 2296 4206 fotiiitem
2326 4161 2633 4220 promptum
2669 4151 2941 4205 meditata:
2967 4150 3211 4217 ultionis,

2058 4254 2222 4313 atque
2250 4255 2569 4313 erupturum
2608 4242 2857 4312 protinus
2887 4241 2941 4296 in
2977 4240 3272 4296 ﬂammam.

2059 4335 2300 4406 Uterque
2329 4336 2538 4390 scilicet
2571 4336 2902 4390 accusabant
2933 4335 3165 4390 invicem

2057 4426 2295 4495 querelis
2321 4424 2624 4481 manifestis
2658 4427 2928 4495 minisque
2961 4426 3242 4492 gravibus.

1980 4516 2035 4577 Ι)
2062 4519 2419 4586 Quamobrem
2453 4516 2633 4571 Cas-ar
2663 4518 2805 4571 vires
2836 4518 3118 4572 universas

2062 4612 2298 4679 undique
2331 4611 2689 4677 contraltens,
2726 4609 2921 4679 bisque
2953 4610 3328 4679 supplementa

2059 4701 2162 4755 alia
2194 4710 2357 4771 atque
2388 4702 2518 4766 alia,
2549 4710 2607 4755 ut
2632 4718 2728 4769 par
2754 4714 2896 4765 erat,
2933 4702 3134 4757 addens

2060 4809 2125 4847 ex
2152 4792 2305 4847 Italis
2337 4803 2501 4861 atque
2532 4791 2751 4862 Scythis
2777 4793 2843 4847 ad
2876 4794 3077 4846 Istrum
3106 4793 3317 4861 positis,

2062 4894 2491 4952 coogregatoque
2534 4884 2818 4937 innumero
2845 4883 3107 4945 exercitu.

2065 4974 2338 5028 Persicam
2376 4974 2548 5042 pergit
2580 4989 2676 5028 ceu
2704 4975 2979 5029 deleturus
3008 4984 3239 5043 gentem.

2066 5066 2413 5134 lcouiumque
2444 5066 2592 5119 humi
2627 5076 3023 5135 prostraturus,

2064 5158 2291 5226 ejusque
2320 5172 2500 5226 regem
2531 5158 2750 5226 insuper
2784 5168 3059 5226 capturus.

2067 5261 2122 5301 ut
2158 5254 2291 5317 pede
2325 5251 2543 5313 collum,
2574 5254 2638 5303 de
2673 5266 2839 5309 inore,
2874 5249 3126 5302 calcaret.

2068 5344 2237 5412 Igitur
2270 5342 2460 5409 raptim
2496 5340 2766 5408 profectus
2795 5339 3053 5408 Byzantio

2068 5450 2189 5486 cum
2229 5434 2339 5487 suis
2368 5432 2535 5497 copiis
2568 5430 2853 5497 Phrygiam
2888 5427 3277 5497 pertransiens,

2069 5524 2283 5579 Clionas
2314 5522 2529 5576 devenit
2560 5522 2857 5587 elegantem
2893 5519 3102 5571 urbem.

2074 5618 2228 5671 Illinc
2263 5616 2328 5669 ad
2361 5623 2600 5668 castrum
2630 5611 2900 5680 quoddam
2937 5622 3018 5665 est
3053 5624 3390 5680 progressus.

2072 5713 2158 5765 cui
2189 5724 2382 5763 nomen
2417 5716 2568 5760 vetus
2592 5714 2708 5759 erat
2741 5703 3169 5774 Myriocepbalon
3198 5722 3214 5758 :

2075 5802 2213 5858 unde
2240 5801 2478 5870 pervasit
2510 5798 2563 5853 in
2594 5796 2855 5853 ditionem
2881 5794 3154 5853 Persicam

3231 5888 3272 5947 6
