4070 6524
298 390 394 459 173

503 523 673 571 ,νιολις
706 507 846 579 μετὰ
880 506 1171 579 τραύματα
1198 508 1277 578 τῷ
1304 502 1442 563 Θεοῦ
1473 507 1649 560 σθένει

327 603 463 661 ιι·ὶῦ
494 604 688 673 Ὅμως
709 601 933 671 διαδρὰς
964 602 1062 664 τάς
1088 601 1258 665 λαϐάς
1283 601 1390 653 τῶν
1416 600 1715 669 Βαρϐάρων

502 697 637 751 Θεοῦ
670 697 928 768 συνάρσει
954 698 1048 748 καὶ
1074 696 1315 766 κραταιᾷ
1336 693 1562 763 δυνάμει

501 789 669 843 Σκιὰν
700 787 949 841 ὑπελθὼν
982 790 1009 839 ὁ
1036 789 1358 858 κρατάρχης
1386 786 1644 855 ἀχράδος,

500 880 678 951 Ἰσχὺν
714 879 1000 947 καμοῦσαν
1046 879 1312 931 ἀνεκτᾶτο
1353 876 1611 947 μετρίως,

502 973 646 1045 Πρὸς
673 971 721 1024 δ’
749 971 819 1025 αὖ
848 972 1042 1025 ἑαυτὸν
1068 970 1143 1033 ὼς
1167 969 1297 1039 ἐνῆν
1327 968 1622 1038 ἀναψύχων

335 1067 470 1124 ιιτο
511 1066 604 1135 Μὴ
631 1064 887 1133 σώματος
918 1062 1159 1129 φύλακα.
1193 1063 1269 1132 μὴ
1297 1061 1599 1131 δορυφόρον

514 1159 695 1227 Ἔχων
722 1153 1036 1209 συνεστῶτα
1060 1171 1123 1223 γε
1144 1156 1222 1226 τῷ
1245 1153 1525 1223 τηνικάδε.

504 1252 662 1305 Οὕτω
682 1249 727 1304 δ’
748 1248 945 1318 ἔχοντα
962 1247 1194 1301 κατιδών
1221 1263 1273 1300 τι
1305 1246 1517 1300 ίππέων

517 1341 838 1413 Ῥωμαῖκῆς
864 1340 1147 1410 φάλαγγος
1171 1341 1391 1411 ἀσήμου
1424 1342 1617 1407 γένους

505 1437 615 1504 Τῆς
646 1435 934 1504 συμφορᾶς
962 1432 1227 1505 ᾤκτειρεν
1256 1434 1542 1503 αύτὺν’τῆς
1572 1434 1689 1486 τότε
1711 1446 1729 1465 ο

339 1530 475 1583 Ηῖὅ
512 1527 677 1580 Ὅθεν
704 1525 1025 1598 προσελθὼν
1048 1526 1299 1594 ἀσμένως
1332 1527 1663 1598 στεψηφόρῳ

511 1621 795 1673 Διακονεῖν
826 1620 1014 1689 ἡρεῖτο
1042 1618 1111 1671 τά
1138 1619 1282 1673 κατὰ
1313 1620 1526 1685 σθένος,

516 1712 628 1766 Καὶ
655 1714 724 1783 τῇ
760 1711 973 1783 κεφαλῇ
998 1713 1199 1779 κυνέην
1226 1714 1563 1783 συνηρμόκει

512 1805 622 1872 Τῆς
652 1806 712 1857 ὲν
743 1804 955 1875 κεφαλῇ
982 1804 1406 1875 παρακλίνασαν
1436 1806 1623 1876 ἔδρας,

1720 388 2089 453 (22ΕὸΑῆΕᾶ

1772 547 1781 556 .
1888 504 1940 562 Α
1964 514 2086 555 nam
2121 504 2241 569 post
2269 504 2490 567 accepta
2513 491 2759 557 vulnera,
2789 487 2897 545 Deo
2929 488 3161 553 favente,

1962 596 2049 649 vix
2096 592 2453 647 Harbarorum
2481 587 2729 641 manibus
2751 584 2987 653 elapsus,

1963 687 2058 741 Dei
2091 685 2336 756 profecto
2374 681 2577 737 auxilio
2610 689 2666 734 et
2693 690 2887 747 magna
2917 688 3040 744 ope,

1962 778 2065 849 piri
2095 776 2357 831 silvestris
2388 773 2635 827 umbram
2671 769 2966 835 imperator

1967 871 2157 936 subiit,
2188 869 2362 925 fessas
2385 866 2685 933 refecitqne
2716 861 2883 921 vires,

1967 965 2137 1027 solus,
2175 973 2233 1019 ut
2268 971 2482 1031 poterat
2512 970 2685 1016 semet
2724 956 3055 1015 refocillans.

1970 1058 2198 1112 orbatus
2226 1056 2376 1112 omni
2404 1056 2648 1125 corporis
2678 1054 2929 1115 custode,

1973 1154 2117 1208 nullo
2144 1167 2266 1208 cum
2300 1151 2468 1205 armis
2509 1150 2681 1203 milite
2711 1156 2998 1218 prasente.

1972 1246 2063 1301 Sic
2091 1244 2397 1301 solitarium
2425 1243 2780 1314 conspicatus
2812 1240 3033 1310 quidam

1971 1338 2244 1394 exercitus
2272 1337 2502 1392 Romani
2536 1336 2823 1407 gregarius
2851 1348 3040 1403 eques,

1976 1436 2154 1490 acerbi
2193 1450 2352 1490 casus
2383 1432 2755 1489 misericordia
2789 1442 2965 1487 tactus

1975 1528 2039 1581 ad
2068 1527 2336 1582 Caesarem
2366 1525 2595 1581 accessit
2622 1535 2874 1594 prompto
2902 1523 3104 1587 animo,

1976 1631 2243 1685 opemque
2278 1615 2422 1670 ferre
2452 1630 2550 1685 pro
2581 1615 2791 1669 viribus
2820 1614 2987 1683 coepit
3014 1631 3029 1667 :

1980 1720 2145 1779 atque
2176 1709 2252 1763 illi
2284 1710 2337 1763 in
2370 1710 2546 1777 capite
2577 1708 2784 1779 galeam
2815 1709 3117 1778 composu‘t

1980 1817 2101 1873 qua:
2135 1802 2388 1871 capitalia
2425 1801 2735 1871 prohiberet
2767 1802 3017 1862 vulnera,

3432 363 3534 432 1³74

516 1897 627 1949 Kal
654 1896 945 1967 σύμμαχος
973 1896 1017 1949 δ’
1048 1891 1119 1968 ἦν
1147 1896 1247 1965 τῆς
1278 1897 1585 1968 ἐνεστώσης
1612 1900 1802 1968 τύχης.

348 1985 481 2039 ιιδο
522 1985 727 2039 Τούτου
755 1987 1011 2057 βασιλεὺς
1040 1990 1123 2050 είς
1145 1991 1305 2058 χεῖρα
1335 1987 1518 2042 λαϐὼν
1546 1990 1673 2056 δόρυ

519 2079 739 2148 Πέρσας
766 2082 856 2133 ἐπ’
886 2080 1051 2134 αὑτὸν
1084 2081 1405 2152 είσρέοντας
1433 2082 1704 2143 ἀπλέτους

1981 1896 2372 1965 praesentisque
2403 1894 2583 1949 socius
2610 1891 2839 1947 fortuna!
2866 1894 3071 1947 aderat.

1985 1988 2157 2059 Hujus
2184 1996 2435 2057 correpta
2465 1987 2765 2055 imperator
2796 1987 2990 2041 lancea

1986 2081 2250 2150 plurimos
2280 2079 2479 2134 Persas
2514 2090 2703 2133 contra
2739 2094 2799 2134 se
2828 2090 3069 2145 ruentes,

524 2173 634 2226 Καὶ
658 2172 800 2227 τόνδ’
831 2173 973 2228 ἑλεῖν
1004 2174 1339 2237 σπεύδοντας
1385 2174 1419 2244 ἢ
1452 2174 1550 2227 καὶ⁹
1599 2174 1881 2228 κτιννύναι
1982 2179 2045 2225 ut
2072 2185 2131 2223 ve

1599 2174 1881 2228 κτιννύναι
1982 2179 2045 2225 ut
2072 2169 2152 2223 vel
2177 2170 2447 2239 captivum
2476 2170 2739 2224 ducerent
2764 2172 2844 2225 vel
2874 2172 3202 2233 occiderent,

522 2266 813 2321 ’Δπώσατο
841 2270 984 2337 σφᾶς
1017 2270 1082 2338 τῇ
1114 2267 1250 2321 Θεοῦ
1286 2266 1602 2338 συμμαχίᾳ.
1987 2262 2129 2333 repul

1361 2266 1602 2338 μμαχίᾳ.
1987 2262 2182 2333 repulit
2215 2277 2409 2317 omnes
2438 2262 2689 2318 Numinis
2722 2265 2923 2318 auxilio
2955 2282 2968 2317 :

523 2361 630 2413 Kal
655 2360 934 2431 διαπείρει
957 2360 1067 2415 τῶν
1099 2361 1365 2413 ἐπιόντων
1394 2360 1513 2423 ἕνα,
1989 2366 2130 2425 θιιιυι

1989 2366 2151 2425 atque
2182 2371 2348 2410 unum
2383 2358 2601 2425 quidem
2632 2356 2746 2424 ipse
2778 2358 3073 2412 irruentem
3103 2356 3242 2421 lixit,

354 2449 489 2503 ΗΒό
532 2450 730 2503 ’Δλλον
758 2467 818 2502 τε
849 2450 1014 2503 πάλιν
1049 2449 1287 2518 ἱππότης
1311 2449 1516 2502 κτείνει
1557 2448 1727 2517 ξίφει.

1445 2466 1516 2502 νει
1557 2448 1727 2517 ξίφει.
1990 2449 2154 2503 alium
2192 2449 2442 2503 similiter
2471 2463 2638 2518 eques
2669 2463 2802 2503 ense
2831 2448 3052 2503 occidit.

525 2541 658 2597 Μετ’
679 2542 742 2595 ού
774 2542 909 2597 πιλὺ
934 2541 991 2594 δὲ
1025 2540 1134 2595 τῶν
1154 2540 1390 2595 ὁπλιτῶν
1421 2540 1676 2594 Αὐσόνων
1990 2540 2132 2595 Pauli

1421 2540 1676 2594 Αὐσόνων
1990 2540 2158 2595 Paulo
2184 2552 2306 2610 post
2334 2541 2477 2595 circa
2505 2540 2772 2596 Caesarem
2806 2541 3004 2594 armati

1993 2634 2176 2688 decem
2206 2633 2275 2687 de
2307 2644 2497 2689 nostro
2521 2634 2763 2688 exercitu
2792 2634 3135 2691 adstiterunt.

1992 2743 2114 2782 cum
2148 2729 2344 2796 quibus
2374 2728 2475 2782 iter
2508 2729 2772 2795 reliquum
2804 2726 2969 2796 (σαξρῆ
2998 2727 3271 2796 prosequi,

1994 2821 2210 2888 prazviis
2237 2820 2489 2890 conjungi
2520 2820 2745 2889 cupiens
2776 2820 3078 2873 ordinibus.

1997 2913 2103 2968 Sed
2133 2913 2249 2967 haec
2278 2913 2592 2981 priusquam
2629 2910 2842 2972 fierent.
2879 2919 3042 2978 atque
3078 2909 3261 2966 (Σενεκί-

1995 3006 2142 3061 solus
2167 3005 2268 3059 sub
2298 3006 2416 3075 piro
2448 3004 2621 3058 adhuc
2651 3017 2710 3057 se
2738 3001 3007 3065 reficeret,

1999 3098 2190 3154 Perses
2217 3111 2511 3151 accurrens
2546 3098 2687 3150 hunc
2716 3094 2965 3149 trahebat
2993 3092 3143 3159 loro;

1919 3187 1969 3251 C
2001 3189 2096 3245 sed
2127 3188 2426 3257 imperator
2456 3186 2634 3241 Persae
2659 3195 2818 3254 caput
2853 3184 2963 3237 ictu

2001 3280 2218 3337 mortali
2250 3280 2556 3335 vulneravit
2585 3281 2753 3334 hastae
2785 3277 3075 3349 fragmine,

1998 3390 2229 3445 eumque
2255 3376 2627 3430 exanimatum
2662 3374 2859 3428 stravit
2890 3372 3057 3428 humi.

2000 3465 2144 3537 Ergo
2180 3467 2488 3521 miserrime
2515 3475 2645 3520 tunc
2678 3465 2947 3519 laboravit

2002 3559 2055 3613 in
2100 3557 2208 3613 illis
2242 3555 2409 3611 furcis
2441 3556 2660 3611 clausus
2693 3556 2986 3621 exercitus,

2004 3650 2299 3718 paucisque
2327 3648 2593 3717 exceptis,
2628 3649 2909 3717 perit-runt
2935 3650 3141 3704 cuncti.

2003 3741 2138 3796 Nam
2178 3742 2282 3797 etsi
2318 3742 2623 3797 anfractum
2656 3757 2823 3795 ttnum
2856 3742 3212 3805 transierant,

2002 3834 2177 3887 adhuc
2206 3842 2530 3903 supererant
2562 3832 2628 3884 ad
2658 3831 2997 3885 evadendum

2000 3937 2161 3979 omne
2192 3921 2486 3993 periculum
2509 3938 2601 3977 sex
2629 3921 2907 3991 profunda:
2936 3921 3118 3987 valles,

2002 4033 2229 4088 quarum
2270 4017 2447 4073 Persa:
2472 4016 2791 4073 obsidebant
2819 4017 3015 4070 exitus.

2004 4111 2269 4166 Praeterea
2303 4110 2509 4164 validus
2532 4108 2773 4178 spirabat
2797 4117 3010 4173 ventus,

2004 4206 2096 4276 qui
2129 4203 2542 4274 circumiectum
2574 4202 2849 4271 pulverem
2884 4200 3111 4255 multum

2004 4312 2073 4352 ex
2101 4310 2329 4351 arenoso
2364 4295 2479 4350 solo
2510 4293 2800 4349 sustollens

1950 4440 1961 4447 _
2008 4388 2118 4442 late
2145 4389 2438 4457 spargebat
2467 4402 2588 4440 cum
2614 4384 2844 4439 molesto
2874 4385 3090 4439 turbine

1935 4524 1980 4583 υ
2010 4480 2260 4548 diemque
2298 4480 2473 4535 noctis
2504 4481 2679 4532 instar
2707 4477 2994 4532 eiliciebat.

2011 4569 2189 4637 Quare
2219 4570 2495 4625 Romanus
2526 4570 2680 4625 miles
2706 4586 2827 4625 cum
2853 4570 3083 4625 barbaro

2011 4662 2320 4717 tumultario
2355 4661 2604 4717 conﬂictu
2639 4662 2832 4716 mistus

2010 4764 2265 4822 tanquam
2292 4754 2346 4807 in
2377 4765 2533 4809 nocte
2560 4769 2790 4822 pugnam
2814 4755 3135 4810 conserebat
3158 4773 3172 4809 :

2008 4844 2284 4898 caedebant
2314 4846 2544 4899 ihvicem
2568 4854 2620 4899 et
2636 4845 2950 4914 jugulabant
2971 4884 2991 4910 .

2012 4936 2215 4989 nullum
2249 4937 2541 4991 discrimen
2568 4938 2805 5005 patiente
2830 4948 3096 5007 temporc.

2011 5027 2100 5082 Sic
2125 5042 2256 5098 ergo
2278 5029 2485 5086 amicus
2513 5031 2747 5083 amicum
2777 5032 3023 5095 feriebat,

2010 5116 2279 5171 Barbarus
2311 5117 2585 5173 occidebat
2608 5121 2861 5188 gentilem
2893 5138 3049 5176 suum

2012 5212 2163 5278 quasi
2194 5211 2293 5265 sibi
2323 5211 2695 5266 adversarium
2725 5225 2779 5267 et
2813 5216 3133 5268 maleﬁcum.

2011 5305 2101 5360 Sic
2130 5304 2279 5357 vallis
2311 5304 2644 5359 indiscrelim
2669 5308 3060 5373 complebatur,

2012 5407 2069 5450 ut
2101 5398 2323 5466 quidam
2354 5397 2484 5452 dicit
2514 5398 2762 5453 oculatus
2793 5401 2946 5453 testis

2014 5490 2252 5556 scriptor
2284 5488 2548 5552 historiae,
2581 5490 2809 5544 mortuis
2841 5493 3156 5560 corporibus

2012 5578 2379 5636 Romanorum
2408 5582 2611 5650 pariter
2634 5597 2698 5638 ac
2731 5581 3088 5639 Barbarorum
3113 5629 3130 5655 ,

532 2636 665 2708 Περὶ
688 2634 991 2705 κρατοῦντα
1020 2633 1452 2688 συναλισθέντων
1484 2634 1635 2698 δέκα,

527 2729 636 2781 Σὺν
657 2727 835 2781 τοῖσδε
863 2728 965 2797 τὴν
990 2726 1304 2797 ἔμπροσθεν
1328 2726 1497 2796 ῆνυκε
1527 2726 1713 2798 τρίϐον

526 2820 652 2884 Τοῖς
675 2820 916 2889 φθάσασι
942 2820 1187 2889 τάγμασι
1220 2817 1491 2887 συμμίξαι
1520 2818 1691 2872 θέλων
1712 2835 1728 2850 ο

357 2909 494 2963 ιιθο
533 2910 667 2978 Πρὶν
696 2910 729 2979 ἦ
756 2909 815 2963 δὲ
839 2908 1013 2961 ταῦτα
1043 2912 1371 2977 συμπεσεῖν,
1407 2906 1502 2961 ὑπ’
1534 2908 1746 2978 ἀχράδα

542 3000 764 3055 Ἑαυτὸν
791 3001 1059 3071 άνιψυχεν
1080 3002 1155 3066 ὡς
1180 2996 1295 3071 εἶχε
1324 3002 1549 3072 κράτωρ
1574 3018 1588 3033 ο

536 3092 753 3163 Πέρσης
775 3090 821 3143 δ’
849 3090 1095 3143 ἐπελθὼν
1124 3083 1307 3142 εἷλκεν
1335 3090 1498 3141 αὺτδν
1523 3089 1701 3158 ἡνίας,

543 3182 603 3237 '0
627 3182 674 3237 δ’
706 3181 775 3237 αὖ
801 3181 1049 3251 κεφαλῆς
1077 3178 1431 3249 κατενεγκὼν
1469 3181 1696 3251 καιρίαν

535 3276 793 3347 Δορατίου
826 3277 1076 3345 τμήματι
1096 3275 1173 3345 τῷ
1210 3275 1349 3339 μετὰ
1376 3274 1547 3345 χέρας

364 3374 501 3428 5395
539 3371 742 3425 Τοῦτον
778 3370 1000 3424 θανατοί
1028 3368 1357 3423 καταϐαλὼν
1378 3371 1458 3432 είς
1491 3367 1681 3439 χθόνα.

539 3465 787 3531 Ἔπασχε
807 3461 865 3515 δὲ
886 3461 1145 3530 τάγματα
1177 3460 1440 3531 χειρόνως
1466 3459 1590 3512 λίαν

538 3555 685 3611 Ὅσα
708 3571 773 3623 γε
808 3553 1198 3622 συγκέκλειστο
1220 3556 1286 3623 τῇ
1314 3550 1611 3622 δυσχωρίᾳ,

538 3649 645 3701 Kal
667 3645 807 3717 πλὴν
838 3646 1039 3712 ὀλίγων
1073 3647 1252 3699 πάντα
1288 3642 1478 3707 κακῶς
1511 3643 1754 3715 ἐφθάρη·

540 3742 599 3793 Εί
631 3741 740 3810 γὰρ
768 3738 1056 3809 παρῆλθον
1088 3738 1185 3790 καὶ
1216 3737 1481 3807 φάραγγα
1514 3736 1611 3807 τὴν
1638 3738 1786 3806 μίαν,

370 3832 504 3887 45ίο
555 3832 713 3885 Ἀλλά
740 3849 804 3899 γε
834 3830 1025 3895 λοιπὰς
1051 3830 1151 3884 οὐκ
1189 3830 1316 3898 ὲνῆν
1342 3828 1617 3883 διεκδύναι

539 3920 868 3983 Ἀκινδύνως
888 3919 953 3985 ἒξ
974 3919 1071 3980 τὰς
1098 3917 1409 3987 ταφρὼδεις
1437 3918 1720 3985 κοιλάδας,

542 4014 769 4085 Περσῶν
794 4010 1120 4081 ἐφεστώτων
1148 4026 1213 4078 γε
1244 4011 1364 4072 ταῖς
1398 4009 1653 4074 διεξόδοις
1675 4024 1687 4038 ·

543 4108 684 4177 [ιρδς
710 4106 892 4159 τοῖσδε
925 4104 1019 4157 καὶ
1052 4102 1388 4165 πνεύσαντος
1416 4101 1618 4169 ἀνέμου
1653 4100 1773 4154 τότε

548 4199 657 4253 Kal
682 4199 806 4251 θῖνα
837 4195 1064 4266 βαθεῖάν
1094 4212 1159 4263 γε
1200 4194 1620 4264 παρακειμένην

369 4291 505 4346 ιδυδ
541 4290 639 4343 Ἐκ
664 4291 769 4360 γῆς
795 4288 1139 4359 ψαμμώδους
1163 4285 1548 4347 άνακυκῶντος
1580 4285 1671 4356 βία

542 4384 744 4448 Δεινῶς
774 4386 823 4437 τ’
853 4383 1204 4454 ἀναφέροντα
1234 4383 1315 4445 είς
1344 4380 1480 4451 ὕψος
1513 4383 1655 4451 μέγα

545 4479 653 4530 Kal
685 4476 856 4529 νύκτα
879 4474 1116 4543 δρῶντος
1145 4473 1387 4543 ἀτεχνῶς
1408 4473 1507 4543 τὴν
1524 4472 1761 4541 ἡμέραν,

556 4568 862 4637 Ῥωμαῖκαὶ
899 4566 1182 4635 φάλαγγες
1210 4564 1286 4627 ὡς
1312 4563 1370 4616 δὲ
1402 4563 1693 4634 βαρϐάρων

547 4661 762 4731 Φύρδῆν
795 4659 1003 4727 ἀναμὶξ
1025 4657 1436 4727 συμπλακείσαι
1468 4657 1601 4724 πρὸς
1641 4654 1820 4724 μάχην

377 4753 509 4807 4310
551 4753 638 4804 Ἐν
664 4751 1013 4821 νυκτομαχίᾳ
1041 4750 1184 4803 καθά
1212 4749 1309 4802 xal
1336 4748 1413 4817 τῷ
1447 4748 1650 4809 σκότει,

550 4842 831 4905 Ἐκαινον,
854 4842 1205 4908 ἀπέσφαττον
1234 4839 1501 4907 ἀλλήλους
1542 4838 1710 4905 ξίφει,

545 4937 729 5003 Μηδὲν
758 4936 1124 5004 διακρίνοντες
1156 4932 1216 4998 ἐξ
1246 4932 1509 5001 άϐλεψίας
1536 4948 1551 4962 °

548 5026 757 5095 Ἐπῆγε
793 5026 947 5093 φίλος
980 5026 1042 5079 τὸ
1071 5025 1222 5094 ξίφος
1257 5025 1398 5079 κατὰ
1430 5024 1609 5093 φίλου,

552 5121 660 5172 Καὶ
688 5116 972 5188 Βάρϐαρος
998 5117 1041 5168 δ’
1065 5118 1301 5185 ἔσφαττε
1330 5116 1421 5169 τὸν
1448 5115 1799 5187 συμφυλέτην

382 5213 515 5265 illi}
562 5213 650 5275 Ὠς
676 5214 977 5283 ἀντίμαχον
998 5212 1265 5282 δυσμενῆ,
1301 5211 1652 5280 κακεργάτην
1680 5227 1693 5239 ·

553 5301 705 5353 “011'
736 5301 980 5372 ἀτεχνῶς
1008 5302 1273 5371 φάραγγα
1298 5288 1611 5367 πεπλῆσθαι
1636 5298 1796 5367 τάχα,

551 5396 646 5457 νος
678 5412 760 5457 τις
803 5393 1017 5461 βλέπων
1046 5394 1216 5463 ἔφησε
1249 5389 1370 5444 κατ’
1404 5389 1564 5443 ἄλλον
1586 5390 1742 5458 λόγον
1768 5390 1904 5460 (56),

556 5487 677 5540 Τῶν
708 5486 1045 5556 νεκριμαίων
1069 5484 1379 5553 πτωμάτων
1404 5483 1497 5535 καὶ
1527 5481 1797 5551 σωμάτων

550 5580 670 5632 Τῶν
700 5576 1026 5648 Ῥωμαϊκῶν
1055 5575 1260 5643 ἀναμὶξ
1287 5566 1385 5627 καῖ
1409 5573 1731 5645 Βαρϐάρων,

387 5712 526 5798 αδδ)
548 5715 687 5798 Sine
711 5713 1156 5798 dubioﬂdesigna}
1184 5710 1521 5798 Epitrafmius
1540 5710 1741 5798 l‘licetm
1766 5711 1911 5798 Cho-

2012 5718 2275 5798 Manuelis
2318 5718 2590 5788 Caesaris,
2656 5722 2731 5778 ait
2784 5725 2898 5794 ipse
2948 5724 3166 5785 Nicetas
3222 5730 3273 5782 in
3328 5729 3576 5788 ilistnria

351 5790 501 5840 niatre
548 5788 824 5840 historiam
859 5786 966 5859 lib.
1012 5799 1088 5845 vt,
1123 5783 1176 5845 5,
1198 5782 1305 5859 ⁸ιιίή
1343 5784 1473 5859 ΔΙιξιξιι
1550 5784 1664 5859 ipsa
1712 5786 1909 5859 partim
2015 5792 2311 5859 prommio,_

357 5860 508 5911 verba
538 5860 809 5926 leguntur.
856 5854 925 5909 Se
966 5866 1143 5908 autem
1196 5850 1506 5909 interfuisse
1551 5850 1722 5907 rebus
1740 5854 1909 5922 gestis
