4070 6524
511 364 634 435 ’Πό
1610 377 2010 440 ΕΡΗΗᾹΞΜΠ
2050 378 2118 440 CI

2157 381 2657 445 RONOGRAPHI
3651 379 3759 445 m

518 509 641 548 cum
671 493 971 550 interiectis
1002 493 1169 550 variis
1200 494 1547 561 animalibus,
2116 547 2125 561 η

2116 506 2167 562 Α
2225 500 2367 557 45ἓο
2406 503 2512 556 Kal
2540 504 2878 573 θνησιμαίων
2899 505 3255 560 παντοδαπῶν
3279 504 3514 573 ἀλόγων,

515 585 672 654 equis
698 601 760 639 ac
794 586 981 653 bobus,
1000 587 1193 653 asinis,
1228 588 1496 650 mulabus,

2401 596 2640 662 Ἵππων,
2670 598 2830 666 βοῶν,
2862 598 2998 651 ὄνων
3027 616 3088 652 τε
3127 600 3226 652 σὺν
3255 598 3537 668 ἡμιόνοις,

517 678 670 746 quasi
698 677 753 732 in
773 679 1044 733 communi
1073 678 1308 735 conditis
1326 678 1600 747 sepulcro.

2400 688 2583 755 Τάφον
2611 705 2670 740 τε
2706 688 2886 743 κοινὸν
2907 693 3021 753 τοῖς
3048 690 3190 753 ὅλοις
3223 690 3588 762 χρηματίσαι,

513 771 628 826 Ιιιιο
650 782 767 825 erat
801 771 1079 826 hominum
1114 771 1517 839 cmmeterium,

2408 780 2621 836 Μᾶλλον
2649 784 3029 856 πολυάνδριον,
3060 787 3109 839 εί
3138 786 3318 856 χρεὼν
3341 787 3535 856 φάναι,

508 864 556 917 si
588 862 666 916 fas
699 863 768 918 ita
804 863 973 932 loqui,
1004 862 1252 919 adinistis
1276 862 1494 920 belluis.

2398 873 2495 928 Ἐκ
2525 878 2775 946 γηγενῶν
2813 876 3135 947 πάμμικτον
3164 878 3377 948 ἀλόγων
3401 879 3450 933 θ’
3483 877 3625 948 ἅμα.

508 953 740 1009 Romani
765 969 898 1009 sane
927 957 1203 1025 perierunt
1226 955 1465 1026 plurimi,
1600 1008 1601 1011 η

2224 967 2368 1022 4⁸525
2410 971 2741 1023 Πεπτὼκασι
2771 970 2993 1036 πλείους
3018 973 3076 1026 δὲ
3113 972 3410 1043 Ῥωμαίων
3444 972 3600 1042 μάχῃ

507 1062 645 1115 quos
668 1046 810 1102 inter
834 1048 1023 1118 ingens
1048 1052 1211 1120 regia:
1249 1053 1438 1120 stirpis
1462 1067 1740 1110 numerus.

2398 1059 2512 1112 Καὶ
2544 1060 2713 1114 τῶνδε
2743 1062 2964 1125 πλείους
2990 1062 3088 1115 τοῦ
3125 1062 3402 1132 βασιλείου
3434 1061 3657 1131 γένους,

506 1144 684 1210 Atque
706 1142 823 1195 haec
853 1143 1014 1197 talem
1056 1142 1360 1199 habuerunt
1388 1146 1616 1200 exitum.

2399 1151 2510 1203 Καὶ
2530 1151 2707 1205 ταῦτα
2751 1153 2850 1222 μὲν
2888 1154 3179 1224 πέπρακτο
3208 1153 3362 1207 τόνδε
3392 1154 3488 1207 τὸν
3517 1152 3721 1222 τρόπον
3747 1167 3760 1181 ·

503 1234 809 1302 Imperator
830 1242 1009 1290 autem
1036 1235 1164 1291 dum
1205 1248 1435 1292 conatur
1467 1238 1689 1308 assequi

2412 1242 2470 1295 '0
2495 1241 2542 1295 δ’
2576 1244 2955 1315 αὐτοκράτωρ,
2984 1244 3062 1309 ῶς
3084 1244 3242 1315 ἔφην,
3284 1245 3624 1313 ἀπηγμένος

507 1323 753 1393 legiones
784 1340 932 1393 suas,
973 1336 1032 1380 ut
1061 1327 1196 1396 dixi,
1238 1329 1628 1399 praecedentes,

2401 1331 2572 1397 Ἰλαις
2601 1332 2878 1386 συνελθεῖν
2901 1336 3024 1396 ταῖς
3046 1333 3574 1404 προηγησαμέναις.

505 1432 535 1467 a
559 1414 751 1470 Turcis
786 1417 1069 1473 vetabatur
1094 1418 1324 1474 ulterius
1351 1420 1625 1488 progredi,

2225 1424 2368 1481 4530
2408 1421 2677 1494 Τούρκοις
2701 1426 2930 1493 πορείας
2958 1425 3209 1497 εἴργεται
3239 1425 3341 1496 τῆς
3366 1426 3448 1488 είς
3476 1423 3692 1492 πρόσω,

506 1522 605 1561 nec
644 1508 910 1565 acervatis
949 1511 1127 1566 minus
1152 1511 1535 1567 cadaveribus.

2397 1517 2566 1570 Οὐδὲν
2596 1517 2654 1570 δὲ
2693 1520 2845 1586 μεῖον
2879 1519 2976 1571 καὶ
3011 1518 3271 1582 κολωνοῐς
3300 1514 3622 1588 πτωμάτων

504 1598 707 1654 Tamen
738 1599 988 1657 dilliciles
1004 1603 1276 1658 eluctatus
1312 1604 1481 1669 locos,

2403 1611 2598 1680 Ὅμως
2627 1609 2854 1664 διελθὼν
2882 1612 3192 1683 δυσπόρους
3228 1610 3381 1683 μόλις
3413 1612 3624 1675 τόπους

505 1707 607 1746 nec
644 1702 887 1747 torrente
915 1705 1173 1763 superato
1204 1694 1368 1750 ﬂuvio
1396 1733 1412 1761 ,

2400 1702 2511 1755 Καὶ
2534 1701 2627 1755 τὸν
2657 1698 3040 1773 παραρρέοντα
3062 1704 3371 1775 χειμάρρου
3406 1704 3529 1773 ῥόον

502 1781 610 1836 alio
640 1792 693 1839 et
722 1782 979 1850 adjuncto
1011 1783 1378 1839 Romanorum
1409 1784 1570 1854 globo
1590 1824 1608 1850 ,

2118 1843 2159 1866 η
2398 1794 2511 1847 Καὶ
2542 1793 2731 1863 στίφος
2751 1793 2881 1847 ἄλλο
2921 1792 3229 1866 Ῥωμαϊκὸν
3256 1796 3446 1859 ἁλίσας

500 1875 664 1938 viam,
690 1883 748 1929 ut
772 1884 1007 1945 poterat,
1039 1876 1355 1932 absolvebat
1384 1843 1669 1944 reliquam.
2098 1868 2101 1871 ’

2098 1843 2160 1899 ’⁸
2220 1886 2364 1942 ιδδδ
2399 1843 3510 1961 15;:ag;;.'i;.‘..‘.:,:;;;;;;;;;g..

498 1965 669 2032 Quem
698 1976 1067 2023 transeuntem
1103 1967 1415 2037 conspicata
1455 1966 1690 2036 phalanx
1866 2044 1869 2050 Ἰ
1966 2004 1969 2005 ν

1966 2004 1969 2005 ν
2310 1974 2315 1981 ’
2400 1977 2497 2029 ⁸ον
2529 1977 2794 2047 παριόντα
2834 1975 3143 2050 βαρόαρική
3175 1997 3261 2043 τις
3290 1979 3509 2050 φάλαγξ

495 2058 737 2112 Arabum
766 2059 1011 2128 equitum
1032 2058 1313 2129 splendide
1329 2070 1646 2114 ornatorum
1675 2095 1691 2121 ,
1866 2044 1869 2051 ’

2397 2044 2620 2130 Ἵπποις
2660 2044 2946 2138 ὁπλισμοῖς
2979 2044 3266 2141 ἐκπρεπὴς
3301 2044 3621 2143 ἓΔῤῥαὸίοις

496 2152 606 2204 ruit
635 2152 688 2207 in
718 2150 895 2223 ipsum
919 2151 1158 2207 violento
1185 2168 1351 2207 cursu

2396 2156 2608 2223 Ίδοῦσ’,
2644 2159 2730 2211 ἐπ’
2762 2160 2928 2213 αὐτὸν
2956 2160 3221 2231 ὲμμανῶς
3247 2178 3365 2225 πως
3392 2163 3631 2225 συνέθει,

498 2254 557 2295 ιιι
587 2245 741 2312 quasi
773 2246 952 2314 praeda
984 2245 1253 2315 potiretur
1281 2244 1448 2299 illico.

2416 2249 2503 2311 Ὠς
2538 2249 2767 2320 θήραμα
2793 2250 3100 2306 σπεύδουσα
3133 2253 3273 2307 τόνδ’
3304 2255 3449 2308 ἑλεῖν
3476 2254 3643 2324 τάχα.

495 2336 546 2389 ls
582 2351 710 2389 vero
744 2337 996 2391 hortatus
1023 2337 1240 2391 animos
1271 2352 1500 2392 suorum

2219 2336 2363 2393 4540
2408 2339 2468 2391 '0
2501 2339 2545 2391 δ’
2575 2339 2894 2409 άρῤενώσας
2923 2340 3034 2394 τῶν
3060 2342 3328 2397 συνόντων
3361 2343 3461 2407 τὰς
3486 2346 3695 2414 φρένας

497 2430 848 2484 barbaricum
876 2429 1209 2499 manipulum
1234 2428 1365 2505 vicit
1397 2427 1579 2484 facile.

2406 2430 2732 2494 Ὀδοστάτας
2755 2432 2958 2501 ἥττησε
2988 2433 3163 2503 ῥᾷστα
3200 2431 3543 2505 Βαρδάρους.

497 2523 766 2577 Paulatim
794 2533 975 2577 autem
1009 2521 1259 2590 lentoque
1296 2502 1653 2591 progrediens

2393 2523 2555 2576 Κατὰ
2582 2523 2757 2594 βραχὺ
2784 2523 2844 2577 δὲ
2881 2502 3202 2595 συμπροῖὼν
3225 2502 3322 2579 καὶ
3362 2502 3532 2597 βάδην

497 2617 657 2669 litt)th
681 2625 911 2670 cruenta
948 2628 1126 2684 pugna
1148 2614 1436 2669 decertans
1455 2654 1469 2678 ,

2394 2613 2506 2667 Νῦν
2539 2616 2639 2686 μὲν
2695 2618 2844 2686 νόμῳ
2894 2616 3075 2689 μάχης
3102 2633 3161 2671 τε
3195 2620 3291 2671 καὶ
3326 2618 3454 2687 μεθ’
3485 2618 3759 2689 αἱμάτων,

497 2709 660 2763 modo
680 2707 846 2762 etiam
876 2707 1033 2762 hoste
1056 2706 1221 2770 liber,
1249 2706 1316 2760 ad
1341 2716 1645 2759 extremum

2406 2707 2656 2779 Ἐνιαχοῦ
2682 2708 2740 2762 δὲ
2771 2710 2867 2762 καὶ
2910 2710 3092 2780 μάχης
3119 2710 3288 2765 πάλιν
3312 2712 3439 2782 δίχα

496 2816 692 2871 magno
717 2816 839 2855 cum
870 2798 1066 2870 gaudio
1095 2798 1160 2853 ad
1192 2813 1321 2854 suos
1347 2797 1593 2865 pervenit
1624 2814 1637 2850 :

2213 2800 2355 2855 4545
2394 2800 2770 2870 Τρισάσμενος
2808 2800 3049 2870 μέμικτο
3076 2803 3193 2865 τοῖς
3222 2800 3613 2871 ποθουμένοις,

495 2896 584 2959 qui
611 2893 831 2961 quidem
851 2891 985 2947 nihil
1012 2890 1230 2961 gravius
1249 2890 1503 2945 dolebant
1524 2928 1540 2953 ,

2391 2889 2470 2945 Ού
2506 2890 2709 2960 μᾶλλον
2730 2890 2911 2944 αὐτῶν
2936 2891 3353 2962 δυσχεραίνουσι
3381 2893 3545 2964 χάριν

494 3004 654 3055 quam
686 2987 809 3054 quia
842 3001 964 3039 cum
999 2983 1131 3053 ipsis
1167 2998 1274 3037 non
1302 2984 1518 3038 adesset
1538 2981 1745 3047 Caesar,
2044 2975 2055 2983 ’

2044 2975 2055 2983 ’
2388 2982 2572 3053 Ἤπερ
2599 2981 2668 3034 δι’
2698 2981 2863 3035 αὑτὸν
2898 2981 2973 3052 μὴ
3021 2982 3267 3053 παρόντα
3299 2984 3422 3046 ταῖς
3447 2982 3621 3049 ῐλαις,

495 3091 824 3146 summoque
851 3083 1007 3131 erant
1037 3085 1180 3128 metu
1205 3074 1452 3129 solliciti.

2403 3071 2710 3138 Ἀγωνιῶσι
2743 3072 2839 3124 καὶ¹
2866 3071 3132 3125 δεδοικόσι
3159 3071 3388 3143 σφόδρα.

496 3174 637 3225 Ante
668 3184 830 3239 quam
865 3175 1045 3221 autem
1079 3166 1401 3220 misceretur
1429 3165 1546 3220 suis

2108 3176 2150 3234 ε
2393 3160 2578 3230 Μήπω
2609 3161 2667 3214 δε
2693 3163 2806 3224 τοῖς
2834 3161 3079 3231 τάγμασι
3116 3160 3397 3232 συμμίξας
3424 3162 3680 3233 κράτωρ,

497 3260 710 3317 Maurici
738 3260 883 3315 rivos
913 3258 1269 3313 decurrentes
1304 3268 1497 3312 nactus

2214 3251 2355 3306 4550
2388 3250 2532 3321 Ἀλλ’
2563 3250 2621 3303 ἐν
2650 3252 3025 3323 παραρρέοντι
3063 3253 3354 3324 χειμάρρῳ
3385 3253 3567 3307 πελων

475 3371 634 3424 aqua
666 3356 846 3410 levare
867 3352 1187 3423 depoposcit
1216 3351 1366 3405 sitim
1397 3367 1411 3403 :

2390 3343 2545 3395 Πιείν
2571 3342 2715 3412 ὕδωρ
2741 3342 2913 3413 ᾔτησε
2950 3343 3185 3414 διψήσας
3212 3347 3359 3415 μέγα
3383 3360 3397 3377 ·

496 3463 728 3518 cumque
753 3450 801 3502 ei
831 3447 1096 3516 quispiam
1132 3460 1325 3513 aquam
1358 3444 1665 3507 obtulisset,

2388 3434 2500 3486 Kal
2522 3451 2607 3499 τις
2630 3433 2774 3504 ὕδωρ
2805 3436 3036 3504 ἤνεγκεν
3066 3437 3218 3507 αὺτῷ
3247 3439 3389 3509 πρὸς
3407 3440 3567 3494 πόσιν
3594 3455 3608 3470 ι

496 3544 598 3597 hac
630 3538 1040 3593 summislabris
1070 3536 1262 3591 leviter
1289 3546 1523 3606 gustata,

2390 3525 2616 3588 Σπάσας
2642 3526 2701 3580 δὲ
2729 3526 2881 3580 τοῦδε
2904 3528 2999 3582 καὶ
3029 3529 3368 3599 περικλύσας
3396 3532 3571 3604 στόμα

416 3656 419 3659 λ
495 3633 679 3688 statim
711 3646 776 3686 ex
810 3645 905 3684 ore
936 3630 1199 3697 reliquam
1233 3628 1499 3697 projecit,

2392 3616 2467 3670 Τὸ
2501 3616 2689 3671 λοιπὸν
2717 3617 2780 3670 ὲκ
2811 3619 3083 3689 στόματος
3103 3623 3258 3691 ἐκχεῖ
3285 3623 3384 3676 σὺν
3410 3623 3592 3694 τάχει,

498 3740 595 3779 ceu
625 3722 672 3776 si
709 3731 868 3792 potus
895 3720 986 3774 ille
1016 3734 1122 3773 non
1153 3720 1507 3774 descenderet

2210 3708 2355 3763 4355
2406 3706 2494 3770 Ὠς
2527 3707 2622 3761 τοῦ
2653 3709 2910 3772 ποθέντος
2937 3710 3013 3782 μὴ
3038 3712 3518 3784 κατωλισθηκότος

496 3818 564 3872 ad
596 3818 762 3870 imuut
796 3813 1136 3869 stomachum
1163 3813 1431 3868 renitente
1448 3814 1767 3885 wsuphago.

2390 3805 2472 3857 Δι’
2498 3804 2798 3873 οῖσοφάγου
2830 3806 2968 3877 πρὸς
2992 3808 3061 3862 τὰ
3088 3807 3239 3864 κάτω
3267 3809 3499 3873 κοιλίας.

495 3910 615 3964 be
652 3909 739 3962 ubi
767 3907 984 3976 agnovit
1017 3906 1242 3960 tinctam
1277 3921 1470 3975 aquam
1498 3905 1649 3970 tabo,

2395 3891 2531 3949 Εἶτα
2571 3895 2733 3950 ποτὸν
2779 3899 2940 3965 γνοὺς
2973 3899 3437 3973 συμπεφυρμένον
3464 3898 3650 3972 λύθρῳ

507 4000 790 4069 ingemuit,
824 3998 927 4053 sibi
960 3998 1100 4052 haud
1131 3996 1403 4067 placuisse
1431 3998 1623 4052 dicens

2402 3986 2880 4056 ᾝμωξεν,,εἰπὼν
2910 3991 2973 4044 ού
3005 3990 3187 4054 καλῶς
3213 3994 3540 4059 γεγευκέναι

494 4109 690 4157 aquam
742 4090 1054 4145 Christiano
1078 4091 1341 4159 sanguine
1367 4089 1641 4142 fwdatan'.
1764 4161 1769 4165 ς

2401 4078 2822 4150 ’Υδατοφύρτων
2845 4081 3193 4151 Χριστιανῶν
3224 4084 3500 4153 αἱμάτων.

493 4182 628 4235 Tum
660 4180 874 4250 quidem
905 4193 1139 4248 praesens
1168 4180 1531 4246 importunus,
1561 4174 1756 4238 audax,

2214 4168 2354 4224 4560
2393 4169 2500 4223 Καί
2527 4187 2613 4233 τις
2642 4171 2933 4241 παρεστὼς
2972 4174 3164 4245 ίταμδς
3194 4174 3402 4244 θρασὺς
3433 4177 3581 4244 τότε,

493 4274 780 4343 impudens
811 4271 1018 4324 blatero
1047 4280 1102 4324 et
1137 4268 1317 4337 lingua
1352 4268 1751 4334 intemperans,

2395 4261 2507 4330 Τὴν
2533 4262 2780 4329 γλῶτταν
2809 4264 3130 4332 ἀκόλαστος,
3160 4267 3407 4337 ἀναιδὴς,
3442 4269 3626 4336 λάλος,

496 4366 672 4421 Semei
704 4362 946 4418 novellus
971 4360 1275 4431 conviciari
1302 4358 1523 4421 solitus,

2393 4352 2553 4407 Κατὰ
2580 4354 2777 4424 Σεμεεὶ
2802 4354 3058 4426 λοιδορεῖν
3080 4359 3415 4428 εἰθισμένος,

493 4463 575 4514 sic
618 4457 825 4513 christo
862 4452 1074 4507 Domini
1104 4449 1270 4519 cwpit
1309 4448 1635 4503 maledicere
1665 4461 1680 4498 :

2102 4502 2148 4520 λ
2391 4444 2614 4515 Χριστῷ
2645 4445 2854 4516 Κυρίου
2883 4446 3291 4518 λοιδορούμενος
3313 4449 3497 4520 λέγει·

491 4549 642 4605 llattd
671 4564 811 4604 nunc
840 4546 1099 4616 primum,
1135 4541 1228 4597 sed
1261 4551 1419 4595 antea
1446 4553 1613 4609 smpe,

2101 4502 2154 4561 υ
2391 4502 2506 4590 Ούκ
2522 4502 2646 4607 ἄρτι
2670 4502 2923 4606 πρώτως,
2950 4502 3084 4594 ἀλλὰ
3107 4502 3397 4610 πολλάκις,
3413 4502 3572 4613 άναξ,

489 4643 706 4712 plenum
734 4651 947 4695 cratera
976 4632 1411 4689 Christianorum
1452 4628 1714 4699 sanguine
1920 4674 1931 4685 .

1929 4678 1931 4685 ,
2212 4625 2355 4679 4505
2392 4626 2584 4696 Ιιλήρη
2618 4628 2871 4698 κρατῆρα
2898 4630 3244 4699 Χριστιανῶν
3280 4636 3536 4705 αίμάτων

488 4734 693 4798 ιιίιιίειί,
726 4730 970 4788 subditos
993 4727 1256 4781 dii'exans
1286 4721 1537 4794 populos,

2398 4718 2670 4788 Ὑπήκοον
2698 4720 2805 4772 πᾶν
2832 4720 3227 4791 καλαμὼμενος
3259 4724 3434 4789 πίνεις
3456 4745 3474 4761 ⁸

489 4837 740 4883 maturus
772 4822 939 4879 veluti
969 4833 1224 4876 racemus
1255 4814 1660 4882 comprimitur,

2393 4813 2465 4864 "ll
2493 4810 2591 4864 καὶ
2618 4809 2913 4881 πεπείρους
2939 4812 3081 4866 καθὰ
3112 4813 3414 4870 συνθλίὸων
3446 4817 3648 4888 βότρυς

487 4934 583 4990 per
609 4916 937 4973 tributorum
960 4909 1207 4981 gravium
1229 4905 1544 4962 exactiones

2385 4899 2721 4972 Είσπράξεσι
2747 4902 2930 4972 φόρων
2961 4918 3021 4955 τε
3058 4904 3151 4958 καὶ
3177 4905 3352 4959 τελῶν
3386 4907 3546 4977 βάρει

487 5017 686 5078 potans
713 5002 929 5058 illorum
962 4997 1307 5051 abundanter
1336 4991 1679 5062 sanguinem.

2383 4994 2627 5063 Αἵματος
2657 4992 2838 5046 αὐτῶν
2871 4995 3088 5066 ὲμφορῇ
3113 4997 3463 5068 κατακόρως.

488 5096 638 5151 Tulit
671 5094 942 5163 patienter
973 5086 1155 5142 Caesar
1186 5085 1325 5138 lianc
1355 5083 1658 5147 vesaniam,

2207 5087 2349 5142 4570
2400 5087 2457 5138 ὐ
2483 5084 2525 5136 δ’
2556 5085 2780 5155 ἡμέρως
2813 5085 3013 5154 ἤνεγκε
3044 5088 3145 5156 τὴν
3178 5090 3492 5160 παροινίαν,

486 5204 586 5241 ιιιύ
609 5191 799 5239 contra
834 5178 1050 5250 quidem
1082 5174 1378 5244 quidquam
1405 5172 1712 5226 mussitavit

2399 5174 2764 5239 Ἀνεξικάκως
2795 5176 3126 5247 τονθορύσας
3156 5182 3428 5250 μηδόλως,

486 5276 635 5330 ruitis
664 5270 982 5333 monarelta,
1022 5281 1119 5321 nec
1146 5261 1447 5320 infreutluit
1472 5261 1749 5317 dentibus.

2383 5260 2526 5337 Μηδ’
2555 5266 2647 5318 ὑπ’
2668 5266 2853 5320 ὀδόντα
2879 5267 3084 5337 γρύξας
3109 5272 3137 5323 ό
3165 5271 3347 5342 πραΰς
3377 5275 3531 5341 ἄναξ.

486 5378 685 5430 lterum
714 5368 899 5424 Caesar
934 5366 1060 5419 dum
1086 5362 1295 5417 videret
1329 5359 1576 5417 sacculos

2385 5358 2493 5409 Καὶ
2530 5353 2693 5407 πάλιν
2717 5355 2882 5408 αὐτοῦ
2920 5358 3260 5429 καθορῶντος
3294 5362 3568 5429 θυλάκους

488 5461 689 5536 publici
722 5458 931 5514 nummi
967 5452 1219 5510 custodes
1256 5454 1416 5520 diripi

2383 5446 2527 5509 Τοὺς
2557 5445 2652 5499 τοῦ
2679 5447 2885 5536 χρυσοῦ
2917 5450 3163 5519 φύλακας
3186 5455 3641 5528 ἑκρηγνυμένους

490 5535 520 5613 a
552 5553 996 5628 persequentium
1035 5547 1401 5604 Barbarorum
1435 5547 1659 5631 impetu,

2203 5536 2343 5594 4575
2395 5536 2487 5626 Ἐκ
2517 5535 2853 5606 θρασύτητος
2886 5543 2977 5593 καὶ
3001 5541 3121 5611 βίας
3148 5545 3246 5611 τῆς
3272 5547 3603 5621 Βαρϐάριυν,

491 5665 652 5721 atque
683 5651 748 5705 ad
784 5647 1005 5704 tutelam
1040 5647 1352 5700 hortaretur
1381 5658 1528 5707 suos,
1659 5638 1664 5647 ⁸

2380 5631 2488 5681 Καὶ
2518 5632 2642 5692 τοὺς
2664 5631 2858 5685 ἑαυτοῦ
2887 5635 3215 5704 ρωννύοντος
3250 5641 3323 5705 ὡς
3356 5645 3475 5698 δέον

489 5761 681 5815 nempe
707 5755 759 5796 ut
782 5744 958 5797 aliena
989 5739 1143 5811 pulsa
1174 5738 1223 5792 vi
1256 5743 1540 5792 serVareut

2394 5719 2450 5772 Ἐ
2463 5722 2777 5774 πεισπεσεῖν
2806 5725 2865 5775 τέ
2887 5742 3038 5794 eam
3063 5733 3157 5783 καὶ
3199 5736 3437 5790 κτᾶσθαι
3466 5740 3599 5793 τάδε

489 5813 724 5889 l'utttram
759 5833 888 5903 ipsis
922 5830 1109 5885 utilem
1134 5828 1420 5898 pecuniam
1448 5838 1469 5878 :

2386 5813 2641 5879 Ἄμεινον
2679 5813 2876 5881 αὐτῶν,
2909 5827 3335 5899 συμφερώτερον
3363 5832 3531 5896 πάνυ,
