4070 6522
310 432 400 496 ῙἸἾ
1240 494 1252 505 ,
1722 445 1917 505 C/ESA

1985 444 2076 507 ES
3431 437 3535 503 ΠΒ
3581 488 3583 490 .

504 537 662 607 Αὖθις
690 544 920 609 ἐπιστὰς
948 550 973 600 ὁ
1007 548 1216 617 θρασὺς
1250 553 1615 621 μωμοσκόπος
1889 557 1939 616 Α
1967 563 2103 616 denu

1303 553 1615 621 »μοσκόπος
1889 557 1939 616 Α
1967 563 2140 616 denuo
2173 570 2355 617 astans
2387 563 2474 618 ille
2508 566 2676 616 audax
2720 562 2910 616 nebulo

340 633 471 686 435.0
519 633 870 704 Ἐλοιδορεῖτο
893 639 971 708 τῷ
1002 643 1290 712 κρατάρχῃ
1319 644 1410 696 καὶ
1439 644 1622 709 πάλιν,

507 729 733 782 Ἀνακτι
761 733 926 787 Δαϐὶδ
961 736 1155 805 Σεμεεὶ
1191 739 1333 790 καθά
1367 738 1535 792 πάλαι
1564 756 1576 768 ’

512 815 684 870 Ἐκὼν
719 823 850 890 πρὶν
883 823 1051 894 ἐχρῆν
1086 824 1260 879 ταῦτα
1308 826 1598 897 Ῥωμαίοις
1629 827 1838 898 νέμειν,

500 909 711 963 Οὔκουν
744 930 807 980 γε
843 918 982 979 νυνὶ,
1005 917 1278 989 δυσχερὴς
1313 920 1504 989 κτῆσις
1539 922 1646 974 ὅτεο

509 1004 570 1056 El
599 1005 645 1057 δ’
674 1006 837 1067 αὐτὸς
867 1008 1004 1078 ἀνὴρ
1032 1012 1325 1082 τυγχάνεις
1356 1012 1432 1065 ὢν
1469 1014 1652 1082 ἰσχύος

338 1094 472 1150 4585
515 1095 861 1164 Ἥρπαγμέν’
891 1100 1175 1155 ὰνάσωσον
1201 1103 1402 1157 Λῦσοσι
1433 1104 1620 1158 πάλιν.

515 1185 572 1240 ’0
602 1187 650 1239 δ’
677 1185 746 1242 αὖ
775 1192 1067 1259 προσηνῶς
1107 1195 1381 1264 κερτόμου
1419 1197 1572 1266 φέρει
1601 1195 1792 1264 λόγους

511 1277 599 1341 Ὠς
629 1281 814 1347 κωφὸς
837 1284 1160 1355 αὐτόχρημα
1198 1287 1270 1356 μὴ
1302 1288 1479 1340 κλύων
1515 1290 1673 1350 ὅλως.

504 1370 654 1424 Ἐπεὶ
688 1373 742 1426 δὲ
781 1375 943 1428 παύει
973 1377 1069 1442 νὺξ
1099 1380 1396 1432 ἐπελθοῦσα
1429 1381 1631 1451 μάχην.

506 1460 767 1530 Καϐἦστο
807 1466 914 1528 πᾶς
947 1467 1246 1537 ἔμφροντις
1272 1471 1558 1539 ἀσχάλλων
1597 1477 1739 1543 μέγα

339 1552 469 1606 4590
516 1553 603 1605 Ἑν
629 1555 708 1622 νῷ
744 1559 1036 1628 προαθρῶν
1068 1560 1158 1613 τὸν
1189 1564 1548 1634 προκείμενον
1576 1571 1760 1637 μόρον.

516 1644 573 1697 Ὀ
587 1645 631 1698 δ’
650 1647 1009 1720 αὐτοκράτωρ
1039 1653 1138 1722 τῆς
1157 1655 1354 1724 φρενὸς
1387 1658 1480 1711 καὶ
1515 1658 1608 1712 τοῦ
1638 1662 1867 1731 κράτους

514 1736 768 1804 Ἀναξίαν
805 1740 1010 1810 ἔφρασε
1047 1745 1242 1814 βουλὴν
1280 1749 1338 1800 ἐν
1380 1751 1552 1820 μέσῳ,

503 1824 597 1891 Οἷς
633 1825 748 1900 εἶχε
782 1832 1008 1902 Θαῤῥεϊν
1044 1836 1270 1907 ἀνδράσι
1306 1839 1686 1911 βουληφόροις·

512 1921 576 1975 ἸΙ
608 1922 655 1976 δ’
673 1920 742 1994 ἦν
777 1924 1015 1996 λαθραία
1046 1929 1312 2000 δυσκλεὴς
1335 1933 1482 2000 φυγὴ
1519 1935 1755 2003 νύκτωρ,

343 2006 475 2062 4595
511 2009 717 2078 Ψυχῶν
753 2011 812 2064 δὲ
848 2012 1054 2066 λοιπῶν
1083 2017 1350 2088 ἐπαγωγὴ
1376 2021 1509 2089 πρὸς
1542 2023 1726 2090 μόρον,

509 2103 646 2169 Πρὸς
680 2104 1060 2173 αἰχμαλωσίαν
1091 2124 1148 2159 τε
1182 2109 1638 2183 δυστυχεστάτην,

512 2195 613 2246 Ἦν
646 2195 755 2257 πᾶς
782 2195 1066 2264 διωλύγιον
1102 2198 1296 2268 ᾤμωξε
1329 2202 1530 2266 κλύων,

509 2284 615 2338 Καὶ
649 2284 862 2355 βαρέως
893 2287 1094 2356 ἤνεγκε
1125 2291 1190 2342 τὰ
1217 2293 1537 2362 δεδογμένα,

516 2375 1008 2445 Παραςρρονοῦντος
1043 2380 1139 2450 οὐχ
1171 2382 1362 2450 ὑγιοῦς
1391 2385 1656 2440 δεσπότου

350 2459 484 2514 £600
522 2460 594 2513 Τδ
626 2465 852 2533 σκέμμα
885 2469 1076 2536 κρίνας
1109 2470 1202 2522 καὶ
1234 2475 1570 2543 κατακρίνας
1606 2478 1791 2535 πλέον.

511 2550 726 2614 Τούτοις
758 2554 1051 2624 μαλαχθεὶς
1083 2559 1336 2629 Μανουὴλ
1367 2563 1463 2630 τὴν
1505 2567 1739 2636 καρδίαν

515 2643 616 2694 Καὶ
645 2644 791 2712 σχὼν
821 2646 1078 2716 λογισμὸν
1113 2651 1366 2720 ποιμένος
1403 2655 1494 2707 καὶ
1544 2660 1869 2727 προστάτου,

513 2735 677 2787 ιΙάντ⁹
714 2729 866 2789 ὦπτο
909 2740 1000 2790 καὶ
1048 2740 1190 2809 δρῶν
1230 2743 1323 2793 καὶ
1362 2744 1536 2812 λέγων
1564 2749 1696 2818 πρὸς
1742 2766 1878 2818 συμ-

1660 2839 1872 2912 [φέρον.

512 2919 644 2984 Θεδς
686 2922 730 2974 δ’
754 2925 782 2976 ὁ
812 2926 984 2979 ποιῶν
1020 2927 1195 2982 πάντα
1227 2931 1316 2984 καὶ
1353 2932 1728 3002 μετατρέπων,

346 3010 486 3066 £605
532 3011 590 3066 ὐ
624 3017 908 3082 μαστιγῶν
931 3035 989 3070 τε
1023 3021 1119 3072 καὶ
1149 3019 1469 3091 Θεραπεύων
1508 3024 1694 3085 πάλιν,

516 3102 580 3159 ’0
615 3105 865 3161 θανατῶν
903 3127 958 3162 τε
996 3112 1091 3164 καὶ
1119 3113 1288 3182 πνοὴν
1333 3112 1490 3177 αὖθις
1528 3117 1730 3183 νέμων,

525 3195 584 3250 'o
614 3197 811 3265 ῥάϐδον
839 3200 1006 3268 ἀφεὶς
1037 3203 1248 3255 ἀσεϐῶν
1279 3204 1379 3258 οὐκ
1419 3187 1500 3267 et;
1525 3207 1677 3268 τέλος

513 3288 717 3360 Κλήρῳ
747 3294 987 3351 δικαίων,
1004 3299 1098 3348 καὶ
1132 3297 1286 3367 λάχει
1316 3301 1751 3370 Χριστωνύμων,

527 3379 585 3434 Ὀ
619 3384 753 3448 πρὶν
780 3383 1012 3437 λεόντων
1045 3387 1338 3458 ἡμερώσας
1369 3391 1429 3443 τὺ
1457 3391 1676 3459 θράσοῖ,

344 3471 478 3527 4610
514 3473 608 3526 ’ἶν’
632 3475 826 3544 ἀσινὴς
866 3478 1076 3543 γένοιτο
1104 3479 1310 3543 δίκαιος
1335 3483 1523 3542 πάλαι,

512 3566 774 3628 Κάκεῖνος
802 3561 956 3631 οὗτος
977 3571 1008 3639 ή
1019 3574 1173 3638 μεροῖ
1200 3572 1292 3624 τοῦ
1324 3575 1613 3645 Βαρϐάρου

514 3655 625 3724 Τὴν
653 3655 892 3728 θηριώδη
923 3659 1017 3711 καὶ
1058 3663 1310 3729 φονῶσαν
1345 3666 1592 3734 καρδίαν.

513 3747 816 3817 Πρεσϐείαν
847 3751 1044 3805 οὐκοῦν
1073 3755 1452 3824 ἐκπεπομφὼς
1489 3761 1768 3828 σουλτὰνο,

518 3840 758 3904 Σπονδὰς
787 3844 1011 3898 ἁπαιτεί
1036 3846 1284 3916 καθαρὰς
1315 3851 1409 3903 καὶ
1437 3854 1638 3920 φιλίαν·

341 3928 479 3985 “illi
515 3933 625 3986 Kal.
652 3933 938 3988 σπένδεται
981 3937 1044 4008 δὴ
1081 3937 1333 4007 βασιλεὺς
1365 3944 1440 4012 τῷ
1473 3946 1767 4017 σουλτάνῳο

515 4018 630 4076 Εἶτ’
657 4023 978 4090 ἀπαναστὰς
1013 4030 1124 4082 τῶν
1158 4034 1446 4101 στυγητῶν
1474 4037 1711 4106 χωρίων,

513 4115 592 4167 Δι’
629 4110 698 4186 ἧς
731 4120 972 4188 προῆκεν
1018 4121 1273 4191 ἀσμένως
1315 4125 1699 4196 ὑποστρέφων,

516 4208 748 4277 Οίκτρδν
776 4209 965 4277 βλέπει
995 4213 1173 4283 Θέαμα
1204 4217 1400 4284 μεστὸν
1422 4217 1695 4289 δακρύων,

513 4299 623 4352 Καὶ
656 4303 945 4372 συμφορὰν
977 4305 1247 4359 οἴκτιστον
1271 4308 1428 4372 ἀξίαν
1458 4310 1621 4377 γόων,

343 4388 476 4444 ιδαο
515 4390 834 4460 Τραγῳδίαν
854 4397 902 4447 τ’
939 4396 1180 4466 ἄρρητον
1201 4398 1339 4468 ὦμοι
1366 4400 1458 4454 τοῦ
1497 4402 1702 4464 πάθους

523 4483 796 4556 Ἰερεμίου
826 4489 923 4557 τῆς
954 4490 1234 4558 φιλοίκτου
1265 4495 1497 4564 καρδίας

513 4576 642 4647 Τῇδ⁹
668 4579 736 4632 ἂν
763 4581 1168 4650 ἁποχρήσοντος
1194 4586 1272 4647 είς
1305 4586 1609 4656 Ορηνῳδιαι

530 4669 626 4730 ’ος
656 4668 869 4735 ὲξισοῦν
893 4672 1104 4727 κάτοιδε
1137 4675 1332 4729 πάθεσι
1360 4678 1540 4744 γόους·

524 4761 760 4832 Ὡρῶντο
791 4765 901 4835 γὰρ
932 4765 1240 4837 φάραγγες,
1274 4769 1435 4840 ἄλση,
1462 4771 1730 4836 κοιλάδες,

343 4851 474 4906 4625
513 4854 698 4920 Πεδία,
731 4857 940 4926 τέμπη,
964 4857 1058 4912 καὶ
1094 4861 1286 4922 νάπαι,
1318 4863 1414 4914 καὶ
1445 4864 1714 4934 χαράδραι

513 4946 633 5000 Τῶν
664 4950 1006 5019 νεκριμαίων
1043 4953 1314 5022 σωμάτων
1345 4957 1728 5027 πεπλησμέναι

523 5041 610 5103 Ὠς
643 5043 724 5104 είς
764 5042 1001 5096 κολωνὸν
1037 5043 1577 5115 ὑπερανῳκισμέναι.

513 5135 622 5187 Καὶ
655 5135 926 5204 κειμένων
958 5137 1065 5200 πᾶς
1092 5132 1161 5206 ἦν
1192 5141 1539 5208 σεσειρμένος
1569 5141 1733 5212 δέρας

512 5227 588 5278 To
611 5227 710 5293 τῆς
747 5228 1018 5298 κορυφῆς,
1050 5231 1145 5283 καὶ
1175 5231 1380 5299 φαλοὺς
1414 5238 1778 5306 τετμημένος·

344 5317 479 5373 4650
526 5318 614 5380 Ὠς
641 5314 712 5390 ἦν
738 5320 959 5376 ὀκούειν
993 5321 1288 5394 βαρϐάροις
1321 5331 1731 5399 πεπραγμένον,

525 5410 617 5476 Ὠς
645 5412 714 5466 ἂν
745 5413 806 5468 τὸ
838 5415 1006 5468 νικῶν
1030 5417 1328 5486 ἀμφίδοξον
1358 5421 1624 5492 τυγχάνῃ.

525 5505 901 5578 Ἐκατέρωθεν
928 5505 1138 5579 μυρίων
1161 5510 1550 5563 πεπτωκότωντ

519 5599 707 5669 Ὅμως
739 5598 992 5670 βασιλεὺς
1018 5601 1270 5670 meum;
1304 5603 1488 5667 Χώνας
1510 5605 1687 5669 πόλιν,

524 5690 726 5744 Ἐκείσ’
754 5691 1079 5762 ἐνηυλίσατο
1109 5694 1208 5748 σὺν
1236 5694 1437 5759 πάσαις
1469 5697 1629 5762 ἴλαιςι
1687 5756 1691 5759 ι

347 5780 486 5836 4655
525 5785 698 5838 Αὐτόν
729 5803 788 5838 τε
817 5786 1044 5855 στρατὸν
1082 5789 1378 5841 ἀναπαύων
1407 5792 1468 5843 ἐκ
1493 5793 1687 5845 πόνων·

520 5871 630 5930 Εἶτ’
664 5880 739 5936 εἰς
775 5880 1160 5939 Φιλαδελφείαν
1183 5878 1281 5953 ἦγε
1319 5883 1414 5953 τὴν
1450 5886 1616 5952 πόλιν,

1972 666 2108 706 novo
2134 653 2380 708 convicio
2409 667 2589 722 regem
2624 651 2966 715 verberabat,

1968 743 2114 796 velut
2149 743 2236 799 ille
2264 742 2444 804 _Scmei
2476 742 2747 810 quondam
2780 741 3030 795 Davidem
3067 757 3078 791 :

1970 836 2172 905 Sponte
2205 837 2489 906 oportebat
2520 835 2666 888 hunc
2693 834 2845 888 nobis
2870 841 3025 886 antea
3060 843 3380 884 nummum-

1969 928 2122 990 dare,
2165 942 2268 980 non
2303 943 2447 981 nunc
2480 940 2620 994 aegre
2649 923 3044 992 recipiendum.

1969 1019 2123 1086 Quod
2159 1018 2202 1073 si
2237 1027 2289 1072 tu
2320 1017 2528 1071 validus
2553 1017 2632 1070 vir
2663 1031 2721 1072 es
2753 1025 2806 1070 et
2841 1013 3006 1084 frugi,

1973 1121 2178 1180 raptam
2205 1107 2653 1179 recupera-nobis
2677 1107 2982 1176 pecuniam.

1970 1203 2149 1259 Cmsar
2174 1202 2464 1272 tranquille
2486 1201 2892 1256 conviciantem
2919 1197 3161 1267 pertulit,

1971 1297 2338 1366 praeteriitque
2361 1295 2522 1349 verba
2552 1293 2729 1349 surdis
2763 1293 3011 1348 auribus.

1973 1389 2076 1442 Sed
2113 1397 2395 1456 postquam
2423 1402 2655 1458 pugnam
2698 1401 2799 1442 nox
2833 1384 3072 1447 diremit,

1972 1480 2191 1534 sedebat
2221 1480 2590 1549 unusquisque
2615 1478 2769 1532 valde
2795 1490 3058 1538 moerens,

1975 1581 2154 1626 mente
2185 1583 2504 1642 prtesentem
2535 1570 2630 1624 fati
2661 1570 2768 1623 vim
2802 1568 3112 1623 revolvens.

1972 1665 2107 1718 Tum
2130 1667 2308 1720 Caesar
2341 1667 2522 1720 animo
2565 1678 2631 1718 ac
2662 1662 2924 1731 dignitate
2954 1674 3048 1712 sua

1879 1779 1884 1784 ·
1974 1758 2245 1827 indignam
2270 1753 2727 1825 prorsusprotulit
2761 1748 3080 1804 sententiam

1976 1849 2112 1902 inter
2147 1847 2425 1902 adstantes
2461 1845 2604 1899 viros
2632 1839 2971 1899 consiliarios
3005 1859 3016 1869 ·

1975 1955 2168 2009 nempe
2199 1949 2477 1993 nocturnis
2507 1947 2696 1990 auctor
2723 1943 2840 1990 erat
2869 1933 3006 2002 fugzn
3027 1975 3039 1997 ,

1975 2031 2084 2085 fato
2107 2031 2367 2099 permissa
2394 2030 2598 2098 reliqua
2635 2026 2980 2081 multitudine

1973 2121 2397 2189 ntiserritnzeque
2427 2117 2722 2187 captivitati
2753 2135 2765 2173 :

1973 2233 2131 2287 quam
2157 2216 2385 2286 quisque
2423 2213 2645 2265 audiens
2679 2221 3003 2279 magnopere
3025 2202 3296 2275 ingemuit-

1972 2325 2226 2380 :ngroque
2264 2309 2384 2364 tulit
2413 2306 2595 2361 animo
2623 2303 2947 2357 sententiam
2975 2320 2989 2367 ;

1977 2402 2134 2470 idque
2165 2399 2455 2453 consilium
2491 2397 2651 2449 veluti
2684 2393 3009 2448 insanientis

1974 2491 2205 2547 (laxaris
2237 2491 2508 2560 judicans,
2541 2487 2685 2541 ultro
2720 2483 3045 2553 reprobavit.

1976 2584 2116 2652 Ergo
2146 2582 2257 2653 jam
2285 2591 2515 2636 mentem
2549 2578 2760 2633 Manuel
2797 2576 3095 2631 immutans

1975 2691 2140 2744 seque
2165 2683 2433 2743 pastorem
2467 2682 2628 2740 atque
2648 2671 2836 2725 ducem
2866 2669 3112 2738 praebens

1977 2765 2102 2822 exin
2137 2764 2294 2819 saluti
2326 2764 2644 2818 consulebat
2666 2760 2910 2830 publicat.

1981 2949 2085 3003 Sed
2124 2947 2268 3003 Deus
2302 2954 2494 2999 auctor
2529 2951 2876 3010 mutatorque
2915 2955 3120 3001 rerum,

1979 3043 2163 3112 plagas
2200 3041 2480 3110 imponens
2514 3037 2862 3104 vicissimque
2889 3047 3088 3088 curans
3108 3074 3122 3097 ,

1983 3133 2312 3188 tnortiiicans
2341 3142 2396 3187 et
2422 3132 2586 3184 vitam
2621 3144 2813 3182 rursus
2847 3128 3089 3182 tribuens
3121 3145 3136 3189 ;

1904 3241 1946 3299 ε
1981 3228 2073 3297 qui
2103 3228 2306 3295 virgam
2332 3225 2480 3296 impii
2508 3238 2613 3276 non
2642 3222 2773 3276 sinit
2809 3233 3126 3291 perpetuam

1983 3330 2168 3373 contra
2197 3317 2467 3388 iustorum
2512 3324 2712 3370 sortem
2739 3315 3213 3376 Christianorum;

1981 3410 2106 3464 olim
2133 3409 2344 3480 leonum
2376 3410 2465 3478 qui
2503 3407 2737 3462 inhibuit
2773 3408 3053 3475 impetum,

1982 3513 2036 3555 ut
2063 3502 2242 3571 justus
2277 3500 2366 3554 ille
2395 3507 2635 3554 maneret
2659 3499 2979 3558 incolumis;

1982 3596 2118 3648 idem
2153 3610 2296 3648 nunc
2327 3592 2542 3646 barbari
2587 3591 2814 3646 ferinam
2847 3591 2991 3659 regis

1981 3695 2032 3739 et
2056 3683 2456 3750 sanguinariam
2498 3683 2764 3752 mitigavit
2795 3682 3054 3736 indolem.

1980 3777 2166 3845 Itaque
2193 3776 2371 3829 missis
2401 3775 2646 3829 sultanus
2680 3775 2871 3846 legalis

1979 3870 2249 3924 sincerum
2275 3867 2448 3923 fmdus
2478 3867 2734 3922 amicitia:
2769 3866 2986 3921 obtulit.

1983 3962 2074 4016 Sic
2114 3962 2259 4015 inter
2288 3960 2555 4016 Cmsarem
2597 3975 2699 4030 pax
2734 3960 3118 4027 sultanumque
3148 3960 3420 4015 convenit.

1981 4053 2107 4107 Inde
2128 4055 2429 4120 digressus,
2463 4065 2558 4120 per
2595 4051 2862 4106 infaustos
2883 4051 3029 4106 locos

1979 4143 2172 4211 quibus
2204 4150 2561 4210 processerat,
2596 4155 2738 4194 nunc
2775 4139 2965 4194 lubens
2989 4141 3283 4195 revertitur

1979 4230 2190 4285 Manuel
2209 4271 2224 4294 ,
2253 4241 2306 4284 et
2328 4231 2499 4285 cernit
2526 4231 2748 4298 lugubre
2785 4231 3175 4300 spectaculum,

1979 4321 2192 4391 dignam
2221 4321 2442 4376 inﬁnitis
2471 4331 2708 4392 stragem
2742 4322 3020 4393 lacrymis,

1980 4415 2242 4468 malorum
2278 4412 2602 4470 ineffabilem
2637 4415 2979 4486 tragoediam,

1912 4522 1956 4576 ι)
1984 4508 2069 4560 cui
2099 4508 2496 4577 gemebundnm
2523 4507 2772 4563 Ieremia:
2797 4518 2988 4578 pectus

1989 4615 2085 4666 pro
2118 4601 2311 4655 merito
2348 4599 2598 4655 deﬂenda:
2639 4615 2775 4666 opus
2806 4599 2971 4663 foret,

1983 4701 2144 4758 atque
2172 4692 2502 4760 exarquaudo
2543 4691 2806 4761 lacrymis
2838 4701 2988 4746 tanto
3023 4691 3182 4745 malo.

1981 4781 2112 4836 Nam
2152 4783 2332 4840 videre
2362 4793 2480 4838 erat
2503 4783 2710 4848 foveas,
2749 4785 2920 4850 lucos,
2954 4786 3151 4845 valles.

1979 4890 2219 4945 campos,
2241 4876 2430 4941 saltus,
2469 4878 2774 4946 voragines,
2805 4876 2990 4933 fauces
3024 4879 3312 4942 montium,

1980 4968 2277 5023 interfectis
2301 4970 2617 5039 corporibus
2642 4971 2910 5040 oppletas,

1979 5079 2206 5131 quorum
2240 5065 2415 5118 acervi
2448 5065 2646 5134 passim
2679 5067 3095 5135 censui-gebant.

1977 5155 2276 5211 Jacetttium
2309 5166 2485 5212 autem
2515 5157 2652 5210 cutis
2686 5159 2930 5211 detracta
2955 5167 3067 5211 erat

1978 5248 2266 5316 capitibus,
2297 5258 2350 5302 et
2386 5248 2563 5302 virilia
2590 5263 2808 5317 quoque
2839 5256 3056 5302 exsecta
3084 5263 3098 5310 ;

1978 5340 2337 5394 barbarorum
2372 5355 2526 5408 Opus,
2554 5355 2620 5393 ne
2646 5340 3007 5394 circumcisus
3041 5341 3210 5391 victor

1978 5448 2006 5484 a
2041 5432 2182 5486 victo
2211 5431 2592 5486 incircumciso
2613 5431 2724 5501 jam
2757 5429 3020 5492 diﬂ'erret.

1977 5524 2230 5594 quoniam
2259 5524 2509 5591 utrinque
2534 5523 2802 5576 innumeri
2823 5521 3159 5576 ceciderant.

1977 5615 2218 5683 Denique
2245 5614 2428 5669 Caesar
2449 5613 2668 5668 Cltonas
2699 5612 2886 5666 urbem
2924 5615 3116 5679 tenuit,

1977 5705 2157 5772 ibique
2180 5703 2449 5773 requievit
2477 5717 2598 5756 cum
2629 5701 2773 5755 omni
2799 5703 3064 5765 exercitu,

1975 5808 2144 5851 semet
2173 5804 2228 5852 et
2260 5797 2488 5851 militem
2519 5793 2764 5848 relaxans
2799 5794 3096 5850 laboribus.

1976 5889 2394 5959 Philadelphiam
2430 5898 2613 5957 postea
2633 5901 2978 5956 progressus,
