4070 6546
496 400 603 464 179
1604 410 2005 472 ΕΡΗΒᾸΞΜΙΙ
2047 417 2103 474 Cl

1604 410 2005 472 ΕΡΗΒᾸΞΜΙΙ
2047 417 2655 483 CURONOGRAPHI

490 513 565 567 ibt
599 513 888 594 permultis
905 515 1142 584 perstitit
1172 516 1387 572 diebus.

488 602 640 659 lllinc
677 607 971 675 praemissis
1002 608 1207 665 nuntiis
1236 607 1576 680 Byzantium,

489 709 703 750 omnem
728 696 802 750 rei
834 707 997 766 gestas
1025 699 1272 756 ordinem
1298 703 1542 769 exponit,

489 793 547 840 et
570 786 746 842 dirum
782 803 970 845 casum
997 790 1175 846 verbis
1212 808 1320 849 non
1357 795 1652 853 imminuit.

488 877 625 932 Tum
656 879 782 948 quia
822 879 1107 938 Dorilaeum
1134 899 1242 938 non
1274 885 1538 955 diruerat,

487 969 642 1039 cujus
669 974 879 1031 eversio
910 983 1026 1029 rata
1050 984 1168 1031 erat
1194 976 1418 1048 ftedere,

486 1061 631 1117 misit
648 1062 856 1134 legatos
881 1063 1130 1123 sultanus
1155 1069 1223 1123 ad
1252 1068 1544 1139 Caesarem,

487 1158 579 1225 qui
613 1158 679 1211 de
706 1156 890 1224 jurata
921 1161 1278 1218 admonerent
1304 1163 1431 1217 fide.

484 1249 669 1304 Caesar
694 1252 898 1307 coactis
928 1267 1034 1308 non
1059 1255 1310 1310 standum
1341 1255 1552 1324 dicens,

484 1431 692 1497 legatos
722 1446 781 1486 re
817 1432 1014 1489 infecta
1048 1433 1115 1488 ad
1145 1449 1269 1490 eum
1301 1437 1531 1492 remisit.

483 1522 650 1576 Persa
678 1521 885 1589 furens,
913 1525 1109 1580 iterum
1135 1527 1364 1583 collecto
1395 1529 1661 1596 exercitu,

482 1614 672 1682 viginti
702 1626 933 1684 quatuor
959 1629 1292 1674 armatorum
1331 1620 1570 1677 millibus

482 1723 546 1758 es
578 1707 844 1763 validiore
875 1709 1204 1776 delectorum
1233 1727 1483 1776 numero.

481 1811 800 1867 praeponens
832 1798 966 1866 ipsis
996 1800 1141 1857 bello
1168 1802 1407 1872 gerendo
1437 1802 1629 1858 ducem

481 1891 550 1942 de
575 1888 690 1942 suis
726 1890 993 1948 nobilibus
1025 1895 1260 1962 satrapis
1288 1911 1476 1962 unum,

481 1979 646 2035 mittit
672 1981 724 2036 in
755 1992 953 2040 nostrae
975 1987 1200 2044 ditionis
1226 1992 1388 2046 urbes

476 2088 602 2138 quae
628 2078 694 2128 ad
727 2075 1056 2134 Mmandrum
1075 2079 1277 2136 flumen
1313 2095 1437 2136 sunt
1465 2083 1675 2151 positae.

477 2165 530 2219 l’s
557 2170 661 2224 dux
697 2168 909 2226 Tralles
944 2173 1132 2227 urbem
1166 2173 1272 2229 sibi
1312 2173 1576 2239 vindicat,

479 2265 651 2319 Luma
682 2275 736 2320 et
763 2265 1111 2320 Antiochiam
1141 2267 1192 2320 itt
1227 2266 1460 2338 Phrygia
1496 2267 1684 2331 sitam,

475 2362 608 2414 item
641 2360 964 2416 Pentacbira
999 2377 1121 2417 cum
1151 2363 1390 2417 castellis
1416 2363 1640 2432 aliquot,

478 2463 642 2524 atque
662 2454 970 2510 marititnos
994 2455 1286 2526 populatur
1322 2471 1511 2525 pagos.

479 2546 586 2600 Sed
619 2547 803 2602 Caesar
832 2548 1012 2602 missis
1042 2547 1158 2602 suis
1183 2546 1538 2609 exercitibus,

481 2639 673 2693 multis
696 2639 1000 2708 legionibus
1031 2653 1154 2692 cum
1175 2639 1409 2710 egtegiis
1438 2639 1700 2704 ducibus,

479 2734 670 2790 hostes
704 2732 994 2802 praevalida
1025 2747 1185 2787 manu
1209 2733 1436 2796 cecidit;

480 2841 709 2896 quorum
741 2842 810 2880 ex
846 2834 997 2880 tanto
1028 2839 1252 2880 numero
1278 2824 1590 2893 paucissimi

476 2920 629 2975 necis
649 2930 887 2976 cruentae
913 2919 1078 2974 fatum
1109 2919 1386 2976 vitaruut:

473 3011 812 3082 multamque
839 3011 1025 3066 attulit
1054 3014 1446 3067 recreationem

473 3105 638 3159 rebus
670 3104 931 3158 Romanis
966 3104 1178 3160 facinus
1212 3119 1478 3174 praesens,

472 3196 729 3264 quoniam
763 3195 1052 3250 Persarum
1083 3195 1243 3265 fregit
1273 3199 1577 3252 audaciam.

475 3284 583 3339 Sed
608 3295 664 3339 et
691 3283 1059 3352 ClaudiOpolis
1085 3286 1188 3340 sub
1216 3285 1356 3339 idem
1390 3296 1602 3354 tempus

474 3378 544 3432 ab
567 3378 832 3447 Agarenis
854 3385 1056 3432 tentata
1087 3387 1171 3434 est
1197 3376 1266 3430 Ba
1278 3379 1476 3434 rbaris.

473 3471 700 3540 Cognita
732 3485 823 3536 re,
857 3471 1069 3525 Manuel
1094 3470 1345 3539 expedite
1373 3471 1662 3524 admodum

474 3574 639 3634 atque
661 3577 692 3616 e
713 3561 938 3629 vestigio
966 3560 1146 3616 itineri
1192 3575 1252 3615 se
1282 3560 1574 3622 commisit.

473 3652 594 3707 sine
613 3652 780 3722 regali
812 3651 973 3718 lecto,
1007 3651 1126 3706 sine
1153 3652 1376 3715 culcita,

471 3761 544 3801 ne
573 3745 845 3814 proprium
883 3745 1098 3814 quidem
1124 3745 1306 3801 ferens
1340 3745 1657 3810 tentorium,

472 3838 602 3893 du'n
632 3839 952 3892 obsessores
979 3838 1178 3907 satagit
1200 3846 1548 3907 praevertere.

471 3928 663 3999 Itaque
696 3938 886 3984 noctes
913 3927 1105 3998 agebat
1137 3929 1433 3988 insomnes,

471 4030 528 4076 et
555 4022 653 4075 viae
675 4021 840 4080 duces
858 4020 1154 4075 adhibebat
1185 4020 1465 4090 lampadas

472 4129 574 4183 per
602 4113 963 4184 Bithynorum
993 4126 1215 4181 asperas
1245 4111 1498 4181 regiones

473 4208 631 4261 valde
663 4205 930 4262 festinans
958 4206 1292 4262 destinatum
1324 4207 1449 4261 iter.

473 4297 661 4353 Sicubi
690 4297 904 4370 corpori
935 4297 1094 4366 quies
1119 4296 1402 4352 tribuenda
1439 4307 1593 4362 erat,

473 4391 772 4446 Scantnum
805 4393 1096 4461 praestabat
1115 4393 1182 4447 ad
1219 4390 1560 4446 residendum
1593 4390 1776 4458 tellus,

470 4484 940 4552 stramineumque
962 4485 1304 4552 supponebat
1323 4482 1546 4540 lectum.

471 4579 616 4649 Ergo
645 4578 978 4647 quandoque
1003 4587 1199 4633 ruente
1228 4577 1430 4647 pluvia,

471 4670 645 4724 sicubi
670 4686 767 4724 rex
798 4671 1114 4727 decreverat
1137 4674 1399 4740 dormire,

471 4763 717 4819 molestae
746 4764 978 4836 desuper
1006 4765 1328 4835 perluebant
1352 4775 1516 4835 guttae

473 4867 530 4910 et
546 4856 736 4911 subter
759 4856 910 4912 rivus
933 4873 1089 4927 aquae
1116 4858 1464 4914 decurrebat.

475 4947 731 5005 Attamen
764 4947 948 5004 Ctesar
974 4948 1146 5019 magis
1173 4949 1260 5004 his
1279 4949 1569 5019 gaudebat,

477 5057 642 5111 quant
674 5042 719 5096 si
755 5041 922 5111 regali
952 5050 1220 5098 stromate
1246 5044 1474 5110 supinus

473 5132 734 5199 curisque
760 5133 897 5186 liber
917 5133 1126 5189 somnis
1153 5133 1478 5206 indulgeret.

473 5222 714 5276 Tandem
754 5237 1080 5293 pregressus
1109 5240 1277 5294 prope
1305 5225 1697 5296 Claudiopolim

478 5314 749 5368 Barbaros
776 5313 971 5368 Persas
991 5313 1227 5383 coniecit
1250 5318 1302 5370 in
1335 5316 1544 5386 fugam,

477 5407 748 5474 simulque
780 5407 988 5463 civibus
1012 5416 1067 5462 et
1106 5408 1221 5478 agri
1249 5410 1441 5466 incolis

473 5499 728 5553 fiduciam
760 5498 943 5552 attulit
971 5509 1025 5553 et
1055 5500 1234 5555 lumen
1271 5501 1489 5557 laetitiae.

475 5593 579 5648 liic
604 5592 895 5660 itu-.perator
920 5595 1119 5648 struxit
1155 5594 1210 5648 in
1241 5593 1541 5667 Catascepe

476 5688 545 5742 ad
578 5689 690 5756 ipsa
724 5685 880 5742 Ponti
903 5687 1039 5742 ostia
1070 5691 1460 5745 monasterium

475 5780 596 5834 duci
627 5779 865 5834 fidelium
906 5779 1152 5836 Micltaeli
1179 5783 1509 5849 archangelo

479 5880 643 5945 atque
671 5871 877 5929 militiae
903 5872 1163 5944 apiritalis
1185 5874 1418 5946 principi
1453 5893 1470 5931 :

2103 535 2148 587 A

2091 1896 2130 1948 lx

2395 533 2570 584 Κάκεῖ
2594 534 2906 600 διατέτριφί
2932 537 3132 606 συχνὰς
3167 538 3404 608 ἡμέρας·

2381 622 2503 688 Ἀφ’
2527 615 2589 677 ού
2623 624 2928 694 πεπομφὼς
2959 626 3224 695 ἀγγέλους
3254 628 3571 697 Βυζαντίοις

2385 713 2465 766 Τὰ
2492 715 2874 787 συμὸεδηκότα
2899 735 2962 786 γε
2995 721 3172 774 πάντα
3200 722 3418 791 μηνύει,

3665 434 3774 499 180

2207 804 2275 857 46
2292 807 2348 856 ιο
2389 805 2497 857 Καί
2524 805 2577 874 γ’
2603 808 2942 879 ἐκτραγῳδεϊ
2966 813 3259 882 συμφορᾶς
3284 813 3452 882 δγκον
3475 814 3641 885 λόγῳ.

2393 897 2548 950 Ἐπεὶ
2571 899 2629 953 δὲ
2667 901 2964 971 Δορύλαιον
2989 903 3050 988 οὐ
3083 907 3430 976 κατεσκάφη,

2381 989 2783 1062 Καταστροφῆς
2821 1010 2885 1062 γε
2909 996 3168 1064 κειμένης
3195 999 3253 1049 ἐν
3282 999 3513 1067 ὁρκίοις,

2388 1082 2767 1150 Πρεσόεύεται
2795 1085 2860 1156 δὴ
2881 1086 3018 1156 πρὸς
3047 1086 3357 1157 κρατοῦντα
3403 1088 3713 1154 σουλτάνος,

2383 1175 2493 1230 Καὶ
2514 1175 2622 1229 τῶν
2657 1177 2792 1246 πρὸς
2819 1178 2982 1232 αὐτὸν
3010 1179 3319 1248 ἀνέμνησεν
3350 1181 3573 1250 ὁρκίων.

2205 1264 2342 1320 5625
2391 1266 2451 1320 '0
2486 1265 2532 1319 δ’
2561 1267 2622 1320 οὐ
2657 1267 2977 1340 προσίσχειν
3017 1271 3130 1334 τοῖς
3156 1269 3278 1324 κατ’
3319 1271 3568 1344 ἀνάγκην
3603 1275 3722 1344 φρά

3595 1364 3750 1437 [σας.

2381 1455 2649 1522 Πρέσσεις
2679 1455 2998 1525 ἀπράκτους
3028 1455 3413 1522 ἐξαποστέλλει
3447 1457 3633 1510 πάλιν.

2380 1545 2583 1608 “avsi;
2612 1546 2658 1598 δ’
2685 1547 2714 1599 ὁ
2740 1547 2956 1617 Πέρσης
2992 1545 3256 1617 στρατιάν
3303 1548 3607 1618 ἀποκρίνας

2383 1637 2524 1706 Πρὸς
2553 1637 2728 1691 εἴκοσι
2753 1639 3022 1709 τέτταρας
3056 1639 3470 1710 ἀριθμουμένην

2391 1729 2477 1791 Ἐς
2497 1729 2741 1799 χιλιάδας
2778 1729 3011 1799 εὐσθενῆ
3048 1733 3367 1800 ρωμαλέαν,

2206 1823 2344 1875 4650
2381 1821 2489 1873 Καὶ
2519 1821 2920 1890 ταγματάρχην
2951 1822 3066 1892 τῇδ’
3089 1822 3395 1892 ἐπιστήσας
3419 1823 3514 1875 ἕνα

2377 1912 2498 1966 Τῶν
2527 1913 2617 1982 ὐφ’
2641 1913 2836 1967 ἑαυτὸν
2875 1913 3172 1984 ἐκπρεπῶν
3205 1915 3574 1983 μεγιστάνων,

2372 2003 2509 2056 Κατ’
2544 2003 2751 2058 ἀστέων
2779 2005 3036 2075 πέπομφε
3057 2007 3156 2073 τῆς
3192 2005 3494 2075 Ῥωμαΐδος

2371 2093 2493 2151 Τῶν
2518 2093 2655 2164 πρὸς
2681 2093 2978 2163 Μαιάνδρῳ
2999 2095 3078 2164 τῷ
3113 2096 3343 2167 ποταμῷ
3372 2095 3668 2164 κειμένοιν.

2375 2187 2469 2246 Ὃς
2513 2186 2605 2237 καὶ
2645 2188 3034 2256 παρεστήσατο
3061 2186 3328 2256 Τράλλεις
3359 2186 3458 2256 τὴν
3491 2186 3675 2250 πόλιν,

2193 2277 2331 2329 415.33
2373 2275 2562 2345 Λοῦμά
2592 2276 2640 2329 τ’
2677 2276 3012 2347 ’Λντιόχειαν
3031 2278 3132 2346 τὴν
3167 2279 3301 2349 πρὸς
3330 2277 3562 2348 Φρυγίᾳ,

2371 2367 2482 2421 Καὶ
2514 2367 2853 2437 Πεντάχειρα
2887 2367 2985 2420 σὺν
3017 2369 3290 2437 ἐρύμασιν
3316 2371 3488 2432 ὅσοις,

2371 2459 2578 2528 Κώμας
2604 2458 2908 2522 σκυλεύσας
2946 2461 3037 2513 καὶ
3068 2460 3558 2530 παραθαλαττίους.

2379 2551 2540 2604 Ἀλλά
2595 2551 2850 2621 βασιλεὺς
2885 2553 3270 2622 ἐκπεπομφὼς
3299 2554 3558 2622 δυνάμεις

2374 2643 2522 2707 Ἰλας
2550 2661 2608 2695 τε
2646 2645 2847 2714 συχνὰς
2875 2646 2972 2698 καὶ
2998 2646 3194 2710 καλοὺς
3230 2643 3632 2714 στρατηγέτας,

2194 2739 2333 2792 ιθυι)
2387 2735 2654 2806 Ἥμύνατ⁶
2693 2736 2924 2806 ἐχθροὺς
2953 2737 3157 2791 ἀνελὼν
3189 2738 3334 2794 κατὰ
3362 2737 3584 2807 κράτος.

2385 2827 2474 2890 Ὠς
2503 2828 2569 2880 ἐκ
2598 2827 2868 2882 τοσούτων
2921 2829 3138 2899 ίσχύσαι
3183 2829 3560 2901 βραχυτάτους

2375 2914 2481 2969 Τὸν
2511 2917 2576 2969 ἐκ
2609 2915 2802 2985 ξίφους
2831 2917 3062 2972 θάνατον
3094 2919 3518 2990 ἐκπεφευγέναιο

2373 3009 2586 3081 Πολλὴν
2617 3009 2678 3064 δὲ
2704 3011 2858 3064 τουτὶ
2887 3010 2986 3082 τὴν
3010 3011 3327 3084 άνάῤῥωσιν
3357 3013 3514 3084 φέρει

2375 3100 2502 3162 Τοῖς
2526 3101 2779 3157 Αὐσόνων
2809 3105 3106 3175 πράγμασι
3128 3103 3359 3176 τοῦργον
3381 3105 3458 3176 τῷ
3483 3107 3631 3170 τότε,

2078 3225 2122 3286 C
2195 3191 2334 3246 £665
2368 3193 2628 3263 Φρόνημα
2659 3194 2886 3265 Περσῶν
2910 3197 3218 3251 καταδαλὸν
3245 3199 3337 3252 καὶ
3369 3197 3594 3267 θράσος.

2368 3285 2572 3339 Τούτου
2601 3289 2930 3358 κρατοῦντος
2957 3290 3050 3342 καὶ
3071 3289 3227 3353 πόλις
3257 3291 3291 3358 ἡ
3320 3287 3592 3343 Κλαυδίου

2370 3379 2620 3449 Ἔπασχε
2651 3380 2840 3443 κακῶς
2871 3381 3181 3452 Βαρϐάροις
3208 3385 3323 3447 τοῖς
3353 3379 3415 3446 ἐξ
3455 3383 3664 3452 Ἀγαρ-

2370 3475 2436 3527 ’0
2461 3474 2622 3540 γνοὺς
2643 3473 2922 3545 Μανουὴλ,
2958 3474 3236 3538 εὐσταλῶς
3258 3474 3386 3546 μάλ’
3424 3477 3628 3531 αὐτίκα

2377 3568 2463 3628 Ὠς
2493 3563 2638 3637 εἶχεν
2664 3565 2985 3638 ἐξώρμησεν
3010 3567 3140 3622 εὐθὺ
3169 3569 3454 3641 φρουρίου,

2195 3660 2334 3716 4670
2385 3661 2779 3729 ’Δυακτορικὴν
2807 3659 2870 3713 οὐ
2909 3659 3120 3730 κλίνην,
3149 3662 3210 3714 οὐ
3249 3662 3529 3729 στοιϐάδα,

2378 3752 2521 3806 Ἀλλ’
2552 3752 2677 3806 οὐδὲ
2709 3751 2984 3821 βασίλειον
3015 3755 3248 3808 αὐλαίαν
3279 3756 3462 3828 φέρων

2381 3847 2469 3899 Ἐν
2498 3846 2576 3914 τῷ
2616 3845 2934 3915 προφθάσαι
2975 3847 3430 3919 τειχομαχοῦντος
3463 3847 3664 3904 θέλειν.

2373 3935 2589 3990 Οὐκοῦν
2623 3937 2788 3989 ἰαύων
2826 3936 3076 4001 ἀΰπνους
3110 3939 3324 4002 καὶτὰς
3352 3938 3555 4003 νύκτας

2378 4030 2608 4098 Ἐχρῆτο
2662 4027 2805 4096 φωτὶ
2835 4029 2973 4099 πρὸς
3003 4030 3230 4100 πορείαν
3253 4030 3556 4102 λαμπάδων

2189 4126 2327 4178 4672)
2364 4124 2460 4174 Διὰ
2486 4119 2727 4174 Βιθυνῶν
2754 4120 3132 4192 δυσστιὸήτων
3162 4121 3381 4192 χωρίων

2366 4213 2622 4284 Σφοὸρῶς
2645 4214 2886 4268 ἐλαύνων
2913 4213 3006 4267 τὸν
3034 4215 3400 4286 προκείμενον
3419 4215 3640 4285 δρόμον.

2368 4309 2541 4360 Ὅπου
2575 4307 2622 4359 δ’
2655 4308 2825 4378 ἐχρῆν
2859 4323 2923 4376 γε
2953 4307 3327 4362 διαναπαῦσαι
3358 4310 3552 4378 δέμας,

2366 4398 2475 4452 'llv
2505 4399 2743 4467 καθέδρα
2773 4397 3039 4468 τοῦδαφος
3068 4400 3219 4470 αὐτῷ
3252 4401 3349 4456 καὶ
3381 4401 3584 4465 κλίσις,

2378 4491 2544 4545 Πάλιν
2568 4490 2802 4559 φορυτὸς
2831 4489 3175 4560 ὐπεδέδλητο
3197 4491 3376 4561 κλίνη.

2088 4580 2129 4636 ι)
2195 4582 2333 4636 Ιιύδι)
2376 4581 2832 4653 Καταῤῥαγέντος
2858 4581 3019 4634 ὐετού
3051 4581 3170 4635 ποτ’
3193 4581 3287 4636 οὖν
3311 4582 3518 4652 λάϐρου

2381 4674 2472 4726 Ἐν
2503 4667 2655 4745 ᾧπερ
2683 4673 2885 4726 ὐπνοῦν
2916 4672 3252 4741 ηὐτρέπιστο
3280 4672 3484 4744 χωρίῳ,

2374 4766 2504 4830 Ταῖς
2542 4766 2799 4834 σταγόσιν
2831 4765 3039 4820 ἄνωθεν
3070 4764 3301 4835 ὠχλεῖτο
3325 4764 3553 4833 σφόδρα,

2374 4859 2483 4911 Καὶ
2515 4855 2761 4910 κατιόντι
2789 4854 3024 4924 ῥεύματι
3055 4853 3210 4909 κάτω
3231 4853 3446 4918 κλίνης·

2383 4951 2442 5003 Ὀ
2464 4949 2510 5001 δ’
2543 4947 2830 5020 ὑπερήσθη
2859 4945 3228 5017 συμδεσηκότι
3257 4945 3424 4999 πλέον

2197 5044 2338 5099 4685
2373 5043 2444 5094 Ἦ
2482 5040 2776 5112 βασιλικῶν
2807 5040 3148 5109 στρωμάτων
3179 5040 3228 5093 οί
3269 5038 3537 5107 κειμένων

2371 5134 2713 5196 Ἀνακλιθεὶς
2743 5134 3022 5186 ὐπνωττεν
3045 5131 3152 5198 ἔξω
3185 5132 3502 5204 φροντίδων.

2372 5229 2563 5296 Ὅμως
2596 5224 2849 5294 ἐφθακὼς
2877 5224 3105 5294 πλησίον
3127 5225 3226 5293 τῆς
3255 5224 3526 5279 Κλαυδίου

2368 5321 2616 5388 Φυγάδας
2644 5318 2938 5389 εἰργάσατο
2972 5317 3186 5388 Πέρσας
3235 5317 3570 5390 Βαρὸάρους,

2372 5413 2421 5466 Ἀ
2433 5411 2774 5473 στυπολίταις
2797 5411 2892 5463 καὶ
2923 5411 3240 5481 προσοίκοις
3265 5411 3312 5463 δ’
3339 5409 3406 5462 αὖ
3428 5411 3591 5463 πάλιν

2197 5507 2336 5560 4690
2377 5504 2590 5574 Θάρσος
2626 5501 2870 5573 παρέσχε
2900 5501 2996 5556 καὶ
3028 5502 3164 5570 φάος
3193 5501 3483 5572 θυμηδίας.

2373 5590 2541 5659 Οὗτος
2569 5597 2734 5666 μονὴν
2757 5597 2981 5666 ἤγειρεν
3014 5597 3075 5648 ἐν
3107 5596 3446 5666 Κατασκέπῃ

2375 5688 2511 5743 Κατ’
2545 5687 2677 5741 αὐτὸ
2701 5687 2897 5740 πόντου
2927 5687 3191 5756 κειμένην
3215 5703 3318 5739 που
3349 5689 3410 5739 τὸ
3446 5687 3624 5757 στόμα

2371 5780 2463 5849 Τῷ
2497 5779 2604 5832 τῶν
2633 5779 2814 5832 ἁΰλων
2842 5777 3112 5847 στρατιῶν
3147 5778 3432 5849 ἀρχηγέτῃ

2373 5875 2586 5929 Πιςτῶν
2609 5873 2654 5926 δ’
2683 5870 2862 5944 ὁδηγῷ
2902 5870 3114 5939 Μιχαῆλ
3153 5873 3547 5945 πριοιταγγέἶῳ,

3773 1460 3798 1490 ι

3764 1501 3790 1550 ι
