4070 6528
407 516 555 581 409ηὸ
591 514 727 567 Καθ’
752 516 818 585 ὴν
847 534 898 569 τι
926 517 1226 585 κτησείδιον
1251 518 1403 571 οὐδὲν
1433 519 1666 583 ούδόλως

592 605 733 658 Οὔτε
774 606 987 678 πλέθρα
1021 610 1125 679 γῆς
1152 609 1260 662 οὐδ’
1285 609 1489 680 ἀγροὺς
1516 613 1576 664 οὐ
1608 612 1803 681 χωρίω

590 698 958 767 Μονοτρόπων
984 700 1041 753 δὲ
1066 701 1387 770 συναγαγὼν
1421 704 1769 774 προκρίτους,

590 788 681 843 Ἐν
708 790 837 861 τῇδε
894 792 1230 861 προύνόησεν
1262 794 1457 858 αὐτοὺς
1485 795 1700 850 ἁνύτειν

590 882 950 953 Ἀπράγμονά
978 903 1037 939 τε
1072 886 1165 940 καὶ
1205 886 1500 958 φιλήσυχον
1530 887 1667 958 βίον,

410 972 557 1029 4701)
589 974 700 1038 Τὰς
740 976 889 1044 σφῶν
918 978 1163 1047 σιτήσεις
1193 978 1286 1030 καὶ¹
1315 978 1521 1042 διαίτας
1566 980 1634 1032 δι’
1681 980 1837 1043 ἔτους

595 1065 788 1120 Κοινοῦ
822 1067 1049 1135 ταμείου
1078 1068 1343 1131 θεσπίσας
1377 1070 1842 1140 προσλαμϐάνειν.

594 1159 751 1229 Παρά
777 1160 834 1213 δὲ
880 1159 1171 1230 Ῥωμαίοις
1203 1179 1265 1229 γε
1300 1161 1503 1231 θεσμοῦ
1537 1162 1793 1228 κειμένου

598 1249 959 1322 Κρατοῦντος,
991 1247 1167 1323 οἶμαι,
1192 1254 1345 1308 τοῦδε
1380 1256 1520 1309 κάπὶ
1552 1254 1860 1325 Βαρϐἀροις

593 1337 719 1403 Τοῖς
745 1340 1240 1412 στρατιώταιςτὰς
1281 1343 1460 1406 δόσεις
1483 1342 1725 1412 ὀψωνίων

410 1430 555 1488 4705
592 1430 690 1486 Ἐκ
716 1431 813 1485 τοῦ
843 1434 1071 1503 ταμείου
1103 1433 1444 1503 παρέχεσθαι
1469 1434 1539 1488 δι’
1560 1434 1716 1497 ἔτους

591 1526 699 1577 Καὶ
720 1525 897 1578 τούσδ’
920 1526 1184 1595 ἀκριϐοῦν
1215 1529 1263 1578 εἰ
1297 1527 1661 1595 πεπείρανται
1698 1525 1898 1596 μάχης,

594 1614 656 1667 Ei
683 1617 836 1682 τόξον
864 1615 924 1670 εὖ
960 1617 1168 1670 οἴδασιν
1210 1617 1468 1671 ἐντείνειν
1503 1617 1672 1686 μάλα,

591 1708 729 1771 Δόρυ
751 1725 810 1761 τε
837 1712 1006 1762 κινεῖν
1049 1710 1142 1763 καὶ
1166 1710 1479 1781 κραδαίνειν
1508 1712 1794 1780 ἐντέχνως,

590 1801 654 1854 Ei
686 1800 938 1870 σώματος
966 1804 1193 1872 φέρουσι
1214 1802 1410 1872 ῥώμην
1434 1806 1529 1855 καὶ
1556 1804 1762 1867 σθένος,

414 1892 556 1945 4710
596 1894 785 1962 Ψυχῆς
807 1910 866 1945 τε
897 1895 1235 1964 παράστημα
1270 1895 1404 1963 πρὸς
1432 1896 1555 1959 τοὺς
1596 1895 1896 1963 κινδύνους,

588 1982 723 2039 Κᾶτ’
751 1989 1127 2057 ἐγγράφεσθαι
1160 1991 1258 2042 σὺν
1290 1990 1432 2060 λόγῳ
1462 1991 1807 2059 καταλόγοις⁶

592 2068 766 2140 υῦτος
806 2080 1097 2149 σιτηρέσια
1125 2079 1235 2133 τῶν
1265 2082 1695 2151 στρατευμάτων

586 2166 834 2236 Κατέσχε
860 2169 1040 2223 λαϐὼν
1076 2173 1152 2233 ὡς
1191 2172 1313 2226 λίαν
1354 2174 1711 2243 ἀσυμφόρως·

606 2258 843 2312 Ἐπινοεῖ
868 2261 923 2314 δὲ
945 2264 1045 2327 τὰς
1085 2265 1367 2334 παροίκων
1397 2266 1495 2329 τὰς
1522 2266 1716 2329 δόσεις,

419 2346 560 2403 (lilii
595 2350 706 2404 Καὶ
737 2353 920 2405 ταῖσδε
942 2352 1094 2421 δίψος
1130 2356 1278 2423 σφῶν
1312 2355 1639 2425 θεραπεύειν
1667 2358 1829 2411 θέλει.

605 2439 890 2494 Ἐντεῦθεν
921 2443 1118 2496 οὐκοῦν
1143 2445 1243 2498 οὐκ
1278 2447 1567 2515 ὲπιλέγδην
1600 2449 1747 2511 ἄπας

593 2530 848 2601 Τάγμασι
878 2534 1196 2589 κατείλεκτο
1226 2538 1333 2607 τῶν
1365 2541 1807 2608 στρατευμάτων,

602 2623 763 2677 Ἀλλὰ
795 2624 1033 2695 θελήσας
1072 2628 1348 2696 ἐγκριθεὶς
1378 2624 1447 2697 ἦν
1477 2630 1705 2683 αὐτίκα·

591 2714 754 2769 Ταῦτ’
793 2718 882 2787 ἄρ’
912 2720 1288 2790 ἀνατέτραπτο
1317 2722 1383 2774 τὰ
1412 2722 1521 2774 τῶν
1558 2724 1832 2789 Αὐσόνων,

412 2804 554 2863 4720
593 2810 700 2861 Καὶ
724 2798 992 2881 χειρόνως
1018 2814 1345 2882 πάσχουσιν,
1378 2816 1454 2877 ὡς
1484 2814 1601 2867 ἐστι
1639 2815 1878 2885 βλέπειν.

597 2902 876 2969 Ἔμφυτον
897 2902 1033 2969 ἄναξ
1076 2904 1321 2975 εύτυχῶν
1344 2908 1505 2976 χάριν
1528 2905 1705 2975 λόγων

593 2994 939 3059 Εύγλωττίας
967 2994 1127 3059 κλέος
1164 3012 1223 3048 τε
1252 2996 1349 3049 καὶ
1382 2996 1594 3067 φρενῶν
1626 2996 1810 3067 βάθος,

587 3084 660 3137 Οὐ
691 3085 959 3156 λαμπρῶς
991 3080 1059 3157 ἦν
1094 3087 1364 3149 συντιθεὶς
1389 3089 1620 3158 γράφων
1651 3090 1811 3158 μόνον

603 3177 935 3231 Ἐπιστολῶν
959 3179 1193 3250 χάριτας
1224 3175 1306 3243 οἷς
1343 3179 1564 3233 δέδοκτό
1599 3182 1670 3241 οί,

417 3267 562 3323 4725
609 3268 751 3321 Ἀλλ’
784 3267 993 3321 ὠδίνων
1027 3284 1089 3337 γε
1122 3269 1215 3322 καὶ
1252 3277 1702 3339 κατηχητηρίους

586 3354 663 3430 ᾞ
702 3360 901 3424 παῖδας
932 3362 1228 3416 ἀπέτικτεν
1262 3363 1507 3430 εὐγενεῖς
1529 3362 1742 3430 λόγους,

583 3451 693 3514 Οὖς
723 3469 857 3519 φασι
890 3452 1152 3518 σελέντια,
1194 3455 1449 3515 συνετοὺς
1472 3454 1635 3521 ἄγαν.

597 3542 738 3613 Ὀδῷ
768 3542 977 3613 προῖὼν
1004 3544 1249 3614 ἡμμένος
1284 3545 1378 3597 καὶ
1402 3543 1688 3613 δογμάτων

588 3634 724 3703 Περὶ
771 3633 911 3687 Θεοῦ
944 3634 1125 3701 λέγειν
1153 3653 1205 3688 τι
1246 3635 1340 3688 καὶ
1372 3633 1557 3687 κλύειν
1585 3632 1747 3687 θέλει·

412 3727 554 3782 4730
594 3727 738 3779 Νοῦν
775 3726 1120 3795 δυσεφίκτοις
1149 3726 1385 3795 δόγμασι
1418 3725 1462 3778 δ’
1499 3724 1807 3793 ἐφιστάνων

588 3817 815 3883 Πεύσεις
838 3819 1082 3888 προσῆγε
1115 3818 1209 3872 καὶ
1231 3817 1414 3881 λύσεις
1450 3816 1657 3870 τούτων
1680 3815 1812 3885 πέρι

603 3911 690 3973 Ὠς
724 3911 790 3965 ἂν
819 3910 1046 3979 μυηθεὶς
1083 3910 1219 3979 πρὸς
1252 3908 1489 3981 Χριστοῦ
1517 3907 1723 3961 τούτων
1761 3909 1913 3975 πέρι.

588 4005 874 4073 Ζητήσεως
909 4002 1001 4056 οῦν
1026 4002 1335 4073 τηνικαῦτα
1370 4001 1661 4071 συμϐάσης
1695 4000 1806 4069 (57)

590 4096 907 4163 Διεξιὸντων
936 4095 1207 4165 γραφικοῦ
1241 4092 1409 4167 ῥητοῦ
1442 4094 1571 4161 πέρι

411 4190 551 4246 ἁῗῦδ
603 4190 689 4252 Ὠς
732 4189 1131 4259 προσδέχεσθαι
1165 4186 1500 4257 προσφέρειν
1528 4202 1585 4237 τε
1624 4184 1841 4253 σύναμα

590 4284 779 4353 Σάρκα
814 4281 1050 4334 λαϐόντα
1082 4280 1174 4332 τὸν
1212 4279 1345 4332 Θεόν
1381 4296 1438 4331 τε
1480 4278 1575 4331 καὶ
1608 4279 1803 4347 Λόγον,

590 4378 701 4430 Καὶ
730 4376 838 4428 τῶν
861 4375 971 4428 τότ’
1004 4372 1216 4443 ἀνδρῶν
1250 4374 1306 4425 ὲν
1334 4371 1513 4441 λόγοις
1539 4371 1942 4439 τεθραμμένων

603 4465 1036 4537 ,Αποκριοέντων
1061 4466 1141 4528 εἰς
1168 4465 1385 4518 ἐναντία
1409 4464 1577 4534 μέρη»

595 4561 759 4627 Λόγοι
790 4559 1059 4629 προῆλθον
1090 4557 1149 4621 ὲξ
1174 4558 1437 4626 ἑκατέρου
1467 4556 1667 4625 μέρους

414 4653 559 4708 4740
597 4651 988 4722 Ἀντιφατικῶς
1024 4650 1395 4718 ἀντερίξοντος
1423 4647 1623 4715 λόγοις.

598 4741 677 4813 Τῇ
718 4742 987 4812 κρείττονι
1016 4740 1142 4810 δόξῃ
1172 4739 1228 4793 δὲ
1256 4738 1713 4808 προστεθειμένον

592 4835 703 4887 Καὶ
734 4836 976 4904 πατρικῇ
1006 4832 1268 4887 κάλλιστα
1302 4830 1395 4885 τοῦ
1439 4829 1722 4899 βασιλέως,

589 4927 990 4999 Καθῃρέθησαν
1036 4925 1187 4999 ἱερᾶς
1223 4921 1594 4993 λειτουργείας

604 5022 827 5090 Ἄνδρες
867 5018 1092 5087 λογάδες
1129 5018 1356 5072 λευῖτῶν
1404 5016 1756 5087 Ἐκκλησίας,

418 5112 561 5167 4745
599 5112 952 5182 ’Λντίφρονες
992 5110 1276 5181 μείναντες
1309 5108 1741 5180 ἀνεπιστρόφως,

596 5203 906 5275 Σωτήριχός
927 5218 1012 5265 τις
1047 5200 1420 5271 Παντεύγενος
1454 5200 1754 5269 τούπίκλην

596 5295 782 5350 Τελῶν
812 5293 1121 5363 ύποψήφιος
1166 5292 1496 5364 Ἀντιοχείας
1528 5292 1641 5364 (58)

455 5474 569 5540 (57)
597 5473 674 5528 Ex
703 5475 805 5529 hoc
832 5488 992 5529 versu
1025 5489 1194 5544 usque
1226 5473 1295 5527 ad
1323 5488 1373 5527 v.
1418 5469 1599 5544 476£._
1643 5480 1821 5526 exstat
1867 5470 1947 5525 lo-

383 5561 480 5601 cIiS
514 5548 657 5613 apud
680 5546 936 5599 Allatium
980 5542 1168 5600 ccutra
1203 5544 1433 5613 Creygh.
1461 5558 1514 5613 p7.
1540 5542 1665 5613 526.

457 5608 570 5685 (38')
597 5615 828 5671 Wolﬁus
899 5617 1166 5683 interpres
1210 5608 1433 5685 iNiéetre
1461 5608 1769 5685 'Chouiatte
1819 5608 1946 5665 hist.

378 5682 484 5748 νιι,
529 5685 584 5747 5,
618 5686 761 5738 haud
800 5686 913 5739 scio
953 5682 1413 5750 anisigtiiﬂcatum
1477 5682 1800 5735 intellexerit
1851 5695 1946 5732 vo-

383 5755 565 5809 cabuli
593 5754 924 5825 ὑποψήφιος,
962 5758 1102 5822 quod
1131 5764 1310 5807 tamen
1329 5752 1567 5825 explicat
1592 5750 1848 5825 Cangius.
1879 5750 1953 5803 ci-

1816 403 2184 464 QESARES.

3516 398 3613 465 182

1980 531 2023 577 Α
2059 518 2128 569 nil
2161 527 2338 570 tamen
2370 530 2593 583 prorsus
2620 515 3005 584 possidendum
3036 516 3244 582 tribuit,

2052 626 2154 663 nun
2179 608 2294 676 agri
2324 609 2546 677 praedia,
2576 623 2677 661 non
2711 607 2955 661 villarum
2984 606 3230 673 reditus;

2052 700 2143 752 sed
2182 699 2566 753 monachorum
2598 696 2907 752 selectiores
2940 713 3294 770 congregans.

2053 794 2161 846 illic
2191 808 2284 847 eos
2328 792 2491 846 voluit
2523 793 2572 847 in
2598 792 2845 847 coenobio
2870 794 3065 863 degere

2052 887 2198 941 curis
2229 898 2501 956 expertem
2532 897 2587 941 et
2613 887 2853 955 quietam
2879 888 3043 941 vitam
3088 907 3101 941 :

2053 978 2213 1031 annui
2246 994 2409 1049 porro
2432 979 2607 1035 victus
2632 980 2875 1037 subsidia

2054 1067 2265 1134 publico
2290 1068 2453 1138 jussit
2482 1082 2545 1122 ex
2568 1069 2766 1124 aerario
2793 1070 3062 1139 accipere.

2052 1157 2166 1212 Jam
2198 1172 2317 1211 cum
2339 1156 2597 1213 Romanis
2620 1173 2775 1228 teque
2804 1158 3168 1228 Barbarisque

2054 1264 2223 1317 usque
2254 1249 2321 1304 ad
2354 1250 2499 1305 hunc
2527 1250 2799 1306 Caesarem
2837 1252 2992 1306 tirma
3023 1252 3107 1308 lex
3134 1252 3325 1309 fuisset

2054 1352 2112 1396 ut
2132 1342 2456 1397 cibariorum
2495 1343 2744 1399 demensa
2775 1344 3037 1399 militibus

2054 1435 2440 1491 exhiberentur
2473 1449 2540 1490 ex
2576 1435 2768 1491 aerario
2791 1452 3007 1503 annua;

2056 1541 2217 1600 atque
2242 1532 2435 1586 horum
2467 1533 2662 1602 peritia
2689 1534 3095 1603 exploraretur,

2056 1641 2180 1678 num
2213 1640 2400 1680 arcum
2437 1634 2559 1694 apte
2594 1626 2644 1680 in
2675 1627 2862 1695 primis
2891 1627 3094 1683 scirent
3126 1628 3364 1691 tendere,

2056 1731 2273 1773 movere
2296 1717 2507 1770 hastam
2550 1726 2603 1772 et
2626 1720 2841 1774 vibrare
2868 1734 2935 1775 ex
2974 1731 3126 1785 arte;

1981 1814 2026 1872 Β
2058 1821 2183 1860 num
2212 1821 2407 1875 corpus
2442 1806 2653 1861 ﬁrmum
2683 1809 3026 1878 validumque
3060 1810 3344 1875 haberent,

2056 1914 2155 1953 nec
2181 1913 2287 1953 non
2327 1898 2589 1953 audacem
2614 1900 2679 1953 ad
2706 1901 2943 1969 pericula
2974 1901 3267 1968 animum,’

2055 1998 2218 2055 atque
2257 1989 2329 2043 ita
2367 1992 2418 2043 in
2450 1989 2571 2044 albo
2598 1991 2733 2046 scite
2753 1991 3163 2056 scriberentur;

2055 2081 2145 2135 hic
2174 2082 2471 2151 imperator
2501 2083 2732 2137 militum
2762 2085 2969 2139 cibaria

2055 2173 2287 2234 sustulit,
2327 2172 2476 2226 lucro
2507 2174 2638 2243 reip.
2680 2174 2969 2239 damnoso’;

2057 2264 2246 2332 hisque
2272 2264 2571 2319 incolarum
2604 2265 2891 2333 pensiones
2918 2267 3222 2331 substituit,

2056 2357 2253 2423 quibus
2287 2356 2579 2426 ingluviem
2608 2357 2839 2412 militum
2872 2359 3121 2415 satiaret.

2056 2449 2191 2503 Hinc
2217 2465 2375 2504 nemo
2407 2450 2507 2505 rite
2527 2450 2636 2519 jam
2672 2453 2829 2507 miles
2856 2454 3201 2524 conscriptus

2056 2544 2389 2611 allegeliatur
2415 2544 2471 2597 in
2505 2545 2786 2613 cupiarum
2817 2547 3037 2601 ordines
3062 2563 3076 2609 ;

2056 2639 2146 2690 sed
2178 2637 2511 2690 voluntarius
2537 2638 2767 2706 quisque
2799 2638 2962 2693 ﬁebat
3007 2640 3160 2696 miles
3198 2661 3209 2695 :

2054 2741 2109 2783 ct
2136 2729 2215 2783 sic
2255 2727 2494 2781 Romana
2534 2744 2746 2797 pessum
2777 2744 2865 2783 res
2905 2741 2986 2785 est
3010 2733 3156 2796 data,

2055 2835 2108 2877 et
2136 2838 2295 2891 quam
2324 2821 2574 2878 videmus
2606 2823 2809 2893 patitur
2835 2825 3071 2880 ruinam.

2054 2918 2232 2972 Ctesar
2265 2918 2534 2972 doctrinis
2562 2932 2589 2969 a
2622 2918 2850 2985 pueritia
2878 2918 3138 2982 imbutus,

2057 3005 2346 3060 verborum
2378 3006 2569 3073 gloria,
2602 3020 2858 3060 sensuum
2888 3007 3194 3074 altitudine,

2058 3111 2161 3151 non
2196 3097 2365 3153 solum
2386 3096 2668 3167 Splendida
2694 3098 2830 3167 stylo
2860 3101 3221 3167 componebat

2056 3192 2406 3259 epistolarum
2439 3205 2536 3259 pro
2571 3192 2730 3247 libito
2760 3192 3011 3262 gratiam,

2055 3284 2148 3338 sed
2173 3284 2536 3340 catecheticos
2563 3285 2725 3338 etiam
2751 3298 3031 3343 sermones

2053 3388 2148 3427 ceu
2182 3376 2466 3443 genuinam
2497 3374 2828 3444 parturiebat
2848 3377 3133 3444 sobolem,

2054 3465 2210 3535 vulgo
2232 3467 2445 3521 silentia
2473 3468 2638 3531 dicta,
2673 3478 2792 3523 cate
2814 3469 3128 3525 admodum.

2054 3556 2190 3611 llinc
2213 3569 2426 3627 sumpta
2459 3560 2706 3628 audacia,
2729 3561 2889 3615 etiam
2913 3563 2978 3616 de
2999 3564 3340 3632 dogmatibus

2054 3647 2247 3702 divinis
2276 3649 2443 3702 voluit
2467 3650 2647 3704 dicere
2684 3652 2949 3706 etaudire
2984 3670 2998 3705 :

2054 3752 2399 3811 mentemque
2429 3742 2695 3800 abstrusis
2718 3743 2969 3800 inserens
2996 3747 3274 3816 mysteriis

2055 3836 2244 3888 horum
2264 3835 2590 3903 quatstiones
2611 3834 2880 3890 ambiebat
2906 3834 3117 3891 solvere

2056 3937 2305 3993 tanquam
2342 3927 2573 3979 edoctus
2595 3933 2741 3979 esset
2765 3940 2797 3978 a
2821 3925 3040 3979 Christo
3064 3924 3354 3995 interpres.

2056 4016 2198 4085 Ergo
2231 4028 2357 4069 tunc
2380 4027 2499 4070 orta
2526 4015 2759 4082 quadam
2789 4016 3163 4070 controversia

2054 4124 2216 4177 super
2244 4108 2537 4177 Scriptura:
2567 4108 2684 4161 loco
2715 4107 3134 4175 disputantium,

2053 4204 2106 4255 in
2132 4218 2238 4269 quo
2269 4211 2324 4256 et
2357 4201 2604 4271 accipere
2625 4201 2787 4256 simul
2810 4208 2864 4254 et
2889 4198 3087 4255 otferre

2053 4294 2249 4348 dicitur
2279 4295 2619 4349 incarnatum
2652 4294 2892 4352 Verbum
2922 4295 3052 4361 Dei;

2051 4398 2173 4436 cum
2200 4383 2316 4451 ejus
2347 4385 2606 4453 temporis
2630 4388 2827 4441 eruditi
2862 4388 3110 4442 homines

2054 4476 2332 4531 discordes
2363 4475 2571 4531 ferrent
2604 4479 2706 4532 hac
2730 4477 2798 4533 de
2830 4494 2886 4532 re
2912 4479 3237 4544 sententias.

2059 4570 2220 4621 verba
2249 4566 2449 4622 ﬁebant
2470 4580 2534 4622 ex
2569 4577 2796 4639 utraque
2820 4580 2971 4639 parte

1979 3165 2023 3219 C

2059 4654 2186 4708 dum
2210 4670 2367 4710 suum
2393 4657 2626 4725 quisque
2646 4668 2922 4727 oppugnat
2952 4660 3346 4716 adversarium.

2059 4744 2302 4815 Cumque
2330 4746 2539 4801 meliori
2565 4748 2833 4803 calculum
2863 4750 3125 4819 adjiceret

2055 4836 2277 4891 Patrum
2307 4837 2610 4903 sententiae,
2642 4848 2698 4893 ut
2730 4855 2826 4909 par
2856 4850 2996 4905 erat,
3019 4841 3241 4908 Caesar;

2056 4939 2214 4980 sacro
2244 4926 2449 4995 depulsi
2484 4938 2620 4981 sunt
2656 4930 2964 4985 ministerio

2057 5016 2155 5070 viri
2188 5017 2443 5086 praacipui
2467 5018 2520 5072 in
2555 5019 2812 5075 Ecclesia:
2833 5022 3051 5087 ofﬁciis,

2056 5109 2146 5177 qui
2177 5110 2491 5177 pertinaces
2514 5112 2569 5164 in
2598 5114 2874 5168 sententia
2909 5129 3246 5183 manserant,

2059 5200 2380 5259 Sotericbus
2400 5206 2641 5273 quidam,
2658 5252 2661 5253 ν
2678 5206 2834 5276 vulgo
2875 5207 3275 5281 Panteugenus,

2056 5291 2426 5349 Antiochenus
2457 5295 2662 5351 electus
2684 5297 3003 5368 cpiscopus:

2056 5477 2144 5524 rat
2184 5471 2327 5537 apud
2353 5470 2633 5525 Allatium.
2678 5471 2888 5527 Rursus
2934 5472 3075 5526 idem
3135 5478 3429 5532 nescivisse
3474 5478 3623 5533 vide-

2052 5550 2159 5613 tur,
2178 5539 2502 5613 'l‘heopoliui
2526 5556 2646 5613 esse
2666 5544 3009 5613 Antiochiam
3041 5544 3232 5612 ipsam.
3257 5546 3434 5613 Quare
3461 5549 3619 5602 verba

2049 5611 2088 5685 ό
2108 5610 2418 5685 ύποψήφιος
2435 5610 2541 5685 τῆς
2565 5610 2701 5685 Θεοῦ
2732 5612 2941 5675 πόλεως
2984 5610 3230 5685 μεγάλης
3281 5610 3621 5685 Ἃντιοχείας

2052 5680 2359 5756 Σωτήριχος
2383 5682 2411 5732 ό
2435 5681 2829 5756 Παιντεύγενος,
2864 5680 3022 5737 vertit
3048 5680 3451 5756 Hypu'psepltius
3469 5680 3623 5741 thro-

2048 5748 2270 5819 politan.
2306 5748 2606 5823 Sotericltus
2642 5752 3006 5823 Punteugeutts
3046 5748 3346 5811 Aulide/teli.
3375 5775 3393 5820 ;
3464 5761 3627 5821 «tussi

387 5837 500 5882 ωιυ
530 5828 643 5894 ηὶδο
672 5820 857 5882 nostro
885 5820 1210 5895 Ephrmmio,
1256 5820 1419 5891 cujus
1458 5822 1759 5891 fragmenta
1808 5820 1951 5889 lrge-
2054 5822 2433 5889 Ιρῃμυμδεγίιὶιιε
2467 5824 2739 5891 proprium
2786 5820 2979 5879 nomen
3025 5836 3167 5880 esset
3208 5831 3301 5881 viri
3358 5820 3622 5894 theupuh-
