4070 6528
533 369 632 430 187
1635 370 1790 432 ΕΙἮ
1802 367 2047 428 IUEMII
2089 368 2693 430 CIlIlONOGliAPl-ll
3669 371 3775 438 iSS

530 501 693 551 mque
729 495 1039 552 suspectum
1073 499 1403 554 magnopere
1429 484 1706 539 habebant

529 576 958 638 p-otosehastnm
989 575 1157 627 Veluti
1185 585 1497 644 tyrannum.

526 664 836 719 Conineuns
861 675 1038 718 autem
1072 667 1416 718 Andronicus
1450 665 1704 722 habitans

529 759 682 826 longa
710 758 820 825 jatn
852 775 998 812 mora
1026 760 1080 812 in
1112 759 1314 814 (Enteo
1341 759 1562 828 oppido,

529 859 811 917 postquam
842 851 1060 904 rescivit
1093 853 1160 906 de
1182 851 1491 906 monarcba:
1522 850 1700 914 obitu,

529 939 676 992 illinc
707 939 1026 1009 Byzantium
1051 943 1213 1007 cmpit
1248 943 1530 1004 accedere,

526 1047 714 1088 omnes
735 1033 1009 1101 decipiens
1041 1035 1340 1103 fallensque
1368 1035 1735 1098 sermonibus,

529 1134 825 1190 praesentes
852 1127 1051 1190 verbis,
1093 1127 1289 1180 litteris
1325 1125 1666 1194 longinquos,

525 1227 691 1282 seque
715 1231 811 1283 pro
836 1217 1064 1270 Cwsairis
1090 1218 1264 1273 salute
1298 1216 1510 1280 adesse,

515 1315 693 1375 atque
737 1317 793 1359 ut
826 1307 1122 1374 periculum
1145 1307 1316 1360 latens
1343 1306 1604 1376 eﬂttgcret

514 1389 701 1486 [novus
737 1398 1031 1450 monarcha
1058 1411 1154 1466 per
1182 1411 1341 1451 suum
1369 1398 1629 1452 auxilium
1656 1413 1672 1451 :

528 1487 758 1556 denique
784 1501 838 1542 ut
876 1490 1032 1542 fidem
1066 1497 1311 1544 tueretur
1346 1491 1526 1544 datam

514 1584 694 1650 ,rcgia':
716 1583 920 1645 domui,
942 1592 1286 1638 sacramento
1319 1583 1586 1646 adhibito,

513 1661 650 1762 zeum
674 1689 703 1728 e
728 1674 977 1729 Cbaldaea
1010 1675 1177 1730 redux
1209 1675 1274 1730 ad
1309 1675 1488 1728 aulam
1530 1675 1703 1730 venit.

510 1763 681 1850 illunc
710 1765 1074 1820 Andronicum
1109 1766 1253 1820 enim
1285 1767 1374 1835 qui
1411 1767 1563 1820 exsul
1590 1766 1771 1820 fuerat

510 1857 840 1924 lmultasque
869 1857 1110 1926 gentium
1132 1859 1291 1912 sedes
1319 1867 1753 1925 permutaverat,

513 1935 689 2018 latque
711 1948 851 2016 apud
876 1949 1160 2003 Altucbum
1191 1947 1459 2004 Chaldtea:
1489 1948 1786 2018 principem

509 2021 798 2126 épnstremo
828 2041 1167 2103 versabatur,
1201 2039 1383 2106 ibique
1418 2039 1636 2093 demum

509 2129 687 2200 jlinem
721 2130 930 2184 molesti
956 2132 1160 2185 erroris
1183 2145 1553 2200 cursuumque
1580 2129 1804 2198 fecerat,

510 2203 736 2288 Ellianuel
767 2223 1064 2292 imperator
1095 2222 1392 2288 revocavit,

511 2295 786 2378 3donis-lue
811 2324 1094 2380 exceptum
1129 2312 1541 2382 perhumaniter

513 2403 579 2478 [in
610 2401 775 2458 OEaa:
813 2405 944 2458 urbe
969 2405 1230 2471 hospitari
1255 2403 1442 2469 jussit,

519 2494 759 2564 juratnm
782 2505 960 2549 tamen
996 2506 1156 2549 antea
1185 2495 1519 2564 promissum
1555 2495 1778 2564 exigens

523 2585 641 2640 fore
665 2587 716 2640 iu
747 2589 925 2642 officio
955 2603 1019 2643 ae
1051 2588 1154 2642 lide
1179 2603 1614 2655 permansurum.

524 2679 692 2735 (Eua:
730 2682 980 2738 discessit
1010 2683 1281 2751 posthinc,
1319 2692 1378 2734 ut
1404 2681 1539 2746 dixi,

523 2782 834 2835 Comncnus
852 2779 1195 2835 Andronicus
1217 2780 1455 2851 Sisyphii
1488 2780 1678 2847 moris,
1781 2833 1792 2840 κ

521 2884 686 2943 atque
709 2873 1117 2942 Paphlagonum
1149 2874 1433 2943 occupatis
1465 2873 1621 2939 locis,

522 2964 812 3018 multorum
838 2965 940 3020 sibi
966 2966 1244 3035 suppetias
1270 2964 1518 3036 adjunxit

520 3070 740 3123 suaeque
773 3056 1138 3125 improbitatis
1170 3059 1350 3112 socios
1379 3056 1508 3112 fecit
1537 3074 1554 3111 :

519 3152 718 3220 quibus
745 3152 970 3222 stipatus
993 3163 1186 3208 cuncta
1212 3153 1586 3222 perturbabat,

522 3243 610 3297 illa
648 3243 947 3312 praesertim
971 3244 1206 3299 abutens
1243 3243 1458 3309 fraude,

521 3337 664 3403 quod
697 3352 757 3390 se
782 3351 878 3404 pro
903 3338 1027 3390 novi
1051 3335 1288 3391 Caesaris
1315 3336 1492 3391 salute

518 3439 715 3482 cuncta
745 3427 979 3497 tingebat
1001 3443 1162 3499 agere
1189 3437 1355 3498 atque
1379 3429 1584 3484 dicere.

524 3520 668 3575 Sane
692 3522 1101 3588 protosebastus
1129 3523 1179 3575 in
1203 3521 1332 3578 odio
1359 3532 1479 3576 erat

523 3611 789 3680 vulgoque
819 3613 1158 3669 detestabilis
1189 3615 1259 3668 ob
1289 3622 1445 3668 actus
1483 3627 1633 3677 suos,

520 3701 777 3770 quoniam
811 3702 1063 3756 mortales
1090 3712 1315 3758 cunctos
1343 3701 1699 3771 despiciebat,

520 3794 736 3864 sibique
763 3795 853 3849 uni
893 3794 1278 3863 rempublicam
1304 3795 1620 3850 vindicabat
1655 3813 1670 3850 :

520 3890 594 3942 nil
620 3891 764 3942 enim
798 3899 915 3944 erat
939 3889 994 3942 in
1020 3888 1276 3946 universo
1306 3889 1559 3959 imperio,

520 3980 663 4048 quod
693 3979 853 4048 hujus
882 3981 1136 4048 potestati
1167 3998 1272 4035 non
1302 3991 1540 4050 pareret.

516 4072 699 4138 Quare
728 4081 921 4124 etiiicta
955 4072 1267 4140 metropolis
1297 4088 1448 4141 spem
1483 4072 1682 4128 salutis

519 4164 573 4216 in
603 4162 915 4216 Andronico
948 4163 1242 4232 reponebat
1273 4179 1399 4231 uno,

515 4266 681 4322 atque
711 4254 853 4306 hunc
883 4253 1188 4323 tyrannidis
1223 4256 1532 4324 appellabat
1561 4255 1856 4318 vindicem,

515 4354 573 4398 et
605 4345 956 4400 clandestinis
982 4345 1246 4400 invitabat
1277 4348 1473 4402 litteris

518 4446 575 4488 ut
599 4439 664 4490 ad
695 4438 929 4505 regalem
958 4439 1252 4492 adventare
1279 4439 1467 4493 urbem

514 4530 661 4584 omni
691 4531 930 4598 seposito
961 4529 1247 4585 festinaret
1275 4540 1419 4585 metu
1448 4546 1463 4594 ;

511 4637 640 4677 nam
667 4637 726 4676 se
757 4633 1007 4692 prompto
1033 4623 1180 4676 cives
1213 4621 1470 4676 dicebant
1505 4622 1685 4678 studio

510 4718 746 4768 urbanas
774 4713 845 4767 illi
871 4725 1051 4780 portas
1081 4723 1384 4782 aperturos.

511 4803 625 4860 Hos
657 4805 745 4860 ille
777 4806 1036 4860 audiebat
1061 4805 1387 4873 perlibenter
1418 4805 1662 4870 nuntios,

507 4897 730 4970 jamque
763 4896 1053 4951 allectabat
1083 4895 1371 4951 manifeste
1399 4897 1743 4966 tyrannidem

512 4995 750 5049 castellis
773 4988 1108 5060 occupandis
1137 5006 1200 5044 ac
1233 4992 1547 5058 provinciis.

511 5085 940 5140 Accessitetiam
973 5082 1209 5139 Niceam
1247 5083 1538 5152 Bithynia,

509 5190 745 5244 eamque
777 5176 986 5232 blandis
1020 5177 1248 5230 tentavit
1269 5176 1613 5230 sermonibus
1637 5191 1651 5240 ;

513 5269 605 5323 sed
630 5269 717 5322 illa
748 5267 928 5321 verbis
958 5267 1182 5320 minime
1209 5267 1378 5332 gessit
1412 5282 1643 5330 morem,

509 5364 742 5432 ejusque
764 5360 1044 5414 fraudibus
1081 5358 1180 5413 fuit
1211 5361 1606 5428 insuperabilis.

512 5455 622 5509 Sed
653 5468 773 5507 enm
804 5453 1181 5521 occupavisset
1214 5451 1608 5519 Nicomediam,

509 5566 740 5620 eamque
772 5549 885 5603 suis
908 5549 1019 5619 jam
1053 5551 1296 5619 partibus
1329 5550 1706 5618 adjunxissct;

509 5643 710 5698 missus
739 5651 822 5696 est
850 5656 974 5695 cum
997 5642 1142 5709 justo
1170 5643 1451 5711 c0piarum
1488 5657 1715 5696 numero

509 5735 622 5788 dux
655 5733 998 5788 Andronicus
1031 5745 1391 5801 cognomento
1418 5733 1655 5803 Angelus

513 5839 568 5882 ut
598 5826 738 5884 bello
775 5835 964 5891 aperto
995 5825 1241 5884 hostibus
1276 5825 1555 5882 resisteret
1585 5839 1597 5876 :

2411 481 2454 531 Π
2461 481 2872 549 ρωτοσεϐαστδν
2900 481 3243 552 ὑφορώμενοι
3271 481 3394 535 λίαν

2423 571 2511 636 Ὠς
2536 573 2776 642 ἀτεχνῶς
2809 572 3073 643 τύραννον
3104 574 3168 626 ὲκ
3212 573 3321 625 τῶν
3356 569 3718 642 πραγμάτων.

2413 664 2696 732 Κομνηνδς
2723 665 2769 718 δ’
2814 663 3152 734 Ἀνδρόνικος
3179 665 3426 730 οἰκήσεις
3455 662 3594 731 έχων

2413 757 2520 808 Καὶ
2545 756 2824 823 διατριϐὰς
2857 757 3000 809 κατά
3027 756 3206 826 χῶρον
3227 756 3468 820 Οῖναίου,

2231 846 2370 899 Δὸύυ
2416 846 2565 900 Ἐπεὶ
2599 847 2818 900 πύθοιτο
2851 848 2943 900 τοῦ
2972 846 3302 916 κρατοῦντος
3330 849 3420 900 τὸν
3447 846 3633 916 μόρον,

2425 938 2661 991 Ἐκεῖθεν
2687 938 2773 1010 ᾔει
2805 940 2940 1008 πρὸς
2972 939 3127 992 πόλιν
3154 939 3595 1004 Κωνσταντίνου,

2414 1031 2624 1095 Πάντας
2652 1031 2880 1084 ἀπατῶν
2911 1033 3003 1084 καὶ
3025 1029 3330 1098 φενακίζων
3364 1029 3544 1096 λόγοις

2409 1119 2505 1186 Οἷς
2535 1124 2742 1193 ἐντύχοι
2776 1123 2828 1192 γ’
2862 1123 2950 1188 ἀν,
2978 1127 3090 1186 τοῖς
3113 1122 3159 1177 δ’
3183 1122 3378 1176 ἀποῦσι
3402 1123 3496 1174 καὶ
3521 1120 3768 1191 γράφων,

2420 1217 2595 1288 ’Υπὲρ
2634 1218 2963 1288 κρατοῦντος
2989 1217 3088 1288 τὴν
3122 1215 3336 1269 έλευσιν
3364 1214 3594 1279 τιθέναι,

2235 1309 2373 1362 4865
2411 1310 2518 1363 Kal
2541 1308 2638 1363 τοῦ
2663 1313 2858 1378 φυγεῖν
2881 1309 3124 1363 κίνδυνον
3155 1308 3394 1379 έρποντα
3437 1307 3610 1359 θέλειν

2411 1404 2638 1454 ’Δνακτι
2676 1401 2814 1472 τῷδε
2844 1399 2994 1454 τοῦδε
3025 1403 3092 1469 τῇ
3125 1399 3448 1470 συμμαχίᾳο

2413 1494 2521 1548 Καὶ
2545 1493 2638 1545 τοῦ
2671 1493 2901 1561 φυλάξαι
2922 1491 3126 1561 βιϐλίον
3152 1491 3257 1543 τῶν
3285 1489 3511 1557 ὁρκίων,

2412 1589 2477 1639 '0
2502 1588 2639 1657 πρὸς
2671 1584 2909 1654 βασιλεῖς
2939 1580 3007 1655 ἧν
3039 1582 3342 1654 ὀμωμοκὼς
3368 1581 3558 1644 πάλαι,

2412 1680 2538 1732 Ὅτε
2567 1679 2872 1750 προσῆλθεν
2893 1678 3086 1732 ἄνακτ’
3108 1680 3172 1730 ὲκ
3199 1677 3296 1746 τῆς
3333 1673 3565 1736 Χαλδίας
3586 1688 3604 1707 ν

2236 1772 2374 1827 4-8ῖο
2411 1772 2598 1826 τοῦτον
2633 1770 2741 1842 γὰρ
2765 1771 3103 1842 Ἀνδρόνικον
3131 1769 3258 1822 δντα
3292 1765 3506 1837 φυγάδα

2423 1864 2622 1917 Ἐθνῶν
2650 1882 2710 1917 τε
2739 1863 2950 1916 πολλῶν
2980 1862 3344 1932 διαμείψαντα
3370 1861 3592 1920 τόπους,

2412 1955 2566 2026 Παρά
2593 1957 2638 2009 δ’
2681 1955 2954 2024 ’Δλτούχῳ
2983 1953 3062 2025 τῷ
3095 1952 3390 2023 κρατοῦντι
3424 1948 3662 2010 Χαλδίιις

2412 2053 2577 2115 Τέλος
2599 2050 2983 2105 καταλύσαντα
3013 2049 3112 2102 καὶ
3141 2043 3489 2114 πεπαυμένον

2417 2147 2588 2217 Ἄλης
2613 2164 2672 2200 τε
2700 2145 2902 2214 πικρᾶς
2931 2143 3026 2195 καὶ⁵
3059 2137 3286 2209 μακρῶν
3315 2133 3684 2206 περιδρομῶν,

2231 2245 2374 2300 4875
2411 2240 2812 2298 Μετακαλεῖται
2849 2233 3106 2304 Μανουὴλ
3129 2230 3488 2299 αὐτοκράτωρ

2407 2336 2518 2390 Καὶ
2540 2331 2806 2400 δεξιοῦται
2828 2331 3058 2400 δωρεαῖς
3094 2323 3453 2395 φιλοφρόνως,

2410 2429 2523 2482 Καὶ
2561 2426 2697 2499 πρὸς
2727 2423 2881 2478 πόλιν
2912 2424 3098 2477 Οῖνεον
3121 2418 3327 2473 στέλλει
3353 2421 3580 2486 διάγειν,

2410 2513 2817 2594 Ὀρκουςίπρὸς
2847 2515 3013 2570 αὑτοῦ
3044 2514 3172 2584 πρίν
3207 2529 3270 2582 γε
3303 2509 3767 2584 προσδεδεγμένος

2420 2613 2618 2683 Ὅρθῆς
2643 2613 2780 2680 πρδς
2810 2609 2975 2664 αὑτὸν
3005 2607 3225 2676 ἀγάπης
3258 2605 3353 2658 καὶ
3387 2602 3568 2672 φιλίας
3591 2620 3604 2634 ·

2233 2707 2373 2762 4880
2416 2703 2632 2758 Ἐπειτ’
2665 2702 2898 2771 ἀπῆρεν,
2931 2700 3006 2762 ὡς
3037 2699 3194 2768 ἔφην.
3223 2695 3282 2760 ἐξ
3312 2696 3524 2749 Οίναίου

2409 2793 2695 2864 Κομνηνὸς
2716 2789 3054 2858 Ἀνδρόνικος
3083 2785 3312 2854 Σίσυφος
3344 2782 3580 2852 τρόπους

2409 2885 2610 2957 Χώρας
2636 2881 2865 2946 ἐπιστὰς
2888 2881 3000 2944 τοῖς
3024 2880 3173 2948 ὅροις
3208 2873 3596 2943 Παφλαγόνωι,

2407 2978 2642 3040 Πολλοὺς
2664 2974 3013 3029 ἐπεσπάσατο
3051 2971 3187 3041 πρὸς
3219 2968 3534 3038 συμμαχίαν

2403 3074 2512 3127 Καὶ
2534 3069 2849 3141 συνερίθους
2879 3066 2976 3135 τῆς
3006 3065 3197 3118 ἑαυτοῦ
3229 3062 3422 3121 κακίας
3442 3074 3457 3090 ⁶

2118 3154 2166 3215 C
2225 3163 2364 3218 4885
2404 3161 2540 3216 Μεθ’
2571 3155 2648 3216 ὧν
2669 3157 2842 3212 ἐπιὼν
2873 3159 3056 3212 πάντα
3089 3154 3273 3208 κυκῶν
3305 3148 3570 3220 ὲστρόϐει,

2413 3257 2524 3311 Kal
2547 3253 2746 3325 μᾶλλον
2771 3244 2926 3321 ᾧπερ
2954 3247 3234 3320 προὺτίθει
3265 3242 3496 3313 δελητίῳ
3514 3279 3531 3305 ,

2415 3349 2510 3413 ἀς
2544 3347 2685 3416 ὑπὲρ
2717 3342 2880 3398 αὑτοῦ
2906 3342 2999 3396 τοῦ
3035 3343 3156 3395 νέου
3187 3336 3458 3407 βασιλέως

2407 3441 2660 3496 ’Δπαντα
2687 3438 2778 3491 καὶ
2803 3435 2939 3506 δρᾷν
2966 3429 3256 3503 μηχανῷτο
3275 3428 3371 3482 καὶ
3391 3427 3587 3494 λέγειν.

2413 3526 2864 3602 Πρωτοσεϐαστὸς
2889 3523 2935 3578 δ’
2967 3519 3036 3594 ἦν
3068 3521 3224 3574 πάλιν
3251 3517 3527 3588 μισητέος,

2232 3623 2370 3678 4890
2410 3621 2519 3674 Kal
2543 3620 2710 3674 πᾶσιν
2735 3617 3074 3686 ἀπόστοργος
3101 3616 3166 3666 έκ
3190 3610 3548 3682 δυσπραξίας,

2419 3715 2506 3778 Ὧς
2546 3712 2656 3766 τῶν
2686 3711 2807 3765 καθ’
2830 3707 2996 3764 αὑτὸν
3032 3706 3346 3776 ὑπερόπτης
3375 3701 3660 3771 τυγχάνων

2411 3806 2520 3859 Kal
2547 3804 2825 3875 βασιλείας
2854 3801 3062 3870 ἀνέχων
3086 3798 3184 3862 τάς
3214 3796 3499 3867 φροντίδας
3516 3809 3534 3827 ο

2412 3897 2578 3952 Οὑδὲν
2608 3896 2717 3966 γὰρ
2741 3896 2886 3966 ὑπῆν
2915 3895 3016 3965 τῆς
3041 3893 3172 3963 ὅλης
3202 3888 3540 3962 κραταρχίας

2413 3991 2476 4043 Ὃ
2511 3989 2588 4059 μὴ
2617 3987 2929 4056 διεξήνυστο
2957 3983 3110 4035 τοῦδε
3142 3980 3220 4051 τῷ
3250 3981 3477 4050 κράτει·

2225 4084 2363 4137 4393
2403 4080 2490 4151 Τῷ
2519 4097 2603 4132 τοι
2629 4079 2766 4149 πρὸς
2786 4075 3124 4145 Ἀνδρόνικον
3159 4074 3346 4129 ἅπασα
3371 4071 3521 4131 πόλις

2404 4170 2654 4231 Ἐλπίδας
2676 4169 2918 4223 ἀνέτεινε
2943 4167 3042 4235 τῆς
3077 4163 3374 4235 σωτηρίας,

2403 4264 2512 4316 Καὶ
2545 4261 2685 4314 τόνδ’
2709 4259 2894 4312 έκάλει
2919 4257 3019 4326 τῆς
3053 4256 3365 4325 τυραννίδος
3401 4252 3587 4319 λύτην,

2403 4354 2510 4406 Kal
2540 4350 2838 4423 παρεκάλει
2863 4350 3157 4420 γράμμασι
3190 4345 3287 4399 λαο
3297 4345 3481 4414 ριδίοις

2407 4445 2519 4516 Τὴν
2547 4445 2626 4508 είς
2653 4441 3043 4512 βασιλεύουσαν
3075 4439 3281 4492 εἴσοδον
3307 4435 3462 4488 πόλιν

2229 4538 2371 4594 4900
2413 4536 2804 4606 Καταταχῆσαι
2838 4533 3044 4604 μηδένα
3065 4531 3358 4595 δεδοικότα,

2401 4628 2544 4682 Ἀλλ’
2572 4629 2816 4690 ὑπτίαις,
2848 4628 2877 4680 δ
2907 4642 3063 4694 φασι,
3093 4624 3280 4694 χερσὶν
3309 4621 3559 4690 ἁσμένως

2412 4720 2887 4774 ’Λναπετασόντων
2925 4735 2988 4787 γε
3021 4717 3157 4786 τῷδε
3188 4716 3286 4777 τὰς
3319 4715 3514 4773 πύλας.

2406 4815 2466 4868 Ὀ
2489 4814 2531 4866 δ’
2564 4813 2813 4883 ἀσμένως
2851 4813 2950 4882 μὲν
2979 4812 3070 4864 καὶ
3099 4809 3214 4863 τάδ’
3250 4804 3318 4879 ἦν
3346 4805 3688 4873 δεδεγμένος,

2412 4908 2521 4958 Ἀεὶ
2542 4906 2588 4958 δ’
2609 4904 2806 4974 ἐχώρει
2839 4905 2974 4972 πρὸς
2993 4903 3140 4972 σαφῆ
3172 4900 3488 4972 τυραννίδα,

2165 5057 2168 5059 λ
2221 5000 2360 5071 4903
2399 4996 2613 5068 Χώραις
2645 4995 2814 5047 ἐπιὼν
2843 4993 3124 5064 φρουρίοις
3155 5010 3215 5046 τε
3241 4996 3337 5046 καὶ
3367 4993 3576 5054 τόποις.

2409 5086 2558 5139 Ἐπεὶ
2583 5086 2631 5138 δ’
2657 5086 2862 5154 ἐπέστη
2893 5083 2989 5137 καὶ
3018 5082 3258 5136 Βιθυνῶν
3289 5082 3336 5134 Ν
3346 5082 3516 5152 ικαίᾳ,

2399 5179 2506 5230 Kal
2538 5175 2682 5248 τήνδ’
2711 5177 2853 5228 έλεῖν
2895 5174 3151 5228 ἔσπευδεν
3182 5174 3436 5242 αἱμύλοις
3464 5173 3666 5240 λόγοις,

2397 5270 2509 5324 Οὑκ
2529 5270 2685 5338 ἔσχεν
2711 5267 2875 5320 αὑτοῦ
2905 5271 3016 5328 τοῖς
3046 5266 3224 5334 λόγοις
3249 5266 3555 5335 πειθηνίαν,

2409 5363 2548 5415 Ἀλλ’
2575 5361 2835 5431 ἐμφανῶς
2855 5355 2924 5431 ἦν
2947 5360 3236 5421 ἀτίνακτος
3255 5359 3514 5420 ἀπάταις.

2221 5457 2360 5512 4910
2411 5454 2549 5509 Ἀλλ’
2575 5454 2647 5515 ὡς
2667 5453 2964 5522 ἐπιϐέϐηκε
2991 5454 3089 5521 τῆς
3108 5451 3472 5522 Νικομήδους,

2397 5548 2507 5602 Καὶ
2540 5546 2686 5615 τήνδ’
2721 5544 3070 5598 ἐπεσπάσατο
3100 5543 3239 5611 πρὸς
3277 5539 3622 5611 συμμαχίαν,

2397 5638 2531 5691 Μεθ’
2571 5637 2760 5704 ἱκανῆς
2795 5635 3018 5687 ἔσταλτο
3047 5631 3369 5702 ταξιαρχίας

2403 5725 2712 5794 Στρατηγὸς
2740 5724 3081 5793 Ἀνδρόνικος
3119 5721 3385 5788 Ἀγ,γελος
3421 5719 3572 5771 θέσιν

2403 5818 2539 5887 Ηρδς
2579 5813 2995 5883 Ξῖντιπαρᾶταξυν
3029 5814 3141 5882 ἅμα
3174 5814 3264 5866 καὶ
3305 5813 3519 5882 μάχην*
