4070 6552
340 391 443 457 18⁸)
1780 400 2157 462 CAESARES.

364 508 511 562 49ιῦ
554 512 651 572 ⁸ος
680 512 916 581 ὲκτομίᾳ
956 510 1298 579 συμπλακεὶς
1328 513 1670 583 Ἀνδρονίκου

553 599 649 652 Ἐκ
686 601 1056 670 Παφλαγόνων
1090 607 1350 673 στρατιᾶς
1384 604 1670 675 ἡγουμένῳ

542 694 652 745 Kal
679 695 1063 763 γηπονούντων
1093 697 1270 750 ἀδαῶν
1310 697 1445 760 ὅλως
1488 699 1689 767 μάχης»

542 788 783 858 Ἠττητο
817 787 1004 849 κακῶς
1031 787 1125 840 καὶ
1158 788 1342 857 τρέχει
1369 790 1505 859 πρδς
1536 789 1634 860 τὴν
1664 790 1836 841 πόλιν.

543 878 710 944 Ἠττη
720 878 883 948 μένον
914 879 1047 945 γοῦν
1066 880 1431 948 είσδραμόντα
1460 881 1558 950 τὴν
1584 881 1759 943 πόλιν,

356 971 500 1027 49Ξο
539 970 790 1042 Χρήματ⁹
816 972 1058 1041 ἀπῄτουν
1088 971 1419 1025 καταθέσθαι
1458 974 1555 1026 σὺν
1582 974 1761 1042 τάχει,

541 1065 685 1117 Ὀσα
715 1064 846 1131 πρὶν
870 1065 1117 1118 ἀνάλωσε
1147 1065 1284 1132 πρὸς
1332 1065 1512 1134 μάχας
1545 1065 1758 1132 φθάσας
1779 1083 1792 1096 '

534 1156 699 1209 Ὅθεν
734 1156 999 1227 λυπηθεὶς
1030 1156 1167 1226 πρδς
1212 1158 1389 1227 φυγὴν
1420 1157 1579 1218 εὐθὺς
1608 1157 1795 1226 βλέπει

471 1284 493 1299 ι
536 1249 665 1302 Μεθ’
695 1250 859 1301 υἱέων
897 1249 957 1313 ἓξ
991 1250 1230 1303 ὁπλιτῶν
1263 1250 1586 1321 ρωμαλέων,

533 1341 642 1394 Καὶ
670 1341 771 1408 τῆς
802 1336 941 1409 πρὸς
987 1340 1325 1410 Ἀνδρονίκου
1355 1343 1586 1397 ἅπτεται
1625 1344 1810 1413 τρίϐου
1840 1358 1854 1371 “

352 1434 493 1486 £325
538 1435 633 1495 Ὃς
665 1432 864 1502 θάρσος
896 1433 1038 1504 ἄρας
1080 1434 1343 1501 ’Λγγέλου
1382 1436 1662 1505 παρουσίᾳ⁵

532 1523 761 1592 Πορθεϊν
793 1524 963 1585 ἐάσας
989 1523 1084 1576 καὶ
1117 1524 1481 1593 κατατρέχειν
1514 1527 1709 1587 τόπους

526 1614 668 1666 Εύθϋ
704 1615 822 1683 μετ’
856 1615 1021 1667 αὑτοῦ
1047 1615 1146 1683 τῆς
1180 1617 1588 1670 Κωνσταντίνου
1620 1617 1808 1687 τρέχει
1832 1633 1844 1649 ’

530 1706 639 1758 Kal
665 1706 730 1775 δὴ
760 1707 1058 1774 πεφθακὼς
1090 1709 1316 1778 πλησίον
1345 1707 1685 1779 Χαλκηδόνος

528 1798 742 1868 Σκηνὴν
778 1802 895 1852 ἐκεῖ
925 1800 1164 1866 πήγνυσι
1200 1802 1294 1854 καὶ
1326 1805 1679 1871 παραμένει·

351 1889 487 1942 4950
529 1891 981 1959 Πρωτοσεϐαστὸς
1004 1893 1051 1945 δ’
1083 1894 1317 1960 Ἀλέξιος
1349 1896 1449 1948 οὐκ
1473 1895 1613 1965 ἔχων

526 1983 673 2052 Πεζῇ
713 1987 947 2055 στρατιᾷ
982 1986 1235 2039 καθελεῖν
1268 1988 1608 2059 ἀποστάτην,

524 2072 677 2126 Τόνδ’
712 2074 988 2128 ἀπελᾶσαι
1022 2076 1132 2130 δεῖν
1159 2079 1336 2144 κρίνει
1367 2081 1648 2150 ναυμαχία
1675 2097 1691 2113 ο

527 2166 794 2231 Πλείστας
822 2170 1074 2238 τριήρεις
1098 2172 1389 2240 τοιγαροῦν
1424 2175 1758 2244 ἐξαρτύσας,

525 2258 633 2309 Kal
652 2258 837 2311 ταῖσδε
879 2259 1124 2328 καλύψας
1153 2278 1216 2328 γε
1252 2263 1351 2331 τὴν
1382 2264 1741 2332 Προποντίδα,

353 2349 489 2403 4955
528 2350 634 2403 Kal
666 2350 761 2403 τὸν
795 2350 1048 2419 μέγιστον
1079 2354 1522 2424 Κοντοστέφανον
1552 2357 1760 2409 Δοῦκαν

522 2444 715 2508 Δεῖξας
742 2446 1049 2515 στολάρχην
1080 2446 1175 2499 τοῦ
1203 2449 1391 2500 στόλου
1416 2452 1511 2502 καὶ
1549 2449 1888 2519 προστάτην,

526 2537 669 2606 Πρὸς
701 2538 801 2606 τὴν
836 2539 953 2590 κατ’
985 2538 1179 2607 ἐχθροῦ
1213 2539 1513 2606 δυσμενοῦς
1545 2542 1752 2611 πέμπει
1788 2542 1890 2611 μά-

1671 2626 1817 2698 [χηνν

525 2715 595 2766 ’Ἠ
626 2714 721 2767 καὶ
747 2716 997 2786 φυλακὴν
1022 2718 1185 2787 τῆσδε
1212 2719 1313 2787 τῆς
1344 2721 1761 2774 Κωνσταντίνου
1783 2738 1797 2753 ο
1894 2792 1895 2795 η

525 2808 677 2860 Μετὰ
713 2806 889 2879 βραχὺ
926 2810 982 2863 δὲ
1008 2811 1249 2879 πρέσϐυς
1286 2812 1350 2864 ὲκ
1382 2812 1647 2881 βασιλέως

351 2898 482 2952 ωιυ
526 2898 744 2963 Σταλεὶς
776 2902 915 2971 πρὸς
948 2902 1287 2972 Ἀνδρόνικον
1318 2904 1346 2955 ὁ
1370 2902 1647 2971 Ξιφιλῖνος

530 2988 621 3058 Εἷς
640 2994 752 3047 τῶν
787 2995 1025 3062 ἀρίστων
1057 2996 1336 3066 ὲντρόφων
1366 2997 1695 3064 Ἐκκλησίας

523 3088 890 3157 Ἐπαγγελίας
921 3089 1172 3158 ἀφθόνων
1196 3088 1342 3159 δωρη
1352 3092 1540 3157 μάτων

522 3180 677 3250 Αύτῷ
707 3180 990 3250 προσῆγεν
1019 3179 1188 3244 ἀξιῶν
1208 3198 1269 3233 τε
1307 3179 1576 3250 μειζόνων

525 3270 584 3323 Εἰ
608 3270 817 3340 σκέμμ’
839 3270 1080 3338 ἀφεικὼς
1107 3271 1167 3323 τὸ
1199 3274 1566 3342 προκείμενον
1590 3270 1757 3341 τάχος

346 3364 478 3419 4915
522 3362 888 3433 Παλίνδρομος
920 3365 1130 3433 γένοιτο
1156 3366 1326 3434 χωρὶς
1359 3364 1633 3434 αἱμάτων.

536 3454 593 3510 '0
621 3456 665 3509 δ’
685 3459 744 3510 ού
778 3457 1073 3527 προσέσχει
1094 3473 1109 3489 ·
1137 3456 1415 3527 ὲμὸριθῶς
1437 3457 1495 3509 δὲ
1527 3457 1722 3526 μηνύει

524 3549 865 3619 Παμιφάσει
896 3549 962 3612 δ’,
995 3549 1068 3611 ὦς
1119 3566 1274 3617 φασι,
1308 3550 1402 3602 τοῦ
1441 3548 1739 3617 Ξιφιλίνου,

527 3640 634 3703 Ὦς,
659 3639 727 3693 Εἴ
756 3658 864 3710 περ
890 3641 1232 3711 Ἀνδρόνικον
1265 3641 1506 3709 ἀθρῆσαι
1537 3642 1713 3706 θέλεις

525 3728 689 3783 Πάλιν
711 3730 1053 3798 ἐπανήκοντα
1085 3731 1182 3783 σὺν
1204 3731 1424 3801 ἡσυχίᾳ,

340 3822 480 3877 1930
523 3822 981 3894 Πρωτοσεϐαστὸν
1011 3822 1285 3876 ἀπέλασον
1315 3827 1378 3876 ὲκ
1414 3824 1608 3892 μέσου,

524 3916 630 3970 Kal
650 3915 1033 3985 πλημμελείας
1062 3914 1290 3977 εὐθύνας
1319 3916 1638 3970 ὲνκτιννύτω.

516 4008 581 4060 Σὲ
606 4007 650 4060 δ’
670 4008 705 4077 ἡ
728 4007 961 4060 τεκοῦσα
984 4007 1218 4076 βασιλὶς,
1246 4006 1403 4071 ἄναξ.
1436 4008 1599 4061 πάλιν

516 4099 671 4153 Κατά
696 4101 964 4169 μοναχοὺς
995 4101 1096 4170 τὴν
1128 4098 1289 4169 τρίχα
1327 4100 1654 4171 κειραμένη,

516 4193 637 4244 Βίον
667 4192 864 4260 βιούτω
901 4191 1003 4244 καθ
1049 4193 1249 4262 ἑαυτὴν
1279 4194 1354 4255 ὡς
1383 4192 1523 4245 δέον.

351 4284 479 4338 495ἲὶ
516 4284 587 4335 Σὺ
620 4284 666 4337 δ’
695 4284 772 4348 ὡς
805 4284 1037 4355 πατρῴα
1078 4285 1311 4354 διαθήκη
1344 4284 1619 4351 βούλεται,

523 4378 836 4448 κληροῦχος
868 4378 943 4429 ὣν
970 4378 1174 4433 ἄνασσε
1202 4377 1302 4446 τῆς
1339 4376 1700 4447 κραταρχίας.

515 4470 684 4524 υύπω
710 4468 984 4538 παρῆλθον
1012 4468 1216 4539 ἡμέραι
1255 4467 1448 4539 συχναὶ
1476 4468 1641 4529 πάνυ,

515 4564 623 4615 Kal
652 4558 987 4630 παραλαὸὼν
1015 4560 1113 4622 τὰς
1138 4559 1385 4629 τριήρεις
1409 4557 1536 4623 δοὺξ
1575 4560 1748 4629 μέγας

511 4656 696 4725 Χωρεῖ
718 4652 852 4721 πρδς
885 4652 1229 4721 ’Δνδρόνικον
1257 4653 1482 4723 ἀπτέρῳ
1507 4652 1665 4722 τάχει
1688 4668 1702 4683 ο

348 4747 476 4803 49ιίῡ
516 4748 611 4799 καὶ
641 4744 788 4799 τοῦτ’
818 4746 993 4813 ἐπῆρε
1030 4743 1123 4797 τοῦ
1150 4744 1417 4812 τυράννου
1450 4744 1510 4796 τὸ
1546 4742 1769 4812 θράσος,

513 4837 977 4909 Πρωτοσεὸαστὺν
1007 4837 1053 4891 δ’
1075 4837 1308 4907 ἠφάνισε
1344 4834 1625 4899 καθάπαξ.

516 4930 710 4982 Τοίνυν
735 4928 979 4991 ἀποστὰς
1002 4926 1142 4980 τοῦδ’
1171 4927 1316 4990 atra;
1346 4926 1457 4979 τῶν
1498 4927 1557 4978 έν
1588 4926 1740 4978 πόλει

506 5020 698 5074 Βαλὼν
722 5038 779 5073 τε
816 5020 1010 5074 τοῦτον
1037 5021 1149 5081 τοῖς
1182 5017 1519 5088 σκώμμασιν
1549 5016 1767 5086 ἀνέδην,

519 5114 877 5185 Προστίοεται
908 5113 972 5181 δὴ
994 5114 1249 5182 φανερῶς
1266 5111 1573 5182 ἀποστάτῃ,

345 5203 474 5260 4965
515 5206 621 5258 Kal
647 5204 804 5259 τοῦδε
836 5206 1015 5273 γῆρας
1050 5204 1144 5256 καὶ
1175 5202 1314 5274 φυὴν
1335 5198 1402 5274 ἦν
1432 5203 1731 5271 σεμνύνων.

512 5297 653 5366 Πρὸς
676 5299 787 5357 τοῖς
816 5295 863 5348 δ’
894 5296 1105 5347 ἀνεῖντο
1137 5294 1321 5356 παῖδες
1353 5292 1579 5361 εἱρκτῆς
1604 5293 1679 5355 ὡς
1711 5291 1875 5361 τάχος

512 5384 686 5439 Αὐτοῦ
721 5385 987 5453 τυράννου
1032 5382 1127 5436 καὶ
1156 5382 1559 5435 κατακλείστων
1589 5381 1773 5449 στίφος
1796 5397 1811 5410 °

512 5477 915 5547 Καθείργνυται
945 5475 1024 5540 δὲ,
1052 5474 1154 5544 φεῦ
1183 5475 1353 5544 τύχης
1379 5476 1475 5544 τῆς
1492 5474 1726 5528 ἀστάτου
1752 5476 1766 5527 ι

512 5569 964 5638 Πρωτοσεὸαστὸς
994 5569 1050 5621 ὲν
1085 5567 1272 5635 μέσοις
1292 5566 1627 5634 ἀνακτόροις,

350 5662 476 5716 ιντο
514 5663 621 5716 Καὶ
652 5662 937 5715 σϐέννυται
970 5659 1033 5729 δὴ
1076 5659 1176 5720 τας
1210 5661 1378 5727 κόρας
1406 5656 1515 5710 τῶν
1542 5658 1830 5728 ὀμμάτων,

521 5750 859 5821 ’Δνδρονίκου
890 5749 1173 5820 κρίναντος
1206 5741 1297 5801 ὧδ’
1325 5746 1656 5812 ἀποστάτου,

514 5844 666 5901 Μετά
700 5843 934 5914 φαεινῶν
958 5842 1266 5916 προκρίτων
1297 5839 1583 5910 γερουσίας
1608 5855 1621 5871 ⁸

1946 514 1995 571 Α
2022 514 2253 585 quicum
2286 515 2535 570 eunucho
2563 514 2856 570 Andronici
2888 527 3215 586 congressus

2013 610 2148 663 duce
2172 609 2448 677 copiarum
2483 606 2995 676 Pnphlngouiarum,

2014 701 2225 753 rudium
2258 697 2505 766 quamvis
2533 697 2651 750 belli
2686 698 3074 766 agricolarum,

2012 792 2239 859 turpiter
2270 790 2582 858 proﬂigatus
2613 790 2927 860 Byzantium
2962 789 3118 857 fugit.

2009 885 2149 952 Ergo
2177 900 2300 938 cum
2328 885 2501 937 victus
2528 884 2757 938 redisset
2786 885 2850 937 ad
2890 884 3102 947 urbem,

2008 982 2077 1034 ab
2104 995 2169 1033 eo
2202 977 2487 1047 pecuniam
2514 979 2699 1031 statim
2734 979 3051 1045 repetebant

2006 1072 2172 1137 cives,
2197 1085 2358 1139 quam
2396 1067 2535 1123 bello
2557 1069 2798 1137 gerendo
2834 1068 3196 1136 insumpserat
3229 1083 3243 1121 :

2006 1160 2151 1231 quod
2178 1176 2322 1230 aegre
2352 1160 2533 1215 ferens
2562 1159 2856 1213 maturavit
2882 1157 3062 1228 fugam

2005 1272 2127 1310 cunt
2159 1269 2255 1308 sex
2276 1255 2503 1308 armatis
2543 1253 2880 1321 fortibusque
2908 1252 3112 1312 liberis,

2002 1358 2057 1403 et
2087 1357 2260 1403 semet
2294 1356 2440 1401 recta
2468 1347 2534 1400 ad
2563 1342 2933 1399 Andronicum
2973 1342 3200 1397 contulit
3232 1358 3247 1395 :

2004 1442 2094 1510 qui
2124 1442 2412 1496 roboratus
2434 1441 2623 1510 Angeli
2664 1438 2978 1507 praesentia,

2000 1534 2243 1602 aliosque
2261 1533 2517 1587 omitteus
2543 1547 2810 1600 occupare
2843 1533 3015 1596 locos,

2001 1638 2123 1677 cum
2154 1622 2359 1691 Angelo
2389 1622 2703 1693 Byzantium
2735 1622 2934 1677 direxit
2965 1622 3065 1675 iter
3104 1638 3121 1678 :

1998 1725 2053 1769 et
2082 1731 2205 1769 cum
2232 1713 2591 1769 Cltalcedouis
2621 1724 2765 1769 esset
2788 1715 2840 1768 iu
2872 1715 3090 1780 vicinia,

1999 1805 2071 1859 ibi
2101 1805 2389 1858 tentorium
2422 1805 2539 1858 ﬁxit
2569 1805 2939 1871 substititque.

1928 1867 1970 1921 Β
2002 1897 2420 1952 Protosebastus
2451 1897 2592 1951 haud
2619 1898 2761 1965 potis
2790 1867 3014 1950 Alexius

1996 1988 2234 2042 exercitu
2271 1988 2507 2056 pedestri
2540 1988 2796 2042 rebellem
2824 1988 3153 2057 opprimere,

1998 2081 2233 2134 nauticis
2260 2081 2429 2145 copiis
2460 2080 2818 2136 resistendum
2845 2080 3082 2135 censuit.

1995 2171 2130 2227 Cum
2158 2186 2286 2241 ergo
2313 2173 2570 2241 plurimas
2603 2173 2949 2227 instruxisset
2987 2171 3240 2227 triremes

1995 2261 2069 2316 ita
2103 2272 2157 2315 ut
2190 2273 2352 2317 totam
2385 2264 2666 2332 implerent
2703 2263 3107 2331 l’rOpoutitlem,

1993 2365 2045 2406 et
2070 2354 2565 2423 Contostepltauum
2599 2356 2894 2407 maximum
2935 2356 3135 2408 Ducam

1994 2444 2363 2500 scholarcltaut
2402 2447 2697 2501 creavisset
2725 2462 3103 2516 summumque
3126 2446 3342 2511 ducem,

1988 2630 2147 2697 jussit
2173 2646 2293 2682 cum
2330 2628 2485 2683 hoste
2513 2628 2685 2681 inviso
2724 2629 3029 2691 decertare,

1992 2723 2075 2774 vel
2107 2730 2253 2774 certe
2284 2722 2637 2790 Byzantinam
2665 2721 2824 2773 tutari
2860 2722 3075 2771 urbem.

1994 2812 2159 2866 Paulo
2192 2822 2313 2879 post
2343 2812 2541 2867 missus
2569 2811 2777 2879 legatus
2806 2826 2835 2862 a
2866 2812 3080 2864 Caesare

1904 2942 1905 2945 η
1989 2909 2057 2963 ad
2088 2909 2453 2962 Andronicum
2486 2908 2574 2959 ivit
2602 2906 2934 2972 Xipltilinus,

1991 3015 2129 3053 unus
2163 2999 2447 3053 illustrium
2470 2997 2722 3052 Ecclesia:
2744 2997 3109 3062 alumnarum,

1988 3091 2088 3161 ipsi
2115 3091 2394 3145 oblaturus
2427 3091 2714 3159 plurimam
2745 3088 3028 3158 pecuniam

1914 3197 1960 3258 ρ
1990 3191 2045 3235 et
2069 3180 2387 3250 dignitatum
2421 3180 2605 3235 titulos
2639 3194 2999 3244 summarum,

1992 3274 2060 3336 si,
2093 3274 2236 3342 quod
2260 3282 2593 3339 susceperat,
2616 3273 2823 3326 omisso
2853 3270 3134 3326 molimine

1991 3366 2172 3419 statim
2203 3365 2522 3419 incruentus
2560 3374 2707 3419 retro
2729 3365 2967 3419 cederet.

1990 3456 2208 3518 Renuit,
2238 3469 2303 3508 ac
2332 3457 2566 3524 superbe
2596 3458 2867 3523 respondit
2902 3456 3013 3522 ille,

1990 3559 2049 3601 ut
2070 3546 2214 3601 fama
2245 3557 2328 3602 est
2355 3548 2609 3602 hortante
2636 3547 2916 3616 Xipliilino
2949 3567 2965 3602 :

1990 3638 2048 3694 Si
2080 3639 2317 3708 quidem,
2343 3639 2542 3702 Ca-sar,
2576 3640 2946 3695 Andronicum
2975 3654 3105 3695 aves

1988 3742 2135 3785 retro
2180 3730 2402 3799 paciﬁoc
2422 3732 2700 3786 cedentem
2738 3746 2985 3796 cernere,

1989 3823 2423 3893 protosebastum
2459 3824 2578 3877 loco
2613 3824 2840 3891 depelle,

1985 3917 2387 3983 criminumque
2429 3931 2620 3985 pinnas
2655 3917 2721 3969 ab
2743 3932 2807 3969 eo
2829 3928 3071 3983 reposce.

1984 4005 2250 4058 Praeterea
2285 4006 2467 4073 regina
2501 4020 2694 4072 parens
2728 4014 2817 4059 tua

1985 4096 2369 4150 mouacharum
2398 4097 2571 4151 instar
2590 4106 2801 4151 attonsa
2830 4111 3062 4162 comam,

1985 4185 2173 4248 vitam,
2201 4197 2257 4239 ut
2283 4202 2381 4255 par
2409 4197 2511 4252 εει,
2543 4187 2843 4242 solitariam
2879 4188 3039 4256 degat
3073 4205 3088 4240 :

1987 4288 2042 4330 tu
2072 4291 2221 4340 vero,
2248 4289 2307 4331 ut
2338 4289 2423 4333 est
2451 4280 2501 4332 in
2536 4281 2706 4348 patris
2732 4282 3003 4348 supremis
3034 4277 3250 4343 tabulis,

1982 4368 2159 4424 lateres
2185 4369 2395 4436 imperii
2425 4384 2654 4439 regnate
2679 4369 2976 4439 legitimus.

1982 4458 2177 4514 Paucis
2199 4460 2393 4515 deinde
2417 4461 2618 4530 elapsis
2641 4460 2832 4515 diebus

1908 4557 1951 4613 D
1981 4551 2092 4605 dux
2124 4567 2351 4623 magnus
2375 4554 2603 4622 sumptis
2626 4568 2808 4608 secum
2845 4552 3158 4606 triremibus

1979 4645 2047 4698 ad
2072 4643 2442 4700 Andronicum
2469 4646 2629 4700 celeri
2660 4661 2823 4701 cursu
2868 4644 3006 4714 fugit
3047 4661 3062 4697 :

1977 4752 2099 4806 qua:
2126 4753 2216 4791 res
2245 4738 2460 4809 tyranni
2486 4738 2679 4793 extulit
2707 4739 3009 4802 audaciam,
3067 4750 3072 4756 ‘

1977 4827 2404 4895 protosebastum
2434 4838 2611 4882 autem
2643 4842 2867 4895 prorsus
2887 4827 3051 4897 fregit
3091 4844 3106 4880 :

1976 4917 2290 4987 passimque
2323 4918 2549 4987 populus
2576 4920 2629 4973 in
2671 4923 2803 4973 urbe
2831 4921 3105 4975 rebellans

1977 5006 2124 5063 hunc
2154 5008 2495 5079 impudenter
2524 5013 2813 5081 appetebat
2844 5014 3132 5078 conviciis,

1978 5110 2346 5170 apostatazque
2377 5104 2621 5171 partibus
2651 5105 2980 5169 adbzerebat,

1975 5193 2097 5261 ejus
2123 5193 2397 5248 detnirans
2418 5193 2650 5250 formant
2680 5208 2733 5251 et
2763 5206 3063 5251 senectam.

1976 5284 2202 5353 Insuper
2236 5284 2330 5340 lilii
2363 5286 2667 5341 liberantur
2696 5302 2922 5343 carcere

1976 5383 2186 5446 tyranni
2222 5379 2490 5448 ejusdem,
2512 5380 2710 5448 aliique
2740 5381 2953 5448 plurimi
2982 5395 2998 5433 :

1974 5470 2244 5524 clauditur
2277 5481 2482 5533 autem,
2511 5487 2545 5523 ο
2579 5471 2808 5525 fortuna:
2834 5473 3245 5527 inconstantia!

1976 5560 2387 5629 protosebastus
2416 5561 2562 5629 regio
2586 5562 2636 5614 iu
2670 5560 2894 5628 palatio,

1973 5652 2129 5722 eique
2167 5653 2342 5707 lumen
2373 5655 2654 5706 oculorum
2676 5656 3068 5724 exstinguitur,

1970 5746 2049 5801 sic
2079 5748 2402 5800 decernente
2421 5746 2730 5803 Andronico
2757 5748 2961 5804 rebelle

1973 5854 2092 5894 cum
2131 5837 2535 5908 splendidorum
2562 5854 2853 5911 procerum
2883 5860 3106 5901 corona.

3488 398 3588 461 ιιι)
