3922 6512
242 391 332 457 193
727 365 732 367 ’
923 427 926 430 -
1649 396 1791 458 ατε

727 365 732 367 ’
923 427 926 430 -
1649 395 2019 460 erasmus.

423 497 633 568 Σπουδῇ
663 500 709 553 δ’
742 499 936 556 ἔπειτα
957 502 1225 573 φρατρίας
1249 504 1616 576 Ἀνδρονίκου,

424 587 856 657 Συμδασιλεύειν
897 590 1236 661 Ἀνδρόνικος
1271 595 1578 667 προύκρίθη

421 679 541 750 Νέῳ
578 682 790 750 βασιλεί
815 685 908 735 και
937 684 1137 753 κράτος
1168 688 1494 742 συνδιέπειν.

264 771 392 828 5055
432 775 538 826 Καὶ
569 775 897 830 καταλαϐὼν
919 777 1012 830 τὸν
1042 778 1176 833 Θεοῦ
1216 782 1389 850 μέγαν
1423 783 1587 854 δόμον

422 865 528 917 Καὶ
565 867 891 931 ταινιωθεις,
917 867 994 930 ὡς
1017 867 1138 932 ἔθος
1167 874 1552 943 στεφηφόροις,

375 945 382 956 ’
426 955 625 1022 Ἀρτον
657 955 858 1024 δεῆσαν
891 958 1146 1030 οὐράνιον
1169 959 1440 1029 λαμϐάνει
1465 975 1480 990 ·

424 1046 530 1097 Καὶ
567 1047 709 1098 κατὰ
735 1049 980 1117 φρικτῶν
1014 1049 1206 1121 ὀμνύει
1239 1049 1561 1120 μυστηρίων

418 1128 492 1186 Ἶι
518 1132 626 1204 μὴν
656 1135 918 1202 φυλάξειν
942 1137 1020 1207 τῷ
1050 1139 1155 1208 νέῳ
1184 1139 1512 1208 στεφηφόρῳ

257 1219 384 1275 5040
424 1219 610 1273 Πίστιν
633 1221 941 1292 ἀκραιφνῆ,
968 1223 1064 1276 καὶ
1093 1226 1281 1292 νεμεῖν
1311 1224 1462 1278 τοῦδε
1486 1227 1680 1296 κράτει

418 1313 515 1376 τὴν
543 1311 780 1381 δυνατὴν
814 1311 1095 1384 σύναρσιν,
1128 1314 1203 1377 ὡς
1234 1316 1416 1386 πατὴρ
1447 1316 1622 1384 φίλος.

430 1400 587 1452 Ἐπεὶ
617 1400 661 1454 δ’
688 1401 798 1455 εσω
824 1403 1034 1470 γένοιτο
1065 1404 1172 1456 τῶν
1201 1405 1520 1476 ἀνακτόρων

424 1489 832 1562 Ἀναγορευθεὶς
861 1493 1112 1563 βασιλεὺς
1137 1497 1498 1566 αὐτοκράτωρ

432 1583 702 1653 Ἐφορκος
731 1586 1069 1656 ’Δνδρόνικος
1099 1587 1329 1658 αἱμύλος
1351 1588 1534 1657 φύσει,

250 1673 378 1729 5045
416 1675 654 1744 Μνήμην
680 1674 864 1743 φέρων
893 1674 1116 1729 ἔναυλον
1138 1680 1340 1747 ὁρκίων
1367 1678 1476 1744 ἔτι,

426 1763 511 1825 Ὦς
555 1764 659 1836 θὴρ
687 1767 908 1837 ἐφορμᾷ
931 1767 1012 1837 τῷ
1043 1768 1150 1838 νέῳ
1185 1771 1532 1841 στεφηφόρφ,

421 1856 529 1908 Καὶ
559 1857 698 1910 τόνδ’
724 1858 1064 1930 ὲθοινήσατο,
1106 1860 1207 1930 φεῦ
1237 1860 1459 1930 οἰκτροῦ
1495 1859 1735 1925 πάθουςῐ
1806 1838 1852 1896 Β

412 1947 577 2012 Τόξου
610 1951 719 2019 γὰρ
749 1951 907 2004 αὑτὸν
939 1957 1206 2024 πνιγμονῇ
1231 1955 1428 2023 νευρᾶς
1455 1954 1674 2023 νύκτωρ

417 2041 540 2093 Βίου
576 2043 848 2113 παρόντος
883 2046 1163 2115 δυστυχῶς
1189 2046 1476 2114 ὑπεξάγει,

251 2131 377 2186 5050
414 2131 883 2188 Ἐπεισπεσόντων
912 2136 1045 2205 τῷδέ
1077 2155 1238 2190 τινων
1269 2135 1493 2200 ἀδίκως.

413 2225 518 2278 Καὶ
554 2226 714 2295 σῶμα
742 2228 841 2297 μὲν
863 2228 1044 2282 δίδωσι
1073 2227 1341 2299 θαλάττης
1367 2228 1542 2298 βάθει,

412 2317 520 2387 Τὴν
550 2317 594 2369 δ’
632 2314 699 2371 αὖ
725 2319 967 2389 κεφαλὴν
999 2320 1251 2389 σώματος
1281 2323 1634 2392 τετμημένην

407 2409 498 2461 Ἐν
525 2410 862 2482 παραϐύστῳ
892 2413 1276 2476 καταποντίζει
1301 2412 1612 2483 (ϐἳᾘτόπῳ.

413 2502 597 2566 Οῦτως
628 2502 868 2568 Ἀλεξίου
902 2505 958 2558 δὲ
987 2505 1236 2570 λιπόντος
1267 2506 1381 2575 βίον

247 2591 376 2647 5055
409 2592 750 2665 Ἀνδρόνικος
783 2595 1050 2668 μόναρχος
1082 2595 1238 2667 ὤφθη
1284 2596 1379 2650 τοῦ
1409 2597 1664 2667 κράτους»

407 2687 594 2752 nam;
626 2689 788 2760 ἀνὴρ,
825 2689 1100 2760 ἀποφρὰς,
1124 2689 1309 2743 κακῶν
1342 2689 1565 2760 ρἐτηςν

408 2780 644 2851 Ἀνδρῶν
674 2781 890 2851 ἑριννὺς
919 2784 1012 2835 καὶ
1039 2782 1365 2851 φιλαίματος
1393 2781 1565 2844 κύων,

405 2869 630 2937 Δράκων
656 2869 923 2938 δαφοινὸς,
961 2870 1222 2939 σκορπίος
1253 2871 1625 2941 βροτοκτόνος,

404 2961 587 3014 Κακόν
619 2979 672 3014 τι
694 2962 1007 3032 τερμέριον,
1037 2961 1168 3032 ᾅδης
1197 2963 1523 3030 παμφάγος,

235 3050 370 3104 5000
409 3051 545 3116 Στὺξ
569 3052 868 3122 συμφορῶν
893 3053 1139 3121 γέμουσα
1169 3053 1446 3123 δακρύων,
1481 3055 1645 3121 γόων,

400 3144 591 3207 Φέναξ,
626 3144 882 3214 σοϐαρὸς,
913 3146 1197 3214 ἀγέρωχος
1231 3147 1323 3198 τὸν
1343 3146 1568 3214 τρόπον,

417 3235 722 3301 Ἀπατεὼν,
741 3234 880 3302 eeo,
921 3235 1186 3298 ποικίλος,
1217 3237 1552 3305 χαμαιλέων,

402 3327 520 3379 Τῶν
542 3327 667 3380 καθ’
694 3328 888 3382 ἑαυτὸν
911 3329 1276 3398 ὀργιλώτατος
1301 3331 1502 3401 γέρων,

400 3423 508 3474 Καὶ
544 3423 843 3492 μισοφαὴς,
876 3423 1147 3493 δυσμενὴς
1176 3423 1464 3489 ὑπηκόοις.

240 3512 364 3568 5065
396 3516 597 3585 Δήμιος
618 3515 829 3585 ἀνδρῶν
864 3517 1102 3585 εὐγενῶν
1135 3520 1430 3588 ἀριστέων,

397 3611 508 3662 Καὶ
529 3610 808 3680 βασιλείου
840 3611 932 3663 τοῦ
959 3611 1148 3679 γένους
1175 3612 1467 3681 ἁναιρέτης

407 3704 503 3764 Ὃς
536 3701 872 3771 παραλαϐὼν
901 3703 1000 3771 τὴν
1029 3703 1165 3756 ὅλων
1189 3704 1516 3774 αύταρχίαν,

396 3796 622 3864 Μνηστῇ
653 3795 898 3865 συνήφθη
930 3795 1065 3864 πρὸς
1097 3789 1309 3865 γάμους
1357 3798 1594 3864 Ἀλεξίου

395 3887 528 3940 Δίαν
567 3885 822 3954 ἁθέσμως
849 3885 1172 3955 φιλόπορνος
1191 3888 1266 3940 ὢν
1296 3889 1496 3958 γέρων.

239 3976 362 4029 5οἹ0
409 3977 730 4046 Ἐκλιπαρεϊ
755 3976 811 4028 δὲ
840 3978 1188 4047 πατριάρχῃν
1211 3980 1482 4049 ποιμένας

396 4067 495 4120 Τοῦ
535 4070 671 4136 πρὸς
701 4067 956 4138 Μανουὴλ
979 4070 1168 4139 ὁρκίου
1201 4070 1388 4124 λαὸεῖν
1413 4071 1572 4126 λύσιν
1605 4093 1617 4107 ·

397 4164 456 4214 0i
492 4161 539 4214 δ’
569 4162 644 4224 ὡς
684 4163 752 4215 τὰ
784 4162 959 4215 πάντα
989 4163 1122 4233 πρὸς
1148 4164 1306 4232 χάριν
1343 4167 1438 4219 καὶ
1471 4169 1654 4235 φιλίαν

392 4257 616 4323 Δεσμεῖν
645 4271 702 4306 τε
743 4254 893 4307 λύειν
916 4255 1053 4325 πρὸς
1085 4256 1221 4308 Θεοῦ
1249 4257 1580 4327 δεδεγμένει,

404 4348 738 4414 ’Λμνηστίαν
772 4347 995 4416 ἔνειμαν
1011 4349 1195 4418 ἠνομη
1206 4349 1406 4416 μένων,

236 4435 360 4490 5075
396 4438 505 4490 Καὶ
528 4436 684 4489 λύσιν
713 4439 890 4507 ὅρκων
934 4437 1209 4491 δυσλύτων
1240 4438 1318 4507 τῷ
1347 4441 1614 4510 πείμπέλῳ
1635 4458 1648 4470 ’

393 4529 499 4581 Καὶ
527 4529 730 4596 φαῦλον
759 4528 911 4598 ἔσχον
942 4530 1290 4598 ἀντιμισθίαν
1319 4531 1507 4601 γέρας,

392 4621 537 4688 Σφᾶς
582 4620 944 4688 συνεδρεύειν,
974 4622 1024 4672 εἰ
1053 4620 1228 4690 τύχοι,
1256 4624 1573 4696 καθημένῳ,
1599 4663 1632 4672 -

389 4713 592 4765 Τούτου
625 4713 1077 4781 τυραννήσαντος,
1110 4713 1184 4776 ὠς
1212 4713 1317 4783 ἔφη
1343 4714 1522 4783 λόγος,

406 4803 795 4857 Ἀποστατοῦσι
823 4803 915 4856 τοῦ
960 4803 1195 4872 κράτους
1235 4805 1344 4856 τῶν
1371 4807 1647 4870 Αὐσόνων,

234 4891 360 4946 5080
393 4894 572 4946 Εῐκειν
599 4894 846 4963 τυράννῳ
877 4894 951 4963 μὴ
977 4893 1228 4948 θέλουσαι
1272 4896 1409 4965 πρὸς
1439 4897 1586 4966 βίαν,

394 4985 615 5052 Προῦσά
642 5001 702 5038 τε
730 4986 827 5038 καὶ
856 4985 1062 5040 Νίκαια
1096 4986 1338 5040 Βιίλυνῶν
1371 4990 1576 5054 πόλεις.

398 5075 666 5144 Στρατιάν
695 5074 890 5128 οὐκοῦν
942 5075 1277 5144 Ἀνδρόνικος
1303 5077 1550 5146 ὁπλίσας,

397 5170 538 5222 meo
569 5169 801 5231 Νικαίας
829 5170 967 5221 ίεται
996 5169 1170 5238 Θυμοῦ
1197 5173 1397 5234 πνέων,

392 5262 500 5316 Καὶ
530 5260 680 5332 τήνδ’
707 5261 846 5314 ἑλεῖν
881 5260 1108 5314 ἔσπευδε
1135 5265 1514 5334 τειχομαχίαις

235 5351 361 5408 5085
397 5355 506 5408 Καὶ
541 5355 810 5424 μηχαναῖς
838 5369 900 5420 γε
934 5353 1028 5406 καὶ
1054 5355 1254 5422 μάχαις
1281 5356 1662 5424 πολυτρόποις,

391 5449 557 5501 Οὐδὲν
580 5448 743 5500 πλέον
775 5445 820 5500 δ’
851 5447 1015 5518 ἤνυεν
1056 5449 1206 5510 ἱστὰς
1235 5448 1332 5518 τὴν
1370 5450 1570 5519 μάχην,

398 5539 536 5594 Ἀλλ’
559 5537 626 5612 ἦν
660 5541 870 5609 ἀσινὴς,
903 5537 1189 5601 ὰτίνακτος
1214 5540 1246 5608 ἡ
1274 5539 1447 5606 πόλις,

391 5633 522 5696 Ταῖς
559 5633 828 5703 μηχαναῖς
859 5646 918 5684 τε
950 5632 1044 5683 καὶ
1069 5629 1236 5699 βελῶν
1268 5633 1388 5693 ταῖς
1417 5633 1653 5700 νιφάσιν.

264 5794 368 5863 (02)
397 5795 524 5852 Cod.
557 5797 965 5874 xamxovugst.

1823 515 1870 566 Α
1901 507 2018 562 Mox
2048 508 2339 578 conjuratm
2368 528 2481 568 sua:
2511 513 2771 569 factionis
2790 517 2970 570 studio

1897 601 2081 653 socius
2105 601 2314 670 imperii
2344 602 2690 660 Andronicus
2731 607 2948 671 dicitur,

1896 697 1954 739 ut
1977 686 2180 757 juvene
2212 705 2334 746 cum
2371 709 2496 764 rege
2535 712 2644 750 rem
2674 711 2945 752 summam
2975 709 3212 766 gereret.

1894 779 2060 849 Igitur
2091 783 2446 853 progrediens
2469 786 2522 840 in
2559 788 2814 856 templum
2854 790 3176 856 maximum,

1893 885 2044 927 more
2074 873 2326 939 solemni,
2363 876 2647 932 redimitur
2677 887 2987 947 stemmate,

1890 973 2052 1030 atque
2081 965 2287 1022 cmlesti
2325 968 2427 1022 rite
2449 982 2586 1037 pane
2615 972 2853 1025 vescitur
2886 989 2900 1003 ’

1889 1053 2074 1123 ibique
2108 1055 2463 1114 formidandis
2487 1059 2541 1113 in
2576 1062 2854 1130 mysteriis

1901 1143 2052 1212 jurat
2073 1161 2134 1200 se
2160 1147 2318 1202 ﬁdem
2349 1149 2677 1206 adolescenti
2713 1153 2823 1222 regi

1888 1233 2166 1290 immotam
2193 1248 2555 1308 servaturum,
2589 1243 2813 1312 ejusque
2843 1245 3070 1314 imperio

1887 1340 1985 1400 pro
2011 1329 2216 1384 viribus
2243 1328 2518 1386 fauturum
2551 1343 2611 1387 ut
2645 1345 2852 1404 patrem
2889 1337 3065 1392 decet.

1884 1413 2090 1472 Deinde
2121 1419 2327 1488 regium
2359 1423 2635 1492 ingressus
2658 1425 2918 1493 palatium

1883 1508 2322 1582 acelamatusque
2349 1531 2444 1570 rex
2472 1527 2526 1572 et
2553 1518 2848 1588 imperator

1881 1600 2101 1669 perﬁdis
2127 1604 2470 1663 Andronicus
2497 1607 2777 1665 blanditiis
2807 1627 2957 1676 usus,

1883 1703 2154 1749 recentem
2182 1700 2510 1753 sacramenti
2541 1701 2855 1756 memoriam
2882 1718 3094 1773 gerens,

1881 1783 2028 1840 illico
2059 1800 2238 1856 regem
2265 1787 2518 1854 juvenem
2551 1793 2886 1861 aggreditur,

1879 1888 2112 1946 eumque
2141 1888 2356 1944 mactat,
2386 1882 2522 1950 proh
2550 1883 2775 1952 lugubre
2808 1884 3049 1939 facinus!

1879 1966 2091 2023 Etenim
2117 1983 2276 2025 arcus
2303 1987 2468 2026 nervo
2495 1987 2651 2028 noctu
2692 1977 3012 2043 strangulat,

1879 2059 2065 2128 sicque
2095 2061 2364 2118 infelicem
2395 2066 2521 2118 vita».
2555 2065 2778 2133 impertit
2811 2071 2990 2134 ﬁnem,

1879 2165 2010 2206 usus
2040 2153 2106 2206 ad
2135 2153 2187 2208 id
2215 2158 2571 2222 quorumdam
2602 2158 2783 2226 iniquo
2815 2158 3008 2214 oﬁlclo.

1877 2241 1943 2296 Et
1971 2259 2169 2313 corpus
2202 2246 2421 2314 quidem
2449 2250 2645 2318 mergit
2673 2250 2939 2318 profundo
2973 2254 3132 2320 mari,

1877 2335 2125 2390 avulsmn
2158 2347 2338 2392 autem
2383 2339 2691 2395 cervicibus
2722 2353 2883 2409 caput

1875 2435 2085 2482 secreto
2112 2427 2232 2482 loco
2271 2429 2640 2498 sepeliendum
2668 2435 2875 2497 curat.;

1877 2517 1968 2573 Sic
1995 2535 2124 2589 ergo
2144 2520 2332 2577 Alexio
2359 2524 2641 2579 deserente
2669 2527 2854 2589 vitam,

1873 2610 2020 2666 solus
2055 2612 2340 2682 imperium
2368 2617 2542 2670 tenuit
2568 2617 2928 2686 Andronicus,

1875 2705 1956 2757 vir
1983 2719 2169 2769 canus,
2199 2709 2550 2764 detestandus
2582 2723 2635 2766 et
2668 2714 2964 2782 maleﬁcus,

1874 2796 2076 2850 civium
2107 2798 2363 2868 Erinnys,
2401 2803 2645 2870 caidique
2671 2805 2936 2859 anhelans
2972 2808 3142 2872 canis,

1874 2887 2036 2941 draco
2068 2901 2346 2955 cruentus,
2379 2893 2736 2960 scorpiusque
2763 2893 2999 2958 lethifer,

1873 2976 2201 3032 horrendum
2233 2990 2556 3048 monstrum,
2590 2999 2750 3040 orcus
2785 2987 3132 3047 insatiabilis,

1872 3066 2004 3139 Styx
2041 3071 2195 3138 plena
2223 3073 2481 3141 miseriis,
2512 3075 2822 3144 gemitibus,
2849 3077 3122 3147 Iacryntis,

1874 3155 2118 3223 dolosus,
2155 3162 2406 3230 tetricus,
2445 3165 2689 3218 moribus
2713 3166 2978 3233 superbis,

1872 3248 2148 3317 deceptor,
2176 3262 2512 3318 assentator,
2553 3256 2879 3324 versipellis,
2916 3257 3127 3320 varius,

1870 3352 2038 3396 senex
2073 3358 2296 3398 suorum
2333 3352 2635 3416 temporum
2669 3348 3086 3413 i'utiosissituus,

1869 3432 2157 3503 lucifugus,
2192 3437 2316 3490 etin
2345 3430 2589 3493 subditos
2615 3439 2693 3493 ira
2725 3441 2942 3508 plenus,

1870 3535 2120 3581 natorum
2153 3527 2273 3582 loco
2305 3530 2471 3584 nobili
2504 3532 2742 3586 virorum
2779 3531 3048 3598 carnifex,

1867 3618 2098 3687 denique
2123 3619 2282 3689 regia:
2310 3622 2606 3676 exstinctor
2636 3624 2926 3692 prosapiae.

1866 3709 1967 3775 Qui
1998 3726 2212 3766 summo
2240 3727 2419 3767 rerum
2451 3725 2713 3782 occupato
2751 3716 2978 3783 imperio

1864 3803 2037 3858 Alexii
2069 3818 2322 3872 sponsam
2355 3806 2455 3860 sibi
2491 3806 2906 3875 nuptiis'juuxit,

1864 3891 2068 3946 scelere
2098 3891 2385 3948 manifeSto
2415 3903 2683 3948 scortator
2711 3911 2899 3950 senex.

1863 3981 2002 4048 Quin
2034 3984 2358 4038 sacramenti
2386 3983 2622 4038 Mauueli
2655 3987 2881 4054 prwstiti

1864 4087 1893 4126 a
1927 4073 2237 4142 patriarcha
2270 4073 2432 4143 petiit
2463 4083 2626 4143 atque
2659 4077 2928 4146 episcopis

1861 4164 2250 4221 absolutionem
2282 4182 2296 4219 :
2330 4167 2423 4234 qui
2457 4167 2754 4223 servientes
2786 4172 2973 4238 gratiae

1859 4271 1958 4326 pro
1985 4272 2081 4312 suo
2107 4259 2306 4326 ligandi
2330 4259 2678 4328 solvendique
2702 4260 2931 4315 arbitrio

1861 4352 2120 4407 divinitus
2146 4368 2426 4420 concesso,
2461 4357 2722 4410 dederunt
2761 4357 2997 4432 veniam,

1857 4451 1968 4496 tam
2000 4446 2148 4512 gravi
2179 4458 2523 4504 sacramento
2557 4449 2825 4504 solventes
2851 4464 3033 4503 senem
3072 4467 3086 4504 :

1857 4534 2257 4608 ridiculumque
2282 4539 2580 4594 retulerunt
2611 4541 2906 4607 praamium,

1859 4643 2050 4699 nempe
2083 4637 2140 4683 ut
2179 4647 2300 4687 cum
2333 4633 2448 4695 ipso
2478 4633 2749 4690 interdum
2779 4634 3148 4698 considerent,

1861 4721 1974 4777 lloc
2005 4731 2312 4788 exercente,
2345 4733 2401 4778 ut
2447 4724 2705 4792 diximus,
2748 4726 3108 4794 tyrannidem,

1858 4830 1889 4869 a
1925 4815 2289 4872 Romanorum
2323 4817 2571 4874 deiecere
2602 4819 2851 4889 imperio,

1858 4904 2141 4978 propterea
2171 4908 2314 4979 quod
2342 4919 2572 4980 tyranno
2597 4924 2790 4980 parere
2816 4913 3048 4976 nollent,

1858 5001 2019 5054 urbes
2054 4999 2318 5069 Bythiniae
2347 5000 2516 5056 Prusa
2545 5013 2599 5057 et
2629 5000 2828 5058 Nicaea.

1856 5088 2026 5158 Igitur
2059 5091 2399 5146 Andronicus
2430 5093 2696 5147 inStructo
2721 5095 2964 5150 exercitu

1856 5180 2038 5235 statim
2069 5181 2298 5238 Nicaeam
2326 5183 2495 5252 pergit
2525 5184 2659 5238 iram
2696 5187 2931 5252 spirans,

1856 5287 2015 5340 quam
2048 5272 2319 5326 nitebatur
2341 5288 2534 5342 capere
2565 5276 2764 5330 muenia
2796 5278 3067 5346 quatiens,

1854 5374 1910 5416 et
1943 5363 2209 5419 machinis
2242 5374 2296 5419 et
2324 5364 2481 5418 vario
2511 5380 2702 5434 pugna:
2735 5383 2956 5434 genere.

1854 5452 1964 5508 Nec
2002 5465 2176 5508 tamen
2205 5457 2342 5511 bene
2365 5459 2544 5510 evenit
2573 5462 2920 5530 oppugnatio,

1838 5547 1948 5626 Ised
1979 5546 2134 5601 ﬁrnta
2164 5539 2291 5602 urbs
2314 5551 2590 5617 perstabat
2625 5560 2785 5620 atque
2816 5553 3106 5613 incolumis

1857 5637 2137 5694 machinas
2171 5648 2358 5694 contra
2388 5638 2724 5712 telorumque
2757 5646 2997 5704 nimbos.

3363 404 3464 472 194
