3922 6520
432 416 536 486 199
1528 392 1861 455 EPHIMZM
1876 391 1931 449 ll
1973 386 2434 449 CURONUGRA
2445 384 2577 446 l’III
3570 365 3677 430 200

426 523 623 595 reliqui
657 521 815 580 bouis
845 515 1190 574 nudabantnr
1223 512 1441 573 misere,

432 628 697 675 matronas
726 610 1073 682 virginesque
1101 598 1603 661 debonestabantur
1634 611 1650 650 :

336 753 354 777 _,
429 707 614 764 omnia
643 702 837 774 templa
870 709 927 757 et
955 696 1336 767 parthenopzea

430 796 873 869 despoliabantur
895 788 1134 846 violenta
1165 799 1332 840 manu
1353 798 1371 837 :

429 891 625 961 platea:
646 900 862 953 omnes,
891 883 1230 953 angiportus,
1262 876 1384 945 via‘,

430 982 743 1042 morticinis
765 978 1081 1048 corporibus
1112 972 1286 1043 plena:
1309 974 1487 1033 erant,

431 1077 752 1144 cruentique
783 1069 891 1126 tabi
918 1067 1050 1123 rivis
1079 1058 1474 1120 redundabant.

433 1171 577 1239 Ergo
601 1167 858 1236 laeryma‘.
881 1158 1103 1228 ubique,
1132 1154 1330 1217 luctus,
1356 1150 1586 1212 clamor,

436 1260 692 1326 ululatus,
722 1265 778 1312 et
802 1251 1084 1310 horribilis
1114 1244 1377 1316 tragmdia
1402 1258 1419 1296 :

436 1354 518 1409 sic
543 1349 688 1405 enim
719 1342 911 1416 paucis
938 1340 1120 1395 dicere
1151 1350 1264 1390 rem
1300 1329 1481 1385 verbis
1504 1327 1654 1398 juvat
1679 1340 1695 1390 ;

398 1444 401 1445 ⁷
437 1443 740 1510 mistusque
772 1433 1048 1490 ferebatur
1076 1429 1141 1482 ad
1175 1423 1373 1481 caelum
1408 1421 1635 1474 clamor.

435 1534 615 1601 Atque
642 1507 727 1582 bis
755 1523 948 1580 civitas
977 1514 1312 1573 atterebatur
1346 1507 1524 1563 malis.

437 1593 892 1679 At'Andronicus‘
924 1609 1181 1666 malitiam
1210 1618 1375 1673 suam
1395 1614 1503 1654 non
1532 1593 1808 1654 desinens,

441 1708 574 1779 quin
603 1705 736 1760 adeo
760 1717 861 1759 ceu
890 1698 1149 1752 furiarum
1181 1691 1400 1762 quidam
1434 1682 1687 1746 famulus,

446 1778 501 1856 et
528 1797 925 1868 lympliatorum
953 1788 1253 1843 daamonum
1286 1778 1554 1842 minister,

445 1864 683 1949 crudelis
710 1899 903 1953 nempe
925 1882 1162 1939 Ecbetus
1195 1875 1281 1929 vel
1304 1864 1636 1939 Cambysesd

444 1986 529 2040 vel
556 1981 803 2037 Phalaris
832 1977 1044 2033 ferinus
1078 1971 1160 2025 vel
1194 1966 1402 2037 Scytha
1438 1957 1703 2015 Tauricus

444 2074 691 2130 subditos
727 2076 952 2123 cunctos
983 2064 1145 2118 miser
1176 2056 1491 2115 devorabat.

446 2166 657 2224 Etenim
682 2162 886 2217 fratres
914 2152 1266 2212 Sebastianos
1288 2148 1427 2203 duos

447 2261 567 2315 diro
592 2267 882 2327 suspensos
920 2245 1193 2305 interfecit
1220 2243 1385 2313 ligno.

448 2348 700 2404 Alexium
737 2338 1000 2397 blanuelis
1034 2336 1261 2390 nothum
1289 2330 1482 2392 filium,

451 2441 537 2496 cui
578 2436 819 2508 spuriam
846 2433 1007 2487 filiam
1036 2424 1427 2498 suam_jngarat
1456 2416 1680 2486 nuptiis,

452 2531 625 2588 oculis
658 2541 873 2583 cassum
905 2520 1037 2577 fecit
1065 2514 1333 2574 sententia
1371 2511 1579 2580 iniqua,

456 2626 683 2698 ejusque
710 2618 949 2691 potiores
984 2611 1222 2669 asseclas
1252 2603 1567 2663 excarcavit.

457 2693 704 2775 scribam
740 2720 916 2768 autem
947 2706 1232 2777 quemdam
1260 2701 1462 2756 dictum
1496 2693 1782 2749 Mamalum

457 2810 693 2867 ﬂammis
728 2801 1061 2860 exurendum
1097 2796 1154 2852 in
1186 2792 1361 2849 stadio
1396 2786 1637 2843 tradidit.

457 2899 815 2972 Tripsychum
841 2906 1079 2966 quoque,
1114 2905 1147 2943 υ
1166 2887 1370 2956 justum
1403 2880 1497 2936 Dei
1516 2878 1779 2948 judicium
1802 2879 1815 2933 l

456 2994 644 3063 inique
675 2988 860 3046 multis
891 2985 1121 3057 pessima
1157 2979 1249 3050 qui
1285 2977 1513 3038 fecerat,

461 3099 666 3143 caecum
700 3082 938 3149 solisque
966 3077 1131 3131 radiis
1159 3081 1432 3129 carentem
1460 3067 1609 3122 fecit.

461 3180 642 3247 Atque
668 3185 728 3229 ut
751 3170 1063 3229 summatim
1094 3166 1441 3231 breviterque
1468 3160 1666 3220 dicam,

461 3269 624 3338 hujus
648 3264 843 3321 novelli
874 3272 1115 3332 tempore
1150 3256 1422 3323 Timonis,

463 3375 665 3433 ptume,
699 3356 941 3420 tristitia,
977 3353 1349 3409 calamitatum
1383 3351 1631 3407 cumulus

466 3485 695 3533 cunctos
723 3473 1002 3534 tenebant,
1033 3468 1391 3538 lacrynneque
1415 3464 1593 3535 jnges,

465 3579 523 3625 et
555 3567 817 3623 malorum
850 3564 1069 3633 quidam
1103 3569 1311 3616 torrens
1338 3573 1401 3611 ac
1432 3563 1749 3626 tempestas.

466 3658 584 3726 Qua
617 3657 704 3711 die
731 3653 877 3710 enim
908 3649 1114 3707 nemini
1146 3647 1284 3704 male
1310 3647 1533 3712 fecerat,

470 3747 737 3805 nobilium
764 3757 959 3814 nempe
982 3740 1261 3798 hominum
1291 3748 1452 3808 atque
1485 3750 1798 3810 procerum,

469 3842 572 3897 hac
597 3856 657 3896 se
691 3838 889 3894 vixisse
919 3851 1026 3891 non
1052 3833 1276 3905 putabat
1299 3832 1409 3889 die.

473 3933 709 3989 Feminae
737 3944 865 3999 ergo
893 3937 949 3982 et
976 3926 1079 3981 viri
1109 3925 1249 3995 rapti
1277 3924 1529 3979 domibus

475 4023 689 4089 vinclis,
718 4020 882 4086 fame,
915 4016 1204 4078 mortibus,
1239 4012 1643 4077 vexationibus,

474 4115 757 4172 oculorum
779 4110 1012 4165 orbitate
1040 4118 1095 4163 et
1120 4104 1469 4171 cruciatibus,

471 4207 702 4274 aliisque
732 4202 911 4274 pinnis
945 4196 1312 4270 plectebantur
1341 4193 1579 4249 innocui.

2033 509 2080 563 Δ

2325 496 2513 552 Ἀλλοι
2552 495 2609 549 δὲ
2643 493 2806 550 πάλιν
2836 488 3176 546 ισκυλεὸοπ⁸
3200 485 3424 549 ἀθλίως·

2316 590 2584 651 Γυναῖκες
2605 584 2890 656 ὑϐρίζοντο
2920 580 3215 652 παρθένοις
3253 579 3393 649 ἅμα.

2318 682 2430 734 Καὶ
2453 681 2565 743 πᾶς
2593 676 2731 741 νεώς
2758 692 2844 740 τις
2882 673 3173 746 παρθένων
3197 688 3260 724 τε
3286 670 3384 725 καὶ
3406 668 3577 738 δόμος

2322 772 2446 825 Τῶν
2479 770 2631 824 ἔνδον
2660 768 2926 840 1ἠρήμωτο
2959 764 3182 819 πάντων
3207 762 3347 831 πρὸς
3376 757 3523 830 βίαν·

2143 862 2285 920 5210
2321 863 2482 929 Πᾷσα
2509 860 2556 915 δ’
2586 861 2752 928 ἀγυιὰ
2779 858 2875 911 καὶ
2904 853 3183 917 στενωπὸς
3207 852 3307 906 καὶ
3337 850 3530 922 τρίϐος

2319 952 2760 1023 Αίματοφύρτοις
2774 945 2844 1021 ἦν
2870 946 3187 1018 κεχραμένη
3210 941 3457 1014 λύθροις,

2321 1047 2434 1100 Καὶ
2464 1043 2802 1114 νεκριμαίων
2824 1038 3093 1109 σωμάτων
3119 1032 3511 1105 πεπλησμένη·

2325 1135 2672 1206 Πανταχόθεν
2698 1133 2829 1204 γοῦν
2857 1131 3093 1202 δάκρυα,
3128 1128 3346 1199 θρῆνος,
3377 1124 3530 1193 γόος,

2323 1231 2436 1285 Καὶ
2458 1226 2705 1289 κώκυτός
2730 1241 2839 1287 τις,
2865 1223 2961 1277 καὶ
2978 1218 3257 1292 τραγῳδία
3297 1216 3449 1287 ξένη,

2149 1322 2293 1393 ξαίὕ
2329 1321 2452 1375 Ἵνα
2477 1316 2736 1383 καθάπαξ
2773 1314 3008 1368 συνελὼν
3035 1312 3096 1366 τὸ
3121 1312 3232 1365 πᾶν
3273 1310 3491 1379 φράσω,

2327 1413 2438 1466 Καὶ
2466 1410 2747 1482 συμμιγὴς
2770 1407 2933 1479 θροῦς
2965 1404 3302 1476 ἁνεπέμπετ⁹
3329 1401 3548 1472 ἀθρόον.

2329 1502 2558 1558 Τοιοῖσδ’
2585 1501 2923 1571 ὲτετρύχωτο
2954 1500 3147 1561 κακοῖς
3172 1498 3204 1566 η
3242 1494 3419 1557 πόλις.

2343 1598 2402 1651 '0
2432 1597 2478 1651 δ’
2516 1594 2859 1667 Ἀνδρόνικος
2891 1592 3002 1644 τῶν
3030 1589 3213 1643 κακῶν
3239 1587 3342 1640 οὑκ
3366 1583 3587 1657 ἡμέλειθ

2338 1686 2482 1742 ’Δλλ’
2505 1681 2596 1739 οἷα
2621 1684 2807 1748 δοῦλος
2841 1681 3083 1753 ἀτεχνῶς
3117 1677 3385 1750 ὲριννύων

2158 1780 2298 1837 5220
2337 1780 2407 1833 Ἢ
2435 1779 2693 1850 τελχίνων
2718 1776 2794 1831 ῶν
2818 1775 3087 1844 δαιμόνων
3108 1771 3410 1841 ὑπηρέτης,

2337 1871 2550 1938 Ἥγουν
2580 1867 2796 1940 ἀπηνὴς
2826 1867 3057 1937 Ἔχετος
3090 1864 3126 1933 ἢ
3158 1858 3492 1931 Καμϐύσης.

2346 1966 2420 2019 Ἦ
2442 1965 2679 2035 Φάλαρις
2703 1963 2896 2032 ἄγριος
2916 1960 2949 2031 ἢ
2978 1954 3372 2029 Ταυροσκύθης

2341 2058 2582 2128 ὑπήκοον
2605 2055 2715 2108 πᾶν
2733 2052 3055 2122 ὲκρεανόμει
3080 2048 3274 2110 τάλαςο

2354 2147 2695 2218 Ὀμαίμονας
2726 2144 2828 2214 μὲν
2851 2140 3251 2203 Σεϐαστιανοὺς
3281 2137 3375 2192 δύο

2166 2243 2309 2298 5ἥ5
2348 2240 2547 2299 Κακῶς
2583 2237 2796 2307 ἁναρτᾷ
2837 2235 2933 2289 καὶ
2954 2234 3178 2288 θανατοῖ
3203 2231 3281 2301 τῷ
3312 2228 3477 2299 ξύλῳ.

2353 2332 2586 2395 Ἀλέξιον
2608 2331 2666 2384 δὲ
2696 2328 2955 2398 Μανουὴλ
2980 2327 3143 2380 παῖδα
3173 2324 3350 2389 νόθον,

2348 2428 2446 2479 ‘Ov
2472 2418 2584 2493 εἶχε
2618 2439 2686 2491 γα
2697 2420 2871 2493 μϐρὸν
2898 2424 2979 2485 είς
3003 2418 3282 2487 θυγατέρα
3307 2414 3492 2485 νόθην,

2353 2514 2444 2580 Ἐξ
2472 2514 2740 2585 ὀμμάτων
2768 2510 2981 2582 τίθησιν
3004 2510 3176 2580 ἀδίκῳ
3204 2507 3351 2579 δίκῃ,

2340 2610 2454 2662 Καὶ
2477 2607 2586 2660 τῶν
2616 2606 2710 2661 ὑπ’
2736 2605 2899 2659 αὑτὸν
2938 2603 3202 2672 ὲκτυιρλοῖ
3251 2601 3380 2662 τοὺς
3437 2596 3688 2671 βελτίους

2166 2702 2308 2761 ὕὲὖί)
2342 2701 2481 2756 Ἕνα
2510 2699 2566 2754 δὲ
2590 2698 2681 2753 τὸν
2699 2697 2966 2768 Μάμαλον
3000 2693 3363 2766 ὑπογραφέων

2346 2795 2486 2865 [lupi
2517 2791 2900 2863 παραδέδωκεν
2934 2789 2991 2843 ὲν
3008 2787 3087 2858 τῷ
3114 2784 3335 2858 σταδίῳ.

2347 2887 2456 2939 Καὶ
2493 2883 2767 2954 Τρίψυχον
2796 2880 2841 2934 δ’
2871 2876 2961 2946 αὗ,
2990 2881 3066 2942 ὡς
3091 2877 3300 2933 ἐπαινῶ
3346 2876 3421 2942 θ’,
3447 2869 3494 2931 ὦ
3544 2873 3710 2945 δίκηί

2348 2978 2445 3039 Ὃς
2482 2974 2707 3047 ἔδρασεν
2736 2973 2985 3043 χείριστα
3006 2966 3234 3032 πολλοὺς
3259 2965 3485 3028 ἀδίκως.

2349 3066 2555 3136 Ἔθηκε
2582 3063 2783 3133 τυφλὸν
2811 3064 2886 3133 μὴ
2914 3059 3181 3131 βλέποντα
3214 3053 3531 3127 φωσφόρον.

2065 3199 2109 3256 C
2175 3162 2318 3218 3235
2361 3161 2452 3223 Ὦς
2486 3160 2545 3212 ἑν
2574 3155 2859 3226 κεφαλαίῳ
2896 3155 2953 3209 δὲ
2987 3154 3081 3207 καὶ
3121 3150 3319 3223 βραχεῖ
3346 3149 3540 3217 φάναι,

2370 3252 2487 3321 Ἐφ’
2513 3249 2735 3320 ἡμερῶν
2765 3245 2955 3301 τούτου
2983 3261 3047 3316 τε
3074 3244 3323 3315 Τίμωνος
3347 3239 3577 3312 τρόπον,

2355 3343 2573 3413 Θλίψις,
2605 3340 2790 3415 ὀδύνη,
2826 3337 3123 3409 συμφορῶν
3159 3336 3451 3408 μυρμηκία

2357 3440 2570 3502 Πάντας
2603 3439 2845 3506 κατεῖχε,
2881 3436 3079 3506 συνοχή
3106 3450 3165 3488 τε
3188 3430 3466 3500 δακρύων,

2355 3532 2469 3586 Καὶ
2492 3530 2747 3603 χαλεπῶν
2786 3528 3017 3599 σύρροια
3041 3526 3137 3580 καὶ
3171 3522 3495 3595 τρικυμίας

2183 3623 2325 3681 5240
2365 3622 2505 3677 Καθ’
2537 3621 2604 3695 ἣν
2632 3622 2740 3692 γὰρ
2769 3620 2873 3675 οὑκ
2895 3619 3088 3691 ἔδρασε
3119 3616 3308 3680 κακῶς
3349 3613 3576 3687 ἡμέραν

2356 3715 2480 3768 Τῶν
2505 3730 2627 3768 τινα
2652 3711 2921 3783 λαμπρῶν
2952 3709 3151 3782 τιμίων
3186 3707 3300 3762 τῶν
3329 3706 3390 3761 ὲν
3405 3703 3584 3773 τέλει,

2360 3804 2655 3859 Παντάπαν
2689 3800 2919 3856 ἀϐίωτον
2936 3799 3113 3872 ἡγεῖθ’
3137 3801 3372 3871 ἡμέραν*

2360 3896 2522 3951 Ὅθεν
2555 3897 2832 3964 γυναῖκες,
2860 3894 3050 3962 ἄνδρες
3083 3891 3315 3962 ἠγμένοι
3347 3888 3443 3960 βίᾳ

2358 3987 2577 4057 Φρουρᾷ
2597 4001 2654 4038 τε
2685 3983 2861 4055 λοιμῷ
2899 3984 2993 4037 καὶ
3029 3981 3247 4036 κολάσει
3279 3980 3373 4032 καὶ
3400 3978 3579 4049 μόρῳ,

2181 4080 2321 4137 5245
2370 4078 2548 4132 ὀπῶν
2582 4076 2764 4131 σϐέσει
2792 4092 2851 4129 τε
2887 4074 3227 4145 σωματικαῖς
3256 4069 3486 4134 αίκίαις,

2371 4172 2597 4234 Ἀλλαις
2620 4187 2681 4224 τε
2719 4170 2936 4231 ποιναῖς
2968 4161 3305 4236 παρεδίδοντ’
3332 4161 3556 4223 ἀδίκως.

2316 4260 2321 4263 Ἴ
2363 4262 2605 4319 Τοιαῖσδ*
2636 4258 2962 4332 ὲνησμένιζε
2984 4257 3240 4328 πράξεων
3266 4253 3425 4319 ἄναξ·

2368 4360 2561 4427 Ὅμως
2588 4355 2837 4425 μετεῖχεν
2875 4348 3095 4419 ἀγαθῶν
3122 4349 3217 4402 καὶ
3245 4348 3504 4418 μετρίων*

2371 4449 2615 4503 Ἔθαλπε
2643 4444 2865 4513 καὶγὰρ
2897 4442 3127 4512 δωρεαῖς
3158 4440 3420 4510 ὑπηκόων

2088 4526 2130 4581 Ι)
2195 4544 2336 4602 5150
2374 4544 2513 4604 Τοὺς
2543 4538 2742 4601 ἐνδεεῖς
2774 4553 2834 4588 τε
2857 4538 2951 4588 καὶ
2977 4534 3216 4603 πένητας
3249 4530 3547 4595 πλουσίως.

473 4297 570 4353 llis
589 4311 648 4353 se
669 4294 973 4351 oblectabat
999 4289 1209 4345 actibus
1235 4289 1550 4357 imperator.

474 4388 580 4446 Sed
609 4386 736 4444 boni
767 4369 1026 4454 quiddam
1053 4382 1299 4451 aequique
1326 4379 1487 4434 simul
1511 4378 1687 4433 inerat
1714 4388 1735 4440 :

476 4497 600 4538 nam
628 4477 905 4536 beneficiis
929 4473 1209 4531 recreabat
1231 4473 1481 4545 plurimis

473 4587 739 4651 pauperes
767 4570 1015 4627 subditos
1049 4576 1369 4634 tenuesque,
1403 4563 1670 4634 siquidem

475 4679 602 4723 vere
625 4664 727 4720 sibi
751 4660 1039 4718 benevolos
1052 4657 1381 4726 comperiret
1405 4671 1419 4708 :

477 4774 543 4816 ac
572 4754 988 4829 praepotentium
1020 4752 1251 4821 injustas
1273 4748 1655 4820 direptiones,-

478 4848 885 4917 criminumque
914 4843 1118 4899 fontem
1147 4842 1429 4896 avaritiam

478 4948 678 4996 cuncto
713 4936 962 4993 Romano
989 4935 1318 4989 submovens
1345 4930 1596 5000 imperio.

480 5032 690 5089 meliori
714 5027 1010 5084 conditioni
1052 5024 1360 5095 provincias
1387 5021 1639 5079 reddidit.

479 5123 635 5179 Tunc
670 5134 937 5189 nusquam
966 5115 1239 5172 eaactoris
1270 5116 1512 5168 audisses
1546 5114 1738 5178 minas,

483 5217 571 5286 qui
606 5213 920 5269 tenuiorum
949 5208 1273 5280 patrimonia
1310 5213 1560 5275 quateret
1634 5200 1635 5203 “

2371 4634 2475 4688 Ἢν
2505 4629 2829 4692 εὐνοοῦντας
2861 4626 3058 4700 ᾔσθετο
3089 4625 3230 4694 σφᾶς
3255 4624 3474 4689 ἀδόλως·

2370 4725 2485 4780 Καὶ
2521 4723 2630 4777 τῶν
2660 4720 2908 4775 δυνατῶν
2942 4719 3198 4789 ἁρπαγὰς
3221 4717 3319 4780 τὰς
3351 4716 3574 4777 ἀδίκους

2373 4820 2483 4873 Καὶ
2506 4815 2715 4871 κακιῶν
2739 4814 2941 4868 πίδακα
2972 4809 3309 4876 πλειονεξίαν

2383 4910 2481 4963 Ἕκ
2523 4907 2824 4978 Ῥωμαῖδος
2850 4905 3128 4967 ἀπελάσας
3166 4904 3383 4974 χωρίων

2197 5003 2338 5062 5255
2388 5000 2693 5070 Ἐπαρχίας
2719 4999 2927 5070 ἤγαγεν
2961 5000 3039 5057 εἰς
3063 4997 3357 5058 ἐπιδόσεις.

2376 5092 2491 5145 Οὐκ
2513 5086 2581 5161 ἢν
2606 5088 2840 5157 ἀπειλὴν
2872 5090 3181 5159 πράκτορος
3218 5085 3408 5138 κλύειν
3435 5084 3554 5136 τότε

2377 5186 2491 5241 Καὶ
2522 5184 2590 5237 τά
2620 5182 2870 5253 πενήτων
2903 5181 3079 5234 πάντα
3108 5179 3534 5249 καλαμωμένου,

2396 5277 2486 5329 Ἐν
2513 5273 2594 5343 τῷ
2626 5274 2785 5344 μόνον
2818 5271 3091 5342 πρόφασιν
3120 5269 3301 5339 εὑρεῖν
3322 5268 3546 5334 κακίας,

484 5307 783 5378 quamlibet
808 5300 1110 5360 obtendens
1144 5298 1364 5352 malitia:
1390 5311 1636 5363 causam;

488 5427 665 5482 neque
689 5404 893 5462 venalia
928 5400 1171 5470 exposita
1197 5396 1423 5449 vidisses

487 5486 932 5568 tnnc’veetigalia
963 5492 1178 5565 publica
1215 5485 1647 5557 redemptoribus
1681 5503 1696 5539 :

494 5610 680 5651 verum
708 5593 798 5662 qni
823 5587 1023 5643 Caesari
1048 5600 1163 5639 rem
1197 5583 1433 5637 dedisset
1458 5577 1708 5640 Caesaris,

488 5689 557 5743 de
584 5684 791 5754 reliquo
816 5681 1065 5735 securam
1094 5675 1288 5745 agebat
1321 5678 1509 5725 vitam.

490 5775 611 5831 Jam
646 5778 738 5844 qui
770 5774 970 5828 tributa
997 5767 1215 5840 publica
1246 5764 1501 5831 exigebat

494 5865 778 5941 inpendiis
811 5866 922 5937 ipse
955 5864 1255 5923 instructus
1280 5858 1331 5913 id
1358 5856 1504 5926 iuste
1540 5851 1726 5921 agebat

2381 5369 2457 5422 Οὑ
2487 5365 2759 5437 δημοσίων
2794 5363 2988 5426 ὠνίους
3020 5364 3118 5423 τὰς
3145 5362 3326 5413 ἐκτίσε
3358 5377 3385 5423 ς

2202 5466 2342 5522 5⁸260
2395 5462 2557 5531 Ὀρᾷν
2578 5447 2909 5524 τελουμένας
2939 5473 2999 5522 γε
3030 5457 3141 5515 τοῖς
3177 5453 3497 5524 ᾑρημένοις,

2226 5570 2231 5573 '
2393 5553 2531 5609 Ἀλλ’
2560 5551 2789 5612 ἀποδούς
2818 5567 2900 5610 τις
2932 5549 3168 5615 Καίσαρι
3200 5550 3268 5598 τὰ
3302 5546 3599 5614 Καισάρων

2394 5648 2639 5714 ’Υπῆρχε
2665 5641 2849 5693 λοιπὸν
2879 5640 3092 5708 ἀπαθὴς
3125 5637 3316 5692 κακῶν
3350 5638 3457 5691 ἐπ’

2392 5742 2481 5804 Ὠς
2512 5738 2745 5806 δημόσια
2779 5737 2887 5797 πᾶς
2916 5752 2999 5796 τις
3029 5736 3382 5803 είαπρὰττων
3422 5733 3551 5789 τότε

2395 5829 2671 5898 ὐςκωνίομ
2694 5822 2760 5897 ἦν
2786 5824 2899 5879 τάδ’
2941 5824 3188 5878 ἁπαιτῶν
3211 5826 3269 5879 ὲν
3289 5824 3435 5898 δίκῃ.

436 5999 538 6027 ρῶν.
