3922 6544
387 356 494 422 203
1501 349 1908 413 mum/mu
1951 347 2559 411 amnemamnem
3092 310 3100 317 ’
3536 344 3655 409 eos

389 474 662 540 largisque
693 464 826 523 fovit
859 462 1017 519 donis
1044 468 1202 533 prout
1232 460 1316 516 fas
1336 467 1473 514 erat.

385 564 506 620 Jam
543 578 663 618 cum
692 563 782 618 hic
799 569 945 617 esset
966 574 1192 630 prorsus
1218 557 1392 612 lanius
1424 555 1730 619 hominum,

391 661 502 714 Imo
528 672 657 713 vero
682 654 849 711 Salan
893 653 1026 709 alter
1058 652 1352 715 homicida,

392 753 491 809 ubi
510 750 775 820 concepit,
812 757 871 803 ut
902 747 977 802 ait
1011 745 1202 810 David,
1243 744 1505 811 dolorem,

390 843 722 913 iniquitates
760 837 998 910 peperit!
1036 836 1197 900 eheu,
1222 842 1471 889 mortem.

391 935 675 989 Decretum
714 930 792 993 ﬁt,
824 928 955 998 proh
988 925 1341 982 inhumanum
1373 921 1623 977 facinus!

386 1038 445 1082 ut
477 1025 657 1082 cuncti
686 1023 879 1079 inclusi
913 1035 1133 1077 carcere
1158 1018 1241 1074 vel
1281 1016 1499 1074 exsules

389 1121 548 1185 mari,
578 1118 661 1174 vel
699 1116 902 1188 gladio,
934 1113 1020 1168 vel
1054 1112 1161 1167 alio
1197 1111 1390 1166 mortis
1418 1121 1637 1179 genere,

395 1210 610 1265 nemine
631 1217 878 1277 excepto,
915 1206 1039 1260 vitae
1076 1205 1235 1258 tinem
1275 1208 1521 1265 cernant,

391 1301 490 1368 ipsi
524 1308 579 1356 et
608 1298 880 1368 conjuneti
915 1309 1107 1352 omnes
1130 1296 1251 1364 jure
1271 1291 1502 1362 generis.

391 1391 501 1447 Cur
532 1392 697 1457 enim,
734 1391 832 1455 ait,
866 1402 977 1444 uno
1007 1395 1221 1443 resecto
1252 1386 1451 1455 capite,

386 1483 491 1538 alia
520 1491 848 1551 consurgent
878 1480 1031 1550 plura
1066 1489 1121 1534 et
1155 1477 1374 1547 pejora?

388 1576 514 1631 hem
543 1573 904 1638 exsecranda,
944 1571 1214 1627 horribilis
1254 1566 1559 1625 sententia!

386 1668 510 1722 hem
543 1664 885 1720 maledictum
919 1662 1220 1718 satanicum
1257 1661 1565 1723 decretum,

388 1773 415 1811 a
448 1772 555 1827 quo
586 1764 664 1811 tot
692 1756 839 1810 letho
866 1752 1282 1810 destinabantur
1319 1753 1603 1809 homines!

385 1850 573 1918 Atque
596 1848 697 1903 hoc
717 1847 1037 1917 inscriptum
1073 1845 1269 1900 libellis
1299 1846 1578 1901 decretum

383 1942 454 1997 ab
487 1940 844 2010 iniquissimis
875 1944 1152 2007 acceptum
1180 1936 1461 2008 judicibus

385 2032 730 2089 Andronicus
754 2032 1050 2102 imperator
1076 2030 1418 2086 custodiebat
1451 2047 1467 2085 :

386 2126 550 2192 idque
581 2125 684 2180 heu
718 2123 1046 2196 quantocius
1081 2130 1442 2178 exsecuturus
1467 2131 1607 2187 erat,

384 2219 648 2287 pecudum
684 2216 858 2270 instar
889 2223 967 2269 tot
1001 2213 1250 2269 homines
1275 2211 1553 2283 jugulans,

384 2315 652 2379 quotquot
682 2320 778 2375 per
800 2304 1088 2372 imperium
1115 2305 1167 2357 in
1201 2303 1394 2357 vinclis
1427 2314 1587 2359 erant

384 2415 507 2455 cum
538 2395 958 2467 consanguineis
996 2396 1209 2451 cunctis
1244 2403 1299 2449 et
1326 2393 1622 2461 aﬂinilmsﬁ

386 2492 491 2546 nisi
521 2489 750 2545 Creator
786 2486 1002 2559 generis
1052 2486 1275 2542 humani
1306 2500 1370 2541 ac
1405 2484 1662 2542 Dominus

387 2589 827 2654 praeoccupasset
851 2579 1080 2649 perdere
1106 2577 1504 2644 Andronicum,

390 2672 627 2743 taliaque
651 2673 704 2727 in
736 2685 953 2727 cassum
985 2680 1198 2726 vertere
1228 2670 1485 2726 consilia.

387 2764 612 2820 Interim
651 2762 993 2819 Andronicus
1024 2771 1216 2818 cuncta
1252 2774 1487 2818 cernens

387 2858 619 2914 adversa
652 2856 756 2913 sibi
785 2854 906 2911 ﬁeri
928 2863 982 2910 et
1015 2852 1248 2910 diﬁicilia

384 2959 609 3023 propter
639 2950 876 3006 victores
904 2947 1118 3005 Siculos
1152 2947 1451 3012 exercitus,

383 3041 475 3111 qui
506 3032 952 3101 Thessalonicam
977 3048 1401 3108 occupaverant,

385 3144 547 3204 prout
577 3132 827 3203 superior
855 3132 1104 3187 narravit
1123 3130 1375 3193 historia,

387 3235 444 3281 et
468 3239 611 3279 nunc
640 3224 754 3294 jam
784 3223 976 3279 Serras
1004 3224 1362 3294 Bolerumque
1388 3226 1757 3295 advenerant;

384 3320 609 3389 insuper
638 3333 839 3389 gnarus
864 3318 1095 3374 subditis
1120 3334 1179 3375 se
1209 3319 1463 3388 invisum,

384 3412 452 3466 ad
491 3410 840 3465 divinandum
887 3412 1142 3482 temporis
1170 3412 1335 3468 futuri
1363 3430 1523 3469 casus

384 3517 483 3569 per
511 3500 760 3557 homines
785 3501 1020 3557 hariolos
1050 3505 1318 3559 convertit
1347 3504 1585 3562 animum

385 3592 748 3648 abominanda
780 3600 937 3648 utens
970 3593 1372 3664 hydromantia.

384 3688 455 3743 Et
483 3687 746 3741 interesse
778 3685 991 3754 quidem
1023 3701 1146 3742 cum
1176 3687 1398 3743 hariolis

388 3777 561 3833 noluit
590 3777 726 3847 ipse,
758 3776 1085 3833 derisionem
1123 3793 1361 3845 cavens;

387 3858 575 3926 verum
604 3868 719 3925 haec
749 3870 997 3925 ministro
1024 3870 1297 3925 commisit
1332 3868 1610 3940 Stephano

320 4026 343 4037 κ
387 3976 541 4017 sacra
574 3971 841 4017 DOCIUI'IIO
868 3972 1108 4032 ιεῃιροτθ
1138 3977 1396 4032 peragere
1431 3982 1445 4019 ἶ

383 4052 477 4122 ιι·ιί
508 4051 575 4106 ad
609 4067 668 4107 se
696 4068 894 4109 vecaus
926 4052 1147 4109 Sethum
1182 4057 1469 4124 quemdam
1510 4062 1728 4116 nomine

385 4158 609 4209 cautum,
640 4143 734 4198 sed
766 4153 880 4199 arte
908 4144 1197 4211 hariolum,
1228 4148 1299 4202 ob
1329 4147 1492 4220 idque
1522 4152 1649 4206 olim

382 4235 528 4304 justa
557 4235 823 4292 sententia
858 4237 1030 4292 oculis
1062 4238 1332 4308 privatum

386 4341 417 4380 a
451 4325 692 4381 Manuele
722 4341 971 4398 pnrpurze
1004 4330 1164 4399 regizn
1194 4329 1454 4398 ﬂosculo;

386 4420 719 4488 interrogare
744 4422 906 4492 coepit
935 4424 1106 4478 malos
1140 4424 1417 4481 daemonas

383 4526 481 4580 per
505 4511 726 4567 nefaria:
758 4515 892 4568 artis
933 4506 1386 4581 incantationes,'

379 4605 630 4673 quisnam
667 4612 788 4676 post
824 4606 1193 4662 Andronicum
1225 4606 1408 4663 Cmsar
1445 4606 1620 4663 foret?

380 4696 465 4751 vel
496 4696 654 4768 hujus
689 4697 943 4768 quisnam
976 4708 1194 4769 raperet
1229 4699 1561 4769 imperium?

381 4787 598 4844 Dmmon
630 4803 695 4844 ex
728 4789 867 4858 pelvi
899 4791 1086 4845 retulit
1115 4790 1397 4861 ambigua,

383 4889 439 4931 et
467 4881 796 4954 perobscure
825 4879 952 4934 dum
985 4895 1082 4950 per
1112 4896 1306 4950 aquam
1336 4882 1578 4954 loquitur

382 4950 682 5026 delinearit
698 4972 894 5029 litteris
916 4972 1221 5042 fallacibus,

380 5073 640 5134 quantum
672 5065 944 5137 conjicere
974 5064 1146 5132 licuit,
1180 5067 1464 5127 lsaacium.

380 5156 494 5212 Nec
530 5172 657 5212 vero
684 5157 918 5213 nominis
940 5169 1134 5213 cuncta
1163 5159 1429 5219 elementa
1461 5164 1703 5234 scripsit,

382 5249 480 5302 sed
514 5247 829 5319 semiplena:
850 5247 1046 5303 obtulit
1079 5259 1336 5323 tauquam
1370 5253 1512 5308 luna:

380 5340 610 5409 ﬁguram
653 5339 1009 5408 dimidiatam,
1037 5351 1200 5412 atque
1232 5344 1484 5416 ambigue

381 5433 431 5486 ei
463 5431 602 5486 lunae
638 5431 747 5486 iota
782 5431 1018 5489 litteram
1042 5437 1355 5505 praposuit.

1994 1801 2041 1857 Β

2284 458 2433 526 Σφάς
2462 458 2691 529 δωρεαῖς
2717 455 2910 528 ἦδυνεν
2934 453 3134 525 ἁϐραῖς
3159 452 3236 518 ὡς
3254 451 3434 524 θέμις⁴

2105 549 2247 606 5525
2288 551 2387 602 Ὧν
2412 551 2455 603 δ’
2484 550 2724 621 ἀτεχνῶς
2759 550 3023 619 μάγειρος
3052 548 3358 620 ἀνθρώπων
3386 548 3495 613 ὅδε,

2278 642 2498 695 Μᾶλλον
2522 640 2581 694 δὲ
2606 640 2782 695 Σατὰν
2820 640 2982 704 ἄλλος
3012 639 3109 694 ἀνθ
3120 640 3494 710 ρωποκτόνος,

2279 725 2357 805 ᾞ
2391 749 2524 805 φησι
2544 732 2734 797 Δαδὶδ,
2760 732 3034 804 ὠδινήσας
3061 732 3125 803 δὴ
3164 732 3347 796 πόνον,

2276 826 2630 897 Παρανομὶας
2652 825 2959 894 ἀποτίκτει,
2986 826 3088 895 φεῦ
3115 827 3128 880 ε
3165 824 3355 896 μόρονο

2277 917 2501 989 Ὠριστο
2529 917 2728 984 τοίνυν,
2758 916 2804 971 ὣ
2831 916 3218 987 μισανθρώπου
3243 916 3467 988 τρόπου,

2103 1007 2243 1065 5550
2277 1009 2728 1081 Καθειργμένους
2759 1010 3087 1079 ξύμπαντας
3115 1008 3225 1061 εἴτε
3258 1009 3505 1077 φυγάδας

2284 1103 2490 1179 Ἀρδην
2519 1102 2666 1174 βυθῷ
2692 1119 2751 1156 τε
2784 1106 2876 1157 καὶ
2904 1102 3173 1173 ξίφεικαὶ
3205 1102 3422 1171 θανάτῳ

2278 1194 2693 1263 Παραδοθέντας
2723 1196 2816 1249 τὸν
2844 1195 2961 1266 βίον
2991 1196 3413 1266 καταστρέφειν,

2282 1287 2491 1351 Δύτούς
2520 1303 2579 1340 τε
2617 1288 2825 1350 πάντας
2849 1286 2947 1340 καὶ
2980 1288 3370 1358 προσήκοντας
3396 1286 3576 1356 γένει.

2277 1375 2343 1429 Τί
2364 1378 2470 1449 γάρ
2506 1378 2748 1449 κεφαλῆς
2772 1379 2821 1431 εἰ
2855 1381 2985 1449 μιᾶς
3007 1378 3359 1449 τετμημένης

2101 1469 2241 1525 5355
2272 1470 2547 1539 Φυήσεται
2582 1472 2796 1542 κάρηνα
2828 1473 2999 1541 χείρω
3029 1471 3121 1524 καὶ
3146 1469 3329 1537 πλέως

2281 1564 2346 1615 Ὢ
2369 1563 2694 1633 παμμιάρου
2714 1562 2808 1617 καὶ
2831 1561 3152 1633 θεοστυγοῦς
3179 1563 3359 1633 δίκης,

2280 1654 2391 1707 Καὶ
2421 1655 2712 1709 σατανικοῦ
2759 1656 3076 1726 σκέμματος
3109 1656 3393 1727 μισητέον,

2277 1747 2720 1818 Κατακρίνοντος
2751 1750 2954 1813 παντὸς
2981 1748 3269 1820 ἀνθρώπου
3298 1747 3499 1819 μόρονὶ

2277 1839 2511 1911 Σκέμμα
2536 1843 2771 1912 πονηρὸν
2799 1842 3077 1911 ἐγγραφὲν
3107 1842 3297 1912 τόμοις
3330 1841 3453 1895 τόδε

2099 1927 2239 1985 5340
2273 1931 2416 2002 Πρὸς
2440 1930 2550 1984 τῶν
2579 1931 2872 2002 κρινόντων
2894 1932 3072 2003 άνομα
3099 1932 3465 1997 δικασπόλων,

2289 2023 2528 2094 Εἶληφεν
2569 2026 2906 2096 Ἀνδρόνικος
2934 2027 3227 2095 φυλάττειν
3245 2025 3499 2097 κράτωρ’

2284 2116 2350 2169 ’0
2374 2115 2578 2186 τάχ’ἂν
2608 2117 2851 2189 ὲξήνυτο,
2889 2116 2989 2188 φεῦ
3015 2119 3030 2173 l
3064 2118 3200 2187 φεῦί
3232 2117 3366 2187 πρὸς
3388 2117 3596 2183 πέρας.
3642 2160 3651 2171 .
3706 2180 3713 2185 ᾗ

2277 2208 2391 2261 Καὶ
2415 2209 2619 2273 πάντες
2665 2210 2999 2278 ἐσφάττοντο
3028 2209 3365 2280 θρεμμάτων
3392 2208 3554 2279 δίκην

2278 2300 2345 2352 Ol
2377 2301 2654 2372 πανταχοῦ
2678 2301 2786 2373 γῆς
2823 2302 3079 2357 Αὐσόνων
3109 2301 3506 2373 καθειργμένοι

2104 2392 2248 2447 5545
2288 2394 2394 2448 Σὺν
2422 2396 2535 2460 τοῖς
2562 2395 2684 2450 καθ’
2724 2389 2866 2465 αἷμα
2885 2395 2983 2451 καὶ
3009 2398 3351 2465 προσήκουσι
3382 2392 3563 2462 γένει,

2280 2487 2345 2539 Εἰ
2378 2488 2455 2558 μὴ
2479 2487 2810 2560 βροτουργδς
2828 2487 2937 2541 τῶν
2969 2489 3107 2543 ὅλων
3138 2487 3235 2542 καὶ
3266 2486 3551 2555 Δεσπότης

2287 2581 2527 2651 Ἔθηκεν
2573 2580 2917 2651 Ἀνδρόνικον
2945 2578 3190 2635 ἐκποδὼν
3220 2580 3458 2649 φθάσας,

2278 2672 2581 2742 Σκέμματα
2599 2671 2645 2725 δ’
2670 2672 2955 2739 ἀπέδειξεν
2984 2673 3165 2743 ἄκυρα
3198 2671 3348 2726 τάδε·

2280 2757 2451 2827 Οὗτος
2476 2765 2640 2819 στενά
2666 2766 2715 2817 οἱ
2740 2763 2991 2833 καθορῶν
3024 2763 3368 2834 πανταχόθεν

2109 2852 2251 2909 5550
2294 2855 2605 2924 Πράγματα
2639 2854 3010 2927 συμϐαίνοντα
3039 2854 3280 2908 δύσκολα
3309 2854 3451 2910 πάνυ

2290 2943 2385 2996 Ἐκ
2405 2940 2663 2999 Σιλικεῶν
2685 2947 2978 3018 δυσμάχων
3000 2950 3447 3020 στρατευμάτων,

2284 3036 2467 3109 ’Δπερ
2495 3040 2886 3111 παρεστήσατο
2920 3041 3347 3113 Θεσσαλονίκην,

2297 3127 2384 3193 Ὠς
2416 3129 2608 3183 ἀνόπιν
2638 3131 2860 3202 εἴρηκεν
2890 3134 3127 3209 ἱστορεζν
3154 3134 3388 3203 φθάσαν,

2279 3220 2392 3274 Καὶ
2425 3222 2589 3296 μέχρι
2621 3223 2840 3296 Σεῤῥῶν
2871 3227 2965 3280 καὶ
2997 3210 3231 3297 Βολεροῦ
3265 3226 3573 3297 πεφθάκειο

2105 3308 2246 3366 5353
2280 3312 2423 3381 Πρὸς
2458 3314 2504 3367 δ’
2529 3313 2596 3370 αὖ
2631 3317 2809 3387 ἑαυτῷ
2842 3317 3147 3389 δυσμενοῦς
3182 3320 3428 3390 ὑπηκόου

2293 3404 2509 3460 Ἀπετδε
2542 3408 2681 3479 πρὸς
2740 3410 3050 3480 πρόγνωσιν
3085 3406 3161 3465 ὧν
3211 3410 3426 3482 μέλλων
3461 3410 3619 3482 χρόνι

2286 3497 2397 3567 Τὴν
2417 3499 2642 3553 ἔκϐασιν
2675 3500 2888 3555 δίδωσιν
2917 3503 3234 3575 ἠρωτηκόσι

2280 3591 2392 3661 Τὴν
2419 3589 2511 3644 διὰ
2536 3591 2741 3645 πλυνοῦ
2774 3596 3049 3664 μαντικῆς
3073 3612 3133 3647 τε
3156 3595 3456 3665 φευκτέας.

2294 3682 2455 3738 Ἀλλά
2490 3686 2744 3755 παρεῖναι
2770 3688 2883 3750 τοῖς
2913 3688 3259 3757 τελουμένοις
3285 3689 3409 3741 τότε

2104 3772 2245 3830 5560
2276 3774 2448 3838 Αὐτὸς
2487 3777 2588 3845 μὲν
2619 3776 2916 3841 ἀπείπατο,
2952 3777 3147 3846 μῶμον
3182 3780 3450 3834 ἐκκλίνων

2294 3869 2359 3923 ’Υ
2364 3887 2437 3942 πη
2447 3869 2577 3942 ρέτῃ
2602 3870 2647 3924 δ’
2681 3871 3196 3944 ἀγιοχριστοφοριτῃ

2284 3963 2471 4031 Φέρων
2501 3960 2785 4029 ἀνατίθησι
2815 3964 3240 4033 νυκτερτασίαν·

2288 4056 2385 4117 Ὃς
2419 4051 2753 4123 παραλαόὠν
2783 4071 2908 4107 τινα
2934 4053 3042 4124 Σὴθ
3098 4056 3443 4127 κεκλημένον

2278 4145 2463 4214 llr;pr
2490 4144 2587 4214 μὲν
2604 4142 2778 4212 ὄψεις,
2807 4148 3076 4215 μαντικὴν
3105 4147 3151 4199 δ’
3172 4149 3510 4217 ἠσκημένον,

2106 4233 2247 4289 5565
2282 4232 2357 4286 Οὖ
2390 4234 2550 4305 χάριν
2588 4234 2895 4301 ἑγκέκοπτο
2920 4235 3017 4296 τὰς
3043 4235 3213 4304 κόρας
3243 4238 3406 4288 πάλιν

2281 4324 2426 4395 Πρὸς
2456 4325 2871 4395 πορφυρανθοῦς
2899 4326 3185 4397 Μανουὴλκ
3213 4327 3341 4397 μάλ’
3396 4327 3672 4393 ἐνδίκως*

2284 4420 2625 4474 Πυνθάνεται
2652 4421 2715 4490 δή
2746 4424 2855 4475 τῶν
2885 4424 3141 4493 πονηρῶν
3169 4424 3503 4492 πνευμάτων

2279 4512 2497 4582 Φαύλης
2534 4513 2749 4583 ἐπῳδῆς
2796 4515 3031 4582 μαντικῇ
3077 4517 3507 4585 πεπραγμένης,

2282 4603 2475 4667 Ὅστις
2506 4606 2622 4673 μετ’
2658 4604 2996 4672 Ἀνδρόνικον
3018 4606 3200 4671 ἄρξων
3229 4609 3515 4677 τυγχάνει,

2109 4694 2250 4750 5570
2284 4695 2355 4747 Ἦ
2379 4695 2714 4765 παραλύσων
2760 4696 2909 4749 τόνδε
2967 4696 3064 4766 τῆς
3094 4700 3461 4768 κραταρχίας,

2232 4816 2245 4829 ί
2280 4786 2506 4852 Πνεῦμα
2530 4787 2575 4839 δ’
2602 4788 2811 4841 ἀνεῖλεν
2833 4791 2896 4841 ἐκ
2930 4787 3130 4842 πλυνοῦ
3163 4788 3509 4860 βεϐυσμένα,

2282 4866 2505 4932 Μᾶλλον
2527 4878 2570 4931 δ’
2599 4878 2854 4949 ἀμυδρῶς
2887 4880 2962 4943 ὡς
2992 4882 3048 4932 ὲν
3080 4880 3236 4934 ὕδασι
3262 4880 3418 4949 λέγον

2287 4973 2633 5040 Σκιαγραφεῐ
2664 4973 2956 5042 γράμμασι
2988 4973 3440 5043 πεπλανημένοις

2298 5054 2590 5129 Ἰσαάκιον,
2623 5063 2699 5126 ὡς
2730 5062 2855 5131 ὲνῆν
2888 5065 3226 5118 ἀπεικάσαιο

2106 5156 2247 5213 5575
2284 5156 2360 5208 Οὐ
2395 5155 2641 5224 κλήσεως
2671 5154 2980 5225 γράμματα
3019 5156 3288 5221 συντάξαν
3314 5158 3435 5220 ὅλα,

2292 5247 2506 5317 Ὠσπερ
2530 5245 2757 5320 σελήνης
2780 5246 2840 5298 δ’
2868 5247 3217 5319 ἀμφικύρτου
3244 5252 3537 5317 φαντάσαν

2300 5338 2588 5407 Ἥμιτονον
2617 5337 2804 5407 σχῆμά
2824 5355 2876 5391 τι
2908 5338 2999 5397 καὶ
3020 5340 3431 5409 πεπλασμένον,

2288 5432 2401 5485 Καὶ
2423 5429 2568 5484 τοῦδ’
2605 5430 2736 5486 ἰῶτα
2761 5431 3071 5503 προγράφει
3094 5431 3267 5500 λοξῶς
3295 5434 3474 5488 τύπον
3522 5436 3647 5507 (65)

462 5629 575 5709 (63)
613 5628 852 5709 8οἰ1ἰεει
873 5630 1130 5709 antiquus
1180 5640 1337 5704 typus
1356 5632 1542 5709 _Gr:eci
1591 5632 1838 5709 sigmal‘is
1884 5644 1970 5709 est
2077 5649 2183 5709 nou
2215 5630 2582 5709 prrepositam,
2621 5630 2714 5688 sed
2749 5632 3090 5706 subjunctam
3127 5631 3319 5702 fuisse,
3352 5636 3422 5691 ob
3456 5652 3675 5709 angen-

383 5702 446 5772 Cr.
474 5706 556 5755 cui
608 5703 890 5772 praeposita
920 5702 937 5755 l
973 5702 1105 5757 satis
1140 5702 1497 5771 portendebat
1530 5719 1724 5757 nomen
1783 5705 1965 5757 Isaaeii
2076 5707 2199 5759 dam
2228 5705 2652 5772 artrbiguitatenr.

382 5771 473 5827 lC.
499 5773 693 5828 Verum
723 5771 943 5829 Nicetas
976 5773 1269 5830 Chouiates
1290 5772 1418 5829 hist.
1439 5788 1500 5839 ιι,
1520 5775 1573 5840 9,
1602 5778 1673 5829 ait
1700 5776 1963 5829 litteram]
