3922 6528
249 267 298 299 κ

308 441 439 508 2‘39

1787 445 2162 508 (ΪίΕΞΑΒΕΞ.

558 558 648 622 ’0;
680 558 822 629 φθὰς
855 559 994 630 ἔφην
1049 557 1323 629 φεύγοντα
1359 557 1494 630 πρὸς
1525 557 1924 629 Ταυροσκύθας
1953 566 1995 615 Λ
2027 558 2107 611 dtu

1916 573 1924 619 :
1953 566 1995 615 A
2027 558 2154 612 dum
2195 555 2425 628 fugeret,
2459 564 2518 610 ut
2545 552 2798 618 diximus,
2832 552 2898 607 ad
2929 551 3160 622 Srythas
3185 547 3465 612 Tauricos,

557 650 792 705 Ἀνακτι
825 653 1178 722 παρέστησαν
1222 651 1496 722 Ἰσαακίῳ.

355 743 514 800 5495
551 744 664 798 Kal.
697 744 884 799 λοιπὸν
909 745 1049 808 οἵαις
1093 744 1374 815 ἐξέτριψεν
1401 743 1608 807 αἰκίαις

551 837 749 900 Ὀσαις
773 855 833 890 τε
863 839 1075 899 ποιναῖς
1119 837 1389 899 ἰσαόικιος
1415 837 1639 906 κράτωρ

553 931 660 984 Τὸν
688 930 875 985 ἄθλιον
899 930 1134 1001 γέροντα
1169 931 1320 985 τόνδε
1350 933 1444 986 καὶ
1470 931 1613 1001 βίαις

552 1023 667 1076 Οὐκ
697 1022 762 1077 ἄν
789 1041 874 1086 τις
905 1022 1174 1094 ἰσχύσειεν
1206 1025 1383 1078 εἰπεῖν
1410 1024 1606 1094 ῥαδίως
1627 1039 1640 1054 ·

552 1116 744 1184 Ὅμως
776 1115 1049 1185 φράσαιμ’
1081 1115 1146 1169 ἂν
1177 1115 1413 1169 συνελὼν
1447 1117 1588 1168 κατὰ
1626 1115 1810 1177 σθένος
1834 1131 1848 1145 ⁸

355 1210 517 1263 5500
559 1209 968 1278 Καθείργνυται
1001 1209 1192 1279 πρῶτα
1233 1209 1330 1277 μὲν
1361 1206 1516 1270 οὗτος
1547 1211 1626 1272 είς
1659 1208 1815 1261 πόλιν

554 1302 789 1372 Δεσμοῖς
820 1302 1061 1370 σιδηροῖς
1093 1301 1326 1363 ἑνδεθε¹ις
1358 1300 1544 1370 δειρὴν
1573 1299 1738 1363 πόδας
1765 1317 1778 1330 ·

561 1389 675 1447 Εἶτ’
718 1393 1077 1462 ἐμφανισθεὶς
1107 1393 1306 1449 ἀθλίως
1339 1392 1513 1455 οὕτως
1548 1393 1688 1464 ἔχων

559 1485 652 1556 Τῷ
678 1486 909 1555 βασιλεῖ,
940 1485 1239 1556 σκώμμασι
1277 1485 1531 1555 βάλλεται
1578 1485 1746 1548 τάλας

558 1577 668 1630 Καὶ
696 1576 1071 1646 λοιδορησμῶν
1105 1577 1327 1645 νιφάσιν
1355 1577 1673 1646 ἀπειρίτων,

355 1668 526 1723 5505
573 1668 899 1732 Ῥαπίζεται
939 1666 1158 1739 μάστιξι
1185 1667 1446 1735 γλουτοὺς
1479 1667 1574 1719 καὶ
1608 1665 1788 1736 ῥάχιν,

555 1760 750 1829 Κάραν
777 1759 1032 1831 ψιλοῦται
1065 1759 1174 1813 τῶν
1230 1761 1437 1830 τριχῶν
1471 1761 1564 1812 καὶ
1593 1758 1692 1830 τὴν
1740 1758 1922 1826 γένυν,

563 1854 678 1907 Καὶ
713 1853 840 1914 τοὺς
875 1851 1095 1914 ὀδόντας
1127 1851 1462 1924 ἐξεκρούσθη
1492 1851 1628 1922 πρὸς
1655 1851 1778 1922 βίαν
1799 1867 1814 1884 ο

568 1945 872 2000 Ἐκδίδοται
900 1943 1154 2012 παίγνιον
1182 1944 1426 2014 ἄθυρμα,
1467 1943 1642 2012 γέλως
1706 1988 1721 2020 \

555 2033 824 2088 ΙιΙισοῦσιν
854 2033 1025 2093 ,αὑτὸν
1061 2034 1155 2086 καὶ
1185 2032 1392 2087 κακοῦν
1415 2035 1734 2104 ᾑρημένοις.

358 2128 519 2183 5510
557 2129 718 2198 Φέρει
749 2127 1040 2199 παροινίας
1069 2146 1151 2192 τε,
1186 2129 1478 2197 μάστιγας,
1507 2127 1718 2199 ὕϐρεις,

557 2221 790 2291 Πυγμάς
817 2219 959 2274 κατὰ
991 2221 1282 2290 στόματος,
1319 2221 1484 2284 ἄλλας
1511 2221 1768 2285 αἰκίσεις,

566 2311 769 2365 Κακῶν
796 2312 1000 2365 Ἰλιάδα
1033 2329 1090 2364 τε
1123 2313 1218 2366 καὶ
1250 2313 1585 2384 τραγῳδίαν,

559 2405 670 2458 Καὶ
708 2403 1008 2476 συμφορῶν
1043 2405 1280 2474 πέλαγος
1317 2406 1378 2457 οὐ
1411 2405 1782 2475 μετρούμενον
1807 2422 1819 2434 ·

566 2487 675 2549 Καὶ
713 2497 854 2568 πρὸς
885 2497 1168 2564 γυναικῶν
1215 2499 1634 2568 ὲμπαροινεῖται
1668 2499 1853 2560 πλέον,

364 2589 523 2644 551ἓί
563 2590 706 2659 Πρὸς
736 2589 895 2643 τοῦδε
929 2590 1066 2660 φάος
1114 2589 1382 2658 ὀμμάτων
1415 2589 1786 2655 ἐσϐεσμένων,

563 2685 634 2736 Ἥ
672 2686 764 2737 καὶ
800 2683 1095 2736 παθουσῶν
1135 2682 1344 2752 ζημίαν
1371 2682 1478 2734 τῶν
1507 2679 1780 2747 συζύγων,

555 2773 733 2844 Τυχδν
757 2774 811 2826 δὲ
845 2774 940 2827 καὶ
970 2773 1121 2842 σςρῶν
1146 2771 1492 2840 ὲκτύφλωτιν
1521 2771 1811 2842 ὀμμάτων,

561 2867 706 2936 Πρδς
741 2865 1046 2938 μισοφαοῦς
1071 2864 1229 2918 τοῦδε
1263 2865 1476 2934 φαύλης
1517 2864 1764 2934 καρδίας.

571 2960 737 3021 Τέλος
767 2959 1074 3021 καθεσθεὶς,
1107 2958 1152 3010 ὣ
1185 2956 1349 3024 ξένων
1383 2958 1746 3024 ἀκι.υσμάτων
1773 2958 1784 3009 !

371 3056 527 3109 53m
579 3054 704 3106 Ἐπὶ
733 3053 982 3122 καμήλου
1017 3050 1313 3122 ψωριώσης
1342 3050 1544 3112 ἀθλίως

577 3147 636 3200 Ὀ
667 3146 800 3215 πρὶν
831 3145 1084 3214 βασιλεὺς
1118 3143 1478 3214 αὐτοκράτωρ
1509 3141 1784 3204 Αὐσόνων,

580 3238 639 3293 Ὀ
669 3236 972 3307 βασιλικοῖς
1007 3234 1371 3306 ἀναδούμενος
1402 3232 1642 3306 κρότοις,

565 3332 643 3382 Δι’
677 3333 884 3400 ἀγορᾶς
912 3347 969 3384 τε
1014 3331 1106 3384 καὶ
1143 3329 1316 3400 μέσης
1338 3326 1617 3397 λεωφόρου

569 3422 924 3493 Πομπεύεται
963 3423 1200 3476 κάκιστα
1231 3419 1694 3488 συνειλεγμένοις,

375 3514 532 3570 55Ξ5
572 3515 738 3584 Σῶμα
785 3514 1078 3567 καλύπτων
1107 3513 1315 3566 εὐτελεῖ
1347 3511 1426 3580 τῷ
1453 3510 1650 3582 ρακίῳ,

567 3607 872 3674 Ἀκαλυφὲς
902 3623 960 3659 τε
989 3605 1252 3659 δεικνύων
1286 3605 1346 3656 τὸ
1377 3603 1624 3674 κρανίον,

567 3701 777 3769 Οίκτρά
806 3717 889 3763 τις
918 3699 1062 3768 ὄψις,
1091 3697 1225 3768 ἀκοὴ
1255 3695 1547 3768 φρικαλέα,

577 3793 768 3861 Πηγὰς
799 3792 1050 3863 δακρύων
1075 3789 1481 3859 ἐκκαλούμεναι
1513 3793 1654 3861 τάχα

573 3880 666 3948 Οἷς
701 3886 936 3954 ἡμέροις
972 3885 1188 3954 ὄμμασι
1218 3883 1354 3953 πρὸς
1383 3881 1763 3952 κακουμένους

378 3975 536 4032 εὗδε)
577 3976 684 4028 Καὶ
715 3975 977 4043 συγγενὲς
1014 3979 1257 4043 πέφυκεν
1290 3974 1480 4044 ἀθρεῖν
1513 3972 1733 4035 ὲνθὲως.

583 4068 644 4122 '0
671 4068 984 4135 ξυγκλύδων
1014 4067 1166 4138 δχλος
1201 4068 1255 4120 δὲ
1292 4067 1384 4120 καὶ¹
1413 4066 1520 4118 τῶν
1551 4067 1850 4137 συρφάκων

583 4160 1050 4222 Ἀλλαντοπῶλαι,
1084 4159 1416 4229 βυρσοδέψαι
1439 4158 1536 4211 καὶ
1568 4159 1797 4229 ρἀται,

576 4252 1018 4322 Παλιγκαπήλων
1045 4252 1332 4320 ἀλόγιστος
1363 4252 1606 4323 φρατρία

579 4345 784 4416 ιιομπῇ
820 4345 1090 4416 παρόντες
1123 4345 1220 4397 καὶ
1248 4343 1508 4413 θριάμϐῳ
1538 4345 1614 4416 τῷ
1651 4346 1797 4410 τότε,

387 4439 543 4494 555:)
581 4437 920 4507 ’Λτιμοποιῷ
956 4437 1047 4490 καὶ
1079 4436 1356 4505 γελοιὼδει
1387 4437 1571 4504 πλέον,

576 4529 745 4582 Οὐδὲν
774 4532 1032 4599 παρῆκαν
1062 4531 1268 4593 αἰκίας,
1293 4533 1572 4600 τιμωρίας

578 4620 730 4684 Εέδός
753 4639 806 4674 τι
831 4621 1026 4691 λοιπῆς
1055 4624 1276 4688 κακίας,
1316 4623 1623 4694 βδελυρίας,

583 4716 647 4767 '0
677 4713 752 4785 μὴ
785 4699 1061 4785 πρόσῆγον
1093 4715 1306 4779 ἀσεϐῶς
1333 4714 1696 4787 Ἀνδρονίκῳι

580 4808 642 4860 Οί
674 4807 771 4876 μὲν
795 4809 901 4877 γὰρ
933 4807 1130 4874 αὐτῶν,
1159 4826 1199 4860 π
1226 4809 1492 4878 περιττῆς
1531 4809 1724 4875 μανίας
1751 4811 1762 4862 ί

394 4900 548 4955 5350
588 4901 882 4964 Ἐτυπτον,
917 4902 1256 4972 ἐσπάραττον
1284 4901 1448 4956 αὐτοῦ
1475 4903 1702 4972 κρανίον

590 4993 695 5044 Καὶ
726 4993 850 5045 νῶτ’
874 4992 1106 5062 ἀφειδῶς
1125 4997 1243 5057 ταῖς
1263 4993 1519 5064 κρούναις
1544 5011 1602 5047 τε
1621 4995 1716 5046 καὶ
1737 4993 1913 5057 ξύλοις
1929 5009 1945 5024 ο

588 5084 649 5138 Οἱ
679 5085 722 5137 δ’
760 5084 826 5138 αὖ
869 5103 931 5155 γε
988 5086 1226 5156 πλευρὰς
1273 5087 1367 5140 καὶ
1417 5086 1648 5158 νεφροὺς
1693 5087 1948 5157 πρωκτὸν

1691 5177 1878 5250 [πάλιν

587 5265 848 5339 Ξιφιδίσις
877 5267 1152 5341 ἔπειρονῆ
1189 5269 1282 5322 καὶ
1308 5267 1530 5340 ραφίσιν
1557 5284 1572 5300 ·

594 5357 776 5410 ’Δλλοι
826 5358 871 5411 δ’
919 5360 1174 5430 ὲμίνθουν
1203 5360 1303 5433 τὴν
1335 5362 1460 5431 ῥῖνα
1491 5362 1606 5424 τοῖς
1657 5358 1946 5430 βολϐίτοις,

403 5447 558 5510 5545
591 5449 709 5504 Τῶν
731 5451 779 5504 δ’
798 5450 975 5522 δψεων
1003 5441 1220 5523 λύματα
1248 5454 1317 5508 τὰ
1341 5452 1448 5506 τῶν
1482 5452 1770 5523 γαστέρων

589 5543 855 5612 Σπόγγοις
881 5544 1274 5616 κατηκόντιζον
1319 5544 1484 5598 αὐτοῦ
1511 5544 1771 5615 συχνάκις
1796 5560 1811 5577 ·

513 5672 533 5692 ο
593 5635 656 5688 Oi
688 5636 745 5690 δὲ
771 5635 994 5714 θρασεῖς
1017 5654 1074 5690 τε
1109 5639 1204 5690 καὶ
1234 5637 1398 5690 πλέον
1426 5637 1715 5707 τολμητίαι

604 5727 1047 5782 Ἐλιθολεύστονν
1081 5728 1489 5791 ἀποκαλοῦντες
1522 5729 1658 5780 κύνα

593 5821 701 5875 Καὶ
739 5820 1016 5893 Κέρϐερον
1048 5821 1190 5892 θῆρᾶ
1215 5839 1274 5874 τε
1310 5823 1403 5874 καί
1438 5821 1720 5891 μιαιφόνον

411 5915 558 5987 5350
600 5917 702 5969 tm
734 5916 906 5968 τοῖσδε
937 5917 1004 5969 τι
1033 5915 1310 5984 σύστοιχα,
1347 5914 1447 5984 φεῦ
1476 5914 1572 5986 τῆς
1606 5913 1837 5984 μανίαςί

2029 647 2352 719 imperatori
2385 645 2698 702 obtulerunt
2729 645 2953 700 lsaacio.

2030 740 2264 808 Quantis
2304 740 2496 795 deinde
2537 739 2812 794 attriverit
2841 736 3174 794 cruciatibus

2031 845 2269 903 quotque
2293 833 2573 904 suppliciis
2591 817 2831 888 lsaacius
2863 832 3156 900 imperator

2032 929 2299 992 infelicent
2329 929 2473 983 hunc
2505 941 2688 982 senem
2719 933 2958 996 quotque
2989 923 3182 997 pmuis,

2031 1029 2115 1082 vix
2151 1036 2234 1081 est
2265 1025 2500 1080 humano
2525 1022 2741 1078 ell'ahi'e
2773 1020 3006 1088 eloquio,

2029 1129 2266 1174 attamen
2299 1118 2480 1174 dicam
2507 1116 2740 1172 breviter
2763 1129 2861 1184 pro
2889 1113 3114 1167 viribus.

2031 1212 2250 1268 Urbano
2271 1212 2500 1282 primum
2533 1209 2876 1264 concluditur
2907 1219 3148 1278 carcere,

2030 1303 2226 1360 collum
2253 1303 2460 1358 catenis
2487 1300 2695 1355 vinctus
2718 1310 2877 1369 atque
2907 1299 3069 1369 pedes
3095 1315 3109 1360 ς

2030 1409 2194 1467 atque
2225 1398 2326 1452 hac
2358 1395 2497 1451 tristi
2531 1394 2808 1449 exhibitas
2840 1395 2890 1447 in
2923 1392 3107 1461 specie

2033 1490 2166 1559 regi,
2207 1488 2469 1545 conviciis
2505 1489 2774 1557 appetitur
2809 1487 2976 1557 miser

2031 1585 2447 1661 maledictisque
2473 1583 2726 1638 obruitur
2755 1581 3093 1640 innumeris:

2031 1678 2350 1734 verberibus
2379 1677 2592 1732 lumbos
2618 1676 2814 1730 teritur
2843 1683 2893 1728 et
2925 1681 3102 1736 nates,

2031 1771 2200 1826 barba
2232 1781 2284 1825 et
2315 1769 2508 1839 capillo
2536 1768 2764 1839 carptim
2799 1767 3032 1821 nudatur
3062 1774 3245 1841 caput.

2036 1862 2391 1917 excutiuntur
2417 1862 2608 1917 dentes
2635 1859 2850 1914 inflictis
2874 1857 3094 1920 ictibus,

1957 1927 2003 1984 Β
2037 1956 2360 2026 ludibriique
2391 1957 2560 2023 gratia
2592 1971 2654 2010 ac
2687 1956 2830 2009 risus
2857 1953 3085 2007 traditur

2035 2052 2262 2104 suismet
2297 2049 2533 2104 inimicis
2556 2057 2610 2103 et
2641 2047 3009 2101 carniﬁcibus.

2034 2141 2160 2196 Fert
2186 2141 2531 2210 petulantias,
2558 2141 2931 2202 contumelias,
2969 2139 3216 2200 verbera,

2037 2235 2279 2290 tttuditnr
2302 2249 2364 2289 os
2393 2234 2584 2303 alapis,
2612 2233 2754 2287 varie
2786 2231 3065 2303 allligitur,
3163 2288 3170 2294 ,

2037 2326 2296 2380 malorum
2321 2327 2540 2381 Iliadem
2578 2325 3003 2396 tragtnliaqute
3038 2324 3239 2392 patitur

2035 2429 2086 2473 et
2118 2417 2462 2473 miseriarum
2501 2419 2766 2472 infinitum
2796 2417 3016 2487 pelagus
3043 2434 3058 2472 :

2036 2510 2335 2580 praesertim
2371 2525 2497 2565 vero
2529 2519 2758 2564 vexatur
2784 2526 2810 2562 a
2845 2509 3081 2573 feminis,

2033 2602 2232 2672 quibus
2268 2602 2550 2656 oculorum
2585 2603 2762 2656 lumen
2786 2603 3080 2670 eripuerat,

2035 2691 2120 2745 vel
2154 2693 2378 2746 maritos
2411 2695 2604 2762 partim
2635 2707 2768 2747 nece
2794 2692 3114 2759 abstulerat,

2038 2785 2231 2853 partim
2264 2784 2476 2840 clIos~is
2512 2787 2683 2841 oculis
2719 2794 3087 2840 excaecaverat

2036 2892 2134 2945 pro
2169 2894 2261 2931 sua
2297 2879 2500 2932 smvitia
2540 2879 2788 2933 mortalis
2825 2879 2913 2933 hic
2945 2876 3236 2946 pessimus.

2039 2971 2348 3027 Prostremo
2370 2972 2676 3040 impositus,
2719 2971 2837 3026 hem
2863 2971 3048 3025 amlitu
3082 2967 3339 3025 horribile
3363 2967 3380 3023 l

2036 3065 2284 3121 scabiosa
2317 3063 2605 3118 infeliciter
2635 3066 2862 3130 camelo,
3179 3070 3182 3072 ·

2038 3158 2128 3228 qui
2161 3155 2530 3209 Romanorum
2569 3170 2740 3224 nuper
2771 3157 3093 3224 imperator,

1960 3281 2002 3337 ο
2037 3264 2192 3318 quem
2224 3248 2367 3303 circa
2404 3247 2534 3317 regii
2564 3250 2888 3303 resonabant
2925 3249 3167 3318 plausus,

2036 3354 2134 3407 per
2161 3339 2333 3392 furum
2371 3339 2588 3394 ducitur
2615 3355 2818 3407 perque
2851 3341 2967 3394 vias
2991 3338 3232 3409 publicas

2039 3434 2371 3502 triumphnnt
2395 3433 2548 3486 turba
2578 3443 2860 3502 spectante
2887 3433 3281 3503 turpissimum,

2039 3525 2152 3593 ipse
2179 3524 2264 3577 vix
2297 3533 2468 3578 tectus
2500 3522 2590 3577 vili
2623 3524 2862 3578 tunicula

2041 3613 2275 3682 tegmine
2309 3612 2508 3667 nudmn
2541 3614 2785 3668 cranium
2821 3623 3132 3681 ostentans;

2040 3702 2266 3770 lugubre
2301 3703 2414 3756 visu
2452 3712 2787 3774 narratuque
2817 3704 3079 3758 horribile

2041 3795 2236 3848 uberes
2272 3795 2538 3865 laerymas
2570 3796 2688 3850 sine
2722 3796 2885 3850 dubio
2915 3796 3139 3850 eiiciens

2043 3889 2260 3943 mitibus
2291 3903 2354 3942 ex
2387 3889 2576 3954 oculis,
2612 3890 2701 3957 qui
2730 3889 2900 3942 solent
2935 3888 3163 3943 miseros

2043 3990 2343 4049 naturaque
2374 3980 2575 4042 socios,
2613 3989 2770 4050 prout
2804 3979 2882 4032 fas
2917 3986 3020 4041 est,
3060 3980 3324 4049 aspicere.

2007 4145 2028 4156 _
2043 4075 2109 4128 At
2134 4072 2465 4142 plebeiorum
2504 4072 2762 4126 vilissima
2792 4071 3070 4130 colluvies.

2044 4161 2277 4216 fartores
2315 4170 2370 4215 et
2399 4161 2618 4214 coriarii
2657 4177 2719 4214 ac
2750 4170 2986 4224 sutores,

2044 4256 2499 4312 Dardanariorum
2533 4255 2729 4311 stolida
2760 4255 3010 4325 collegia,

2044 4361 2295 4417 pompam
2334 4347 2595 4402 ducentes
2627 4348 3072 4419 triumphumque
3097 4347 3428 4420 huiusmodi,

2046 4439 2130 4493 vel
2162 4439 2340 4506 potius
2370 4437 2420 4493 id
2448 4437 2736 4492 ludibrium
2767 4448 2822 4493 et
2851 4439 3232 4506 deridiculum,

2047 4528 2250 4584 nullum
2285 4529 2772 4598 praetermittebant
2801 4545 2974 4599 pcenre
3000 4544 3168 4599 genus

1975 4643 2020 4697 ι)
2048 4622 2346 4693 opprobrii,
2380 4622 2652 4689 maleﬁcii,
2682 4625 3040 4692 contumeliae,

2049 4714 2178 4782 quin
2209 4717 2520 4772 Andronico
2551 4731 2648 4785 per
2673 4716 2826 4771 nefas
2855 4717 3234 4785 impingerent.

2045 4805 2151 4859 Alii
2187 4807 2479 4876 siquidem,
2518 4823 2550 4861 ο
2584 4825 2841 4863 vesanum
2873 4809 3144 4864 furorem!

2049 4911 2366 4969 percussum
2395 4899 2772 4968 discerpebant
2802 4901 2970 4970 ipsius
3000 4903 3244 4956 crauiqu
3335 4897 3367 4932 "‘

2048 4989 2378 5059 dorsumque
2405 4990 2595 5059 ligneis
2628 4992 2981 5048 inclementer
3007 4992 3176 5050 clavis
3201 5010 3217 5048 :

2049 5081 2137 5136 alii
2168 5081 2332 5148 latus,
2363 5090 2518 5139 renes
2553 5095 2713 5156 atque
2743 5085 2987 5156 podicem

2049 5263 2411 5320 sull'odiebaut
2439 5267 2632 5322 cultris
2661 5277 2825 5337 atque
2854 5267 3082 5331 subnlis,

2047 5357 2140 5412 alii
2171 5358 2527 5429 inquinabant
2554 5360 2681 5414 [imo
2708 5375 2869 5415 nares
2896 5361 3114 5425 bubulo,

2050 5449 2139 5502 alii
2168 5451 2457 5518 spurcitias
2490 5465 2778 5520 corporum
2822 5452 2874 5506 in
2907 5451 3114 5505 vultum
3139 5451 3258 5523 ejus

2049 5540 2289 5608 spongiis
2318 5554 2600 5610 expressas
2625 5555 2770 5611 smpe
2797 5541 3158 5610 conjiciebant
3183 5562 3198 5599 :

2049 5633 2280 5685 audaces
2311 5641 2492 5687 autem
2525 5633 2744 5702 quidam
2775 5649 2839 5689 ac
2870 5634 3159 5691 ferociores

2051 5724 2320 5794 lapidibus
2353 5729 2703 5795 appetebant,
2741 5729 2985 5784 dicentes
3009 5745 3199 5785 canem

2049 5829 2102 5872 et
2134 5817 2429 5871 Cet-herum
2463 5830 2620 5888 atque
2647 5822 2813 5874 feram
2841 5822 3266 5892 sanguinariam.
3309 5889 3322 5902 1

2052 5920 2210 5979 atque
2243 5909 2326 5966 his
2358 5911 2557 5967 similia
2595 5929 2691 5983 per
2716 5930 2984 5988 summum
3021 5912 3280 5984 furerent.

3508 430 3613 496 210
