3922 6520
510 382 625 454 ἓνθῦ
1624 388 2049 456 EPHR/EMII.
2071 384 2676 452 CHRONOGRAPHI
2984 454 2990 456 ,
3671 387 3767 453 236

526 502 695 560 animi
728 518 889 560 causa
922 512 1177 562 venatum
1210 513 1293 562 est
1332 504 1628 578 prolectus,

524 593 877 664 invitavitque
907 594 1126 657 fratrem
1164 606 1222 651 ut
1256 611 1437 653 secum
1461 598 1586 654 ireh

541 683 639 740 llic
668 696 846 742 autem
882 702 1030 743 vena
1051 688 1316 745 simulans
1346 690 1638 747 sectionem

484 854 491 860 Α
525 778 868 833 venatorium
901 790 1197 836 excursum
1236 780 1574 837 declinavit:

525 882 694 936 quare
723 870 1019 941 imperator
1048 870 1199 928 solus
1226 880 1310 928 est
1340 872 1633 941 profectus.

526 959 677 1019 Tunc
708 962 978 1034 conjurati
1010 963 1263 1021 idoneum
1293 966 1433 1020 nacti
1464 976 1679 1036 tempus

527 1074 848 1131 germanum
875 1058 995 1130 ejus
1024 1059 1275 1115 Alexium
1305 1059 1502 1130 raptim
1537 1059 1743 1114 ducunt

528 1153 668 1207 intra
696 1152 987 1208 tentorium
1020 1152 1226 1222 regium
1257 1153 1562 1224 tbronoque
1595 1152 1884 1215 collocant,

528 1253 581 1299 et
601 1244 908 1300 Romanum
944 1244 1188 1301 salutant
1225 1246 1632 1315 imperatorem,

528 1335 831 1405 plausibus,
868 1346 927 1392 ut
958 1338 1018 1392 lit
1045 1336 1287 1407 regibus,
1321 1344 1738 1406 concrepantes.

526 1428 731 1485 Audita
759 1444 819 1485 re
846 1427 1085 1486 lsaacius
1113 1429 1282 1484 Deum
1313 1429 1546 1500 rogabat

528 1532 585 1576 ιιι
609 1536 669 1576 se
698 1522 953 1591 praesenti
980 1521 1279 1578 discrimini
1303 1524 1559 1591 eriperet.

526 1613 663 1667 Tum
698 1614 894 1669 missos
925 1627 1153 1669 cernens
1172 1613 1382 1683 equites
1410 1613 1506 1683 qui
1539 1626 1600 1668 se
1623 1620 1883 1684 caperent

523 1706 689 1761 celeri
722 1721 884 1762 cursu
922 1708 1209 1772 instantes,
1238 1705 1460 1760 habenis
1482 1705 1622 1760 laxis

524 1799 692 1870 cmpit
719 1808 775 1854 et
799 1800 915 1868 ipse
946 1799 999 1853 iit
1032 1800 1214 1868 fugam
1245 1815 1307 1853 se
1330 1796 1603 1869 conjicere
1633 1813 1649 1851 :

524 1892 870 1962 oppositiqne
895 1890 1040 1946 ﬂuvii
1077 1890 1303 1946 tranatis
1331 1889 1607 1954 ﬂuctibus.

522 1983 825 2037 calcaribus
861 1984 1083 2052 urgebat
1118 1996 1335 2036 cursum
1371 1981 1519 2051 equi.

526 2075 633 2131 Sed
669 2084 847 2129 tamen
884 2086 1070 2143 captus
1107 2075 1156 2127 in
1189 2072 1387 2143 ορρίοίο
1424 2071 1637 2143 Stagira

524 2168 744 2222 orbatus
775 2177 860 2222 est
893 2166 1171 2223 Oculorum
1209 2164 1509 2220 luminibus

522 2264 579 2316 in
612 2261 917 2316 venerando
951 2258 1281 2314 monasterio
1315 2255 1486 2323 Berw,

521 2352 679 2418 citius
715 2351 971 2407 fundator
1004 2352 1184 2405 fuerat
1215 2349 1622 2406 sebastocrator

523 2446 869 2515 imperatoris
902 2443 1193 2498 Andronici
1227 2443 1460 2513 genitor.

524 2540 617 2595 Sic
648 2538 887 2594 lsaacius
921 2536 1212 2590 luminibus
1247 2550 1438 2591 cassus

527 2633 674 2703 regio
710 2631 760 2684 in
796 2628 993 2698 palatio
1024 2628 1296 2683 clauditur
1326 2642 1426 2683 ceu
1457 2642 1700 2694 carcere,

526 2725 615 2778 ubi
650 2729 871 2793 propter
906 2719 1111 2773 doloris
1146 2718 1497 2773 acerbitatem

524 2815 732 2870 nullum
764 2828 864 2884 per
897 2811 1011 2867 dies
1044 2813 1356 2882 complures
1392 2811 1627 2882 gustavit
1663 2811 1869 2871 cibum.

525 2909 662 2963 Exin
699 2908 764 2961 ad
804 2909 936 2961 duas
968 2905 1244 2960 columnas
1279 2905 1379 2976 (sic
1417 2904 1569 2960 locus
1603 2904 1820 2973 dicitur)

527 3004 719 3055 domus
749 2998 853 3069 ipsi
889 2998 1196 3068 assignatur
1230 2998 1283 3051 itt
1318 2996 1668 3067 Propontide,

523 3101 805 3163 postquam
845 3089 1144 3144 Romanum
1180 3089 1428 3144 dmuinus
1462 3090 1747 3158 imperium

524 3194 742 3242 rexerat
773 3181 932 3239 anuis
967 3197 1157 3236 novem
1194 3197 1318 3237 cum
1353 3192 1558 3251 septem
1596 3181 1894 3235 mensibus.

635 3273 939 3330 ALEXIUS
976 3269 1300 3328 ANGELUS
1332 3271 1447 3326 AN.
1489 3269 1625 3337 Vlll,
1663 3269 1868 3326 MENS.
1907 3270 1991 3326 Vl.

524 3346 704 3438 itque
741 3368 813 3421 ita
846 3365 1065 3420 Alexius
1099 3363 1326 3435 imperio
1358 3363 1562 3433 potitus

525 3474 818 3526 rerumque
852 3472 1116 3512 summam
1150 3455 1298 3511 solus
1330 3456 1738 3524 administrans,

526 3567 632 3607 non
668 3562 846 3606 tamen
883 3548 1160 3604 festinavit
1191 3548 1507 3620 Byzantium
1545 3550 1750 3615 statim,

526 3645 623 3699 sed
657 3641 903 3696 occiduis
938 3638 1182 3707 partibus
1215 3638 1610 3705 laborantibus,

526 3743 749 3805 promer
781 3732 1039 3787 molestos
1073 3733 1349 3801 principes
1383 3728 1680 3788 Moesorum

526 3831 757 3882 Asanem
793 3836 956 3895 atque
990 3825 1205 3880 Petrum
1241 3822 1507 3881 infaustos
1538 3825 1759 3893 fratres,

525 3938 681 3991 opem
716 3933 1014 3990 curamque
1049 3916 1264 3974 censuit
1298 3917 1745 3988 impendendam.

525 4013 864 4084 Significavit
896 4023 1073 4068 tamen
1111 4011 1324 4084 coniugi
1361 4012 1683 4083 dignitatem
1715 4025 1869 4069 suam

525 4118 856 4175 senatusque
885 4105 1021 4175 parti
1056 4119 1174 4174 qua:
1209 4105 1261 4160 itt
1297 4104 1433 4160 urbe
1464 4115 1606 4172 erat,

528 4199 782 4267 cleroque
820 4196 939 4263 toti,
975 4197 1293 4266 civibusque
1323 4198 1510 4254 simul.

523 4292 700 4358 Atque
738 4288 882 4342 hanc
914 4302 1174 4342 n0varum
1213 4288 1460 4343 notitiam
1494 4305 1678 4346 rerum

524 4395 686 4435 nemo
722 4395 825 4434 nou
865 4380 1097 4434 libenter
1130 4380 1308 4435 hausit
1341 4382 1588 4438 auribus.

527 4472 665 4527 Dum
703 4480 880 4527 tamen
918 4470 1272 4545 Euphrosyne
1305 4475 1531 4528 ducaena

528 4565 596 4618 ad
634 4578 889 4629 magnum
931 4562 1187 4634 templum
1226 4564 1409 4636 regina
1443 4564 1783 4637 procederet,

530 4655 753 4724 plebeia:
788 4656 956 4710 turba:
989 4656 1297 4726 conspirata
1339 4672 1531 4712 manus

530 4746 702 4799 virum
736 4749 1057 4816 cognomine
1090 4748 1608 4820 Contostephanum,

527 4839 776 4893 Alexium
812 4849 991 4893 autem
1028 4840 1265 4903 nomine,
1293 4840 1566 4897 deducens

527 4938 579 4990 in
617 4951 872 5006 magnum
910 4935 1001 4990 Dei
1036 4936 1404 4991 venerandum
1441 4937 1718 5007 templum,

526 5027 914 5098 imperatorem
952 5026 1251 5082 Romanum
1286 5029 1560 5085 salutavit.

525 5116 728 5173 Verum
767 5119 811 5174 is
845 5128 1034 5190 captus
1066 5117 1253 5175 statim
1286 5122 1353 5176 ab
1383 5123 1731 5189 aptitnatibus

540 5209 786 5263 meritam
824 5209 1008 5264 habuit
1044 5210 1282 5267 carceris
1315 5213 1640 5270 custodiam.

428 5363 431 5366 ἠ
525 5301 733 5357 Deinde
767 5313 991 5357 cunctus
1026 5303 1259 5371 populus
1299 5303 1365 5359 ad
1404 5306 1661 5374 templum
1697 5318 1923 5360 currens

524 5394 925 5461 impcratricem
960 5396 1228 5449 salutabat
1266 5395 1677 5468 Euphrosynen.

598 5576 710 5646 (69)
743 5580 901 5647 Atqui
941 5580 1277 5651 Ephraantius
1312 5581 1363 5635 itt
1396 5579 1553 5634 titulo
1584 5581 1876 5647 scripserat
1911 5589 2091 5633 notam

532 5648 782 5722 ς”.ᾼψιεε
838 5654 907 5722 in;
943 5648 1251 5706 Grmcoruut
1307 5653 1524 5721 scriptis
1576 5652 1843 5722 siguiticat
1885 5660 2090 5722 partem

527 5720 824 5791 dunidiajn.
879 5720 1236 5788 Quamobrem
1301 5734 1355 5777 et
1413 5720 1513 5791 ego
1574 5720 1861 5791 perpetuo,
1898 5720 2091 5788 scripsi

520 5804 684 5843 mens.
739 5788 837 5853 Vl,
873 5809 991 5862 qme
1033 5793 1159 5846 anui
1192 5809 1316 5861 pars
1362 5788 1722 5846 est‘dituidia.
1761 5789 1866 5845 Sed
1914 5799 2092 5862 tamen

523 5870 637 5916 tum
688 5875 752 5917 ex
799 5860 905 5919 hoc
956 5865 1100 5919 loco.
1147 5873 1255 5918 tum
1304 5862 1470 5919 etiam
1524 5862 1742 5917 aliunde
1786 5860 2092 5917 necessario

2122 508 2171 564 Α
2416 503 2565 574 Πρὸς
2594 502 2768 574 θήραν
2798 499 3086 572 ἐξώρμησε
3117 498 3363 572 τέρψεως
3394 498 3578 572 χάριν·

2413 594 2524 647 Καὶ
2558 591 2841 647 συνεκάλει
2868 592 2964 645 καὶ
2995 590 3259 661 σύναιμον
3292 592 3429 662 πρὸς
3458 592 3598 644 τόδε·

2412 686 2764 756 Σκεψάμενος
2788 685 2845 740 δὲ
2872 683 2972 756 τὴν
3004 682 3201 754 φλεϐὸς
3229 684 3425 755 σχάσιν
3451 684 3541 737 ὅδε

2418 775 2527 829 Τοῦ
2559 776 2697 847 πρὸς
2727 776 3057 848 κυνηγέσιον
3083 774 3339 847 ἐκκρούει
3372 774 3598 846 δρόμοψ

2233 869 2376 926 6245
2418 869 2629 936 Ἕξεισι
2658 870 2704 924 δ’
2732 870 2905 932 οὕτως
2938 870 3300 941 αὐτοκράτωρ
3326 868 3421 922 καὶ
3452 868 3638 939 μόνος.

2406 964 2732 1033 Συνίστορες
2761 962 2819 1017 δὲ
2851 960 3252 1033 προσλαϐόντες
3284 962 3624 1032 σκεμμάτων

2406 1056 2682 1126 Σύναιμον
2730 1054 2972 1120 ’Δλέξιον
3005 1053 3206 1120 ἄγουσι
3240 1053 3404 1125 τάχος

2407 1148 2624 1219 Σκηνὴν
2658 1147 2796 1219 πρὸς
2825 1147 2997 1219 αὐτὴν
3026 1147 3120 1202 καὶ
3152 1145 3426 1216 βασίλειον
3455 1144 3676 1216 θρόνον,

2408 1238 2522 1293 Καὶ
2550 1237 2693 1294 τόνδ’
2721 1239 2947 1293 ἀνεῖπον
2973 1236 3627 1309 αὐτοκράτορἰΑὺσόνων

2233 1331 2375 1388 6250
2412 1330 2541 1394 Τοῖς
2570 1328 2876 1400 βασιλικοῖς
2905 1325 3542 1395 ἀλαλάζοντες-κρότοις.

2409 1420 2523 1476 Καὶ
2554 1419 2719 1489 γνοὺς
2754 1418 3028 1485 ἰσαάκιος
3059 1416 3131 1471 τὰ
3159 1416 3528 1490 πεπραγμένα
3548 1456 3564 1481 ,

2412 1511 2736 1567 Θεοκλυτῶν
2759 1506 2828 1584 ἦν
2851 1510 3097 1566 κίνδυνον
3130 1510 3493 1579 πεφευγέναι.

2413 1602 2572 1656 Ἐπεὶ
2601 1603 2659 1658 δέ
2690 1601 3011 1666 συνέξοντας
3042 1600 3207 1655 αὑτὸν
3240 1599 3477 1664 ἱππότας

2419 1694 2604 1767 Ἐώρα
2639 1695 3043 1766 συντρέχοντας
3072 1693 3300 1765 ἁπτέρῳ
3330 1694 3520 1765 τάχει,

2234 1782 2376 1843 6255
2413 1786 2592 1851 Ἀνιὶς
2619 1787 2816 1858 χαλινὰ
2846 1788 2985 1858 πρὸς
3011 1786 3195 1857 φυγὴν
3223 1786 3568 1858 μετετράπηο

2412 1883 2520 1936 Καὶ
2552 1882 2680 1953 ῥοῦν
2713 1880 2963 1950 ποταμοῦ
2993 1880 3188 1943 διαϐὰς
3220 1881 3594 1950 προκειμένου
3617 1920 3633 1946 ,

2416 1976 2690 2030 Ἤλαυνεν
2722 1974 2890 2029 ἵππον
2919 1972 3244 2044 φυγαδεύων
3274 1966 3308 2047 ᾖ
3334 1970 3543 2035 σθένος.

2412 2068 2558 2141 Πλὴν
2596 2067 2882 2138 συσχεθείς
2913 2082 2979 2136 γε
3011 2066 3155 2121 κατὰ
3187 2066 3491 2135 Στάγειραν
3526 2064 3716 2126 πόλιν,

2411 2162 2776 2216 Ἐκκόπτεται
2807 2159 2873 2230 δὴ
2902 2161 3001 2225 τὰς
3032 2161 3200 2232 κόρας
3231 2160 3341 2214 τῶν
3366 2160 3634 2231 ὀμμάτων

2240 2252 2383 2312 6260
2422 2253 2583 2309 Κατὰ
2609 2256 2864 2327 σεμνεϊον
2893 2254 3093 2324 εὐαγὲς
3118 2254 3181 2309 τὸ
3202 2255 3302 2324 τῆς
3334 2254 3519 2326 Βήρας
3538 2293 3554 2317 ,

2417 2342 2606 2421 Ot'mep
2635 2348 2892 2420 δομήτωρ
2929 2347 3391 2418 σεϐαστοκράτωρ
3414 2347 3518 2416 έφυ

2413 2438 2573 2493 Τοῦδ’
2607 2437 2950 2506 ’Δνδρονίκου
2982 2440 3076 2493 καὶ
3104 2439 3302 2501 τοκεὺς
3329 2435 3699 2508 στεφηφόρου.

2416 2530 2576 2585 Οὕτω
2614 2530 2661 2586 δ’
2697 2528 2969 2596 Ἰσαάκιος
3000 2530 3258 2595 ἐκκοπεὶς
3286 2529 3491 2599 κόρας,

2429 2621 2518 2677 Ἑν
2549 2622 2852 2694 βασιλείοις
2887 2622 3343 2695 ἐγκαθείργνυται
3371 2620 3556 2693 δόμοις

2243 2712 2384 2769 6265
2418 2714 2559 2784 Οὐχὶ
2588 2712 2879 2785 μετασχὼν
2917 2712 3137 2768 οίασοῦν
3179 2711 3405 2784 ἐδητύος
3426 2751 3442 2776 ,

2413 2812 2514 2865 Διὰ
2541 2811 2603 2867 τδ
2632 2812 2804 2876 πάθος
2833 2812 3057 2884 ἡμερῶν
3089 2810 3298 2881 συχνῶν
3318 2810 3486 2866 πάνυ.

2423 2905 2638 2959 Ἔπειτ’
2664 2905 2878 2960 ἐκεῖθεν
2905 2904 3063 2975 ἔσχεν
3093 2903 3255 2958 αὑτὸν
3281 2903 3425 2957 οἰκία

2429 2996 2495 3049 Ἦ
2522 2997 2669 3052 κατὰ
2696 2996 2924 3052 διπλοῦν
2966 2997 3122 3051 κίονα
3164 2994 3563 3069 Προποντίδος,

2421 3091 2527 3145 Σὺν
2562 3090 2732 3163 μησὶν
2764 3090 2906 3145 me
2943 3089 3056 3161 (69)
3084 3088 3430 3151 λυκάϐαντας
3462 3088 3622 3142 ἐννέα

2129 3179 2173 3238 C
2241 3187 2385 3244 6270
2422 3184 2782 3257 Κραταρχίας
2813 3181 3061 3250 ἄρξαντα
3087 3182 3185 3252 τῆς
3218 3181 3328 3235 τῶν
3355 3180 3636 3237 Αὐσόνων.

2427 3275 2719 3329 ΔΛΕΞΙΟΣ
2753 3276 2795 3329 0
2833 3275 3143 3330 ΔΓΓΕΔΟΣ
3177 3274 3283 3329 ΕΤ.
3325 3271 3412 3338 κ’,
3464 3272 3534 3347 ξ
3562 3312 3580 3328 .

2420 3367 2578 3422 Οῦτω
2602 3366 2648 3421 δ’
2680 3366 2877 3431 ἐπιϐὰς
2908 3365 3146 3443 ’Δλέξιος
3170 3364 3263 3419 τοῦ
3294 3366 3531 3437 κράτους

2428 3462 2542 3514 Καὶ
2572 3460 2684 3515 τῶν
2722 3460 2862 3515 ὅλων
2889 3460 3040 3531 σχὼν
3075 3460 3336 3531 καθαρῶς
3367 3458 3673 3529 αὑταρχίαν
3692 3497 3707 3519 ,

2421 3553 2536 3606 Οὐκ
2561 3553 2725 3616 εὐθὺς
2752 3553 3049 3625 εἰσέδραμε
3076 3552 3216 3624 πρὸς
3243 3552 3543 3616 Βυζαντίδα
3562 3590 3580 3616 ,

2434 3644 2601 3700 Ἀλλὰ
2630 3644 2816 3710 κακῶς
2852 3646 3126 3716 πάσχουσι
3154 3647 3267 3708 τοῖς
3300 3644 3440 3698 κατά
3462 3642 3619 3697 δύσιν
3659 3711 3675 3727 ς

2252 3734 2394 3791 62Ἱό
2435 3738 2595 3808 Παρὰ
2622 3737 2940 3807 Μυσαρχῶν
2968 3736 3318 3807 κασιγνήτων
3358 3734 3681 3805 δυστρόπων

2420 3827 2586 3883 ’Δσάν
2625 3845 2688 3883 τε
2732 3829 2943 3900 Πέτρου
2983 3830 3082 3898 τῆς
3110 3827 3292 3898 κακῆς
3330 3826 3621 3898 ξυνωρίδος

2422 3922 2762 3994 Προστρέχει
2787 3922 3081 3993 πράγμασι
3107 3924 3201 3976 καὶ
3231 3919 3407 3976 τοῖσδε
3441 3920 3661 3990 ἀμύνει.

2423 4015 2586 4086 Δηλοτ
2607 4015 2653 4071 δ’
2683 4016 2776 4070 ἐπ’
2803 4015 2954 4088 αὐτῷ
2986 4014 3049 4069 τδ
3078 4013 3320 4087 πραχθὲν
3357 4016 3422 4083 τῇ
3450 4012 3704 4082 συξύγῳ.

2422 4108 2721 4180 Γερουσίας
2766 4110 2925 4181 μέρει
2955 4125 3015 4162 τε
3047 4108 3126 4180 τῷ
3154 4107 3295 4163 κατὰ
3326 4106 3481 4179 πόλιν
3500 4144 3518 4172 ,

2246 4199 2387 4256 6280
2422 4200 2630 4272 Κλήρῳ
2661 4217 2726 4254 τε
2755 4200 2919 4256 παντὶ
2956 4199 3052 4254 καὶ
3092 4198 3343 4270 πολιτείᾳ
3370 4197 3554 4252 πάλινο

2423 4291 2533 4346 Καὶ
2563 4291 2672 4353 πᾶς
2697 4306 2781 4354 τις
2812 4290 2947 4343 ὠσὶν
2985 4287 3173 4361 ἀκοὴνζ
3193 4288 3605 4359 πεπραγμένων

2424 4383 2602 4450 Ἀγαν
2630 4380 2828 4453 ἱλαρῶς
2860 4381 3028 4453 ἡδέως
3053 4380 3305 4451 ἠκηκόει.

2424 4474 2534 4545 Τῆς
2563 4473 2609 4529 δ’
2631 4473 2987 4545 Εὐφροσύνης
3016 4473 3321 4541 Δουκαίνης
3351 4470 3623 4543 βασιλίδος

2420 4565 2566 4637 Πρὸς
2597 4564 2689 4619 τὸν
2725 4565 2983 4635 μέγιστον
3012 4564 3139 4619 ναὸν
3159 4563 3566 4634 ἀφικνουμένης
3584 4603 3598 4625 ,

2248 4658 2391 4714 6285
2425 4658 2618 4727 Στίφος
2645 4656 2929 4728 βαναύσων
2952 4656 3225 4727 φρατρίαν
3248 4655 3564 4725 δεδρακότες

2429 4749 2636 4820 Ἄνδρα
2666 4748 3110 4824 Κοντοστέφανόν
3147 4765 3271 4802 τινα
3295 4746 3593 4818 τούπίκλην
3612 4787 3625 4810 ,

2426 4836 2665 4906 ’Δλέξιον
2691 4839 2885 4911 κλήσει
2914 4839 2973 4895 δέ
2991 4881 3007 4908 ,
3039 4832 3424 4912 συνειληφότες

2428 4934 2519 4988 Ἐν
2557 4934 2636 5005 τῷ
2670 4934 2916 5005 μεγίστῳ
2944 4933 3038 4987 τοῦ
3079 4933 3214 4987 Θεοῦ
3240 4933 3370 5004 θείῳ
3397 4931 3549 5003 δόμῳ

2243 5028 2384 5084 6290
2420 5028 2669 5081 Ἀνεῖπον
2696 5025 2772 5087 ὡς
2799 5027 3011 5080 ἄνακτα
3038 5025 3136 5095 τῆς
3188 5025 3509 5096 Ῥωμαῖδος.

2420 5117 2707 5189 Λαμπρῶν
2734 5116 2780 5169 δ’
2811 5117 2978 5182 ἐνίοις
3012 5116 3299 5187 συσχεθεὶς
3334 5115 3646 5187 παραυτίκα

2419 5211 2668 5283 Φρουρὰν
2697 5210 2908 5281 ὑπέστη
2936 5212 3032 5264 καὶ
3059 5209 3338 5281 κάθειρξιν
3363 5208 3606 5271 ἐνδίκως.

2431 5303 2544 5357 Καὶ
2578 5301 2769 5355 λοιπὸν
2797 5302 2945 5366 ἆπας
2971 5303 3326 5373 προστρέχων
3360 5301 3495 5369 θείῳ
3519 5300 3666 5371 δόμῳ

2424 5396 2533 5465 Τὴν
2561 5393 2915 5466 Εὐφροσύνην
2944 5395 3173 5466 ἀνύμνει
3206 5395 3477 5465 βασιλίδα.

2135 4535 2180 4589 D

2201 5585 2457 5644 constat,
2523 5581 2831 5650 praedictam
2906 5592 3085 5634 notam
3153 5581 3406 5635 liberiore
3472 5597 3630 5635 Seusu
3698 5578 3763 5632 ab

2205 5650 2510 5717 Ephrtmnio
2568 5652 2814 5717 usurpari
2875 5652 2942 5705 ad
3002 5652 3414 5718 significandum
3477 5650 3761 5720 quemlibet

2203 5721 2328 5774 anui
2380 5734 2683 5773 excessum.
2722 5720 2855 5787 Quis
2906 5717 3063 5774 enim
3093 5731 3164 5774 tot
3210 5721 3455 5775 Cmsares
3497 5717 3656 5773 anuis
3700 5717 3759 5787 Ν.

2202 5802 2323 5843 cum
2374 5790 2655 5845 mensibus
2697 5786 3023 5845 adamussim
3071 5805 3163 5845 sex
3204 5794 3515 5862 regnavisse
3554 5786 3761 5844 credat!
