3922 6514
262 417 346 480 237
1659 395 2031 475 uastatis.

289 532 407 585 δέθὸ
440 528 569 584 Μεθ’
602 529 819 599 ἡμέρας
849 521 894 583 δ’
925 531 1120 584 εἴσεισι
1153 530 1246 582 καὶ
1276 529 1496 599 κράτωρ
1535 528 1684 580 πόλιν
1708 570 1721 589 ,

435 623 506 677 03
536 625 707 675 πᾶσιν
736 623 1004 686 ἀσπάσιος
1033 617 1107 675 ὧν
1139 623 1300 694 χάριν
1331 621 1458 700 ἕδρα

434 717 517 777 Et;
550 715 816 784 σύγγονον
847 716 1002 785 φίλον
1039 733 1094 768 τε
1124 717 1220 770 καὶ
1253 715 1510 784 βασιλέα,

433 808 494 861 Οἳ
521 811 616 863 καλ,
645 811 1098 880 παρεφθέγγοντο
1126 808 1396 878 δήπουθεν
1427 808 1549 861 τάδε
1573 849 1584 869 ,

449 902 544 954 ’Δν
570 897 717 954 οἶδεν
747 901 893 971 ὕδωρ
920 902 1046 964 τοὺς
1076 901 1403 960 πεπωκῦτας
1447 901 1680 968 πνίγειν,

280 994 408 1048 6500
445 995 505 1045 Τί
534 994 724 1046 λοιπὸν
762 993 890 1046 ἄλλο
919 994 1012 1045 καὶ
1042 993 1182 1046 πιὼν
1220 991 1448 1062 ξήσαίτό
1489 997 1610 1056 ing;

431 1084 487 1135 Et
511 1084 556 1135 δ’
579 1083 642 1133 ού
665 1083 962 1152 λυτροῦται
987 1081 1079 1135 τδν
1117 1081 1383 1153 σύναιμον
1409 1081 1661 1134 κινδύνου

441 1172 495 1227 ’0
527 1175 679 1244 φίλος
710 1175 1067 1244 αὐτάδελφος,
1092 1176 1298 1245 οἴχεται
1325 1174 1504 1243 φύσις.

437 1270 624 1336 Ὅμως
652 1268 943 1339 παρελθὼν
969 1271 1049 1333 είς
1074 1268 1210 1322 νεὼν
1234 1264 1370 1322 Θεοῦ
1404 1270 1576 1338 μέγαν

453 1366 557 1416 Καὶ
579 1364 889 1426 ταινιωθεὶς
921 1365 1044 1416 ταῖν
1075 1365 1260 1433 χεροῖν
1289 1361 1584 1432 ἀρχιθύτου
1605 1391 1622 1425 ι,

276 1454 401 1508 6303
443 1455 677 1519 Ἐξεισιν
700 1451 856 1518 αὖθις
885 1455 960 1517 ὡς
985 1454 1104 1516 ἑθος
1134 1454 1522 1524 στεφηφόροιςο

431 1551 623 1611 Ἰππος
661 1548 945 1618 προσήχθη
979 1547 1188 1618 γαῦρος
1217 1547 1298 1610 είς
1335 1544 1604 1600 ἱππασίαν

424 1642 712 1702 Φατνιστδς
740 1640 1051 1712 Ἀρῤἀϐιος,
1085 1640 1145 1694 εὖ
1167 1640 1503 1710 ἠσκημένοςσ

434 1736 521 1796 Ὠς
551 1734 643 1787 οὖν
672 1719 906 1803 ὲπήλθεν
936 1732 1295 1802 ὲγκαθιξῆσαι
1323 1732 1502 1803 δίφρῳ
1521 1773 1537 1798 ,

435 1829 627 1890 Ἵππος
664 1827 1017 1898 φριμάσσων,
1061 1824 1306 1894 γαυριῶν
1339 1821 1407 1894 ἦν
1434 1823 1712 1888 ἐκτόπως,

273 1922 396 1975 65ίο
447 1922 844 1992 Ἐμπροσθίους
878 1919 920 1972 δ’
949 1917 1158 1972 ἄνωθεν
1184 1917 1403 1986 ἀνυιξιῶν
1434 1917 1599 1980 πόδας

431 2011 532 2064 Καὶ
563 2011 866 2080 βλοσσυρόν
901 2026 952 2060 τι
986 2009 1081 2061 καὶ
1115 2007 1382 2077 μανιῶδες
1413 2006 1662 2076 βλέπων,

427 2103 496 2154 Τὸ
519 2102 748 2155 δάπεδον
773 2100 818 2152 δ’
848 2099 996 2164 ὄνυξι
1024 2099 1240 2152 κόπτων
1272 2097 1531 2167 συχνάκις
1549 2136 1564 2158 ,

425 2194 524 2246 Τὸν
552 2193 835 2262 ἀναϐάτην
871 2191 1141 2244 ἁπεσείετ’
1174 2189 1396 2259 ἐξόχως

428 2285 580 2339 Ἐπεὶ
611 2287 668 2339 δὲ
697 2284 878 2340 λαθὼν
903 2283 1207 2354 ὲμῦεϐήκει
1238 2283 1316 2352 τῷ
1344 2281 1520 2350 δίφρῳ

268 2381 392 2433 6515
439 2380 592 2433 Ἡνία
625 2378 807 2431 λαϐὼν
838 2381 894 2430 ὲν
909 2379 1091 2449 χεροῖν
1122 2375 1501 2445 αὐτοκράτωρ,

424 2473 534 2542 Οὐχ
561 2467 726 2543 ἦττον
756 2472 925 2532 ἵππος
959 2470 1240 2540 ἁγέρωχος
1272 2467 1502 2545 ἡτάκτει

423 2563 591 2628 Πόδας
625 2563 849 2634 ἀνυψῶν
887 2565 982 2616 καὶ
1014 2562 1285 2632 κροαίνων
1317 2559 1524 2629 ἀγρίως

424 2657 554 2710 Μετ’
586 2657 930 2722 ὲξακούστων
961 2652 1397 2726 χρεμμιτισμῶν
1425 2649 1518 2704 καὶ
1544 2651 1779 2720 κρότων

426 2750 533 2803 Καὶ
566 2750 741 2803 ταῦτα
771 2749 938 2802 ποιῶν
967 2749 1068 2802 οὐκ
1097 2745 1254 2816 ἔληξε
1285 2745 1584 2816 παράπαν,

265 2838 389 2890 6320
422 2839 565 2904 Ἕως
591 2842 837 2912 κεφαλῆς
873 2842 967 2896 τοῦ
1005 2841 1333 2913 κρατοῦντος
1369 2839 1431 2894 τὸ
1459 2839 1654 2907 στέφος

424 2931 614 3002 Χαμαὶ
652 2934 841 2985 πεσεῖν
873 2931 1104 3003 δέδρακε
1127 2972 1140 2996 ,
1176 2932 1270 2984 καὶ
1304 2929 1500 2983 τούτου
1534 2930 1677 2999 μέρη

417 3023 657 3093 Θραῦσίν
686 3039 745 3077 τε
778 3024 972 3077 παθεῖν
991 3065 1006 3090 ,
1033 3022 1274 3077 δυσκλεᾶ
1302 3023 1350 3076 τ’
1385 3025 1694 3092 ἀκοσμίαν,

418 3116 585 3178 Αὐτὸς
614 3117 659 3170 δ’
689 3118 1091 3191 ὰπεσφαίριστο
1119 3118 1231 3189 (70)
1265 3119 1392 3189 μάλ’
1424 3118 1723 3190 ὲφεστρίδι.

425 3207 618 3261 Ἵππον
642 3211 690 3262 δ’
718 3212 928 3274 ἀναϐὰς
959 3213 1117 3266 ἄλλον
1147 3213 1173 3264 ό
1201 3212 1547 3283 στεφηφόρος

267 3296 392 3352 6323
431 3303 660 3371 Πομπὴν
689 3305 994 3358 ἐπεισόδιον
1022 3300 1171 3376 εἶχεν
1197 3305 1404 3367 ἀνύσας

425 3395 526 3446 Σὺν
554 3395 632 3464 τῷ
659 3399 883 3450 πεσόντι
915 3397 1011 3450 καὶ
1035 3397 1432 3468 τεθραυσμένῳ
1461 3397 1669 3468 στέφει·

425 3487 707 3551 Ἀπαίσιος
734 3489 780 3541 δ’
806 3487 986 3555 ἔδοξεν
1008 3490 1196 3553 οἰωνὸς
1229 3489 1369 3544 τόδε.

436 3583 711 3653 Ύπῆρχεν
738 3579 893 3646 οὗτος
923 3583 1130 3651 ἀγαθὰς
1159 3584 1397 3653 τρόπους
1429 3585 1653 3655 κράτωρ
1675 3621 1690 3648 ,

422 3676 678 3746 Μείλιχος
697 3720 710 3740 ,
751 3677 1006 3748 ἡσύχιος,
1037 3677 1178 3746 ὴπία
1205 3676 1398 3744 φύσις,

265 3763 392 3821 6550
437 3768 673 3841 Ὶλαρὸν,
703 3772 1060 3824 εὺέντευκτον
1084 3767 1214 3842 ἦθος
1241 3766 1301 3826 εὖ
1331 3773 1512 3843 φέρων
1534 3814 1549 3838 ,

422 3861 786 3926 Μεταδοτικος
814 3864 908 3917 καὶ
935 3863 1332 3935 φιλοικτίρμων
1365 3865 1561 3929 πλέον,

423 3955 562 4008 [lict
590 3957 850 4024 προσιτδς
869 3997 883 4022 ,
915 3955 1152 4026 εὐμενὴς
1187 3957 1485 4025 ὑπηκόοις,

434 4046 595 4113 Ἡδὺς
616 4089 631 4111 ,
671 4049 914 4120 χαρίεις.
947 4050 1232 4120 εὐπρεπὴς
1262 4049 1387 4119 δψιν
1416 4052 1581 4120 ἄγαν,

425 4139 643 4208 Ὀρθιος
663 4181 678 4206 ,
712 4141 898 4210 εύῆλίξ
927 4158 985 4193 τε
1006 4182 1020 4205 ,
1056 4142 1263 4212 Νιρεύς
1291 4159 1375 4206 τις
1405 4143 1523 4207 νέος
1543 4185 1557 4209 ,

265 4228 386 4283 6555
423 4231 618 4286 Οὖτιν).
652 4232 860 4304 βλάψας
891 4235 971 4296 είς
998 4234 1202 4303 δέμας,
1233 4237 1314 4298 εἰς
1340 4236 1561 4302 οὐσίαν,

423 4321 546 4374 (λίπ’
579 4320 648 4374 αὖ
681 4323 1002 4393 νεοχμὼσσς
1033 4340 1088 4377 τι
1117 4325 1215 4396 τῆς
1246 4324 1603 4397 Ἐκκλησίας,

417 4417 488 4468 Οὐ
521 4416 770 4479 καινίσας
803 4417 968 4488 ἔθιμα
998 4420 1096 4488 τῆς
1127 4420 1464 4489 κραταρχίας
1490 4435 1506 4451 ο

420 4509 608 4561 Μισών
637 4509 918 4571 διαϐόλους
952 4527 1008 4562 τε
1046 4510 1236 4572 θῶπας
1267 4508 1564 4578 καθάπαξ·

415 4601 710 4670 Αίσθητική
735 4617 818 4663 τις
842 4599 1037 4670 καρδία
1066 4599 1163 4668 σὴς
1191 4592 1415 4663 ὀστέων,

259 4690 383 4745 6540
417 4693 528 4761 Τῆς
553 4693 631 4756 είς
667 4691 896 4761 ἀδελφὺν
927 4692 1114 4746 ἀδίκου
1149 4692 1435 4761 παροινίας

414 4787 501 4839 Ἐν
534 4785 796 4855 συντριϐῇ
831 4785 1142 4852 πνεύματος
1179 4782 1238 4836 εὖ
1265 4783 1574 4853 ᾐσθημένος

416 4881 520 4932 Καὶ
551 4880 843 4944 κατανύξει
871 4877 1101 4947 καρδίας
1128 4877 1448 4946 δακρυχέων
1467 4891 1481 4904 ·

415 4969 528 5038 Ἐφ’
556 4965 617 5024 οὗ
640 4971 776 5040 γυνή
810 4987 892 5033 τις
913 4971 1012 5022 οὐκ
1041 4968 1216 5038 ἐφάνη
1246 4967 1490 5038 γαμέτου

431 5064 526 5116 Ἐκ
545 5063 700 5117 τοῦδε
730 5064 918 5124 κακῶς
943 5064 1023 5126 είς
1049 5062 1220 5131 δέμας
1245 5062 1597 5128 πεπονθότος,

255 5154 378 5208 15345
413 5154 650 5224 Παρειὰς
681 5154 1026 5224 ἀμφίδρυφος
1053 5153 1086 5224 ἢ
1115 5155 1206 5206 καὶ
1227 5153 1496 5224 λυσίθριξ,

413 5248 533 5302 υύδ’
568 5247 862 5311 ἀπελαθεὶς
887 5242 1038 5300 ὦπτὸ
1071 5264 1156 5310 τις
1185 5247 1446 5317 πατρίδος
1467 5263 1484 5280 ’

367 5368 370 5369 ν
417 5340 560 5410 Πλὴν
585 5341 824 5411 νωχελὴς
845 5336 912 5411 ἦν
947 5342 1040 5393 καὶ
1074 5339 1319 5409 μαλακὸς
1342 5340 1441 5409 τὴν
1475 5338 1659 5405 φύσιν,

413 5428 630 5486 Οὐδ’-εὖ
665 5433 928 5503 πεφυκὼς
965 5434 1102 5502 πρὸς
1132 5433 1405 5501 διοίκησιν
1435 5431 1597 5493 ὅλων,

425 5523 518 5576 Ἐκ
556 5525 655 5592 τῆς
683 5525 919 5594 φυσικῆς
941 5525 1280 5595 νωθρότητος
1314 5522 1622 5594 συντρόφου

284 5613 377 5665 Σῖῖὶο
417 5619 524 5669 Καὶ
549 5617 648 5687 τῆς
681 5619 986 5688 τρυχούσης
1023 5620 1150 5680 τοὺς
1185 5616 1350 5679 πόδας
1377 5615 1660 5686 καχεξίας.

409 5709 577 5774 Οὗτός
612 5731 672 5781 γε
725 5714 905 5767 τοίνυν
951 5711 1214 5782 ἀσφαλῶς
1253 5711 1397 5781 σχὼν
1429 5711 1490 5763 τὸ
1538 5711 1761 5780 κράτος,

277 5872 379 5925 (τοὶ
407 5873 537 5928 Cod.
568 5875 977 5942 ἐπεσφαίριστο.

1825 550 1864 598 Α
1901 531 2027 583 ['ost
2063 531 2176 584 dies
2211 530 2416 600 aliquot
2447 530 2630 586 Ciesar
2663 537 2878 602 quoque
2913 531 2965 585 in
3001 531 3190 584 urbem

1895 623 2033 674 baud
2071 623 2281 676 cunctis
2315 631 2503 692 gratus
2537 624 2682 676 venit
2711 623 2778 676 ob
2809 637 2962 677 suum
2996 621 3207 677 facinus

1891 723 2078 766 contra
2116 728 2434 784 germanum
2472 713 2696 768 fratrem
2733 728 3000 785 suumque
3033 716 3331 769 dominum.

1892 805 2065 872 Atque
2099 805 2412 859 conviciaus
2445 805 2643 875 aliquis
2676 806 2757 860 sic
2791 806 2929 861 forte
2964 806 3143 882 aiebat
3175 824 3189 860 :

1893 894 1946 948 Si
1982 896 2222 951 bibentes
2246 897 2463 966 quidem
2498 898 2754 967 praefdcat
2782 912 2943 965 aqua,

1889 988 2012 1056 quis
2035 989 2145 1056 jam
2174 989 2281 1044 alio
2313 999 2440 1058 potu
2471 991 2636 1043 vitam
2671 991 2898 1044 toleret?

1891 1087 1944 1132 et
1975 1078 2022 1132 si
2049 1080 2272 1134 fratrem
2305 1096 2408 1135 non
2438 1080 2705 1135 redimita
2734 1081 3052 1137 discrimine

1889 1184 2182 1237 germanus
2211 1171 2396 1239 frater,
2427 1174 2585 1244 periit
2614 1184 2825 1228 natura.

1892 1263 2142 1316 Attamen
2174 1273 2490 1333 progressas
2518 1263 2584 1317 ad
2618 1266 2872 1335 templum
2908 1276 3182 1334 magnum,

1890 1363 1941 1407 et
1969 1355 2289 1422 patriarchae
2319 1366 2614 1412 coronatus
2641 1357 2909 1421 manibus,

1891 1443 2021 1498 exiit
2050 1446 2116 1499 ad
2145 1459 2392 1516 pompam
2423 1447 2727 1503 Caesaribus
2752 1448 2966 1502 solitam
2999 1464 3016 1502 :

1891 1535 1958 1588 ad
1988 1551 2148 1604 quem
2183 1537 2450 1604 sublimis,
2481 1548 2536 1591 ut
2569 1539 2846 1604 insideret,
2872 1539 3088 1592 ducitur

1889 1640 2064 1697 equus
2092 1630 2266 1685 Arabs
2294 1633 2359 1684 de
2385 1633 2713 1701 praesepibus
2738 1634 2794 1686 et
2827 1637 2964 1685 bene
2993 1633 3260 1685 exemitus
3287 1645 3303 1686 :

1893 1731 2076 1770 verum
2107 1719 2232 1772 dum
2261 1718 2442 1774 Caesar
2472 1723 2524 1775 in
2556 1722 2866 1792 ephippitnu
2899 1723 3089 1785 insilit,

1890 1811 2196 1864 subsultans
2225 1826 2393 1880 equus
2423 1814 2684 1884 valdeque
2715 1815 3000 1878 ferociens,

1823 1913 1861 1963 tt
1894 1918 2062 1972 seque
2090 1907 2391 1961 anteriores
2423 1911 2665 1976 arrigens
2695 1910 2746 1963 in
2778 1913 2966 1980 pedes,

1892 2000 2061 2051 torvis
2092 2007 2147 2052 et
2175 2000 2449 2054 iracundia
2479 2001 2698 2056 Suﬂ'ttsis
2726 2003 2920 2070 oculis,

1886 2096 1943 2141 et
1973 2088 2342 2158 pavimentum
2367 2093 2578 2161 ungulis
2605 2109 2745 2162 sa‘pe
2769 2095 3037 2163 quatiens,

1890 2179 2027 2233 miro
2055 2195 2324 2236 sessorem
2356 2183 2641 2238 recusabat
2671 2187 2789 2239 nisu
2817 2203 2832 2239 :

1887 2272 1982 2325 sed
2015 2287 2135 2326 cum
2169 2285 2391 2343 repente
2421 2278 2734 2346 epltippium
2765 2291 3085 2346 occupasset

1888 2365 2374 2436 prebeudissetque
2402 2369 2612 2425 frenum
2643 2373 2954 2440 iuzperator,

1887 2457 2056 2510 nibilo
2091 2470 2266 2514 tamen
2295 2461 2592 2519 ferociebat
2616 2467 2795 2522 minus

1886 2564 2058 2617 equus
2086 2553 2242 2606 elatis
2273 2557 2516 2622 pedibus,
2545 2569 2854 2632 terramque
2886 2564 3197 2630 verberans,

1886 2643 2208 2713 sonorisque
2241 2646 2540 2705 birmitibus
2569 2668 2748 2708 aerem
2780 2657 3090 2726 cauxplens;

1886 2747 2063 2803 neque
2089 2749 2120 2788 a
2147 2734 2330 2793 furore
2360 2740 2671 2810 bujusmodi
2701 2746 2852 2815 prius
2887 2750 3113 2815 destitit,

1884 2840 2047 2892 quam
2081 2828 2258 2896 capite
2286 2845 2548 2888 coronam
2575 2839 2816 2891 excussit
2841 2839 3040 2895 Caesari

1885 2921 2031 2974 humi
2061 2923 2382 2992 projectam,
2406 2927 2561 2996 cujus
2588 2931 2750 2985 etiam
2782 2944 2968 3001 partes

1883 3011 2175 3070 confracta:
2202 3028 2330 3071 sunt
2349 3018 2582 3076 infauste
2612 3033 2776 3093 atque
2803 3024 3054 3082 indecore
3079 3042 3096 3082 :

1883 3120 2068 3162 sessor
2096 3117 2274 3164 autem
2305 3119 2478 3166 strato
2503 3117 2711 3169 corruit
2740 3132 3031 3186 purpureo.

1885 3200 2247 3266 Quamobrem
2281 3203 2388 3260 alio
2419 3205 2673 3262 inscenso
2691 3209 2872 3263 Gzesar
2897 3227 3039 3280 equo

1883 3291 2338 3364 qualemcumque
2384 3297 2599 3353 demum
2630 3300 2861 3355 absolvit
2892 3319 3140 3375 pompam

1879 3397 2001 3436 cum
2030 3395 2314 3441 stemmate
2343 3390 2620 3446 contracto
2648 3402 2703 3446 et
2724 3393 2989 3463 deciduo;

1879 3474 2020 3540 quod
2050 3474 2246 3532 [tevqu
2277 3492 2434 3536 omen
2463 3484 2637 3538 visum
2667 3496 2750 3540 est
2778 3493 3170 3557 spectantibus.

1882 3567 2013 3620 Erat
2045 3568 2136 3624 bic
2163 3570 2348 3627 Caesar
2380 3573 2562 3630 indole
2587 3577 2726 3632 bona
2753 3583 3030 3648 praeditus,

1879 3661 2070 3727 comis,
2094 3665 2435 3734 tranquillus,
2459 3682 2742 3725 mansueto
2778 3675 3012 3746 ingenio,

1882 3751 2092 3818 hilaris,
2117 3769 2341 3812 accessu
2373 3760 2647 3830 aliamque
2674 3764 2873 3833 facilis,

1879 3845 2148 3901 clemente
2179 3863 2384 3914 atumo,
2411 3867 2574 3907 manu
2604 3855 2836 3924 liberali,
2909 3903 2913 3907 .

1879 3951 2198 3996 cunctorum
2231 3947 2482 4013 precibus
2512 3961 2722 4018 patens,
2747 3966 2800 4008 et
2831 3955 3162 4017 benevolus:

1880 4033 2134 4101 blandus,
2158 4041 2444 4107 gratiosus,
2471 4041 2849 4116 l'ormosusque
2873 4051 3184 4119 admodum,

1880 4141 2163 4194 procerus,
2193 4131 2400 4186 virente
2429 4144 2608 4201 aatate,
2633 4138 2772 4194 alter
2799 4139 3014 4199 Nireus.

1877 4215 2121 4274 Netninis
2151 4220 2236 4275 hic
2267 4225 2482 4293 corpori
2513 4227 2656 4283 reive
2685 4232 2888 4294 nocuit,

1880 4325 2056 4379 neque
2084 4313 2135 4366 in
2169 4314 2410 4370 Ecclesia
2437 4319 2731 4388 quidquam
2765 4323 3062 4390 innovavit,

1879 4419 1977 4457 nec
2009 4406 2293 4477 obrogavit
2318 4411 2444 4466 item
2481 4413 2692 4484 imperii
2729 4417 2964 4486 legibus;

1806 4532 1849 4586 υ
1878 4501 2263 4556 assentationis
2293 4519 2445 4572 mque
2477 4518 2528 4560 et
2551 4509 2836 4564 calumnia:
2865 4527 3010 4566 osor.

1880 4589 2122 4662 Cumque
2152 4609 2297 4650 esset
2327 4607 2514 4654 tenero
2544 4600 2782 4658 imbutus
2813 4607 3012 4677 animo,

1872 4683 2078 4737 crimen
2111 4688 2367 4742 adversus
2398 4692 2640 4757 fratrem,
2667 4703 2723 4747 ut
2752 4697 2953 4750 cariem
2986 4700 3214 4769 ossium,

1871 4777 2179 4833 exulcerata
2214 4782 2376 4836 fixum
2409 4786 2628 4853 gerebat
2661 4800 2859 4854 n‘tente,

1871 4873 2273 4943 gemitibusque
2301 4886 2353 4929 et
2382 4877 2636 4948 lacrymis
2665 4883 2937 4950 expiabat.

1873 4963 1993 5032 Ipso
2027 4978 2288 5034 regnante
2317 4970 2460 5023 nulla
2493 4987 2728 5042 unquam
2764 4976 2958 5030 mulier

1872 5068 2092 5128 propter
2121 5061 2299 5115 mariti
2332 5062 2632 5118 mutilatum
2661 5081 2860 5134 corpus

1873 5153 1956 5206 vel
1989 5153 2249 5208 laceravit
2275 5169 2441 5226 genas
2469 5159 2549 5212 vel
2581 5159 2740 5214 solvit
2766 5176 3007 5228 comam,

1872 5260 1971 5301 uec
2002 5249 2293 5318 quisquam
2325 5255 2499 5320 patria
2532 5254 2720 5322 pulsus
2752 5254 2804 5308 in
2839 5257 3108 5310 exsilium.

1868 5337 2134 5394 Caeterum
2163 5356 2350 5397 socors
2380 5344 2713 5415 remissoque
2739 5347 2974 5417 ingenio,

1871 5447 2048 5500 neque
2072 5433 2140 5487 ad
2170 5437 2558 5505 rempublicam
2587 5439 2877 5509 regendam
2907 5440 3130 5495 idoneus

1871 5534 2090 5596 prepter
2115 5537 2303 5582 natura
2338 5529 2555 5583 insitam
2587 5532 2892 5599 segnitiem,

1869 5628 1922 5672 et
1951 5620 2078 5687 quia
2111 5620 2337 5688 pedibus
2363 5623 2528 5676 etiam
2556 5622 2857 5679 laboraba:.

1869 5711 2093 5778 Quietus
2117 5728 2245 5782 ergo
2277 5715 2564 5770 moderans
2593 5715 2818 5786 imperio
