3922 6532
170 442 249 505 241
1573 441 1719 502 ΟιἘΞ

1573 441 1826 503 ΟιΈΞΑΒ
1840 442 1943 502 ES.

349 556 507 608 ίΙόσιν
535 554 739 623 ἑαυτῆς
775 553 1130 609 ἀποϐαλοῦσα
1165 554 1314 624 μόρῳ

346 648 447 700 Τοῦ
473 648 721 701 Σικελῶν
755 647 1024 719 ἄρξαντος
1053 648 1169 700 υἱὸν
1205 648 1312 718 πρὸ
1341 648 1551 717 χρόνων
1578 664 1591 678 ·

193 742 313 796 (illi)
352 742 419 793 Ἥ
449 740 706 795 κυκεῶνα
744 742 972 809 πικρίας
1000 740 1253 810 ἀψινθίου

347 834 615 903 Ποτήριον
636 832 684 885 δ’
712 833 811 903 οὐχ
841 827 1008 905 ἦττον
1036 833 1209 903 ὀργῆς
1238 835 1448 904 Κυρίου

362 924 637 996 Ὀλέθριον
668 925 892 997 κίρνησι
918 929 985 997 τῇ
1012 925 1324 989 Βυζαντίδι.

348 1017 576 1084 Πασχων
604 1016 673 1069 τὰ
700 1015 796 1069 τοῦ
820 1016 1072 1087 σώματος
1096 1018 1275 1087 ἄρθρα
1299 1016 1394 1071 καὶ⁸
1426 1016 1600 1087 βάθρα

346 1110 415 1160 0-3
447 1108 688 1179 συνεχῶς
722 1110 822 1179 μὲν
853 1112 945 1164 καὶ
975 1109 1064 1163 διὰ
1100 1108 1220 1180 βίου
1251 1109 1499 1180 κράτωρ,

199 1200 317 1253 θίτῦ
357 1201 504 1253 Κατὰ
532 1202 593 1255 δὲ
624 1202 865 1266 κύκλους
898 1202 995 1256 καί
1028 1219 1181 1265 τινας
1214 1202 1501 1272 περιόδους

350 1296 445 1347 Ἕκ
465 1310 614 1359 τινος
643 1295 780 1365 ὕλης
816 1293 1076 1365 σώματος
1103 1294 1393 1365 καχεξίας,
1570 1366 1573 1369 λ

358 1386 574 1449 Ὀδύνας
604 1382 720 1457 εἶχε
765 1390 858 1441 καὶ
885 1388 1283 1461 δυσυποίστους
1313 1387 1532 1451 πόνους,

1735 571 1780 625 Α
1811 556 2063 625 quoniam
2096 555 2330 625 priorem
2358 556 2461 624 ipsi
2489 569 2633 611 mors
2662 554 2961 611 abstulerat

1810 664 2068 718 sponsum
2100 648 2301 703 Sicilia:
2328 650 2597 719 quondam
2632 649 2774 720 regis
2805 647 2993 702 filium.

1811 738 1934 795 llaec
1961 739 2159 795 femina
2189 737 2465 796 conditum
2498 755 2687 797 amaro
2715 740 2988 795 absinthio

1810 814 2483 904 DominicaquEtanquam
2513 833 2590 888 ira
2625 834 2838 902 plenum

1810 924 2030 980 calicem
2062 928 2368 997 propinavit
2392 928 2580 994 patria:
2610 941 2744 981 suae.

1810 1018 2044 1074 Pedibus
2074 1028 2127 1075 et
2155 1020 2441 1074 arthritide
2475 1019 2727 1074 laborans
2754 1018 2940 1075 Caesar

1812 1112 1955 1167 haud
1984 1111 2199 1181 quidem
2230 1112 2349 1166 sine
2376 1113 2562 1181 requie
2587 1112 2667 1166 vel
2704 1111 3010 1173 intervallo,

1809 1204 1902 1256 sed
1936 1204 2268 1273 temporibus
2298 1205 2463 1259 certis
2493 1218 2553 1257 ac
2585 1203 2848 1274 periodis,

1812 1306 2031 1366 pr0pter
2058 1297 2312 1351 vitiosum
2342 1297 2585 1369 corporis
2614 1297 2895 1353 humorem

1811 1388 2025 1443 dolores
2055 1390 2363 1458 patiebatur
2394 1390 2785 1459 intolerabiles,

364 1481 778 1550 Ἐπεισρυέντος
803 1478 899 1533 τοῦ
931 1481 1107 1534 κακοῦ
1137 1480 1233 1533 καὶ
1258 1479 1355 1533 τοῦ
1387 1478 1616 1543 πάθους,

356 1574 551 1643 Ἐαρος
579 1573 777 1628 οὐκοῦν
802 1575 1081 1646 τηνικαῦτ’
1104 1576 1411 1645 ἀφιγμένου

198 1667 318 1721 θίὶυ
355 1668 539 1729 Πόνοις
570 1666 819 1737 νικηθεὶς
848 1668 940 1721 καὶ
972 1668 1383 1738 περιωδυνίαις,

352 1760 530 1829 Τολμᾷ
553 1776 608 1813 τι
650 1762 888 1831 πρᾶγμα
914 1760 1243 1824 κινδυνῶδες
1272 1760 1366 1814 καὶ
1396 1759 1566 1825 ξένον,

351 1852 608 1921 ὐλεθρον
639 1852 791 1923 αύτῷ
818 1851 1113 1924 προξενοῦν
1142 1853 1468 1923 παραϐόλως
1492 1868 1505 1882 ³

350 1944 572 2014 Σιδήρια
597 1945 707 2015 γὰρ
741 1945 1177 2011 πυρακτωθὲντα
1220 1947 1427 2016 σφόδρα

351 2038 568 2091 Σκελοῖν
598 2038 909 2107 ἐπιτίθησιν
937 2039 1141 2107 ἀμφοῖν
1169 2039 1260 2091 καὶ
1286 2038 1526 2107 βάθροιν,

198 2132 319 2185 6125
357 2132 459 2184 Καὶ
492 2133 631 2200 πρὸς
663 2131 824 2202 βάθος
850 2132 1081 2202 δέδρακε
1113 2131 1361 2201 καυτῆρα
1397 2130 1562 2200 μάλα.

354 2223 458 2276 Καὶ
498 2224 635 2293 πρὸς
666 2224 842 2294 βραχὺ
879 2223 982 2293 μὲν
1028 2223 1336 2295 ραῖσάντων
1364 2223 1472 2275 τῶν
1504 2221 1706 2287 πόνων,

1812 1570 1978 1638 Igitur
2006 1588 2169 1628 verno
2198 1582 2323 1629 tunc
2355 1575 2593 1631 instante
2627 1585 2891 1644 tempore,

1811 1680 1930 1719 cum
1966 1674 2253 1736 angeretur
2281 1666 2458 1723 solitis
2486 1667 2789 1737 doloribus,

1812 1773 2011 1813 novum
2045 1759 2306 1815 audacter
2339 1760 2569 1816 tentavit
2597 1762 2924 1828 remedium,

1814 1851 1957 1922 quod
1991 1851 2091 1920 ipsi
2123 1867 2396 1906 summum
2429 1853 2610 1908 attulit
2634 1855 2925 1911 discrimen
2956 1872 2972 1911 :

1816 1942 2051 1997 fervidos
2082 1944 2223 1998 enim
2254 1945 2545 2001 admodum
2581 1948 2710 2002 ferri
2743 1948 2974 2003 laminas

1813 2036 2030 2105 utrique
2060 2036 2203 2090 cruri
2236 2048 2288 2091 et
2320 2038 2545 2106 pedibus
2578 2039 2863 2109 imponens

1814 2131 2014 2184 inussit
2044 2146 2208 2199 grave
2235 2132 2492 2188 carnibus
2520 2135 2843 2189 cauterinm.

1811 2221 1877 2277 Et
1910 2224 2114 2280 sedatis
2149 2225 2364 2294 quidem
2400 2240 2689 2297 parumper
2722 2226 3003 2283 doloribus

1812 1480 1938 1534 dum
1970 1496 2028 1534 se
2058 1497 2154 1550 per
2176 1497 2375 1555 corpus
2403 1483 2623 1539 morbus
2652 1484 3067 1555 circumageret.
3170 1500 3175 1503 ‘

349 2317 480 2369 Μεθ’
519 2316 733 2387 ὕϐρεων
761 2316 1002 2379 ἅπαντες
1044 2314 1442 2385 Ἀσκληπιάδαι

347 2412 579 2480 Μακράν
623 2410 1004 2481 ἀπηλαύνοντο
1038 2409 1309 2489 κράτορρς
1336 2408 1482 2480 λόγῳ
1514 2425 1527 2439 ο

353 2504 505 2556 Μετὰ
530 2504 588 2557 δὲ
613 2505 772 2557 τοῦτο
806 2505 1111 2574 φλεγμοναὶ
1146 2502 1453 2573 καυτηρίας

196 2596 314 2648 (illi)
349 2596 695 2667 Κατέτρυχον
721 2596 1030 2666 κρατοῦντα
1065 2596 1161 2649 καλ⁸
1191 2595 1498 2662 ποδαλγίαι,

358 2691 461 2741 Καὶ
491 2691 601 2752 πᾶς
636 2690 820 2761 ίατρὸς
854 2690 1180 2760 ενίσκέκλητο
1216 2691 1310 2743 σὺν
1341 2692 1533 2758 τάχει·

354 2784 458 2834 Καὶ
488 2783 693 2846 πάντας
729 2783 1068 2854 ὑπέθραττεν
1103 2783 1162 2835 οὐ
1198 2780 1402 2851 φαῦλον
1430 2780 1570 2843 δέος,

353 2874 559 2944 Μήπως
606 2876 896 2945 ἀνειρχθὲν
951 2874 1181 2929 καθόδου
1224 2874 1327 2943 τῆς
1359 2873 1495 2943 πρὸς
1546 2871 1712 2934 πόδας

354 2965 554 3029 Είωθὸς
578 2960 717 3036 αἷμα
750 2968 847 3020 σὺν
885 2967 987 3040 ὕλῃ
1014 2960 1375 3037 καταρρέων,

201 3056 322 3112 6535
365 3058 673 3129 Ἐνσκῆψαν
696 3062 777 3123 εἰς
803 3061 996 3131 καίρια
1029 3060 1275 3130 σώματος
1312 3058 1445 3129 μέλη

354 3154 813 3224 Οζσεικρατάρχῃ
846 3152 1080 3207 θάνατον
1124 3152 1462 3223 παραυτίκα,

353 3242 758 3298 ὶιεταπεσεῖται
786 3245 831 3298 δ’
860 3243 1098 3314 ἀλλαχοῦ
1126 3232 1462 3314 κραταρχία.

356 3333 567 3387 Τούτων
589 3336 748 3404 λόγος
780 3336 1016 3406 μάλιστα
1043 3339 1111 3407 τῇ
1148 3335 1404 3405 βασιλίδι,

361 3425 678 3497 κληροῦχον
704 3428 821 3479 υίὺν
851 3429 949 3480 οὐκ
981 3427 1182 3498 ἐχούσῃ
1217 3428 1313 3481 τοῦ
1350 3428 1607 3497 κράτους,

201 3516 324 3570 64ίο
355 3520 535 3589 Μάνην
566 3520 836 3590 ξυνωρίδα
871 3521 927 3573 δὲ
953 3521 1064 3573 τῶν
1091 3520 1434 3589 θυγατέρων,

357 3616 523 3686 Χῆτιν
554 3614 666 3685 (72)
698 3614 985 3668 παθουσῶν
1018 3614 1126 3685 τῶν
1154 3613 1425 3666 συνευνῶν
1459 3612 1561 3681 πρὸ
1592 3612 1715 3681 χρό-

1476 3705 1607 3777 [νων
1631 3720 1640 3731 ·

362 3798 457 3854 Ὧν
492 3802 705 3872 Εἰρήνη
741 3801 840 3871 μὲν
866 3802 905 3870 ἡ
930 3800 1108 3871 χρόνῳ
1145 3799 1502 3870 πρεσϐυτέρα

358 3895 607 3964 Συνῆπτο
638 3894 822 3957 καλῶς
850 3894 987 3964 πρὸς
1018 3893 1200 3962 γάμου
1232 3892 1519 3946 κοινωνίαν

361 3986 817 4055 Κοντοστεφάνων
849 3987 913 4038 ὲκ
944 3987 1136 4052 γένους
1164 3983 1511 4052 Ἀνδρονίκῳ,

204 4076 326 4133 ϐίίὸ
360 4079 523 4150 Μὸρῳ
554 4079 781 4148 μαλακῷ
813 4077 1181 4132 καταλύσαντι
1209 4078 1325 4148 βίον
1350 4093 1363 4106 ⁸

369 4171 431 4225 Ἠ
454 4172 687 4240 δευτέρα
716 4172 760 4222 δ’
800 4171 969 4232 Ἅννα
997 4186 1060 4238 γε
1090 4169 1321 4239 συνῴκει
1354 4171 1513 4223 πάλιν

370 4262 626 4330 Ἰσαακίῳ
656 4260 1010 4332 Κομνηνιάδῃ
1036 4260 1139 4329 νέῳ

360 4351 561 4403 Μυσῶν
590 4351 868 4421 καθείρξει
891 4350 982 4406 τὸν
1006 4350 1119 4420 βίον
1143 4350 1436 4414 λελοιπότε,

369 4443 454 4505 Ὠς
485 4443 720 4513 ἱστορῶν
751 4442 993 4513 ἔφρασεν
1024 4441 1220 4496 ἀνόπιν
1244 4441 1420 4509 λόγος.

214 4532 329 4585 lilii!)
366 4537 553 4588 Ταῦτα
587 4536 686 4603 μὲν
711 4535 856 4588 οὕτω
891 4533 969 4604 τῷ
1000 4533 1212 4604 βασιλεί
1244 4534 1473 4602 συνέϐη.

364 4629 556 4697 Ὅμως
588 4628 811 4698 ῥαΐσας,
841 4627 1060 4697 ἀπάρας
1087 4627 1434 4693 Βυζαντιδος,

372 4720 697 4789 ’ἱεζφίσταταί
728 4735 790 4787 γε
814 4718 1189 4789 Θεσσαλονίκῃ
1224 4718 1399 4784 πόλει,

364 4814 636 4865 Κάκεῖθεν
672 4811 820 4881 ὁρμᾷ
849 4810 990 4864 κατὰ
1019 4810 1237 4879 Χρύσου
1290 4809 1385 4863 τοῦ
1419 4810 1651 4881 Βλάχου,

368 4906 460 4966 Ὃς
484 4902 826 4973 παραλαϐὼν
850 4901 1270 4972 Στρούμμιτζαν
1290 4904 1387 4957 σὺν
1409 4907 1516 4967 τοῖς
1540 4907 1722 4976 πέριξ,

214 4992 333 5047 6le5
369 4996 474 5048 Καί
504 5014 559 5048 τι
583 4993 874 5063 κατασχὼν
907 4997 986 5059 είς
1012 4996 1329 5064 τυραννεῐου
1360 4996 1518 5065 λόγον

375 5090 709 5160 ’Υπερφυὲς,
738 5088 1013 5158 τειχῆρες,
1046 5088 1293 5143 αἰπεινὸν
1319 5090 1439 5143 λίαν

292 5199 295 5203 ·
372 5184 608 5252 Ἔρυμα,
646 5180 840 5247 δεινὸν,
877 5179 1161 5250 Πρόσακον
1188 5176 1545 5253 κεκλημένον,

384 5277 448 5325 Ὃ
483 5273 895 5345 συνδραμουσαι
923 5272 1084 5342 φύσις
1108 5274 1225 5343 ἃμα
1254 5275 1347 5328 καὶ
1380 5274 1544 5345 τέχνη

384 5366 767 5436 Ἀπρόσμαχόν
792 5366 836 5417 τ’
869 5366 1078 5435 ἄμαχον
1110 5366 1439 5434 είργάσαντό
1473 5384 1610 5432 πως,

212 5456 332 5511 6400
371 5458 472 5515 ’ίιν
519 5461 848 5529 Ῥωμαϊκοῖς
876 5460 1276 5527 γειτνιάζουσιν
1310 5460 1457 5532 ὅροις

368 5557 519 5623 Μέγα
548 5573 600 5608 τι
626 5555 798 5608 κακὸν
828 5552 1167 5619 ἀφανίζουσα
1196 5551 1365 5623 λύμη.

370 5648 559 5702 Τοίνυν
590 5648 817 5707 ἐπιστὰς
844 5645 1094 5715 βασιλεὺς
1123 5644 1201 5713 τῷ
1228 5645 1498 5717 Προσάκῳ

373 5740 522 5793 Μετὰ
549 5742 808 5810 στρατιᾶς
839 5738 1171 5805 ἀξιαγὰστου
1205 5737 1345 5804 λίαν,

257 5899 355 5972 «72)
397 5902 451 5957 In
490 5906 725 5974 margine
757 5904 932 5974 glossa
970 5903 1244 5976 στέρησιν.

1812 2332 1921 2369 non
1957 2317 2075 2373 sine
2110 2318 2371 2373 conviciis
2401 2334 2592 2375 omnes
2622 2318 2976 2389 Asclepiadas

1816 2408 1997 2474 procul
2036 2424 2062 2460 a
2099 2422 2157 2463 se
2189 2409 2459 2463 facessere
2485 2409 2711 2480 juhebat
2741 2410 2923 2466 Caesar
2946 2426 2965 2464 τ
3024 2418 3029 2421 ⁷

1815 2515 2001 2553 verum
2032 2501 2258 2555 cauterii
2292 2500 2546 2571 posthinc
2581 2502 2938 2559 inflammatio

1814 2594 2072 2666 dolorque
2109 2596 2301 2666 pedum
2337 2597 2605 2652 Caesarem
2633 2598 2939 2664 cruciabat;

1817 2688 2163 2755 revocatique
2197 2688 2389 2743 medici
2422 2698 2549 2742 sunt
2584 2688 2858 2756 celeriter,

1814 2794 1948 2847 quos
1981 2794 2169 2833 omnes
2198 2781 2339 2835 haud
2378 2796 2547 2838 vanus
2585 2782 2781 2835 invasit
2818 2782 2998 2847 timor,

1818 2887 1881 2926 ne
1914 2871 2221 2941 prohibitus
2255 2872 2546 2942 quominus
2578 2874 2630 2927 in
2664 2872 2825 2941 pedes
2855 2871 3048 2927 flueret

1816 2965 2006 3017 solitus
2039 2966 2231 3018 humor
2259 2965 2539 3034 sanguinis
2574 2974 2627 3018 et
2664 2965 2855 3031 saniei,

1817 3058 1869 3109 in
1904 3057 2150 3127 corporis
2182 3057 2471 3125 prmeipuis
2498 3065 2779 3126 stagnaret
2806 3057 3075 3127 partibus,

1817 3164 2127 3219 aegrumque
2157 3149 2438 3204 subitanea
2476 3161 2651 3205 morte
2690 3151 3046 3220 opprimeret,

1742 3279 1785 3337 ε
1820 3249 1982 3311 atque
2013 3241 2077 3295 ad
2110 3252 2401 3297 extraneas
2430 3251 2703 3313 sceptrum
2734 3244 2910 3299 abiret
2942 3256 3159 3302 manus.

1821 3329 2012 3386 Sermo
2044 3331 2129 3385 hic
2165 3332 2324 3386 fiebat
2358 3332 2499 3402 apud
2538 3333 2776 3403 reginam
2808 3334 3066 3399 maxime,

1815 3439 1932 3494 quae
1965 3424 2261 3479 masculum
2298 3424 2565 3480 lieredem
2595 3424 2737 3479 haud
2762 3433 3085 3494 pepererat,

1816 3516 1907 3569 sed
1949 3514 2273 3569 feminarum
2304 3523 2512 3569 tantum
2552 3526 2649 3584 par
2670 3514 2910 3569 ﬁliarum
2933 3554 2949 3581 ,

1816 3622 2044 3676 quarum
2071 3608 2182 3677 jam
2214 3616 2331 3663 erat
2367 3617 2596 3679 utraque
2633 3622 2834 3678 sponso
2860 3609 3042 3663 vidua.

1818 3798 1971 3852 lrene
2007 3807 2135 3853 natu
2173 3799 2343 3869 major
2373 3798 2559 3868 juncta
2598 3798 2773 3853 fuerat

1819 3891 2112 3961 Splendidis
2144 3907 2275 3946 sane
2306 3893 2515 3961 nuptiis
2547 3893 2875 3956 Andronico,

1820 3984 2132 4052 progeniem
2165 3998 2321 4040 suam
2357 3984 2591 4038 trahenti
2622 3985 2689 4039 de
2715 3984 3200 4056 Contostephanis;

1821 4081 1916 4135 sed
1949 4080 1993 4134 is
2024 4079 2243 4150 abrupit
2266 4083 2432 4136 vitam
2475 4083 2544 4138 ob
2572 4097 2723 4138 suam
2764 4083 3070 4139 mollitiem.

1819 4172 2012 4227 Junior
2039 4188 2190 4244 aeque
2218 4183 2382 4244 nupta
2412 4174 2588 4231 fuerat
2618 4175 2771 4232 Anna

1820 4266 2222 4324 Comnenorum
2252 4269 2472 4325 surculo
2512 4271 2758 4335 lsaacio,

1822 4360 1913 4429 qui
1943 4360 2082 4432 apud
2121 4360 2323 4418 Mmsos
2352 4362 2486 4418 obiit
2520 4362 2572 4418 in
2611 4364 2859 4431 vinculis,

1824 4464 1883 4508 ut
1917 4467 2104 4510 nostra
2138 4455 2366 4511 historia
2407 4458 2640 4527 desuper
2672 4460 2931 4514 narravit.

1824 4548 2002 4617 Atque
2042 4548 2115 4601 ita
2152 4547 2382 4602 Caesaris
2413 4564 2471 4603 se
2508 4564 2594 4603 res
2634 4549 2943 4606 habebant:

1756 4620 1797 4675 θ
1828 4641 1916 4709 qui
1956 4641 2098 4695 male
2130 4641 2317 4695 firmus
2348 4641 2522 4696 adhuc
2558 4641 2818 4712 Byzantio
2853 4645 3120 4700 excedens

1826 4732 2267 4789 Thessalonicam
2300 4734 2529 4788 contulit
2559 4749 2617 4787 se
2646 4735 2696 4788 in
2728 4734 2914 4788 urbem
2943 4750 2958 4788 :

1827 4824 1948 4877 inde
1986 4824 2221 4888 perrexit
2256 4833 2445 4877 contra
2475 4824 2743 4895 Chrysum
2772 4824 3030 4881 Blacbum

1826 4916 1914 4983 qui
1948 4914 2303 4969 Strummitza
2338 4922 2600 4982 occupata
2631 4930 2753 4969 cum
2792 4916 3013 4980 vicinia,

1825 5015 2125 5076 teneasque
2156 5006 2447 5076 quoddam,
2482 5006 2650 5061 veluti
2682 5008 2884 5077 regiam
2916 5022 3091 5078 suam,

1830 5098 2199 5167 peridoneum,
2225 5098 2643 5152 munitissimum
2672 5102 2723 5154 ct
2751 5101 2983 5156 sublime

1832 5197 2021 5258 ingens
2056 5192 2335 5247 castellum
2368 5191 2452 5245 cui
2490 5206 2685 5246 nomen
2717 5192 3013 5260 Prosac'on,

1829 5286 1968 5352 quod
2003 5298 2093 5338 ars
2122 5284 2369 5338 certatim
2407 5298 2525 5336 cum
2563 5292 2753 5339 natura
2784 5286 3042 5342 effecerat

1832 5376 2154 5429 bellantibus
2188 5374 2525 5429 inaccessum
2566 5377 3000 5447 inexpugnabile,

1832 5464 2089 5519 Romana:
2123 5464 2234 5517 illic
2265 5465 2526 5533 proximis
2557 5467 2780 5525 ditionis
2815 5470 3014 5528 finibus

1829 5571 1992 5626 grave
2027 5557 2343 5612 imminebat
2375 5559 2571 5613 malum
2600 5566 2653 5614 et
2685 5561 2927 5619 exitium.

1821 5650 2100 5704 Accedens
2128 5663 2259 5719 ergo
2287 5648 2562 5706 Prosacon
2596 5651 2891 5723 imperator

1830 5756 1950 5797 cmn
1996 5739 2221 5797 ﬂorente
2259 5742 2496 5796 exercitu
2529 5750 2582 5798 et
2614 5750 2874 5815 permiro,

3278 433 3382 498 942
