3922 6510
427 497 738 566 Σὺμπλουν,
771 496 1168 566 ὁμοτράπεζον,
1203 496 1433 566 ἀλήτην,
1467 493 1644 559 ξένον,

427 586 651 654 Ὅρκοις
679 585 1038 638 ἀναπείθουσι
1073 585 1364 639 συνθέσθαι
1396 586 1608 653 σφίσιν,

273 680 398 734 6755
430 681 494 730 Ἀ
538 678 806 747 μηδαμῶς
844 680 1057 746 πέφυκε
1092 679 1346 744 δέξασθαι
1382 682 1578 751 πέραςι

432 771 507 823 Οὐ
530 769 642 838 γὰρ
671 770 952 833 θαλάσσας
975 774 1270 826 κατένευσε
1315 776 1620 847 χρημάτων

430 861 648 924 Τούτοις
685 862 1021 932 παρασχεῖν,
1055 863 1192 915 ἀλλὰ
1239 867 1334 918 καὶ
1371 865 1726 935 συμμαχίδας

429 953 577 1020 Νῆας
601 953 844 1022 τριήρεις
875 953 1202 1022 πεντήκονθ’
1229 955 1324 1024 ἀμ’
1360 956 1608 1018 ὁπλίταις

432 1047 565 1098 Κατ’
617 1046 941 1114 Ἀγαρηνῶν
973 1047 1252 1100 ἀπόπλουν
1285 1050 1656 1116 ποιουμένοιςο

275 1138 400 1194 6760
438 1138 577 1206 Πρὸς
592 1137 756 1190 τοῖσδ’
786 1138 1182 1208 ἐπηγγείλατο,
1208 1141 1312 1208 φεῦ
1336 1140 1579 1209 ἀμαθίας
1611 1141 1757 1210 (75)!

447 1229 618 1285 Ἐθῶν
643 1231 994 1284 άνακαίνισιν
1027 1232 1272 1304 ἀρχαίων
1303 1233 1486 1294 πᾶπα,
1539 1265 1546 1274 ›

442 1322 575 1391 Ἐθη
605 1321 921 1391 νεοχμῶσαί
949 1339 1006 1376 τε
1031 1322 1128 1391 τῆς
1158 1323 1514 1392 Ἐκκλησίας,

441 1416 548 1468 Καὶ
581 1414 817 1476 πίστεως
843 1413 900 1467 δὲ
945 1418 1324 1485 παραποίησιν
1349 1418 1544 1485 δρᾶται

440 1511 541 1561 Ἦν
572 1509 877 1578 στερκτέαν
904 1507 1148 1576 κρίνουσι
1177 1511 1364 1570 παῖδες
1389 1510 1656 1564 Λατίνων.

282 1604 403 1658 ϐῖϋῗὶ
442 1599 601 1654 ’Δΐλά
636 1600 706 1653 τὰ
749 1601 1074 1671 πρυμνήσια
1109 1600 1278 1663 λύσας
1301 1604 1331 1654 ὁ
1370 1601 1560 1663 στόλος

441 1695 578 1760 Πρὸς
610 1694 828 1765 Ίὰδαρα
869 1693 970 1764 τὴν
1000 1694 1262 1763 πολίχνην
1292 1693 1560 1765 κατάρας,

456 1785 712 1853 Ἑμάχετ’
743 1787 949 1848 αὐτοῖς,
979 1786 1139 1838 τοῦτο
1165 1786 1323 1851 δόξαν
1365 1786 1665 1856 Δανδούλῳ.

444 1877 531 1940 Ὢς
559 1877 605 1930 δ’
625 1877 720 1930 οὖν
757 1879 1150 1948 παρεστήσατο
1176 1879 1463 1947 φρούριον,
1491 1879 1674 1941 στόλος

439 1968 810 2037 Ἐπιδαμνίων
847 1968 1304 2038 ἐγκαθῶρμισται
1342 1969 1518 2022 πόλει⁸

289 2059 409 2115 6770
445 2060 548 2112 Καὶ
580 2061 747 2112 τοῖσδ’
769 2062 1107 2131 ἀνηγόρευτο
1138 2059 1430 2130 Ῥωμαίων
1457 2061 1593 2126 ἄναξ

445 2152 682 2217 Ἀλέξιος
717 2155 849 2217 παῖς
878 2156 1104 2219 Ἰταλοῐς
1132 2157 1160 2208 ὁ
1199 2153 1515 2224 συμπλέων.

439 2245 621 2298 Ταῦτα
651 2247 841 2315 σαφῶς
871 2247 1035 2313 γνοὺς
1057 2249 1087 2300 ὁ
1117 2249 1435 2318 γρατάρχης
1486 2245 1742 2299 Αὐσόνων

447 2337 690 2409 Ἤρξατο
716 2339 925 2410 σαθρὰς
962 2342 1058 2394 καὶ
1090 2340 1332 2404 παλαιὰς
1368 2339 1445 2410 τῷ
1471 2340 1650 2410 χρόνῳ

443 2428 593 2494 Nic;
621 2433 874 2500 τριήρεις
904 2433 1284 2495 ἀνακαινίζειν
1305 2434 1490 2502 τέχνῃ.

289 2517 412 2578 (ἰῖἸό
445 2521 539 2584 Εἰς
569 2522 777 2575 εἴκοσιν
811 2523 969 2592 μόλις
999 2524 1504 2594 ἀναριθμουμένα;’

445 2611 660 2681 Ὀρμου
687 2613 733 2665 δ’
762 2613 1023 2683 ἀναχθεὶς
1051 2615 1112 2682 ἑξ
1151 2614 1488 2682 Ἐπιδάμνου
1519 2616 1703 2679 στόλος

449 2703 645 2774 Τυχὼν
673 2707 939 2777 ἐπιφόρου
967 2725 1025 2761 τε
1051 2709 1356 2779 πνεύματος
1390 2710 1508 2764 λίαν

447 2799 632 2871 Αὔρας
659 2818 716 2853 τε
742 2801 1005 2872 λαμπρᾶς
1036 2803 1099 2854 ὲκ
1133 2803 1388 2873 πρύμνης
1433 2805 1739 2866 ποντιάδος,

446 2891 767 2959 Ἐφίσταται
795 2893 1023 2963 τάχιστα
1057 2896 1120 2964 τῇ
1165 2896 1581 2951 Κωνσταντίνου

292 2986 419 3038 θῖὸθ
454 2986 1112 3058 Ἀστυπολιτῶνμήτινος
1147 2989 1456 3052 κατειδότος

447 3075 641 3145 Σχεδὸν
671 3076 990 3130 κατάπλουν
1027 3078 1248 3130 Ἰταλῶν
1297 3079 1578 3132 ἐναντίων·

451 3169 549 3220 Καὶ
571 3167 625 3219 τί
654 3186 722 3238 με
757 3168 840 3220 δεῖ
860 3169 1141 3240 γράφοντα
1177 3169 1438 3239 μηκύνειν
1471 3170 1671 3238 λόγονς

453 3259 671 3320 Γνόντες
722 3262 940 3314 Λατῖνοι
962 3262 1169 3314 δειλίαν
1192 3262 1300 3314 τῶν
1326 3262 1582 3315 Αὐσόνων

442 3346 545 3414 Οἷς
581 3367 726 3419 σφας
754 3349 945 3421 ἑώρων
979 3351 1060 3422 τῷ
1083 3352 1193 3404 δέει
1219 3352 1555 3421 τεθνηκότας

293 3442 422 3496 6785
461 3442 747 3496 Πιτνοῦσιν
771 3444 965 3504 ἀκταῖς
992 3443 1236 3513 εὐχερῶς
1269 3443 1376 3508 ἔξω
1407 3444 1596 3512 φόὸουο

459 3535 780 3603 Στράτευμα
809 3534 855 3585 δ’
875 3533 1164 3602 ἐξάγουσιν
1191 3536 1270 3598 είς
1295 3536 1399 3602 γῆν
1435 3535 1670 3588 ἱππέωνο

451 3628 594 3696 Νῆες
615 3627 672 3680 δὲ
696 3627 862 3680 πλοῖα
897 3628 993 3680 καὶ
1023 3627 1306 3696 δρόμωνες
1331 3625 1404 3682 αὖ
1438 3628 1603 3684 πάλιν

459 3721 596 3790 Πρὸς
628 3720 834 3774 κόλπον
858 3719 1019 3782 εὐθὺς
1042 3721 1356 3778 είσπλέουσι
1381 3721 1474 3774 τὸν
1505 3724 1717 3794 πρόσω.

474 3809 741 3874 Ἀλύσεως
771 3811 824 3864 δὲ
854 3810 1260 3880 ⁶ιτροσσίαλόντες
1289 3813 1538 3880 φρουρίῳ

295 3906 418 3958 (Πθί
454 3903 683 3958 Ἐνάλιοί
710 3921 768 3956 τε
801 3904 896 3956 καὶ
924 3903 1124 3973 χθόνιοι
1153 3905 1440 3969 κυκλόθεν,

455 3992 562 4056 Οὓς
593 3993 694 4060 μὲν
729 3992 989 4060 φυλάκων
1023 3993 1354 4064 εἰργάσαντο
1390 3992 1641 4061 φυγάδας

457 4087 560 4150 Οὓς
581 4087 628 4140 δ’
669 4088 738 4140 αὗ
769 4086 1047 4156 θαλάσσης
1091 4086 1467 4156 παρέπεμψαν
1501 4085 1577 4155 τῷ
1606 4086 1780 4155 βάθει,

457 4180 603 4234 Κατὰ
631 4179 815 4249 μάχην
845 4178 1154 4241 κτείναντες
1179 4178 1626 4248 ἀνθισταμένους.

471 4270 741 4332 Ἀλύσεως
772 4269 818 4322 δ’
846 4269 1036 4322 ἔπειτα
1059 4269 1318 4338 ῥαγείσης
1371 4271 1538 4337 μέσον

307 4364 426 4416 θῖθῦ
463 4362 754 4434 Είσρύεται
785 4364 886 4426 πᾶς
907 4360 1146 4431 εὐχερῶς
1172 4361 1319 4414 ἔνδον
1351 4362 1561 4425 στόλος.

463 4455 562 4508 Καὶ
593 4455 764 4507 κακὸν
793 4455 1120 4506 ἀνύποιστον
1143 4450 1212 4524 ἦν
1241 4456 1537 4525 ἀργαλέον·

463 4551 782 4618 Στράτευμα
806 4547 993 4600 λοιπὸν
1025 4548 1249 4601 ἱππικὸν
1274 4546 1440 4612 πεζόν
1466 4548 1515 4600 θ’
1557 4549 1674 4618 ἅμα

462 4641 560 4693 Καὶ
589 4641 698 4702 πᾶς
722 4639 1026 4708 προσέσχον
1055 4638 1132 4707 τῷ
1164 4637 1440 4709 Κοσμιδίῳ
1468 4640 1673 4704 στόλος.

462 4731 695 4798 Στρατδς
730 4729 777 4781 δ’
809 4731 926 4782 ἐκεῖ
951 4730 1171 4798 χάρακα
1209 4729 1374 4793 πεζὸς
1413 4731 1674 4800 πηγνύει.

307 4823 379 4871 (itit
401 4827 431 4875 li
467 4823 595 4876 Ἐπὶ
630 4821 934 4890 πεφυκότος
965 4837 1026 4886 γε
1071 4819 1236 4889 χώρῳ
1263 4821 1532 4890 γηλόφουο

463 4917 666 4985 Τάφρῳ
698 4913 1016 4984 περιδρόμῳ
1057 4930 1115 4966 τε
1154 4913 1541 4984 διειλημμένον

465 5004 833 5076 Σταυρὼμασί
869 5021 926 5056 τε
958 5003 1188 5067 ξυλίνοις
1222 5006 1281 5058 ἐν
1317 5004 1395 5072 τῷ
1425 5007 1605 5074 μέρει*

466 5097 586 5166 Ἀφ’
619 5091 680 5150 οὗ
703 5094 872 5149 θεατὰ
892 5097 960 5146 τὰ
986 5095 1234 5164 βασίλεια
1263 5096 1437 5169 πέλει·

464 5191 593 5251 Ταῖς
623 5187 743 5258 ᾐόσι
769 5186 815 5240 δ’
844 5186 915 5240 αὖ
947 5186 1199 5256 ναυλοχεῖ
1231 5187 1395 5240 πάλιν
1420 5188 1630 5250 στόλος.

307 5284 429 5337 ϋὸυῖί
470 5277 574 5332 Ἱὶν
611 5276 706 5332 οὖν
742 5278 993 5331 τολοιπὸν
1045 5277 1316 5348 καρτερὰς
1353 5279 1531 5349 μάχας
1567 5281 1786 5349 βλέπειν

476 5370 844 5440 ’Βκατέρωθεν
877 5370 1136 5434 πολλάκις
1169 5372 1267 5438 τῆς
1306 5372 1539 5442 ἡμέρας.

473 5465 696 5532 ’Ἄνδρες
731 5461 774 5514 δ’
808 5461 1031 5514 ὁπλῖται
1061 5464 1314 5530 γεννάδαι
1348 5465 1714 5534 στρατηγέται

468 5555 624 5611 Εὔιοι
657 5554 870 5622 βασιλεί
913 5557 1006 5608 καὶ
1047 5559 1416 5626 προσήκοντες
1441 5557 1611 5622 γένει,

467 5649 615 5702 Μετὰ
653 5648 912 5717 στρατιᾶς
949 5647 1179 5720 ἱππικῆς
1214 5652 1382 5720 πεζῆς
1412 5651 1459 5702 θ’
1486 5650 1602 5719 ἃμα

1651 377 1852 439 CtESA
1864 377 2030 439 RES.

1816 493 1861 548 Α
1894 491 2047 544 navis
2080 503 2388 558 mensaque
2421 485 2651 552 socium,
2678 490 2974 546 errantem,
3005 478 3290 541 advenam,

1891 583 2090 652 juratis
2119 582 2301 636 verbis
2337 579 2560 648 adigunt
2584 576 2853 646 spondere

1896 693 2014 747 qua:
2043 689 2319 744 nunquam
2367 671 2844 742 poterantexitum
2879 664 3064 722 sortiri
3090 683 3109 718 :
3208 728 3213 736 ν

1899 784 2071 838 neque
2098 767 2242 820 enim
2274 774 2480 820 tantum
2508 761 2676 815 maria
2709 758 2947 827 pecuniae

1899 857 2149 926 promisit
2180 872 2238 911 se
2263 856 2534 918 daturum,
2597 850 2692 904 sed
2723 847 3116 917 quinquaginta

1900 967 2020 1006 cum
2065 949 2310 1004 auxiliari
2339 947 2509 1000 utilite
2541 945 2792 997 triremes

1900 1044 2272 1110 Agam-norum
2302 1037 2636 1108 profliganda
2665 1033 2826 1086 bello.

1898 1134 2168 1189 Praeterea
2200 1131 2468 1200 promisit,
2498 1129 2600 1182 heu
2632 1119 2918 1179 stultitiam
2945 1123 2960 1176 !

1901 1227 2278 1282 restituturum
2319 1223 2495 1293 prisca
2526 1236 2586 1275 se
2616 1234 2765 1287 papa:
2794 1217 2942 1285 jura,

1902 1317 2039 1372 ritus
2071 1315 2329 1370 Ecclesia
2361 1323 2560 1368 nostra:
2595 1308 3040 1369 reformaturnm,

1904 1407 2062 1461 talem
2099 1421 2156 1460 se
2192 1405 2425 1467 denique
2453 1403 2502 1456 in
2532 1401 2793 1455 Graeciam
2820 1398 3193 1459 reducturum,

1903 1502 2116 1569 qualem
2150 1497 2326 1552 Latini
2361 1497 2710 1566 proﬁtentur,
2747 1493 2930 1547 Iidem.

1851 1629 1860 1639 .
1906 1590 2190 1658 Postquam
2223 1586 2448 1642 sublatis
2475 1585 2689 1639 demum
2717 1581 2909 1636 classis
2941 1577 3198 1633 anchoris

1903 1685 1968 1737 ad
2002 1697 2224 1752 parvam
2261 1679 2447 1734 urbem
2479 1676 2667 1729 ladara
2699 1674 2968 1745 pervenit,

1907 1777 2046 1830 hanc
2086 1773 2351 1829 suadente
2379 1768 2714 1838 expugnavit
2740 1766 3023 1828 Dandule

1903 1883 2065 1936 quam
2095 1864 2182 1920 ubi
2211 1863 2353 1932 cepit
2380 1875 2583 1924 arcem,
2616 1872 2898 1926 progressa
2916 1854 3113 1909 classis

1904 1961 1968 2009 ad
1995 1956 2322 2022 Epidaurum
2352 1951 2543 2007 urbem
2579 1949 2818 2006 obvertit
2849 1962 3040 2013 proras
3077 1963 3094 1999 :

1905 2049 2083 2118 illique
2105 2054 2190 2100 est
2221 2043 2552 2100 acelamatus
2577 2040 2852 2095 Romanus
2881 2037 3064 2092 Caesar

1907 2156 2036 2211 puer
2061 2140 2281 2193 Alcxius
2302 2152 2427 2193 cum
2453 2135 2604 2189 Italis
2631 2132 2914 2200 navigans.

1909 2234 2002 2288 llis
2027 2230 2316 2286 intellectis
2339 2230 2618 2284 Romanus
2656 2227 2956 2295 imperator

1909 2328 2158 2381 triremes
2200 2331 2384 2393 putres
2420 2330 2474 2377 et
2504 2320 2657 2375 senio
2678 2318 2997 2372 fatis—centes

1910 2417 2206 2474 instaurari
2233 2415 2397 2482 jussit
2423 2414 2493 2468 ab
2516 2412 2829 2482 opifieihus,

1907 2525 2029 2580 quae
2062 2510 2147 2563 vix
2173 2508 2365 2574 viginti
2400 2520 2626 2562 numero
2666 2503 2912 2556 inerunt.

1910 2603 2075 2657 Portu
2106 2601 2391 2657 discedens
2425 2597 2680 2665 Epidauri
2719 2595 2914 2649 classis

1910 2693 2088 2748 ventis
2120 2690 2367 2761 prepitiis
2397 2696 2558 2742 utens
2582 2687 2647 2739 ad
2679 2683 3028 2745 miraculum,

1911 2787 2108 2856 quippe
2131 2783 2337 2838 marina
2363 2795 2494 2834 aura
2527 2788 2754 2846 urgente
2779 2790 3008 2844 puppes,

1910 2857 2427 2943 Constantinopolim
2464 2872 2638 2926 tenuit
2667 2869 2976 2929 celerrime,

1915 2973 2134 3032 nemine
2164 2982 2335 3041 prope
2359 2965 2558 3021 civium
2583 2962 2789 3017 sciente
2817 2960 2996 3014 adhuc

1914 3072 2222 3127 italicorutn
2253 3061 2495 3116 hostium
2524 3057 2852 3112 adventum.

1837 3171 1882 3230 ο
1913 3163 2026 3218 Nec
2054 3173 2182 3214 vero
2209 3157 2396 3224 longas
2431 3153 2625 3219 loquar
2657 3162 2752 3218 per
2782 3146 3038 3216 ambages
3067 3161 3082 3196 :

1915 3254 2082 3312 Gnari
2119 3249 2299 3306 Latini
2330 3239 2568 3316 quantus
2603 3249 2749 3296 esset
2783 3241 2983 3293 civium

1815 3337 1820 3340 ’
1915 3356 2110 3410 metus,
2141 3358 2248 3412 quo
2279 3347 2506 3397 cunctos
2538 3333 2827 3390 cernebant
2859 3332 3176 3393 exanimes,

1913 3440 2140 3495 classem
2173 3448 2364 3489 secure
2391 3447 2454 3486 ac
2485 3429 2644 3483 facile
2673 3427 2975 3480 advertunt
3001 3423 3116 3478 oris
3144 3439 3160 3475 :

1880 3575 1882 3578 .
1915 3531 2016 3600 ipsi
2047 3543 2169 3584 cum
2202 3525 2360 3594 equis
2388 3524 2442 3578 in
2473 3532 2673 3578 terram
2704 3517 2966 3572 desiliunt
3006 3533 3022 3570 :

1917 3629 2110 3677 cuncta
2133 3617 2329 3673 diversi
2357 3613 2582 3685 generis
2606 3610 2819 3679 navigia

1903 3718 1972 3772 in
2004 3713 2318 3768 ulteriorem
2348 3709 2722 3778 provehantur
2758 3704 2944 3757 sinum

1919 3821 2090 3877 usque
2119 3805 2183 3859 ad
2208 3801 2487 3858 castellum
2507 3798 2646 3868 quod
2677 3796 2898 3850 Catenae
2921 3793 3140 3846 dicitur.

1920 3899 2010 3954 Sic
2041 3903 2423 3967 oppugnantes
2458 3901 2602 3944 terra
2641 3887 2889 3955 marique
2917 3885 3110 3937 urbem

1920 3990 2114 4061 partim
2140 3983 2392 4042 custodes
2422 3983 2682 4036 tnaznium
2711 3975 2994 4046 iugabaut-

1920 4081 2116 4152 partim
2153 4076 2467 4133 classiarios
2508 4073 2644 4126 mari
2673 4068 3082 4138 demergchant,

1919 4178 2144 4238 eratque
2168 4166 2404 4224 caedibus
2433 4164 2775 4233 inquinatum
2801 4160 3075 4229 praelium.

1925 4263 1994 4319 Ut
2022 4271 2199 4314 autem
2233 4257 2405 4313 media
2442 4256 2613 4310 fracta
2646 4263 2728 4310 est
2758 4263 2973 4315 catena,

1922 4356 2099 4407 onmis
2123 4350 2383 4406 continuo
2409 4347 2602 4403 classis
2635 4345 2920 4409 introibat,

1923 4457 2150 4516 eratque
2175 4445 2376 4499 malum
2409 4442 2663 4505 nimium,
2698 4437 2991 4494 ineﬂ'ahile.

1850 4516 1894 4570 υ
1926 4538 2186 4606 Reliquus
2214 4537 2368 4592 miles
2391 4535 2558 4606 pedes
2586 4547 2859 4601 equesque
2888 4533 3048 4585 simul

1927 4641 2037 4686 tmn
2069 4631 2259 4686 classis
2281 4631 2444 4684 etiam
2475 4637 2704 4698 pergunt
2729 4627 2792 4680 ad
2821 4625 3181 4681 Cosmid'tunt.

1927 4724 2002 4777 Ibi
2032 4724 2278 4788 pedester
2307 4722 2463 4776 miles
2491 4731 2668 4774 castra
2694 4719 2856 4772 struit

1928 4819 1980 4870 in
2013 4815 2301 4869 eminentis
2337 4813 2590 4866 stationis
2618 4812 2760 4875 loco,

1929 4907 1994 4979 (e
2033 4907 2252 4976 regione
2280 4905 2410 4980 regii
2433 4904 2616 4972 palatii
2639 4903 2660 4973 )

1926 5015 2047 5068 qua:
2083 4999 2277 5068 partim
2303 4995 2444 5050 fossa
2480 4995 2853 5049 circumducta
2891 4989 3086 5057 munit,

1930 5095 2128 5162 partim
2156 5089 2428 5145 decussim
2463 5090 2714 5144 trabibus
2744 5087 2935 5142 deiisis
2965 5103 2981 5140 :

1927 5196 2118 5241 cuncta
2153 5185 2284 5240 item
2311 5183 2500 5239 classis
2545 5183 2788 5236 conSIitit
2819 5181 2873 5234 in
2913 5181 3116 5233 littore.

1927 5279 2062 5333 Tum
2088 5294 2212 5332 vero
2251 5279 2502 5347 utrinque
2522 5276 2705 5330 Martis
2729 5290 2862 5344 opus
2885 5288 3048 5344 grave

1931 5389 2024 5439 per
2045 5373 2183 5425 diem
2213 5386 2356 5440 saepe
2383 5371 2566 5441 peragi
2603 5371 2849 5423 vidisses.

1935 5463 2254 5534 Magnanimi
2287 5462 2548 5530 correptis
2573 5460 2738 5513 armis
2771 5459 2934 5520 duces

1935 5563 2068 5611 bene
2097 5556 2333 5610 volentes
2367 5555 2564 5610 Caesari
2600 5554 2693 5632 vel
2721 5553 2890 5622 stirpe
2915 5552 3145 5622 proximi

1933 5665 2055 5703 cum
2087 5648 2320 5717 peditatu
2347 5646 2502 5702 simul
2533 5647 2884 5716 equitatuque

341 5811 444 5884 (75)
480 5813 590 5869 Hoc
623 5817 742 5872 loco
773 5814 1180 5878 schismaticum
1203 5828 1256 5869 sc
1287 5813 1614 5876 demonstrat
1639 5824 1821 5885 apu‘te
1856 5813 2215 5886 prracmius.

3366 361 3476 424 234
