3922 6514
223 411 315 475 ξω
1637 405 2010 470 destines.

409 521 800 591 Ἀντιφερίζειν
838 523 1002 594 μηδὲν
1037 523 1187 594 ἀκμῇ
1223 521 1489 576 κινδύνου.

253 614 376 669 6870
417 613 626 678 Ἕξεισι
665 615 860 678 νυκτὸς
883 615 1178 685 τοιγαροῦν
1197 615 1523 686 λεληθότως,

412 707 552 774 Πρὸς
581 706 838 759 Δεδελτδν
868 706 914 758 δ’
942 709 1132 761 ἄπεισι
1161 706 1419 778 φρούριον
1452 709 1693 780 Θρᾴκης,

417 797 585 850 Ἔνθα
615 799 995 868 προητοίμασε
1025 799 1126 867 τὴν
1156 800 1464 863 κατοικίαν,

414 887 592 941 Ὀκτὼ
626 875 918 959 κατασχὼν
949 890 1048 960 τὴν
1077 891 1378 947 ,Βασιλείαν
1407 892 1632 962 χρόνους

336 1049 345 1057 .
420 983 522 1034 Σὺν
557 985 692 1052 μησὶ
726 984 906 1052 τρισὶν
941 985 1176 1054 ἡμέραις
1199 984 1354 1047 αὖθις
1376 985 1528 1040 δέκα.

366 1073 646 1127 ΔΛΕΞΙΟΣ
678 1076 719 1126 ο
746 1075 905 1128 ΥιοΣ
932 1075 1262 1130 tuamor
1297 1077 1469 1135 MHN.
1508 1081 1598 1144 ς’.

255 1165 392 1221 6875
432 1162 595 1228 Αὖθις
622 1146 670 1220 δ’
691 1168 968 1232 Ίσαὰκιος
984 1169 1142 1240 ἄρχει
1171 1169 1268 1222 τοῦ
1301 1172 1526 1239 στέφους

414 1261 516 1311 Σὺν
543 1259 766 1328 Ἀλεξίῳ
801 1261 996 1330 τεκνίῳ
1027 1262 1346 1333 πεφιλμένῳ
1368 1281 1383 1297 ·

411 1347 565 1399 Ἐπεὶ
589 1353 698 1415 γὰρ
722 1348 959 1414 Ἀλέξιος
990 1351 1202 1420 ἀπέστη
1232 1353 1492 1422 κράτους,
1632 1414 1646 1425 η

415 1440 518 1490 Καὶ
553 1439 688 1508 πρὸς
720 1439 980 1492 Δεσελτὸν
1011 1441 1345 1511 ἀπέδρασεν,
1380 1446 1455 1508 ὡς
1491 1445 1648 1517 ἔφην,

414 1528 585 1603 Εὐθὺς
608 1528 946 1600 ἀνηγόρευτο
975 1532 1112 1597 πρὸς
1141 1535 1435 1603 γερουσίας

253 1619 382 1676 6880
418 1601 686 1683 Ἰσαᾶκιος
715 1621 967 1690 βασιλεὺς
995 1621 1171 1693 πηρδς
1211 1601 1352 1695 τράη,

415 1710 652 1781 Είρκτῆς
676 1729 736 1764 τε
763 1712 978 1781 δεσμῶν
998 1715 1212 1768 ἀνεθεὶς
1243 1719 1568 1787 παραλόγως
1587 1738 1599 1750 ·

412 1803 821 1873 Καθείργνυται
859 1803 915 1856 δὲ
957 1804 1168 1872 βασιλὶς
1202 1807 1551 1878 Εὐφροσύνη.

425 1896 513 1955 Ὠς
532 1893 577 1946 δ’
609 1895 915 1964 ἐγκατέστη
952 1896 1045 1946 καὶ
1077 1895 1238 1948 πάλιν
1265 1900 1592 1970 κραταρχίᾳ,

413 1985 607 2052 Τίθησι
638 1987 800 2055 δῆλον
831 1988 940 2039 πᾶν
970 1987 1030 2039 τὸ
1059 1987 1272 2056 συμϐὰν
1295 1989 1574 2054 Λατίνοιςι

248 2078 376 2134 6885
412 2079 474 2130 Ol
501 2079 546 2131 δ’
580 2079 694 2131 υἱὸν
718 2079 1096 2148 ἐκπέμπουσιν
1126 2080 1274 2149 αὐτῷ
1300 2081 1398 2133 σὺν
1421 2084 1594 2152 τάχει,

423 2173 510 2233 Ὡς
535 2171 735 2241 ἠξίωτο
757 2173 1032 2241 πατρικῆς
1062 2173 1350 2244 συνεδρίας

415 2262 714 2324 Κοινωνίας
740 2281 798 2315 τε
838 2262 932 2316 τοῦ
966 2264 1242 2332 βασιλείου
1285 2267 1556 2336 κράτους.

413 2357 520 2409 Καὶ
557 2355 665 2416 πᾶς
702 2355 948 2424 προσιὼν
975 2355 1227 2426 δημοτῶν
1252 2358 1358 2410 τῶν
1383 2361 1444 2411 ὲν
1489 2360 1631 2413 τέλει

407 2447 637 2515 ’Λμφοῖν
663 2448 909 2516 προσῆγε
945 2448 1323 2518 προσκύνησιν
1356 2452 1450 2505 καὶ
1480 2453 1662 2515 σέϐας.

246 2536 374 2592 6890
405 2537 557 2591 Μετὰ
585 2538 762 2608 βραχὺ
786 2539 843 2592 δὲ
880 2540 974 2592 καὶ
1003 2540 1284 2609 πρόκριτοι
1314 2543 1562 2596 Λατίνων

413 2631 536 2692 Τοῖς
573 2630 870 2698 βασιλείοις
895 2632 1304 2703 παραϐαλόντες
1331 2633 1516 2704 δόμοις

407 2721 598 2790 Τιμῶν
621 2722 878 2792 τυχόντες
904 2721 1125 2791 δωρεῶν
1157 2724 1202 2774 τ’
1233 2719 1300 2776 αὖ
1325 2725 1597 2792 ἀφθόνων,

405 2809 572 2877 Αὖθις
597 2813 1006 2884 ἀπηλλάττοντο
1035 2814 1132 2868 σὺν
1157 2814 1401 2886 εὐταξίᾳ.

407 2905 631 2969 Τούτοις
659 2906 911 2975 βασιλεὺς
937 2906 1172 2976 δαψιλῶς
1203 2908 1526 2979 καθημέραν

244 2997 372 3053 6895
409 2998 577 3061 Ὅλας
608 2998 886 3060 Θαλάσσας
919 3000 1221 3068 χρημάτων
1246 2995 1313 3070 ἦν
1346 3001 1626 3072 παρέχων,

407 3091 470 3142 ΕΞ
503 3092 594 3144 καὶ
615 3090 763 3158 σφίσι
792 3092 1014 3160 κέκριτο
1035 3092 1188 3159 ρανίς
1220 3109 1300 3154 τις
1328 3094 1471 3146 τάδε.

409 3182 644 3251 Χρῄζων
675 3183 928 3236 τολοιπὸν
964 3185 1226 3238 πλειόνων
1249 3185 1329 3246 είς
1363 3185 1612 3254 δαπάνην

406 3275 528 3328 Τῶν
569 3275 732 3343 ἱερῶν
764 3275 963 3345 ἥψατο,
997 3277 1098 3346 φεῦ
1134 3277 1436 3347 κειμηλίων
1457 3318 1474 3343 ,

410 3368 624 3421 Σκευῶν
654 3385 714 3420 τε
750 3368 910 3420 Θείων
933 3370 1026 3421 καὶ
1060 3369 1347 3422 σεϐαστῶν
1373 3372 1628 3424 είκόνωνί

245 3456 375 3514 6900
414 3461 520 3513 Καὶ
553 3459 719 3514 τῶνδε
743 3461 946 3530 κόσμον
974 3461 1248 3529 αϐεμίτίυς
1277 3462 1568 3530 λαμϐάνων

420 3549 509 3614 Ὠς
545 3551 722 3607 κοινὸν
745 3553 1008 3621 ἀργύριον
1037 3553 1068 3622 ἢ
1107 3555 1202 3605 καὶ
1231 3556 1455 3622 χρυσίον

409 3643 674 3713 Παρεῖχεν
702 3646 915 3714 ἐχθροῖς
950 3643 1176 3707 Ἰταλοῖς
1211 3645 1350 3698 τόνδ’
1377 3645 1645 3712 ἀφθόνως.

416 3728 580 3798 υῦτος
615 3737 912 3798 Πισσαίους
953 3736 1190 3798 Ἰταλοὺς
1210 3738 1336 3804 τοὺς
1373 3738 1432 3788 ὲν
1475 3736 1628 3792 πόλει

408 3828 704 3899 Διαφόρους
730 3829 904 3890 ’ὄντας
933 3845 994 3894 γε
1029 3831 1142 3891 τοῖς
1175 3829 1499 3893 Βενετίκοις,

246 3916 376 3974 6905
413 3921 540 3974 Ἐπὶ
565 3920 744 3990 κακῷ,
780 3922 880 3990 φεύ
907 3923 919 3974 l
952 3923 1050 3991 τῆς
1070 3923 1196 3993 ὅλης
1239 3921 1536 3990 Ῥωμαΐδος

409 4013 657 4073 Σπεύσας
684 4014 852 4083 φιλιοῖ
885 4015 979 4067 καί⁸
1005 4015 1378 4070 καταλλάσσει
1408 4017 1554 4069 τότε.

411 4105 475 4156 Ol
497 4106 541 4158 δ’
561 4109 883 4178 ἁντιμάχοις
913 4110 1281 4180 προσρυέντες
1309 4108 1511 4162 αὐτίκα

410 4198 525 4252 ’Δεῖ
551 4199 740 4268 διῆγον
771 4201 1016 4254 σύσσιτοι
1052 4201 1392 4271 συνημμένοι
1415 4215 1428 4230 ⁸

413 4292 578 4347 Ὅθεν
598 4293 938 4364 Φραγγίσκοι
970 4291 1370 4363 προσλαϐόντες
1393 4309 1448 4346 τι
1487 4292 1651 4364 μέρος

243 4384 367 4440 6910
404 4385 525 4438 Τῶν
554 4385 939 4456 προσρυέντων
964 4385 1242 4447 Πισσαίων
1268 4386 1570 4439 Βενετίκων

409 4479 486 4530 Δι’
507 4478 751 4532 ἀκατίων
781 4477 1297 4547 προσπεπλευκότες
1334 4477 1489 4530 πόλει

407 4572 858 4632 Συνεισπεσόντες
881 4570 1111 4624 ’ὁπλῖται
1144 4570 1432 4640 ξιφηφόροι

400 4666 476 4736 Τῇ
515 4668 806 4734 συναγωγῇ
837 4663 1090 4734 κρυφίως
1123 4665 1234 4716 τῶν
1268 4665 1327 4716 ἐν
1361 4665 1562 4734 Ἀγαρ,

413 4759 666 4811 Ἀπαντα
701 4756 1024 4829 λῃστεύουσι
1046 4755 1236 4808 τᾶνδον
1259 4754 1517 4818 καθάπαξ
1544 4770 1556 4784 ⁸

249 4852 376 4908 6915
410 4854 560 4914 Τέως
587 4851 633 4904 δ’
668 4850 1122 4920 ἀπεκρούτοησαν
1146 4851 1548 4921 ἰσμαηλίταις,

408 4944 825 5006 Ἀστυπολίταις
865 4942 1018 5010 σφίσι
1052 4945 1559 5015 συμμαχουμένοιςο

409 5040 472 5092 Ol
503 5038 548 5092 δ’
583 5035 914 5106 ἐκμανέντες
952 5034 1062 5104 πῦρ
1095 5036 1272 5087 ὲνιᾶσι
1303 5035 1490 5105 δόμοις

409 5132 518 5184 Καὶ
546 5127 888 5198 πυρπολοῦσι
927 5125 1007 5195 τῷ
1039 5128 1174 5196 πυρὶ
1200 5128 1278 5196 τῷ
1305 5117 1594 5200 παμφάγῳ

412 5225 492 5277 Τὰ
521 5223 750 5274 πλεῖστα
778 5222 873 5274 καὶ
906 5221 1174 5278 κάλλιστα
1199 5221 1298 5290 τῆς
1329 5224 1766 5280 Κωνσταντίνου.

248 5316 375 5372 69ὶο
421 5315 564 5384 ’Λφὴ
595 5316 692 5383 μὲν
720 5314 1006 5384 ἁπήρξατο
1031 5315 1202 5385 πυρὸς
1232 5314 1309 5384 τῷ
1339 5315 1461 5367 τότε

412 5409 506 5462 Ἐκ
530 5409 871 5476 συναγωγῆς,
905 5408 979 5469 ὡς
1008 5406 1308 5487 ἔφηνητῶν
1338 5408 1398 5472 ἐξ
1431 5408 1650 5478 Ἀγαρο

411 5503 482 5555 Τὸ
506 5504 599 5556 καὶ
633 5502 876 5555 Μιτάτον
897 5503 1010 5563 τοῖς
1033 5501 1174 5563 ὅλοις
1202 5501 1540 5570 κεκλημένον

421 5595 484 5646 ’0
510 5593 645 5662 πρὸς
679 5590 952 5644 θάλασσαν
978 5591 1218 5662 Εἰρήνης
1247 5592 1345 5658 τῆς
1370 5591 1529 5658 ἁγίας

417 5682 791 5753 Ἀγχωμάλως
822 5681 1004 5750 ἵδρυτο
1039 5680 1152 5751 ναῷ
1183 5681 1406 5750 τιμίῳ,“

250 5777 379 5833 6925
419 5778 524 5830 Καὶ
551 5779 728 5830 πάντα
753 5773 977 5843 φλέξαν,
1005 5773 1276 5842 ἁφανίσαν
1309 5773 1378 5824 τὰ
1414 5771 1592 5839 πέριξ,

425 5867 650 5938 Δ·ερῤὑη
685 5864 814 5936 πῦρ’
851 5865 1009 5918 παντ’
1036 5867 1278 5934 ἐρημοῦν
1312 5865 1377 5914 τὰ
1413 5861 1599 5930 κύκλῳ

1807 528 1846 580 Α
1883 521 2102 575 instanli
2128 523 2236 588 jam
2280 520 2520 590 periculo
2550 536 2654 576 non
2685 522 2773 575 diu
2809 522 3084 576 resistere.

1880 613 2032 664 (llam
2060 613 2222 680 igitur
2243 627 2338 682 per
2364 621 2574 667 noctem
2608 611 2847 679 dilapsus
2878 612 3082 664 aedibus

1878 706 2009 757 ahiit
2033 707 2312 760 Debeltum
2346 704 2590 758 Thracia:
2612 703 2918 766 castellum,

1879 799 1968 852 ubi
1997 797 2109 865 jam
2139 798 2242 853 sibi
2275 799 2608 853 instruxerat
2641 794 3000 850 diversorium
3027 810 3041 856 ;

1879 903 2166 960 postquam
2205 897 2448 944 tenuerat
2479 903 2702 958 regnum
2730 885 2889 940 annis
2927 895 3070 948 OClO,

1881 983 2053 1036 tribus
2086 991 2351 1052 praeterea
2384 981 2684 1043 mensibus,
2707 979 2900 1033 diebus
2933 980 3140 1032 decem.

2070 1071 2369 1128 ALEXIUS
2397 1071 2655 1128 ISAACH
2682 1068 2910 1125 FILIUS
2941 1068 3143 1122 MENS.
3178 1066 3262 1120 Vl.

1879 1167 2032 1220 Tunc
2063 1169 2258 1220 iterum
2291 1165 2528 1221 lsaaeius
2557 1165 2759 1235 potitur
2797 1171 3086 1218 stemmate
3189 1188 3193 1192 -

1877 1273 1998 1312 cum
2035 1258 2231 1313 dilecto
2262 1274 2359 1312 suo
2387 1258 2550 1312 tiliolo
2581 1257 2768 1312 Alexio
2806 1272 2820 1308 :

1877 1365 1998 1404 nam
2033 1360 2316 1419 postquam
2342 1351 2493 1419 prior
2525 1349 2742 1404 Alexius
2773 1347 2939 1403 cessit
2969 1361 3137 1416 regno

1877 1454 2038 1513 atque
2069 1444 2376 1509 Debeltum,
2411 1454 2469 1497 nt
2507 1444 2768 1509 diximus,
2800 1443 3064 1512 prolugit,

1877 1549 1904 1586 a
1939 1543 2126 1599 senatu
2163 1533 2414 1602 protinus
2449 1534 2745 1601 imperator

1876 1639 2051 1680 creetis
2091 1625 2323 1679 Isaaeius
2357 1635 2441 1679 est
2469 1625 2827 1686 acclamatus,

1875 1730 2093 1770 carcere
2125 1733 2223 1770 suo
2250 1725 2446 1786 praeter
2479 1731 2628 1784 spem
2661 1718 2921 1773 emissus.

1875 1802 2073 1859 Contra
2113 1807 2294 1876 regina
2320 1807 2672 1876 Euphrosyue
2701 1809 2959 1864 custodiae
2988 1809 3246 1864 traditur.

1805 1867 1849 1926 Β
1879 1896 1969 1952 Ille
1989 1908 2203 1966 recepto
2236 1900 2430 1953 iterum
2465 1899 2694 1968 imperio

1880 1998 2152 2057 peractam
2192 2004 2300 2043 rem
2325 1989 2596 2057 signiﬁcat
2628 1989 2834 2044 Latinis
2872 2008 2887 2045 :

1878 2080 1967 2148 qui
2002 2081 2184 2134 statim
2223 2081 2322 2149 ipsi
2358 2081 2684 2135 remiserunt
2719 2083 2884 2134 ﬁlium

1879 2182 1938 2226 ut
1964 2172 2269 2226 consideret
2292 2187 2414 2225 cum
2451 2184 2678 2240 parente
2710 2174 2929 2228 domino

1877 2263 2190 2331 sociumque
2217 2263 2472 2318 honorem
2504 2265 2774 2319 obtineret
2804 2264 2977 2333 regni.

1877 2352 2026 2407 Tunc
2057 2355 2341 2409 universus
2365 2357 2588 2424 populus
2620 2371 2740 2409 cum
2777 2356 3178 2424 magistratibus

1877 2447 2093 2514 utrique
2127 2446 2285 2500 simul
2316 2446 2536 2502 domino
2575 2448 2892 2513 obsequium
2929 2445 3142 2500 obtulit.

1876 2537 2042 2590 Paulo
2079 2548 2199 2605 pust
2235 2539 2396 2592 etiam
2431 2544 2593 2592 duces
2614 2538 2929 2592 Latinorum

1875 2629 2006 2683 Cum
2044 2630 2107 2682 ad
2143 2632 2348 2697 regales
2375 2631 2516 2684 aedes
2551 2645 2607 2684 se
2634 2631 3005 2694 contulissent,

1876 2721 2172 2774 honoribus
2206 2721 2384 2774 allecti
2420 2722 2682 2785 donisque
2717 2723 3016 2775 innumeris
3039 2761 3054 2787 ,

1875 2814 2038 2879 quieti
2077 2822 2416 2866 recesserunt
2449 2829 2570 2866 cum
2608 2823 2753 2866 recto
2787 2814 2998 2868 ordine.

1876 2903 1971 2959 llis
2006 2906 2301 2974 imperator
2333 2903 2533 2958 allatim
2568 2906 2807 2972 quotidie

1875 2999 2043 3052 maria
2073 2998 2316 3066 pecuniae
2341 2999 2392 3054 in
2415 2997 2587 3052 sinum
2622 2998 2920 3067 ingerebat.

1877 3105 2179 3158 quanquam
2209 3092 2320 3143 haec
2346 3091 2478 3158 ipsis
2509 3090 2827 3144 videbantur
2854 3097 3040 3158 guttae.

1877 3180 1994 3235 Mox
2021 3183 2087 3236 ad
2123 3183 2391 3248 impeuSas
2416 3182 2629 3252 indigus
2663 3182 2905 3250 pecunia:

1877 3275 2041 3342 cmpit
2068 3275 2304 3342 diripere
2330 3290 2511 3335 sacros
2548 3275 2850 3338 thesauros.

1879 3380 2002 3416 Vasa
2037 3366 2240 3429 divina,
2277 3367 2612 3419 venerandus
2634 3375 2866 3429 "Statuas,

1876 3457 2073 3525 quibus
2100 3456 2284 3510 illicite
2315 3458 2606 3510 detrahens
2643 3463 2924 3522 ornatum,

1875 3563 2265 3618 argenteosque
2299 3560 2350 3604 et
2391 3566 2583 3604 aureus
2618 3567 2867 3605 nummos
2896 3553 3164 3619 contlaus,

1877 3646 2118 3699 hostibus
2144 3645 2287 3715 large
2322 3647 2678 3715 profundebat
2709 3647 2880 3702 Italis.

1875 3737 1920 3790 is
1949 3746 2002 3790 et
2027 3736 2260 3791 Pisanos
2295 3739 2443 3792 ttrbis
2469 3739 2760 3806 inquilinos

1875 3829 2102 3884 antehac
2133 3847 2162 3884 a
2200 3829 2416 3888 Venetis
2443 3833 2568 3886 odio
2593 3833 2943 3897 dissidentes,

1873 3926 2012 3980 heu!
2046 3942 2166 3980 cum
2194 3927 2436 3996 pernicie
2459 3929 2694 3982 universi
2729 3930 2938 3996 impcrit

1873 4017 2016 4070 inter
2044 4034 2100 4071 se
2129 4021 2337 4072 studuit
2359 4020 2589 4089 jungere
2614 4021 2879 4075 amicitia.

1874 4109 1957 4163 llli
1994 4112 2320 4166 adversariis
2353 4114 2476 4166 exin
2515 4113 2845 4166 reconciliati

1873 4218 1991 4256 cum
2018 4203 2098 4256 his
2119 4203 2382 4258 curabant
2412 4204 2653 4272 quotidie
2702 4207 2976 4262 convivia.

1872 4297 2006 4350 Tum
2031 4297 2190 4349 etiam
2221 4296 2434 4362 Franci,
2473 4298 2616 4352 socia
2643 4300 2868 4353 cohorte
3117 4317 3159 4357 υ

1871 4386 2064 4440 Pisana
2103 4385 2416 4457 Venetaque
2443 4403 2563 4458 qua:
2593 4390 2738 4443 ultro
2769 4390 3024 4453 accessit,

1872 4480 2080 4548 cymbis
2110 4481 2159 4530 iu
2210 4482 2396 4533 urbem
2431 4480 2606 4540 subito
2631 4482 2789 4536 delati

1798 4566 1845 4622 D
1878 4570 2136 4636 impetum
2175 4569 2378 4624 faciunt
2409 4571 2574 4625 simul
2597 4581 2806 4625 armata
2835 4587 2994 4626 manu

1875 4663 1925 4714 in
1958 4675 2289 4731 synagogam
2325 4661 2468 4716 clam
2497 4661 2900 4733 Agarenorum.

1870 4755 2096 4823 ejusque
2126 4769 2339 4808 omnem
2369 4756 2581 4822 rapiunt
2607 4756 2998 4823 supellectilem
3028 4774 3042 4811 :

1872 4861 2059 4900 verum
2101 4862 2127 4897 ιι
2162 4846 2356 4900 Turcis
2387 4848 2603 4900 demum
2646 4859 2773 4901 sunt
2802 4849 3027 4918 repulsi,

1872 4952 2032 5004 opem
2069 4936 2367 4992 ferentibus
2396 4937 2638 5009 Byzantii
2664 4939 2898 4994 civibus.

1872 5029 1950 5083 llli
1987 5030 2194 5084 elferati
2229 5028 2436 5084 faculas
2471 5033 2722 5100 injiciunt

1872 5126 2068 5179 civium
2101 5127 2276 5190 tectis,
2306 5137 2742 5195 consumuntque
2775 5129 3026 5184 incendio

1872 5215 2101 5284 plurima
2131 5225 2186 5269 et
2215 5214 2416 5283 optima
2453 5217 2606 5271 urbis
2643 5218 2889 5272 trdillcia.

1869 5307 2043 5376 Magni
2068 5303 2169 5359 fuit
2194 5317 2372 5360 autem
2397 5307 2630 5362 incendii
2669 5309 2876 5362 initiqu

1869 5414 1898 5451 a
1924 5413 2217 5468 synagoga,
2251 5405 2310 5449 ut
2335 5397 2590 5463 diximus,
2613 5400 3011 5469 Agarenorum,

1870 5491 1962 5558 qui
1993 5491 2144 5541 loeus
2179 5489 2338 5557 vulgo
2366 5490 2563 5544 dicitur
2604 5491 2843 5544 Mitatnm
2870 5510 2884 5558 ;

1872 5585 2037 5652 idque
2059 5582 2348 5636 aulilicium
2374 5585 2608 5651 pertinet
2631 5586 2696 5637 ad
2731 5599 2878 5638 mare

1875 5677 1963 5729 ubi
1998 5687 2050 5728 et
2076 5674 2262 5728 lrenes
2293 5677 2428 5728 divae
2465 5676 2718 5744 templum
2757 5676 2930 5746 surgit
2961 5695 2976 5733 :

1873 5769 2018 5820 illine
2048 5767 2398 5835 progrediens
2425 5768 2823 5838 amburensque
2853 5771 3034 5824 omnia

1871 5869 2335 5930 [.iropttgatumqne
2375 5859 2523 5929 gravi
2559 5874 2678 5912 cum
2703 5861 2871 5915 exitio

3342 407 3374 468 εὶ

3383 408 3414 468 5
