3922 6526
260 374 362 435 989
1700 374 2081 435 CsESARES.

475 489 893 556 Ἑπιστρατεύει
919 490 1016 542 σὺν
1055 492 1280 559 στρατιᾷ
1314 489 1543 546 σκυθίδι.

474 582 583 632 Καὶ
612 582 955 650 κατακράτος
995 581 1191 650 ἐκνικᾷ
1222 583 1362 649 σφᾶς
1391 584 1504 643 τοῖς
1534 580 1716 639 ὅπλοις

481 674 568 735 Ὠς
595 675 685 724 καὶ
717 674 1035 742 κρατάρχην
1072 672 1222 741 σφῶν
1255 672 1698 740 ἀνεζωγρηκέναι

291 765 428 819 7800
471 765 573 816 Τὸν
607 763 951 827 Βαλδουῗνον,
975 767 1051 827 ὡς
1084 767 1281 820 ἀνόπιν
1320 765 1554 836 ἐρρέθη.

468 855 621 906 Ἐπεὶ
671 855 715 906 δ’
749 856 891 908 ἑλεῖν
927 855 1189 908 Este-.65»
1231 856 1556 927 Ὀρεστιάδα

466 945 573 997 Καὶ
594 948 703 1008 τοῖς
731 947 822 998 ὑπ’
856 947 1018 998 αὐτὴν
1049 949 1359 1015 ὑπαγαγεῖν
1401 948 1703 1018 φρουρίοις,

473 1031 618 1084 Ἀλλ’
655 1030 728 1103 ἦν
769 1031 952 1103 χανὼν
978 1036 1235 1104 ἄντικρυς
1273 1036 1347 1098 ὡς
1369 1023 1530 1096 λύκοξ
1569 1036 1775 1104 μάτην-

478 1123 764 1175 Ἐντεῦθεν
785 1119 897 1179 οἷον
923 1128 1184 1195 ἐκμανεὶς
1217 1129 1244 1179 ὁ
1278 1127 1540 1195 μαινόλης

285 1212 430 1268 7805
475 1216 582 1270 Καὶ
610 1217 998 1286 κατεπαρθεὶς,
1034 1219 1379 1288 Σεναχηρεὶμ
1427 1219 1502 1280 ὡς
1533 1218 1720 1279 πάλαι,

472 1307 680 1370 Ἀλλως
719 1326 778 1360 τε
813 1308 980 1380 μηδὲν
1020 1310 1269 1379 ἐμποδὼν
1293 1311 1435 1380 ’έχων
1458 1312 1594 1374 ὅλως

467 1399 803 1454 Μακεδονίαν
835 1402 928 1454 καὶ
965 1402 1187 1474 Θρᾴκην
1229 1405 1580 1474 κατατρέχει,

464 1493 672 1563 Κώμας
704 1495 928 1564 ὲρημῶν
957 1495 1050 1548 καὶ
1082 1498 1486 1551 κατασκάπτων
1515 1498 1722 1562 πόλεις,

461 1586 633 1654 Δῃῶν,
674 1585 976 1651 σκυλεύων,
1003 1592 1062 1640 ἐκ
1097 1588 1315 1657 βάθρων
1344 1591 1664 1660 ἀνατρέπων
1698 1607 1710 1621 ·

285 1677 425 1734 7810
466 1681 848 1750 Καταστρέφει
877 1680 1075 1749 πρῶτα
1109 1683 1208 1752 μὲν
1244 1683 1514 1736 Φιλίππου
1545 1684 1718 1746 πόλι),

457 1771 618 1824 Πόλιν
643 1771 1017 1842 περιώνυμον,
1051 1774 1456 1845 εὐκλεεστὰτην
1490 1792 1503 1805 ο

463 1863 696 1916 Ἔπειτα
728 1865 1029 1935 κατήρειψε
1059 1867 1156 1931 τὰς
1183 1866 1349 1929 ἄλλας
1386 1867 1602 1934 πόλεις,

453 1955 720 2009 Κύδιστον
755 1957 1092 2028 Ἡράκλειαν
1145 1959 1237 2012 καὶ
1273 1959 1608 2031 Σηλυϐρίαν,

464 2048 773 2103 Ῥαιδεστδν
803 2054 898 2104 καὶ
928 2054 1127 2107 Πάνιον
1155 2055 1251 2107 σὺν
1280 2055 1510 2125 Δαονίῳ,

278 2136 416 2189 7815
458 2139 731 2207 Τραϊανοῦ
767 2159 826 2193 τε
859 2141 951 2194 καὶ
980 2143 1248 2213 Μάρωνος
1278 2146 1376 2208 τὰς
1406 2144 1608 2208 πόλεις,

453 2231 612 2284 Πόλιν
641 2234 1022 2286 Μοσυνόπολιν
1051 2235 1148 2288 καὶ
1176 2235 1275 2305 τὴν
1309 2237 1639 2305 Σταγείραν,

454 2323 561 2373 Καὶ
595 2323 854 2386 πλείστας
881 2324 1050 2388 ἄλλας
1095 2327 1126 2395 ἡ
1161 2325 1389 2398 βέϐηλος
1421 2327 1637 2397 καρδία.

449 2412 634 2478 Οὕτως
669 2416 897 2486 ἑρημῶν
931 2417 1026 2471 καὶ
1054 2419 1336 2473 σκυλεύων
1369 2419 1467 2482 τὰς
1499 2421 1706 2481 πόλεις,

453 2507 648 2560 Φϐάνει
681 2527 744 2561 πε
756 2511 921 2579 ριὼνυ
929 2528 1030 2580 μον
1062 2511 1488 2581 Θεσσαλονίκην,

277 2597 412 2653 789.0
461 2600 638 2654 Κάκεῖ
661 2601 858 2671 βιαίως
893 2603 984 2656 τὸν
1013 2603 1127 2672 βίον
1156 2604 1534 2674 καταστρέφει

453 2693 765 2763 Πλευρίτιδι
807 2695 927 2765 μὲν,
965 2697 1041 2759 ὡς
1073 2695 1294 2750 ἀκούειν
1323 2693 1415 2766 ἦν,
1444 2697 1585 2766 νόσῳ
1607 2713 1618 2723 ·

462 2787 547 2850 Ὠς
570 2787 615 2839 δ’
654 2784 719 2842 αὖ
757 2788 944 2842 κλύειν
973 2788 1188 2858 πέφυκε
1209 2789 1397 2857 σαφῶς
1428 2788 1670 2850 εἰδότων,

448 2870 518 2948 ⁷ῼ
546 2876 755 2932 τίθεται
787 2881 915 2944 πᾶς,
954 2879 1437 2950 χριστομάρτυρῖς
1465 2874 1612 2946 ξίφει

447 2970 854 3044 Θεσσαλονίκης
889 2974 1198 3042 προστάτου
1229 2973 1567 3042 Δημητρίου.

276 3061 410 3115 7825
451 3061 653 3116 Τούτου
691 3064 736 3117 δ’
761 3066 1202 3136 ἁπορρἡαντος,
1233 3065 1306 3126 ὡς
1338 3063 1498 3135 ἔφην,
1535 3065 1670 3135 βίον,

451 3155 810 3224 Ἀδελφόπαις
838 3175 918 3220 τις
938 3159 1168 3228 Βορίλας
1187 3159 1549 3228 κεκλημένος,

451 3253 685 3306 Σκυθίδα
716 3252 866 3306 θείαν
896 3255 1146 3322 γαμετὴν
1184 3253 1517 3323 παρανόμως

451 3347 660 3416 Γήμας,
694 3346 935 3416 ὑπῆρξεν
962 3347 1238 3416 ἐγκρατὴς
1271 3348 1364 3398 καὶ
1402 3345 1729 3415 Βουλγάρων
1757 3362 1769 3376 °

468 3441 629 3492 Ἀσὰν
655 3438 710 3491 δὲ
745 3439 912 3492 παῖδα
945 3455 1005 3490 π.
1028 3438 1299 3507 ιδαγωγός
1329 3456 1411 3500 τις
1441 3438 1617 3507 λάθρα

281 3527 412 3584 7850
453 3530 590 3582 Νέον
622 3529 822 3600 κομιδῆ
855 3527 1192 3600 παραλαόὼν
1217 3529 1292 3593 ὠς
1325 3530 1512 3600 τάχος,

452 3621 593 3690 Πρὸς
628 3619 842 3684 Σκύθας
873 3623 1162 3691 ἀπήγαγεν
1187 3624 1264 3683 είς
1303 3624 1600 3692 σωτηρίαν.

456 3716 619 3767 Ἄννα
649 3715 860 3783 βασιλὶς
889 3714 1109 3786 συζύγῳ
1140 3717 1441 3786 Λασκαρίῳ

449 3809 776 3879 Θυγατέρας
809 3809 1018 3875 τέξασα
1049 3811 1220 3878 τρεῖς,
1248 3810 1426 3863 λείπει
1463 3811 1600 3882 βίον,

451 3903 708 3972 Εἰρήνην,
740 3903 961 3971 Μαρίαν
995 3920 1054 3954 τε
1081 3903 1176 3955 σὺν
1202 3903 1454 3975 Εύδοκίᾳ.

280 3992 413 4048 7855
449 3995 612 4048 Ἀλλὰ
649 3995 874 4065 Μαρίαν
903 3995 1168 4065 δευτέραν
1200 3997 1341 4050 κατὰ
1375 3998 1535 4066 γένος

465 4087 555 4151 Είς
587 4088 750 4152 κῆδος
782 4088 1014 4153 ἐξέδωκε
1043 4089 1215 4160 ρηγδς
1243 4091 1489 4144 Παιόνων

471 4183 709 4253 Νύμφην
742 4185 828 4254 ἐφ’
863 4183 967 4254 υίῴ
993 4184 1249 4254 βασιλεὺς
1273 4187 1637 4258 φυτοσπόροςν

454 4274 806 4337 Ἐπανιόντος
835 4276 898 4327 ὲκ
931 4275 1068 4330 Σιὼν
1101 4278 1238 4346 πρὸς
1269 4277 1530 4347 πατρίδα.

462 4367 695 4438 Πρώτην
729 4367 776 4419 δ’
815 4369 1052 4440 Εἰρήνην
1083 4370 1371 4440 ἡρμόσατο
1396 4371 1532 4441 πρὸς
1562 4373 1744 4440 γάμον

288 4459 420 4514 7810
462 4459 842 4527 Παλαιολόγων
873 4461 936 4512 ἐκ
962 4462 1150 4528 γένους
1184 4460 1530 4534 ’Λνδρονίκῳ,

458 4551 552 4603 Ὃν
583 4548 910 4619 δεσποτικῆς
947 4550 1180 4620 ἠξίωσεν
1216 4552 1392 4616 ἀξίας.

453 4642 657 4696 Τούτου
687 4643 943 4706 θανόντος
971 4643 1048 4706 ὡς
1072 4644 1329 4712 προφθάς
1362 4647 1470 4716 ἔφη
1505 4647 1684 4714 λόγος.

449 4731 665 4802 Ταύτην
701 4732 908 4802 συνῆψε
938 4733 1082 4786 κατά
1103 4734 1394 4806 δευτέρους
1425 4736 1638 4806 γάμους

459 4823 658 4893 Πλήρει
685 4825 927 4892 χαρίτων
957 4825 1111 4894 ἀνδρὶ
1142 4826 1512 4897 χαριτωνύμῳ

291 4916 420 4970 7845
454 4915 704 4987 Βατάτξῃ
726 4916 945 4969 Δουκῶν
968 4918 1032 4969 ὲκ
1061 4917 1252 4984 γένους
1281 4919 1634 4990 κατηγμένῳ,

460 5006 649 5076 Σχόντι
683 5007 1067 5078 Διδυμότειχον
1101 5008 1236 5062 ἄστυ
1287 5012 1526 5082 πατρίδα

456 5095 724 5164 Αύχοίωτι
757 5095 924 5166 τιμὴν
974 5096 1531 5164 πρωτοὸεστιαρίτου⁸

456 5183 524 5258 ᾯ
561 5188 820 5259 πενθερὸς
869 5190 1088 5244 λέλοιπε
1123 5191 1375 5262 θνήσκων
1402 5194 1463 5247 τὸ
1491 5197 1624 5265 κράτ
1664 5215 1708 5260 ς’

468 5280 554 5333 Ἐν
587 5281 633 5334 δ’
668 5283 957 5337 Ὑακίνθου
983 5286 1050 5354 τῇ
1083 5289 1218 5356 μονῇ
1257 5287 1446 5340 τούτου
1480 5289 1672 5342 νέκυϊ

294 5367 425 5421 7850
455 5371 652 5439 Ἐγγὺς
691 5373 894 5441 βιώσας
927 5378 1263 5444 πεντήκοντά
1291 5396 1391 5431 που
1418 5381 1649 5450 χρόνων,

461 5465 551 5528 Ἐς
580 5461 652 5519 ὧν
689 5465 1036 5519 ἐϐασίλευσεν
1059 5467 1204 5521 ὀκτὼ
1233 5472 1370 5541 πρὸς
1409 5472 1563 5526 δέκα.

328 5555 624 5608 ΙΩΑΝΝΗΣ
683 5559 724 5610 Ο
774 5558 1046 5611 ΔΟΥΚΛΣ
1111 5562 1270 5614 HTOI
1311 5563 1352 5616 Ο
1395 5565 1750 5619 ΒΛΤΛΤΖΗΣ

895 5651 1000 5703 ΕΤ.
1044 5652 1166 5705 ΛΡ.

461 5741 716 5815 Ἰωάννης
749 5743 894 5796 οὕτω
920 5744 977 5797 δὲ
1014 5745 1194 5816 τυχὼν
1238 5746 1333 5800 τοῦ
1367 5747 1622 5817 κράτους,

464 5836 639 5903 Εύθις
679 5838 991 5892 τεταινίωτο
1017 5838 1146 5909 παρ’
1169 5839 1466 5910 ἀρχιθύτοιο

1860 492 1908 546 Α
1938 506 2221 561 aggressus
2256 501 2339 546 est
2367 508 2486 547 cum
2525 494 2780 567 Scythico
2813 495 3081 555 exercitu.

1944 594 1996 639 et
2031 601 2237 639 summa
2269 587 2420 641 clade
2446 586 2668 642 allectos
2699 589 2985 642 debellavit
3017 607 3027 640 :

1942 694 2172 747 quorum
2203 678 2367 734 etiam
2397 681 2692 751 principem
2729 682 3045 736 Bahlninum

1940 770 2008 823 ab
2031 770 2149 838 ipso
2171 770 2348 824 vivum
2373 781 2588 841 captum
2622 788 2782 842 supra
2820 775 3074 829 diximus.

1943 861 2202 928 Deinceps
2226 861 2566 918 Orestiadem
2602 866 2830 918 tentavit
2867 865 3126 935 Bulgaris

1939 964 1996 1008 ut
2027 969 2137 1009 suae
2164 956 2383 1010 ditionis
2416 960 2628 1028 oppidis
2658 959 2978 1029 adjungeret
3006 979 3021 1014 :

1937 1050 2030 1104 sed
2066 1050 2293 1105 inhiavit
2321 1052 2519 1106 frustra
2560 1063 2818 1122 tanquam
2850 1055 3023 1122 lupus.

1938 1144 2072 1197 Hinc
2105 1158 2232 1214 ergo
2259 1143 2400 1199 malo
2435 1146 2672 1214 percitus
2711 1147 2892 1202 furore

1936 1239 2308 1306 superbosque
2331 1247 2387 1294 ut
2414 1238 2553 1292 alter
2578 1237 3023 1303 Senacherimus,

1935 1342 2057 1380 cum
2086 1327 2216 1381 nihil
2250 1328 2456 1396 uspiam
2491 1328 2592 1396 ipsi
2620 1329 2730 1398 jam
2763 1331 3058 1394 resisteret,

1935 1416 2221 1473 Thraciam
2258 1419 2734 1490 Macedoniamque
2761 1422 3119 1476 concursabat

1935 1526 2098 1580 pagos
2132 1512 2402 1574 desolatis,
2430 1512 2678 1567 civitates
2706 1514 2954 1580 diruens,

1934 1613 2176 1670 vastans,
2205 1605 2540 1674 deprzedans,
2578 1623 2605 1660 a
2633 1607 3002 1662 fundamentis
3033 1609 3301 1676 quatiens.

1934 1697 1989 1752 In
2017 1699 2208 1766 primis
2229 1699 2443 1768 quidem
2472 1702 2667 1754 evertit
2706 1701 3119 1770 Philippopolim

1935 1794 2307 1863 t'atnigeratam
2335 1795 2525 1849 urbem
2553 1803 2608 1848 et
2635 1794 3056 1849 nobilissimam'

1931 1887 2124 1941 deinde
2151 1895 2204 1940 et
2235 1887 2369 1942 alias
2403 1887 2696 1956 prostravit
2724 1887 2996 1951 civitates,

1933 1979 2183 2050 inclytam
2214 1978 2552 2044 Heracleam,
2589 1994 2652 2034 ac
2681 1979 3006 2050 Selyhriam,

1932 2068 2303 2137 Rbaadestum,
2337 2070 2584 2134 Paniunt,
2618 2086 2738 2124 cum
2779 2070 3005 2136 Daunio,

1931 2161 2240 2216 Maroneam
2284 2163 2505 2232 insuper
2533 2174 2582 2218 et
2615 2164 3004 2234 'l‘rianopolim,

1931 2255 2169 2322 itemque
2197 2253 2588 2325 Mosynopolim
2622 2266 2674 2312 et
2705 2258 2995 2327 Stagiratn,

1929 2346 2173 2414 aliasque
2203 2347 2485 2415 plurimas,
2512 2349 2599 2402 hic
2626 2349 2891 2417 pessimus
2931 2352 3200 2405 mortalis.

1931 2439 2021 2493 Sic
2056 2440 2292 2494 vastitati
2328 2440 2610 2509 indulgens
2646 2452 2699 2496 et
2735 2443 3037 2498 latrociniis

1927 2531 2368 2588 Tltessal0nicam
2398 2536 2629 2604 denique
2666 2536 2928 2590 illustrem
2963 2537 3131 2602 venit,

1927 2621 2012 2673 ubi
2050 2621 2396 2676 immaturum
2428 2624 2614 2677 habuit
2640 2625 2762 2678 vita:
2795 2626 2956 2680 tinem

1928 2715 2253 2781 pleuritidis,
2287 2727 2343 2769 ut
2379 2715 2518 2769 fama
2549 2716 2667 2781 fuit,
2695 2719 2997 2772 exstinctus
3028 2722 3218 2774 morho
3245 2733 3266 2773 :

1925 2807 2006 2861 vel
2034 2823 2155 2860 cum
2183 2808 2380 2876 potius,
2419 2817 2478 2861 ut
2503 2809 2678 2873 aiunt,
2707 2817 2851 2864 recte
2879 2809 3107 2872 conscii,

1927 2901 2188 2968 vulgoque
2217 2899 2476 2962 creditur,
2503 2899 2706 2954 Christi
2742 2909 2946 2968 martyr
2986 2899 3211 2966 perculit

1924 2986 2369 3042 Thessalonicam
2401 2997 2690 3058 protegens
2723 2987 3045 3043 Demetrius.

1927 3079 2214 3146 Postquam
2249 3090 2512 3149 tyrannus
2539 3079 2675 3134 vivis
2705 3090 2989 3149 exemptus
3016 3081 3134 3148 fuit,

1925 3170 2083 3240 hujus
2113 3184 2178 3223 ex
2213 3171 2380 3225 fratre
2407 3185 2577 3240 nepos
2594 3171 2774 3227 dictus
2801 3171 3007 3226 Borilas

1926 3263 2166 3334 Scythidi
2201 3265 2422 3336 junctus
2454 3266 2634 3319 amitae
2660 3265 2880 3320 incestis
2907 3266 3124 3336 nuptiis,

1925 3356 2168 3423 Bulgarae
2193 3359 2368 3424 gentis
2389 3358 2600 3428 excepit
2624 3359 2986 3414 dominatum.

1923 3449 2123 3504 Asanis
2155 3458 2334 3504 autem
2359 3450 2681 3521 pzedagogus
2719 3451 2887 3504 tilium

1923 3556 2148 3610 puerum
2181 3544 2358 3598 adhuc
2381 3543 2716 3598 clandestina
2752 3544 2874 3614 fuga

1923 3636 2214 3690 consulens
2250 3636 2373 3690 vita:
2401 3637 2672 3690 transtulit
2709 3639 2774 3690 ad
2809 3638 3059 3708 Scythas.

1925 3729 2075 3780 Anna
2114 3728 2299 3797 regina
2324 3727 2534 3798 coniugi
2560 3727 2816 3783 Lascario

1926 3821 2102 3874 tribus
2127 3821 2338 3877 tiliabns
2371 3823 2531 3877 editis
2558 3825 2664 3877 vita
2692 3824 2946 3886 excessit,

1926 3913 2081 3967 lrene
2115 3923 2167 3966 et
2200 3912 2366 3966 Maria
2390 3913 2596 3967 scilicet
2623 3921 2786 3983 atque
2821 3913 3076 3970 Elidocia.

1927 4004 2176 4069 Mariam,
2211 4018 2329 4072 qua:
2363 4016 2486 4057 nata
2515 4011 2633 4057 erat
2663 4005 2902 4058 secundo
2933 4005 3048 4056 loco

1926 4098 2070 4167 regis
2095 4096 2324 4151 Paeoniae
2352 4096 2462 4150 tilio
2490 4097 2542 4149 in
2581 4096 2982 4148 matrimonium

1925 4193 2089 4248 Sione
2125 4193 2416 4248 revertenti
2440 4192 2494 4247 in
2531 4193 2760 4260 patriam
2802 4208 2955 4248 suam

1926 4287 2138 4357 genitor
2169 4285 2354 4340 Caesar
2384 4286 2605 4340 tradidit
2638 4288 2980 4357 deSponsam.

1926 4377 2181 4448 Maiorem
2215 4387 2342 4432 natu
2376 4377 2583 4440 lrencm
2610 4381 2796 4449 nuptui
2827 4380 3044 4436 tradidit

1926 4467 2341 4538 Palaaologurum
2378 4471 2594 4526 surculo
2618 4471 2950 4536 Andronico,

1850 4568 1894 4624 ι)
1922 4575 2081 4630 quem
2110 4561 2270 4615 etiam
2304 4563 2537 4630 despota:
2569 4562 2827 4632 dignitate
2853 4565 3084 4619 ornavit.

1915 4653 2034 4722 Quo
2068 4663 2247 4708 tamen
2277 4656 2566 4719 exstincto,
2605 4667 2662 4710 ut
2690 4666 2834 4712 retro
2864 4659 3121 4724 diximus,

1917 4747 2160 4801 eamdem
2189 4746 2470 4804 collocavit
2499 4750 2750 4804 secundis
2774 4751 2972 4818 nuptiis

1915 4836 2177 4894 Joanniet
2206 4855 2263 4895 re
2285 4848 2338 4894 et
2365 4840 2579 4894 nomine
2602 4841 2838 4911 gratioso

1917 4930 2157 4986 Vatatzae
2185 4932 2250 4986 de
2270 4932 2536 4988 Ducarum
2569 4935 2736 5003 stirpe
2765 4937 2972 5005 genito,

1917 5035 1972 5080 et
1993 5024 2223 5080 oriundo
2253 5025 2383 5080 urbe
2411 5026 2810 5096 Didymoticho,

1919 5117 2321 5186 protovestiarii
2351 5118 2611 5188 dignitate
2641 5128 2855 5175 ornato.

1919 5211 2093 5279 Atque
2120 5209 2243 5265 huic
2269 5224 2424 5265 socer
2455 5212 2691 5266 moriens
2719 5213 3002 5281 imperium
3022 5215 3240 5268 tradidit
3265 5231 3282 5271 :

1922 5300 2033 5368 ipse
2076 5299 2127 5353 in
2179 5301 2460 5368 Hyacinthi
2493 5303 2750 5372 sepelitur
2780 5305 3050 5369 coenobio,

1920 5391 2094 5445 anatis
2123 5407 2264 5445 anno
2299 5393 2471 5447 ferme
2499 5395 2966 5464 quinquagesimo,

1922 5481 2288 5551 duodeviginti
2324 5484 2634 5538 dominatus
2670 5501 2864 5541 annos.

2225 5572 2531 5630 JOANNES
2561 5575 2785 5632 DUCAS
2831 5580 3191 5638 VATATZES

2513 5670 2623 5724 AN.
2663 5671 2901 5727 XXXIII.

1926 5760 2015 5814 Sic
2040 5772 2321 5816 assecutus
2347 5760 2581 5817 Joannes
2611 5765 2918 5833 ttttpcritttn,

1925 5853 2106 5908 statim
2140 5871 2167 5907 a
2198 5858 2508 5920 patriarcha
2534 5867 2611 5915 est
2639 5872 2927 5914 caronatus
