3922 6554
295 378 405 444 317

527 498 639 554 Καὶ
674 497 933 568 βάλλεται
963 505 1179 573 χάρακα
1211 503 1332 557 κατ’
1358 502 1497 563 άστυ
1531 503 1746 574 φθάσας

527 590 604 644 Τὸ
625 591 726 660 τῆς
757 591 1128 663 Τζουρουλοῦ,
1161 594 1257 648 καὶ
1285 594 1439 663 νόμῳ
1466 593 1544 664 τῷ
1573 594 1672 665 τῆς
1707 594 1889 663 μάχης

529 683 950 754 Καοαιρετικῶν
981 687 1396 757 μηχανημάτων
1425 686 1588 758 τέχνῃ

541 775 745 846 Ῥᾷστα
777 778 1166 846 παρεστήσατο
1196 777 1461 849 φρούριον
1491 778 1638 833 τόδεο

339 862 493 920 8615
527 861 601 921 Οὔ
622 867 967 937 κασιγνήτην
994 867 1232 938 Εἰρήνης
1267 868 1540 938 βασιλίδος

530 957 797 1016 Εὑδοκίαν
822 957 1078 1012 ἔντοσθεν
1107 958 1288 1030 εὑρὼν
1319 959 1530 1012 εὐνέτιν

535 1049 674 1117 Παρ’
719 1048 941 1114 Ἰταλοῖς
966 1049 1229 1120 ἄρχοντος
1253 1049 1576 1105 ’Ᾱσελδεκάε

529 1141 767 1211 mam
793 1140 1162 1212 παρέπεμψεν
1189 1143 1268 1204 είς
1291 1141 1593 1205 Βυζαντίδα
1611 1181 1627 1206 ,

532 1232 756 1286 Πάντων
787 1231 1086 1301 γυμνώσας
1119 1232 1227 1285 τῶν
1271 1232 1502 1286 ἐνόντων
1543 1232 1890 1304 πραγμάτων

344 1324 493 1386 8620
529 1324 710 1394 Λῦτήν
738 1341 796 1378 τε
828 1325 1174 1395 προσπόλους
1197 1342 1256 1379 τε
1289 1325 1384 1380 acati.
1400 1325 1766 1398 δορυφόρους.

526 1418 740 1471 Ἐκείσε
766 1417 810 1470 δ’
842 1416 919 1470 ὢν
948 1412 1206 1482 σύνευνος
1231 1419 1402 1490 αὐτῆς
1428 1418 1643 1490 ἀπέδρα

533 1507 712 1578 ῐΙρινὴ
754 1510 1076 1582 κρατάρχην
1118 1509 1451 1580 προσϐαλεῖν
1480 1510 1560 1581 τῷ
1602 1527 1886 1582 φρουριῳ,

529 1601 733 1673 Τρόμῳ
757 1619 816 1656 τε
839 1602 1060 1673 ληφθεὶς
1093 1605 1186 1660 καὶ
1211 1603 1389 1676 ψυχῆς
1415 1605 1648 1675 ἀγωνίᾳ.

414 1755 416 1758 _
530 1695 675 1765 Ἤδη
705 1697 1092 1768 παρεστήσατο
1132 1699 1226 1750 καὶ
1255 1698 1353 1768 τὴν
1376 1698 1578 1768 Βιζύην

349 1788 494 1848 8625
533 1788 766 1858 Πέμψας
797 1789 918 1843 κατ’
939 1791 1408 1862 αὐτῆςστρατιὰν
1434 1792 1815 1862 αὐτοκράτωρ.

526 1883 753 1946 Τούτοις
783 1882 928 1936 ἑάλω
956 1885 1070 1946 τοῖς
1095 1884 1310 1955 χρόνοις
1349 1885 1513 1950 νῆσος
1554 1883 1735 1948 Ῥόδος

529 1976 656 2037 Τοῖς
686 1975 1001 2036 Γεντυῖταις
1039 1974 1264 2038 Ἰταλοῖς
1292 1975 1433 2043 μετὰ
1461 1974 1636 2046 δόλου.

530 2067 685 2120 Ἐπεὶ
725 2062 836 2137 γὰρ
866 2069 1145 2138 ἀπόδημος
1173 2063 1242 2139 ἦν
1272 2068 1574 2138 ἐπιστάτης

543 2159 730 2214 Ῥόδου
757 2159 1010 2224 Γαϐαλᾶς
1038 2161 1293 2229 Ἰωάννης
1326 2161 1406 2231 τῷ
1430 2162 1552 2215 τότε

354 2250 492 2304 8630
531 2251 811 2322 Ὀμαιμος
842 2251 919 2306 ὢν
943 2253 1224 2323 Καίσαρος
1256 2252 1520 2320 ἄρξαντος
1561 2252 1744 2307 Ῥόδου

530 2344 1029 2414 Συνεκστρατιύων
1057 2345 1381 2418 Αὐσονάρχῃ
1403 2345 1638 2418 δεσπότῃ
1661 2386 1676 2410 ,
1758 2355 1760 2357 ’

523 2436 712 2505 Νῆσον
737 2441 1005 2509 κατέσχον
1031 2439 1080 2493 οί
1109 2438 1424 2507 λελεγμένοι
1449 2438 1648 2508 λάθρα·

527 2527 596 2582 Ὃ
621 2527 786 2608 γνοὺς
815 2527 1070 2598 βασιλεὺς
1097 2527 1156 2581 ὲν
1180 2527 1372 2598 Θρᾴκῃ
1400 2526 1690 2598 διατρίϐων
1711 2564 1726 2590 ,

530 2619 1001 2690 Καντακουζηνῶν
1031 2621 1096 2674 ὲκ
1119 2618 1307 2688 γένους
1341 2621 1595 2690 Ἰωάννην

356 2715 493 2770 8635
531 2715 634 2766 Σὺν
662 2714 896 2784 στρατιᾷ
925 2713 1185 2783 πέπομφε
1221 2711 1444 2765 Ῥοδίων
1475 2713 1654 2766 πόλει·

535 2811 629 2870 Ὃς
663 2806 1058 2870 ἐκπεπλευκὼς
1088 2808 1188 2861 καὶ
1221 2805 1472 2870 κατάρας
1498 2809 1555 2862 ὲν
1595 2806 1757 2877 Ῥόδῳ
1779 2846 1795 2872 ,

525 2898 773 2967 Κατέσχε
796 2897 1104 2968 Φιλέρημον
1136 2897 1271 2952 ἄστυ
1308 2899 1372 2966 τῇ
1403 2896 1573 2968 μάχῃο

525 2990 645 3059 Ἀφ’
681 2983 852 3058 οὗπερ
895 2988 1112 3060 ἐχθροῖς
1144 2987 1424 3041 άντεπιὼν
1449 2987 1700 3058 εὐψύχως

536 3083 744 3154 Ῥᾷπα
771 3082 1023 3137 κατέσπα
1044 3081 1143 3150 τὴν
1169 3081 1343 3151 ὀφρὺν
1372 3079 1522 3148 σφῶν
1547 3081 1642 3134 καὶ
1667 3079 1885 3151 θράσος.

362 3175 424 3230 86
438 3176 495 3229 l0
535 3176 642 3229 Kal.
671 3172 794 3243 τάχ’
828 3173 895 3227 ἂν
924 3167 1038 3228 εἷλε
1067 3173 1162 3225 καὶ
1190 3171 1348 3223 πόλιν
1373 3169 1516 3224 κατὰ
1549 3170 1778 3242 κράτος,
1914 3198 1960 3260 C

528 3269 589 3321 Εί
623 3268 697 3337 μὴ
723 3264 962 3338 πρίγκιψ
989 3265 1164 3336 ήμυνε
1187 3264 1284 3333 τῆς
1315 3264 1559 3333 Ἀχαΐας,

1916 1834 1967 1896 Β

541 3361 798 3423 Ὁπλίτας
821 3359 1005 3422 αὐτοῖς
1031 3358 1356 3428 συμμάχους
1384 3357 1509 3421 δοὺς
1537 3356 1788 3420 ἱππότας.

535 3456 623 3517 Ὠς
652 3453 746 3508 οὖν
777 3452 1140 3517 ξπανέζευξεν
1166 3453 1230 3504 ἐκ
1263 3450 1445 3521 μάχης
1475 3450 1644 3515 ἄναξ,

527 3543 682 3607 Ναῦς
728 3543 1094 3612 ἱππαγωγοὺς
1130 3541 1467 3612 εὐτρεπίσας
1498 3542 1594 3594 καὶ
1630 3540 1815 3593 στόλον
1838 3579 1853 3603 ,

363 3637 493 3692 8655
530 3639 764 3699 Ἵππους
795 3638 854 3690 ἐν
884 3630 972 3699 αἷς
1001 3635 1163 3689 ἔϐαλε
1195 3635 1548 3705 τριακοσίους
1567 3673 1583 3697 ,

366 3723 368 3728 ’
530 3724 644 3781 Εἶτ’
675 3727 955 3791 ἀποτάξας
986 3725 1083 3780 καὶ
1113 3725 1539 3794 στολάρχην-τοῦ
1577 3725 1767 3776 στόλου

529 3821 666 3875 ma
685 3821 1128 3890 Κοντοστέφανον
1151 3818 1317 3889 ἄνδρα
1348 3817 1630 3886 γεννάδαν,

536 3918 577 3968 Π
588 3912 1001 3988 ρωτοσεϐαστοῦ
1027 3911 1128 3982 τὴν
1157 3910 1328 3981 τιμὴν
1359 3911 1644 3978 εἰληχότα,

532 4009 627 4062 Ei:
657 4009 823 4078 νῆσον
847 4004 1142 4060 ἀπέστειλε
1168 4005 1270 4074 τὴν
1293 4001 1403 4056 τῶν
1446 4001 1688 4056 Ῥοδίων·

362 4101 498 4158 8650
537 4101 646 4155 Καὶ
672 4098 816 4154 κατὰ
844 4097 1026 4167 μάχην
1062 4095 1404 4164 συμπλακεὶς
1434 4093 1753 4155 Γενουῖταις
1780 4130 1795 4155 ,

533 4192 692 4248 Κατὰ
723 4190 929 4262 κράτος
961 4190 1102 4258 σφᾶς
1130 4186 1327 4258 ἐκνικᾷ
1355 4185 1450 4238 καὶ
1475 4183 1753 4254 συντρίϐει
1775 4222 1789 4245 ,

534 4287 642 4338 Καὶ
681 4283 848 4353 νῆσον
891 4281 1167 4335 ἀνέσωσεν
1208 4278 1411 4333 Αὖσοσι
1443 4277 1631 4332 πάλιν.

544 4378 604 4430 '0
627 4377 671 4430 δ’
702 4360 1062 4444 αὗτοκράτωρ
1092 4371 1227 4440 πρὸς
1253 4369 1474 4440 Μιχαὴλ
1497 4369 1765 4438 δεσπότην

532 4469 706 4535 Κῆδῆς
733 4483 793 4518 τε
825 4467 969 4520 ποιεῖ
1008 4457 1311 4534 συμϐάσεις
1342 4462 1388 4515 τ’
1419 4461 1748 4530 ἐνωμότους.

357 4563 494 4618 8655
539 4562 671 4624 Παῖς
712 4562 976 4614 δεσπότου
1008 4561 1118 4629 γὰρ
1155 4559 1374 4629 Μιχαὴλ
1416 4557 1736 4626 Νικηφόρος
1923 4552 1970 4610 D

533 4655 624 4715 Ei;
661 4651 910 4723 γαμετήν
946 4653 1137 4721 εἴληφε
1169 4655 1269 4721 τὴν
1301 4649 1584 4720 Θεοδώρου

534 4748 806 4808 ’Λνακτος
831 4744 952 4798 υἱοῦ
987 4745 1209 4814 Μαρίαν
1249 4743 1552 4813 θυγατέρα·

525 4839 637 4906 Τῆς
666 4839 760 4890 τοῦ
796 4830 1018 4910 Μιχαὴλ
1051 4836 1289 4905 συζύγου
1329 4833 1616 4902 Θεοδώρας

527 4931 605 4983 Δι’
649 4930 1046 4994 Ἑλλησπόντου
1077 4929 1364 4998 φθασάσης
1400 4927 1615 4998 χώρους
1644 4924 1718 4976 ἓω
1747 4965 1760 4988 ,

357 5023 494 5078 8660
531 5023 684 5078 Μετά
716 5040 779 5091 γε
809 5022 1004 5085 παιδὸς
1031 5022 1289 5092 φιλτάτου
1319 5019 1636 5086 Νικηφόρου

533 5118 642 5171 Καὶ
676 5117 777 5185 τὴν
805 5116 892 5168 ἐπ’
920 5114 1070 5184 αὐτῷ
1096 5114 1420 5183 συγγένειαν
1444 5114 1721 5185 δρασάσης
1741 5155 1755 5175 .
1805 5097 1808 5100 λ

533 5206 670 5263 Εἶτα
700 5210 798 5264 σὺν
828 5208 977 5278 αὐτῷ
1016 5207 1154 5277 πρὸς
1191 5207 1345 5260 δύσιν
1375 5205 1734 5278 χωρησάσης.

537 5301 704 5356 Ἀλλά
739 5301 958 5371 Μιχαὴλ
985 5299 1179 5368 Αἰθίοψ
1204 5298 1280 5352 ὣν
1313 5299 1597 5368 καρκίνος.

528 5394 643 5446 Οὐκ
671 5388 732 5446 εὖ
772 5390 1015 5462 βαδίζειν
1050 5390 1172 5443 οὐδὲ
1206 5389 1508 5460 ῥύπτεσθαι
1550 5389 1715 5442 θέλει·

358 5481 495 5536 8ὕ65
532 5483 870 5552 Συμφωνίας
895 5484 1004 5553 γάρ
1034 5480 1320 5551 ὴθετηκὼς
1349 5479 1652 5549 συμϐάσεις
1674 5518 1689 5543 ,

540 5579 946 5644 Ἀναπέφανται
966 5568 1237 5644 δυσμενὴς
1269 5572 1608 5640 ἀποστάτης,

534 5669 853 5740 Σύμϐουλον
876 5667 1054 5738 εὑρὼν
1085 5665 1468 5737 πατράδελφον
1502 5667 1580 5728 είς
1609 5665 1727 5718 τόδε

479 5811 482 5813 ,
535 5761 812 5830 Θεόδωρον
850 5758 1122 5827 Ἄγγελον
1157 5755 1382 5828 εὔριπον
1416 5757 1674 5822 τρόπους.

539 5853 631 5916 Ὡς
659 5847 751 5906 οὖν
775 5851 890 5906 τάδ’
919 5852 1190 5921 ήνώτιστο
1219 5848 1297 5920 τῷ
1330 5850 1612 5918 στεφηςόρ
1638 5875 1659 5916 ;·
1684 5891 1696 5912 ,

1751 389 1949 450 C/ESA
1962 388 2121 453 RES.

1925 505 1976 562 Δ
2003 502 2252 571 valloque
2282 502 2466 557 statim
2505 498 2872 558 circumclusit
2906 510 3086 551 arcem

1999 593 2242 659 Tzuruli,
2268 605 2324 651 et
2353 609 2476 649 mox
2507 592 2749 648 adhibito
2780 589 2964 644 Martis
2989 602 3181 660 opere,

1995 685 2225 739 admotis
2253 682 2519 738 machinis
2547 678 3002 744 obsidionalibus,

1996 775 2156 830 facile
2179 790 2360 831 arcem
2394 775 2497 829 sibi
2523 773 2816 828 vindicavit
2843 791 2860 827 :

1994 867 2083 920 ubi
2113 881 2354 920 sororem
2379 866 2578 935 regina:
2602 863 2790 920 uxoris
2823 877 2934 916 suae

2002 958 2296 1014 Eudociam
2324 960 2746 1028 deprehensam,
2777 973 2894 1028 qua:
2917 963 3177 1026 nupserat

1998 1052 2295 1107 Aseldecao
2325 1051 2456 1105 italo
2478 1050 2739 1121 dynastas,

1993 1145 2154 1199 celeri
2177 1159 2316 1215 equo
2355 1144 2660 1213 impositam
2692 1141 3008 1214 Byzantiqu
3045 1137 3217 1202 misit,

1993 1246 2181 1305 erepto
2217 1237 2366 1290 omni
2398 1243 2592 1290 ornatu
2618 1244 2672 1290 et
2696 1233 3024 1302 supellectile

1993 1328 2121 1398 ipsi,
2155 1328 2560 1396 comitibusque
2589 1336 2642 1381 et
2662 1326 3007 1381 satellitibus.

1993 1421 2126 1476 Nam
2159 1435 2392 1490 sponsus
2419 1419 2536 1488 ejus
2563 1419 2684 1491 fuga
2716 1435 2776 1474 se
2805 1419 3138 1473 subduxerat

1992 1513 2232 1583 percitus
2259 1523 2424 1578 metu,
2458 1522 2838 1568 consternatus
2868 1511 3054 1564 animo

1995 1607 2307 1676 priusquam
2337 1620 2518 1662 arcem
2557 1605 2746 1660 Caesar
2777 1604 3074 1658 obsideret.

1991 1701 2179 1771 Neque
2213 1701 2305 1755 diu
2337 1706 2461 1769 post
2486 1697 2628 1766 cepit
2649 1711 2864 1766 quoque
2893 1695 3114 1767 Byziam

1995 1797 2176 1852 missis
2195 1793 2406 1850 infestis
2426 1790 2596 1862 copiis
2624 1792 2942 1859 imperator.

1995 1893 2101 1946 Per
2131 1889 2274 1944 idem
2306 1896 2520 1956 tempus
2539 1892 2658 1939 astu
2693 1882 2793 1937 fuit
2818 1891 2972 1951 capta

1997 1984 2067 2038 ab
2093 1981 2239 2036 italis
2269 1977 2641 2035 Januensibus
2666 1973 2889 2029 Rhodus
2928 1973 3124 2028 insula.

1996 2076 2131 2131 Nam
2159 2089 2280 2130 cum
2304 2072 2520 2127 abesset.
2537 2071 2744 2127 exteris
2771 2070 2824 2122 in
2849 2069 3009 2144 terris

1997 2169 2172 2225 Rhodi
2202 2167 2488 2238 pmfectus
2511 2163 2748 2221 Gabalas
2775 2160 3015 2218 Joannes

1997 2262 2251 2333 (Ctesaris
2273 2260 2442 2315 frater
2469 2258 2560 2329 qui
2597 2257 2769 2312 Rhodi
2805 2254 3055 2325 princeps
3095 2251 3290 2323 fuerat)

1999 2355 2340 2427 imperatoris
2368 2351 2573 2410 domini
2601 2359 2780 2405 castra
2808 2361 3070 2416 sequens,

1954 2499 1960 2510 ,
1996 2451 2182 2506 hostes
2213 2445 2458 2518 pradieti
2490 2444 2628 2500 clam
2667 2449 2923 2512 ceperunt
2955 2437 3205 2493 insulam.

1995 2540 2130 2595 Rem
2159 2536 2247 2593 ubi
2275 2538 2326 2591 in
2358 2533 2591 2590 Thracia
2618 2532 2770 2588 novit
2804 2531 3124 2598 imperator,

1995 2632 2435 2689 Cantaeuzenum
2463 2641 2588 2682 cum
2627 2624 2795 2695 copiis
2818 2622 3080 2678 Joannem

1997 2725 2064 2779 ad
2085 2721 2480 2778 Rhodiensium
2507 2718 2760 2788 oppidum
2793 2715 3017 2770 direxit.

1997 2816 2088 2871 Ille
2112 2831 2234 2870 cum
2265 2812 2492 2867 classem
2527 2809 2776 2881 Rhodum
2814 2806 3133 2877 appulisset,

1960 2972 1965 2976 ,
1995 2905 2421 2978 oppiduuLcepit
2446 2904 2632 2974 prmio
2660 2901 3017 2956 Philercmnm
3043 2913 3058 2962 ;

1996 3014 2061 3053 ex
2090 3011 2200 3067 quo
2231 3007 2548 3065 progressus
2579 2991 2790 3046 fortiter
2813 2989 2866 3043 in
2892 2989 3072 3042 hostes

1997 3089 2236 3158 ipsorum
2269 3085 2428 3142 taeile
2445 3083 2695 3140 contudit
2717 3080 3001 3134 audaciam
3045 3095 3061 3130 :

1997 3184 2220 3252 jamque
2243 3185 2501 3249 capturus
2527 3184 2642 3232 erat
2675 3182 2730 3229 et
2762 3167 3109 3240 metropolin,

1994 3277 2096 3332 nisi
2127 3274 2428 3330 obstitisset
2457 3270 2558 3339 ipsi
2589 3267 2807 3324 Achaiae
2833 3265 3104 3335 princeps,

1991 3369 2084 3440 qui
2117 3374 2355 3422 armatos
2384 3362 2596 3432 equites
2617 3359 2861 3413 hostibus
2892 3353 3183 3418 concessit.

1994 3458 2100 3514 Sed
2130 3471 2230 3512 suo
2256 3454 2396 3510 bello
2423 3452 2595 3506 redux
2624 3450 2920 3515 imperator

1992 3548 2342 3620 equestribus
2372 3543 2602 3612 navigiis
2630 3556 2751 3608 eum
2785 3541 2962 3593 classe
2991 3535 3271 3591 instruetis

1993 3645 2066 3699 ibi
2097 3647 2368 3696 trecentos
2396 3651 2567 3705 equos
2601 3633 2878 3701 imposuit.

1993 3736 2129 3791 Tum
2160 3741 2214 3787 et
2240 3729 2570 3784 navarcbutn
2603 3724 2764 3779 classi
2797 3721 3141 3794 praepositum
3305 3785 3314 3794 .

1993 3823 2493 3892 Contostephanum
2524 3818 2814 3887 quemdam
2845 3815 3020 3866 vitum
3054 3826 3336 3866 Strenuum

1995 3915 2353 3988 protosebasti
2383 3914 2644 3981 dignitate
2675 3908 2980 3978 praeditum,

1995 4009 2046 4063 in
2079 4005 2439 4060 Rhodiensem
2469 4003 2549 4056 ire
2571 4000 2737 4070 jussit
2768 3993 2995 4048 insulam
3031 4012 3046 4046 :

1995 4099 2088 4170 qui
2115 4095 2416 4152 Januenses
2445 4094 2499 4146 in
2533 4090 2772 4162 przelium
2804 4095 3026 4139 vocatos

1995 4200 2241 4263 potenter
2268 4186 2554 4243 debellavit
2582 4199 2644 4238 ac
2676 4178 2947 4251 protrivit,

1995 4296 2050 4340 et
2076 4285 2155 4341 sic
2185 4283 2412 4355 imperio
2442 4273 2964 4336 iusulam‘reStitnit.

1996 4388 2061 4456 ᾼι
2093 4382 2390 4449 imperator
2421 4388 2544 4428 cum
2576 4369 2836 4426 Michaele
2864 4366 3090 4434 despnta

1997 4473 2310 4528 afﬁnitatem
2347 4465 2534 4536 panxit
2564 4473 2616 4517 et
2641 4462 2956 4517 amicitiam.

1999 4567 2164 4620 Filius
2196 4562 2341 4618 enim
2371 4559 2608 4626 despota:
2636 4553 2975 4624 Nicephnrus

1998 4673 2223 4713 uxorem
2258 4654 2359 4710 sibi
2388 4650 2672 4707 Theodoro
2703 4649 2937 4718 genitam
3005 4687 3011 4693 .

1998 4749 2342 4821 imperatoris
2374 4745 2482 4799 lilio
2513 4741 2737 4797 Mariam
2771 4739 2973 4809 junxit.

1998 4845 2065 4898 Et
2091 4840 2374 4896 Theodora
2409 4836 2687 4892 Michaelis
2720 4830 2918 4900 coniux

2000 4949 2094 5001 per
2123 4930 2532 4998 Hellespontum
2567 4927 2664 4980 ivit
2694 4925 2745 4978 in
2777 4924 3041 4979 orientem

2000 5040 2104 5079 una
2133 5038 2258 5077 cum
2288 5020 2433 5075 dulci
2463 5019 2572 5072 lilio
2603 5016 2905 5085 Nicephoro

1998 5117 2064 5170 ad
2096 5113 2424 5184 copulandas
2457 5111 2673 5178 nuptias
2704 5108 2992 5177 prmdictas
3020 5126 3033 5162 :

1998 5206 2124 5260 exin
2154 5219 2275 5259 cum
2306 5202 2422 5272 ipso
2435 5200 2610 5259 rediit
2635 5200 2688 5253 in
2715 5199 2970 5269 patriam.

1997 5298 2247 5351 Attamen
2279 5292 2506 5347 Michael
2536 5290 2790 5359 IEthiops
2822 5300 2875 5342 et
2907 5303 3103 5342 cancer

1999 5404 2100 5444 nec
2129 5397 2275 5442 recte
2305 5384 2556 5440 incedere
2587 5389 2798 5452 poterat
2826 5395 2924 5435 nec
2955 5379 3250 5431 alin-scere.

2000 5481 2244 5548 Namque
2269 5476 2454 5531 deletis
2485 5474 2633 5544 pacis
2666 5471 3064 5527 conditiouitms

1999 5574 2242 5629 rabidum
2273 5575 2444 5624 semet
2474 5565 2702 5636 prtebuit
2733 5563 3008 5626 rebellem,

1999 5669 2188 5714 nactus
2219 5656 2284 5711 ad
2315 5656 2415 5708 hoc
2449 5653 2850 5722 conspirantem
2886 5664 3134 5720 patruum

1998 5753 2258 5823 Angelum
2288 5749 2628 5804 Theodorum
2658 5746 3019 5815 versipellem.

1999 5845 2122 5900 Haec
2157 5844 2449 5911 inperator
2473 5855 2593 5894 cum
2628 5837 3002 5898 intellexisset,

3434 372 3572 440 '318
