  <div class='ocr_page' id='page_1' title='image "/cluster/home/n/w/nwhite01/storage/ocr_20150623/143/hvd.32044019208321/167.png"; bbox 0 0 3922 6518; ppageno 0'>
   <div class='ocr_carea' id='block_1_1' title="bbox 396 327 3668 439">
    <p class='ocr_par' dir='ltr' id='par_1_1' title="bbox 396 327 3668 439">
     <span class='ocr_line' id='line_1_1' title="bbox 396 327 3668 439; baseline -0.005 -1"><span class='ocrx_word' id='word_1_1' title='bbox 396 327 500 439; x_wconf 69' lang='lat' dir='ltr'><strong>ius</strong></span> <span class='ocrx_word' id='word_1_2' title='bbox 1515 370 1916 432; x_wconf 67' lang='lat' dir='ltr'><strong>acnuam]</strong></span> <span class='ocrx_word' id='word_1_3' title='bbox 1955 369 2561 429; x_wconf 67' lang='lat' dir='ltr'><strong>cuneuocnamu</strong></span> <span class='ocrx_word' id='word_1_4' title='bbox 3093 368 3104 383; x_wconf 92' lang='grc'><strong>·</strong></span> <span class='ocrx_word' id='word_1_5' title='bbox 3570 365 3668 435; x_wconf 72' lang='grc' dir='ltr'>3ῗο</span> 
     </span>
    </p>
   </div>
   <div class='ocr_carea' id='block_1_2' title="bbox 398 486 1322 556">
    <p class='ocr_par' dir='ltr' id='par_1_2' title="bbox 398 486 1322 556">
     <span class='ocr_line' id='line_1_2' title="bbox 398 486 1322 556; baseline -0.003 -14"><span class='ocrx_word' id='word_1_6' title='bbox 398 489 673 544; x_wconf 71' lang='lat' dir='ltr'><strong>Romanas</strong></span> <span class='ocrx_word' id='word_1_7' title='bbox 704 490 846 544; x_wconf 84' lang='lat' dir='ltr'><strong>vires</strong></span> <span class='ocrx_word' id='word_1_8' title='bbox 873 489 1050 542; x_wconf 88' lang='lat' dir='ltr'><strong>denuo</strong></span> <span class='ocrx_word' id='word_1_9' title='bbox 1081 486 1322 556; x_wconf 74' lang='lat' dir='ltr'><strong>collegit,</strong></span> 
     </span>
    </p>
   </div>
   <div class='ocr_carea' id='block_1_3' title="bbox 398 567 1519 649">
    <p class='ocr_par' dir='ltr' id='par_1_3' title="bbox 398 567 1519 649">
     <span class='ocr_line' id='line_1_3' title="bbox 398 567 1519 649; baseline -0.006 -13"><span class='ocrx_word' id='word_1_10' title='bbox 398 595 637 649; x_wconf 76' lang='lat' dir='ltr'><strong>suosque</strong></span> <span class='ocrx_word' id='word_1_11' title='bbox 668 581 831 634; x_wconf 87' lang='lat' dir='ltr'><strong>duces</strong></span> <span class='ocrx_word' id='word_1_12' title='bbox 865 580 1057 633; x_wconf 92' lang='lat' dir='ltr'><strong>robore</strong></span> <span class='ocrx_word' id='word_1_13' title='bbox 1092 578 1422 648; x_wconf 71' lang='lat' dir='ltr'><strong>pi-zecipiios;</strong></span> <span class='ocrx_word' id='word_1_14' title='bbox 1515 567 1519 570; x_wconf 64' lang='grc'><strong>’</strong></span> 
     </span>
    </p>
   </div>
   <div class='ocr_carea' id='block_1_4' title="bbox 398 668 1452 740">
    <p class='ocr_par' dir='ltr' id='par_1_4' title="bbox 398 668 1452 740">
     <span class='ocr_line' id='line_1_4' title="bbox 398 668 1452 740; baseline -0.006 -14"><span class='ocrx_word' id='word_1_15' title='bbox 398 672 815 726; x_wconf 86' lang='lat' dir='ltr'><strong>Tarchaniotam</strong></span> <span class='ocrx_word' id='word_1_16' title='bbox 851 670 1057 724; x_wconf 88' lang='lat' dir='ltr'><strong>scilicet</strong></span> <span class='ocrx_word' id='word_1_17' title='bbox 1083 668 1452 740; x_wconf 79' lang='lat' dir='ltr'><strong>Nicephorum</strong></span> 
     </span>
    </p>
   </div>
   <div class='ocr_carea' id='block_1_5' title="bbox 402 762 1447 834">
    <p class='ocr_par' dir='ltr' id='par_1_5' title="bbox 402 762 1447 834">
     <span class='ocr_line' id='line_1_5' title="bbox 402 762 1447 834; baseline 0 -20"><span class='ocrx_word' id='word_1_18' title='bbox 402 780 596 818; x_wconf 86' lang='lat' dir='ltr'><strong>nomen</strong></span> <span class='ocrx_word' id='word_1_19' title='bbox 627 772 900 834; x_wconf 77' lang='lat' dir='ltr'><strong>gerentem</strong></span> <span class='ocrx_word' id='word_1_20' title='bbox 935 762 1146 816; x_wconf 90' lang='lat' dir='ltr'><strong>meritis</strong></span> <span class='ocrx_word' id='word_1_21' title='bbox 1175 763 1447 823; x_wconf 86' lang='lat' dir='ltr'><strong>idoneum,</strong></span> 
     </span>
    </p>
   </div>
   <div class='ocr_carea' id='block_1_6' title="bbox 397 852 1416 924">
    <p class='ocr_par' dir='ltr' id='par_1_6' title="bbox 397 852 1416 924">
     <span class='ocr_line' id='line_1_6' title="bbox 397 852 1416 924; baseline -0.003 -17"><span class='ocrx_word' id='word_1_22' title='bbox 397 856 528 924; x_wconf 77' lang='lat' dir='ltr'><strong>regii</strong></span> <span class='ocrx_word' id='word_1_23' title='bbox 564 855 880 923; x_wconf 79' lang='lat' dir='ltr'><strong>insignitum</strong></span> <span class='ocrx_word' id='word_1_24' title='bbox 914 855 1184 924; x_wconf 73' lang='lat' dir='ltr'><strong>pincerna:</strong></span> <span class='ocrx_word' id='word_1_25' title='bbox 1218 852 1416 916; x_wconf 82' lang='lat' dir='ltr'><strong>oﬂicio,</strong></span> 
     </span>
    </p>
   </div>
   <div class='ocr_carea' id='block_1_7' title="bbox 394 945 1557 1017">
    <p class='ocr_par' dir='ltr' id='par_1_7' title="bbox 394 945 1557 1017">
     <span class='ocr_line' id='line_1_7' title="bbox 394 945 1557 1017; baseline -0.002 -15"><span class='ocrx_word' id='word_1_26' title='bbox 394 947 787 1015; x_wconf 86' lang='lat' dir='ltr'><strong>domestieiqne</strong></span> <span class='ocrx_word' id='word_1_27' title='bbox 824 947 1007 1016; x_wconf 80' lang='lat' dir='ltr'><strong>magni</strong></span> <span class='ocrx_word' id='word_1_28' title='bbox 1043 955 1318 1017; x_wconf 75' lang='lat' dir='ltr'><strong>gerentem</strong></span> <span class='ocrx_word' id='word_1_29' title='bbox 1357 945 1504 1000; x_wconf 82' lang='lat' dir='ltr'><strong>vices</strong></span> <span class='ocrx_word' id='word_1_30' title='bbox 1543 963 1557 1000; x_wconf 92' lang='lat'>:</span> 
     </span>
    </p>
   </div>
   <div class='ocr_carea' id='block_1_8' title="bbox 395 1035 1480 1112">
    <p class='ocr_par' dir='ltr' id='par_1_8' title="bbox 395 1035 1480 1112">
     <span class='ocr_line' id='line_1_8' title="bbox 395 1035 1480 1112; baseline 0.002 -18"><span class='ocrx_word' id='word_1_31' title='bbox 395 1044 822 1112; x_wconf 74' lang='lat' dir='ltr'><strong>strategopulum</strong></span> <span class='ocrx_word' id='word_1_32' title='bbox 859 1052 1142 1097; x_wconf 85' lang='lat' dir='ltr'><strong>strenuum</strong></span> <span class='ocrx_word' id='word_1_33' title='bbox 1181 1035 1427 1096; x_wconf 78' lang='lat' dir='ltr'><strong>Alexinm</strong></span> <span class='ocrx_word' id='word_1_34' title='bbox 1467 1059 1480 1096; x_wconf 92' lang='lat'>:</span> 
     </span>
    </p>
   </div>
   <div class='ocr_carea' id='block_1_9' title="bbox 399 1133 1405 1203">
    <p class='ocr_par' dir='ltr' id='par_1_9' title="bbox 399 1133 1405 1203">
     <span class='ocr_line' id='line_1_9' title="bbox 399 1133 1405 1203; baseline 0.001 -17"><span class='ocrx_word' id='word_1_35' title='bbox 399 1135 566 1187; x_wconf 81' lang='lat' dir='ltr'><strong>tilium</strong></span> <span class='ocrx_word' id='word_1_36' title='bbox 607 1145 867 1203; x_wconf 63' lang='lat' dir='ltr'><strong>praeterea</strong></span> <span class='ocrx_word' id='word_1_37' title='bbox 906 1134 1083 1203; x_wconf 81' lang='lat' dir='ltr'><strong>magni</strong></span> <span class='ocrx_word' id='word_1_38' title='bbox 1121 1133 1405 1188; x_wconf 86' lang='lat' dir='ltr'><strong>domestici</strong></span> 
     </span>
    </p>
   </div>
   <div class='ocr_carea' id='block_1_10' title="bbox 398 1215 1656 1292">
    <p class='ocr_par' dir='ltr' id='par_1_10' title="bbox 398 1215 1656 1292">
     <span class='ocr_line' id='line_1_10' title="bbox 398 1215 1656 1292; baseline 0 -17"><span class='ocrx_word' id='word_1_39' title='bbox 398 1215 753 1290; x_wconf 69' lang='lat' dir='ltr'><strong>l’almolognm</strong></span> <span class='ocrx_word' id='word_1_40' title='bbox 791 1222 1105 1277; x_wconf 79' lang='lat' dir='ltr'><strong>Michaelem</strong></span> <span class='ocrx_word' id='word_1_41' title='bbox 1146 1223 1314 1276; x_wconf 83' lang='lat' dir='ltr'><strong>decus</strong></span> <span class='ocrx_word' id='word_1_42' title='bbox 1343 1224 1603 1292; x_wconf 84' lang='lat' dir='ltr'><strong>jnvenum</strong></span> <span class='ocrx_word' id='word_1_43' title='bbox 1642 1239 1656 1275; x_wconf 91' lang='lat'><strong>:</strong></span> 
     </span>
    </p>
   </div>
   <div class='ocr_carea' id='block_1_11' title="bbox 395 1313 1689 1392">
    <p class='ocr_par' dir='ltr' id='par_1_11' title="bbox 395 1313 1689 1392">
     <span class='ocr_line' id='line_1_11' title="bbox 395 1313 1689 1392; baseline 0.002 -29"><span class='ocrx_word' id='word_1_44' title='bbox 395 1318 616 1368; x_wconf 75' lang='lat' dir='ltr'><strong>domum</strong></span> <span class='ocrx_word' id='word_1_45' title='bbox 653 1315 951 1392; x_wconf 79' lang='lat' dir='ltr'><strong>Macrinum</strong></span> <span class='ocrx_word' id='word_1_46' title='bbox 989 1325 1043 1369; x_wconf 88' lang='lat' dir='ltr'><strong>et</strong></span> <span class='ocrx_word' id='word_1_47' title='bbox 1078 1323 1366 1385; x_wconf 83' lang='lat' dir='ltr'><strong>tyrannum</strong></span> <span class='ocrx_word' id='word_1_48' title='bbox 1407 1313 1689 1368; x_wconf 78' lang='lat' dir='ltr'><strong>lludelum.</strong></span> 
     </span>
    </p>
   </div>
   <div class='ocr_carea' id='block_1_12' title="bbox 399 1397 1486 1476">
    <p class='ocr_par' dir='ltr' id='par_1_12' title="bbox 399 1397 1486 1476">
     <span class='ocr_line' id='line_1_12' title="bbox 399 1397 1486 1476; baseline -0.002 -16"><span class='ocrx_word' id='word_1_49' title='bbox 399 1408 490 1462; x_wconf 85' lang='lat' dir='ltr'><strong>llis</strong></span> <span class='ocrx_word' id='word_1_50' title='bbox 523 1409 748 1462; x_wconf 87' lang='lat' dir='ltr'><strong>ducibus</strong></span> <span class='ocrx_word' id='word_1_51' title='bbox 783 1408 1016 1476; x_wconf 90' lang='lat' dir='ltr'><strong>stipatus</strong></span> <span class='ocrx_word' id='word_1_52' title='bbox 1051 1397 1213 1476; x_wconf 86' lang='lat' dir='ltr'><strong>atque</strong></span> <span class='ocrx_word' id='word_1_53' title='bbox 1246 1407 1486 1459; x_wconf 80' lang='lat' dir='ltr'><strong>exercitu</strong></span> 
     </span>
    </p>
   </div>
   <div class='ocr_carea' id='block_1_13' title="bbox 396 1497 1564 1552">
    <p class='ocr_par' dir='ltr' id='par_1_13' title="bbox 396 1497 1564 1552">
     <span class='ocr_line' id='line_1_13' title="bbox 396 1497 1564 1552; baseline 0 -2"><span class='ocrx_word' id='word_1_54' title='bbox 396 1498 840 1552; x_wconf 78' lang='lat' dir='ltr'><strong>Thessalonicam</strong></span> <span class='ocrx_word' id='word_1_55' title='bbox 878 1497 1105 1551; x_wconf 91' lang='lat' dir='ltr'><strong>contulit</strong></span> <span class='ocrx_word' id='word_1_56' title='bbox 1139 1512 1198 1550; x_wconf 91' lang='lat' dir='ltr'><strong>se</strong></span> <span class='ocrx_word' id='word_1_57' title='bbox 1232 1497 1285 1550; x_wconf 91' lang='lat' dir='ltr'><strong>in</strong></span> <span class='ocrx_word' id='word_1_58' title='bbox 1323 1498 1509 1551; x_wconf 89' lang='lat' dir='ltr'><strong>urbem</strong></span> <span class='ocrx_word' id='word_1_59' title='bbox 1551 1515 1564 1550; x_wconf 89' lang='lat'><strong><em>:</em></strong></span> 
     </span>
    </p>
   </div>
   <div class='ocr_carea' id='block_1_14' title="bbox 396 1591 1720 1661">
    <p class='ocr_par' dir='ltr' id='par_1_14' title="bbox 396 1591 1720 1661">
     <span class='ocr_line' id='line_1_14' title="bbox 396 1591 1720 1661; baseline -0.002 -19"><span class='ocrx_word' id='word_1_60' title='bbox 396 1600 557 1658; x_wconf 84' lang='lat' dir='ltr'><strong>atque</strong></span> <span class='ocrx_word' id='word_1_61' title='bbox 593 1591 739 1646; x_wconf 93' lang='lat' dir='ltr'><strong>illinc</strong></span> <span class='ocrx_word' id='word_1_62' title='bbox 773 1605 1005 1661; x_wconf 75' lang='lat' dir='ltr'><strong>pergens</strong></span> <span class='ocrx_word' id='word_1_63' title='bbox 1040 1592 1104 1645; x_wconf 89' lang='lat' dir='ltr'><strong>ad</strong></span> <span class='ocrx_word' id='word_1_64' title='bbox 1143 1591 1413 1645; x_wconf 85' lang='lat' dir='ltr'><strong>Bodenum</strong></span> <span class='ocrx_word' id='word_1_65' title='bbox 1453 1600 1720 1654; x_wconf 84' lang='lat' dir='ltr'><strong>castrum,</strong></span> 
     </span>
    </p>
   </div>
   <div class='ocr_carea' id='block_1_15' title="bbox 397 1681 1292 1752">
    <p class='ocr_par' dir='ltr' id='par_1_15' title="bbox 397 1681 1292 1752">
     <span class='ocr_line' id='line_1_15' title="bbox 397 1681 1292 1752; baseline 0.001 -21"><span class='ocrx_word' id='word_1_66' title='bbox 397 1683 469 1736; x_wconf 87' lang='lat' dir='ltr'><strong>ibi</strong></span> <span class='ocrx_word' id='word_1_67' title='bbox 503 1682 693 1735; x_wconf 82' lang='lat' dir='ltr'><strong>deﬁxit</strong></span> <span class='ocrx_word' id='word_1_68' title='bbox 732 1681 940 1752; x_wconf 74' lang='lat' dir='ltr'><strong>regium</strong></span> <span class='ocrx_word' id='word_1_69' title='bbox 980 1682 1292 1745; x_wconf 88' lang='lat' dir='ltr'><strong>tentorium,</strong></span> 
     </span>
    </p>
   </div>
   <div class='ocr_carea' id='block_1_16' title="bbox 395 1775 1514 1845">
    <p class='ocr_par' dir='ltr' id='par_1_16' title="bbox 395 1775 1514 1845">
     <span class='ocr_line' id='line_1_16' title="bbox 395 1775 1514 1845; baseline 0.006 -23"><span class='ocrx_word' id='word_1_70' title='bbox 395 1775 594 1842; x_wconf 84' lang='lat' dir='ltr'><strong>diuque</strong></span> <span class='ocrx_word' id='word_1_71' title='bbox 632 1775 830 1829; x_wconf 69' lang='lat' dir='ltr'><strong>mmnia</strong></span> <span class='ocrx_word' id='word_1_72' title='bbox 870 1785 1118 1843; x_wconf 84' lang='lat' dir='ltr'><strong>perstans</strong></span> <span class='ocrx_word' id='word_1_73' title='bbox 1151 1777 1514 1845; x_wconf 80' lang='lat' dir='ltr'><strong>oppugnabat.</strong></span> 
     </span>
    </p>
   </div>
   <div class='ocr_carea' id='block_1_17' title="bbox 397 1863 1398 1921">
    <p class='ocr_par' dir='ltr' id='par_1_17' title="bbox 397 1863 1398 1921">
     <span class='ocr_line' id='line_1_17' title="bbox 397 1863 1398 1921; baseline 0.003 -2"><span class='ocrx_word' id='word_1_74' title='bbox 397 1867 500 1919; x_wconf 86' lang='lat' dir='ltr'><strong>Sed</strong></span> <span class='ocrx_word' id='word_1_75' title='bbox 535 1865 855 1920; x_wconf 83' lang='lat' dir='ltr'><strong>Theodorus</strong></span> <span class='ocrx_word' id='word_1_76' title='bbox 889 1867 1134 1920; x_wconf 86' lang='lat' dir='ltr'><strong>evolarat</strong></span> <span class='ocrx_word' id='word_1_77' title='bbox 1169 1883 1294 1921; x_wconf 88' lang='lat' dir='ltr'><strong>arce</strong></span> <span class='ocrx_word' id='word_1_78' title='bbox 1395 1863 1398 1866; x_wconf 67' lang='grc'><strong>’</strong></span> 
     </span>
    </p>
   </div>
   <div class='ocr_carea' id='block_1_18' title="bbox 395 1959 1496 2027">
    <p class='ocr_par' dir='ltr' id='par_1_18' title="bbox 395 1959 1496 2027">
     <span class='ocr_line' id='line_1_18' title="bbox 395 1959 1496 2027; baseline 0.006 -19"><span class='ocrx_word' id='word_1_79' title='bbox 395 1960 459 2008; x_wconf 84' lang='lat' dir='ltr'><strong>ad</strong></span> <span class='ocrx_word' id='word_1_80' title='bbox 498 1959 813 2013; x_wconf 85' lang='lat' dir='ltr'><strong>Michaelem</strong></span> <span class='ocrx_word' id='word_1_81' title='bbox 848 1960 1124 2027; x_wconf 88' lang='lat' dir='ltr'><strong>despotam</strong></span> <span class='ocrx_word' id='word_1_82' title='bbox 1164 1960 1496 2027; x_wconf 80' lang='lat' dir='ltr'><strong>profugiens.</strong></span> 
     </span>
    </p>
   </div>
   <div class='ocr_carea' id='block_1_19' title="bbox 399 2048 1460 2112">
    <p class='ocr_par' dir='ltr' id='par_1_19' title="bbox 399 2048 1460 2112">
     <span class='ocr_line' id='line_1_19' title="bbox 399 2048 1460 2112; baseline 0.003 -11"><span class='ocrx_word' id='word_1_83' title='bbox 399 2049 518 2102; x_wconf 78' lang='lat' dir='ltr'><strong>Mox</strong></span> <span class='ocrx_word' id='word_1_84' title='bbox 559 2049 623 2102; x_wconf 87' lang='lat' dir='ltr'><strong>ad</strong></span> <span class='ocrx_word' id='word_1_85' title='bbox 662 2048 876 2104; x_wconf 89' lang='lat' dir='ltr'><strong>Ostrobi</strong></span> <span class='ocrx_word' id='word_1_86' title='bbox 912 2051 1089 2104; x_wconf 88' lang='lat' dir='ltr'><strong>lacum</strong></span> <span class='ocrx_word' id='word_1_87' title='bbox 1128 2050 1223 2103; x_wconf 83' lang='lat' dir='ltr'><strong>ivit</strong></span> <span class='ocrx_word' id='word_1_88' title='bbox 1257 2048 1460 2112; x_wconf 75' lang='lat' dir='ltr'><strong>Cesar,</strong></span> 
     </span>
    </p>
   </div>
   <div class='ocr_carea' id='block_1_20' title="bbox 395 2141 1556 2212">
    <p class='ocr_par' dir='ltr' id='par_1_20' title="bbox 395 2141 1556 2212">
     <span class='ocr_line' id='line_1_20' title="bbox 395 2141 1556 2212; baseline 0.009 -25"><span class='ocrx_word' id='word_1_89' title='bbox 395 2141 801 2212; x_wconf 71' lang='lat' dir='ltr'><strong>exercitumque</strong></span> <span class='ocrx_word' id='word_1_90' title='bbox 836 2141 985 2195; x_wconf 89' lang='lat' dir='ltr'><strong>misit</strong></span> <span class='ocrx_word' id='word_1_91' title='bbox 1020 2153 1209 2196; x_wconf 77' lang='lat' dir='ltr'><strong>contra</strong></span> <span class='ocrx_word' id='word_1_92' title='bbox 1249 2142 1556 2210; x_wconf 81' lang='lat' dir='ltr'><strong>despmam.</strong></span> 
     </span>
    </p>
   </div>
   <div class='ocr_carea' id='block_1_21' title="bbox 396 2213 1506 2312">
    <p class='ocr_par' dir='ltr' id='par_1_21' title="bbox 396 2213 1506 2312">
     <span class='ocr_line' id='line_1_21' title="bbox 396 2213 1506 2312; baseline 0.005 -28"><span class='ocrx_word' id='word_1_93' title='bbox 396 2231 563 2285; x_wconf 81' lang='lat' dir='ltr'><strong>Paulo</strong></span> <span class='ocrx_word' id='word_1_94' title='bbox 600 2241 716 2298; x_wconf 89' lang='lat' dir='ltr'><strong>post</strong></span> <span class='ocrx_word' id='word_1_95' title='bbox 751 2233 902 2287; x_wconf 87' lang='lat' dir='ltr'><strong>venit</strong></span> <span class='ocrx_word' id='word_1_96' title='bbox 937 2213 1245 2312; x_wconf 68' lang='lat' dir='ltr'><strong>insperatus</strong></span> <span class='ocrx_word' id='word_1_97' title='bbox 1284 2217 1506 2289; x_wconf 76' lang='lat' dir='ltr'><strong>Iunilius</strong></span> 
     </span>
    </p>
   </div>
   <div class='ocr_carea' id='block_1_22' title="bbox 395 2324 1574 2396">
    <p class='ocr_par' dir='ltr' id='par_1_22' title="bbox 395 2324 1574 2396">
     <span class='ocr_line' id='line_1_22' title="bbox 395 2324 1574 2396; baseline 0.001 -19"><span class='ocrx_word' id='word_1_98' title='bbox 395 2327 461 2377; x_wconf 84' lang='lat' dir='ltr'><strong>ad</strong></span> <span class='ocrx_word' id='word_1_99' title='bbox 496 2326 815 2380; x_wconf 90' lang='lat' dir='ltr'><strong>comitatum</strong></span> <span class='ocrx_word' id='word_1_100' title='bbox 853 2327 1086 2379; x_wconf 64' lang='lat' dir='ltr'><strong>Caesaris</strong></span> <span class='ocrx_word' id='word_1_101' title='bbox 1121 2324 1322 2381; x_wconf 84' lang='lat' dir='ltr'><strong>Glabas</strong></span> <span class='ocrx_word' id='word_1_102' title='bbox 1355 2327 1574 2396; x_wconf 87' lang='lat' dir='ltr'><strong>quidam</strong></span> 
     </span>
    </p>
   </div>
   <div class='ocr_carea' id='block_1_23' title="bbox 399 2416 1488 2484">
    <p class='ocr_par' dir='ltr' id='par_1_23' title="bbox 399 2416 1488 2484">
     <span class='ocr_line' id='line_1_23' title="bbox 399 2416 1488 2484; baseline 0.007 -18"><span class='ocrx_word' id='word_1_103' title='bbox 399 2425 606 2480; x_wconf 62' lang='lat' dir='ltr'><strong>gratam</strong></span> <span class='ocrx_word' id='word_1_104' title='bbox 643 2416 888 2470; x_wconf 88' lang='lat' dir='ltr'><strong>Castoria</strong></span> <span class='ocrx_word' id='word_1_105' title='bbox 927 2418 1168 2472; x_wconf 80' lang='lat' dir='ltr'><strong>referens</strong></span> <span class='ocrx_word' id='word_1_106' title='bbox 1207 2420 1488 2484; x_wconf 81' lang='lat' dir='ltr'><strong>nclitiam;</strong></span> 
     </span>
    </p>
   </div>
   <div class='ocr_carea' id='block_1_24' title="bbox 400 2508 1538 2580">
    <p class='ocr_par' dir='ltr' id='par_1_24' title="bbox 400 2508 1538 2580">
     <span class='ocr_line' id='line_1_24' title="bbox 400 2508 1538 2580; baseline 0.007 -22"><span class='ocrx_word' id='word_1_107' title='bbox 400 2508 669 2578; x_wconf 73' lang='lat' dir='ltr'><strong>simulque</strong></span> <span class='ocrx_word' id='word_1_108' title='bbox 702 2511 1040 2580; x_wconf 83' lang='lat' dir='ltr'><strong>Petraliphas</strong></span> <span class='ocrx_word' id='word_1_109' title='bbox 1074 2521 1292 2567; x_wconf 91' lang='lat' dir='ltr'><strong>senator</strong></span> <span class='ocrx_word' id='word_1_110' title='bbox 1326 2513 1538 2574; x_wconf 74' lang='lat' dir='ltr'><strong>nobilis,</strong></span> 
     </span>
    </p>
   </div>
   <div class='ocr_carea' id='block_1_25' title="bbox 396 2593 1436 2672">
    <p class='ocr_par' dir='ltr' id='par_1_25' title="bbox 396 2593 1436 2672">
     <span class='ocr_line' id='line_1_25' title="bbox 396 2593 1436 2672; baseline 0.007 -22"><span class='ocrx_word' id='word_1_111' title='bbox 396 2601 486 2667; x_wconf 81' lang='lat' dir='ltr'><strong>qui</strong></span> <span class='ocrx_word' id='word_1_112' title='bbox 525 2593 782 2655; x_wconf 81' lang='lat' dir='ltr'><strong>Demetrii</strong></span> <span class='ocrx_word' id='word_1_113' title='bbox 819 2601 1067 2659; x_wconf 65' lang='lat' dir='ltr'><strong>Tornicaa</strong></span> <span class='ocrx_word' id='word_1_114' title='bbox 1103 2605 1436 2672; x_wconf 70' lang='lat' dir='ltr'><strong>gener‘erat,</strong></span> 
     </span>
    </p>
   </div>
   <div class='ocr_carea' id='block_1_26' title="bbox 371 2678 1457 2762">
    <p class='ocr_par' dir='ltr' id='par_1_26' title="bbox 371 2678 1457 2762">
     <span class='ocr_line' id='line_1_26' title="bbox 371 2678 1457 2762; baseline 0.008 -20"><span class='ocrx_word' id='word_1_115' title='bbox 371 2701 452 2742; x_wconf 82' lang='lat' dir='ltr'><strong>~et</strong></span> <span class='ocrx_word' id='word_1_116' title='bbox 483 2689 765 2746; x_wconf 82' lang='lat' dir='ltr'><strong>Michaelis</strong></span> <span class='ocrx_word' id='word_1_117' title='bbox 799 2678 1036 2762; x_wconf 74' lang='lat' dir='ltr'><strong>despotze</strong></span> <span class='ocrx_word' id='word_1_118' title='bbox 1075 2685 1226 2750; x_wconf 80' lang='lat' dir='ltr'><strong>uxori</strong></span> <span class='ocrx_word' id='word_1_119' title='bbox 1266 2695 1457 2751; x_wconf 78' lang='lat' dir='ltr'><strong>frater.</strong></span> 
     </span>
    </p>
   </div>
   <div class='ocr_carea' id='block_1_27' title="bbox 402 2778 1709 2857">
    <p class='ocr_par' dir='ltr' id='par_1_27' title="bbox 402 2778 1709 2857">
     <span class='ocr_line' id='line_1_27' title="bbox 402 2778 1709 2857; baseline 0.005 -23"><span class='ocrx_word' id='word_1_120' title='bbox 402 2778 469 2834; x_wconf 89' lang='lat' dir='ltr'><strong>Ut</strong></span> <span class='ocrx_word' id='word_1_121' title='bbox 502 2797 631 2853; x_wconf 81' lang='lat' dir='ltr'><strong>ergo</strong></span> <span class='ocrx_word' id='word_1_122' title='bbox 666 2784 731 2836; x_wconf 90' lang='lat' dir='ltr'><strong>ad</strong></span> <span class='ocrx_word' id='word_1_123' title='bbox 769 2784 1036 2840; x_wconf 72' lang='lat' dir='ltr'><strong>(la-sarem</strong></span> <span class='ocrx_word' id='word_1_124' title='bbox 1075 2789 1315 2856; x_wconf 81' lang='lat' dir='ltr'><strong>pervenit</strong></span> <span class='ocrx_word' id='word_1_125' title='bbox 1353 2787 1709 2857; x_wconf 73' lang='lat' dir='ltr'><strong>Petralipbas,</strong></span> 
     </span>
    </p>
   </div>
   <div class='ocr_carea' id='block_1_28' title="bbox 394 2871 1570 2950">
    <p class='ocr_par' dir='ltr' id='par_1_28' title="bbox 394 2871 1570 2950">
     <span class='ocr_line' id='line_1_28' title="bbox 394 2871 1570 2950; baseline 0.006 -24"><span class='ocrx_word' id='word_1_126' title='bbox 394 2874 572 2939; x_wconf 84' lang='lat' dir='ltr'><strong>ipsum</strong></span> <span class='ocrx_word' id='word_1_127' title='bbox 610 2871 1016 2947; x_wconf 72' lang='lat' dir='ltr'><strong>exercitumque</strong></span> <span class='ocrx_word' id='word_1_128' title='bbox 1052 2879 1290 2947; x_wconf 81' lang='lat' dir='ltr'><strong>implevit</strong></span> <span class='ocrx_word' id='word_1_129' title='bbox 1326 2881 1521 2950; x_wconf 82' lang='lat' dir='ltr'><strong>gaudio</strong></span> <span class='ocrx_word' id='word_1_130' title='bbox 1557 2899 1570 2933; x_wconf 88' lang='lat'><strong>:</strong></span> 
     </span>
    </p>
   </div>
   <div class='ocr_carea' id='block_1_29' title="bbox 393 2966 1446 3031">
    <p class='ocr_par' dir='ltr' id='par_1_29' title="bbox 393 2966 1446 3031">
     <span class='ocr_line' id='line_1_29' title="bbox 393 2966 1446 3031; baseline 0.009 -17"><span class='ocrx_word' id='word_1_131' title='bbox 393 2966 467 3017; x_wconf 81' lang='lat' dir='ltr'><strong>ait</strong></span> <span class='ocrx_word' id='word_1_132' title='bbox 497 2967 664 3031; x_wconf 87' lang='lat' dir='ltr'><strong>enim,</strong></span> <span class='ocrx_word' id='word_1_133' title='bbox 697 2967 838 3022; x_wconf 90' lang='lat' dir='ltr'><strong>illico</strong></span> <span class='ocrx_word' id='word_1_134' title='bbox 873 2969 1105 3024; x_wconf 83' lang='lat' dir='ltr'><strong>deditam</strong></span> <span class='ocrx_word' id='word_1_135' title='bbox 1142 2969 1446 3025; x_wconf 84' lang='lat' dir='ltr'><strong>Castoriam</strong></span> 
     </span>
    </p>
   </div>
   <div class='ocr_carea' id='block_1_30' title="bbox 392 3061 1586 3118">
    <p class='ocr_par' dir='ltr' id='par_1_30' title="bbox 392 3061 1586 3118">
     <span class='ocr_line' id='line_1_30' title="bbox 392 3061 1586 3118; baseline 0.008 -12"><span class='ocrx_word' id='word_1_136' title='bbox 392 3072 514 3110; x_wconf 88' lang='lat' dir='ltr'><strong>cum</strong></span> <span class='ocrx_word' id='word_1_137' title='bbox 554 3061 827 3113; x_wconf 86' lang='lat' dir='ltr'><strong>territorio</strong></span> <span class='ocrx_word' id='word_1_138' title='bbox 863 3071 1064 3116; x_wconf 90' lang='lat' dir='ltr'><strong>cuncto</strong></span> <span class='ocrx_word' id='word_1_139' title='bbox 1100 3072 1153 3115; x_wconf 85' lang='lat' dir='ltr'><strong>et</strong></span> <span class='ocrx_word' id='word_1_140' title='bbox 1185 3078 1304 3115; x_wconf 90' lang='lat' dir='ltr'><strong>cum</strong></span> <span class='ocrx_word' id='word_1_141' title='bbox 1346 3063 1586 3118; x_wconf 74' lang='lat' dir='ltr'><strong>Deaboli.</strong></span> 
     </span>
    </p>
   </div>
   <div class='ocr_carea' id='block_1_31' title="bbox 392 3146 1390 3206">
    <p class='ocr_par' dir='ltr' id='par_1_31' title="bbox 392 3146 1390 3206">
     <span class='ocr_line' id='line_1_31' title="bbox 392 3146 1390 3206; baseline 0.008 -8"><span class='ocrx_word' id='word_1_142' title='bbox 392 3146 683 3203; x_wconf 75' lang='lat' dir='ltr'><strong>tioleamus</strong></span> <span class='ocrx_word' id='word_1_143' title='bbox 717 3150 877 3202; x_wconf 87' lang='lat' dir='ltr'><strong>etiam</strong></span> <span class='ocrx_word' id='word_1_144' title='bbox 916 3151 1110 3204; x_wconf 83' lang='lat' dir='ltr'><strong>nobilis</strong></span> <span class='ocrx_word' id='word_1_145' title='bbox 1148 3151 1390 3206; x_wconf 80' lang='lat' dir='ltr'><strong>Albanus</strong></span> 
     </span>
    </p>
   </div>
   <div class='ocr_carea' id='block_1_32' title="bbox 395 3239 1537 3306">
    <p class='ocr_par' dir='ltr' id='par_1_32' title="bbox 395 3239 1537 3306">
     <span class='ocr_line' id='line_1_32' title="bbox 395 3239 1537 3306; baseline 0.006 -16"><span class='ocrx_word' id='word_1_146' title='bbox 395 3240 598 3306; x_wconf 66' lang='lat' dir='ltr'><strong>reginae</strong></span> <span class='ocrx_word' id='word_1_147' title='bbox 637 3239 815 3294; x_wconf 90' lang='lat' dir='ltr'><strong>lrenes</strong></span> <span class='ocrx_word' id='word_1_148' title='bbox 851 3251 1064 3306; x_wconf 79' lang='lat' dir='ltr'><strong>neptem</strong></span> <span class='ocrx_word' id='word_1_149' title='bbox 1104 3243 1155 3294; x_wconf 91' lang='lat' dir='ltr'><strong>in</strong></span> <span class='ocrx_word' id='word_1_150' title='bbox 1191 3245 1537 3297; x_wconf 86' lang='lat' dir='ltr'><strong>matrimonio</strong></span> 
     </span>
    </p>
   </div>
   <div class='ocr_carea' id='block_1_33' title="bbox 395 3331 1509 3398">
    <p class='ocr_par' dir='ltr' id='par_1_33' title="bbox 395 3331 1509 3398">
     <span class='ocr_line' id='line_1_33' title="bbox 395 3331 1509 3398; baseline 0.005 -16"><span class='ocrx_word' id='word_1_151' title='bbox 395 3331 600 3384; x_wconf 88' lang='lat' dir='ltr'><strong>habens</strong></span> <span class='ocrx_word' id='word_1_152' title='bbox 637 3333 983 3398; x_wconf 82' lang='lat' dir='ltr'><strong>desponsam,</strong></span> <span class='ocrx_word' id='word_1_153' title='bbox 1015 3335 1273 3389; x_wconf 86' lang='lat' dir='ltr'><strong>invitatus</strong></span> <span class='ocrx_word' id='word_1_154' title='bbox 1310 3335 1509 3390; x_wconf 86' lang='lat' dir='ltr'><strong>litteris</strong></span> 
     </span>
    </p>
   </div>
   <div class='ocr_carea' id='block_1_34' title="bbox 395 3421 1571 3492">
    <p class='ocr_par' dir='ltr' id='par_1_34' title="bbox 395 3421 1571 3492">
     <span class='ocr_line' id='line_1_34' title="bbox 395 3421 1571 3492; baseline 0.007 -20"><span class='ocrx_word' id='word_1_155' title='bbox 395 3421 585 3476; x_wconf 90' lang='lat' dir='ltr'><strong>lubens</strong></span> <span class='ocrx_word' id='word_1_156' title='bbox 619 3425 684 3476; x_wconf 84' lang='lat' dir='ltr'><strong>ad</strong></span> <span class='ocrx_word' id='word_1_157' title='bbox 723 3439 910 3492; x_wconf 89' lang='lat' dir='ltr'><strong>pacem</strong></span> <span class='ocrx_word' id='word_1_158' title='bbox 947 3423 1370 3480; x_wconf 76' lang='lat' dir='ltr'><strong>confirmandam</strong></span> <span class='ocrx_word' id='word_1_159' title='bbox 1406 3428 1571 3482; x_wconf 88' lang='lat' dir='ltr'><strong>venit.</strong></span> 
     </span>
    </p>
   </div>
   <div class='ocr_carea' id='block_1_35' title="bbox 395 3514 1546 3588">
    <p class='ocr_par' dir='ltr' id='par_1_35' title="bbox 395 3514 1546 3588">
     <span class='ocr_line' id='line_1_35' title="bbox 395 3514 1546 3588; baseline 0.006 -23"><span class='ocrx_word' id='word_1_160' title='bbox 395 3517 539 3580; x_wconf 77' lang='lat' dir='ltr'><strong>Quos</strong></span> <span class='ocrx_word' id='word_1_161' title='bbox 571 3529 760 3568; x_wconf 87' lang='lat' dir='ltr'><strong>omnes</strong></span> <span class='ocrx_word' id='word_1_162' title='bbox 792 3514 975 3570; x_wconf 73' lang='lat' dir='ltr'><strong>szsar</strong></span> <span class='ocrx_word' id='word_1_163' title='bbox 1009 3516 1255 3569; x_wconf 83' lang='lat' dir='ltr'><strong>benivole</strong></span> <span class='ocrx_word' id='word_1_164' title='bbox 1291 3527 1546 3588; x_wconf 77' lang='lat' dir='ltr'><strong>exceptos</strong></span> 
     </span>
    </p>
   </div>
   <div class='ocr_carea' id='block_1_36' title="bbox 396 3607 1346 3664">
    <p class='ocr_par' dir='ltr' id='par_1_36' title="bbox 396 3607 1346 3664">
     <span class='ocr_line' id='line_1_36' title="bbox 396 3607 1346 3664; baseline 0.006 -6"><span class='ocrx_word' id='word_1_165' title='bbox 396 3607 578 3661; x_wconf 88' lang='lat' dir='ltr'><strong>multis</strong></span> <span class='ocrx_word' id='word_1_166' title='bbox 613 3607 830 3661; x_wconf 86' lang='lat' dir='ltr'><strong>ornavit</strong></span> <span class='ocrx_word' id='word_1_167' title='bbox 862 3608 1006 3662; x_wconf 92' lang='lat' dir='ltr'><strong>ultro</strong></span> <span class='ocrx_word' id='word_1_168' title='bbox 1047 3609 1346 3664; x_wconf 74' lang='lat' dir='ltr'><strong>beneficiis.</strong></span> 
     </span>
    </p>
   </div>
   <div class='ocr_carea' id='block_1_37' title="bbox 396 3697 1424 3767">
    <p class='ocr_par' dir='ltr' id='par_1_37' title="bbox 396 3697 1424 3767">
     <span class='ocr_line' id='line_1_37' title="bbox 396 3697 1424 3767; baseline 0.001 -16"><span class='ocrx_word' id='word_1_169' title='bbox 396 3697 497 3752; x_wconf 87' lang='lat' dir='ltr'><strong>Ubi</strong></span> <span class='ocrx_word' id='word_1_170' title='bbox 535 3700 647 3753; x_wconf 64' lang='lat' dir='ltr'><strong>haec</strong></span> <span class='ocrx_word' id='word_1_171' title='bbox 685 3699 904 3753; x_wconf 83' lang='lat' dir='ltr'><strong>rescivit</strong></span> <span class='ocrx_word' id='word_1_172' title='bbox 941 3698 1167 3752; x_wconf 85' lang='lat' dir='ltr'><strong>Michael</strong></span> <span class='ocrx_word' id='word_1_173' title='bbox 1206 3701 1424 3767; x_wconf 79' lang='lat' dir='ltr'><strong>deSpota</strong></span> 
     </span>
    </p>
   </div>
   <div class='ocr_carea' id='block_1_38' title="bbox 395 3789 1465 3860">
    <p class='ocr_par' dir='ltr' id='par_1_38' title="bbox 395 3789 1465 3860">
     <span class='ocr_line' id='line_1_38' title="bbox 395 3789 1465 3860; baseline 0.001 -17"><span class='ocrx_word' id='word_1_174' title='bbox 395 3791 539 3844; x_wconf 86' lang='lat' dir='ltr'><strong>misit</strong></span> <span class='ocrx_word' id='word_1_175' title='bbox 570 3791 798 3860; x_wconf 77' lang='lat' dir='ltr'><strong>legatos,</strong></span> <span class='ocrx_word' id='word_1_176' title='bbox 829 3790 1088 3859; x_wconf 82' lang='lat' dir='ltr'><strong>Naupacti</strong></span> <span class='ocrx_word' id='word_1_177' title='bbox 1125 3789 1465 3858; x_wconf 66' lang='lat' dir='ltr'><strong>cpiSCOpum,</strong></span> 
     </span>
    </p>
   </div>
   <div class='ocr_carea' id='block_1_39' title="bbox 395 3871 1514 3956">
    <p class='ocr_par' dir='ltr' id='par_1_39' title="bbox 395 3871 1514 3956">
     <span class='ocr_line' id='line_1_39' title="bbox 395 3871 1514 3956; baseline -0.002 -14"><span class='ocrx_word' id='word_1_178' title='bbox 395 3888 626 3942; x_wconf 89' lang='lat' dir='ltr'><strong>nobilem</strong></span> <span class='ocrx_word' id='word_1_179' title='bbox 663 3871 1038 3952; x_wconf 78' lang='lat' dir='ltr'><strong>Maliasenum,</strong></span> <span class='ocrx_word' id='word_1_180' title='bbox 1068 3902 1129 3942; x_wconf 81' lang='lat' dir='ltr'><strong>ac</strong></span> <span class='ocrx_word' id='word_1_181' title='bbox 1167 3887 1514 3956; x_wconf 85' lang='lat' dir='ltr'><strong>Lampetcm;</strong></span> 
     </span>
    </p>
   </div>
   <div class='ocr_carea' id='block_1_40' title="bbox 393 3979 1605 4048">
    <p class='ocr_par' dir='ltr' id='par_1_40' title="bbox 393 3979 1605 4048">
     <span class='ocr_line' id='line_1_40' title="bbox 393 3979 1605 4048; baseline 0.002 -16"><span class='ocrx_word' id='word_1_182' title='bbox 393 3983 482 4048; x_wconf 86' lang='lat' dir='ltr'><strong>qui</strong></span> <span class='ocrx_word' id='word_1_183' title='bbox 521 3980 860 4034; x_wconf 88' lang='lat' dir='ltr'><strong>conditiones</strong></span> <span class='ocrx_word' id='word_1_184' title='bbox 901 3983 1182 4034; x_wconf 82' lang='lat' dir='ltr'><strong>ﬁrmarunt</strong></span> <span class='ocrx_word' id='word_1_185' title='bbox 1213 3996 1333 4034; x_wconf 89' lang='lat' dir='ltr'><strong>cum</strong></span> <span class='ocrx_word' id='word_1_186' title='bbox 1371 3979 1605 4036; x_wconf 71' lang='lat' dir='ltr'><strong>Czcsarc.</strong></span> 
     </span>
    </p>
   </div>
   <div class='ocr_carea' id='block_1_41' title="bbox 393 4071 1454 4140">
    <p class='ocr_par' dir='ltr' id='par_1_41' title="bbox 393 4071 1454 4140">
     <span class='ocr_line' id='line_1_41' title="bbox 393 4071 1454 4140; baseline 0 -17"><span class='ocrx_word' id='word_1_187' title='bbox 393 4072 562 4140; x_wconf 76' lang='lat' dir='ltr'><strong>Igitur</strong></span> <span class='ocrx_word' id='word_1_188' title='bbox 593 4071 816 4126; x_wconf 82' lang='lat' dir='ltr'><strong>Michael</strong></span> <span class='ocrx_word' id='word_1_189' title='bbox 853 4071 1125 4140; x_wconf 81' lang='lat' dir='ltr'><strong>l’rilapum</strong></span> <span class='ocrx_word' id='word_1_190' title='bbox 1162 4073 1454 4135; x_wconf 81' lang='lat' dir='ltr'><strong>concessit,</strong></span> 
     </span>
    </p>
   </div>
   <div class='ocr_carea' id='block_1_42' title="bbox 394 4163 1447 4242">
    <p class='ocr_par' dir='ltr' id='par_1_42' title="bbox 394 4163 1447 4230">
     <span class='ocr_line' id='line_1_42' title="bbox 394 4163 1447 4230; baseline 0.002 -14"><span class='ocrx_word' id='word_1_191' title='bbox 394 4163 694 4230; x_wconf 83' lang='lat' dir='ltr'><strong>Belessum,</strong></span> <span class='ocrx_word' id='word_1_192' title='bbox 723 4166 913 4228; x_wconf 83' lang='lat' dir='ltr'><strong>Croas,</strong></span> <span class='ocrx_word' id='word_1_193' title='bbox 939 4166 1130 4220; x_wconf 79' lang='lat' dir='ltr'><strong>diIiOui</strong></span> <span class='ocrx_word' id='word_1_194' title='bbox 1169 4181 1447 4220; x_wconf 59' lang='lat' dir='ltr'><strong>caesareze.</strong></span> 
     </span>
    </p>
   </div>
   <div class='ocr_carea' id='block_1_43' title="bbox 392 4255 1514 4326">
    <p class='ocr_par' dir='ltr' id='par_1_43' title="bbox 392 4255 1514 4326">
     <span class='ocr_line' id='line_1_43' title="bbox 392 4255 1514 4326; baseline 0.001 -17"><span class='ocrx_word' id='word_1_195' title='bbox 392 4255 585 4311; x_wconf 83' lang='lat' dir='ltr'><strong>Postea</strong></span> <span class='ocrx_word' id='word_1_196' title='bbox 620 4258 960 4326; x_wconf 86' lang='lat' dir='ltr'><strong>subscriptas</strong></span> <span class='ocrx_word' id='word_1_197' title='bbox 997 4258 1140 4311; x_wconf 82' lang='lat' dir='ltr'><strong>misit</strong></span> <span class='ocrx_word' id='word_1_198' title='bbox 1174 4257 1514 4312; x_wconf 83' lang='lat' dir='ltr'><strong>conditiones</strong></span> 
     </span>
    </p>
   </div>
   <div class='ocr_carea' id='block_1_44' title="bbox 393 4347 1463 4417">
    <p class='ocr_par' dir='ltr' id='par_1_44' title="bbox 393 4347 1463 4417">
     <span class='ocr_line' id='line_1_44' title="bbox 393 4347 1463 4417; baseline 0.001 -18"><span class='ocrx_word' id='word_1_199' title='bbox 393 4348 458 4402; x_wconf 91' lang='lat' dir='ltr'><strong>ad</strong></span> <span class='ocrx_word' id='word_1_200' title='bbox 494 4347 812 4402; x_wconf 79' lang='lat' dir='ltr'><strong>Michaelem</strong></span> <span class='ocrx_word' id='word_1_201' title='bbox 845 4348 1128 4415; x_wconf 62' lang='lat' dir='ltr'><strong>&#39;despotam</strong></span> <span class='ocrx_word' id='word_1_202' title='bbox 1169 4348 1463 4417; x_wconf 88' lang='lat' dir='ltr'><strong>imperator</strong></span> 
     </span>
    </p>
   </div>
   <div class='ocr_carea' id='block_1_45' title="bbox 345 4439 1562 4510">
    <p class='ocr_par' dir='ltr' id='par_1_45' title="bbox 345 4439 1562 4510">
     <span class='ocr_line' id='line_1_45' title="bbox 345 4439 1562 4510; baseline 0 -17"><span class='ocrx_word' id='word_1_203' title='bbox 345 4467 350 4474; x_wconf 90' lang='lat'><strong>-</strong></span> <span class='ocrx_word' id='word_1_204' title='bbox 395 4456 490 4509; x_wconf 85' lang='lat' dir='ltr'><strong>per</strong></span> <span class='ocrx_word' id='word_1_205' title='bbox 526 4440 762 4496; x_wconf 86' lang='lat' dir='ltr'><strong>Phoeam</strong></span> <span class='ocrx_word' id='word_1_206' title='bbox 802 4441 1112 4510; x_wconf 85' lang='lat' dir='ltr'><strong>episcopum</strong></span> <span class='ocrx_word' id='word_1_207' title='bbox 1153 4439 1562 4509; x_wconf 59' lang='lat' dir='ltr'><strong>Philadelphia,</strong></span> 
     </span>
    </p>
   </div>
   <div class='ocr_carea' id='block_1_46' title="bbox 389 4530 1335 4602">
    <p class='ocr_par' dir='ltr' id='par_1_46' title="bbox 389 4530 1335 4602">
     <span class='ocr_line' id='line_1_46' title="bbox 389 4530 1335 4602; baseline -0.001 -16"><span class='ocrx_word' id='word_1_208' title='bbox 389 4531 652 4587; x_wconf 83' lang='lat' dir='ltr'><strong>lsaacium</strong></span> <span class='ocrx_word' id='word_1_209' title='bbox 691 4533 906 4596; x_wconf 89' lang='lat' dir='ltr'><strong>ducam,</strong></span> <span class='ocrx_word' id='word_1_210' title='bbox 939 4543 988 4585; x_wconf 91' lang='lat' dir='ltr'><strong>et</strong></span> <span class='ocrx_word' id='word_1_211' title='bbox 1027 4530 1283 4602; x_wconf 83' lang='lat' dir='ltr'><strong>llyaleam</strong></span> <span class='ocrx_word' id='word_1_212' title='bbox 1321 4548 1335 4585; x_wconf 89' lang='lat'><em>:</em></span> 
     </span>
    </p>
   </div>
   <div class='ocr_carea' id='block_1_47' title="bbox 337 4610 1418 4693">
    <p class='ocr_par' dir='ltr' id='par_1_47' title="bbox 337 4610 1418 4693">
     <span class='ocr_line' id='line_1_47' title="bbox 337 4610 1418 4693; baseline 0.002 -19"><span class='ocrx_word' id='word_1_213' title='bbox 337 4610 346 4625; x_wconf 63' lang='grc'><strong>“</strong></span> <span class='ocrx_word' id='word_1_214' title='bbox 388 4626 478 4693; x_wconf 91' lang='lat' dir='ltr'><strong>qui</strong></span> <span class='ocrx_word' id='word_1_215' title='bbox 515 4622 760 4678; x_wconf 88' lang='lat' dir='ltr'><strong>Micbacli</strong></span> <span class='ocrx_word' id='word_1_216' title='bbox 800 4621 1027 4676; x_wconf 75' lang='lat' dir='ltr'><strong>Larissa:</strong></span> <span class='ocrx_word' id='word_1_217' title='bbox 1061 4630 1418 4676; x_wconf 73' lang='lat' dir='ltr'><strong>occurrentes</strong></span> 
     </span>
    </p>
   </div>
   <div class='ocr_carea' id='block_1_48' title="bbox 389 4713 1464 4785">
    <p class='ocr_par' dir='ltr' id='par_1_48' title="bbox 389 4713 1464 4785">
     <span class='ocr_line' id='line_1_48' title="bbox 389 4713 1464 4785; baseline -0.002 -17"><span class='ocrx_word' id='word_1_218' title='bbox 389 4715 542 4785; x_wconf 83' lang='lat' dir='ltr'><strong>pacis</strong></span> <span class='ocrx_word' id='word_1_219' title='bbox 578 4713 854 4781; x_wconf 84' lang='lat' dir='ltr'><strong>negotium</strong></span> <span class='ocrx_word' id='word_1_220' title='bbox 891 4714 993 4766; x_wconf 84' lang='lat' dir='ltr'><strong>rite</strong></span> <span class='ocrx_word' id='word_1_221' title='bbox 1029 4721 1412 4782; x_wconf 77' lang='lat' dir='ltr'><strong>transegerunt</strong></span> <span class='ocrx_word' id='word_1_222' title='bbox 1449 4729 1464 4766; x_wconf 89' lang='lat'><strong>:</strong></span> 
     </span>
    </p>
   </div>
   <div class='ocr_carea' id='block_1_49' title="bbox 388 4803 1496 4877">
    <p class='ocr_par' dir='ltr' id='par_1_49' title="bbox 388 4803 1496 4877">
     <span class='ocr_line' id='line_1_49' title="bbox 388 4803 1496 4877; baseline -0.005 -15"><span class='ocrx_word' id='word_1_223' title='bbox 388 4817 552 4877; x_wconf 83' lang='lat' dir='ltr'><strong>atque</strong></span> <span class='ocrx_word' id='word_1_224' title='bbox 585 4808 916 4860; x_wconf 73' lang='lat' dir='ltr'><strong>abducentes</strong></span> <span class='ocrx_word' id='word_1_225' title='bbox 952 4806 1096 4858; x_wconf 91' lang='lat' dir='ltr'><strong>illinc</strong></span> <span class='ocrx_word' id='word_1_226' title='bbox 1130 4803 1496 4874; x_wconf 85' lang='lat' dir='ltr'><strong>Nicephorum</strong></span> 
     </span>
    </p>
   </div>
   <div class='ocr_carea' id='block_1_50' title="bbox 393 4895 1462 4969">
    <p class='ocr_par' dir='ltr' id='par_1_50' title="bbox 393 4895 1462 4969">
     <span class='ocr_line' id='line_1_50' title="bbox 393 4895 1462 4969; baseline -0.007 -15"><span class='ocrx_word' id='word_1_227' title='bbox 393 4905 628 4969; x_wconf 66' lang='lat' dir='ltr'><strong>despotaz</strong></span> <span class='ocrx_word' id='word_1_228' title='bbox 668 4900 860 4958; x_wconf 83' lang='lat' dir='ltr'><strong>tilium.</strong></span> <span class='ocrx_word' id='word_1_229' title='bbox 893 4910 1013 4951; x_wconf 84' lang='lat' dir='ltr'><strong>cum</strong></span> <span class='ocrx_word' id='word_1_230' title='bbox 1051 4911 1222 4964; x_wconf 91' lang='lat' dir='ltr'><strong>eoquc</strong></span> <span class='ocrx_word' id='word_1_231' title='bbox 1257 4895 1462 4962; x_wconf 84' lang='lat' dir='ltr'><strong>pariter</strong></span> 
     </span>
    </p>
   </div>
   <div class='ocr_carea' id='block_1_51' title="bbox 389 4987 1406 5060">
    <p class='ocr_par' dir='ltr' id='par_1_51' title="bbox 389 4987 1406 5060">
     <span class='ocr_line' id='line_1_51' title="bbox 389 4987 1406 5060; baseline -0.004 -16"><span class='ocrx_word' id='word_1_232' title='bbox 389 4993 479 5060; x_wconf 83' lang='lat' dir='ltr'><strong>qui</strong></span> <span class='ocrx_word' id='word_1_233' title='bbox 518 4990 808 5045; x_wconf 83' lang='lat' dir='ltr'><strong>rebellarat</strong></span> <span class='ocrx_word' id='word_1_234' title='bbox 839 4987 1100 5056; x_wconf 81' lang='lat' dir='ltr'><strong>Angelum</strong></span> <span class='ocrx_word' id='word_1_235' title='bbox 1134 4987 1406 5055; x_wconf 84' lang='lat' dir='ltr'><strong>captivum</strong></span> 
     </span>
    </p>
   </div>
   <div class='ocr_carea' id='block_1_52' title="bbox 392 5081 1356 5149">
    <p class='ocr_par' dir='ltr' id='par_1_52' title="bbox 392 5081 1356 5149">
     <span class='ocr_line' id='line_1_52' title="bbox 392 5081 1356 5149; baseline -0.003 -13"><span class='ocrx_word' id='word_1_236' title='bbox 392 5085 457 5136; x_wconf 89' lang='lat' dir='ltr'><strong>ad</strong></span> <span class='ocrx_word' id='word_1_237' title='bbox 495 5083 764 5136; x_wconf 62' lang='lat' dir='ltr'><strong>Carsarem</strong></span> <span class='ocrx_word' id='word_1_238' title='bbox 801 5081 955 5149; x_wconf 80' lang='lat' dir='ltr'><strong>legati</strong></span> <span class='ocrx_word' id='word_1_239' title='bbox 997 5089 1307 5133; x_wconf 83' lang='lat' dir='ltr'><strong>remearunt</strong></span> <span class='ocrx_word' id='word_1_240' title='bbox 1342 5098 1356 5133; x_wconf 90' lang='lat'><strong>:</strong></span> 
     </span>
    </p>
   </div>
   <div class='ocr_carea' id='block_1_53' title="bbox 389 5171 1581 5244">
    <p class='ocr_par' dir='ltr' id='par_1_53' title="bbox 389 5171 1581 5244">
     <span class='ocr_line' id='line_1_53' title="bbox 389 5171 1581 5244; baseline -0.003 -14"><span class='ocrx_word' id='word_1_241' title='bbox 389 5175 477 5230; x_wconf 88' lang='lat' dir='ltr'><strong>cui</strong></span> <span class='ocrx_word' id='word_1_242' title='bbox 518 5174 802 5228; x_wconf 78' lang='lat' dir='ltr'><strong>Michaelis</strong></span> <span class='ocrx_word' id='word_1_243' title='bbox 837 5174 979 5226; x_wconf 89' lang='lat' dir='ltr'><strong>hunc</strong></span> <span class='ocrx_word' id='word_1_244' title='bbox 1015 5173 1180 5225; x_wconf 87' lang='lat' dir='ltr'><strong>tilium</strong></span> <span class='ocrx_word' id='word_1_245' title='bbox 1219 5171 1581 5244; x_wconf 78' lang='lat' dir='ltr'><strong>Nicephorum</strong></span> 
     </span>
    </p>
   </div>
   <div class='ocr_carea' id='block_1_54' title="bbox 391 5267 1413 5336">
    <p class='ocr_par' dir='ltr' id='par_1_54' title="bbox 391 5267 1413 5336">
     <span class='ocr_line' id='line_1_54' title="bbox 391 5267 1413 5336; baseline 0 -15"><span class='ocrx_word' id='word_1_246' title='bbox 391 5270 626 5336; x_wconf 71' lang='lat' dir='ltr'><strong>despotac</strong></span> <span class='ocrx_word' id='word_1_247' title='bbox 657 5267 922 5336; x_wconf 81' lang='lat' dir='ltr'><strong>dignitate</strong></span> <span class='ocrx_word' id='word_1_248' title='bbox 958 5280 1159 5319; x_wconf 88' lang='lat' dir='ltr'><strong>ornare</strong></span> <span class='ocrx_word' id='word_1_249' title='bbox 1194 5267 1413 5334; x_wconf 79' lang='lat' dir='ltr'><strong>placuit.</strong></span> 
     </span>
    </p>
   </div>
   <div class='ocr_carea' id='block_1_55' title="bbox 391 5359 1522 5429">
    <p class='ocr_par' dir='ltr' id='par_1_55' title="bbox 391 5359 1522 5429">
     <span class='ocr_line' id='line_1_55' title="bbox 391 5359 1522 5429; baseline -0.002 -13"><span class='ocrx_word' id='word_1_250' title='bbox 391 5360 671 5424; x_wconf 55' lang='lat' dir='ltr'><strong>Hesperiis</strong></span> <span class='ocrx_word' id='word_1_251' title='bbox 703 5361 864 5414; x_wconf 88' lang='lat' dir='ltr'><strong>rebus</strong></span> <span class='ocrx_word' id='word_1_252' title='bbox 895 5360 974 5413; x_wconf 89' lang='lat' dir='ltr'><strong>sic</strong></span> <span class='ocrx_word' id='word_1_253' title='bbox 1008 5359 1187 5413; x_wconf 74' lang='lat' dir='ltr'><strong>Caesar</strong></span> <span class='ocrx_word' id='word_1_254' title='bbox 1220 5360 1522 5429; x_wconf 85' lang='lat' dir='ltr'><strong>dispositis.</strong></span> 
     </span>
    </p>
   </div>
   <div class='ocr_carea' id='block_1_56' title="bbox 393 5451 1365 5522">
    <p class='ocr_par' dir='ltr' id='par_1_56' title="bbox 393 5451 1365 5522">
     <span class='ocr_line' id='line_1_56' title="bbox 393 5451 1365 5522; baseline -0.006 -14"><span class='ocrx_word' id='word_1_255' title='bbox 393 5463 556 5522; x_wconf 82' lang='lat' dir='ltr'><strong>atque</strong></span> <span class='ocrx_word' id='word_1_256' title='bbox 591 5451 824 5507; x_wconf 87' lang='lat' dir='ltr'><strong>Bodenis</strong></span> <span class='ocrx_word' id='word_1_257' title='bbox 857 5451 1033 5505; x_wconf 90' lang='lat' dir='ltr'><strong>hieme</strong></span> <span class='ocrx_word' id='word_1_258' title='bbox 1070 5461 1365 5517; x_wconf 84' lang='lat' dir='ltr'><strong>transacto,</strong></span> 
     </span>
    </p>
   </div>
   <div class='ocr_carea' id='block_1_57' title="bbox 388 5544 1324 5613">
    <p class='ocr_par' dir='ltr' id='par_1_57' title="bbox 388 5544 1324 5613">
     <span class='ocr_line' id='line_1_57' title="bbox 388 5544 1324 5613; baseline -0.003 -15"><span class='ocrx_word' id='word_1_259' title='bbox 388 5549 536 5600; x_wconf 79' lang='lat' dir='ltr'><strong>veris</strong></span> <span class='ocrx_word' id='word_1_260' title='bbox 572 5545 671 5599; x_wconf 85' lang='lat' dir='ltr'><strong>Sub</strong></span> <span class='ocrx_word' id='word_1_261' title='bbox 703 5553 844 5610; x_wconf 90' lang='lat' dir='ltr'><strong>ortu,</strong></span> <span class='ocrx_word' id='word_1_262' title='bbox 881 5545 1096 5613; x_wconf 89' lang='lat' dir='ltr'><strong>reliquit</strong></span> <span class='ocrx_word' id='word_1_263' title='bbox 1129 5544 1324 5598; x_wconf 88' lang='lat' dir='ltr'><strong>ibidem</strong></span> 
     </span>
    </p>
   </div>
   <div class='ocr_carea' id='block_1_58' title="bbox 393 5636 1505 5711">
    <p class='ocr_par' dir='ltr' id='par_1_58' title="bbox 393 5636 1505 5711">
     <span class='ocr_line' id='line_1_58' title="bbox 393 5636 1505 5711; baseline -0.004 -19"><span class='ocrx_word' id='word_1_264' title='bbox 393 5641 683 5711; x_wconf 65' lang='lat' dir='ltr'><strong>plerasque</strong></span> <span class='ocrx_word' id='word_1_265' title='bbox 719 5637 932 5706; x_wconf 85' lang='lat' dir='ltr'><strong>c0pias;</strong></span> <span class='ocrx_word' id='word_1_266' title='bbox 971 5636 1084 5704; x_wconf 85' lang='lat' dir='ltr'><strong>ipse</strong></span> <span class='ocrx_word' id='word_1_267' title='bbox 1119 5636 1505 5690; x_wconf 79' lang='lat' dir='ltr'><strong>comitantibus</strong></span> 
     </span>
    </p>
   </div>
   <div class='ocr_carea' id='block_1_59' title="bbox 397 5729 1486 5802">
    <p class='ocr_par' dir='ltr' id='par_1_59' title="bbox 397 5729 1486 5802">
     <span class='ocr_line' id='line_1_59' title="bbox 397 5729 1486 5802; baseline -0.004 -20"><span class='ocrx_word' id='word_1_268' title='bbox 397 5731 584 5802; x_wconf 81' lang='lat' dir='ltr'><strong>paucis</strong></span> <span class='ocrx_word' id='word_1_269' title='bbox 617 5729 867 5794; x_wconf 83' lang='lat' dir='ltr'><strong>armatis,</strong></span> <span class='ocrx_word' id='word_1_270' title='bbox 897 5739 1075 5781; x_wconf 86' lang='lat' dir='ltr'><strong>castra</strong></span> <span class='ocrx_word' id='word_1_271' title='bbox 1111 5743 1280 5796; x_wconf 87' lang='lat' dir='ltr'><strong>nuper</strong></span> <span class='ocrx_word' id='word_1_272' title='bbox 1310 5729 1486 5782; x_wconf 85' lang='lat' dir='ltr'><strong>dedita</strong></span> 
     </span>
    </p>
   </div>
   <div class='ocr_carea' id='block_1_60' title="bbox 395 5817 1736 5890">
    <p class='ocr_par' dir='ltr' id='par_1_60' title="bbox 395 5817 1736 5890">
     <span class='ocr_line' id='line_1_60' title="bbox 395 5817 1736 5890; baseline -0.009 -9"><span class='ocrx_word' id='word_1_273' title='bbox 395 5823 615 5890; x_wconf 78' lang='lat' dir='ltr'><strong>invisit;</strong></span> <span class='ocrx_word' id='word_1_274' title='bbox 655 5835 847 5890; x_wconf 81' lang='lat' dir='ltr'><strong>ucmpc</strong></span> <span class='ocrx_word' id='word_1_275' title='bbox 883 5820 1026 5875; x_wconf 67' lang='lat' dir='ltr'><strong>venit</strong></span> <span class='ocrx_word' id='word_1_276' title='bbox 1060 5819 1124 5874; x_wconf 89' lang='lat' dir='ltr'><strong>ad</strong></span> <span class='ocrx_word' id='word_1_277' title='bbox 1159 5820 1344 5874; x_wconf 76' lang='lat' dir='ltr'><strong>urbem</strong></span> <span class='ocrx_word' id='word_1_278' title='bbox 1381 5817 1736 5890; x_wconf 71' lang='lat' dir='ltr'><strong>Lychnidum,</strong></span> 
     </span>
    </p>
   </div>
   <div class='ocr_carea' id='block_1_61' title="bbox 2019 475 3400 550">
    <p class='ocr_par' dir='ltr' id='par_1_61' title="bbox 2019 475 3400 550">
     <span class='ocr_line' id='line_1_61' title="bbox 2019 475 3400 550; baseline -0.005 -15"><span class='ocrx_word' id='word_1_279' title='bbox 2019 481 2060 535; x_wconf 87' lang='grc' dir='ltr'><strong>Α</strong></span> <span class='ocrx_word' id='word_1_280' title='bbox 2127 477 2268 533; x_wconf 85' lang='grc'><strong>8670</strong></span> <span class='ocrx_word' id='word_1_281' title='bbox 2305 480 2417 543; x_wconf 76' lang='grc' dir='ltr'><strong>Τὰς</strong></span> <span class='ocrx_word' id='word_1_282' title='bbox 2462 479 2774 549; x_wconf 78' lang='grc' dir='ltr'><strong>Ῥωμαϊκὰς</strong></span> <span class='ocrx_word' id='word_1_283' title='bbox 2811 478 3074 550; x_wconf 87' lang='grc' dir='ltr'>δυνάμεις</span> <span class='ocrx_word' id='word_1_284' title='bbox 3105 475 3400 538; x_wconf 75' lang='grc' dir='ltr'><strong>συναλίσας</strong></span> 
     </span>
    </p>
   </div>
   <div class='ocr_carea' id='block_1_62' title="bbox 2303 567 3662 638">
    <p class='ocr_par' dir='ltr' id='par_1_62' title="bbox 2303 567 3662 638">
     <span class='ocr_line' id='line_1_62' title="bbox 2303 567 3662 638; baseline -0.006 -14"><span class='ocrx_word' id='word_1_285' title='bbox 2303 572 2412 624; x_wconf 82' lang='lat' dir='ltr'><strong>Kal</strong></span> <span class='ocrx_word' id='word_1_286' title='bbox 2447 572 2572 636; x_wconf 78' lang='grc' dir='ltr'>τοὺς</span> <span class='ocrx_word' id='word_1_287' title='bbox 2603 573 2698 624; x_wconf 74' lang='grc' dir='ltr'><strong>ὑπ’</strong></span> <span class='ocrx_word' id='word_1_288' title='bbox 2724 572 2885 625; x_wconf 84' lang='grc' dir='ltr'>αὐτὸν</span> <span class='ocrx_word' id='word_1_289' title='bbox 2924 569 3200 630; x_wconf 79' lang='grc' dir='ltr'>εὐσθενεῖς</span> <span class='ocrx_word' id='word_1_290' title='bbox 3241 567 3615 638; x_wconf 83' lang='grc' dir='ltr'>στρατηγέτας</span> <span class='ocrx_word' id='word_1_291' title='bbox 3647 607 3662 630; x_wconf 92' lang='grc'><strong>,</strong></span> 
     </span>
    </p>
   </div>
   <div class='ocr_carea' id='block_1_63' title="bbox 2300 662 3374 735">
    <p class='ocr_par' dir='ltr' id='par_1_63' title="bbox 2300 662 3374 735">
     <span class='ocr_line' id='line_1_63' title="bbox 2300 662 3374 735; baseline -0.005 -19"><span class='ocrx_word' id='word_1_292' title='bbox 2300 665 2731 735; x_wconf 81' lang='grc' dir='ltr'>Ταρχανειωτῶν</span> <span class='ocrx_word' id='word_1_293' title='bbox 2754 666 2818 718; x_wconf 77' lang='grc' dir='ltr'><strong>ἐκ</strong></span> <span class='ocrx_word' id='word_1_294' title='bbox 2842 666 3032 733; x_wconf 83' lang='grc' dir='ltr'><strong>γένους</strong></span> <span class='ocrx_word' id='word_1_295' title='bbox 3053 662 3374 733; x_wconf 78' lang='grc' dir='ltr'><strong>Νικηφόρον</strong></span> 
     </span>
    </p>
   </div>
   <div class='ocr_carea' id='block_1_64' title="bbox 2307 756 3433 829">
    <p class='ocr_par' dir='ltr' id='par_1_64' title="bbox 2307 756 3433 829">
     <span class='ocr_line' id='line_1_64' title="bbox 2307 756 3433 829; baseline -0.003 -19"><span class='ocrx_word' id='word_1_296' title='bbox 2307 759 2516 826; x_wconf 80' lang='grc' dir='ltr'>Κλῆσιν</span> <span class='ocrx_word' id='word_1_297' title='bbox 2554 757 2930 829; x_wconf 83' lang='grc' dir='ltr'>ἀληθεύουσαν</span> <span class='ocrx_word' id='word_1_298' title='bbox 2961 756 3022 810; x_wconf 75' lang='grc' dir='ltr'>εὖ</span> <span class='ocrx_word' id='word_1_299' title='bbox 3060 757 3433 826; x_wconf 80' lang='grc' dir='ltr'><strong>κεκτημένον,</strong></span> 
     </span>
    </p>
   </div>
   <div class='ocr_carea' id='block_1_65' title="bbox 2311 847 3465 920">
    <p class='ocr_par' dir='ltr' id='par_1_65' title="bbox 2311 847 3465 920">
     <span class='ocr_line' id='line_1_65' title="bbox 2311 847 3465 920; baseline -0.001 -20"><span class='ocrx_word' id='word_1_300' title='bbox 2311 851 2418 920; x_wconf 76' lang='grc' dir='ltr'><strong>Τὴν</strong></span> <span class='ocrx_word' id='word_1_301' title='bbox 2471 850 2630 914; x_wconf 77' lang='grc' dir='ltr'>ἀξίαν</span> <span class='ocrx_word' id='word_1_302' title='bbox 2668 867 2727 902; x_wconf 87' lang='grc' dir='ltr'><strong>τε</strong></span> <span class='ocrx_word' id='word_1_303' title='bbox 2759 851 2858 916; x_wconf 78' lang='grc' dir='ltr'>τὴν</span> <span class='ocrx_word' id='word_1_304' title='bbox 2891 850 2983 901; x_wconf 69' lang='grc' dir='ltr'>ἐπὶ</span> <span class='ocrx_word' id='word_1_305' title='bbox 3019 848 3120 917; x_wconf 81' lang='grc' dir='ltr'>τῆς</span> <span class='ocrx_word' id='word_1_306' title='bbox 3149 847 3425 919; x_wconf 77' lang='grc' dir='ltr'><strong>τραπέζης</strong></span> <span class='ocrx_word' id='word_1_307' title='bbox 3449 887 3465 912; x_wconf 90' lang='grc'><strong>,</strong></span> 
     </span>
    </p>
   </div>
   <div class='ocr_carea' id='block_1_66' title="bbox 2120 941 3537 1014">
    <p class='ocr_par' dir='ltr' id='par_1_66' title="bbox 2120 941 3537 1014">
     <span class='ocr_line' id='line_1_66' title="bbox 2120 941 3537 1014; baseline 0.001 -21"><span class='ocrx_word' id='word_1_308' title='bbox 2120 944 2260 996; x_wconf 70' lang='lat'><strong>8673</strong></span> <span class='ocrx_word' id='word_1_309' title='bbox 2307 942 2627 1014; x_wconf 76' lang='grc' dir='ltr'>Ιῐληροῦντα</span> <span class='ocrx_word' id='word_1_310' title='bbox 2661 943 2707 995; x_wconf 85' lang='grc' dir='ltr'>δ’</span> <span class='ocrx_word' id='word_1_311' title='bbox 2737 943 2876 1014; x_wconf 80' lang='grc' dir='ltr'>ἔργα</span> <span class='ocrx_word' id='word_1_312' title='bbox 2907 942 3148 1012; x_wconf 80' lang='grc' dir='ltr'><strong>μεγάλου</strong></span> <span class='ocrx_word' id='word_1_313' title='bbox 3191 941 3537 1012; x_wconf 70' lang='grc' dir='ltr'>δομεστίκουο</span> 
     </span>
    </p>
   </div>
   <div class='ocr_carea' id='block_1_67' title="bbox 2299 1037 3392 1110">
    <p class='ocr_par' dir='ltr' id='par_1_67' title="bbox 2299 1037 3392 1110">
     <span class='ocr_line' id='line_1_67' title="bbox 2299 1037 3392 1110; baseline -0.009 -16"><span class='ocrx_word' id='word_1_314' title='bbox 2299 1042 2785 1110; x_wconf 78' lang='grc' dir='ltr'>Στρατηγόπουλον</span> <span class='ocrx_word' id='word_1_315' title='bbox 2810 1039 3054 1103; x_wconf 75' lang='grc' dir='ltr'>Ἀλέξιον</span> <span class='ocrx_word' id='word_1_316' title='bbox 3086 1037 3354 1104; x_wconf 82' lang='grc' dir='ltr'>γεννάδαν</span> <span class='ocrx_word' id='word_1_317' title='bbox 3377 1075 3392 1099; x_wconf 92' lang='grc'><strong>,</strong></span> 
     </span>
    </p>
   </div>
   <div class='ocr_carea' id='block_1_68' title="bbox 2311 1130 3396 1200">
    <p class='ocr_par' dir='ltr' id='par_1_68' title="bbox 2311 1130 3396 1200">
     <span class='ocr_line' id='line_1_68' title="bbox 2311 1130 3396 1200; baseline -0.004 -15"><span class='ocrx_word' id='word_1_318' title='bbox 2311 1133 2424 1185; x_wconf 72' lang='grc' dir='ltr'><strong>Καὶ</strong></span> <span class='ocrx_word' id='word_1_319' title='bbox 2461 1132 2616 1200; x_wconf 81' lang='grc' dir='ltr'>φίλον</span> <span class='ocrx_word' id='word_1_320' title='bbox 2646 1131 2760 1183; x_wconf 77' lang='grc' dir='ltr'>υἱὸν</span> <span class='ocrx_word' id='word_1_321' title='bbox 2805 1130 3045 1200; x_wconf 80' lang='grc' dir='ltr'><strong>μεγάλου</strong></span> <span class='ocrx_word' id='word_1_322' title='bbox 3073 1130 3396 1198; x_wconf 88' lang='grc' dir='ltr'>δομεστίκου</span> 
     </span>
    </p>
   </div>
   <div class='ocr_carea' id='block_1_69' title="bbox 2305 1221 3308 1293">
    <p class='ocr_par' dir='ltr' id='par_1_69' title="bbox 2305 1221 3308 1293">
     <span class='ocr_line' id='line_1_69' title="bbox 2305 1221 3308 1293; baseline -0.002 -19"><span class='ocrx_word' id='word_1_323' title='bbox 2305 1223 2670 1290; x_wconf 85' lang='grc' dir='ltr'>Παλαιολόγον</span> <span class='ocrx_word' id='word_1_324' title='bbox 2700 1223 2922 1293; x_wconf 83' lang='grc' dir='ltr'>Μιχαὴλ</span> <span class='ocrx_word' id='word_1_325' title='bbox 2955 1221 3114 1285; x_wconf 91' lang='grc' dir='ltr'>κλέος</span> <span class='ocrx_word' id='word_1_326' title='bbox 3140 1222 3308 1283; x_wconf 84' lang='grc' dir='ltr'>νέων,</span> 
     </span>
    </p>
   </div>
   <div class='ocr_carea' id='block_1_70' title="bbox 2301 1313 3578 1385">
    <p class='ocr_par' dir='ltr' id='par_1_70' title="bbox 2301 1313 3578 1385">
     <span class='ocr_line' id='line_1_70' title="bbox 2301 1313 3578 1385; baseline -0.003 -18"><span class='ocrx_word' id='word_1_327' title='bbox 2301 1315 2408 1367; x_wconf 72' lang='grc' dir='ltr'><strong>Καὶ</strong></span> <span class='ocrx_word' id='word_1_328' title='bbox 2439 1316 2532 1368; x_wconf 79' lang='grc' dir='ltr'><strong>τὸν</strong></span> <span class='ocrx_word' id='word_1_329' title='bbox 2558 1316 2858 1385; x_wconf 82' lang='grc' dir='ltr'>Μακρηνδν</span> <span class='ocrx_word' id='word_1_330' title='bbox 2886 1315 2979 1368; x_wconf 69' lang='grc' dir='ltr'>καὶ</span> <span class='ocrx_word' id='word_1_331' title='bbox 3002 1314 3266 1382; x_wconf 82' lang='grc' dir='ltr'>τύραννον</span> <span class='ocrx_word' id='word_1_332' title='bbox 3294 1313 3578 1365; x_wconf 81' lang='grc' dir='ltr'>Βουδελόνο</span> 
     </span>
    </p>
   </div>
   <div class='ocr_carea' id='block_1_71' title="bbox 2126 1406 3592 1478">
    <p class='ocr_par' dir='ltr' id='par_1_71' title="bbox 2126 1406 3592 1478">
     <span class='ocr_line' id='line_1_71' title="bbox 2126 1406 3592 1478; baseline -0.002 -17"><span class='ocrx_word' id='word_1_333' title='bbox 2126 1410 2263 1461; x_wconf 61' lang='grc' dir='ltr'>εωεςει</span> <span class='ocrx_word' id='word_1_334' title='bbox 2307 1408 2649 1478; x_wconf 76' lang='grc' dir='ltr'>Παραλαϐὼν</span> <span class='ocrx_word' id='word_1_335' title='bbox 2676 1409 2898 1472; x_wconf 81' lang='grc' dir='ltr'><strong>τούτους</strong></span> <span class='ocrx_word' id='word_1_336' title='bbox 2927 1424 2988 1462; x_wconf 91' lang='grc' dir='ltr'><strong>τε</strong></span> <span class='ocrx_word' id='word_1_337' title='bbox 3032 1406 3130 1460; x_wconf 74' lang='grc' dir='ltr'>καὶ</span> <span class='ocrx_word' id='word_1_338' title='bbox 3163 1406 3260 1469; x_wconf 81' lang='grc' dir='ltr'>τὰς</span> <span class='ocrx_word' id='word_1_339' title='bbox 3294 1406 3556 1474; x_wconf 85' lang='grc' dir='ltr'>δυνάμεις</span> <span class='ocrx_word' id='word_1_340' title='bbox 3578 1447 3592 1470; x_wconf 90' lang='grc'><strong>,</strong></span> 
     </span>
    </p>
   </div>
   <div class='ocr_carea' id='block_1_72' title="bbox 2301 1499 3389 1571">
    <p class='ocr_par' dir='ltr' id='par_1_72' title="bbox 2301 1499 3389 1571">
     <span class='ocr_line' id='line_1_72' title="bbox 2301 1499 3389 1571; baseline 0.001 -20"><span class='ocrx_word' id='word_1_341' title='bbox 2301 1502 2708 1570; x_wconf 75' lang='grc' dir='ltr'>Θεσσαλονίκην</span> <span class='ocrx_word' id='word_1_342' title='bbox 2751 1499 3166 1571; x_wconf 78' lang='grc' dir='ltr'>καταλαμϐάνει</span> <span class='ocrx_word' id='word_1_343' title='bbox 3208 1499 3389 1552; x_wconf 86' lang='grc' dir='ltr'>πόλιν.</span> 
     </span>
    </p>
   </div>
   <div class='ocr_carea' id='block_1_73' title="bbox 2302 1591 3389 1663">
    <p class='ocr_par' dir='ltr' id='par_1_73' title="bbox 2302 1591 3389 1663">
     <span class='ocr_line' id='line_1_73' title="bbox 2302 1591 3389 1663; baseline -0.004 -17"><span class='ocrx_word' id='word_1_344' title='bbox 2302 1593 2572 1647; x_wconf 75' lang='grc' dir='ltr'>Κάκεῖθεν</span> <span class='ocrx_word' id='word_1_345' title='bbox 2603 1595 2743 1663; x_wconf 73' lang='grc' dir='ltr'>ἄρας</span> <span class='ocrx_word' id='word_1_346' title='bbox 2775 1596 2832 1647; x_wconf 81' lang='grc' dir='ltr'><strong>ἐν</strong></span> <span class='ocrx_word' id='word_1_347' title='bbox 2861 1592 3111 1661; x_wconf 84' lang='grc' dir='ltr'>Βοδηνῶν</span> <span class='ocrx_word' id='word_1_348' title='bbox 3143 1591 3389 1662; x_wconf 76' lang='grc' dir='ltr'>φρουρίῳ</span> 
     </span>
    </p>
   </div>
   <div class='ocr_carea' id='block_1_74' title="bbox 2308 1683 3356 1756">
    <p class='ocr_par' dir='ltr' id='par_1_74' title="bbox 2308 1683 3356 1756">
     <span class='ocr_line' id='line_1_74' title="bbox 2308 1683 3356 1756; baseline -0.001 -21"><span class='ocrx_word' id='word_1_349' title='bbox 2308 1685 2704 1756; x_wconf 72' lang='grc' dir='ltr'>’Ᾱνακτορικάς</span> <span class='ocrx_word' id='word_1_350' title='bbox 2733 1685 2937 1755; x_wconf 84' lang='grc' dir='ltr'>σκηνὰς</span> <span class='ocrx_word' id='word_1_351' title='bbox 2967 1683 3316 1754; x_wconf 80' lang='grc' dir='ltr'><strong>ἐγκαθιδρύει</strong></span> <span class='ocrx_word' id='word_1_352' title='bbox 3342 1723 3356 1746; x_wconf 86' lang='grc'><strong>,</strong></span> 
     </span>
    </p>
   </div>
   <div class='ocr_carea' id='block_1_75' title="bbox 2300 1771 3602 1846">
    <p class='ocr_par' dir='ltr' id='par_1_75' title="bbox 2300 1771 3602 1846">
     <span class='ocr_line' id='line_1_75' title="bbox 2300 1771 3602 1846; baseline -0.003 -18"><span class='ocrx_word' id='word_1_353' title='bbox 2300 1777 2408 1828; x_wconf 75' lang='grc' dir='ltr'><strong>Καὶ</strong></span> <span class='ocrx_word' id='word_1_354' title='bbox 2441 1776 2598 1830; x_wconf 81' lang='grc' dir='ltr'>τοῦτο</span> <span class='ocrx_word' id='word_1_355' title='bbox 2627 1776 2820 1845; x_wconf 78' lang='grc' dir='ltr'>πορθεῖ</span> <span class='ocrx_word' id='word_1_356' title='bbox 2849 1777 3119 1846; x_wconf 81' lang='grc' dir='ltr'>μηχαναῖς</span> <span class='ocrx_word' id='word_1_357' title='bbox 3151 1776 3245 1827; x_wconf 68' lang='grc' dir='ltr'><strong>καὶ</strong></span> <span class='ocrx_word' id='word_1_358' title='bbox 3277 1776 3375 1826; x_wconf 79' lang='grc' dir='ltr'>σὺν</span> <span class='ocrx_word' id='word_1_359' title='bbox 3405 1771 3602 1841; x_wconf 81' lang='grc' dir='ltr'>χρόνῳ.</span> 
     </span>
    </p>
   </div>
   <div class='ocr_carea' id='block_1_76' title="bbox 2016 1838 3468 1938">
    <p class='ocr_par' dir='ltr' id='par_1_76' title="bbox 2016 1838 3468 1938">
     <span class='ocr_line' id='line_1_76' title="bbox 2016 1838 3468 1938; baseline -0.004 -17"><span class='ocrx_word' id='word_1_360' title='bbox 2016 1838 2054 1891; x_wconf 70' lang='grc' dir='ltr'><strong>Β</strong></span> <span class='ocrx_word' id='word_1_361' title='bbox 2116 1868 2254 1922; x_wconf 68' lang='lat'><strong>8685&#39;</strong></span> <span class='ocrx_word' id='word_1_362' title='bbox 2298 1867 2473 1937; x_wconf 69' lang='grc' dir='ltr'>’Ἐφθη</span> <span class='ocrx_word' id='word_1_363' title='bbox 2509 1868 2554 1919; x_wconf 84' lang='grc' dir='ltr'>δ’</span> <span class='ocrx_word' id='word_1_364' title='bbox 2590 1838 2830 1938; x_wconf 74' lang='grc' dir='ltr'>ἀποδρὰς</span> <span class='ocrx_word' id='word_1_365' title='bbox 2849 1838 3135 1937; x_wconf 32' lang='grc' dir='ltr'>*Θεόδωρος</span> <span class='ocrx_word' id='word_1_366' title='bbox 3165 1838 3468 1936; x_wconf 77' lang='grc' dir='ltr'>φρουρίου,</span> 
     </span>
    </p>
   </div>
   <div class='ocr_carea' id='block_1_77' title="bbox 2302 1953 3407 2026">
    <p class='ocr_par' dir='ltr' id='par_1_77' title="bbox 2302 1953 3407 2026">
     <span class='ocr_line' id='line_1_77' title="bbox 2302 1953 3407 2026; baseline -0.001 -20"><span class='ocrx_word' id='word_1_367' title='bbox 2302 1960 2338 2006; x_wconf 69' lang='lat' dir='ltr'><strong>li</strong></span> <span class='ocrx_word' id='word_1_368' title='bbox 2353 1958 2408 2010; x_wconf 78' lang='lat' dir='ltr'><strong>al</strong></span> <span class='ocrx_word' id='word_1_369' title='bbox 2440 1955 2516 2026; x_wconf 82' lang='grc' dir='ltr'><strong>τῷ</strong></span> <span class='ocrx_word' id='word_1_370' title='bbox 2547 1955 2764 2026; x_wconf 71' lang='grc' dir='ltr'>Μιχαὴλ</span> <span class='ocrx_word' id='word_1_371' title='bbox 2795 1956 3030 2025; x_wconf 80' lang='grc' dir='ltr'><strong>δεσπότῃ</strong></span> <span class='ocrx_word' id='word_1_372' title='bbox 3064 1953 3407 2026; x_wconf 74' lang='grc' dir='ltr'>προσεῤῥύη.</span> 
     </span>
    </p>
   </div>
   <div class='ocr_carea' id='block_1_78' title="bbox 2301 2045 3556 2142">
    <p class='ocr_par' dir='ltr' id='par_1_78' title="bbox 2301 2045 3556 2142">
     <span class='ocr_line' id='line_1_78' title="bbox 2301 2045 3556 2142; baseline 0.002 -42"><span class='ocrx_word' id='word_1_373' title='bbox 2301 2045 2430 2102; x_wconf 71' lang='grc' dir='ltr'>Ιεῖτα</span> <span class='ocrx_word' id='word_1_374' title='bbox 2464 2050 2719 2120; x_wconf 78' lang='grc' dir='ltr'>βασιλεὺς</span> <span class='ocrx_word' id='word_1_375' title='bbox 2768 2049 3059 2118; x_wconf 72' lang='grc' dir='ltr'>Ὀστροϐοῦ</span> <span class='ocrx_word' id='word_1_376' title='bbox 3094 2049 3286 2142; x_wconf 70' lang='grc' dir='ltr'>φθάνει</span> <span class='ocrx_word' id='word_1_377' title='bbox 3318 2050 3556 2122; x_wconf 83' lang='grc' dir='ltr'>λίμνην,</span> 
     </span>
    </p>
   </div>
   <div class='ocr_carea' id='block_1_79' title="bbox 2298 2141 3491 2210">
    <p class='ocr_par' dir='ltr' id='par_1_79' title="bbox 2298 2141 3491 2210">
     <span class='ocr_line' id='line_1_79' title="bbox 2298 2141 3491 2210; baseline 0.003 -19"><span class='ocrx_word' id='word_1_378' title='bbox 2298 2143 2407 2193; x_wconf 73' lang='grc' dir='ltr'>Καὶ</span> <span class='ocrx_word' id='word_1_379' title='bbox 2443 2141 2706 2210; x_wconf 78' lang='grc' dir='ltr'>στρατιὰν</span> <span class='ocrx_word' id='word_1_380' title='bbox 2738 2141 2998 2209; x_wconf 83' lang='grc' dir='ltr'>πέπομφε</span> <span class='ocrx_word' id='word_1_381' title='bbox 3031 2141 3173 2194; x_wconf 87' lang='grc' dir='ltr'><strong>κατά</strong></span> <span class='ocrx_word' id='word_1_382' title='bbox 3203 2143 3491 2197; x_wconf 83' lang='grc' dir='ltr'>δεσπότου.</span> 
     </span>
    </p>
   </div>
   <div class='ocr_carea' id='block_1_80' title="bbox 2295 2232 3373 2300">
    <p class='ocr_par' dir='ltr' id='par_1_80' title="bbox 2295 2232 3373 2300">
     <span class='ocr_line' id='line_1_80' title="bbox 2295 2232 3373 2300; baseline 0.001 -14"><span class='ocrx_word' id='word_1_383' title='bbox 2295 2233 2450 2286; x_wconf 78' lang='grc' dir='ltr'>Μετὰ</span> <span class='ocrx_word' id='word_1_384' title='bbox 2478 2232 2534 2284; x_wconf 84' lang='grc' dir='ltr'><strong>δέ</strong></span> <span class='ocrx_word' id='word_1_385' title='bbox 2569 2232 2764 2300; x_wconf 66' lang='grc' dir='ltr'>μικρὸν</span> <span class='ocrx_word' id='word_1_386' title='bbox 2793 2233 2943 2298; x_wconf 64' lang='grc' dir='ltr'>παρὰ</span> <span class='ocrx_word' id='word_1_387' title='bbox 2973 2233 3155 2285; x_wconf 80' lang='grc' dir='ltr'>πᾶσαν</span> <span class='ocrx_word' id='word_1_388' title='bbox 3185 2233 3373 2287; x_wconf 80' lang='grc' dir='ltr'>ἐλπίδα</span> 
     </span>
    </p>
   </div>
   <div class='ocr_carea' id='block_1_81' title="bbox 2119 2325 3475 2394">
    <p class='ocr_par' dir='ltr' id='par_1_81' title="bbox 2119 2325 3475 2394">
     <span class='ocr_line' id='line_1_81' title="bbox 2119 2325 3475 2394; baseline 0.001 -16"><span class='ocrx_word' id='word_1_389' title='bbox 2119 2325 2257 2379; x_wconf 78' lang='lat'><strong>8690</strong></span> <span class='ocrx_word' id='word_1_390' title='bbox 2298 2325 2670 2394; x_wconf 84' lang='grc' dir='ltr'>ιιροσελθέτην</span> <span class='ocrx_word' id='word_1_391' title='bbox 2704 2325 2898 2378; x_wconf 80' lang='grc' dir='ltr'>ἄνακτι</span> <span class='ocrx_word' id='word_1_392' title='bbox 2929 2325 3141 2389; x_wconf 61' lang='lat' dir='ltr'><strong>musa;</strong></span> <span class='ocrx_word' id='word_1_393' title='bbox 3173 2326 3475 2393; x_wconf 86' lang='grc' dir='ltr'>τούπίκλην</span> 
     </span>
    </p>
   </div>
   <div class='ocr_carea' id='block_1_82' title="bbox 2306 2416 3575 2486">
    <p class='ocr_par' dir='ltr' id='par_1_82' title="bbox 2306 2416 3575 2486">
     <span class='ocr_line' id='line_1_82' title="bbox 2306 2416 3575 2486; baseline 0.003 -18"><span class='ocrx_word' id='word_1_394' title='bbox 2306 2418 2402 2469; x_wconf 81' lang='grc' dir='ltr'>Ἐκ</span> <span class='ocrx_word' id='word_1_395' title='bbox 2431 2417 2764 2486; x_wconf 76' lang='grc' dir='ltr'>Καστορίας,</span> <span class='ocrx_word' id='word_1_396' title='bbox 2798 2416 3062 2484; x_wconf 83' lang='grc' dir='ltr'>ἀγγελεύς</span> <span class='ocrx_word' id='word_1_397' title='bbox 3092 2417 3202 2469; x_wconf 90' lang='grc' dir='ltr'>τῶν</span> <span class='ocrx_word' id='word_1_398' title='bbox 3230 2419 3575 2486; x_wconf 87' lang='grc' dir='ltr'>κρειττόνων,</span> 
     </span>
    </p>
   </div>
   <div class='ocr_carea' id='block_1_83' title="bbox 2211 2508 3494 2578">
    <p class='ocr_par' dir='ltr' id='par_1_83' title="bbox 2211 2508 3494 2578">
     <span class='ocr_line' id='line_1_83' title="bbox 2211 2508 3494 2578; baseline 0 -15"><span class='ocrx_word' id='word_1_399' title='bbox 2211 2517 2222 2524; x_wconf 76' lang='lat'><strong>‘</strong></span> <span class='ocrx_word' id='word_1_400' title='bbox 2295 2511 2401 2563; x_wconf 77' lang='lat' dir='ltr'><strong>Kal</strong></span> <span class='ocrx_word' id='word_1_401' title='bbox 2429 2508 2777 2578; x_wconf 82' lang='grc' dir='ltr'>Πετραλίφας</span> <span class='ocrx_word' id='word_1_402' title='bbox 2810 2509 3046 2577; x_wconf 81' lang='grc' dir='ltr'>εὐγενῶν</span> <span class='ocrx_word' id='word_1_403' title='bbox 3072 2509 3182 2562; x_wconf 79' lang='grc' dir='ltr'>τῶν</span> <span class='ocrx_word' id='word_1_404' title='bbox 3214 2512 3272 2562; x_wconf 84' lang='grc' dir='ltr'><strong>ἐν</strong></span> <span class='ocrx_word' id='word_1_405' title='bbox 3305 2510 3452 2563; x_wconf 86' lang='grc' dir='ltr'>τέλει</span> <span class='ocrx_word' id='word_1_406' title='bbox 3480 2554 3494 2576; x_wconf 88' lang='grc'><strong>,</strong></span> 
     </span>
    </p>
   </div>
   <div class='ocr_carea' id='block_1_84' title="bbox 2296 2601 3524 2671">
    <p class='ocr_par' dir='ltr' id='par_1_84' title="bbox 2296 2601 3524 2671">
     <span class='ocr_line' id='line_1_84' title="bbox 2296 2601 3524 2671; baseline -0.003 -15"><span class='ocrx_word' id='word_1_407' title='bbox 2296 2602 2551 2671; x_wconf 72' lang='grc' dir='ltr'>Γαμϐρδς</span> <span class='ocrx_word' id='word_1_408' title='bbox 2577 2601 2812 2669; x_wconf 87' lang='grc' dir='ltr'>Τορνίκη</span> <span class='ocrx_word' id='word_1_409' title='bbox 2843 2605 3132 2670; x_wconf 77' lang='grc' dir='ltr'>τυγχάνων</span> <span class='ocrx_word' id='word_1_410' title='bbox 3160 2601 3484 2670; x_wconf 78' lang='grc' dir='ltr'>Δημητρίου</span> <span class='ocrx_word' id='word_1_411' title='bbox 3510 2640 3524 2663; x_wconf 88' lang='grc'><strong>,</strong></span> 
     </span>
    </p>
   </div>
   <div class='ocr_carea' id='block_1_85' title="bbox 2293 2690 3436 2761">
    <p class='ocr_par' dir='ltr' id='par_1_85' title="bbox 2293 2690 3436 2761">
     <span class='ocr_line' id='line_1_85' title="bbox 2293 2690 3436 2761; baseline -0.001 -15"><span class='ocrx_word' id='word_1_412' title='bbox 2293 2692 2730 2761; x_wconf 84' lang='grc' dir='ltr'>Γυναικάδελφος</span> <span class='ocrx_word' id='word_1_413' title='bbox 2764 2691 2986 2760; x_wconf 73' lang='grc' dir='ltr'>Μιχαὴλ</span> <span class='ocrx_word' id='word_1_414' title='bbox 3022 2690 3120 2743; x_wconf 82' lang='grc' dir='ltr'><strong>τοῦ</strong></span> <span class='ocrx_word' id='word_1_415' title='bbox 3148 2692 3436 2745; x_wconf 85' lang='grc' dir='ltr'>δεσπότου.</span> 
     </span>
    </p>
   </div>
   <div class='ocr_carea' id='block_1_86' title="bbox 2118 2781 3451 2854">
    <p class='ocr_par' dir='ltr' id='par_1_86' title="bbox 2118 2781 3451 2854">
     <span class='ocr_line' id='line_1_86' title="bbox 2118 2781 3451 2854; baseline -0.003 -16"><span class='ocrx_word' id='word_1_416' title='bbox 2118 2785 2258 2838; x_wconf 74' lang='lat'><strong>8693</strong></span> <span class='ocrx_word' id='word_1_417' title='bbox 2309 2785 2398 2847; x_wconf 83' lang='grc' dir='ltr'><strong>Ὠς</strong></span> <span class='ocrx_word' id='word_1_418' title='bbox 2429 2782 2522 2836; x_wconf 79' lang='grc' dir='ltr'>οὖν</span> <span class='ocrx_word' id='word_1_419' title='bbox 2550 2781 2827 2854; x_wconf 77' lang='grc' dir='ltr'>προσῆλθε</span> <span class='ocrx_word' id='word_1_420' title='bbox 2864 2781 3076 2850; x_wconf 82' lang='grc' dir='ltr'>βασιλεῖ</span> <span class='ocrx_word' id='word_1_421' title='bbox 3104 2783 3451 2851; x_wconf 81' lang='grc' dir='ltr'>Πετραλίφας</span> 
     </span>
    </p>
   </div>
   <div class='ocr_carea' id='block_1_87' title="bbox 2290 2867 3546 2944">
    <p class='ocr_par' dir='ltr' id='par_1_87' title="bbox 2290 2867 3546 2944">
     <span class='ocr_line' id='line_1_87' title="bbox 2290 2867 3546 2944; baseline 0 -17"><span class='ocrx_word' id='word_1_422' title='bbox 2290 2875 2464 2928; x_wconf 79' lang='grc' dir='ltr'>Αὐτόν</span> <span class='ocrx_word' id='word_1_423' title='bbox 2497 2891 2555 2927; x_wconf 89' lang='grc' dir='ltr'><strong>τε</strong></span> <span class='ocrx_word' id='word_1_424' title='bbox 2592 2875 2769 2944; x_wconf 77' lang='grc' dir='ltr'>χαρᾶς</span> <span class='ocrx_word' id='word_1_425' title='bbox 2796 2873 3090 2943; x_wconf 79' lang='grc' dir='ltr'>ἑμπιμπλᾷ</span> <span class='ocrx_word' id='word_1_426' title='bbox 3117 2867 3436 2944; x_wconf 76' lang='grc' dir='ltr'>στράτευμά</span> <span class='ocrx_word' id='word_1_427' title='bbox 3465 2891 3546 2927; x_wconf 73' lang='grc' dir='ltr'><strong>τεο</strong></span> 
     </span>
    </p>
   </div>
   <div class='ocr_carea' id='block_1_88' title="bbox 2299 2957 3332 3035">
    <p class='ocr_par' dir='ltr' id='par_1_88' title="bbox 2299 2957 3332 3035">
     <span class='ocr_line' id='line_1_88' title="bbox 2299 2957 3332 3035; baseline 0 -18"><span class='ocrx_word' id='word_1_428' title='bbox 2299 2957 2472 3028; x_wconf 69' lang='grc' dir='ltr'>Εὐθὺς</span> <span class='ocrx_word' id='word_1_429' title='bbox 2500 2963 2814 3034; x_wconf 79' lang='grc' dir='ltr'>προσερῤὐη</span> <span class='ocrx_word' id='word_1_430' title='bbox 2845 2963 2953 3035; x_wconf 81' lang='grc' dir='ltr'>γὰρ</span> <span class='ocrx_word' id='word_1_431' title='bbox 2980 2966 3012 3033; x_wconf 84' lang='grc' dir='ltr'><strong>ἡ</strong></span> <span class='ocrx_word' id='word_1_432' title='bbox 3049 2965 3332 3035; x_wconf 82' lang='grc' dir='ltr'>Καστορία</span> 
     </span>
    </p>
   </div>
   <div class='ocr_carea' id='block_1_89' title="bbox 2294 3058 3379 3127">
    <p class='ocr_par' dir='ltr' id='par_1_89' title="bbox 2294 3058 3379 3127">
     <span class='ocr_line' id='line_1_89' title="bbox 2294 3058 3379 3127; baseline 0.001 -15"><span class='ocrx_word' id='word_1_433' title='bbox 2294 3063 2402 3112; x_wconf 74' lang='lat' dir='ltr'><strong>Kal</strong></span> <span class='ocrx_word' id='word_1_434' title='bbox 2435 3060 2500 3111; x_wconf 73' lang='grc' dir='ltr'><strong>τὰ</strong></span> <span class='ocrx_word' id='word_1_435' title='bbox 2534 3058 2693 3127; x_wconf 79' lang='grc' dir='ltr'>πέριξ</span> <span class='ocrx_word' id='word_1_436' title='bbox 2728 3059 2943 3112; x_wconf 77' lang='grc' dir='ltr'>ἅπαντα</span> <span class='ocrx_word' id='word_1_437' title='bbox 2975 3058 3072 3111; x_wconf 76' lang='grc' dir='ltr'><strong>σὺν</strong></span> <span class='ocrx_word' id='word_1_438' title='bbox 3103 3059 3379 3113; x_wconf 79' lang='grc' dir='ltr'>Δεαϐόλει.</span> 
     </span>
    </p>
   </div>
   <div class='ocr_carea' id='block_1_90' title="bbox 2178 3147 3385 3221">
    <p class='ocr_par' dir='ltr' id='par_1_90' title="bbox 2178 3147 3385 3221">
     <span class='ocr_line' id='line_1_90' title="bbox 2178 3147 3385 3221; baseline 0 -17"><span class='ocrx_word' id='word_1_439' title='bbox 2178 3171 2188 3188; x_wconf 72' lang='grc' dir='ltr'><strong>ι</strong></span> <span class='ocrx_word' id='word_1_440' title='bbox 2290 3151 2398 3204; x_wconf 78' lang='lat' dir='ltr'><strong>Kal</strong></span> <span class='ocrx_word' id='word_1_441' title='bbox 2425 3150 2696 3219; x_wconf 80' lang='grc' dir='ltr'>Γολεάμος</span> <span class='ocrx_word' id='word_1_442' title='bbox 2737 3149 3010 3203; x_wconf 78' lang='grc' dir='ltr'>Ἀλσανῶν</span> <span class='ocrx_word' id='word_1_443' title='bbox 3041 3147 3122 3212; x_wconf 74' lang='grc' dir='ltr'>εἷς</span> <span class='ocrx_word' id='word_1_444' title='bbox 3152 3151 3385 3221; x_wconf 78' lang='grc' dir='ltr'>ἐντίμων</span> 
     </span>
    </p>
   </div>
   <div class='ocr_carea' id='block_1_91' title="bbox 2017 3223 3208 3313">
    <p class='ocr_par' dir='ltr' id='par_1_91' title="bbox 2017 3223 3208 3313">
     <span class='ocr_line' id='line_1_91' title="bbox 2017 3223 3208 3313; baseline -0.003 -14"><span class='ocrx_word' id='word_1_445' title='bbox 2017 3223 2045 3244; x_wconf 64' lang='grc'><em>⁸</em></span> <span class='ocrx_word' id='word_1_446' title='bbox 2117 3244 2254 3299; x_wconf 80' lang='lat'><strong>8700</strong></span> <span class='ocrx_word' id='word_1_447' title='bbox 2294 3243 2631 3312; x_wconf 70' lang='grc' dir='ltr'>Δύτανεψιὰν</span> <span class='ocrx_word' id='word_1_448' title='bbox 2663 3242 2900 3313; x_wconf 73' lang='grc' dir='ltr'>Ειρήνης</span> <span class='ocrx_word' id='word_1_449' title='bbox 2937 3241 3208 3312; x_wconf 78' lang='grc' dir='ltr'>βασιλίδος</span> 
     </span>
    </p>
   </div>
   <div class='ocr_carea' id='block_1_92' title="bbox 2297 3334 3359 3406">
    <p class='ocr_par' dir='ltr' id='par_1_92' title="bbox 2297 3334 3359 3406">
     <span class='ocr_line' id='line_1_92' title="bbox 2297 3334 3359 3406; baseline 0 -18"><span class='ocrx_word' id='word_1_450' title='bbox 2297 3336 2564 3388; x_wconf 78' lang='grc' dir='ltr'>Σύνευνον</span> <span class='ocrx_word' id='word_1_451' title='bbox 2599 3335 2814 3406; x_wconf 79' lang='grc' dir='ltr'>αὐχῶν,</span> <span class='ocrx_word' id='word_1_452' title='bbox 2851 3335 2930 3397; x_wconf 84' lang='grc' dir='ltr'><strong>εἰς</strong></span> <span class='ocrx_word' id='word_1_453' title='bbox 2957 3336 3140 3404; x_wconf 87' lang='grc' dir='ltr'>ὅμηρα</span> <span class='ocrx_word' id='word_1_454' title='bbox 3174 3334 3359 3403; x_wconf 83' lang='grc' dir='ltr'>φιλίας</span> 
     </span>
    </p>
   </div>
   <div class='ocr_carea' id='block_1_93' title="bbox 2293 3417 3642 3496">
    <p class='ocr_par' dir='ltr' id='par_1_93' title="bbox 2293 3417 3642 3496">
     <span class='ocr_line' id='line_1_93' title="bbox 2293 3417 3642 3496; baseline -0.002 -15"><span class='ocrx_word' id='word_1_455' title='bbox 2293 3429 2588 3496; x_wconf 72' lang='grc' dir='ltr'>Γράμμασι</span> <span class='ocrx_word' id='word_1_456' title='bbox 2632 3426 2911 3489; x_wconf 66' lang='grc' dir='ltr'>πεισθεὶς,</span> <span class='ocrx_word' id='word_1_457' title='bbox 2956 3427 3398 3494; x_wconf 73' lang='grc' dir='ltr'>αὐτεπάγγελτος</span> <span class='ocrx_word' id='word_1_458' title='bbox 3435 3417 3642 3491; x_wconf 66' lang='grc' dir='ltr'>φθάνειο</span> 
     </span>
    </p>
   </div>
   <div class='ocr_carea' id='block_1_94' title="bbox 2295 3519 3488 3590">
    <p class='ocr_par' dir='ltr' id='par_1_94' title="bbox 2295 3519 3488 3590">
     <span class='ocr_line' id='line_1_94' title="bbox 2295 3519 3488 3590; baseline -0.001 -19"><span class='ocrx_word' id='word_1_459' title='bbox 2295 3520 2518 3588; x_wconf 70' lang='grc' dir='ltr'>(ιύσπερ</span> <span class='ocrx_word' id='word_1_460' title='bbox 2550 3521 2863 3590; x_wconf 73' lang='grc' dir='ltr'>κρατάρχης</span> <span class='ocrx_word' id='word_1_461' title='bbox 2893 3519 3137 3586; x_wconf 69' lang='grc' dir='ltr'>εὐμενῶς</span> <span class='ocrx_word' id='word_1_462' title='bbox 3165 3519 3488 3587; x_wconf 79' lang='grc' dir='ltr'>δεδεγμένος</span> 
     </span>
    </p>
   </div>
   <div class='ocr_carea' id='block_1_95' title="bbox 2297 3610 3342 3682">
    <p class='ocr_par' dir='ltr' id='par_1_95' title="bbox 2297 3610 3342 3682">
     <span class='ocr_line' id='line_1_95' title="bbox 2297 3610 3342 3682; baseline 0 -18"><span class='ocrx_word' id='word_1_463' title='bbox 2297 3612 2526 3672; x_wconf 78' lang='grc' dir='ltr'>Πολλαῖς</span> <span class='ocrx_word' id='word_1_464' title='bbox 2557 3611 2867 3682; x_wconf 74' lang='grc' dir='ltr'>ἐδωρήσατο</span> <span class='ocrx_word' id='word_1_465' title='bbox 2899 3612 3018 3672; x_wconf 87' lang='grc' dir='ltr'>ταῖς</span> <span class='ocrx_word' id='word_1_466' title='bbox 3045 3610 3342 3671; x_wconf 73' lang='grc' dir='ltr'>εὐποιίαις.</span> 
     </span>
    </p>
   </div>
   <div class='ocr_carea' id='block_1_96' title="bbox 2111 3703 3425 3776">
    <p class='ocr_par' dir='ltr' id='par_1_96' title="bbox 2111 3703 3425 3776">
     <span class='ocr_line' id='line_1_96' title="bbox 2111 3703 3425 3776; baseline -0.002 -18"><span class='ocrx_word' id='word_1_467' title='bbox 2111 3705 2252 3758; x_wconf 76' lang='grc'><strong>8705</strong></span> <span class='ocrx_word' id='word_1_468' title='bbox 2292 3703 2458 3756; x_wconf 77' lang='grc' dir='ltr'>Ταῦτ’</span> <span class='ocrx_word' id='word_1_469' title='bbox 2488 3703 2596 3774; x_wconf 79' lang='grc' dir='ltr'>ἄρα</span> <span class='ocrx_word' id='word_1_470' title='bbox 2632 3703 2820 3772; x_wconf 82' lang='grc' dir='ltr'>μαθὼν</span> <span class='ocrx_word' id='word_1_471' title='bbox 2851 3703 3069 3772; x_wconf 79' lang='grc' dir='ltr'>Μιχαὴλ</span> <span class='ocrx_word' id='word_1_472' title='bbox 3102 3704 3130 3756; x_wconf 86' lang='grc' dir='ltr'><strong>δ</strong></span> <span class='ocrx_word' id='word_1_473' title='bbox 3157 3704 3425 3776; x_wconf 82' lang='grc' dir='ltr'>δεσπότης</span> 
     </span>
    </p>
   </div>
   <div class='ocr_carea' id='block_1_97' title="bbox 2295 3791 3593 3861">
    <p class='ocr_par' dir='ltr' id='par_1_97' title="bbox 2295 3791 3593 3861">
     <span class='ocr_line' id='line_1_97' title="bbox 2295 3791 3593 3861; baseline 0.007 -19"><span class='ocrx_word' id='word_1_474' title='bbox 2295 3791 2546 3860; x_wconf 79' lang='grc' dir='ltr'>Ἐπεμψε</span> <span class='ocrx_word' id='word_1_475' title='bbox 2581 3791 2843 3860; x_wconf 76' lang='grc' dir='ltr'>πρέσϐεις</span> <span class='ocrx_word' id='word_1_476' title='bbox 2863 3832 2879 3853; x_wconf 86' lang='grc'><strong>,</strong></span> <span class='ocrx_word' id='word_1_477' title='bbox 2913 3792 3148 3861; x_wconf 86' lang='grc' dir='ltr'>ποιμένα</span> <span class='ocrx_word' id='word_1_478' title='bbox 3177 3794 3554 3850; x_wconf 78' lang='grc' dir='ltr'>Ναυπακτίων</span> <span class='ocrx_word' id='word_1_479' title='bbox 3580 3837 3593 3858; x_wconf 91' lang='grc'><strong>.</strong></span> 
     </span>
    </p>
   </div>
   <div class='ocr_carea' id='block_1_98' title="bbox 2290 3883 3302 3957">
    <p class='ocr_par' dir='ltr' id='par_1_98' title="bbox 2290 3883 3302 3957">
     <span class='ocr_line' id='line_1_98' title="bbox 2290 3883 3302 3957; baseline 0.004 -20"><span class='ocrx_word' id='word_1_480' title='bbox 2290 3883 2638 3952; x_wconf 75' lang='grc' dir='ltr'>Μαλιασηνδν</span> <span class='ocrx_word' id='word_1_481' title='bbox 2663 3885 2858 3954; x_wconf 81' lang='grc' dir='ltr'>εὐγενῆ</span> <span class='ocrx_word' id='word_1_482' title='bbox 2885 3886 2979 3938; x_wconf 77' lang='grc' dir='ltr'>καὶ</span> <span class='ocrx_word' id='word_1_483' title='bbox 3003 3887 3302 3957; x_wconf 76' lang='grc' dir='ltr'>Λαμπέτην</span> 
     </span>
    </p>
   </div>
   <div class='ocr_carea' id='block_1_99' title="bbox 2297 3975 3626 4058">
    <p class='ocr_par' dir='ltr' id='par_1_99' title="bbox 2297 3975 3626 4058">
     <span class='ocr_line' id='line_1_99' title="bbox 2297 3975 3626 4058; baseline 0.007 -31"><span class='ocrx_word' id='word_1_484' title='bbox 2297 3975 2438 4042; x_wconf 82' lang='grc' dir='ltr'>Πρὸς</span> <span class='ocrx_word' id='word_1_485' title='bbox 2471 3976 2563 4029; x_wconf 83' lang='grc' dir='ltr'>τὸν</span> <span class='ocrx_word' id='word_1_486' title='bbox 2593 3975 2897 4046; x_wconf 81' lang='grc' dir='ltr'>κρατοῦντα</span> <span class='ocrx_word' id='word_1_487' title='bbox 2921 4017 2936 4042; x_wconf 94' lang='grc'><strong>,</strong></span> <span class='ocrx_word' id='word_1_488' title='bbox 2959 3979 3058 4032; x_wconf 71' lang='grc' dir='ltr'>καὶ</span> <span class='ocrx_word' id='word_1_489' title='bbox 3085 3980 3295 4058; x_wconf 62' lang='grc' dir='ltr'>τιθορσι</span> <span class='ocrx_word' id='word_1_490' title='bbox 3329 3986 3626 4053; x_wconf 70' lang='grc' dir='ltr'>συμϐάσεις</span> 
     </span>
    </p>
   </div>
   <div class='ocr_carea' id='block_1_100' title="bbox 2300 4071 3523 4145">
    <p class='ocr_par' dir='ltr' id='par_1_100' title="bbox 2300 4071 3523 4145">
     <span class='ocr_line' id='line_1_100' title="bbox 2300 4071 3523 4145; baseline 0.009 -24"><span class='ocrx_word' id='word_1_491' title='bbox 2300 4071 2406 4122; x_wconf 71' lang='grc' dir='ltr'>Καὶ</span> <span class='ocrx_word' id='word_1_492' title='bbox 2438 4074 2764 4140; x_wconf 87' lang='grc' dir='ltr'>παραχωρεῖ</span> <span class='ocrx_word' id='word_1_493' title='bbox 2797 4072 3020 4142; x_wconf 73' lang='grc' dir='ltr'>Μιχαὴλ</span> <span class='ocrx_word' id='word_1_494' title='bbox 3047 4074 3142 4126; x_wconf 80' lang='grc' dir='ltr'>τοῦ</span> <span class='ocrx_word' id='word_1_495' title='bbox 3173 4071 3485 4145; x_wconf 75' lang='grc' dir='ltr'>Πριλλᾶπου</span> <span class='ocrx_word' id='word_1_496' title='bbox 3509 4121 3523 4142; x_wconf 86' lang='grc'><strong>,</strong></span> 
     </span>
    </p>
   </div>
   <div class='ocr_carea' id='block_1_101' title="bbox 2117 4161 3437 4238">
    <p class='ocr_par' dir='ltr' id='par_1_101' title="bbox 2117 4161 3437 4238">
     <span class='ocr_line' id='line_1_101' title="bbox 2117 4161 3437 4238; baseline 0.002 -22"><span class='ocrx_word' id='word_1_497' title='bbox 2117 4164 2256 4216; x_wconf 79' lang='grc'>8710</span> <span class='ocrx_word' id='word_1_498' title='bbox 2299 4161 2596 4226; x_wconf 79' lang='grc' dir='ltr'>Βελεσσοῦ,</span> <span class='ocrx_word' id='word_1_499' title='bbox 2631 4165 2824 4233; x_wconf 83' lang='grc' dir='ltr'>Κροῶν</span> <span class='ocrx_word' id='word_1_500' title='bbox 2854 4165 3064 4217; x_wconf 87' lang='grc' dir='ltr'>ἀστέων</span> <span class='ocrx_word' id='word_1_501' title='bbox 3093 4169 3437 4238; x_wconf 80' lang='grc' dir='ltr'>στεφηφόρῳ.</span> 
     </span>
    </p>
   </div>
   <div class='ocr_carea' id='block_1_102' title="bbox 2294 4252 3496 4329">
    <p class='ocr_par' dir='ltr' id='par_1_102' title="bbox 2294 4252 3496 4329">
     <span class='ocr_line' id='line_1_102' title="bbox 2294 4252 3496 4329; baseline 0.007 -23"><span class='ocrx_word' id='word_1_502' title='bbox 2294 4252 2404 4306; x_wconf 72' lang='grc' dir='ltr'>Εἶτ’</span> <span class='ocrx_word' id='word_1_503' title='bbox 2429 4255 2688 4322; x_wconf 77' lang='grc' dir='ltr'>ἀσφαλεῖς</span> <span class='ocrx_word' id='word_1_504' title='bbox 2717 4255 2928 4324; x_wconf 85' lang='grc' dir='ltr'>τίθησιν</span> <span class='ocrx_word' id='word_1_505' title='bbox 2957 4256 3152 4325; x_wconf 82' lang='grc' dir='ltr'>ὅρκους</span> <span class='ocrx_word' id='word_1_506' title='bbox 3177 4260 3496 4329; x_wconf 75' lang='grc' dir='ltr'>ἐγγράφως,</span> 
     </span>
    </p>
   </div>
   <div class='ocr_carea' id='block_1_103' title="bbox 2291 4346 3404 4424">
    <p class='ocr_par' dir='ltr' id='par_1_103' title="bbox 2291 4346 3404 4424">
     <span class='ocr_line' id='line_1_103' title="bbox 2291 4346 3404 4424; baseline 0.005 -26"><span class='ocrx_word' id='word_1_507' title='bbox 2291 4348 2400 4399; x_wconf 72' lang='grc' dir='ltr'><strong>Καὶ</strong></span> <span class='ocrx_word' id='word_1_508' title='bbox 2437 4346 2652 4415; x_wconf 77' lang='grc' dir='ltr'>Μιχαὴλ</span> <span class='ocrx_word' id='word_1_509' title='bbox 2681 4346 2972 4415; x_wconf 84' lang='grc' dir='ltr'>πέπομφεν</span> <span class='ocrx_word' id='word_1_510' title='bbox 3004 4347 3140 4412; x_wconf 78' lang='grc' dir='ltr'>ἄναξ</span> <span class='ocrx_word' id='word_1_511' title='bbox 3168 4350 3404 4424; x_wconf 82' lang='grc' dir='ltr'>δεσπότῃ</span> 
     </span>
    </p>
   </div>
   <div class='ocr_carea' id='block_1_104' title="bbox 2290 4438 3342 4508">
    <p class='ocr_par' dir='ltr' id='par_1_104' title="bbox 2290 4438 3342 4508">
     <span class='ocr_line' id='line_1_104' title="bbox 2290 4438 3342 4508; baseline 0.001 -17"><span class='ocrx_word' id='word_1_512' title='bbox 2290 4440 2371 4502; x_wconf 73' lang='grc' dir='ltr'>,Δι’</span> <span class='ocrx_word' id='word_1_513' title='bbox 2400 4438 2698 4508; x_wconf 79' lang='grc' dir='ltr'>ἀρχιούτου</span> <span class='ocrx_word' id='word_1_514' title='bbox 2726 4441 2892 4492; x_wconf 78' lang='grc' dir='ltr'>Φωκᾶ</span> <span class='ocrx_word' id='word_1_515' title='bbox 2918 4440 3308 4508; x_wconf 80' lang='grc' dir='ltr'>Φιλαδελφείας</span> <span class='ocrx_word' id='word_1_516' title='bbox 3326 4484 3342 4508; x_wconf 84' lang='grc'><strong>,</strong></span> 
     </span>
    </p>
   </div>
   <div class='ocr_carea' id='block_1_105' title="bbox 2003 4521 3228 4598">
    <p class='ocr_par' dir='ltr' id='par_1_105' title="bbox 2003 4521 3228 4598">
     <span class='ocr_line' id='line_1_105' title="bbox 2003 4521 3228 4598; baseline 0.005 -18"><span class='ocrx_word' id='word_1_517' title='bbox 2003 4521 2052 4580; x_wconf 84' lang='grc' dir='ltr'><strong>Ῑ)</strong></span> <span class='ocrx_word' id='word_1_518' title='bbox 2212 4541 2226 4550; x_wconf 77' lang='grc'><em>³</em></span> <span class='ocrx_word' id='word_1_519' title='bbox 2304 4532 2534 4584; x_wconf 83' lang='grc' dir='ltr'>Ἰσακίου</span> <span class='ocrx_word' id='word_1_520' title='bbox 2567 4531 2740 4583; x_wconf 84' lang='grc' dir='ltr'>Δούκα</span> <span class='ocrx_word' id='word_1_521' title='bbox 2771 4549 2829 4583; x_wconf 86' lang='grc' dir='ltr'><strong>τε</strong></span> <span class='ocrx_word' id='word_1_522' title='bbox 2864 4531 2959 4585; x_wconf 74' lang='grc' dir='ltr'>καὶ</span> <span class='ocrx_word' id='word_1_523' title='bbox 2996 4533 3228 4598; x_wconf 81' lang='grc' dir='ltr'>Ὑαλέα,</span> 
     </span>
    </p>
   </div>
   <div class='ocr_carea' id='block_1_106' title="bbox 2119 4624 3420 4695">
    <p class='ocr_par' dir='ltr' id='par_1_106' title="bbox 2119 4624 3420 4695">
     <span class='ocr_line' id='line_1_106' title="bbox 2119 4624 3420 4695; baseline 0.002 -19"><span class='ocrx_word' id='word_1_524' title='bbox 2119 4624 2260 4676; x_wconf 72' lang='grc'><strong>8715</strong></span> <span class='ocrx_word' id='word_1_525' title='bbox 2300 4624 2361 4674; x_wconf 75' lang='grc' dir='ltr'><strong>οι</strong></span> <span class='ocrx_word' id='word_1_526' title='bbox 2393 4625 2532 4693; x_wconf 76' lang='grc' dir='ltr'>πρὸς</span> <span class='ocrx_word' id='word_1_527' title='bbox 2563 4625 2812 4693; x_wconf 84' lang='grc' dir='ltr'>Λαρίσσῃ</span> <span class='ocrx_word' id='word_1_528' title='bbox 2845 4625 3064 4695; x_wconf 71' lang='grc' dir='ltr'>Μιχαὴλ</span> <span class='ocrx_word' id='word_1_529' title='bbox 3091 4627 3420 4695; x_wconf 75' lang='grc' dir='ltr'>εὑρηκότες,</span> 
     </span>
    </p>
   </div>
   <div class='ocr_carea' id='block_1_107' title="bbox 2291 4715 3419 4788">
    <p class='ocr_par' dir='ltr' id='par_1_107' title="bbox 2291 4715 3419 4788">
     <span class='ocr_line' id='line_1_107' title="bbox 2291 4715 3419 4788; baseline 0.005 -22"><span class='ocrx_word' id='word_1_530' title='bbox 2291 4716 2534 4778; x_wconf 72' lang='grc' dir='ltr'>Σπονδὰς</span> <span class='ocrx_word' id='word_1_531' title='bbox 2565 4715 2960 4785; x_wconf 85' lang='grc' dir='ltr'>πεπληρώκασι</span> <span class='ocrx_word' id='word_1_532' title='bbox 2998 4717 3249 4788; x_wconf 77' lang='grc' dir='ltr'>καθάπερ</span> <span class='ocrx_word' id='word_1_533' title='bbox 3279 4720 3419 4772; x_wconf 86' lang='grc' dir='ltr'>δέον·</span> 
     </span>
    </p>
   </div>
   <div class='ocr_carea' id='block_1_108' title="bbox 2295 4805 3367 4877">
    <p class='ocr_par' dir='ltr' id='par_1_108' title="bbox 2295 4805 3367 4877">
     <span class='ocr_line' id='line_1_108' title="bbox 2295 4805 3367 4877; baseline 0.006 -21"><span class='ocrx_word' id='word_1_534' title='bbox 2295 4805 2525 4856; x_wconf 77' lang='grc' dir='ltr'>Ἔπειτα</span> <span class='ocrx_word' id='word_1_535' title='bbox 2557 4805 2720 4858; x_wconf 84' lang='grc' dir='ltr'>παῖδα</span> <span class='ocrx_word' id='word_1_536' title='bbox 2754 4806 2904 4858; x_wconf 75' lang='grc' dir='ltr'>τοῦδε</span> <span class='ocrx_word' id='word_1_537' title='bbox 2935 4808 3024 4860; x_wconf 77' lang='grc' dir='ltr'><strong>τὸν</strong></span> <span class='ocrx_word' id='word_1_538' title='bbox 3053 4809 3367 4877; x_wconf 84' lang='grc' dir='ltr'>Νικηφόρον</span> 
     </span>
    </p>
   </div>
   <div class='ocr_carea' id='block_1_109' title="bbox 2295 4895 3542 4967">
    <p class='ocr_par' dir='ltr' id='par_1_109' title="bbox 2295 4895 3542 4967">
     <span class='ocr_line' id='line_1_109' title="bbox 2295 4895 3542 4967; baseline 0.008 -21"><span class='ocrx_word' id='word_1_539' title='bbox 2295 4895 2711 4965; x_wconf 79' lang='grc' dir='ltr'>Παραλαϐόντες</span> <span class='ocrx_word' id='word_1_540' title='bbox 2736 4897 2832 4950; x_wconf 78' lang='grc' dir='ltr'>καὶ</span> <span class='ocrx_word' id='word_1_541' title='bbox 2860 4900 2976 4967; x_wconf 80' lang='grc' dir='ltr'>μετ’</span> <span class='ocrx_word' id='word_1_542' title='bbox 3009 4899 3174 4952; x_wconf 80' lang='grc' dir='ltr'>αὐτοῦ</span> <span class='ocrx_word' id='word_1_543' title='bbox 3204 4900 3250 4953; x_wconf 83' lang='grc' dir='ltr'>δ’</span> <span class='ocrx_word' id='word_1_544' title='bbox 3283 4897 3349 4955; x_wconf 79' lang='grc' dir='ltr'>αὖ</span> <span class='ocrx_word' id='word_1_545' title='bbox 3379 4903 3542 4956; x_wconf 88' lang='grc' dir='ltr'>πάλιν</span> 
     </span>
    </p>
   </div>
   <div class='ocr_carea' id='block_1_110' title="bbox 2292 4986 3464 5064">
    <p class='ocr_par' dir='ltr' id='par_1_110' title="bbox 2292 4986 3464 5064">
     <span class='ocr_line' id='line_1_110' title="bbox 2292 4986 3464 5064; baseline 0.007 -27"><span class='ocrx_word' id='word_1_546' title='bbox 2292 4986 2395 5038; x_wconf 80' lang='grc' dir='ltr'><strong>Τὸν</strong></span> <span class='ocrx_word' id='word_1_547' title='bbox 2433 4987 2696 5054; x_wconf 75' lang='grc' dir='ltr'>’Ἄγγελον</span> <span class='ocrx_word' id='word_1_548' title='bbox 2727 4987 2950 5058; x_wconf 85' lang='grc' dir='ltr'>δέσμιον</span> <span class='ocrx_word' id='word_1_549' title='bbox 2978 4989 3054 5051; x_wconf 84' lang='grc' dir='ltr'>ὡς</span> <span class='ocrx_word' id='word_1_550' title='bbox 3083 4991 3250 5058; x_wconf 83' lang='grc' dir='ltr'>φαυλε</span> <span class='ocrx_word' id='word_1_551' title='bbox 3262 4993 3464 5064; x_wconf 86' lang='grc' dir='ltr'>ργάτην</span> 
     </span>
    </p>
   </div>
   <div class='ocr_carea' id='block_1_111' title="bbox 2113 5076 3324 5149">
    <p class='ocr_par' dir='ltr' id='par_1_111' title="bbox 2113 5076 3324 5149">
     <span class='ocr_line' id='line_1_111' title="bbox 2113 5076 3324 5149; baseline 0.005 -19"><span class='ocrx_word' id='word_1_552' title='bbox 2113 5077 2251 5130; x_wconf 68' lang='lat'><strong>8720</strong></span> <span class='ocrx_word' id='word_1_553' title='bbox 2292 5078 2454 5140; x_wconf 77' lang='grc' dir='ltr'>Αὖθις</span> <span class='ocrx_word' id='word_1_554' title='bbox 2486 5076 2888 5146; x_wconf 80' lang='grc' dir='ltr'>ὑποστρέφουσι</span> <span class='ocrx_word' id='word_1_555' title='bbox 2920 5078 3055 5148; x_wconf 81' lang='grc' dir='ltr'>πρὸς</span> <span class='ocrx_word' id='word_1_556' title='bbox 3079 5080 3324 5149; x_wconf 81' lang='grc' dir='ltr'>βασιλέα.</span> 
     </span>
    </p>
   </div>
   <div class='ocr_carea' id='block_1_112' title="bbox 2289 5169 3416 5244">
    <p class='ocr_par' dir='ltr' id='par_1_112' title="bbox 2289 5169 3416 5244">
     <span class='ocr_line' id='line_1_112' title="bbox 2289 5169 3416 5244; baseline 0.012 -23"><span class='ocrx_word' id='word_1_557' title='bbox 2289 5170 2440 5240; x_wconf 84' lang='grc' dir='ltr'>’ῐίμᾷ</span> <span class='ocrx_word' id='word_1_558' title='bbox 2462 5169 2507 5221; x_wconf 86' lang='grc' dir='ltr'>δ’</span> <span class='ocrx_word' id='word_1_559' title='bbox 2537 5171 2564 5223; x_wconf 87' lang='grc' dir='ltr'>ὁ</span> <span class='ocrx_word' id='word_1_560' title='bbox 2595 5170 2814 5238; x_wconf 87' lang='grc' dir='ltr'>κρατῶν</span> <span class='ocrx_word' id='word_1_561' title='bbox 2845 5171 2968 5236; x_wconf 80' lang='grc' dir='ltr'>ἄξια</span> <span class='ocrx_word' id='word_1_562' title='bbox 2999 5174 3094 5226; x_wconf 88' lang='grc' dir='ltr'>τοῦ</span> <span class='ocrx_word' id='word_1_563' title='bbox 3120 5176 3381 5234; x_wconf 84' lang='grc' dir='ltr'>δεσπότου</span> <span class='ocrx_word' id='word_1_564' title='bbox 3401 5223 3416 5244; x_wconf 87' lang='grc'><strong>,</strong></span> 
     </span>
    </p>
   </div>
   <div class='ocr_carea' id='block_1_113' title="bbox 2293 5260 3479 5342">
    <p class='ocr_par' dir='ltr' id='par_1_113' title="bbox 2293 5260 3479 5342">
     <span class='ocr_line' id='line_1_113' title="bbox 2293 5260 3479 5342; baseline 0.013 -31"><span class='ocrx_word' id='word_1_565' title='bbox 2293 5263 2395 5313; x_wconf 77' lang='grc' dir='ltr'><strong>Τὸν</strong></span> <span class='ocrx_word' id='word_1_566' title='bbox 2430 5260 2522 5314; x_wconf 81' lang='grc' dir='ltr'>τοῦ</span> <span class='ocrx_word' id='word_1_567' title='bbox 2555 5261 2776 5331; x_wconf 81' lang='grc' dir='ltr'>Μιχαὴλ</span> <span class='ocrx_word' id='word_1_568' title='bbox 2825 5263 2990 5316; x_wconf 83' lang='grc' dir='ltr'>παῖδα</span> <span class='ocrx_word' id='word_1_569' title='bbox 3023 5265 3114 5318; x_wconf 85' lang='grc' dir='ltr'>τὸν</span> <span class='ocrx_word' id='word_1_570' title='bbox 3143 5268 3479 5342; x_wconf 82' lang='grc' dir='ltr'>Νικηφόρον.</span> 
     </span>
    </p>
   </div>
   <div class='ocr_carea' id='block_1_114' title="bbox 2287 5351 3544 5436">
    <p class='ocr_par' dir='ltr' id='par_1_114' title="bbox 2287 5351 3544 5436">
     <span class='ocr_line' id='line_1_114' title="bbox 2287 5351 3544 5436; baseline 0.011 -33"><span class='ocrx_word' id='word_1_571' title='bbox 2287 5351 2445 5404; x_wconf 73' lang='grc' dir='ltr'>Οὕτω</span> <span class='ocrx_word' id='word_1_572' title='bbox 2481 5353 2719 5420; x_wconf 84' lang='grc' dir='ltr'>περάνας</span> <span class='ocrx_word' id='word_1_573' title='bbox 2755 5352 2819 5405; x_wconf 72' lang='grc' dir='ltr'><strong>τά</strong></span> <span class='ocrx_word' id='word_1_574' title='bbox 2854 5355 2990 5423; x_wconf 74' lang='grc' dir='ltr'>πρὸς</span> <span class='ocrx_word' id='word_1_575' title='bbox 3021 5357 3264 5428; x_wconf 71' lang='grc' dir='ltr'>ἑσπέραν</span> <span class='ocrx_word' id='word_1_576' title='bbox 3301 5365 3544 5436; x_wconf 81' lang='grc' dir='ltr'>κράτωρ,</span> 
     </span>
    </p>
   </div>
   <div class='ocr_carea' id='block_1_115' title="bbox 2292 5444 3541 5523">
    <p class='ocr_par' dir='ltr' id='par_1_115' title="bbox 2292 5444 3541 5523">
     <span class='ocr_line' id='line_1_115' title="bbox 2292 5444 3541 5523; baseline 0.013 -30"><span class='ocrx_word' id='word_1_577' title='bbox 2292 5447 2408 5499; x_wconf 84' lang='grc' dir='ltr'><strong>Κάν</strong></span> <span class='ocrx_word' id='word_1_578' title='bbox 2439 5447 2551 5508; x_wconf 84' lang='grc' dir='ltr'>τοῖς</span> <span class='ocrx_word' id='word_1_579' title='bbox 2581 5444 2829 5513; x_wconf 83' lang='grc' dir='ltr'>Βοδηνῶν</span> <span class='ocrx_word' id='word_1_580' title='bbox 2857 5452 3285 5518; x_wconf 76' lang='grc' dir='ltr'>παραχειμάσας</span> <span class='ocrx_word' id='word_1_581' title='bbox 3313 5455 3505 5518; x_wconf 84' lang='grc' dir='ltr'>τόποις</span> <span class='ocrx_word' id='word_1_582' title='bbox 3525 5499 3541 5523; x_wconf 86' lang='grc'><strong>,</strong></span> 
     </span>
    </p>
   </div>
   <div class='ocr_carea' id='block_1_116' title="bbox 2107 5537 3328 5609">
    <p class='ocr_par' dir='ltr' id='par_1_116' title="bbox 2107 5537 3328 5609">
     <span class='ocr_line' id='line_1_116' title="bbox 2107 5537 3328 5609; baseline 0.012 -24"><span class='ocrx_word' id='word_1_583' title='bbox 2107 5544 2176 5597; x_wconf 57' lang='lat' dir='ltr'><strong>is“,</strong></span> <span class='ocrx_word' id='word_1_584' title='bbox 2200 5543 2250 5594; x_wconf 63' lang='lat' dir='ltr'><strong>lii</strong></span> <span class='ocrx_word' id='word_1_585' title='bbox 2292 5537 2466 5609; x_wconf 86' lang='grc' dir='ltr'>Ἧρος</span> <span class='ocrx_word' id='word_1_586' title='bbox 2502 5537 2766 5606; x_wconf 83' lang='grc' dir='ltr'>φανέντος</span> <span class='ocrx_word' id='word_1_587' title='bbox 2795 5539 3116 5594; x_wconf 85' lang='grc' dir='ltr'>καταλιπὼν</span> <span class='ocrx_word' id='word_1_588' title='bbox 3141 5545 3328 5600; x_wconf 81' lang='grc' dir='ltr'>αὐτόθι</span> 
     </span>
    </p>
   </div>
   <div class='ocr_carea' id='block_1_117' title="bbox 2291 5629 3567 5710">
    <p class='ocr_par' dir='ltr' id='par_1_117' title="bbox 2291 5629 3567 5710">
     <span class='ocr_line' id='line_1_117' title="bbox 2291 5629 3567 5710; baseline 0.008 -26"><span class='ocrx_word' id='word_1_589' title='bbox 2291 5631 2556 5684; x_wconf 82' lang='grc' dir='ltr'>Πλεῖστον</span> <span class='ocrx_word' id='word_1_590' title='bbox 2593 5629 2856 5696; x_wconf 81' lang='grc' dir='ltr'>στρατιᾶς</span> <span class='ocrx_word' id='word_1_591' title='bbox 2876 5668 2889 5688; x_wconf 85' lang='grc'><strong>.</strong></span> <span class='ocrx_word' id='word_1_592' title='bbox 2921 5630 3018 5682; x_wconf 82' lang='grc' dir='ltr'>σὺν</span> <span class='ocrx_word' id='word_1_593' title='bbox 3045 5630 3298 5697; x_wconf 80' lang='grc' dir='ltr'>ὁπλίταις</span> <span class='ocrx_word' id='word_1_594' title='bbox 3329 5639 3567 5710; x_wconf 75' lang='grc' dir='ltr'>μετρίοις</span> 
     </span>
    </p>
   </div>
   <div class='ocr_carea' id='block_1_118' title="bbox 2286 5719 3398 5794">
    <p class='ocr_par' dir='ltr' id='par_1_118' title="bbox 2286 5719 3398 5794">
     <span class='ocr_line' id='line_1_118' title="bbox 2286 5719 3398 5794; baseline -0.014 -21"><span class='ocrx_word' id='word_1_595' title='bbox 2286 5721 2502 5789; x_wconf 57' lang='lat' dir='ltr'><strong>Illi-{nov</strong></span> <span class='ocrx_word' id='word_1_596' title='bbox 2528 5719 2693 5790; x_wconf 77' lang='grc' dir='ltr'>ἀπῄει</span> <span class='ocrx_word' id='word_1_597' title='bbox 2721 5721 3060 5790; x_wconf 85' lang='grc' dir='ltr'>προσρυέντα</span> <span class='ocrx_word' id='word_1_598' title='bbox 3099 5727 3398 5794; x_wconf 75' lang='grc' dir='ltr'>φρουρίων.</span> 
     </span>
    </p>
   </div>
   <div class='ocr_carea' id='block_1_119' title="bbox 2297 5813 3464 5892">
    <p class='ocr_par' dir='ltr' id='par_1_119' title="bbox 2297 5813 3464 5892">
     <span class='ocr_line' id='line_1_119' title="bbox 2297 5813 3464 5892; baseline 0.035 -55"><span class='ocrx_word' id='word_1_599' title='bbox 2297 5814 2517 5884; x_wconf 44' lang='grc' dir='ltr'><strong>Ἅφῖκτο</strong></span> <span class='ocrx_word' id='word_1_600' title='bbox 2544 5813 2731 5866; x_wconf 53' lang='grc' dir='ltr'>λοιπὸν</span> <span class='ocrx_word' id='word_1_601' title='bbox 2762 5815 2837 5876; x_wconf 75' lang='grc' dir='ltr'><strong>εἰς</strong></span> <span class='ocrx_word' id='word_1_602' title='bbox 2867 5815 3128 5885; x_wconf 76' lang='grc' dir='ltr'>Λυχνιδδν</span> <span class='ocrx_word' id='word_1_603' title='bbox 3155 5818 3252 5892; x_wconf 79' lang='grc' dir='ltr'>τὴν</span> <span class='ocrx_word' id='word_1_604' title='bbox 3281 5823 3434 5876; x_wconf 79' lang='grc' dir='ltr'>πόλιν</span> <span class='ocrx_word' id='word_1_605' title='bbox 3452 5866 3464 5890; x_wconf 83' lang='grc'><strong>,</strong></span> 
     </span>
    </p>
   </div>
  </div>
