3922 6586
345 437 452 499 323
1455 433 1858 495 EPIIREMH
1896 429 2352 492 CIIRONOGRA
2368 431 2499 492 PIII
3505 423 3627 486 325.

341 555 492 606 't‘unc
524 550 624 606 iste
654 549 840 606 eadem
869 560 1034 617 super
1059 561 1120 603 se
1153 556 1392 619 rogatur,

342 647 435 717 qui
467 646 746 716 superiore
776 651 1032 698 constans
1063 641 1118 696 in
1144 654 1394 697 sermone

343 835 420 890 rei
449 831 768 890 Michaelem
800 831 1035 887 inscium
1067 829 1298 883 aﬂlrmat
1325 843 1340 883 :

345 929 700 996 quamobrem
734 926 912 998 gladio
939 923 1286 980 decollandus
1319 920 1580 985 traditur;

245 1035 255 1045 '
343 1022 638 1088 statimque
665 1019 859 1072 vinctis
888 1017 1161 1082 manihtts,
1187 1015 1379 1069 velatis
1408 1013 1600 1075 oculis,

339 1111 547 1182 jlltlit'lo
576 1110 776 1178 iniusto
801 1106 864 1161 ad
897 1121 1083 1161 necem
1112 1104 1430 1160 ducebatur.

344 1208 448 1272 Sed
481 1221 603 1260 cum
635 1205 899 1260 cervicem
928 1202 1039 1271 iam
1071 1199 1289 1256 ollcrrct
1320 1199 1469 1264 ictui,

345 1303 713 1370 interrogatur
741 1313 932 1353 rursus
965 1313 992 1350 ει
1024 1296 1282 1352 carniﬁce
1311 1313 1324 1348 :

350 1393 513 1447 homo
542 1400 855 1446 constanter
883 1389 1060 1443 adhuc
1087 1397 1142 1442 et
1171 1397 1360 1442 sancte
1392 1385 1638 1456 dcit-rans

345 1486 642 1538 immunem
672 1481 917 1536 criminis
950 1479 1263 1534 Michaelem
1293 1479 1387 1531 ait.

345 1575 548 1643 lnjusto
589 1587 718 1631 tunc
746 1574 1069 1629 subducitur
1096 1571 1379 1640 supplicio,

347 1670 582 1722 traditur
610 1678 786 1724 tamen
814 1665 1053 1721 carceris
1081 1663 1362 1719 custodiae.

346 1761 592 1826 Qumsﬁo
622 1759 816 1815 deinde
848 1755 1257 1826 exploratioquc
1284 1753 1537 1810 criminis

348 1849 400 1900 in
433 1846 750 1900 Michaelcm
781 1845 1014 1922 vertitur
1039 1844 1409 1903 Comnenum;

347 1940 436 2010 qui
473 1938 679 1993 ferrum
710 1938 946 1992 candens
975 1945 1194 2004 tangere
1218 1935 1460 2006 iubetur,

351 2045 514 2100 atque
548 2032 618 2084 ita
651 2031 957 2100 amidguam
992 2027 1420 2102 controversiam
1449 2025 1679 2083 solvere.

347 2123 447 2178 llic
478 2121 814 2177 conﬁdenter
844 2121 1118 2191 respomlit
1139 2119 1414 2191 iudicibus
1446 2137 1460 2174 :

349 2215 404 2270 Si
435 2214 805 2270 testimonium
833 2214 1102 2284 quispiam
1132 2213 1184 2266 in
1216 2225 1302 2266 me
1327 2211 1552 2275 diceret,

351 2309 476 2364 huic
506 2323 604 2379 ego
633 2307 799 2362 armis
826 2307 1077 2378 equidem
1108 2305 1457 2370 resisterem;

351 2415 492 2453 nunc
523 2405 816 2453 accusante
846 2395 1083 2458 nemine,
1113 2409 1217 2449 non
1243 2393 1400 2447 video

349 2500 542 2544 contra
574 2504 734 2559 quem
769 2487 969 2556 possim
997 2485 1203 2556 judicio
1235 2484 1584 2540 contendere.

351 2559 502 2648 Qu'od
533 2583 576 2638 si
608 2592 825 2651 patrare
848 2580 1039 2650 jubeor
1071 2578 1354 2644 miracula,

354 2676 517 2728 homo
547 2681 796 2742 peccator
821 2671 1071 2740 equidem
1103 2685 1205 2724 non
1239 2679 1447 2738 potero.

349 2765 468 2820 Jnm
499 2763 851 2820 fervefactum
886 2763 1008 2834 igne
1034 2762 1205 2832 siquis
1231 2761 1434 2816 ferrum

353 2858 585 2912 viventis
617 2855 774 2910 nudis
803 2855 1031 2910 collocet
1063 2854 1116 2908 in
1147 2851 1420 2915 manibus,

356 2953 537 3005 nescio
566 2965 663 3004 cur
694 2962 883 3002 manus
916 2962 1020 3000 non
1050 2937 1538 3000 sit'ambusturum.

359 3043 430 3095 lbi
463 3042 603 3096 inter
624 3039 836 3108 judices
863 3039 1056 3094 sedens
1083 3037 1370 3108 episcOpus

361 3132 760 3202 Philadelphia,
789 3130 1083 3201 gratiﬁcari
1113 3131 1322 3194 volens,

355 3227 497 3281 hunc
527 3225 837 3280 Michaelem
867 3230 1082 3279 sevocat
1110 3231 1339 3286 secreto,

357 3327 412 3371 el.
438 3318 515 3371 sic
541 3330 663 3370 cum
697 3315 788 3369 illo
820 3314 1139 3383 insipienter
1168 3311 1409 3381 loquitur
1442 3325 1457 3362 :

357 3406 491 3462 Cum
522 3407 600 3460 sis
627 3414 680 3460 tu
714 3405 876 3458 nobili
903 3406 987 3458 vir
1011 3402 1343 3465 conditione,

358 3510 413 3554 et
437 3502 501 3555 de
532 3500 801 3554 nobilibus
831 3497 1046 3569 genitus
1077 3494 1418 3566 parentibus,

361 3600 576 3660 oportet
607 3600 658 3645 te
693 3604 792 3660 pro
819 3589 1028 3660 generis
1062 3588 1325 3658 dignitate

359 3692 417 3738 ut
443 3681 684 3754 cogitare
710 3694 925 3750 semper
961 3688 1014 3733 et
1038 3677 1257 3747 operari
1287 3691 1303 3731 :

360 3788 486 3829 cum
522 3786 651 3841 ergo
685 3779 855 3824 testes
883 3768 1130 3824 criminis
1162 3783 1265 3822 non
1305 3765 1504 3821 adsint.

363 3863 550 3918 divino
583 3870 636 3915 te
659 3858 869 3930 judicio
904 3856 1216 3920 committas
1250 3858 1438 3921 velim,

366 3954 555 4024 tuique
587 3951 761 4008 facias
795 3965 890 4022 per
918 3951 1095 4023 ignem
1137 3951 1406 4019 peritiam.

364 4050 638 4104 Audacter
671 4047 761 4103 ille
789 4054 846 4103 et
871 4045 1154 4101 commode
1183 4045 1458 4114 respondit
1486 4063 1499 4098 :

366 4141 533 4196 Miror
561 4154 660 4196 cur
693 4147 898 4204 vectes,
934 4151 1023 4195 res
1047 4151 1200 4192 sacra
1231 4135 1483 4203 dicatur;

366 4239 527 4304 quem
563 4232 746 4290 hercle
773 4233 928 4287 timet
956 4246 1149 4285 manus
1184 4244 1303 4285 mea
1330 4230 1677 4297 contingere,

269 4329 278 4338 '
364 4328 460 4394 qui
494 4340 612 4382 sum
653 4331 928 4396 peccator,
955 4332 1014 4378 ut
1039 4332 1197 4377 antea
1223 4321 1336 4391 jam
1375 4320 1508 4376 dixi.

365 4418 454 4472 Tu
489 4432 619 4472 vero
646 4427 867 4471 sanctus
889 4425 946 4471 et
978 4415 1102 4470 dius
1137 4413 1230 4468 Dei
1271 4415 1547 4468 sacerdos

372 4513 483 4566 lteo
507 4509 838 4564 sacriﬁcium
873 4506 1120 4562 manibus
1145 4505 1341 4561 oﬁerre
1376 4504 1589 4566 solitus,

367 4601 418 4654 si
453 4603 548 4655 tibi
581 4601 776 4670 placet,
815 4613 937 4673 age,
971 4599 1146 4669 captis
1173 4597 1360 4654 infulis

367 4704 599 4762 totaque
627 4691 766 4746 stola
805 4693 910 4746 rite
944 4690 1301 4756 convestitus,

371 4794 585 4838 vectem
621 4783 848 4837 ardente
877 4780 1112 4837 fert'el'ac
1144 4780 1379 4845 camino,

368 4876 594 4945 tuisque
623 4876 774 4945 puris
806 4875 1059 4929 manibus
1093 4873 1366 4929 sublatum

368 4972 430 5022 in
461 4984 608 5022 meas
640 4970 878 5022 transfer
909 4967 1216 5023 sordidatas
1245 4980 1458 5020 manus.

373 5061 528 5115 Tunc
559 5075 691 5114 sane
726 5074 885 5130 spero
909 5059 1332 5128 omnipotentem
1367 5057 1535 5112 Deum

369 5167 490 5206 rem
524 5151 600 5204 tui
633 5152 808 5220 gratia
843 5150 1036 5204 miram
1071 5161 1440 5219 peractorum,

367 5243 733 5302 dissimulatis
764 5243 984 5298 interim
1017 5243 1257 5312 peccatis
1293 5244 1444 5294 meis.

366 5338 468 5392 Sic
495 5336 745 5390 Michael.
782 5335 1081 5405 Respondit
1110 5345 1290 5390 autem
1321 5338 1666 5405 archipncsnt
1699 5356 1710 5389 :

377 5429 472 5483 Est
511 5429 620 5495 hic,
651 5443 685 5482 ο
714 5427 898 5491 sodes,
932 5423 1292 5482 Barbarorum
1327 5415 1486 5492 ritus,

374 5521 638 5575 ιὶυιιιαηὶε
665 5520 896 5575 minime
923 5519 1132 5590 legibus
1159 5519 1454 5590 ascriptus,

371 5629 552 5683 neque
581 5613 753 5668 sacris
782 5615 1084 5669 canonibus
1111 5610 1370 5668 Ecclesia:

377 5714 636 5774 receptus
667 5720 928 5773 unquam,
965 5717 1138 5774 neque
1177 5704 1380 5758 sanctis
1412 5699 1699 5760 Putribus:

372 5813 552 5868 quare
582 5799 821 5853 insuetus
849 5796 1004 5850 nobis
1035 5796 1124 5851 hic
1151 5810 1270 5852 mos
1294 5796 1629 5850 barbaricus.

381 5892 555 5947 Recte
585 5891 861 5958 respondit
899 5889 1126 5946 Michael
1153 5889 1392 5958 sciteque
1421 5889 1709 5945 admodum
1739 5909 1754 5942 :

1951 548 1991 602 Α

1963 1886 2004 1945 Β

1971 3225 2017 3285 C

1978 4561 2023 4616 D

2240 541 2348 594 Καὶ
2382 539 2548 594 πάλιν
2577 539 2828 610 ὴρωτᾶτο
2851 536 2944 592 τοῦ
2977 536 3137 604 λόγου
3165 537 3348 609 χάριν.

2250 635 2307 686 ’0
2348 633 2394 686 δ’
2434 632 2688 702 ἐμμένων
2738 627 2806 703 ἦν
2838 634 2951 697 τοῖς
2992 632 3122 704 πρὶν
3158 633 3256 704 οὐχ
3292 625 3465 704 ἦττον
3527 629 3627 682 M-

2177 756 2182 760 ’
3367 723 3551 796 [Τοιςν

2065 822 2205 878 8790
2243 821 2448 877 Ἀθῶον
2473 817 2611 875 εἶναι
2639 813 2867 894 Μιχαὴλ
2896 823 3120 892 φάσκων
3147 823 3306 892 λόγου
3333 840 3345 854 ⁸

2239 914 2405 969 Ὅθεν
2438 914 2804 985 κατακέκριτο
2840 915 3023 968 θανεῖν
3055 917 3119 968 ἐκ
3151 915 3339 983 ξίφους
3367 931 3380 945 ⁸

2234 1005 2420 1068 Δεθεὶς
2447 1001 2542 1058 οὖν
2580 1005 2675 1058 καί⁷
2702 1005 3003 1075 καλυφθεὶς
3032 1007 3100 1060 τὰ
3133 1006 3248 1078 φάη

2236 1096 2500 1168 Ἀπήγετ’
2528 1098 2609 1161 είς
2641 1097 2873 1152 θάνατον
2910 1098 3085 1169 ἀδίκῳ
3111 1101 3315 1170 κρίσει.

2241 1190 2567 1258 ῐιρούτεινεν
2598 1191 2803 1262 αὐχένα
2835 1191 2892 1246 δέ
2925 1192 3184 1258 δέξασθαι
3217 1191 3384 1263 μόρον
3406 1207 3420 1221 ⁸

2064 1285 2205 1342 8795
2244 1288 2354 1340 Καὶ
2383 1285 2545 1339 πάλιν
2577 1286 2830 1356 ἡρωτᾶτο
2867 1286 3018 1356 παρὰ
3049 1285 3250 1356 δημίου
3277 1303 3290 1317 ο

2251 1375 2308 1432 Ὀ
2339 1379 2382 1431 δ’
2409 1380 2820 1450 ἀμετακίνητος
2852 1373 2920 1451 ἦν
2955 1379 3320 1450 δεδογμένων,

2243 1471 2472 1541 Ὃρκοις
2504 1471 2700 1525 ὰθωῶν
2722 1471 2944 1544 Μιχαὴλ
2980 1473 3322 1541 φρικαλέοις.

2240 1562 2383 1615 Ἀλλ’
2417 1556 2573 1626 οὗτος
2601 1563 2838 1635 ἐρῤύσθη
2869 1564 2967 1633 μὲν
2997 1563 3182 1616 ἀδίκου
3211 1565 3407 1633 μόρου,

2244 1653 2665 1724 Καθειργμένος
2698 1655 2756 1708 δέ
2777 1655 3027 1728 φυλακὴν
3059 1656 3313 1708 ὐπεισέδυ
3343 1671 3358 1686 ⁸

2068 1745 2209 1801 8800
2262 1745 2329 1799 'll
2355 1745 2400 1799 δ’
2433 1747 2685 1812 ἐξέτασις
2713 1751 2806 1802 καὶ
2834 1749 3070 1818 βάσανος
3101 1747 3198 1800 τοῦ
3236 1749 3396 1817 λόγου

2243 1841 2387 1910 Πρδς
2422 1843 2512 1894 τὸν
2554 1841 2843 1913 Κομνηνδν
2869 1842 3081 1914 Μιχαὴλ
3121 1842 3466 1912 μετηνέχθη·

2252 1936 2360 1988 Καὶ
2384 1933 2534 1986 τόνδε
2567 1933 2773 2004 μύδρον
2804 1935 3040 2003 χειρίσαι
3086 1933 3402 2000 κατηξίουν,

2258 2026 2370 2080 Καὶ
2398 2028 2594 2095 σκέψιν
2627 2024 2800 2088 οὕτως
2833 2025 3287 2095 ἀμφιϐάλλουσαν
3306 2021 3464 2074 λῦσαι
3498 2039 3514 2054 ⁸

2266 2121 2325 2172 Ὀ
2355 2119 2401 2174 δ’
2438 2121 2716 2188 ἀντεπῆγε
2749 2125 2884 2188 πρὸς
2913 2118 3107 2188 κριτὰς
3133 2116 3476 2176 πεποιθότω;
3496 2130 3512 2144 ⁸

2073 2215 2213 2272 8803
2261 2215 2350 2277 Ὠς
2377 2214 2440 2267 Ei
2477 2213 2574 2283 μὲν
2605 2209 2672 2283 ἦν
2703 2229 2787 2274 τις
2823 2210 2944 2264 κατ’
2971 2210 3106 2281 ἐμοῦ
3131 2211 3273 2280 τάχα
3303 2208 3511 2276 λέγων,

2257 2307 2400 2377 Πρὸς
2429 2307 2592 2359 αὐτὸν
2624 2304 2688 2358 ἂν
2721 2304 3086 2374 ἠγωνισάμην
3120 2305 3216 2358 σὺν
3245 2302 3429 2366 ὅπλοις
3458 2318 3474 2332 ⁸

2256 2400 2584 2470 Κατηγόρου
2616 2397 2674 2451 δέ
2711 2398 2786 2470 μὴ
2814 2399 3080 2468 παρόντος
3120 2413 3210 2466 μοι
3244 2395 3401 2458 τέως,

2251 2490 2396 2560 Πρδς
2433 2491 2554 2543 τίνα
2583 2488 2666 2542 δεῖ
2701 2506 2769 2557 με
2805 2487 2900 2560 τὴν
2930 2487 3087 2559 δίκην
3128 2487 3460 2541 καθεστάναι
3494 2504 3508 2550 ;

2255 2583 2318 2636 ΕΞ
2349 2581 2795 2653 θαυματουργείν
2819 2582 2866 2635 δ’
2895 2579 3247 2649 ἐγκελεύεταί
3275 2578 3342 2648 μέ
3379 2575 3485 2640 τις.

2083 2675 2222 2730 8810
2262 2673 2407 2727 Ἀλλ’
2439 2673 2514 2727 ὢν
2540 2674 2781 2745 ἀλιτρδς.
2813 2675 2873 2725 οὐ
2917 2673 3218 2744 δυνήσομαι
3249 2671 3388 2724 τάδε.

2269 2764 2480 2828 Ἐνθετς
2508 2765 2565 2818 δέ
2604 2777 2686 2828 τις
2733 2764 2949 2834 σίδηρον
2976 2762 3382 2833 ἐκκεκαυμένον

2255 2856 2517 2920 Πνέοντος
2545 2855 2736 2927 άνδρδς
2768 2859 2958 2926 χερσὶν
2988 2854 3381 2924 ἐψιλωμέναις,

2255 2948 2369 3001 Οὐκ
2398 2943 2513 3000 οἴδα
2547 2947 2664 3010 πῶς
2697 2947 2766 3000 ἂν
2804 2949 2864 2999 οὐ
2899 2944 3436 3016 καταφλέξοιχέρας.
3527 2975 3530 2977 λ

2259 3036 2459 3108 Παρὼν
2495 3037 2550 3090 δὲ
2590 3037 2794 3109 ποιμὴν
2823 3039 2920 3110 τῆς
2943 3038 3276 3107 Φιλαδέλφου
3314 3037 3459 3097 τότε,

2081 3129 2220 3184 8815
2259 3128 2457 3199 Λαχὼν
2491 3129 2733 3193 δικάζειν
2761 3130 2856 3183 καὶ
2889 3132 2958 3184 τὰ
2989 3129 3124 3199 πρὸς
3151 3131 3309 3200 χάριν
3343 3126 3556 3194 λέγειν,

2260 3221 2463 3275 Τοῦτον
2493 3223 2714 3293 Μιχαὴλ
2739 3221 3076 3293 παραλαϐὼν
3113 3222 3239 3290 ἰδίᾳ,

2258 3313 2501 3367 Τοιαῦτά
2531 3316 2580 3368 οῖ
2608 3313 2879 3385 δήπουθεν
2910 3315 3009 3368 οὐκ
3043 3312 3101 3366 εὖ
3133 3312 3366 3385 ὡμίλει⁸

2276 3400 2363 3464 Ὠς
2390 3402 2461 3456 Σὺ
2502 3402 2600 3473 μὲν
2630 3403 2770 3477 ἀνὴρ
2805 3403 3030 3476 εὐγενὴς
3063 3402 3137 3458 ὢν
3168 3402 3458 3473 τυγχάνεις

2260 3493 2380 3562 Κάξ
2403 3492 2641 3566 εὐγενῶν
2666 3495 2797 3566 ἐφυς
2829 3497 2886 3551 δὲ
2915 3498 3170 3568 πατέρων
3202 3497 3363 3550 πάλιν
3391 3511 3406 3526 ⁸

2086 3586 2230 3644 88⁵20
2267 3588 2378 3644 Καὶ
2403 3589 2484 3642 δεῖ
2511 3607 2571 3642 σε
2597 3589 2785 3643 λοιπὸν
2819 3589 2911 3644 τοῦ
2941 3591 3139 3660 γένους
3166 3588 3406 3654 ἐπαξίως

2260 3680 2423 3735 Πάντ’
2445 3682 2651 3736 εὐνοεῖν
2682 3699 2741 3735 τε
2768 3682 2863 3734 καὶ
2895 3681 3107 3751 πέρατι
3142 3677 3380 3733 διδόναι⁸

2260 3775 2420 3829 Ἐπεὶ
2452 3774 2561 3847 γὰρ
2591 3775 2652 3828 οὐ
2684 3775 2906 3847 πάρεισι
2939 3776 3218 3844 μάρτυρες
3246 3773 3409 3842 λόγου

2263 3869 2399 3938 Θείᾳ.
2424 3883 2483 3921 τε
2507 3865 2672 3932 δείξει
2700 3867 2796 3919 καὶ
2823 3868 2986 3934 σαφεῖ
3021 3865 3307 3936 τεκμηρίῳ

2256 3959 2463 4031 Μύδρῳ
2496 3957 2672 4031 χρεὼν
2699 3957 2918 4029 ἐλεγχον
2941 3957 3179 4022 ἐκτῖσαι,
3213 3957 3355 4026 φίλε.

2084 4050 2225 4108 8825
2275 4053 2334 4104 '0
2354 4051 2399 4104 δ’
2430 4047 2704 4121 ἀνδρικῶς
2743 4049 2947 4120 ἔφησεν
2975 4049 3324 4120 εὐεπηηόλως
3350 4064 3363 4078 ⁶

2267 4142 2492 4214 Τέθηπα
2531 4144 2647 4206 πῶς
2686 4141 2842 4214 ἆγιον
2870 4142 3054 4214 ᾅδεται
3078 4141 3275 4212 μύδρος

2265 4228 2444 4306 ᾯπερ
2472 4234 2688 4289 δέδοικα
2721 4235 2862 4306 χειρί
2901 4251 3002 4305 μου
3037 4232 3454 4306 προσεγγίσθαι,

2273 4327 2361 4390 Ὠς
2393 4326 2461 4381 ἂν
2491 4325 2732 4399 ἀλιτρδς,
2761 4321 2906 4400 ᾗπερ
2930 4329 3121 4381 άνόπιν
3149 4328 3304 4396 ἔφην.

2261 4419 2334 4474 Σὺ
2365 4419 2410 4473 δ’
2440 4419 2594 4488 ἅγιός
2625 4437 2684 4472 τε
2715 4420 2810 4473 καὶ
2841 4419 2976 4473 Θεοῦ
3004 4421 3142 4484 θεῖος
3175 4419 3344 4487 θύτης

2089 4511 2229 4568 8850
2267 4507 2438 4582 Χερσὶ
2462 4509 2752 4582 προσάγων
2787 4513 2976 4583 Κυρίῳ
3007 4512 3106 4584 τὴν
3137 4512 3329 4567 θυσίαν
3355 4529 3370 4544 ⁸

2273 4602 2335 4657 Ei
2368 4603 2500 4672 γοῦν
2535 4602 2796 4670 κελεύεις,
2829 4591 2984 4668 ἐνδὺς
3031 4605 3314 4677 ἱεραρχίας

2267 4697 2341 4750 Σύ
2367 4695 2468 4766 τὴν
2501 4696 2693 4764 στολὴν
2722 4697 2958 4762 ἃπασαν,
2985 4696 3060 4760 ὡς
3095 4699 3242 4751 ἐστιν
3277 4697 3415 4764 ἔθος,

2267 4787 2515 4860 Σιδήριον
2543 4787 2796 4860 πύρωσον
2824 4791 2882 4842 ἐν
2911 4793 2977 4861 τῇ
3009 4791 3249 4863 καμίνῳ,

2267 4882 2379 4934 Καὶ
2408 4877 2565 4934 τοῦτο
2595 4880 2775 4935 λαϐὼν
2801 4884 2867 4952 τῇ
2905 4882 3118 4955 καθαρᾷ
3145 4875 3287 4954 χειρὶ
3324 4903 3417 4938 σου

2022 4963 2026 4967 Α
2091 4972 2234 5028 8855
2273 4973 2476 5044 Χερσῖν
2505 4973 2685 5037 ἐπίθες
2711 4977 2828 5039 ταῖς
2857 4976 3018 5046 ἐμαῖς
3044 4979 3163 5040 ταῖς
3194 4977 3444 5046 άνάγνοις
3473 4994 3488 5009 ⁸

2269 5068 2378 5120 Καὶ
2406 5065 2470 5138 δὴ
2499 5066 2617 5138 Θεῷ
2641 5067 2879 5122 πέποιθα
2906 5069 3300 5142 παντοδυνάμῳ

2286 5157 2376 5223 Ὧς
2409 5159 2977 5230 θαυματουγήσειταίς
2996 5163 3115 5224 σαῖς
3150 5161 3452 5223 δυσωπίαις

2271 5250 2490 5320 Πληθύν
2515 5249 2757 5322 παριδὼν
2784 5251 2893 5305 τῶν
2922 5252 3070 5322 ἐμῶν
3104 5254 3450 5324 ἁμαρτάδων.

2267 5343 2426 5398 Οὐτω
2452 5343 2670 5413 Μιχαὴλ
2693 5359 2706 5373 ⁸
2737 5343 3038 5414 ἀρχιθύτης
3069 5343 3114 5398 δ’
3152 5345 3366 5415 άντέφη
3409 5364 3422 5376 ⁸

2093 5435 2236 5492 8840
2285 5432 2374 5499 Ὦς
2405 5425 2595 5500 Οὗτος,
2621 5432 2666 5486 ὢ
2699 5433 2966 5505 βέλτιστε,
2988 5434 3277 5506 βαρϐάρων
3302 5437 3491 5508 νόμος,

2263 5529 2342 5582 Οὐ
2381 5527 2714 5600 Ῥωμαϊκοῖς
2743 5529 3162 5602 ἐγκατάγραφος
3189 5531 3396 5602 νόμοις,

2271 5622 2346 5675 Οὐ
2380 5622 2571 5675 κανόσι
2605 5620 2769 5685 θείοις
2797 5639 2856 5674 τε
2887 5621 2985 5690 τῆς
3014 5622 3346 5692 Ἐκκὶτησίας

2269 5714 2464 5778 Δεκτὺς
2491 5714 2753 5784 πέφυκεν,
2788 5715 2846 5767 οὐ
2880 5714 3153 5784 Πατράσιν
3186 5719 3396 5785 ἁγίοις·

2281 5805 2444 5873 Ἡμῖν
2473 5805 2516 5858 δ’
2549 5806 2732 5872 ἀγνώς
2768 5823 2850 5868 τις
2886 5806 3219 5878 βαρϐαρικάς
3265 5809 3312 5862 θ’
3349 5814 3374 5862 ὀ
3405 5813 3618 5880 τρύγης.

2094 5896 2235 5951 8845
2271 5891 2348 5949 Ἦ
2378 5895 2420 5948 δ’
2455 5896 2511 5960 ὃς
2539 5896 2750 5968 Μιχαὴλ
2783 5900 3094 5970 προσφυῶς,
3133 5901 3412 5972 ἑκηϐόλως
3434 5918 3451 5935 ⁸

2804 6050 2816 6083 Ι
