  <div class='ocr_page' id='page_1' title='image "/cluster/home/n/w/nwhite01/storage/ocr_20150623/143/hvd.32044019208321/176.png"; bbox 0 0 3922 6570; ppageno 0'>
   <div class='ocr_carea' id='block_1_1' title="bbox 388 395 494 459">
    <p class='ocr_par' dir='ltr' id='par_1_1' title="bbox 388 395 494 459">
     <span class='ocr_line' id='line_1_1' title="bbox 388 395 494 459; baseline -0.009 0"><span class='ocrx_word' id='word_1_1' title='bbox 388 395 494 459; x_wconf 80' lang='lat'><strong>317</strong></span> 
     </span>
    </p>
   </div>
   <div class='ocr_carea' id='block_1_2' title="bbox 605 511 1827 588">
    <p class='ocr_par' dir='ltr' id='par_1_2' title="bbox 605 511 1827 588">
     <span class='ocr_line' id='line_1_2' title="bbox 605 511 1827 588; baseline 0.007 -23"><span class='ocrx_word' id='word_1_2' title='bbox 605 511 720 566; x_wconf 72' lang='lat' dir='ltr'><strong>Kal.</strong></span> <span class='ocrx_word' id='word_1_3' title='bbox 755 511 1013 583; x_wconf 77' lang='grc' dir='ltr'><strong>βάλλεται</strong></span> <span class='ocrx_word' id='word_1_4' title='bbox 1042 519 1259 587; x_wconf 82' lang='grc' dir='ltr'>χάρακα</span> <span class='ocrx_word' id='word_1_5' title='bbox 1291 517 1412 571; x_wconf 83' lang='grc' dir='ltr'>κατ’</span> <span class='ocrx_word' id='word_1_6' title='bbox 1439 517 1577 578; x_wconf 79' lang='grc' dir='ltr'>ἄστυ</span> <span class='ocrx_word' id='word_1_7' title='bbox 1611 517 1827 588; x_wconf 79' lang='grc' dir='ltr'><strong>φθάσας</strong></span> 
     </span>
    </p>
   </div>
   <div class='ocr_carea' id='block_1_3' title="bbox 605 603 1968 680">
    <p class='ocr_par' dir='ltr' id='par_1_3' title="bbox 605 603 1968 680">
     <span class='ocr_line' id='line_1_3' title="bbox 605 603 1968 680; baseline 0.01 -24"><span class='ocrx_word' id='word_1_8' title='bbox 605 603 685 657; x_wconf 77' lang='grc' dir='ltr'><strong>Τὸ</strong></span> <span class='ocrx_word' id='word_1_9' title='bbox 707 604 806 673; x_wconf 73' lang='grc' dir='ltr'>τῆς</span> <span class='ocrx_word' id='word_1_10' title='bbox 837 604 1209 677; x_wconf 75' lang='grc' dir='ltr'>Τζουρουλοῦ,</span> <span class='ocrx_word' id='word_1_11' title='bbox 1241 608 1337 662; x_wconf 73' lang='grc' dir='ltr'>καὶ</span> <span class='ocrx_word' id='word_1_12' title='bbox 1365 609 1519 678; x_wconf 85' lang='grc' dir='ltr'>νόμῳ</span> <span class='ocrx_word' id='word_1_13' title='bbox 1546 607 1623 679; x_wconf 82' lang='grc' dir='ltr'><strong>τῷ</strong></span> <span class='ocrx_word' id='word_1_14' title='bbox 1652 609 1753 680; x_wconf 79' lang='grc' dir='ltr'>τῆς</span> <span class='ocrx_word' id='word_1_15' title='bbox 1788 609 1968 679; x_wconf 79' lang='grc' dir='ltr'>μάχης</span> 
     </span>
    </p>
   </div>
   <div class='ocr_carea' id='block_1_4' title="bbox 607 695 1668 772">
    <p class='ocr_par' dir='ltr' id='par_1_4' title="bbox 607 695 1668 772">
     <span class='ocr_line' id='line_1_4' title="bbox 607 695 1668 772; baseline 0.003 -23"><span class='ocrx_word' id='word_1_16' title='bbox 607 695 1029 768; x_wconf 79' lang='grc' dir='ltr'>Καθαιρετικῶν</span> <span class='ocrx_word' id='word_1_17' title='bbox 1061 701 1476 771; x_wconf 78' lang='grc' dir='ltr'><strong>μηχανημάτων</strong></span> <span class='ocrx_word' id='word_1_18' title='bbox 1505 701 1668 772; x_wconf 80' lang='grc' dir='ltr'><strong>τέχνῃ</strong></span> 
     </span>
    </p>
   </div>
   <div class='ocr_carea' id='block_1_5' title="bbox 620 788 1718 864">
    <p class='ocr_par' dir='ltr' id='par_1_5' title="bbox 620 788 1718 864">
     <span class='ocr_line' id='line_1_5' title="bbox 620 788 1718 864; baseline 0.004 -22"><span class='ocrx_word' id='word_1_19' title='bbox 620 788 825 859; x_wconf 76' lang='grc' dir='ltr'>Ῥᾷστα</span> <span class='ocrx_word' id='word_1_20' title='bbox 857 792 1246 860; x_wconf 75' lang='grc' dir='ltr'><strong>παρεστήσατο</strong></span> <span class='ocrx_word' id='word_1_21' title='bbox 1275 791 1542 864; x_wconf 83' lang='grc' dir='ltr'>φρούριον</span> <span class='ocrx_word' id='word_1_22' title='bbox 1570 793 1718 846; x_wconf 77' lang='grc' dir='ltr'>τόδεο</span> 
     </span>
    </p>
   </div>
   <div class='ocr_carea' id='block_1_6' title="bbox 429 874 1619 952">
    <p class='ocr_par' dir='ltr' id='par_1_6' title="bbox 429 874 1619 952">
     <span class='ocr_line' id='line_1_6' title="bbox 429 874 1619 952; baseline 0.003 -20"><span class='ocrx_word' id='word_1_23' title='bbox 429 876 571 933; x_wconf 76' lang='grc'><strong>8615</strong></span> <span class='ocrx_word' id='word_1_24' title='bbox 606 874 681 935; x_wconf 67' lang='lat' dir='ltr'><strong>Ob</strong></span> <span class='ocrx_word' id='word_1_25' title='bbox 702 879 1046 950; x_wconf 78' lang='grc' dir='ltr'><strong>κασιγνήτην</strong></span> <span class='ocrx_word' id='word_1_26' title='bbox 1073 882 1311 952; x_wconf 70' lang='grc' dir='ltr'>Εἰρήνης</span> <span class='ocrx_word' id='word_1_27' title='bbox 1347 882 1619 952; x_wconf 70' lang='grc' dir='ltr'><strong>βασιλίδος</strong></span> 
     </span>
    </p>
   </div>
   <div class='ocr_carea' id='block_1_7' title="bbox 608 971 1609 1044">
    <p class='ocr_par' dir='ltr' id='par_1_7' title="bbox 608 971 1609 1044">
     <span class='ocr_line' id='line_1_7' title="bbox 608 971 1609 1044; baseline 0 -18"><span class='ocrx_word' id='word_1_28' title='bbox 608 971 877 1030; x_wconf 78' lang='grc' dir='ltr'>Εὐδοκίαν</span> <span class='ocrx_word' id='word_1_29' title='bbox 901 971 1158 1028; x_wconf 75' lang='grc' dir='ltr'><strong>ἔντοσθεν</strong></span> <span class='ocrx_word' id='word_1_30' title='bbox 1186 972 1368 1044; x_wconf 86' lang='grc' dir='ltr'>εὑρὼν</span> <span class='ocrx_word' id='word_1_31' title='bbox 1398 974 1609 1027; x_wconf 84' lang='grc' dir='ltr'>εὐνέτιν</span> 
     </span>
    </p>
   </div>
   <div class='ocr_carea' id='block_1_8' title="bbox 615 1061 1656 1135">
    <p class='ocr_par' dir='ltr' id='par_1_8' title="bbox 615 1061 1656 1135">
     <span class='ocr_line' id='line_1_8' title="bbox 615 1061 1656 1135; baseline -0.001 -18"><span class='ocrx_word' id='word_1_32' title='bbox 615 1062 754 1130; x_wconf 81' lang='grc' dir='ltr'>Παρ’</span> <span class='ocrx_word' id='word_1_33' title='bbox 799 1061 1020 1127; x_wconf 77' lang='grc' dir='ltr'><strong>Ἰταλοῖς</strong></span> <span class='ocrx_word' id='word_1_34' title='bbox 1045 1063 1308 1135; x_wconf 71' lang='grc' dir='ltr'>ἄρχοντος</span> <span class='ocrx_word' id='word_1_35' title='bbox 1332 1063 1656 1118; x_wconf 85' lang='grc' dir='ltr'>Ἀσελδεκάε</span> 
     </span>
    </p>
   </div>
   <div class='ocr_carea' id='block_1_9' title="bbox 608 1153 1706 1225">
    <p class='ocr_par' dir='ltr' id='par_1_9' title="bbox 608 1153 1706 1225">
     <span class='ocr_line' id='line_1_9' title="bbox 608 1153 1706 1225; baseline 0 -15"><span class='ocrx_word' id='word_1_36' title='bbox 608 1155 846 1224; x_wconf 54' lang='lat' dir='ltr'><strong>manu</strong></span> <span class='ocrx_word' id='word_1_37' title='bbox 874 1153 1240 1225; x_wconf 79' lang='grc' dir='ltr'>παρέπεμψεν</span> <span class='ocrx_word' id='word_1_38' title='bbox 1267 1156 1347 1218; x_wconf 84' lang='grc' dir='ltr'><strong>εἰς</strong></span> <span class='ocrx_word' id='word_1_39' title='bbox 1371 1155 1672 1219; x_wconf 77' lang='grc' dir='ltr'>Βυζαντίδα</span> <span class='ocrx_word' id='word_1_40' title='bbox 1691 1197 1706 1220; x_wconf 90' lang='grc'><em>,</em></span> 
     </span>
    </p>
   </div>
   <div class='ocr_carea' id='block_1_10' title="bbox 611 1245 1968 1318">
    <p class='ocr_par' dir='ltr' id='par_1_10' title="bbox 611 1245 1968 1318">
     <span class='ocr_line' id='line_1_10' title="bbox 611 1245 1968 1318; baseline 0.002 -21"><span class='ocrx_word' id='word_1_41' title='bbox 611 1246 835 1300; x_wconf 82' lang='grc' dir='ltr'><strong>Πάντων</strong></span> <span class='ocrx_word' id='word_1_42' title='bbox 865 1245 1165 1314; x_wconf 75' lang='grc' dir='ltr'><strong>γυμνώσας</strong></span> <span class='ocrx_word' id='word_1_43' title='bbox 1198 1246 1306 1299; x_wconf 86' lang='grc' dir='ltr'><strong>τῶν</strong></span> <span class='ocrx_word' id='word_1_44' title='bbox 1351 1246 1582 1300; x_wconf 80' lang='grc' dir='ltr'><strong>ἐνόντων</strong></span> <span class='ocrx_word' id='word_1_45' title='bbox 1622 1247 1968 1318; x_wconf 75' lang='grc' dir='ltr'><strong>πραγμάτων</strong></span> 
     </span>
    </p>
   </div>
   <div class='ocr_carea' id='block_1_11' title="bbox 429 1337 1844 1412">
    <p class='ocr_par' dir='ltr' id='par_1_11' title="bbox 429 1337 1844 1412">
     <span class='ocr_line' id='line_1_11' title="bbox 429 1337 1844 1412; baseline 0.003 -20"><span class='ocrx_word' id='word_1_46' title='bbox 429 1337 572 1398; x_wconf 71' lang='lat'><strong>869.0</strong></span> <span class='ocrx_word' id='word_1_47' title='bbox 609 1337 788 1407; x_wconf 78' lang='grc' dir='ltr'>Αὐτήν</span> <span class='ocrx_word' id='word_1_48' title='bbox 817 1355 875 1391; x_wconf 89' lang='grc' dir='ltr'><strong>τε</strong></span> <span class='ocrx_word' id='word_1_49' title='bbox 907 1338 1252 1408; x_wconf 82' lang='grc' dir='ltr'><strong>προσπόλους</strong></span> <span class='ocrx_word' id='word_1_50' title='bbox 1276 1356 1335 1392; x_wconf 87' lang='grc' dir='ltr'><strong>τε</strong></span> <span class='ocrx_word' id='word_1_51' title='bbox 1368 1339 1464 1394; x_wconf 74' lang='grc' dir='ltr'>καὶ</span> <span class='ocrx_word' id='word_1_52' title='bbox 1479 1340 1844 1412; x_wconf 77' lang='grc' dir='ltr'>δορυφόρους.</span> 
     </span>
    </p>
   </div>
   <div class='ocr_carea' id='block_1_12' title="bbox 607 1427 1722 1504">
    <p class='ocr_par' dir='ltr' id='par_1_12' title="bbox 607 1427 1722 1504">
     <span class='ocr_line' id='line_1_12' title="bbox 607 1427 1722 1504; baseline 0.005 -21"><span class='ocrx_word' id='word_1_53' title='bbox 607 1431 819 1484; x_wconf 76' lang='grc' dir='ltr'>Ἐκείσε</span> <span class='ocrx_word' id='word_1_54' title='bbox 844 1430 889 1483; x_wconf 87' lang='grc' dir='ltr'>δ’</span> <span class='ocrx_word' id='word_1_55' title='bbox 921 1430 997 1484; x_wconf 83' lang='grc' dir='ltr'><strong>ὢν</strong></span> <span class='ocrx_word' id='word_1_56' title='bbox 1027 1427 1285 1495; x_wconf 76' lang='grc' dir='ltr'>σύνευνος</span> <span class='ocrx_word' id='word_1_57' title='bbox 1309 1433 1482 1504; x_wconf 81' lang='grc' dir='ltr'>αὐτῆς</span> <span class='ocrx_word' id='word_1_58' title='bbox 1507 1433 1722 1504; x_wconf 78' lang='grc' dir='ltr'><strong>ἀπέδρα</strong></span> 
     </span>
    </p>
   </div>
   <div class='ocr_carea' id='block_1_13' title="bbox 613 1520 1964 1597">
    <p class='ocr_par' dir='ltr' id='par_1_13' title="bbox 613 1520 1964 1597">
     <span class='ocr_line' id='line_1_13' title="bbox 613 1520 1964 1597; baseline 0.002 -23"><span class='ocrx_word' id='word_1_59' title='bbox 613 1520 791 1592; x_wconf 75' lang='grc' dir='ltr'>ῐΙρινὴ</span> <span class='ocrx_word' id='word_1_60' title='bbox 832 1523 1154 1594; x_wconf 83' lang='grc' dir='ltr'>κρατάρχην</span> <span class='ocrx_word' id='word_1_61' title='bbox 1197 1523 1530 1594; x_wconf 79' lang='grc' dir='ltr'>προσϐαλεῖν</span> <span class='ocrx_word' id='word_1_62' title='bbox 1559 1525 1638 1595; x_wconf 80' lang='grc' dir='ltr'>τῷ</span> <span class='ocrx_word' id='word_1_63' title='bbox 1681 1541 1964 1597; x_wconf 76' lang='grc' dir='ltr'>φρουριῳ,</span> 
     </span>
    </p>
   </div>
   <div class='ocr_carea' id='block_1_14' title="bbox 608 1615 1728 1690">
    <p class='ocr_par' dir='ltr' id='par_1_14' title="bbox 608 1615 1728 1690">
     <span class='ocr_line' id='line_1_14' title="bbox 608 1615 1728 1690; baseline 0.005 -24"><span class='ocrx_word' id='word_1_64' title='bbox 608 1615 811 1687; x_wconf 77' lang='grc' dir='ltr'>Τρόμῳ</span> <span class='ocrx_word' id='word_1_65' title='bbox 835 1633 894 1670; x_wconf 89' lang='grc' dir='ltr'><strong>τε</strong></span> <span class='ocrx_word' id='word_1_66' title='bbox 917 1616 1140 1687; x_wconf 70' lang='grc' dir='ltr'>ληφθεὶς</span> <span class='ocrx_word' id='word_1_67' title='bbox 1171 1619 1266 1672; x_wconf 70' lang='grc' dir='ltr'>καὶ</span> <span class='ocrx_word' id='word_1_68' title='bbox 1289 1617 1468 1690; x_wconf 76' lang='grc' dir='ltr'>ψυχῆς</span> <span class='ocrx_word' id='word_1_69' title='bbox 1493 1619 1728 1690; x_wconf 80' lang='grc' dir='ltr'>ἀγωνίᾳ.</span> 
     </span>
    </p>
   </div>
   <div class='ocr_carea' id='block_1_15' title="bbox 490 1709 1656 1782">
    <p class='ocr_par' dir='ltr' id='par_1_15' title="bbox 490 1709 1656 1782">
     <span class='ocr_line' id='line_1_15' title="bbox 490 1709 1656 1782; baseline 0.004 -22"><span class='ocrx_word' id='word_1_70' title='bbox 490 1767 492 1771; x_wconf 92' lang='lat'><strong>_</strong></span> <span class='ocrx_word' id='word_1_71' title='bbox 610 1709 753 1778; x_wconf 83' lang='grc' dir='ltr'>Ἤδη</span> <span class='ocrx_word' id='word_1_72' title='bbox 783 1711 1171 1781; x_wconf 65' lang='grc' dir='ltr'>παρεστήσατο</span> <span class='ocrx_word' id='word_1_73' title='bbox 1211 1712 1304 1764; x_wconf 78' lang='grc' dir='ltr'><strong>καὶ</strong></span> <span class='ocrx_word' id='word_1_74' title='bbox 1334 1711 1431 1782; x_wconf 87' lang='grc' dir='ltr'><strong>τὴν</strong></span> <span class='ocrx_word' id='word_1_75' title='bbox 1453 1712 1656 1782; x_wconf 73' lang='grc' dir='ltr'>Βιζύην</span> 
     </span>
    </p>
   </div>
   <div class='ocr_carea' id='block_1_16' title="bbox 430 1801 1893 1876">
    <p class='ocr_par' dir='ltr' id='par_1_16' title="bbox 430 1801 1893 1876">
     <span class='ocr_line' id='line_1_16' title="bbox 430 1801 1893 1876; baseline 0.001 -18"><span class='ocrx_word' id='word_1_76' title='bbox 430 1801 572 1858; x_wconf 64' lang='lat'><strong>8635</strong></span> <span class='ocrx_word' id='word_1_77' title='bbox 614 1801 844 1872; x_wconf 67' lang='grc' dir='ltr'>Πέμψας</span> <span class='ocrx_word' id='word_1_78' title='bbox 875 1803 996 1857; x_wconf 84' lang='grc' dir='ltr'>κατ’</span> <span class='ocrx_word' id='word_1_79' title='bbox 1017 1805 1204 1874; x_wconf 74' lang='grc' dir='ltr'>αὐτῆς,</span> <span class='ocrx_word' id='word_1_80' title='bbox 1223 1805 1486 1876; x_wconf 80' lang='grc' dir='ltr'>στρατιὰν</span> <span class='ocrx_word' id='word_1_81' title='bbox 1513 1806 1893 1876; x_wconf 79' lang='grc' dir='ltr'><strong>αὐτοκράτωρ.</strong></span> 
     </span>
    </p>
   </div>
   <div class='ocr_carea' id='block_1_17' title="bbox 606 1896 1813 1969">
    <p class='ocr_par' dir='ltr' id='par_1_17' title="bbox 606 1896 1813 1969">
     <span class='ocr_line' id='line_1_17' title="bbox 606 1896 1813 1969; baseline 0.001 -19"><span class='ocrx_word' id='word_1_82' title='bbox 606 1897 830 1959; x_wconf 76' lang='grc' dir='ltr'>Τούτοις</span> <span class='ocrx_word' id='word_1_83' title='bbox 861 1896 1006 1950; x_wconf 78' lang='grc' dir='ltr'>ἑάλω</span> <span class='ocrx_word' id='word_1_84' title='bbox 1035 1898 1148 1960; x_wconf 80' lang='grc' dir='ltr'>τοῖς</span> <span class='ocrx_word' id='word_1_85' title='bbox 1174 1898 1388 1969; x_wconf 82' lang='grc' dir='ltr'>χρόνοις</span> <span class='ocrx_word' id='word_1_86' title='bbox 1426 1899 1591 1964; x_wconf 80' lang='grc' dir='ltr'>νῆσος</span> <span class='ocrx_word' id='word_1_87' title='bbox 1632 1897 1813 1963; x_wconf 83' lang='grc' dir='ltr'>Ῥόδος</span> 
     </span>
    </p>
   </div>
   <div class='ocr_carea' id='block_1_18' title="bbox 609 1988 1713 2061">
    <p class='ocr_par' dir='ltr' id='par_1_18' title="bbox 609 1988 1713 2061">
     <span class='ocr_line' id='line_1_18' title="bbox 609 1988 1713 2061; baseline 0 -19"><span class='ocrx_word' id='word_1_88' title='bbox 609 1989 734 2050; x_wconf 71' lang='grc' dir='ltr'>Τοῖς</span> <span class='ocrx_word' id='word_1_89' title='bbox 763 1988 1079 2050; x_wconf 69' lang='grc' dir='ltr'>Γεντυῖταις</span> <span class='ocrx_word' id='word_1_90' title='bbox 1117 1988 1342 2052; x_wconf 80' lang='grc' dir='ltr'>Ἰταλοῖς</span> <span class='ocrx_word' id='word_1_91' title='bbox 1370 1989 1510 2057; x_wconf 81' lang='grc' dir='ltr'>μετὰ</span> <span class='ocrx_word' id='word_1_92' title='bbox 1538 1988 1713 2061; x_wconf 78' lang='grc' dir='ltr'>δόλου.</span> 
     </span>
    </p>
   </div>
   <div class='ocr_carea' id='block_1_19' title="bbox 610 2075 1652 2153">
    <p class='ocr_par' dir='ltr' id='par_1_19' title="bbox 610 2075 1652 2153">
     <span class='ocr_line' id='line_1_19' title="bbox 610 2075 1652 2153; baseline 0.005 -21"><span class='ocrx_word' id='word_1_93' title='bbox 610 2080 762 2132; x_wconf 78' lang='grc' dir='ltr'>Ἐπεὶ</span> <span class='ocrx_word' id='word_1_94' title='bbox 801 2075 913 2151; x_wconf 72' lang='grc' dir='ltr'><strong>γὰρ</strong></span> <span class='ocrx_word' id='word_1_95' title='bbox 943 2082 1223 2151; x_wconf 80' lang='grc' dir='ltr'>ἀπόδημος</span> <span class='ocrx_word' id='word_1_96' title='bbox 1250 2077 1319 2153; x_wconf 82' lang='grc' dir='ltr'>ἦν</span> <span class='ocrx_word' id='word_1_97' title='bbox 1349 2083 1652 2152; x_wconf 68' lang='grc' dir='ltr'>ἐπιστάτης</span> 
     </span>
    </p>
   </div>
   <div class='ocr_carea' id='block_1_20' title="bbox 622 2172 1630 2245">
    <p class='ocr_par' dir='ltr' id='par_1_20' title="bbox 622 2172 1630 2245">
     <span class='ocr_line' id='line_1_20' title="bbox 622 2172 1630 2245; baseline 0.004 -19"><span class='ocrx_word' id='word_1_98' title='bbox 622 2172 807 2226; x_wconf 86' lang='grc' dir='ltr'>Ῥόδου</span> <span class='ocrx_word' id='word_1_99' title='bbox 835 2173 1088 2237; x_wconf 84' lang='grc' dir='ltr'>Γαϐαλᾶς</span> <span class='ocrx_word' id='word_1_100' title='bbox 1117 2174 1370 2243; x_wconf 80' lang='grc' dir='ltr'><strong>Ἰωάννης</strong></span> <span class='ocrx_word' id='word_1_101' title='bbox 1403 2175 1483 2245; x_wconf 83' lang='grc' dir='ltr'>τῷ</span> <span class='ocrx_word' id='word_1_102' title='bbox 1508 2176 1630 2230; x_wconf 86' lang='grc' dir='ltr'>τότε</span> 
     </span>
    </p>
   </div>
   <div class='ocr_carea' id='block_1_21' title="bbox 428 2263 1822 2336">
    <p class='ocr_par' dir='ltr' id='par_1_21' title="bbox 428 2263 1822 2336">
     <span class='ocr_line' id='line_1_21' title="bbox 428 2263 1822 2336; baseline 0.003 -20"><span class='ocrx_word' id='word_1_103' title='bbox 428 2263 568 2318; x_wconf 77' lang='lat'><strong>8630</strong></span> <span class='ocrx_word' id='word_1_104' title='bbox 609 2264 888 2335; x_wconf 83' lang='grc' dir='ltr'>Ὀμσιμος</span> <span class='ocrx_word' id='word_1_105' title='bbox 918 2264 996 2321; x_wconf 77' lang='grc' dir='ltr'><strong>ὢν</strong></span> <span class='ocrx_word' id='word_1_106' title='bbox 1021 2267 1302 2336; x_wconf 84' lang='grc' dir='ltr'>Καίσαρος</span> <span class='ocrx_word' id='word_1_107' title='bbox 1333 2266 1598 2335; x_wconf 77' lang='grc' dir='ltr'>ἄρξαντος</span> <span class='ocrx_word' id='word_1_108' title='bbox 1638 2266 1822 2322; x_wconf 83' lang='grc' dir='ltr'>Ῥόδου</span> 
     </span>
    </p>
   </div>
   <div class='ocr_carea' id='block_1_22' title="bbox 608 2357 1753 2432">
    <p class='ocr_par' dir='ltr' id='par_1_22' title="bbox 608 2357 1753 2432">
     <span class='ocr_line' id='line_1_22' title="bbox 608 2357 1753 2432; baseline 0.005 -24"><span class='ocrx_word' id='word_1_109' title='bbox 608 2357 1106 2427; x_wconf 80' lang='grc' dir='ltr'>Συνεκστρατιύων</span> <span class='ocrx_word' id='word_1_110' title='bbox 1134 2359 1458 2432; x_wconf 80' lang='grc' dir='ltr'>Αὐσονάρχῃ</span> <span class='ocrx_word' id='word_1_111' title='bbox 1480 2360 1714 2432; x_wconf 81' lang='grc' dir='ltr'>δεσπότῃ</span> <span class='ocrx_word' id='word_1_112' title='bbox 1739 2400 1753 2424; x_wconf 91' lang='grc'><em>,</em></span> 
     </span>
    </p>
   </div>
   <div class='ocr_carea' id='block_1_23' title="bbox 602 2450 1724 2522">
    <p class='ocr_par' dir='ltr' id='par_1_23' title="bbox 602 2450 1724 2522">
     <span class='ocr_line' id='line_1_23' title="bbox 602 2450 1724 2522; baseline 0.004 -21"><span class='ocrx_word' id='word_1_113' title='bbox 602 2450 788 2519; x_wconf 83' lang='grc' dir='ltr'>Νῆσον</span> <span class='ocrx_word' id='word_1_114' title='bbox 814 2454 1082 2522; x_wconf 77' lang='grc' dir='ltr'>κατέσχον</span> <span class='ocrx_word' id='word_1_115' title='bbox 1108 2453 1157 2506; x_wconf 73' lang='grc' dir='ltr'>οἱ</span> <span class='ocrx_word' id='word_1_116' title='bbox 1187 2452 1501 2521; x_wconf 82' lang='grc' dir='ltr'><strong>λελεγμένοι</strong></span> <span class='ocrx_word' id='word_1_117' title='bbox 1526 2452 1724 2522; x_wconf 81' lang='grc' dir='ltr'>λάθρα·</span> 
     </span>
    </p>
   </div>
   <div class='ocr_carea' id='block_1_24' title="bbox 605 2540 1802 2622">
    <p class='ocr_par' dir='ltr' id='par_1_24' title="bbox 605 2540 1802 2622">
     <span class='ocr_line' id='line_1_24' title="bbox 605 2540 1802 2622; baseline -0.001 -28"><span class='ocrx_word' id='word_1_118' title='bbox 605 2540 672 2594; x_wconf 82' lang='grc' dir='ltr'><strong>Ὃ</strong></span> <span class='ocrx_word' id='word_1_119' title='bbox 698 2540 864 2622; x_wconf 79' lang='grc' dir='ltr'>γνοὺς</span> <span class='ocrx_word' id='word_1_120' title='bbox 892 2540 1147 2611; x_wconf 77' lang='grc' dir='ltr'>βασιλεὺς</span> <span class='ocrx_word' id='word_1_121' title='bbox 1175 2541 1233 2594; x_wconf 80' lang='grc' dir='ltr'><strong>ἐν</strong></span> <span class='ocrx_word' id='word_1_122' title='bbox 1257 2540 1449 2612; x_wconf 77' lang='grc' dir='ltr'>Θρᾴκῃ</span> <span class='ocrx_word' id='word_1_123' title='bbox 1477 2541 1767 2612; x_wconf 85' lang='grc' dir='ltr'>διατρίϐων</span> <span class='ocrx_word' id='word_1_124' title='bbox 1787 2579 1802 2604; x_wconf 86' lang='grc'><em>,</em></span> 
     </span>
    </p>
   </div>
   <div class='ocr_carea' id='block_1_25' title="bbox 607 2632 1672 2704">
    <p class='ocr_par' dir='ltr' id='par_1_25' title="bbox 607 2632 1672 2704">
     <span class='ocr_line' id='line_1_25' title="bbox 607 2632 1672 2704; baseline -0.002 -16"><span class='ocrx_word' id='word_1_125' title='bbox 607 2633 1078 2703; x_wconf 80' lang='grc' dir='ltr'>Καντακουζηνῶν</span> <span class='ocrx_word' id='word_1_126' title='bbox 1107 2635 1174 2688; x_wconf 81' lang='grc' dir='ltr'>ὲκ</span> <span class='ocrx_word' id='word_1_127' title='bbox 1195 2632 1384 2702; x_wconf 76' lang='grc' dir='ltr'>γένους</span> <span class='ocrx_word' id='word_1_128' title='bbox 1417 2635 1672 2704; x_wconf 84' lang='grc' dir='ltr'><strong>Ἰωάννην</strong></span> 
     </span>
    </p>
   </div>
   <div class='ocr_carea' id='block_1_26' title="bbox 425 2725 1730 2798">
    <p class='ocr_par' dir='ltr' id='par_1_26' title="bbox 425 2725 1730 2798">
     <span class='ocr_line' id='line_1_26' title="bbox 425 2725 1730 2798; baseline -0.001 -17"><span class='ocrx_word' id='word_1_129' title='bbox 425 2727 570 2783; x_wconf 77' lang='grc'><strong>8655</strong></span> <span class='ocrx_word' id='word_1_130' title='bbox 609 2727 710 2780; x_wconf 80' lang='grc' dir='ltr'><strong>Σὺν</strong></span> <span class='ocrx_word' id='word_1_131' title='bbox 739 2728 972 2798; x_wconf 82' lang='grc' dir='ltr'>στρατιᾷ</span> <span class='ocrx_word' id='word_1_132' title='bbox 1001 2726 1261 2796; x_wconf 80' lang='grc' dir='ltr'>πέπομφε</span> <span class='ocrx_word' id='word_1_133' title='bbox 1298 2725 1522 2780; x_wconf 76' lang='grc' dir='ltr'>Ῥοδίων</span> <span class='ocrx_word' id='word_1_134' title='bbox 1551 2727 1730 2780; x_wconf 80' lang='grc' dir='ltr'>πόλειο</span> 
     </span>
    </p>
   </div>
   <div class='ocr_carea' id='block_1_27' title="bbox 613 2819 1872 2892">
    <p class='ocr_par' dir='ltr' id='par_1_27' title="bbox 613 2819 1872 2892">
     <span class='ocr_line' id='line_1_27' title="bbox 613 2819 1872 2892; baseline -0.003 -16"><span class='ocrx_word' id='word_1_135' title='bbox 613 2824 706 2884; x_wconf 90' lang='grc' dir='ltr'>Ὃς</span> <span class='ocrx_word' id='word_1_136' title='bbox 739 2820 1135 2884; x_wconf 76' lang='grc' dir='ltr'>ἐκπεπλευκὼς</span> <span class='ocrx_word' id='word_1_137' title='bbox 1165 2823 1264 2874; x_wconf 64' lang='grc' dir='ltr'>καὶ</span> <span class='ocrx_word' id='word_1_138' title='bbox 1297 2819 1548 2884; x_wconf 79' lang='grc' dir='ltr'>κατάρας</span> <span class='ocrx_word' id='word_1_139' title='bbox 1575 2823 1632 2876; x_wconf 75' lang='grc' dir='ltr'><strong>ἐν</strong></span> <span class='ocrx_word' id='word_1_140' title='bbox 1672 2821 1834 2892; x_wconf 79' lang='grc' dir='ltr'>Ῥόδῳ</span> <span class='ocrx_word' id='word_1_141' title='bbox 1856 2861 1872 2887; x_wconf 85' lang='grc'><em>,</em></span> 
     </span>
    </p>
   </div>
   <div class='ocr_carea' id='block_1_28' title="bbox 603 2911 1650 2982">
    <p class='ocr_par' dir='ltr' id='par_1_28' title="bbox 603 2911 1650 2982">
     <span class='ocr_line' id='line_1_28' title="bbox 603 2911 1650 2982; baseline 0.005 -20"><span class='ocrx_word' id='word_1_142' title='bbox 603 2911 850 2981; x_wconf 77' lang='grc' dir='ltr'>Κατέσχε</span> <span class='ocrx_word' id='word_1_143' title='bbox 872 2911 1180 2981; x_wconf 78' lang='grc' dir='ltr'>Φιλέρημον</span> <span class='ocrx_word' id='word_1_144' title='bbox 1213 2912 1347 2966; x_wconf 87' lang='grc' dir='ltr'>άστυ</span> <span class='ocrx_word' id='word_1_145' title='bbox 1384 2913 1449 2981; x_wconf 81' lang='grc' dir='ltr'>τῇ</span> <span class='ocrx_word' id='word_1_146' title='bbox 1479 2911 1650 2982; x_wconf 80' lang='grc' dir='ltr'>μάχῃ·</span> 
     </span>
    </p>
   </div>
   <div class='ocr_carea' id='block_1_29' title="bbox 603 2997 1776 3074">
    <p class='ocr_par' dir='ltr' id='par_1_29' title="bbox 603 2997 1776 3074">
     <span class='ocr_line' id='line_1_29' title="bbox 603 2997 1776 3074; baseline -0.001 -17"><span class='ocrx_word' id='word_1_147' title='bbox 603 3003 721 3072; x_wconf 80' lang='grc' dir='ltr'><strong>Ἀφ’</strong></span> <span class='ocrx_word' id='word_1_148' title='bbox 757 2997 928 3072; x_wconf 67' lang='grc' dir='ltr'>οὗπερ</span> <span class='ocrx_word' id='word_1_149' title='bbox 971 3002 1188 3074; x_wconf 80' lang='grc' dir='ltr'>ἐχθροῖς</span> <span class='ocrx_word' id='word_1_150' title='bbox 1221 3001 1500 3056; x_wconf 81' lang='grc' dir='ltr'>ἀντεπιὼν</span> <span class='ocrx_word' id='word_1_151' title='bbox 1525 3001 1776 3072; x_wconf 79' lang='grc' dir='ltr'><strong>εὐψύχως</strong></span> 
     </span>
    </p>
   </div>
   <div class='ocr_carea' id='block_1_30' title="bbox 613 3093 1961 3168">
    <p class='ocr_par' dir='ltr' id='par_1_30' title="bbox 613 3093 1961 3168">
     <span class='ocr_line' id='line_1_30' title="bbox 613 3093 1961 3168; baseline 0.004 -22"><span class='ocrx_word' id='word_1_152' title='bbox 613 3097 820 3168; x_wconf 80' lang='grc' dir='ltr'>Ῥᾷστα</span> <span class='ocrx_word' id='word_1_153' title='bbox 847 3096 1099 3154; x_wconf 68' lang='grc' dir='ltr'>κατέσπα</span> <span class='ocrx_word' id='word_1_154' title='bbox 1120 3095 1220 3164; x_wconf 83' lang='grc' dir='ltr'><strong>τὴν</strong></span> <span class='ocrx_word' id='word_1_155' title='bbox 1245 3095 1420 3165; x_wconf 76' lang='grc' dir='ltr'>ὀφρὺν</span> <span class='ocrx_word' id='word_1_156' title='bbox 1448 3093 1599 3162; x_wconf 79' lang='grc' dir='ltr'>σφῶν</span> <span class='ocrx_word' id='word_1_157' title='bbox 1624 3096 1718 3148; x_wconf 76' lang='grc' dir='ltr'>καὶ</span> <span class='ocrx_word' id='word_1_158' title='bbox 1744 3094 1961 3165; x_wconf 77' lang='grc' dir='ltr'>θράσος.</span> 
     </span>
    </p>
   </div>
   <div class='ocr_carea' id='block_1_31' title="bbox 425 3180 2037 3275">
    <p class='ocr_par' dir='ltr' id='par_1_31' title="bbox 425 3180 2037 3275">
     <span class='ocr_line' id='line_1_31' title="bbox 425 3180 2037 3275; baseline -0.002 -32"><span class='ocrx_word' id='word_1_159' title='bbox 425 3189 570 3244; x_wconf 63' lang='grc'><strong>8610</strong></span> <span class='ocrx_word' id='word_1_160' title='bbox 611 3189 719 3242; x_wconf 77' lang='lat' dir='ltr'><strong>Kal.</strong></span> <span class='ocrx_word' id='word_1_161' title='bbox 747 3186 871 3256; x_wconf 86' lang='grc' dir='ltr'>τάχ’</span> <span class='ocrx_word' id='word_1_162' title='bbox 904 3186 972 3242; x_wconf 78' lang='grc' dir='ltr'><strong>ἂν</strong></span> <span class='ocrx_word' id='word_1_163' title='bbox 999 3180 1113 3241; x_wconf 76' lang='grc' dir='ltr'>εἷλε</span> <span class='ocrx_word' id='word_1_164' title='bbox 1142 3187 1238 3238; x_wconf 81' lang='grc' dir='ltr'>καὶ</span> <span class='ocrx_word' id='word_1_165' title='bbox 1266 3185 1424 3238; x_wconf 79' lang='grc' dir='ltr'>πόλιν</span> <span class='ocrx_word' id='word_1_166' title='bbox 1449 3183 1592 3240; x_wconf 83' lang='grc' dir='ltr'>κατὰ</span> <span class='ocrx_word' id='word_1_167' title='bbox 1626 3185 1855 3256; x_wconf 83' lang='grc' dir='ltr'>κράτος,</span> <span class='ocrx_word' id='word_1_168' title='bbox 1989 3213 2037 3275; x_wconf 75' lang='lat' dir='ltr'><strong>C</strong></span> 
     </span>
    </p>
   </div>
   <div class='ocr_carea' id='block_1_32' title="bbox 603 3277 1634 3351">
    <p class='ocr_par' dir='ltr' id='par_1_32' title="bbox 603 3277 1634 3351">
     <span class='ocr_line' id='line_1_32' title="bbox 603 3277 1634 3351; baseline -0.001 -19"><span class='ocrx_word' id='word_1_169' title='bbox 603 3282 666 3334; x_wconf 83' lang='lat' dir='ltr'><strong>Ei</strong></span> <span class='ocrx_word' id='word_1_170' title='bbox 700 3281 774 3350; x_wconf 83' lang='grc' dir='ltr'>μὴ</span> <span class='ocrx_word' id='word_1_171' title='bbox 799 3277 1037 3351; x_wconf 79' lang='grc' dir='ltr'>πρίγκιψ</span> <span class='ocrx_word' id='word_1_172' title='bbox 1064 3279 1240 3349; x_wconf 68' lang='grc' dir='ltr'>ἤμυνε</span> <span class='ocrx_word' id='word_1_173' title='bbox 1263 3278 1360 3348; x_wconf 85' lang='grc' dir='ltr'>τῆς</span> <span class='ocrx_word' id='word_1_174' title='bbox 1392 3279 1634 3347; x_wconf 78' lang='grc' dir='ltr'>Ἀχαΐας,</span> 
     </span>
    </p>
   </div>
   <div class='ocr_carea' id='block_1_33' title="bbox 1994 1849 2045 1910">
    <p class='ocr_par' dir='ltr' id='par_1_33' title="bbox 1994 1849 2045 1910">
     <span class='ocr_line' id='line_1_33' title="bbox 1994 1849 2045 1910; baseline 0 0"><span class='ocrx_word' id='word_1_175' title='bbox 1994 1849 2045 1910; x_wconf 87' lang='grc' dir='ltr'><strong>Β</strong></span> 
     </span>
    </p>
   </div>
   <div class='ocr_carea' id='block_1_34' title="bbox 618 3371 1864 3442">
    <p class='ocr_par' dir='ltr' id='par_1_34' title="bbox 618 3371 1864 3442">
     <span class='ocr_line' id='line_1_34' title="bbox 618 3371 1864 3442; baseline -0.002 -15"><span class='ocrx_word' id='word_1_176' title='bbox 618 3374 873 3436; x_wconf 77' lang='grc' dir='ltr'>Ὁπλίτας</span> <span class='ocrx_word' id='word_1_177' title='bbox 897 3373 1080 3435; x_wconf 74' lang='grc' dir='ltr'>αὐτοῗς</span> <span class='ocrx_word' id='word_1_178' title='bbox 1107 3372 1431 3442; x_wconf 81' lang='grc' dir='ltr'>συμμάχους</span> <span class='ocrx_word' id='word_1_179' title='bbox 1459 3371 1585 3436; x_wconf 81' lang='grc' dir='ltr'>δοὺς</span> <span class='ocrx_word' id='word_1_180' title='bbox 1613 3371 1864 3434; x_wconf 84' lang='grc' dir='ltr'>ἱππότας.</span> 
     </span>
    </p>
   </div>
   <div class='ocr_carea' id='block_1_35' title="bbox 611 3464 1719 3536">
    <p class='ocr_par' dir='ltr' id='par_1_35' title="bbox 611 3464 1719 3536">
     <span class='ocr_line' id='line_1_35' title="bbox 611 3464 1719 3536; baseline -0.003 -15"><span class='ocrx_word' id='word_1_181' title='bbox 611 3469 700 3530; x_wconf 79' lang='grc' dir='ltr'><strong>Ὠς</strong></span> <span class='ocrx_word' id='word_1_182' title='bbox 728 3467 821 3521; x_wconf 77' lang='grc' dir='ltr'><strong>οὖν</strong></span> <span class='ocrx_word' id='word_1_183' title='bbox 852 3465 1216 3530; x_wconf 69' lang='grc' dir='ltr'>επανέζευξεν</span> <span class='ocrx_word' id='word_1_184' title='bbox 1242 3467 1306 3518; x_wconf 79' lang='grc' dir='ltr'>ἐκ</span> <span class='ocrx_word' id='word_1_185' title='bbox 1339 3465 1521 3536; x_wconf 82' lang='grc' dir='ltr'>μάχης</span> <span class='ocrx_word' id='word_1_186' title='bbox 1551 3464 1719 3530; x_wconf 82' lang='grc' dir='ltr'><strong>ἄναξ,</strong></span> 
     </span>
    </p>
   </div>
   <div class='ocr_carea' id='block_1_36' title="bbox 604 3555 1928 3626">
    <p class='ocr_par' dir='ltr' id='par_1_36' title="bbox 604 3555 1928 3626">
     <span class='ocr_line' id='line_1_36' title="bbox 604 3555 1928 3626; baseline -0.004 -15"><span class='ocrx_word' id='word_1_187' title='bbox 604 3555 757 3620; x_wconf 65' lang='lat' dir='ltr'><strong>Nai};</strong></span> <span class='ocrx_word' id='word_1_188' title='bbox 803 3556 1170 3626; x_wconf 79' lang='grc' dir='ltr'>ἱππαγωγοὺς</span> <span class='ocrx_word' id='word_1_189' title='bbox 1206 3555 1542 3626; x_wconf 74' lang='grc' dir='ltr'>εὐτρεπίσας</span> <span class='ocrx_word' id='word_1_190' title='bbox 1574 3556 1670 3609; x_wconf 76' lang='grc' dir='ltr'>καὶ</span> <span class='ocrx_word' id='word_1_191' title='bbox 1705 3555 1891 3608; x_wconf 78' lang='grc' dir='ltr'>στόλον</span> <span class='ocrx_word' id='word_1_192' title='bbox 1913 3595 1928 3619; x_wconf 86' lang='grc'><em>,</em></span> 
     </span>
    </p>
   </div>
   <div class='ocr_carea' id='block_1_37' title="bbox 426 3644 1658 3719">
    <p class='ocr_par' dir='ltr' id='par_1_37' title="bbox 426 3644 1658 3719">
     <span class='ocr_line' id='line_1_37' title="bbox 426 3644 1658 3719; baseline -0.005 -14"><span class='ocrx_word' id='word_1_193' title='bbox 426 3650 569 3705; x_wconf 62' lang='lat'><strong>86.55</strong></span> <span class='ocrx_word' id='word_1_194' title='bbox 607 3651 839 3712; x_wconf 81' lang='grc' dir='ltr'>Ἵππους</span> <span class='ocrx_word' id='word_1_195' title='bbox 870 3651 929 3704; x_wconf 76' lang='grc' dir='ltr'>ὲν</span> <span class='ocrx_word' id='word_1_196' title='bbox 959 3644 1048 3712; x_wconf 73' lang='grc' dir='ltr'>αἷς</span> <span class='ocrx_word' id='word_1_197' title='bbox 1077 3649 1238 3702; x_wconf 78' lang='grc' dir='ltr'>ἔϐαλε</span> <span class='ocrx_word' id='word_1_198' title='bbox 1271 3648 1622 3719; x_wconf 76' lang='grc' dir='ltr'>τριακοσίους</span> <span class='ocrx_word' id='word_1_199' title='bbox 1643 3687 1658 3712; x_wconf 87' lang='grc'><em>,</em></span> 
     </span>
    </p>
   </div>
   <div class='ocr_carea' id='block_1_38' title="bbox 427 3735 1842 3808">
    <p class='ocr_par' dir='ltr' id='par_1_38' title="bbox 427 3735 1842 3808">
     <span class='ocr_line' id='line_1_38' title="bbox 427 3735 1842 3808; baseline -0.002 -14"><span class='ocrx_word' id='word_1_200' title='bbox 427 3735 432 3740; x_wconf 51' lang='grc'><strong><em>“</em></strong></span> <span class='ocrx_word' id='word_1_201' title='bbox 605 3737 719 3794; x_wconf 82' lang='grc' dir='ltr'><strong>Εἶτ’</strong></span> <span class='ocrx_word' id='word_1_202' title='bbox 750 3740 1030 3805; x_wconf 78' lang='grc' dir='ltr'>ἀποτάξας</span> <span class='ocrx_word' id='word_1_203' title='bbox 1061 3739 1158 3794; x_wconf 75' lang='grc' dir='ltr'><strong>καὶ</strong></span> <span class='ocrx_word' id='word_1_204' title='bbox 1188 3739 1615 3808; x_wconf 59' lang='grc' dir='ltr'>στολάρχηνιτοῦ</span> <span class='ocrx_word' id='word_1_205' title='bbox 1652 3739 1842 3791; x_wconf 84' lang='grc' dir='ltr'>στόλου</span> 
     </span>
    </p>
   </div>
   <div class='ocr_carea' id='block_1_39' title="bbox 604 3831 1706 3904">
    <p class='ocr_par' dir='ltr' id='par_1_39' title="bbox 604 3831 1706 3904">
     <span class='ocr_line' id='line_1_39' title="bbox 604 3831 1706 3904; baseline -0.005 -16"><span class='ocrx_word' id='word_1_206' title='bbox 604 3834 740 3888; x_wconf 78' lang='grc' dir='ltr'>Τινὰ</span> <span class='ocrx_word' id='word_1_207' title='bbox 759 3834 1204 3904; x_wconf 80' lang='grc' dir='ltr'>Κοντοστέφανον</span> <span class='ocrx_word' id='word_1_208' title='bbox 1226 3832 1392 3903; x_wconf 77' lang='grc' dir='ltr'>ἄνδρα</span> <span class='ocrx_word' id='word_1_209' title='bbox 1423 3831 1706 3900; x_wconf 82' lang='grc' dir='ltr'>γεννάδαν,</span> 
     </span>
    </p>
   </div>
   <div class='ocr_carea' id='block_1_40' title="bbox 611 3923 1719 4000">
    <p class='ocr_par' dir='ltr' id='par_1_40' title="bbox 611 3923 1719 4000">
     <span class='ocr_line' id='line_1_40' title="bbox 611 3923 1719 4000; baseline -0.004 -19"><span class='ocrx_word' id='word_1_210' title='bbox 611 3931 652 3981; x_wconf 88' lang='grc' dir='ltr'>Π</span> <span class='ocrx_word' id='word_1_211' title='bbox 663 3926 1076 4000; x_wconf 79' lang='grc' dir='ltr'>ρωτοσεϐαστοῠ</span> <span class='ocrx_word' id='word_1_212' title='bbox 1101 3924 1202 3996; x_wconf 83' lang='grc' dir='ltr'>τὴν</span> <span class='ocrx_word' id='word_1_213' title='bbox 1233 3923 1403 3996; x_wconf 81' lang='grc' dir='ltr'>τιμὴν</span> <span class='ocrx_word' id='word_1_214' title='bbox 1434 3925 1684 3992; x_wconf 73' lang='grc' dir='ltr'>εἰληχότα</span> <span class='ocrx_word' id='word_1_215' title='bbox 1703 3966 1719 3986; x_wconf 84' lang='grc'>,</span> 
     </span>
    </p>
   </div>
   <div class='ocr_carea' id='block_1_41' title="bbox 607 4015 1762 4092">
    <p class='ocr_par' dir='ltr' id='par_1_41' title="bbox 607 4015 1762 4092">
     <span class='ocr_line' id='line_1_41' title="bbox 607 4015 1762 4092; baseline -0.004 -18"><span class='ocrx_word' id='word_1_216' title='bbox 607 4023 702 4076; x_wconf 72' lang='lat' dir='ltr'><strong>El:</strong></span> <span class='ocrx_word' id='word_1_217' title='bbox 732 4023 898 4092; x_wconf 72' lang='grc' dir='ltr'>νῆσον</span> <span class='ocrx_word' id='word_1_218' title='bbox 922 4018 1216 4074; x_wconf 78' lang='grc' dir='ltr'>ἀπέστειλε</span> <span class='ocrx_word' id='word_1_219' title='bbox 1242 4019 1346 4088; x_wconf 82' lang='grc' dir='ltr'>τὴν</span> <span class='ocrx_word' id='word_1_220' title='bbox 1367 4015 1478 4070; x_wconf 86' lang='grc' dir='ltr'><strong>τῶν</strong></span> <span class='ocrx_word' id='word_1_221' title='bbox 1521 4015 1762 4070; x_wconf 81' lang='grc' dir='ltr'>Ῥοδίων·</span> 
     </span>
    </p>
   </div>
   <div class='ocr_carea' id='block_1_42' title="bbox 428 4107 1870 4180">
    <p class='ocr_par' dir='ltr' id='par_1_42' title="bbox 428 4107 1870 4180">
     <span class='ocr_line' id='line_1_42' title="bbox 428 4107 1870 4180; baseline -0.008 -9"><span class='ocrx_word' id='word_1_222' title='bbox 428 4114 574 4171; x_wconf 65' lang='lat'><strong>8650</strong></span> <span class='ocrx_word' id='word_1_223' title='bbox 611 4114 721 4168; x_wconf 74' lang='lat' dir='ltr'><strong>Kal</strong></span> <span class='ocrx_word' id='word_1_224' title='bbox 747 4111 891 4167; x_wconf 67' lang='grc' dir='ltr'>κατὰ</span> <span class='ocrx_word' id='word_1_225' title='bbox 919 4111 1101 4180; x_wconf 82' lang='grc' dir='ltr'>μάχην</span> <span class='ocrx_word' id='word_1_226' title='bbox 1136 4109 1479 4178; x_wconf 75' lang='grc' dir='ltr'>συμπλακεὶς</span> <span class='ocrx_word' id='word_1_227' title='bbox 1509 4107 1827 4170; x_wconf 79' lang='grc' dir='ltr'>Γενουῒταις</span> <span class='ocrx_word' id='word_1_228' title='bbox 1854 4145 1870 4170; x_wconf 91' lang='grc'><em>,</em></span> 
     </span>
    </p>
   </div>
   <div class='ocr_carea' id='block_1_43' title="bbox 608 4197 1864 4275">
    <p class='ocr_par' dir='ltr' id='par_1_43' title="bbox 608 4197 1864 4275">
     <span class='ocr_line' id='line_1_43' title="bbox 608 4197 1864 4275; baseline -0.008 -15"><span class='ocrx_word' id='word_1_229' title='bbox 608 4205 767 4261; x_wconf 81' lang='grc' dir='ltr'><strong>Κατὰ</strong></span> <span class='ocrx_word' id='word_1_230' title='bbox 799 4203 1004 4275; x_wconf 88' lang='grc' dir='ltr'>κράτος</span> <span class='ocrx_word' id='word_1_231' title='bbox 1035 4204 1177 4272; x_wconf 80' lang='grc' dir='ltr'>σφᾶς</span> <span class='ocrx_word' id='word_1_232' title='bbox 1205 4201 1402 4272; x_wconf 78' lang='grc' dir='ltr'>ἐκνικᾷ</span> <span class='ocrx_word' id='word_1_233' title='bbox 1430 4200 1525 4252; x_wconf 74' lang='grc' dir='ltr'>καὶ</span> <span class='ocrx_word' id='word_1_234' title='bbox 1550 4197 1828 4270; x_wconf 87' lang='grc' dir='ltr'>συντρίϐει</span> <span class='ocrx_word' id='word_1_235' title='bbox 1850 4237 1864 4260; x_wconf 85' lang='lat'><strong>,</strong></span> 
     </span>
    </p>
   </div>
   <div class='ocr_carea' id='block_1_44' title="bbox 609 4291 1706 4366">
    <p class='ocr_par' dir='ltr' id='par_1_44' title="bbox 609 4291 1706 4366">
     <span class='ocr_line' id='line_1_44' title="bbox 609 4291 1706 4366; baseline -0.005 -15"><span class='ocrx_word' id='word_1_236' title='bbox 609 4300 716 4351; x_wconf 75' lang='grc' dir='ltr'><strong>Καὶ</strong></span> <span class='ocrx_word' id='word_1_237' title='bbox 755 4296 923 4366; x_wconf 78' lang='grc' dir='ltr'>νῆσον</span> <span class='ocrx_word' id='word_1_238' title='bbox 966 4295 1242 4348; x_wconf 82' lang='grc' dir='ltr'>ἀνέσωσεν</span> <span class='ocrx_word' id='word_1_239' title='bbox 1282 4293 1486 4347; x_wconf 74' lang='grc' dir='ltr'>Αὔσοσι</span> <span class='ocrx_word' id='word_1_240' title='bbox 1518 4291 1706 4346; x_wconf 86' lang='grc' dir='ltr'>πάλιν.</span> 
     </span>
    </p>
   </div>
   <div class='ocr_carea' id='block_1_45' title="bbox 619 4373 1839 4458">
    <p class='ocr_par' dir='ltr' id='par_1_45' title="bbox 619 4373 1839 4458">
     <span class='ocr_line' id='line_1_45' title="bbox 619 4373 1839 4458; baseline -0.007 -14"><span class='ocrx_word' id='word_1_241' title='bbox 619 4391 679 4444; x_wconf 87' lang='lat'><strong>&#39;0</strong></span> <span class='ocrx_word' id='word_1_242' title='bbox 702 4391 745 4443; x_wconf 75' lang='grc' dir='ltr'>δ’</span> <span class='ocrx_word' id='word_1_243' title='bbox 777 4373 1136 4458; x_wconf 67' lang='grc' dir='ltr'>αὐτοκράτωρ</span> <span class='ocrx_word' id='word_1_244' title='bbox 1166 4385 1302 4454; x_wconf 73' lang='grc' dir='ltr'>πρὸς</span> <span class='ocrx_word' id='word_1_245' title='bbox 1328 4384 1548 4455; x_wconf 80' lang='grc' dir='ltr'>Μιχαὴλ</span> <span class='ocrx_word' id='word_1_246' title='bbox 1570 4383 1839 4454; x_wconf 80' lang='grc' dir='ltr'>δεσπότην</span> 
     </span>
    </p>
   </div>
   <div class='ocr_carea' id='block_1_46' title="bbox 608 4471 1822 4549">
    <p class='ocr_par' dir='ltr' id='par_1_46' title="bbox 608 4471 1822 4549">
     <span class='ocr_line' id='line_1_46' title="bbox 608 4471 1822 4549; baseline -0.005 -13"><span class='ocrx_word' id='word_1_247' title='bbox 608 4482 780 4549; x_wconf 56' lang='lat' dir='ltr'><strong>mea;</strong></span> <span class='ocrx_word' id='word_1_248' title='bbox 807 4497 868 4532; x_wconf 86' lang='grc' dir='ltr'><strong>τε</strong></span> <span class='ocrx_word' id='word_1_249' title='bbox 899 4481 1043 4534; x_wconf 80' lang='grc' dir='ltr'>ποιεῖ</span> <span class='ocrx_word' id='word_1_250' title='bbox 1083 4471 1385 4549; x_wconf 79' lang='grc' dir='ltr'>συμϐάσεις</span> <span class='ocrx_word' id='word_1_251' title='bbox 1416 4476 1462 4529; x_wconf 85' lang='grc' dir='ltr'>τ’</span> <span class='ocrx_word' id='word_1_252' title='bbox 1493 4476 1822 4545; x_wconf 80' lang='grc' dir='ltr'>ἐνωμότους.</span> 
     </span>
    </p>
   </div>
   <div class='ocr_carea' id='block_1_47' title="bbox 424 4572 1810 4644">
    <p class='ocr_par' dir='ltr' id='par_1_47' title="bbox 424 4572 1810 4644">
     <span class='ocr_line' id='line_1_47' title="bbox 424 4572 1810 4644; baseline -0.005 -14"><span class='ocrx_word' id='word_1_253' title='bbox 424 4576 570 4631; x_wconf 71' lang='grc' dir='ltr'><strong>86ΐὲ5</strong></span> <span class='ocrx_word' id='word_1_254' title='bbox 613 4576 745 4638; x_wconf 84' lang='grc' dir='ltr'>Παῖς</span> <span class='ocrx_word' id='word_1_255' title='bbox 786 4575 1050 4628; x_wconf 82' lang='grc' dir='ltr'>δεσπότου</span> <span class='ocrx_word' id='word_1_256' title='bbox 1082 4574 1192 4644; x_wconf 78' lang='grc' dir='ltr'><strong>γάρ</strong></span> <span class='ocrx_word' id='word_1_257' title='bbox 1229 4574 1448 4644; x_wconf 82' lang='grc' dir='ltr'>Μιχαὴλ</span> <span class='ocrx_word' id='word_1_258' title='bbox 1490 4572 1810 4641; x_wconf 78' lang='grc' dir='ltr'>Νικηφόρος</span> 
     </span>
    </p>
   </div>
   <div class='ocr_carea' id='block_1_48' title="bbox 607 4664 1656 4736">
    <p class='ocr_par' dir='ltr' id='par_1_48' title="bbox 607 4664 1656 4736">
     <span class='ocr_line' id='line_1_48' title="bbox 607 4664 1656 4736; baseline -0.003 -17"><span class='ocrx_word' id='word_1_259' title='bbox 607 4668 697 4728; x_wconf 79' lang='grc' dir='ltr'>Εἰς</span> <span class='ocrx_word' id='word_1_260' title='bbox 735 4665 984 4736; x_wconf 80' lang='grc' dir='ltr'>γαμετὴν</span> <span class='ocrx_word' id='word_1_261' title='bbox 1019 4667 1211 4736; x_wconf 73' lang='grc' dir='ltr'>εἴληφε</span> <span class='ocrx_word' id='word_1_262' title='bbox 1243 4669 1343 4736; x_wconf 77' lang='grc' dir='ltr'>τὴν</span> <span class='ocrx_word' id='word_1_263' title='bbox 1374 4664 1656 4734; x_wconf 83' lang='grc' dir='ltr'>Θεοδώρου</span> 
     </span>
    </p>
   </div>
   <div class='ocr_carea' id='block_1_49' title="bbox 608 4757 1625 4828">
    <p class='ocr_par' dir='ltr' id='par_1_49' title="bbox 608 4757 1625 4828">
     <span class='ocr_line' id='line_1_49' title="bbox 608 4757 1625 4828; baseline -0.003 -16"><span class='ocrx_word' id='word_1_264' title='bbox 608 4762 880 4822; x_wconf 81' lang='grc' dir='ltr'>Ἀνακτος</span> <span class='ocrx_word' id='word_1_265' title='bbox 904 4757 1025 4812; x_wconf 85' lang='grc' dir='ltr'>υίοῦ</span> <span class='ocrx_word' id='word_1_266' title='bbox 1061 4759 1283 4828; x_wconf 81' lang='grc' dir='ltr'>Μαρίαν</span> <span class='ocrx_word' id='word_1_267' title='bbox 1322 4757 1625 4828; x_wconf 69' lang='grc' dir='ltr'>θυγατέρα*</span> 
     </span>
    </p>
   </div>
   <div class='ocr_carea' id='block_1_50' title="bbox 600 4844 1690 4924">
    <p class='ocr_par' dir='ltr' id='par_1_50' title="bbox 600 4844 1690 4924">
     <span class='ocr_line' id='line_1_50' title="bbox 600 4844 1690 4924; baseline -0.003 -21"><span class='ocrx_word' id='word_1_268' title='bbox 600 4853 710 4919; x_wconf 78' lang='grc' dir='ltr'><strong>Τῆς</strong></span> <span class='ocrx_word' id='word_1_269' title='bbox 740 4852 834 4904; x_wconf 80' lang='grc' dir='ltr'>τοῦ</span> <span class='ocrx_word' id='word_1_270' title='bbox 869 4844 1092 4924; x_wconf 60' lang='grc' dir='ltr'>Μιχαὴλ</span> <span class='ocrx_word' id='word_1_271' title='bbox 1125 4850 1362 4919; x_wconf 77' lang='grc' dir='ltr'>συζύγου</span> <span class='ocrx_word' id='word_1_272' title='bbox 1402 4848 1690 4917; x_wconf 83' lang='grc' dir='ltr'>Θεοδώρας</span> 
     </span>
    </p>
   </div>
   <div class='ocr_carea' id='block_1_51' title="bbox 602 4939 1832 5013">
    <p class='ocr_par' dir='ltr' id='par_1_51' title="bbox 602 4939 1832 5013">
     <span class='ocr_line' id='line_1_51' title="bbox 602 4939 1832 5013; baseline -0.003 -17"><span class='ocrx_word' id='word_1_273' title='bbox 602 4945 679 4997; x_wconf 82' lang='grc' dir='ltr'><strong>Δι’</strong></span> <span class='ocrx_word' id='word_1_274' title='bbox 721 4944 1119 5008; x_wconf 78' lang='grc' dir='ltr'>Ἑλλησπόντου</span> <span class='ocrx_word' id='word_1_275' title='bbox 1151 4943 1437 5012; x_wconf 84' lang='grc' dir='ltr'>φθασάσης</span> <span class='ocrx_word' id='word_1_276' title='bbox 1473 4942 1688 5013; x_wconf 80' lang='grc' dir='ltr'>χώρους</span> <span class='ocrx_word' id='word_1_277' title='bbox 1717 4939 1792 4992; x_wconf 72' lang='grc' dir='ltr'>ἕω</span> <span class='ocrx_word' id='word_1_278' title='bbox 1819 4980 1832 5003; x_wconf 84' lang='grc'><em>,</em></span> 
     </span>
    </p>
   </div>
   <div class='ocr_carea' id='block_1_52' title="bbox 425 5034 1710 5106">
    <p class='ocr_par' dir='ltr' id='par_1_52' title="bbox 425 5034 1710 5106">
     <span class='ocr_line' id='line_1_52' title="bbox 425 5034 1710 5106; baseline -0.005 -14"><span class='ocrx_word' id='word_1_279' title='bbox 425 5036 568 5092; x_wconf 74' lang='grc'>8660</span> <span class='ocrx_word' id='word_1_280' title='bbox 605 5037 758 5091; x_wconf 82' lang='grc' dir='ltr'>Μετά</span> <span class='ocrx_word' id='word_1_281' title='bbox 789 5053 853 5104; x_wconf 86' lang='grc' dir='ltr'><strong>γε</strong></span> <span class='ocrx_word' id='word_1_282' title='bbox 882 5036 1077 5099; x_wconf 84' lang='grc' dir='ltr'>παιδὸς</span> <span class='ocrx_word' id='word_1_283' title='bbox 1104 5035 1363 5106; x_wconf 81' lang='grc' dir='ltr'>φιλτάτου</span> <span class='ocrx_word' id='word_1_284' title='bbox 1392 5034 1710 5101; x_wconf 68' lang='grc' dir='ltr'>Νικηφόρου</span> 
     </span>
    </p>
   </div>
   <div class='ocr_carea' id='block_1_53' title="bbox 607 5113 1881 5200">
    <p class='ocr_par' dir='ltr' id='par_1_53' title="bbox 607 5113 1881 5200">
     <span class='ocr_line' id='line_1_53' title="bbox 607 5113 1881 5200; baseline 0 -16"><span class='ocrx_word' id='word_1_285' title='bbox 607 5132 715 5184; x_wconf 79' lang='grc' dir='ltr'><strong>Καὶ</strong></span> <span class='ocrx_word' id='word_1_286' title='bbox 749 5129 850 5198; x_wconf 58' lang='grc' dir='ltr'>τὴν</span> <span class='ocrx_word' id='word_1_287' title='bbox 879 5130 965 5182; x_wconf 78' lang='grc' dir='ltr'><strong>ἐπ’</strong></span> <span class='ocrx_word' id='word_1_288' title='bbox 993 5129 1142 5199; x_wconf 76' lang='grc' dir='ltr'>αὐτῷ</span> <span class='ocrx_word' id='word_1_289' title='bbox 1169 5129 1493 5197; x_wconf 83' lang='grc' dir='ltr'>συγγένειαν</span> <span class='ocrx_word' id='word_1_290' title='bbox 1517 5129 1794 5200; x_wconf 79' lang='grc' dir='ltr'>δρασάσης</span> <span class='ocrx_word' id='word_1_291' title='bbox 1813 5171 1828 5191; x_wconf 87' lang='grc'><em>,</em></span> <span class='ocrx_word' id='word_1_292' title='bbox 1878 5113 1881 5115; x_wconf 33' lang='grc'><em>’</em></span> 
     </span>
    </p>
   </div>
   <div class='ocr_carea' id='block_1_54' title="bbox 606 5219 1806 5293">
    <p class='ocr_par' dir='ltr' id='par_1_54' title="bbox 606 5219 1806 5293">
     <span class='ocr_line' id='line_1_54' title="bbox 606 5219 1806 5293; baseline -0.003 -17"><span class='ocrx_word' id='word_1_293' title='bbox 606 5219 742 5277; x_wconf 74' lang='grc' dir='ltr'>Εἶτα</span> <span class='ocrx_word' id='word_1_294' title='bbox 773 5224 871 5276; x_wconf 81' lang='grc' dir='ltr'>σὺν</span> <span class='ocrx_word' id='word_1_295' title='bbox 901 5222 1050 5292; x_wconf 82' lang='grc' dir='ltr'><strong>αὑτῷ</strong></span> <span class='ocrx_word' id='word_1_296' title='bbox 1089 5221 1226 5291; x_wconf 81' lang='grc' dir='ltr'>πρὸς</span> <span class='ocrx_word' id='word_1_297' title='bbox 1264 5222 1418 5275; x_wconf 82' lang='grc' dir='ltr'>δύσιν</span> <span class='ocrx_word' id='word_1_298' title='bbox 1447 5223 1806 5293; x_wconf 78' lang='grc' dir='ltr'>χωρησάσης.</span> 
     </span>
    </p>
   </div>
   <div class='ocr_carea' id='block_1_55' title="bbox 611 5313 1670 5385">
    <p class='ocr_par' dir='ltr' id='par_1_55' title="bbox 611 5313 1670 5385">
     <span class='ocr_line' id='line_1_55' title="bbox 611 5313 1670 5385; baseline -0.006 -15"><span class='ocrx_word' id='word_1_299' title='bbox 611 5315 777 5370; x_wconf 80' lang='grc' dir='ltr'>Ἀλλὰ</span> <span class='ocrx_word' id='word_1_300' title='bbox 812 5314 1031 5385; x_wconf 77' lang='grc' dir='ltr'>Μιχαὴλ</span> <span class='ocrx_word' id='word_1_301' title='bbox 1057 5314 1252 5382; x_wconf 73' lang='grc' dir='ltr'>Δίθίτψ</span> <span class='ocrx_word' id='word_1_302' title='bbox 1277 5313 1353 5367; x_wconf 85' lang='grc' dir='ltr'><strong>ὢν</strong></span> <span class='ocrx_word' id='word_1_303' title='bbox 1387 5313 1670 5383; x_wconf 85' lang='grc' dir='ltr'>καρκίνος.</span> 
     </span>
    </p>
   </div>
   <div class='ocr_carea' id='block_1_56' title="bbox 602 5401 1788 5476">
    <p class='ocr_par' dir='ltr' id='par_1_56' title="bbox 602 5401 1788 5476">
     <span class='ocr_line' id='line_1_56' title="bbox 602 5401 1788 5476; baseline -0.002 -17"><span class='ocrx_word' id='word_1_304' title='bbox 602 5407 716 5459; x_wconf 73' lang='grc' dir='ltr'><strong>Οὐκ</strong></span> <span class='ocrx_word' id='word_1_305' title='bbox 743 5401 804 5459; x_wconf 81' lang='grc' dir='ltr'>εὖ</span> <span class='ocrx_word' id='word_1_306' title='bbox 845 5404 1088 5476; x_wconf 75' lang='grc' dir='ltr'>βαδίζειν</span> <span class='ocrx_word' id='word_1_307' title='bbox 1123 5405 1245 5458; x_wconf 81' lang='grc' dir='ltr'>οὐδὲ</span> <span class='ocrx_word' id='word_1_308' title='bbox 1279 5403 1580 5474; x_wconf 74' lang='grc' dir='ltr'>ῥύπτεσθαι</span> <span class='ocrx_word' id='word_1_309' title='bbox 1623 5404 1788 5457; x_wconf 78' lang='grc' dir='ltr'>θέλει·</span> 
     </span>
    </p>
   </div>
   <div class='ocr_carea' id='block_1_57' title="bbox 427 5494 1761 5566">
    <p class='ocr_par' dir='ltr' id='par_1_57' title="bbox 427 5494 1761 5566">
     <span class='ocr_line' id='line_1_57' title="bbox 427 5494 1761 5566; baseline -0.001 -16"><span class='ocrx_word' id='word_1_310' title='bbox 427 5494 570 5550; x_wconf 74' lang='grc'>8665</span> <span class='ocrx_word' id='word_1_311' title='bbox 606 5496 944 5566; x_wconf 76' lang='grc' dir='ltr'>Σνμφωνίας</span> <span class='ocrx_word' id='word_1_312' title='bbox 969 5498 1076 5566; x_wconf 80' lang='grc' dir='ltr'>γὰρ</span> <span class='ocrx_word' id='word_1_313' title='bbox 1107 5494 1393 5566; x_wconf 76' lang='grc' dir='ltr'>ἠθετηκὼς</span> <span class='ocrx_word' id='word_1_314' title='bbox 1422 5495 1724 5564; x_wconf 73' lang='grc' dir='ltr'>συμϐάσεις</span> <span class='ocrx_word' id='word_1_315' title='bbox 1746 5533 1761 5558; x_wconf 88' lang='grc'><em>,</em></span> 
     </span>
    </p>
   </div>
   <div class='ocr_carea' id='block_1_58' title="bbox 613 5582 1680 5658">
    <p class='ocr_par' dir='ltr' id='par_1_58' title="bbox 613 5582 1680 5658">
     <span class='ocr_line' id='line_1_58' title="bbox 613 5582 1680 5658; baseline -0.003 -15"><span class='ocrx_word' id='word_1_316' title='bbox 613 5592 1018 5657; x_wconf 70' lang='grc' dir='ltr'>Ἀναπέφανται</span> <span class='ocrx_word' id='word_1_317' title='bbox 1039 5582 1309 5658; x_wconf 79' lang='grc' dir='ltr'>δυσμενὴς</span> <span class='ocrx_word' id='word_1_318' title='bbox 1342 5587 1680 5656; x_wconf 82' lang='grc' dir='ltr'>ἀποστάτης,</span> 
     </span>
    </p>
   </div>
   <div class='ocr_carea' id='block_1_59' title="bbox 609 5680 1799 5753">
    <p class='ocr_par' dir='ltr' id='par_1_59' title="bbox 609 5680 1799 5753">
     <span class='ocr_line' id='line_1_59' title="bbox 609 5680 1799 5753; baseline -0.002 -19"><span class='ocrx_word' id='word_1_319' title='bbox 609 5683 926 5753; x_wconf 75' lang='grc' dir='ltr'>Σύμϐουλον</span> <span class='ocrx_word' id='word_1_320' title='bbox 948 5680 1126 5752; x_wconf 73' lang='grc' dir='ltr'>εὑρὼν</span> <span class='ocrx_word' id='word_1_321' title='bbox 1158 5680 1541 5752; x_wconf 70' lang='grc' dir='ltr'>πατράδελφον</span> <span class='ocrx_word' id='word_1_322' title='bbox 1575 5682 1652 5743; x_wconf 75' lang='grc' dir='ltr'><strong>εἰς</strong></span> <span class='ocrx_word' id='word_1_323' title='bbox 1673 5681 1799 5733; x_wconf 80' lang='grc' dir='ltr'>τόδε</span> 
     </span>
    </p>
   </div>
   <div class='ocr_carea' id='block_1_60' title="bbox 554 5770 1746 5844">
    <p class='ocr_par' dir='ltr' id='par_1_60' title="bbox 554 5770 1746 5844">
     <span class='ocr_line' id='line_1_60' title="bbox 554 5770 1746 5844; baseline -0.003 -18"><span class='ocrx_word' id='word_1_324' title='bbox 554 5823 557 5826; x_wconf 88' lang='grc'>.</span> <span class='ocrx_word' id='word_1_325' title='bbox 607 5774 885 5844; x_wconf 70' lang='grc' dir='ltr'>Θεόδωρον</span> <span class='ocrx_word' id='word_1_326' title='bbox 922 5771 1194 5840; x_wconf 72' lang='grc' dir='ltr'>’Ἄγγελον</span> <span class='ocrx_word' id='word_1_327' title='bbox 1229 5770 1454 5842; x_wconf 74' lang='grc' dir='ltr'>εὔριπον</span> <span class='ocrx_word' id='word_1_328' title='bbox 1489 5771 1746 5837; x_wconf 78' lang='grc' dir='ltr'>τρόπους.</span> 
     </span>
    </p>
   </div>
   <div class='ocr_carea' id='block_1_61' title="bbox 613 5861 1768 5935">
    <p class='ocr_par' dir='ltr' id='par_1_61' title="bbox 613 5861 1768 5935">
     <span class='ocr_line' id='line_1_61' title="bbox 613 5861 1768 5935; baseline -0.004 -17"><span class='ocrx_word' id='word_1_329' title='bbox 613 5867 703 5929; x_wconf 78' lang='grc' dir='ltr'>Ὧς</span> <span class='ocrx_word' id='word_1_330' title='bbox 731 5861 823 5919; x_wconf 77' lang='grc' dir='ltr'><strong>οὗν</strong></span> <span class='ocrx_word' id='word_1_331' title='bbox 848 5864 962 5920; x_wconf 83' lang='grc' dir='ltr'>τάδ’</span> <span class='ocrx_word' id='word_1_332' title='bbox 990 5866 1261 5935; x_wconf 76' lang='grc' dir='ltr'>ἡνώτιστο</span> <span class='ocrx_word' id='word_1_333' title='bbox 1291 5863 1369 5934; x_wconf 72' lang='grc' dir='ltr'>τῷ</span> <span class='ocrx_word' id='word_1_334' title='bbox 1402 5864 1732 5933; x_wconf 59' lang='grc' dir='ltr'>στεφηᾳόρχο</span> <span class='ocrx_word' id='word_1_335' title='bbox 1756 5906 1768 5926; x_wconf 85' lang='grc'><em>,</em></span> 
     </span>
    </p>
   </div>
   <div class='ocr_carea' id='block_1_62' title="bbox 1832 403 2202 468">
    <p class='ocr_par' dir='ltr' id='par_1_62' title="bbox 1832 403 2202 468">
     <span class='ocr_line' id='line_1_62' title="bbox 1832 403 2202 468; baseline 0.008 -4"><span class='ocrx_word' id='word_1_336' title='bbox 1832 404 2029 464; x_wconf 71' lang='lat' dir='ltr'><strong>CrESA</strong></span> <span class='ocrx_word' id='word_1_337' title='bbox 2041 403 2202 468; x_wconf 80' lang='lat' dir='ltr'><strong>RES.</strong></span> 
     </span>
    </p>
   </div>
   <div class='ocr_carea' id='block_1_63' title="bbox 2005 491 3165 586">
    <p class='ocr_par' dir='ltr' id='par_1_63' title="bbox 2005 491 3165 586">
     <span class='ocr_line' id='line_1_63' title="bbox 2005 491 3165 586; baseline -0.009 -9"><span class='ocrx_word' id='word_1_338' title='bbox 2005 520 2055 577; x_wconf 77' lang='grc' dir='ltr'><strong>Δ</strong></span> <span class='ocrx_word' id='word_1_339' title='bbox 2082 517 2332 586; x_wconf 82' lang='lat' dir='ltr'><strong>valloque</strong></span> <span class='ocrx_word' id='word_1_340' title='bbox 2362 517 2546 573; x_wconf 90' lang='lat' dir='ltr'><strong>statim</strong></span> <span class='ocrx_word' id='word_1_341' title='bbox 2585 491 2953 574; x_wconf 88' lang='lat' dir='ltr'><strong>circumclusit</strong></span> <span class='ocrx_word' id='word_1_342' title='bbox 2986 527 3165 568; x_wconf 89' lang='lat' dir='ltr'><strong>arcem</strong></span> 
     </span>
    </p>
   </div>
   <div class='ocr_carea' id='block_1_64' title="bbox 2078 605 3261 676">
    <p class='ocr_par' dir='ltr' id='par_1_64' title="bbox 2078 605 3261 676">
     <span class='ocr_line' id='line_1_64' title="bbox 2078 605 3261 676; baseline -0.003 -13"><span class='ocrx_word' id='word_1_343' title='bbox 2078 609 2322 674; x_wconf 84' lang='lat' dir='ltr'><strong>Tzuruli,</strong></span> <span class='ocrx_word' id='word_1_344' title='bbox 2349 619 2403 666; x_wconf 87' lang='lat' dir='ltr'><strong>et</strong></span> <span class='ocrx_word' id='word_1_345' title='bbox 2433 625 2556 665; x_wconf 82' lang='lat' dir='ltr'><strong>mox</strong></span> <span class='ocrx_word' id='word_1_346' title='bbox 2587 608 2829 664; x_wconf 88' lang='lat' dir='ltr'><strong>adhibito</strong></span> <span class='ocrx_word' id='word_1_347' title='bbox 2861 605 3044 660; x_wconf 79' lang='lat' dir='ltr'><strong>Martis</strong></span> <span class='ocrx_word' id='word_1_348' title='bbox 3068 619 3261 676; x_wconf 69' lang='lat' dir='ltr'><strong>opere.</strong></span> 
     </span>
    </p>
   </div>
   <div class='ocr_carea' id='block_1_65' title="bbox 2074 694 3082 761">
    <p class='ocr_par' dir='ltr' id='par_1_65' title="bbox 2074 694 3082 761">
     <span class='ocr_line' id='line_1_65' title="bbox 2074 694 3082 761; baseline -0.005 -8"><span class='ocrx_word' id='word_1_349' title='bbox 2074 700 2304 754; x_wconf 87' lang='lat' dir='ltr'><strong>admotis</strong></span> <span class='ocrx_word' id='word_1_350' title='bbox 2333 698 2599 754; x_wconf 81' lang='lat' dir='ltr'><strong>machinis</strong></span> <span class='ocrx_word' id='word_1_351' title='bbox 2627 694 3082 761; x_wconf 82' lang='lat' dir='ltr'><strong>obsidionalibus,</strong></span> 
     </span>
    </p>
   </div>
   <div class='ocr_carea' id='block_1_66' title="bbox 2076 782 3032 847">
    <p class='ocr_par' dir='ltr' id='par_1_66' title="bbox 2076 782 3032 847">
     <span class='ocr_line' id='line_1_66' title="bbox 2076 782 3032 847; baseline -0.002 -1"><span class='ocrx_word' id='word_1_352' title='bbox 2076 791 2236 846; x_wconf 78' lang='lat' dir='ltr'><strong>facile</strong></span> <span class='ocrx_word' id='word_1_353' title='bbox 2259 806 2440 847; x_wconf 86' lang='lat' dir='ltr'><strong>arcem</strong></span> <span class='ocrx_word' id='word_1_354' title='bbox 2474 790 2577 845; x_wconf 85' lang='lat' dir='ltr'><strong>sibi</strong></span> <span class='ocrx_word' id='word_1_355' title='bbox 2603 789 2895 844; x_wconf 77' lang='lat' dir='ltr'><strong>vindicavit</strong></span> <span class='ocrx_word' id='word_1_356' title='bbox 2923 807 2940 844; x_wconf 87' lang='lat'><strong>:</strong></span> <span class='ocrx_word' id='word_1_357' title='bbox 3029 782 3032 784; x_wconf 43' lang='grc'>⁷</span> 
     </span>
    </p>
   </div>
   <div class='ocr_carea' id='block_1_67' title="bbox 2073 879 3014 952">
    <p class='ocr_par' dir='ltr' id='par_1_67' title="bbox 2073 879 3014 952">
     <span class='ocr_line' id='line_1_67' title="bbox 2073 879 3014 952; baseline -0.003 -18"><span class='ocrx_word' id='word_1_358' title='bbox 2073 882 2163 936; x_wconf 91' lang='lat' dir='ltr'><strong>ubi</strong></span> <span class='ocrx_word' id='word_1_359' title='bbox 2192 897 2432 936; x_wconf 84' lang='lat' dir='ltr'><strong>sororem</strong></span> <span class='ocrx_word' id='word_1_360' title='bbox 2459 882 2656 952; x_wconf 75' lang='lat' dir='ltr'><strong>regina:</strong></span> <span class='ocrx_word' id='word_1_361' title='bbox 2681 879 2869 936; x_wconf 71' lang='lat' dir='ltr'><strong>uxoris</strong></span> <span class='ocrx_word' id='word_1_362' title='bbox 2903 893 3014 932; x_wconf 65' lang='lat' dir='ltr'><strong>suae</strong></span> 
     </span>
    </p>
   </div>
   <div class='ocr_carea' id='block_1_68' title="bbox 2081 974 3256 1044">
    <p class='ocr_par' dir='ltr' id='par_1_68' title="bbox 2081 974 3256 1044">
     <span class='ocr_line' id='line_1_68' title="bbox 2081 974 3256 1044; baseline -0.003 -16"><span class='ocrx_word' id='word_1_363' title='bbox 2081 974 2376 1030; x_wconf 84' lang='lat' dir='ltr'><strong>Eudociam</strong></span> <span class='ocrx_word' id='word_1_364' title='bbox 2403 976 2825 1043; x_wconf 87' lang='lat' dir='ltr'><strong>deprehensam,</strong></span> <span class='ocrx_word' id='word_1_365' title='bbox 2856 989 2973 1044; x_wconf 67' lang='lat' dir='ltr'><strong>qua:</strong></span> <span class='ocrx_word' id='word_1_366' title='bbox 2997 979 3256 1044; x_wconf 91' lang='lat' dir='ltr'><strong>nupserat</strong></span> 
     </span>
    </p>
   </div>
   <div class='ocr_carea' id='block_1_69' title="bbox 2077 1066 2818 1136">
    <p class='ocr_par' dir='ltr' id='par_1_69' title="bbox 2077 1066 2818 1136">
     <span class='ocr_line' id='line_1_69' title="bbox 2077 1066 2818 1136; baseline -0.001 -16"><span class='ocrx_word' id='word_1_367' title='bbox 2077 1067 2374 1122; x_wconf 85' lang='lat' dir='ltr'><strong>Aseldecao</strong></span> <span class='ocrx_word' id='word_1_368' title='bbox 2404 1066 2536 1121; x_wconf 87' lang='lat' dir='ltr'><strong>Italo</strong></span> <span class='ocrx_word' id='word_1_369' title='bbox 2557 1066 2818 1136; x_wconf 70' lang='lat' dir='ltr'><strong>dynastas,</strong></span> 
     </span>
    </p>
   </div>
   <div class='ocr_carea' id='block_1_70' title="bbox 2071 1154 3296 1230">
    <p class='ocr_par' dir='ltr' id='par_1_70' title="bbox 2071 1154 3296 1230">
     <span class='ocr_line' id='line_1_70' title="bbox 2071 1154 3296 1230; baseline -0.007 -16"><span class='ocrx_word' id='word_1_370' title='bbox 2071 1161 2233 1215; x_wconf 81' lang='lat' dir='ltr'><strong>celeri</strong></span> <span class='ocrx_word' id='word_1_371' title='bbox 2256 1175 2396 1230; x_wconf 89' lang='lat' dir='ltr'><strong>equo</strong></span> <span class='ocrx_word' id='word_1_372' title='bbox 2434 1159 2739 1229; x_wconf 87' lang='lat' dir='ltr'><strong>impositam</strong></span> <span class='ocrx_word' id='word_1_373' title='bbox 2770 1157 3086 1230; x_wconf 81' lang='lat' dir='ltr'><strong>Byzantium</strong></span> <span class='ocrx_word' id='word_1_374' title='bbox 3124 1154 3296 1220; x_wconf 82' lang='lat' dir='ltr'><strong>misit,</strong></span> 
     </span>
    </p>
   </div>
   <div class='ocr_carea' id='block_1_71' title="bbox 2071 1250 3104 1320">
    <p class='ocr_par' dir='ltr' id='par_1_71' title="bbox 2071 1250 3104 1320">
     <span class='ocr_line' id='line_1_71' title="bbox 2071 1250 3104 1320; baseline -0.003 -14"><span class='ocrx_word' id='word_1_375' title='bbox 2071 1261 2260 1320; x_wconf 92' lang='lat' dir='ltr'><strong>erepto</strong></span> <span class='ocrx_word' id='word_1_376' title='bbox 2295 1253 2444 1306; x_wconf 89' lang='lat' dir='ltr'><strong>omni</strong></span> <span class='ocrx_word' id='word_1_377' title='bbox 2477 1259 2671 1305; x_wconf 88' lang='lat' dir='ltr'><strong>ornatu</strong></span> <span class='ocrx_word' id='word_1_378' title='bbox 2697 1260 2750 1305; x_wconf 91' lang='lat' dir='ltr'><strong>et</strong></span> <span class='ocrx_word' id='word_1_379' title='bbox 2774 1250 3104 1318; x_wconf 76' lang='lat' dir='ltr'><strong>supellectile</strong></span> 
     </span>
    </p>
   </div>
   <div class='ocr_carea' id='block_1_72' title="bbox 2073 1342 3086 1413">
    <p class='ocr_par' dir='ltr' id='par_1_72' title="bbox 2073 1342 3086 1413">
     <span class='ocr_line' id='line_1_72' title="bbox 2073 1342 3086 1413; baseline -0.003 -15"><span class='ocrx_word' id='word_1_380' title='bbox 2073 1343 2200 1413; x_wconf 89' lang='lat' dir='ltr'><strong>ipsi,</strong></span> <span class='ocrx_word' id='word_1_381' title='bbox 2234 1343 2638 1412; x_wconf 83' lang='lat' dir='ltr'><strong>comitibusque</strong></span> <span class='ocrx_word' id='word_1_382' title='bbox 2668 1351 2720 1397; x_wconf 86' lang='lat' dir='ltr'><strong>et</strong></span> <span class='ocrx_word' id='word_1_383' title='bbox 2741 1342 3086 1396; x_wconf 81' lang='lat' dir='ltr'><strong>satellitibus.</strong></span> 
     </span>
    </p>
   </div>
   <div class='ocr_carea' id='block_1_73' title="bbox 2072 1435 3216 1507">
    <p class='ocr_par' dir='ltr' id='par_1_73' title="bbox 2072 1435 3216 1507">
     <span class='ocr_line' id='line_1_73' title="bbox 2072 1435 3216 1507; baseline -0.006 -16"><span class='ocrx_word' id='word_1_384' title='bbox 2072 1435 2206 1491; x_wconf 85' lang='lat' dir='ltr'><strong>Nam</strong></span> <span class='ocrx_word' id='word_1_385' title='bbox 2237 1450 2472 1506; x_wconf 86' lang='lat' dir='ltr'><strong>sponsus</strong></span> <span class='ocrx_word' id='word_1_386' title='bbox 2497 1435 2616 1504; x_wconf 82' lang='lat' dir='ltr'><strong>ejus</strong></span> <span class='ocrx_word' id='word_1_387' title='bbox 2641 1435 2762 1507; x_wconf 83' lang='lat' dir='ltr'><strong>fuga</strong></span> <span class='ocrx_word' id='word_1_388' title='bbox 2795 1451 2854 1491; x_wconf 89' lang='lat' dir='ltr'><strong>se</strong></span> <span class='ocrx_word' id='word_1_389' title='bbox 2883 1435 3216 1490; x_wconf 82' lang='lat' dir='ltr'><strong>subduxerat</strong></span> 
     </span>
    </p>
   </div>
   <div class='ocr_carea' id='block_1_74' title="bbox 2071 1527 3132 1598">
    <p class='ocr_par' dir='ltr' id='par_1_74' title="bbox 2071 1527 3132 1598">
     <span class='ocr_line' id='line_1_74' title="bbox 2071 1527 3132 1598; baseline -0.002 -18"><span class='ocrx_word' id='word_1_390' title='bbox 2071 1529 2311 1598; x_wconf 79' lang='lat' dir='ltr'><strong>percitus</strong></span> <span class='ocrx_word' id='word_1_391' title='bbox 2337 1538 2503 1593; x_wconf 88' lang='lat' dir='ltr'><strong>metu,</strong></span> <span class='ocrx_word' id='word_1_392' title='bbox 2537 1538 2916 1584; x_wconf 83' lang='lat' dir='ltr'><strong>consternatus</strong></span> <span class='ocrx_word' id='word_1_393' title='bbox 2947 1527 3132 1580; x_wconf 86' lang='lat' dir='ltr'><strong>animo</strong></span> 
     </span>
    </p>
   </div>
   <div class='ocr_carea' id='block_1_75' title="bbox 2073 1620 3152 1692">
    <p class='ocr_par' dir='ltr' id='par_1_75' title="bbox 2073 1620 3152 1692">
     <span class='ocr_line' id='line_1_75' title="bbox 2073 1620 3152 1692; baseline -0.005 -16"><span class='ocrx_word' id='word_1_394' title='bbox 2073 1622 2386 1692; x_wconf 87' lang='lat' dir='ltr'><strong>priusquam</strong></span> <span class='ocrx_word' id='word_1_395' title='bbox 2416 1636 2596 1678; x_wconf 86' lang='lat' dir='ltr'><strong>arcem</strong></span> <span class='ocrx_word' id='word_1_396' title='bbox 2635 1621 2824 1676; x_wconf 69' lang='lat' dir='ltr'><strong>Caesar</strong></span> <span class='ocrx_word' id='word_1_397' title='bbox 2855 1620 3152 1675; x_wconf 79' lang='lat' dir='ltr'><strong>obsideret.</strong></span> 
     </span>
    </p>
   </div>
   <div class='ocr_carea' id='block_1_76' title="bbox 2070 1711 3192 1786">
    <p class='ocr_par' dir='ltr' id='par_1_76' title="bbox 2070 1711 3192 1786">
     <span class='ocr_line' id='line_1_76' title="bbox 2070 1711 3192 1786; baseline -0.009 -13"><span class='ocrx_word' id='word_1_398' title='bbox 2070 1716 2257 1786; x_wconf 82' lang='lat' dir='ltr'><strong>Neque</strong></span> <span class='ocrx_word' id='word_1_399' title='bbox 2291 1715 2384 1771; x_wconf 91' lang='lat' dir='ltr'><strong>diu</strong></span> <span class='ocrx_word' id='word_1_400' title='bbox 2416 1722 2539 1785; x_wconf 89' lang='lat' dir='ltr'><strong>post</strong></span> <span class='ocrx_word' id='word_1_401' title='bbox 2565 1713 2942 1783; x_wconf 86' lang='lat' dir='ltr'><strong>cepitquoqne</strong></span> <span class='ocrx_word' id='word_1_402' title='bbox 2972 1711 3192 1784; x_wconf 81' lang='lat' dir='ltr'><strong>Byziam</strong></span> 
     </span>
    </p>
   </div>
   <div class='ocr_carea' id='block_1_77' title="bbox 2073 1806 3020 1878">
    <p class='ocr_par' dir='ltr' id='par_1_77' title="bbox 2073 1806 3020 1878">
     <span class='ocr_line' id='line_1_77' title="bbox 2073 1806 3020 1878; baseline -0.008 -12"><span class='ocrx_word' id='word_1_403' title='bbox 2073 1812 2254 1868; x_wconf 86' lang='lat' dir='ltr'><strong>missis</strong></span> <span class='ocrx_word' id='word_1_404' title='bbox 2273 1809 2484 1866; x_wconf 80' lang='lat' dir='ltr'><strong>infestis</strong></span> <span class='ocrx_word' id='word_1_405' title='bbox 2504 1806 2674 1878; x_wconf 83' lang='lat' dir='ltr'><strong>copiis</strong></span> <span class='ocrx_word' id='word_1_406' title='bbox 2702 1808 3020 1874; x_wconf 80' lang='lat' dir='ltr'><strong>imperator.</strong></span> 
     </span>
    </p>
   </div>
   <div class='ocr_carea' id='block_1_78' title="bbox 2073 1898 3050 1972">
    <p class='ocr_par' dir='ltr' id='par_1_78' title="bbox 2073 1898 3050 1972">
     <span class='ocr_line' id='line_1_78' title="bbox 2073 1898 3050 1972; baseline -0.009 -11"><span class='ocrx_word' id='word_1_407' title='bbox 2073 1907 2179 1962; x_wconf 88' lang='lat' dir='ltr'><strong>Per</strong></span> <span class='ocrx_word' id='word_1_408' title='bbox 2209 1904 2352 1960; x_wconf 85' lang='lat' dir='ltr'><strong>idem</strong></span> <span class='ocrx_word' id='word_1_409' title='bbox 2384 1911 2598 1972; x_wconf 83' lang='lat' dir='ltr'><strong>tempus</strong></span> <span class='ocrx_word' id='word_1_410' title='bbox 2617 1908 2736 1954; x_wconf 86' lang='lat' dir='ltr'><strong>astu</strong></span> <span class='ocrx_word' id='word_1_411' title='bbox 2771 1898 2871 1953; x_wconf 86' lang='lat' dir='ltr'><strong>fuit</strong></span> <span class='ocrx_word' id='word_1_412' title='bbox 2896 1906 3050 1967; x_wconf 88' lang='lat' dir='ltr'><strong>capta</strong></span> 
     </span>
    </p>
   </div>
   <div class='ocr_carea' id='block_1_79' title="bbox 2075 1989 3202 2053">
    <p class='ocr_par' dir='ltr' id='par_1_79' title="bbox 2075 1989 3202 2053">
     <span class='ocr_line' id='line_1_79' title="bbox 2075 1989 3202 2053; baseline -0.008 0"><span class='ocrx_word' id='word_1_413' title='bbox 2075 1999 2145 2053; x_wconf 85' lang='lat' dir='ltr'><strong>ab</strong></span> <span class='ocrx_word' id='word_1_414' title='bbox 2171 1997 2317 2052; x_wconf 85' lang='lat' dir='ltr'><strong>italis</strong></span> <span class='ocrx_word' id='word_1_415' title='bbox 2347 1993 2718 2050; x_wconf 85' lang='lat' dir='ltr'><strong>Januensibus</strong></span> <span class='ocrx_word' id='word_1_416' title='bbox 2744 1989 2967 2045; x_wconf 81' lang='lat' dir='ltr'><strong>Rhodus</strong></span> <span class='ocrx_word' id='word_1_417' title='bbox 3006 1989 3202 2045; x_wconf 81' lang='lat' dir='ltr'><strong>insula.</strong></span> 
     </span>
    </p>
   </div>
   <div class='ocr_carea' id='block_1_80' title="bbox 2073 2084 3087 2161">
    <p class='ocr_par' dir='ltr' id='par_1_80' title="bbox 2073 2084 3087 2161">
     <span class='ocr_line' id='line_1_80' title="bbox 2073 2084 3087 2161; baseline -0.008 -15"><span class='ocrx_word' id='word_1_418' title='bbox 2073 2084 2209 2146; x_wconf 85' lang='lat' dir='ltr'><strong>Nam</strong></span> <span class='ocrx_word' id='word_1_419' title='bbox 2237 2104 2358 2145; x_wconf 88' lang='lat' dir='ltr'><strong>cum</strong></span> <span class='ocrx_word' id='word_1_420' title='bbox 2381 2088 2598 2143; x_wconf 89' lang='lat' dir='ltr'><strong>abesset.</strong></span> <span class='ocrx_word' id='word_1_421' title='bbox 2614 2087 2822 2142; x_wconf 82' lang='lat' dir='ltr'><strong>exteris</strong></span> <span class='ocrx_word' id='word_1_422' title='bbox 2849 2086 2903 2138; x_wconf 91' lang='lat' dir='ltr'><strong>in</strong></span> <span class='ocrx_word' id='word_1_423' title='bbox 2927 2085 3087 2161; x_wconf 80' lang='lat' dir='ltr'><strong>terris</strong></span> 
     </span>
    </p>
   </div>
   <div class='ocr_carea' id='block_1_81' title="bbox 2075 2176 3092 2253">
    <p class='ocr_par' dir='ltr' id='par_1_81' title="bbox 2075 2176 3092 2253">
     <span class='ocr_line' id='line_1_81' title="bbox 2075 2176 3092 2253; baseline -0.01 -13"><span class='ocrx_word' id='word_1_424' title='bbox 2075 2184 2250 2240; x_wconf 78' lang='lat' dir='ltr'><strong>Rhodi</strong></span> <span class='ocrx_word' id='word_1_425' title='bbox 2280 2181 2565 2253; x_wconf 60' lang='lat' dir='ltr'><strong>praefectus</strong></span> <span class='ocrx_word' id='word_1_426' title='bbox 2589 2179 2825 2237; x_wconf 87' lang='lat' dir='ltr'><strong>Gabalas</strong></span> <span class='ocrx_word' id='word_1_427' title='bbox 2852 2176 3092 2234; x_wconf 81' lang='lat' dir='ltr'><strong>Joannes</strong></span> 
     </span>
    </p>
   </div>
   <div class='ocr_carea' id='block_1_82' title="bbox 2074 2267 3368 2348">
    <p class='ocr_par' dir='ltr' id='par_1_82' title="bbox 2074 2267 3368 2348">
     <span class='ocr_line' id='line_1_82' title="bbox 2074 2267 3368 2348; baseline -0.009 -16"><span class='ocrx_word' id='word_1_428' title='bbox 2074 2277 2329 2348; x_wconf 66' lang='lat' dir='ltr'><strong>(Caesaris</strong></span> <span class='ocrx_word' id='word_1_429' title='bbox 2350 2275 2520 2331; x_wconf 82' lang='lat' dir='ltr'><strong>frater</strong></span> <span class='ocrx_word' id='word_1_430' title='bbox 2546 2273 2638 2344; x_wconf 86' lang='lat' dir='ltr'><strong>qui</strong></span> <span class='ocrx_word' id='word_1_431' title='bbox 2675 2272 2846 2328; x_wconf 85' lang='lat' dir='ltr'><strong>Rhodi</strong></span> <span class='ocrx_word' id='word_1_432' title='bbox 2883 2271 3133 2342; x_wconf 82' lang='lat' dir='ltr'><strong>princeps</strong></span> <span class='ocrx_word' id='word_1_433' title='bbox 3173 2267 3368 2339; x_wconf 77' lang='lat' dir='ltr'><strong>fuerat}</strong></span> 
     </span>
    </p>
   </div>
   <div class='ocr_carea' id='block_1_83' title="bbox 2075 2367 3148 2442">
    <p class='ocr_par' dir='ltr' id='par_1_83' title="bbox 2075 2367 3148 2442">
     <span class='ocr_line' id='line_1_83' title="bbox 2075 2367 3148 2442; baseline -0.011 -14"><span class='ocrx_word' id='word_1_434' title='bbox 2075 2370 2416 2442; x_wconf 86' lang='lat' dir='ltr'><strong>imperatoris</strong></span> <span class='ocrx_word' id='word_1_435' title='bbox 2446 2367 2650 2425; x_wconf 87' lang='lat' dir='ltr'><strong>domini</strong></span> <span class='ocrx_word' id='word_1_436' title='bbox 2679 2374 2858 2420; x_wconf 86' lang='lat' dir='ltr'><strong>castra</strong></span> <span class='ocrx_word' id='word_1_437' title='bbox 2884 2377 3148 2432; x_wconf 85' lang='lat' dir='ltr'><strong>sequens,</strong></span> 
     </span>
    </p>
   </div>
   <div class='ocr_carea' id='block_1_84' title="bbox 2032 2453 3282 2532">
    <p class='ocr_par' dir='ltr' id='par_1_84' title="bbox 2032 2453 3282 2532">
     <span class='ocr_line' id='line_1_84' title="bbox 2032 2453 3282 2532; baseline -0.014 -11"><span class='ocrx_word' id='word_1_438' title='bbox 2032 2515 2037 2526; x_wconf 88' lang='grc'>,</span> <span class='ocrx_word' id='word_1_439' title='bbox 2073 2466 2259 2521; x_wconf 84' lang='lat' dir='ltr'><strong>hostes</strong></span> <span class='ocrx_word' id='word_1_440' title='bbox 2289 2461 2534 2532; x_wconf 60' lang='lat' dir='ltr'><strong>praedicti</strong></span> <span class='ocrx_word' id='word_1_441' title='bbox 2567 2460 2704 2516; x_wconf 82' lang='lat' dir='ltr'><strong>clam</strong></span> <span class='ocrx_word' id='word_1_442' title='bbox 2743 2465 3000 2528; x_wconf 78' lang='lat' dir='ltr'><strong>ceperunt</strong></span> <span class='ocrx_word' id='word_1_443' title='bbox 3032 2453 3282 2510; x_wconf 88' lang='lat' dir='ltr'><strong>insulam.</strong></span> 
     </span>
    </p>
   </div>
   <div class='ocr_carea' id='block_1_85' title="bbox 2073 2548 3201 2615">
    <p class='ocr_par' dir='ltr' id='par_1_85' title="bbox 2073 2548 3201 2615">
     <span class='ocr_line' id='line_1_85' title="bbox 2073 2548 3201 2615; baseline -0.012 -5"><span class='ocrx_word' id='word_1_444' title='bbox 2073 2555 2206 2610; x_wconf 90' lang='lat' dir='ltr'><strong>Rem</strong></span> <span class='ocrx_word' id='word_1_445' title='bbox 2237 2551 2324 2608; x_wconf 91' lang='lat' dir='ltr'><strong>ubi</strong></span> <span class='ocrx_word' id='word_1_446' title='bbox 2352 2553 2403 2606; x_wconf 93' lang='lat' dir='ltr'><strong>in</strong></span> <span class='ocrx_word' id='word_1_447' title='bbox 2435 2549 2668 2606; x_wconf 89' lang='lat' dir='ltr'><strong>Thracia</strong></span> <span class='ocrx_word' id='word_1_448' title='bbox 2695 2548 2846 2604; x_wconf 80' lang='lat' dir='ltr'><strong>novit</strong></span> <span class='ocrx_word' id='word_1_449' title='bbox 2881 2548 3201 2615; x_wconf 86' lang='lat' dir='ltr'><strong>imperator,</strong></span> 
     </span>
    </p>
   </div>
   <div class='ocr_carea' id='block_1_86' title="bbox 2072 2639 3157 2710">
    <p class='ocr_par' dir='ltr' id='par_1_86' title="bbox 2072 2639 3157 2710">
     <span class='ocr_line' id='line_1_86' title="bbox 2072 2639 3157 2710; baseline -0.012 -9"><span class='ocrx_word' id='word_1_450' title='bbox 2072 2647 2512 2704; x_wconf 74' lang='lat' dir='ltr'><strong>Cantaeuzenum</strong></span> <span class='ocrx_word' id='word_1_451' title='bbox 2540 2657 2664 2697; x_wconf 90' lang='lat' dir='ltr'><strong>cum</strong></span> <span class='ocrx_word' id='word_1_452' title='bbox 2703 2640 2872 2710; x_wconf 84' lang='lat' dir='ltr'><strong>copiis</strong></span> <span class='ocrx_word' id='word_1_453' title='bbox 2894 2639 3157 2694; x_wconf 89' lang='lat' dir='ltr'><strong>Joannem</strong></span> 
     </span>
    </p>
   </div>
   <div class='ocr_carea' id='block_1_87' title="bbox 2074 2732 3093 2804">
    <p class='ocr_par' dir='ltr' id='par_1_87' title="bbox 2074 2732 3093 2804">
     <span class='ocr_line' id='line_1_87' title="bbox 2074 2732 3093 2804; baseline -0.011 -10"><span class='ocrx_word' id='word_1_454' title='bbox 2074 2739 2141 2794; x_wconf 93' lang='lat' dir='ltr'><strong>ad</strong></span> <span class='ocrx_word' id='word_1_455' title='bbox 2162 2736 2558 2793; x_wconf 73' lang='lat' dir='ltr'><strong>Rhodiensium</strong></span> <span class='ocrx_word' id='word_1_456' title='bbox 2583 2733 2837 2804; x_wconf 83' lang='lat' dir='ltr'><strong>oppidum</strong></span> <span class='ocrx_word' id='word_1_457' title='bbox 2870 2732 3093 2787; x_wconf 81' lang='lat' dir='ltr'><strong>direxit.</strong></span> 
     </span>
    </p>
   </div>
   <div class='ocr_carea' id='block_1_88' title="bbox 2073 2823 3209 2896">
    <p class='ocr_par' dir='ltr' id='par_1_88' title="bbox 2073 2823 3209 2896">
     <span class='ocr_line' id='line_1_88' title="bbox 2073 2823 3209 2896; baseline -0.011 -10"><span class='ocrx_word' id='word_1_458' title='bbox 2073 2832 2165 2886; x_wconf 93' lang='lat' dir='ltr'><strong>Ille</strong></span> <span class='ocrx_word' id='word_1_459' title='bbox 2189 2845 2310 2886; x_wconf 90' lang='lat' dir='ltr'><strong>cum</strong></span> <span class='ocrx_word' id='word_1_460' title='bbox 2341 2827 2569 2883; x_wconf 88' lang='lat' dir='ltr'><strong>classem</strong></span> <span class='ocrx_word' id='word_1_461' title='bbox 2603 2825 2853 2896; x_wconf 85' lang='lat' dir='ltr'><strong>Rhodum</strong></span> <span class='ocrx_word' id='word_1_462' title='bbox 2891 2823 3209 2893; x_wconf 82' lang='lat' dir='ltr'><strong>appulisset,</strong></span> 
     </span>
    </p>
   </div>
   <div class='ocr_carea' id='block_1_89' title="bbox 2037 2917 3134 2994">
    <p class='ocr_par' dir='ltr' id='par_1_89' title="bbox 2037 2917 3134 2994">
     <span class='ocr_line' id='line_1_89' title="bbox 2037 2917 3134 2994; baseline -0.009 -14"><span class='ocrx_word' id='word_1_463' title='bbox 2037 2987 2042 2991; x_wconf 92' lang='lat'><strong><em>_</em></strong></span> <span class='ocrx_word' id='word_1_464' title='bbox 2071 2920 2498 2994; x_wconf 42' lang='lat' dir='ltr'><strong>oppidum‘cepit</strong></span> <span class='ocrx_word' id='word_1_465' title='bbox 2523 2919 2709 2990; x_wconf 55' lang='lat' dir='ltr'><strong>praebia</strong></span> <span class='ocrx_word' id='word_1_466' title='bbox 2736 2917 3094 2972; x_wconf 86' lang='lat' dir='ltr'><strong>Phileremum</strong></span> <span class='ocrx_word' id='word_1_467' title='bbox 3120 2930 3134 2978; x_wconf 91' lang='lat'>;</span> 
     </span>
    </p>
   </div>
   <div class='ocr_carea' id='block_1_90' title="bbox 2073 3005 3149 3082">
    <p class='ocr_par' dir='ltr' id='par_1_90' title="bbox 2073 3005 3149 3082">
     <span class='ocr_line' id='line_1_90' title="bbox 2073 3005 3149 3082; baseline -0.01 -14"><span class='ocrx_word' id='word_1_468' title='bbox 2073 3029 2138 3068; x_wconf 83' lang='lat' dir='ltr'><strong>ex</strong></span> <span class='ocrx_word' id='word_1_469' title='bbox 2166 3026 2276 3082; x_wconf 91' lang='lat' dir='ltr'><strong>quo</strong></span> <span class='ocrx_word' id='word_1_470' title='bbox 2307 3023 2624 3081; x_wconf 79' lang='lat' dir='ltr'><strong>progressus</strong></span> <span class='ocrx_word' id='word_1_471' title='bbox 2655 3007 2866 3062; x_wconf 74' lang='lat' dir='ltr'><strong>fortiter</strong></span> <span class='ocrx_word' id='word_1_472' title='bbox 2889 3005 2942 3059; x_wconf 92' lang='lat' dir='ltr'><strong>in</strong></span> <span class='ocrx_word' id='word_1_473' title='bbox 2969 3006 3149 3059; x_wconf 86' lang='lat' dir='ltr'><strong>hostes</strong></span> 
     </span>
    </p>
   </div>
   <div class='ocr_carea' id='block_1_91' title="bbox 2073 3096 3137 3174">
    <p class='ocr_par' dir='ltr' id='par_1_91' title="bbox 2073 3096 3137 3174">
     <span class='ocr_line' id='line_1_91' title="bbox 2073 3096 3137 3174; baseline -0.012 -15"><span class='ocrx_word' id='word_1_474' title='bbox 2073 3104 2313 3174; x_wconf 89' lang='lat' dir='ltr'><strong>ipsorum</strong></span> <span class='ocrx_word' id='word_1_475' title='bbox 2345 3101 2504 3157; x_wconf 84' lang='lat' dir='ltr'><strong>facile</strong></span> <span class='ocrx_word' id='word_1_476' title='bbox 2522 3099 2771 3156; x_wconf 87' lang='lat' dir='ltr'><strong>contudit</strong></span> <span class='ocrx_word' id='word_1_477' title='bbox 2793 3096 3077 3150; x_wconf 86' lang='lat' dir='ltr'><strong>audaciam</strong></span> <span class='ocrx_word' id='word_1_478' title='bbox 3121 3111 3137 3147; x_wconf 89' lang='lat'><strong>:</strong></span> 
     </span>
    </p>
   </div>
   <div class='ocr_carea' id='block_1_92' title="bbox 2073 3186 3185 3267">
    <p class='ocr_par' dir='ltr' id='par_1_92' title="bbox 2073 3186 3185 3267">
     <span class='ocr_line' id='line_1_92' title="bbox 2073 3186 3185 3267; baseline -0.011 -17"><span class='ocrx_word' id='word_1_479' title='bbox 2073 3199 2295 3267; x_wconf 88' lang='lat' dir='ltr'><strong>jamque</strong></span> <span class='ocrx_word' id='word_1_480' title='bbox 2319 3200 2578 3264; x_wconf 87' lang='lat' dir='ltr'><strong>capturus</strong></span> <span class='ocrx_word' id='word_1_481' title='bbox 2603 3199 2719 3247; x_wconf 89' lang='lat' dir='ltr'><strong>erat</strong></span> <span class='ocrx_word' id='word_1_482' title='bbox 2751 3199 2806 3246; x_wconf 91' lang='lat' dir='ltr'><strong>et</strong></span> <span class='ocrx_word' id='word_1_483' title='bbox 2839 3186 3185 3256; x_wconf 88' lang='lat' dir='ltr'><strong>metropolin,</strong></span> 
     </span>
    </p>
   </div>
   <div class='ocr_carea' id='block_1_93' title="bbox 2070 3282 3180 3355">
    <p class='ocr_par' dir='ltr' id='par_1_93' title="bbox 2070 3282 3180 3355">
     <span class='ocr_line' id='line_1_93' title="bbox 2070 3282 3180 3355; baseline -0.011 -8"><span class='ocrx_word' id='word_1_484' title='bbox 2070 3292 2172 3347; x_wconf 84' lang='lat' dir='ltr'><strong>nisi</strong></span> <span class='ocrx_word' id='word_1_485' title='bbox 2203 3291 2505 3345; x_wconf 86' lang='lat' dir='ltr'><strong>obstitisset</strong></span> <span class='ocrx_word' id='word_1_486' title='bbox 2533 3286 2635 3355; x_wconf 88' lang='lat' dir='ltr'><strong>ipsi</strong></span> <span class='ocrx_word' id='word_1_487' title='bbox 2665 3283 2883 3340; x_wconf 66' lang='lat' dir='ltr'><strong>Achaiae</strong></span> <span class='ocrx_word' id='word_1_488' title='bbox 2909 3282 3180 3351; x_wconf 81' lang='lat' dir='ltr'><strong>princeps,</strong></span> 
     </span>
    </p>
   </div>
   <div class='ocr_carea' id='block_1_94' title="bbox 2067 3370 3258 3454">
    <p class='ocr_par' dir='ltr' id='par_1_94' title="bbox 2067 3370 3258 3454">
     <span class='ocr_line' id='line_1_94' title="bbox 2067 3370 3258 3454; baseline -0.011 -17"><span class='ocrx_word' id='word_1_489' title='bbox 2067 3385 2159 3454; x_wconf 84' lang='lat' dir='ltr'><strong>qui</strong></span> <span class='ocrx_word' id='word_1_490' title='bbox 2193 3389 2431 3437; x_wconf 87' lang='lat' dir='ltr'><strong>armatos</strong></span> <span class='ocrx_word' id='word_1_491' title='bbox 2459 3378 2672 3448; x_wconf 89' lang='lat' dir='ltr'><strong>equites</strong></span> <span class='ocrx_word' id='word_1_492' title='bbox 2693 3375 2936 3430; x_wconf 85' lang='lat' dir='ltr'><strong>hostibus</strong></span> <span class='ocrx_word' id='word_1_493' title='bbox 2968 3370 3258 3427; x_wconf 84' lang='lat' dir='ltr'><strong>concessit.</strong></span> 
     </span>
    </p>
   </div>
   <div class='ocr_carea' id='block_1_95' title="bbox 2070 3466 2995 3531">
    <p class='ocr_par' dir='ltr' id='par_1_95' title="bbox 2070 3466 2995 3531">
     <span class='ocr_line' id='line_1_95' title="bbox 2070 3466 2995 3531; baseline -0.014 -2"><span class='ocrx_word' id='word_1_494' title='bbox 2070 3473 2177 3529; x_wconf 91' lang='lat' dir='ltr'><strong>Sed</strong></span> <span class='ocrx_word' id='word_1_495' title='bbox 2206 3486 2305 3528; x_wconf 89' lang='lat' dir='ltr'><strong>suo</strong></span> <span class='ocrx_word' id='word_1_496' title='bbox 2332 3469 2471 3526; x_wconf 89' lang='lat' dir='ltr'><strong>bello</strong></span> <span class='ocrx_word' id='word_1_497' title='bbox 2500 3468 2671 3522; x_wconf 76' lang='lat' dir='ltr'><strong>redux</strong></span> <span class='ocrx_word' id='word_1_498' title='bbox 2701 3466 2995 3531; x_wconf 86' lang='lat' dir='ltr'><strong>imperator</strong></span> 
     </span>
    </p>
   </div>
   <div class='ocr_carea' id='block_1_96' title="bbox 2067 3552 3347 3636">
    <p class='ocr_par' dir='ltr' id='par_1_96' title="bbox 2067 3552 3347 3636">
     <span class='ocr_line' id='line_1_96' title="bbox 2067 3552 3347 3636; baseline -0.011 -15"><span class='ocrx_word' id='word_1_499' title='bbox 2067 3563 2417 3636; x_wconf 89' lang='lat' dir='ltr'><strong>equestribus</strong></span> <span class='ocrx_word' id='word_1_500' title='bbox 2447 3559 2677 3628; x_wconf 78' lang='lat' dir='ltr'><strong>navigiis</strong></span> <span class='ocrx_word' id='word_1_501' title='bbox 2706 3571 2827 3624; x_wconf 83' lang='lat' dir='ltr'><strong>eum</strong></span> <span class='ocrx_word' id='word_1_502' title='bbox 2860 3557 3037 3609; x_wconf 83' lang='lat' dir='ltr'><strong>classe</strong></span> <span class='ocrx_word' id='word_1_503' title='bbox 3067 3552 3347 3608; x_wconf 75' lang='lat' dir='ltr'><strong>illSllllCliS</strong></span> 
     </span>
    </p>
   </div>
   <div class='ocr_carea' id='block_1_97' title="bbox 2069 3649 2954 3721">
    <p class='ocr_par' dir='ltr' id='par_1_97' title="bbox 2069 3649 2954 3721">
     <span class='ocr_line' id='line_1_97' title="bbox 2069 3649 2954 3721; baseline -0.016 -7"><span class='ocrx_word' id='word_1_504' title='bbox 2069 3660 2142 3714; x_wconf 86' lang='lat' dir='ltr'><strong>ibi</strong></span> <span class='ocrx_word' id='word_1_505' title='bbox 2172 3663 2444 3712; x_wconf 85' lang='lat' dir='ltr'><strong>trecentos</strong></span> <span class='ocrx_word' id='word_1_506' title='bbox 2472 3666 2643 3721; x_wconf 79' lang='lat' dir='ltr'><strong>equos</strong></span> <span class='ocrx_word' id='word_1_507' title='bbox 2677 3649 2954 3717; x_wconf 83' lang='lat' dir='ltr'><strong>imposuit.</strong></span> 
     </span>
    </p>
   </div>
   <div class='ocr_carea' id='block_1_98' title="bbox 2067 3738 3216 3812">
    <p class='ocr_par' dir='ltr' id='par_1_98' title="bbox 2067 3738 3216 3812">
     <span class='ocr_line' id='line_1_98' title="bbox 2067 3738 3216 3812; baseline -0.015 -6"><span class='ocrx_word' id='word_1_508' title='bbox 2067 3751 2204 3806; x_wconf 85' lang='lat' dir='ltr'><strong>Tum</strong></span> <span class='ocrx_word' id='word_1_509' title='bbox 2235 3757 2290 3802; x_wconf 89' lang='lat' dir='ltr'><strong>et</strong></span> <span class='ocrx_word' id='word_1_510' title='bbox 2315 3744 2645 3800; x_wconf 80' lang='lat' dir='ltr'><strong>navarchutn</strong></span> <span class='ocrx_word' id='word_1_511' title='bbox 2679 3741 2839 3795; x_wconf 78' lang='lat' dir='ltr'><strong>classi</strong></span> <span class='ocrx_word' id='word_1_512' title='bbox 2872 3738 3216 3812; x_wconf 65' lang='lat' dir='ltr'><strong>praepositum</strong></span> 
     </span>
    </p>
   </div>
   <div class='ocr_carea' id='block_1_99' title="bbox 2067 3831 3412 3906">
    <p class='ocr_par' dir='ltr' id='par_1_99' title="bbox 2067 3831 3412 3906">
     <span class='ocr_line' id='line_1_99' title="bbox 2067 3831 3412 3906; baseline -0.012 -9"><span class='ocrx_word' id='word_1_513' title='bbox 2067 3838 2568 3906; x_wconf 83' lang='lat' dir='ltr'><strong>Contostephanum</strong></span> <span class='ocrx_word' id='word_1_514' title='bbox 2599 3834 2890 3904; x_wconf 86' lang='lat' dir='ltr'><strong>quemdam</strong></span> <span class='ocrx_word' id='word_1_515' title='bbox 2920 3831 3095 3883; x_wconf 79' lang='lat' dir='ltr'><strong>virum</strong></span> <span class='ocrx_word' id='word_1_516' title='bbox 3129 3843 3412 3883; x_wconf 85' lang='lat' dir='ltr'><strong>strenuum</strong></span> 
     </span>
    </p>
   </div>
   <div class='ocr_carea' id='block_1_100' title="bbox 2069 3924 3055 4003">
    <p class='ocr_par' dir='ltr' id='par_1_100' title="bbox 2069 3924 3055 4003">
     <span class='ocr_line' id='line_1_100' title="bbox 2069 3924 3055 4003; baseline -0.012 -16"><span class='ocrx_word' id='word_1_517' title='bbox 2069 3930 2428 4003; x_wconf 78' lang='lat' dir='ltr'><strong>protosebasti</strong></span> <span class='ocrx_word' id='word_1_518' title='bbox 2459 3929 2720 3998; x_wconf 79' lang='lat' dir='ltr'><strong>dignitate</strong></span> <span class='ocrx_word' id='word_1_519' title='bbox 2750 3924 3055 3994; x_wconf 71' lang='lat' dir='ltr'><strong>prteditum,</strong></span> 
     </span>
    </p>
   </div>
   <div class='ocr_carea' id='block_1_101' title="bbox 2070 4010 3121 4086">
    <p class='ocr_par' dir='ltr' id='par_1_101' title="bbox 2070 4010 3121 4086">
     <span class='ocr_line' id='line_1_101' title="bbox 2070 4010 3121 4086; baseline -0.012 -9"><span class='ocrx_word' id='word_1_520' title='bbox 2070 4025 2121 4078; x_wconf 90' lang='lat' dir='ltr'><strong>in</strong></span> <span class='ocrx_word' id='word_1_521' title='bbox 2153 4020 2514 4076; x_wconf 85' lang='lat' dir='ltr'><strong>Rhodiensem</strong></span> <span class='ocrx_word' id='word_1_522' title='bbox 2544 4019 2624 4071; x_wconf 89' lang='lat' dir='ltr'><strong>ire</strong></span> <span class='ocrx_word' id='word_1_523' title='bbox 2646 4016 2812 4086; x_wconf 89' lang='lat' dir='ltr'><strong>jussit</strong></span> <span class='ocrx_word' id='word_1_524' title='bbox 2843 4010 3070 4066; x_wconf 75' lang='lat' dir='ltr'><strong>insulam</strong></span> <span class='ocrx_word' id='word_1_525' title='bbox 3107 4029 3121 4064; x_wconf 89' lang='lat'><strong>:</strong></span> 
     </span>
    </p>
   </div>
   <div class='ocr_carea' id='block_1_102' title="bbox 2069 4107 3100 4186">
    <p class='ocr_par' dir='ltr' id='par_1_102' title="bbox 2069 4107 3100 4186">
     <span class='ocr_line' id='line_1_102' title="bbox 2069 4107 3100 4186; baseline -0.013 -18"><span class='ocrx_word' id='word_1_526' title='bbox 2069 4115 2162 4186; x_wconf 92' lang='lat' dir='ltr'><strong>qui</strong></span> <span class='ocrx_word' id='word_1_527' title='bbox 2190 4110 2490 4168; x_wconf 84' lang='lat' dir='ltr'><strong>Jauuenses</strong></span> <span class='ocrx_word' id='word_1_528' title='bbox 2520 4110 2573 4162; x_wconf 92' lang='lat' dir='ltr'><strong>in</strong></span> <span class='ocrx_word' id='word_1_529' title='bbox 2608 4107 2846 4179; x_wconf 63' lang='lat' dir='ltr'><strong>praelium</strong></span> <span class='ocrx_word' id='word_1_530' title='bbox 2879 4112 3100 4156; x_wconf 63' lang='lat' dir='ltr'><strong>vet-ales</strong></span> 
     </span>
    </p>
   </div>
   <div class='ocr_carea' id='block_1_103' title="bbox 2069 4195 3021 4278">
    <p class='ocr_par' dir='ltr' id='par_1_103' title="bbox 2069 4195 3021 4278">
     <span class='ocr_line' id='line_1_103' title="bbox 2069 4195 3021 4278; baseline -0.018 -15"><span class='ocrx_word' id='word_1_531' title='bbox 2069 4217 2316 4278; x_wconf 85' lang='lat' dir='ltr'><strong>potenter</strong></span> <span class='ocrx_word' id='word_1_532' title='bbox 2342 4202 2629 4259; x_wconf 88' lang='lat' dir='ltr'><strong>debellavit</strong></span> <span class='ocrx_word' id='word_1_533' title='bbox 2657 4216 2719 4255; x_wconf 91' lang='lat' dir='ltr'><strong>ac</strong></span> <span class='ocrx_word' id='word_1_534' title='bbox 2750 4195 3021 4268; x_wconf 79' lang='lat' dir='ltr'><strong>protrivit,</strong></span> 
     </span>
    </p>
   </div>
   <div class='ocr_carea' id='block_1_104' title="bbox 2069 4290 3038 4371">
    <p class='ocr_par' dir='ltr' id='par_1_104' title="bbox 2069 4290 3038 4371">
     <span class='ocr_line' id='line_1_104' title="bbox 2069 4290 3038 4371; baseline -0.012 -15"><span class='ocrx_word' id='word_1_535' title='bbox 2069 4312 2124 4356; x_wconf 90' lang='lat' dir='ltr'><strong>et</strong></span> <span class='ocrx_word' id='word_1_536' title='bbox 2151 4302 2230 4357; x_wconf 89' lang='lat' dir='ltr'><strong>sic</strong></span> <span class='ocrx_word' id='word_1_537' title='bbox 2259 4299 2487 4371; x_wconf 87' lang='lat' dir='ltr'><strong>imperio</strong></span> <span class='ocrx_word' id='word_1_538' title='bbox 2517 4294 2749 4352; x_wconf 88' lang='lat' dir='ltr'><strong>insulam</strong></span> <span class='ocrx_word' id='word_1_539' title='bbox 2765 4290 3038 4346; x_wconf 77' lang='lat' dir='ltr'><strong>restituit.</strong></span> 
     </span>
    </p>
   </div>
   <div class='ocr_carea' id='block_1_105' title="bbox 2070 4384 3164 4472">
    <p class='ocr_par' dir='ltr' id='par_1_105' title="bbox 2070 4384 3164 4472">
     <span class='ocr_line' id='line_1_105' title="bbox 2070 4384 3164 4472; baseline -0.018 -20"><span class='ocrx_word' id='word_1_540' title='bbox 2070 4404 2136 4472; x_wconf 70' lang='grc' dir='ltr'>ᾼι</span> <span class='ocrx_word' id='word_1_541' title='bbox 2167 4397 2464 4465; x_wconf 83' lang='lat' dir='ltr'><strong>imperatur</strong></span> <span class='ocrx_word' id='word_1_542' title='bbox 2496 4404 2619 4444; x_wconf 92' lang='lat' dir='ltr'><strong>cum</strong></span> <span class='ocrx_word' id='word_1_543' title='bbox 2650 4385 2911 4442; x_wconf 83' lang='lat' dir='ltr'><strong>Michaele</strong></span> <span class='ocrx_word' id='word_1_544' title='bbox 2939 4384 3164 4451; x_wconf 76' lang='lat' dir='ltr'><strong>despnta</strong></span> 
     </span>
    </p>
   </div>
   <div class='ocr_carea' id='block_1_106' title="bbox 2071 4479 3030 4552">
    <p class='ocr_par' dir='ltr' id='par_1_106' title="bbox 2071 4479 3030 4552">
     <span class='ocr_line' id='line_1_106' title="bbox 2071 4479 3030 4552; baseline -0.011 -8"><span class='ocrx_word' id='word_1_545' title='bbox 2071 4489 2384 4544; x_wconf 75' lang='lat' dir='ltr'><strong>afﬁnitatem</strong></span> <span class='ocrx_word' id='word_1_546' title='bbox 2421 4481 2608 4552; x_wconf 78' lang='lat' dir='ltr'><strong>panxit</strong></span> <span class='ocrx_word' id='word_1_547' title='bbox 2637 4489 2690 4534; x_wconf 88' lang='lat' dir='ltr'><strong>et</strong></span> <span class='ocrx_word' id='word_1_548' title='bbox 2715 4479 3030 4533; x_wconf 84' lang='lat' dir='ltr'><strong>amicitiam.</strong></span> 
     </span>
    </p>
   </div>
   <div class='ocr_carea' id='block_1_107' title="bbox 1997 4567 3049 4643">
    <p class='ocr_par' dir='ltr' id='par_1_107' title="bbox 1997 4567 3049 4643">
     <span class='ocr_line' id='line_1_107' title="bbox 1997 4567 3049 4643; baseline -0.01 -6"><span class='ocrx_word' id='word_1_549' title='bbox 1997 4567 2044 4625; x_wconf 80' lang='grc' dir='ltr'><strong>Ῑ)</strong></span> <span class='ocrx_word' id='word_1_550' title='bbox 2073 4583 2238 4636; x_wconf 84' lang='lat' dir='ltr'><strong>Filius</strong></span> <span class='ocrx_word' id='word_1_551' title='bbox 2270 4578 2415 4634; x_wconf 90' lang='lat' dir='ltr'><strong>enim</strong></span> <span class='ocrx_word' id='word_1_552' title='bbox 2445 4576 2682 4643; x_wconf 75' lang='lat' dir='ltr'><strong>despota:</strong></span> <span class='ocrx_word' id='word_1_553' title='bbox 2710 4570 3049 4641; x_wconf 68' lang='lat' dir='ltr'><strong>Nireplmrus</strong></span> 
     </span>
    </p>
   </div>
   <div class='ocr_carea' id='block_1_108' title="bbox 2071 4665 3086 4734">
    <p class='ocr_par' dir='ltr' id='par_1_108' title="bbox 2071 4665 3086 4734">
     <span class='ocr_line' id='line_1_108' title="bbox 2071 4665 3086 4734; baseline -0.014 -5"><span class='ocrx_word' id='word_1_554' title='bbox 2071 4689 2296 4729; x_wconf 82' lang='lat' dir='ltr'><strong>uxorem</strong></span> <span class='ocrx_word' id='word_1_555' title='bbox 2332 4670 2433 4725; x_wconf 87' lang='lat' dir='ltr'><strong>sibi</strong></span> <span class='ocrx_word' id='word_1_556' title='bbox 2462 4667 2746 4723; x_wconf 74' lang='lat' dir='ltr'><strong>Theodoro</strong></span> <span class='ocrx_word' id='word_1_557' title='bbox 2777 4665 3011 4734; x_wconf 79' lang='lat' dir='ltr'><strong>genitam</strong></span> <span class='ocrx_word' id='word_1_558' title='bbox 3079 4704 3086 4710; x_wconf 90' lang='lat'><strong>.</strong></span> 
     </span>
    </p>
   </div>
   <div class='ocr_carea' id='block_1_109' title="bbox 2072 4756 3047 4837">
    <p class='ocr_par' dir='ltr' id='par_1_109' title="bbox 2072 4756 3047 4837">
     <span class='ocr_line' id='line_1_109' title="bbox 2072 4756 3047 4837; baseline -0.011 -16"><span class='ocrx_word' id='word_1_559' title='bbox 2072 4764 2415 4837; x_wconf 86' lang='lat' dir='ltr'><strong>imperatoris</strong></span> <span class='ocrx_word' id='word_1_560' title='bbox 2447 4762 2555 4815; x_wconf 87' lang='lat' dir='ltr'><strong>ﬁlio</strong></span> <span class='ocrx_word' id='word_1_561' title='bbox 2586 4757 2810 4813; x_wconf 75' lang='lat' dir='ltr'><strong>Mariam</strong></span> <span class='ocrx_word' id='word_1_562' title='bbox 2845 4756 3047 4826; x_wconf 75' lang='lat' dir='ltr'><strong>junxit.</strong></span> 
     </span>
    </p>
   </div>
   <div class='ocr_carea' id='block_1_110' title="bbox 2071 4847 2990 4918">
    <p class='ocr_par' dir='ltr' id='par_1_110' title="bbox 2071 4847 2990 4918">
     <span class='ocr_line' id='line_1_110' title="bbox 2071 4847 2990 4918; baseline -0.015 -4"><span class='ocrx_word' id='word_1_563' title='bbox 2071 4860 2138 4914; x_wconf 84' lang='lat' dir='ltr'><strong>Et</strong></span> <span class='ocrx_word' id='word_1_564' title='bbox 2165 4855 2448 4912; x_wconf 72' lang='lat' dir='ltr'><strong>&#39;l‘heodora</strong></span> <span class='ocrx_word' id='word_1_565' title='bbox 2482 4853 2760 4909; x_wconf 81' lang='lat' dir='ltr'><strong>Michaelis</strong></span> <span class='ocrx_word' id='word_1_566' title='bbox 2793 4847 2990 4918; x_wconf 78' lang='lat' dir='ltr'><strong>conjux</strong></span> 
     </span>
    </p>
   </div>
   <div class='ocr_carea' id='block_1_111' title="bbox 2073 4940 3114 5016">
    <p class='ocr_par' dir='ltr' id='par_1_111' title="bbox 2073 4940 3114 5016">
     <span class='ocr_line' id='line_1_111' title="bbox 2073 4940 3114 5016; baseline -0.011 -17"><span class='ocrx_word' id='word_1_567' title='bbox 2073 4965 2168 5016; x_wconf 86' lang='lat' dir='ltr'><strong>per</strong></span> <span class='ocrx_word' id='word_1_568' title='bbox 2196 4945 2605 5015; x_wconf 82' lang='lat' dir='ltr'><strong>Hellespontum</strong></span> <span class='ocrx_word' id='word_1_569' title='bbox 2640 4943 2737 4997; x_wconf 86' lang='lat' dir='ltr'><strong>ivit</strong></span> <span class='ocrx_word' id='word_1_570' title='bbox 2767 4942 2818 4995; x_wconf 93' lang='lat' dir='ltr'><strong>in</strong></span> <span class='ocrx_word' id='word_1_571' title='bbox 2850 4940 3114 4996; x_wconf 86' lang='lat' dir='ltr'><strong>orientem</strong></span> 
     </span>
    </p>
   </div>
   <div class='ocr_carea' id='block_1_112' title="bbox 2073 5033 2978 5102">
    <p class='ocr_par' dir='ltr' id='par_1_112' title="bbox 2073 5033 2978 5102">
     <span class='ocr_line' id='line_1_112' title="bbox 2073 5033 2978 5102; baseline -0.012 -8"><span class='ocrx_word' id='word_1_572' title='bbox 2073 5056 2177 5094; x_wconf 88' lang='lat' dir='ltr'><strong>una</strong></span> <span class='ocrx_word' id='word_1_573' title='bbox 2206 5053 2331 5093; x_wconf 89' lang='lat' dir='ltr'><strong>cum</strong></span> <span class='ocrx_word' id='word_1_574' title='bbox 2361 5036 2506 5092; x_wconf 87' lang='lat' dir='ltr'><strong>dulei</strong></span> <span class='ocrx_word' id='word_1_575' title='bbox 2536 5035 2645 5089; x_wconf 89' lang='lat' dir='ltr'><strong>lilio</strong></span> <span class='ocrx_word' id='word_1_576' title='bbox 2675 5033 2978 5102; x_wconf 84' lang='lat' dir='ltr'><strong>Nicephoro</strong></span> 
     </span>
    </p>
   </div>
   <div class='ocr_carea' id='block_1_113' title="bbox 2071 5124 3106 5200">
    <p class='ocr_par' dir='ltr' id='par_1_113' title="bbox 2071 5124 3106 5200">
     <span class='ocr_line' id='line_1_113' title="bbox 2071 5124 3106 5200; baseline -0.007 -14"><span class='ocrx_word' id='word_1_577' title='bbox 2071 5131 2138 5186; x_wconf 89' lang='lat' dir='ltr'><strong>ad</strong></span> <span class='ocrx_word' id='word_1_578' title='bbox 2169 5130 2497 5200; x_wconf 86' lang='lat' dir='ltr'><strong>copulandas</strong></span> <span class='ocrx_word' id='word_1_579' title='bbox 2531 5127 2746 5194; x_wconf 82' lang='lat' dir='ltr'><strong>nuptias</strong></span> <span class='ocrx_word' id='word_1_580' title='bbox 2777 5124 3066 5194; x_wconf 65' lang='lat' dir='ltr'><strong>prmdictas</strong></span> <span class='ocrx_word' id='word_1_581' title='bbox 3093 5143 3106 5179; x_wconf 90' lang='lat'><strong>:</strong></span> 
     </span>
    </p>
   </div>
   <div class='ocr_carea' id='block_1_114' title="bbox 2071 5216 3042 5288">
    <p class='ocr_par' dir='ltr' id='par_1_114' title="bbox 2071 5216 3042 5288">
     <span class='ocr_line' id='line_1_114' title="bbox 2071 5216 3042 5288; baseline -0.006 -12"><span class='ocrx_word' id='word_1_582' title='bbox 2071 5221 2198 5276; x_wconf 82' lang='lat' dir='ltr'><strong>exin</strong></span> <span class='ocrx_word' id='word_1_583' title='bbox 2227 5236 2348 5275; x_wconf 90' lang='lat' dir='ltr'><strong>cum</strong></span> <span class='ocrx_word' id='word_1_584' title='bbox 2378 5217 2683 5288; x_wconf 70' lang='lat' dir='ltr'><strong>ipsoxetliit</strong></span> <span class='ocrx_word' id='word_1_585' title='bbox 2707 5216 2760 5270; x_wconf 90' lang='lat' dir='ltr'><strong>in</strong></span> <span class='ocrx_word' id='word_1_586' title='bbox 2788 5216 3042 5286; x_wconf 88' lang='lat' dir='ltr'><strong>patriam.</strong></span> 
     </span>
    </p>
   </div>
   <div class='ocr_carea' id='block_1_115' title="bbox 2069 5306 3176 5376">
    <p class='ocr_par' dir='ltr' id='par_1_115' title="bbox 2069 5306 3176 5376">
     <span class='ocr_line' id='line_1_115' title="bbox 2069 5306 3176 5376; baseline -0.008 -10"><span class='ocrx_word' id='word_1_587' title='bbox 2069 5315 2320 5366; x_wconf 82' lang='lat' dir='ltr'><strong>Attamen</strong></span> <span class='ocrx_word' id='word_1_588' title='bbox 2351 5308 2579 5364; x_wconf 82' lang='lat' dir='ltr'><strong>Michael</strong></span> <span class='ocrx_word' id='word_1_589' title='bbox 2609 5306 2862 5376; x_wconf 63' lang='lat' dir='ltr'><strong>Etltiops</strong></span> <span class='ocrx_word' id='word_1_590' title='bbox 2895 5317 2947 5362; x_wconf 90' lang='lat' dir='ltr'><strong>et</strong></span> <span class='ocrx_word' id='word_1_591' title='bbox 2980 5321 3176 5360; x_wconf 84' lang='lat' dir='ltr'><strong>cancer</strong></span> 
     </span>
    </p>
   </div>
   <div class='ocr_carea' id='block_1_116' title="bbox 2073 5397 3322 5468">
    <p class='ocr_par' dir='ltr' id='par_1_116' title="bbox 2073 5397 3322 5468">
     <span class='ocr_line' id='line_1_116' title="bbox 2073 5397 3322 5468; baseline -0.008 -8"><span class='ocrx_word' id='word_1_592' title='bbox 2073 5419 2172 5460; x_wconf 91' lang='lat' dir='ltr'><strong>nec</strong></span> <span class='ocrx_word' id='word_1_593' title='bbox 2202 5413 2347 5457; x_wconf 89' lang='lat' dir='ltr'><strong>recte</strong></span> <span class='ocrx_word' id='word_1_594' title='bbox 2376 5400 2628 5456; x_wconf 86' lang='lat' dir='ltr'><strong>incedere</strong></span> <span class='ocrx_word' id='word_1_595' title='bbox 2659 5407 2870 5468; x_wconf 85' lang='lat' dir='ltr'><strong>poterat</strong></span> <span class='ocrx_word' id='word_1_596' title='bbox 2898 5413 2996 5452; x_wconf 86' lang='lat' dir='ltr'><strong>nec</strong></span> <span class='ocrx_word' id='word_1_597' title='bbox 3027 5397 3322 5450; x_wconf 65' lang='lat' dir='ltr'><strong>alla-scere.</strong></span> 
     </span>
    </p>
   </div>
   <div class='ocr_carea' id='block_1_117' title="bbox 2072 5489 3136 5564">
    <p class='ocr_par' dir='ltr' id='par_1_117' title="bbox 2072 5489 3136 5564">
     <span class='ocr_line' id='line_1_117' title="bbox 2072 5489 3136 5564; baseline -0.015 -13"><span class='ocrx_word' id='word_1_598' title='bbox 2072 5496 2316 5564; x_wconf 84' lang='lat' dir='ltr'><strong>Namque</strong></span> <span class='ocrx_word' id='word_1_599' title='bbox 2342 5492 2527 5546; x_wconf 86' lang='lat' dir='ltr'><strong>deletis</strong></span> <span class='ocrx_word' id='word_1_600' title='bbox 2557 5491 2705 5560; x_wconf 88' lang='lat' dir='ltr'><strong>pacis</strong></span> <span class='ocrx_word' id='word_1_601' title='bbox 2738 5489 3136 5544; x_wconf 80' lang='lat' dir='ltr'><strong>conditionilms</strong></span> 
     </span>
    </p>
   </div>
   <div class='ocr_carea' id='block_1_118' title="bbox 2071 5582 3080 5652">
    <p class='ocr_par' dir='ltr' id='par_1_118' title="bbox 2071 5582 3080 5652">
     <span class='ocr_line' id='line_1_118' title="bbox 2071 5582 3080 5652; baseline -0.01 -9"><span class='ocrx_word' id='word_1_602' title='bbox 2071 5590 2314 5644; x_wconf 86' lang='lat' dir='ltr'><strong>rabidum</strong></span> <span class='ocrx_word' id='word_1_603' title='bbox 2345 5592 2516 5640; x_wconf 90' lang='lat' dir='ltr'><strong>semet</strong></span> <span class='ocrx_word' id='word_1_604' title='bbox 2546 5583 2774 5652; x_wconf 69' lang='lat' dir='ltr'><strong>praebuit</strong></span> <span class='ocrx_word' id='word_1_605' title='bbox 2805 5582 3080 5645; x_wconf 84' lang='lat' dir='ltr'><strong>rebellem,</strong></span> 
     </span>
    </p>
   </div>
   <div class='ocr_carea' id='block_1_119' title="bbox 2072 5669 3207 5738">
    <p class='ocr_par' dir='ltr' id='par_1_119' title="bbox 2072 5669 3207 5738">
     <span class='ocr_line' id='line_1_119' title="bbox 2072 5669 3207 5738; baseline -0.007 -9"><span class='ocrx_word' id='word_1_606' title='bbox 2072 5685 2260 5729; x_wconf 90' lang='lat' dir='ltr'><strong>nactus</strong></span> <span class='ocrx_word' id='word_1_607' title='bbox 2291 5672 2356 5726; x_wconf 91' lang='lat' dir='ltr'><strong>ad</strong></span> <span class='ocrx_word' id='word_1_608' title='bbox 2387 5672 2487 5724; x_wconf 87' lang='lat' dir='ltr'><strong>hoc</strong></span> <span class='ocrx_word' id='word_1_609' title='bbox 2521 5669 2922 5738; x_wconf 56' lang='lat' dir='ltr'><strong>conspirantem</strong></span> <span class='ocrx_word' id='word_1_610' title='bbox 2958 5683 3207 5737; x_wconf 78' lang='lat' dir='ltr'><strong>patruum</strong></span> 
     </span>
    </p>
   </div>
   <div class='ocr_carea' id='block_1_120' title="bbox 2069 5763 3090 5838">
    <p class='ocr_par' dir='ltr' id='par_1_120' title="bbox 2069 5763 3090 5838">
     <span class='ocr_line' id='line_1_120' title="bbox 2069 5763 3090 5838; baseline -0.005 -16"><span class='ocrx_word' id='word_1_611' title='bbox 2069 5768 2330 5838; x_wconf 81' lang='lat' dir='ltr'><strong>Angelutn</strong></span> <span class='ocrx_word' id='word_1_612' title='bbox 2361 5765 2699 5821; x_wconf 85' lang='lat' dir='ltr'><strong>Theodorum</strong></span> <span class='ocrx_word' id='word_1_613' title='bbox 2730 5763 3090 5832; x_wconf 81' lang='lat' dir='ltr'><strong>versipellem.</strong></span> 
     </span>
    </p>
   </div>
   <div class='ocr_carea' id='block_1_121' title="bbox 2071 5853 3073 5926">
    <p class='ocr_par' dir='ltr' id='par_1_121' title="bbox 2071 5853 3073 5926">
     <span class='ocr_line' id='line_1_121' title="bbox 2071 5853 3073 5926; baseline -0.01 -12"><span class='ocrx_word' id='word_1_614' title='bbox 2071 5860 2194 5914; x_wconf 71' lang='lat' dir='ltr'><strong>&quot;ll’C</strong></span> <span class='ocrx_word' id='word_1_615' title='bbox 2229 5859 2521 5926; x_wconf 69' lang='lat' dir='ltr'><strong>inperator</strong></span> <span class='ocrx_word' id='word_1_616' title='bbox 2545 5871 2664 5909; x_wconf 85' lang='lat' dir='ltr'><strong>cum</strong></span> <span class='ocrx_word' id='word_1_617' title='bbox 2699 5853 3073 5913; x_wconf 62' lang='lat' dir='ltr'><strong>intellexisset,</strong></span> 
     </span>
    </p>
   </div>
   <div class='ocr_carea' id='block_1_122' title="bbox 3513 390 3651 457">
    <p class='ocr_par' dir='ltr' id='par_1_122' title="bbox 3513 390 3651 457">
     <span class='ocr_line' id='line_1_122' title="bbox 3513 390 3651 457; baseline -0.022 -1"><span class='ocrx_word' id='word_1_618' title='bbox 3513 390 3651 457; x_wconf 54' lang='lat'><strong>’318</strong></span> 
     </span>
    </p>
   </div>
  </div>
