3922 6516
191 398 290 462 323
742 433 747 440 ι
1640 393 1740 454 (ΠΕ

742 433 747 440 .
1640 393 2015 458 (ἎΕΞΑΒΕΒ.

389 513 629 578 Οὐκοῦν,
667 511 893 584 μέγιστε
917 509 1259 582 ποιμενάρχα
1294 507 1526 578 Κυρίου,
1792 515 1837 570 Α
1869 508 1938 579 lgi

1384 507 1526 578 ρίου,
1792 515 1837 570 Α
1869 508 2062 579 Igitur,
2100 525 2134 564 ο
2165 509 2237 564 mi
2269 510 2629 568 maximeDei
2663 513 2924 583 pontifex,

394 610 478 664 Τά
509 606 633 662 κατ’
659 605 900 675 ἐμαυτὸν
927 601 1313 670 ἐκτελεσθῆναι
1341 600 1480 664 δέον,
1873 619 1943 656 mt

1249 617 1313 654 ναι
1341 600 1480 664 δέον,
1873 619 1957 657 me
1984 617 2106 658 meo
2127 603 2253 673 jure
2281 619 2439 672 agere
2462 607 2532 662 sit
2563 623 2798 675 :equum,

402 700 494 763 Ὧς
538 698 844 770 Ῥωμαῖκοὶ
875 693 1198 749 διατυποῦσι
1234 694 1388 761 νόμοι
1415 708 1428 720 ·
1872 702 1951 762 atq

1872 702 2034 764 atque
2065 704 2122 750 ut
2153 695 2410 751 Romanis
2446 697 2654 765 legibus
2681 701 3005 768 praecipitur.

397 795 464 848 Ei
498 793 604 864 μὲν
632 792 741 862 γάρ
773 789 934 850 αὐτὸς
964 789 1161 857 ὲξέφυν
1187 787 1250 840 ὲκ
1285 785 1598 856 βαρϐάρων,
1871 785 1946 840 Na

1586 825 1598 848 ,
1871 785 2008 840 Nam
2039 788 2081 841 si
2117 789 2433 859 parentibus
2469 801 2630 845 natus
2654 808 2829 847 essent
2859 795 3129 858 barbaris,

221 887 351 944 32:50
394 888 464 938 Ἢ
495 883 856 955 βαρϐαρικοῖς
891 879 1310 950 ἁνατὲθραμμαι
1342 877 1548 946 νόμοις,

1407 893 1548 946 μοις,
1871 889 2040 948 atque
2067 881 2370 936 barbaricis
2397 881 2694 938 innutritus
2728 885 2955 955 legibus,

392 981 532 1049 Τάχ’
572 980 636 1032 ἂν
659 977 885 1038 δικαίως
917 975 1066 1043 σφῶν
1102 975 1386 1043 ὐπήγομεν
1412 971 1618 1032 δίκαιςο

407 1073 685 1140 Ῥωμαῖος
722 1070 983 1138 ὑπάρχων
1003 1069 1060 1121 δὲ
1095 1067 1203 1120 κάκ
1232 1064 1425 1118 τούτου
1459 1062 1674 1131 γένους,

388 1165 516 1227 Τοῖς
555 1163 886 1233 Ῥωμαϊκοῖς
916 1159 1308 1229 ὐπαχθήσομαι
1339 1155 1548 1222 νόμοις.

1866 1080 2010 1119 nunc
2046 1082 2167 1120 cum
2201 1065 2445 1122 Romana
2473 1071 2644 1141 stirpe
2670 1073 2769 1128 sim
2800 1084 3042 1139 creatus,

1866 1155 2129 1214 Romanis
2165 1161 2290 1215 volo
2329 1163 2646 1232 desccptare
2681 1167 2907 1236 legibus.

1865 971 2031 1042 juste,
2063 983 2119 1027 ut
2149 975 2364 1043 opinor,
2397 975 2464 1030 ad
2498 976 2602 1032 hoc
2625 979 2716 1046 jus
2744 981 3127 1048 eompclicrcr:
3154 991 3168 1034 ‘.

390 1255 551 1310 οὕτω
575 1255 798 1323 Μιχαὴλ
837 1254 1068 1322 φαμένῳ
1109 1253 1176 1305 τὰ
1205 1252 1300 1321 τῆς
1332 1249 1510 1320 δίκης,

220 1350 352 1404 88ὸὸ
403 1350 640 1401 ’Δνεῖται
670 1347 969 1415 τηνικαῦτα
1000 1345 1136 1416 πρὸς
1172 1341 1434 1412 βασιλέως
1462 1352 1479 1370 ⁸

393 1442 593 1511 Ὅμως
621 1442 881 1511 παρεῖχεν
903 1441 963 1492 οὐ
995 1439 1200 1509 μικρὰν
1221 1436 1479 1504 ὑποψίαν.

398 1533 623 1600 Πέμπει
646 1532 705 1583 τὸ
741 1531 927 1584 λοιπὸν
951 1540 1017 1600 χά
1029 1529 1223 1600 ριτὼνυ
1234 1545 1331 1598 μσς
1363 1526 1585 1595 κράτωρ

387 1625 595 1689 Τοῦτον
633 1623 768 1692 πρὸς
806 1623 926 1675 υίὸν
952 1621 1046 1675 καὶ
1073 1621 1313 1690 διάδοχον
1346 1619 1582 1690 κράτους

385 1717 497 1770 Καὶ
529 1717 908 1786 πσιμενάρχην
943 1713 1201 1783 Μανουὴλ
1236 1711 1579 1776 Βυζαντίδος,

219 1810 349 1865 8860
389 1805 564 1872 Οὗτος
589 1807 696 1876 γὰρ
723 1803 860 1877 ἦρχε
893 1805 1174 1876 τηνικαῦτ’
1211 1803 1537 1870 Ἐκκλησίας
1565 1819 1582 1834 ο

396 1902 455 1954 Ὀ
487 1902 535 1956 δ’
564 1900 857 1955 ὑποϐάλλει
878 1899 1098 1970 Μιχαὴλ
1122 1897 1436 1970 φρικαλὲοις

381 1995 742 2063 Ἐπιτιμίοις,
771 1994 1096 2065 ἀφορισμοϊς
1133 1992 1228 2045 καὶ
1249 1991 1451 2059 λέγειν,

381 2082 461 2140 Ἢ
497 2087 605 2156 μὴν
637 2087 895 2157 καθαρῶς
927 2086 1136 2138 εὐνοεῖν
1167 2083 1241 2154 τῷ
1274 2084 1515 2153 δεσπότῃ

383 2178 496 2231 Καὶ
526 2178 737 2246 βασιλεῖ
768 2178 947 2232 πάντα
979 2193 1040 2244 γε
1072 2175 1158 2230 τὸν
1183 2173 1328 2250 ζωῆς
1354 2173 1570 2244 χρόνον,

222 2268 348 2322 88θὸ
385 2270 584 2322 Μισείν
621 2269 670 2322 τ’
696 2261 1038 2324 ἀποστάτιδοὶ
1063 2267 1288 2336 γνώμην
1317 2263 1586 2327 ἐκτόπως.

390 2361 599 2416 Τούτου
629 2362 969 2432 πραχθέντος
996 2360 1249 2430 βασιλεὺς
1285 2359 1544 2428 Ἰωάννης

396 2454 494 2514 El;
529 2453 831 2522 συνάφειαν
865 2451 1116 2523 γαμικὴν
1151 2450 1476 2518 συζευγνύει

390 2547 582 2618 Τούτῳ
624 2547 846 2619 Μιχαὴλ
878 2545 1260 2612 Παλαιολόγων
1285 2544 1476 2612 γένους

384 2643 501 2714 Τὴν
533 2641 820 2711 Θεοδώραν
852 2641 1076 2709 ἔγγονον
1096 2637 1191 2690 τοῦ
1227 2636 1491 2704 συγγόνου

222 2739 348 2793 8570
386 2739 428 2790 Τ
429 2737 494 2790 οὗ
535 2735 1038 2804 σεϐαστοκράτορος
1077 2728 1373 2784 Ἰσαακίου·

389 2833 500 2886 Καὶ
543 2829 734 2882 λοιπὸν
788 2827 951 2880 αὐτὸν
988 2823 1237 2894 εὐμενῶς
1268 2817 1336 2893 ἦν
1371 2821 1752 2891 προσϐλέπων,

387 2927 495 2978 Καὶ
525 2925 850 2975 συνέταττεν
880 2920 1123 2972 εὐνοοῦσι
1156 2919 1418 2988 γνησίως.

297 3057 300 3060 .
385 3015 547 3070 Οὕτω
578 3013 878 3083 συνηνέχθη
907 3013 1006 3082 μὲν
1034 3011 1273 3081 ὑπάρξαι
1304 3010 1432 3064 τάδε
1460 3026 1476 3043 ο

392 3109 454 3163 '0
490 3110 536 3162 δ’
567 3108 926 3178 αὐτοκράτωρ
952 3102 1088 3178 ἧκεν
1117 3109 1197 3170 εἰς
1228 3107 1482 3160 Νικαέων

227 3203 354 3257 ὃεῖὓ
386 3202 576 3272 Μηνὸς
611 3201 739 3269 περί
783 3217 884 3252 που
924 3202 1105 3269 τέρμα
1137 3198 1507 3270 Φεϐρουαρίου
1538 3215 1554 3231 ·

373 3295 525 3366 ῘΕπὶ
551 3293 744 3362 κλίνης
772 3292 830 3346 δὲ
855 3291 1088 3354 καθίσας
1121 3291 1241 3345 καθ’
1275 3293 1519 3361 ἑσπέραν

386 3391 657 3458 Παρεῖχεν
681 3388 989 3440 ἀνάπαυσιν
1022 3383 1190 3439 αὐτοῦ
1221 3385 1463 3455 σαρκίῳ·

388 3482 548 3538 Μετὰ
582 3481 758 3552 βραχὺ
787 3480 834 3532 δ’
864 3477 1068 3550 εὕρητο
1099 3477 1310 3548 πρηνὴς
1343 3479 1404 3531 ὲν
1435 3477 1591 3549 κλίνῃ

402 3576 698 3644 Ἐξαπίνης
735 3573 990 3636 ἄναυδος,
1022 3574 1126 3626 οὐκ
1151 3572 1384 3627 ἐπαΐων.

223 3670 350 3724 83.39
386 3669 551 3722 Ταῦτ’
582 3669 691 3738 ἄρα
719 3667 1054 3736 συνέδραμον
1078 3663 1478 3734 Ἀσκληπιάδαι

390 3763 665 3824 Ἕκαστος
703 3761 1081 3830 συμφέροντες
1111 3759 1243 3821 ἄκος
1273 3757 1376 3827 τῆς
1405 3757 1589 3822 νόσου,

391 3855 531 3924 Πρὸς
563 3853 608 3905 δ’
636 3851 707 3906 αὖ
737 3852 953 3922 ἀμυχάς
981 3852 1040 3903 ἐν
1068 3849 1198 3902 ποσὶ
1222 3846 1548 3912 τεθεικότες,
1657 3855 1662 3860 ·
1698 3883 1705 3894 ,

389 3947 568 4002 Τάλλα
598 3964 659 3999 τε
689 3945 922 4016 δρῶντες
952 3937 1027 3998 ὧν
1053 3941 1374 4005 διδάσκαλος
1411 3941 1576 4012 τέχνη
1597 3955 1613 3970 ο

403 4039 541 4091 Ἀλλ’
567 4039 726 4092 οὐδὲν
755 4031 917 4108 ἦττον
945 4034 1160 4105 ἡμέραν
1192 4033 1272 4094 si;
1303 4031 1566 4102 δευτέραν

228 4131 355 4186 8832;
403 4131 680 4200 ’Υπῆρχεν
709 4129 988 4197 ἀκίνητος,
1015 4120 1234 4194 ἇῷωνος
1267 4123 1512 4193 κράτωρ,

409 4223 746 4296 Ἐμπληξέας
776 4222 914 4292 νόσῳ
943 4237 1006 4290 γε
1036 4217 1432 4289 συνισχημένος
1456 4234 1472 4250 ο

391 4323 564 4376 Νόσου
595 4320 652 4373 δὲ
686 4317 884 4388 μικρὸν
912 4314 1126 4383 [ῥαΐσας
1158 4313 1299 4382 πλὴν
1326 4309 1588 4365 δυσκόλου

393 4410 521 4484 Εἶχε
552 4411 724 4483 χρόαν
759 4408 1012 4478 σώματος
1044 4401 1455 4475 ἠλλοιωμένην

392 4507 616 4573 Ἀφῖκτο
642 4501 832 4555 λοιπὸν
864 4502 945 4562 εἰς
975 4496 1280 4569 βασιλείους
1311 4495 1512 4565 δόμους

1866 1251 1959 1307 Sic
1987 1250 2304 1309 Michaeiem
2333 1257 2431 1311 sibi
2467 1261 2900 1325 patrocinantem

1863 1343 2048 1416 (la-sar
2081 1355 2208 1402 tunc
2233 1348 2450 1416 quidem
2483 1351 2857 1406 dimittendum
2900 1355 3144 1419 censuit;

1865 1454 1963 1494 nec
1995 1447 2175 1496 tamen
2213 1439 2302 1496 ille
2329 1443 2479 1511 gravi
2517 1444 2826 1512 suspicione
2857 1449 3052 1500 caruit.

1865 1529 2098 1586 Mittitur
2133 1546 2265 1602 ergo
2294 1548 2323 1586 a
2353 1535 2577 1589 domino
2603 1539 2844 1606 gratioso

1863 1624 1932 1677 ad
1963 1622 2132 1678 lilium
2163 1640 2321 1681 suum
2357 1626 2565 1695 imperii
2597 1644 2971 1686 sttcceSSOrem

1864 1713 2278 1786 Manuelemque
2309 1719 2592 1786 praesulem
2625 1722 2867 1792 Byzantii

1787 1851 1837 1913 Β
1867 1807 1975 1877 (hic
2001 1809 2146 1863 enim
2177 1824 2276 1878 per
2301 1810 2350 1864 id
2381 1821 2591 1881 tempus
2616 1813 2872 1869 Ecclesire
2900 1817 3154 1886 praeerat)

1866 1899 1958 1970 qui
1987 1913 2246 1969 perquam
2275 1903 2529 1971 gravibus
2562 1903 2880 1960 Michaclem
2911 1909 3072 1963 minis

1868 1994 2256 2064 canonicisque
2276 1993 2522 2062 jussibus
2551 2000 2695 2067 cogit
2723 2001 2926 2064 dicere,

1867 2101 1926 2141 se
1955 2103 2082 2142 vere
2107 2088 2330 2143 domino
2359 2091 2496 2145 bene
2525 2093 2664 2148 velle
2691 2093 2917 2158 Caesari,

1868 2180 2138 2251 iidemque
2169 2185 2220 2236 in
2263 2186 2412 2238 omni
2444 2187 2550 2239 vita
2587 2198 2950 2253 servaturum,

1865 2281 2030 2340 atque
2058 2274 2332 2340 apostasia
2368 2289 2592 2342 prorsus
2622 2279 2854 2333 alienum
2887 2281 3020 2336 fore.

1865 2360 2108 2416 Peractis
2143 2363 2248 2424 bis,
2279 2361 2523 2418 Joannes
2559 2367 2852 2437 imperatur

1868 2454 2256 2508 matrimoniaii
2287 2458 2501 2525 c0pniat
2533 2463 2813 2516 consortio

1868 2544 1994 2600 huic
2036 2546 2280 2602 Michacii
2315 2550 2486 2620 stirpe
2510 2550 2815 2623 Palasolugo

1864 2636 2208 2692 Theodoram
2236 2652 2450 2709 neptem
2479 2648 2722 2715 germani
2752 2647 2857 2713 sui,

1863 2733 2320 2789 sebastocratoris
2347 2737 2556 2792 scilicet
2588 2738 2778 2793 lsancii
2805 2758 2819 2792 :

1859 2819 2083 2890 jamque
2115 2838 2238 2878 eum
2271 2825 2505 2896 benigno
2535 2830 2857 2898 reSpiciebat
2888 2832 3062 2898 vultu,

1862 2925 2025 2984 atque
2050 2917 2350 2973 amicorum
2382 2920 2617 2976 habebat
2645 2923 2697 2976 in
2737 2938 2985 2979 numero.

1863 3006 1966 3065 Hie
2007 3008 2109 3064 fuit
2149 3010 2279 3064 dicti
2315 3012 2497 3067 exitus
2536 3016 2760 3082 negotii.

1863 3103 2055 3158 Postea
2083 3102 2318 3158 Nicaaam
2352 3104 2449 3159 ivit
2480 3106 2778 3175 imperator

1783 3222 1826 3280 ο
1863 3195 2033 3250 ferme
2063 3195 2164 3250 sub
2197 3198 2400 3252 mensis
2433 3198 2593 3254 linem
2627 3198 2936 3257 Februarii.

1804 3325 1814 3332 μ
1866 3291 2099 3361 Vespere
2127 3308 2291 3362 porro
2320 3293 2518 3348 lectulo
2546 3295 2878 3350 decumbens

1861 3384 2169 3452 corpusculi
2198 3385 2364 3454 quieti
2395 3385 2710 3456 indulgebat
2734 3403 2749 3440 :

1861 3478 2022 3546 paulo
2050 3485 2170 3547 post
2195 3478 2376 3534 subito
2407 3493 2643 3534 cernuus
2677 3481 2730 3534 in
2763 3481 3017 3535 culcitam

1865 3578 2049 3640 mutus
2083 3568 2341 3623 inventus
2371 3577 2454 3623 est
2483 3577 2537 3624 et
2570 3570 2703 3623 nihil
2737 3571 3008 3625 audiens:

1861 3660 2214 3731 quamobrem
2243 3671 2594 3717 accurrentes
2623 3662 2954 3731 Asciepia‘da:

1865 3752 2057 3806 morbo
2091 3753 2356 3808 medelam
2393 3754 2598 3807 variam
2629 3755 2982 3819 adhibebant,

1861 3854 1917 3896 et
1954 3844 2122 3914 pedes
2151 3845 2317 3899 etiam
2353 3845 2596 3914 punctim
2631 3845 2988 3905 vellicabant.

1863 3946 2172 4006 prementes
2204 3937 2338 3992 artis
2364 3951 2526 3992 ouante
2563 3938 2956 4007 magisterium.

1860 4029 2044 4084 Nihilo
2086 4039 2270 4084 tamen
2306 4029 2489 4084 minus
2519 4030 2630 4100 jam
2659 4030 2752 4086 die
2783 4032 3020 4085 secunda

1863 4120 2156 4177 immobilis
2187 4132 2476 4193 mutusque
2500 4124 2720 4192 jacebat
2754 4123 2956 4178 Caesar.

1860 4215 2111 4268 sensibus
2145 4215 2360 4270 cunctis
2395 4215 2586 4269 morbo
2611 4217 2934 4284 consopitis.

1859 4305 1984 4362 Mox
2014 4306 2356 4377 aliquantum
2388 4308 2655 4376 reviguit;
2693 4321 3009 4378 quanquam

1861 4401 2190 4472 corpusculo
2217 4401 2516 4456 deﬂuxerat
2545 4405 2725 4458 omnis
2751 4405 2922 4459 color.

1863 4494 2046 4561 Quare
2078 4493 2324 4549 (lt-fertur
2357 4495 2408 4548 in
2445 4495 2724 4568 Nymphaei
2764 4499 2990 4567 regiam,

3094 4108 3127 4142 ς

233 4594 358 4648 8890
395 4571 530 4658 Τούς
564 4597 623 4646 ἐν
654 4589 934 4662 Νυμφαίῳ
955 4606 970 4624 ο
1000 4590 1096 4643 καὶ
1137 4589 1348 4659 βραχὺν
1379 4586 1534 4655 βιοὺς
1566 4585 1757 4657 χρόνον

1310 4605 1348 4640 ιν
1379 4586 1534 4655 βιοὺς
1566 4585 1757 4657 χρόνον
1793 4571 1832 4621 θ
1865 4587 1957 4659 ubi
1989 4596 2076 4641 sat
2108 4586 2257 4642 brevi
2288 4595 2534 4656 tempore
2562 4599 2859 4657 superstes.

394 4685 628 4756 Ἀπῆλθε
661 4688 798 4754 πρὸς
831 4682 1036 4754 Κύριον
1059 4677 1302 4733 ἐκλιπὼν
1330 4677 1446 4749 βίον
1465 4690 1483 4706 ⁸

394 4779 563 4845 Ἀναξ
587 4775 790 4845 ἀγαθὸς
818 4777 915 4829 καὶ
945 4773 1254 4846 στρατηγὸς
1292 4767 1558 4840 γεννάδας

390 4873 532 4942 Πρὸς
560 4873 714 4954 δυσὶν
744 4869 1012 4942 ἑξήκοντα
1040 4869 1246 4941 βιώσας
1279 4868 1395 4938 ἔτη,

405 4965 495 5029 Ἐξ
523 4959 601 5018 ὧν
635 4962 878 5034 κατῆρξε
907 4963 1044 5032 πρὸς
1075 4965 1372 5033 τριάκοντα
1397 4958 1546 5029 τρία.

234 5059 360 5114 8895
407 5059 562 5112 Ἐπεὶ
593 5059 640 5112 δ’
668 5057 1008 5127 ἑτετρύχωτο
1037 5055 1252 5126 χαλεπῇ
1283 5053 1448 5123 νόσῳ,

389 5145 770 5213 Ἐπιπολάζων
801 5148 914 5211 τοῖς
953 5147 1141 5210 τόποις
1172 5141 1240 5217 ἦν
1265 5142 1586 5214 Νυμφαίου,

392 5239 554 5292 Κατά
581 5237 926 5308 διαστήματα
953 5237 1182 5305 πάσχων
1205 5233 1300 5289 τοῦ
1335 5235 1533 5304 χρόνου
1557 5248 1574 5268 ο

399 5331 489 5384 Ἐν
520 5331 770 5401 παλατίῳ
800 5330 1008 5398 διάγων
1040 5331 1148 5400 γάρ
1178 5327 1291 5382 ἔσθ’
1317 5327 1406 5382 ὅτε

393 5422 516 5478 Ἐπὶ
545 5423 733 5494 κλίνης
759 5423 992 5485 ἄναυδος
1017 5416 1089 5493 ἦν
1119 5419 1455 5492 ἐρριμμένος
1477 5434 1494 5450 ·

229 5510 355 5566 89θο
405 5515 597 5569 Ἐνίοτ“
625 5513 783 5577 αὖθις
815 5513 1049 5584 ἱππότης
1074 5511 1418 5582 δεδειγμένος

409 5607 780 5661 Ἐκινδύνευεν
810 5608 1072 5660 ἐκπεσεῖν
1100 5606 1434 5675 ἐφεστρξδος,

404 5701 464 5753 Εἰ
492 5699 567 5771 μὴ
598 5697 1037 5768 παριππεύοντες
1067 5696 1311 5766 ἀντεῖχον
1337 5696 1446 5749 νέοι
1470 5712 1485 5726 ο

395 5789 527 5848 Εἶτα
559 5791 840 5853 καθεστὼς
873 5791 934 5844 τὸ
968 5791 1225 5860 φρόνημα
1261 5788 1578 5858 λαμϐάνων,

395 5885 569 5954 Βάδην
601 5882 846 5952 ὑπῆρχεν
877 5885 955 5947 είς
998 5881 1194 5951 δόμους
1226 5881 1584 5950 ὗποστρέφων

1867 4686 2056 4748 postea
2085 4678 2374 4734 defunctus
2413 4681 2478 4734 ad
2511 4679 2798 4734 Dominqu
2834 4681 3008 4738 abiit:

1870 4781 1958 4820 rex
1992 4782 2125 4822 sane
2156 4770 2328 4822 bonus
2357 4779 2412 4824 et
2447 4768 2602 4824 fortis
2635 4771 2953 4838 imperatur,

1865 4857 2024 4913 anuis
2053 4858 2262 4914 duobus
2296 4874 2460 4931 supra
2495 4863 2778 4932 sexaginta

1866 4949 2023 5015 vixitg
2056 4950 2109 5004 in
2145 4952 2373 5022 imperio
2406 4954 2630 5025 triginta
2666 4956 2860 5010 tribus.

1865 5038 1917 5093 is
1945 5049 2232 5110 postquam
2265 5058 2484 5113 gravem
2523 5045 2711 5100 incidit
2741 5047 2791 5101 in
2822 5049 3094 5115 morbum,

1865 5132 2011 5186 circa
2050 5133 2328 5206 Nymphzei
2365 5137 2569 5208 regiam
2602 5138 2889 5194 diversam

1863 5237 1931 5278 ex
1967 5225 2252 5282 intervallo
2287 5227 2570 5284 deficiebat
2596 5231 2801 5286 animo.

1869 5314 2146 5372 Interdum
2178 5321 2324 5374 enim
2361 5323 2412 5375 iu
2447 5321 2648 5392 palatio
2682 5323 2884 5393 degens

1860 5407 2075 5481 loquela
2118 5412 2172 5466 in
2209 5413 2350 5468 lecto
2385 5429 2580 5471 carens
2612 5416 2997 5472 recumbebat:

1857 5504 2129 5560 interdum
2170 5507 2334 5562 etiam
2365 5509 2617 5578 equitaus
2648 5509 2699 5562 in
2737 5510 2980 5580 publico,

1859 5596 2119 5668 lapsurus
2145 5611 2263 5654 erat
2302 5617 2536 5658 cernuus
2568 5601 2820 5672 ephippio

1866 5692 1920 5745 ni
1949 5683 2324 5762 atiequitantes
2358 5694 2735 5750 subvenissent
2766 5701 3034 5763 juvenes:

1855 5789 1912 5834 et
1943 5798 2065 5836 mox
2102 5792 2338 5851 erectus,
2366 5785 2557 5853 spiritu
2593 5798 2832 5855 recepto,
2991 5780 2996 5781 ν

1861 5876 2235 5932 revertebatur
2267 5877 2492 5948 pedibus
2519 5880 2571 5934 in
2609 5883 2834 5952 regiam,
