3922 6514
207 473 304 535 337
1629 457 1756 523 12.1%:

1629 457 1824 523 CJ‘ISA
1838 457 1888 516 ll
1898 455 1999 515 ES.

401 584 585 657 Δῃῶν,
614 582 838 655 ἑρημῶν
868 581 965 636 οὐκ
990 581 1152 650 ἔληγε
1181 579 1411 634 καθόλου

403 676 516 729 Καὶ
545 658 767 746 τῇ’κατ’
808 674 972 728 αὑτδν
1001 672 1318 740 προστιθεὶς
1354 669 1574 738 ἐξουσίᾳ.

239 767 369 822 9195
407 765 579 818 Ὅθεν
622 765 883 835 στρατιάν
919 764 1111 834 ἱκανὴν
1151 760 1455 830 ἀποκρίνας

413 847 516 919 Ἦς
545 853 772 926 ἡγεμὼν
796 857 929 916 παῖς
962 852 1238 922 Θεόδωρός
1273 869 1356 912 τις
1388 850 1560 912 νόθος.

407 947 551 1011 Πρὸς
579 946 646 1000 τὰ
679 947 924 1014 Βοδηνῶν
956 943 1351 1009 ἐξαποστέλλει
1385 941 1451 1012 μέ
1463 957 1551 1012 ρηο

411 1040 482 1091 Ἦ
529 1038 824 1109 Ῥωμαϊκῷ
858 1036 1198 1107 συντυχοῦσά
1223 1052 1324 1089 που
1367 1035 1566 1103 στίφει,

408 1129 711 1200 Ἦττησεν,
741 1129 1035 1182 έσκέδασεν
1057 1127 1189 1182 αὐτὸ
1215 1126 1435 1198 ῥαδίωςο

241 1221 392 1285 9Ξο0,
415 1223 480 1273 Ὀ
502 1222 671 1290 γνοὺς
690 1219 910 1292 Μιχαὴλ
938 1218 1301 1287 Παλαιολόγος
1327 1219 1447 1271 τόδε

411 1313 584 1383 Ἀνὴρ
616 1313 892 1383 μαχητὴς,
927 1312 1214 1381 γεννάδας,
1263 1309 1580 1380 Ῥωμαλέος

419 1405 509 1468 Ὠς
543 1401 688 1476 εἶχεν
720 1403 1012 1474 ἐξώρμησε
1039 1403 1161 1457 κατ’
1190 1404 1504 1457 ἀντιπάλων
1532 1419 1545 1431 ·

415 1498 526 1548 Καί
560 1513 684 1548 τινα
711 1495 788 1566 τῷ
820 1495 1006 1566 δόρατι
1034 1495 1244 1565 πλήξας
1299 1495 1561 1564 ἱππότην,

411 1587 543 1659 (Ἶίν
574 1590 620 1643 δ’
653 1591 764 1660 ἄρα
795 1590 1075 1660 Θεόδωρος
1109 1591 1239 1652 παῖς
1271 1589 1632 1649 άποστάτου),

245 1680 375 1736 9205
413 1681 505 1743 Εἰς
534 1681 646 1750 γῆν
676 1681 1096 1750 καταϐέϐληκεν
1124 1680 1184 1748 ἐξ
1208 1681 1542 1750 ὲφεστρίδος.

423 1773 482 1827 ’0
511 1773 558 1827 δ’
601 1769 667 1827 αὖ
694 1774 968 1844 Κομνηνῷ
991 1773 1360 1844 προσδραμὼν
1387 1774 1658 1843 ἠντιϐόλει

409 1862 567 1932 Ζωῆς
597 1879 656 1916 τε
688 1864 850 1933 χάριν
884 1865 980 1917 καὶ
1018 1862 1196 1933 ψυχῆς
1219 1862 1582 1933 πεφιλμένης,

414 1954 523 2006 Καὶ
546 1951 876 2024 συμπαθοῦς
904 1953 1066 2024 ἔτυχε
1097 1952 1432 2025 συγγνώμης
1461 1956 1607 2009 τότε.

415 2046 566 2114 Πλὴν
594 2047 844 2116 ἠγνοεῖτο
868 2045 954 2110 τίς
983 2044 1091 2118 ἆρα
1117 2049 1212 2099 καὶ
1258 2047 1545 2116 τυγχάνει’

254 2139 382 2193 9210
417 2138 510 2207 Τῷ
535 2153 623 2190 τοι
662 2138 1033 2209 παραδίδωσιν
1062 2139 1360 2207 φυλάσσειν
1390 2139 1637 2211 Τούρκῳ.

427 2227 484 2281 Ὀ
507 2229 568 2282 δὲ
606 2228 674 2282 αὖ
718 2228 934 2298 φονεύει
961 2227 1060 2282 καὶ
1095 2230 1463 2300 παραπέμπει
1497 2231 1670 2302 μόρῳ.

421 2318 589 2372 Τουτὶ
621 2319 720 2389 μὲν
746 2319 890 2374 οὕτω
915 2321 1138 2390 Μιχαὴλ
1176 2322 1504 2391 δεδραμένος

420 2409 524 2462 Σὺν
550 2412 669 2472 τοῖς
688 2408 734 2464 δ’
763 2410 854 2480 ὑφ’
877 2411 1041 2465 αὑτὸν
1073 2412 1317 2481 άρεῖκοῖς
1349 2410 1578 2480 ἀνδράσι

423 2500 817 2567 Παφλαγονίαν
854 2501 1094 2572 πατρίδα
1118 2502 1505 2572 κεκτημένοις,

256 2589 387 2645 9215
423 2591 665 2654 Πολλοὺς
697 2591 795 2660 μὲν
822 2591 986 2662 ἔργον
1015 2591 1324 2663 εἰργάσατο
1352 2590 1445 2643 τοῦ
1475 2591 1680 2657 ξίφους⁴

423 2683 610 2746 Ζωοὺς
648 2683 707 2738 δὲ
732 2685 1068 2755 συνέσχηκεν
1099 2685 1302 2738 εἴκοσιν
1330 2682 1494 2736 πάλιν

430 2773 674 2843 Ἀνδρας
701 2776 940 2844 τιμίους,
976 2775 1264 2844 ἑγκρίτους
1296 2773 1598 2844 ἀποστάτῃ.

425 2865 620 2919 Ταῦτα
659 2865 758 2935 μὲν
787 2866 930 2919 οὕτω
960 2866 1306 2936 συμϐέϐηκεν
1335 2863 1408 2926 ὡς
1435 2863 1592 2933 ἔφην·
1700 2901 1702 2903 μ

225 3013 239 3030 ἱ
439 2955 498 3010 ’0
532 2956 761 3028 Μιχαὴλ
791 2957 1466 3027 Βουλγάρωνάρχηγέτης,

262 3043 393 3100 ‘rliO
436 3049 531 3111 '0;
565 3049 634 3118 δὴ
663 3049 1088 3116 γυναικάδελφος
1105 3043 1174 3119 ἦν
1203 3047 1491 3118 βασιλέως,

446 3138 682 3209 Ἐχθρὸς
711 3139 758 3193 δ’
780 3138 1046 3202 ἄσπονδος
1077 3139 1328 3192 Αὐσόνων
1353 3139 1683 3209 κραταρχίᾳ,

431 3231 578 3300 Πρὸς
614 3230 962 3299 Καλλιμάνου
986 3230 1209 3301 καιρίαν
1245 3229 1578 3302 βεϐλημένος

435 3319 902 3392 Πρωτεξαὸέλφου
938 3319 1270 3390 προηενοῦς
1298 3322 1623 3393 πεφυκότος,

442 3411 744 3483 Ἐξαπινης
769 3411 1036 3482 τέθνηκεν
1065 3410 1302 3466 ἐκλιπὼν
1334 3413 1470 3480 φάος
1494 3429 1508 3443 ·

264 3501 396 3560 9ἳ25
429 3496 503 3556 Ob
524 3505 600 3573 τῇ
629 3504 855 3573 γυναικὶ
882 3503 1180 3573 συναφθεὶς
1212 3504 1580 3574 Καλλιμάνος,

438 3595 666 3659 ἐδοξεν
695 3594 870 3664 ἀρχὴν
909 3594 1240 3665 προσλαϐεῖν
1271 3594 1366 3646 καὶ
1419 3593 1763 3664 Βουλγάρων.

444 3686 614 3742 Ἀλλὰ
655 3687 855 3748 Ῥῶσος
885 3681 1058 3754 Οὗρος
1087 3684 1186 3756 μὲν
1220 3686 1294 3748 ώς
1318 3685 1596 3758 Θυγατέρα

434 3779 598 3836 Μετά
619 3779 878 3848 στρατιᾶς
914 3765 1212 3845 συμπεσὼν
1243 3776 1672 3847 προσλαμϐάνει·

434 3871 731 3924 Φονεύεται
763 3870 819 3922 δὲ
852 3867 1196 3939 Καλλιμάνος
1217 3867 1566 3938 Βουλγάροις.

274 3963 402 4019 9250
436 3965 690 4036 Ἐρημον
719 3962 914 4016 οὐκοῦν
947 3961 1169 4032 γνησίου
1206 3962 1449 4030 διαδόχου

451 4054 702 4126 ’Υπῆρχε
731 4054 917 4106 λοιπὸν
948 4053 1006 4106 τὸ
1039 4053 1239 4124 κράτος
1265 4052 1376 4113 τοῖς
1411 4050 1767 4119 Βυυλγάροις·

455 4146 598 4200 Ἀλλ’
629 4150 678 4199 οἱ
709 4147 840 4215 παρ’
873 4146 1060 4207 αὐτοῖς
1094 4143 1336 4213 ἔγκριτοι
1371 4141 1702 4212 Βουληφόρει

464 4241 517 4292 ’Δ
531 4240 820 4308 ρχηγετεῖν
849 4237 1140 4291 τάσσουσιν
1171 4235 1345 4305 ἀρχῆς
1378 4233 1703 4303 Βουλγάρων

444 4334 639 4401 Τείχου
672 4330 762 4383 τὸν
796 4330 919 4381 Υἱδν
943 4327 1033 4380 τὸν
1073 4328 1237 4381 καλὸν
1267 4328 1699 4379 Κωνσταντίνον·

287 4426 418 4481 9235
466 4427 556 4502 Ὡς
583 4424 650 4477 ἂν
681 4422 738 4476 δὲ
776 4422 870 4474 καὶ
904 4421 1103 4486 δόξειεν
1139 4421 1203 4472 ὲκ
1240 4418 1571 4488 κληρουχίας

445 4518 537 4579 Εἰς
572 4512 936 4586 βουλγαρικὸν
986 4510 1384 4580 ὲγκαΘεστάναι
1417 4509 1629 4579 θρόνον,

462 4610 731 4685 Ἐρίτιμοι
763 4609 1041 4677 πέμπουσι
1077 4599 1336 4675 πρέσϐεις
1365 4601 1693 4670 Βουλγάρων

449 4705 595 4774 Πρὸς
629 4700 722 4752 τὸν
757 4697 1068 4768 κρατοῦντα
1099 4695 1377 4766 Θεόδωρον
1406 4695 1663 4756 Αὐσόνων

448 4795 572 4849 ἰνα
601 4793 847 4863 συναφθῇ
877 4791 954 4861 τῷ
985 4790 1179 4859 Ἱέἰχου
1208 4787 1607 4856 Κωνσταντίνῳ

277 4889 414 4945 9280
452 4889 664 4958 Εἰρήνη
695 4885 889 4957 πρώτη
910 4882 1067 4936 τοῦδε
1097 4881 1205 4935 τῶν
1235 4880 1578 4950 θυγατέρων,

463 4980 630 5034 ’Δσάν
652 4978 963 5051 κρατάρχου
995 4974 1320 5044 Βουλγάρων
1350 4968 1466 5027 οὖσ’
1489 4971 1707 5038 ἑιγγόνη⁰

455 5075 524 5127 "A
559 5072 655 5124 καὶ
688 5072 918 5140 περατοί
947 5069 1043 5120 σὺν
1070 5065 1349 5136 προθυμίᾳ
1378 5062 1622 5133 κράτωρ.

462 5164 623 5218 Ἐπεὶ
649 5161 694 5217 δ’
723 5165 752 5218 ὁ
770 5163 965 5231 Τείχου
993 5156 1062 5231 ἦν
1089 5159 1232 5229 έχων
1253 5156 1556 5228 ὁμευνέτιν,

453 5259 672 5327 Ταύτην
693 5257 1070 5322 διαζεύξαντες
1100 5251 1294 5324 ἀνδρὸς
1323 5255 1559 5323 ἀνόμως,

279 5349 418 5404 9245
459 5351 554 5413 El;
585 5349 837 5420 φυλακὴν
864 5347 1146 5416 πέμπουσι
1171 5345 1247 5414 τῷ
1275 5345 1622 5417 στεφηφόρῳ.

455 5443 611 5496 Μετὰ
638 5441 695 5493 δὲ
719 5439 893 5493 ταῦτα
918 5435 1282 5508 χαλεπωτάτῃ
1310 5435 1450 5503 νόσῳ

458 5533 778 5605 Περιπεσὼν
803 5534 982 5594 ἔκειτο
1008 5530 1327 5599 κρατάρχης
1357 5526 1535 5597 κλίνῃ⁶

468 5625 532 5679 Ἦ
563 5627 606 5679 δ’
636 5622 702 5697 ἦν
722 5625 1075 5694 ἁνιάτρευτος
1103 5619 1559 5689 Ἀσκληπιάδαις,

461 5719 568 5771 Καὶ
627 5715 777 5786 σφῶν
829 5716 1044 5786 τέχναις
1102 5713 1392 5782 ἄκαμπτος
1447 5711 1556 5764 οὐδ’
1598 5711 1822 5763 εἴκτιυσά

1654 5799 1813 5863 Ῐπως.

289 5903 425 5959 9250
469 5901 961 5970 Τοίνυνὰπογνοὺς
995 5901 1088 5955 καὶ
1115 5898 1361 5964 διαγνοὺς
1399 5897 1472 5962 ὠς
1500 5897 1637 5958 δέον,

1798 575 1837 627 Α
1872 575 2089 643 despota
2123 571 2330 626 damnis
2364 565 2662 637 omnigenis
2699 560 2953 618 faciendis

1794 650 1813 670 ’
1863 679 1917 722 et
1944 683 2052 721 sua}
2076 665 2267 720 ditioni
2310 656 2829 741 teriis_snhigendis.

1866 758 2001 814 Nam
2031 762 2348 824 comparato
2381 752 2572 806 idoneo
2601 746 2865 804 exercitu.

1866 866 2027 922 quem
2055 849 2220 905 notho
2245 846 2357 901 {ilio
2393 841 2676 897 Theodoro
2701 837 2939 897 tradidit,

1866 941 2026 1012 jussit
2054 939 2311 994 invadere
2338 934 2678 992 Bodenorum
2715 944 2898 998 agrum
2927 944 2938 980 :

1872 1043 2036 1102 atque
2068 1029 2142 1085 ibi
2181 1037 2394 1083 nostras
2425 1039 2562 1096 quas
2589 1021 2810 1077 otfendit
2837 1018 3025 1088 copias

1871 1124 2021 1188 vicit,
2052 1120 2310 1190 dispersit
2341 1117 2484 1173 facili
2513 1116 2743 1184 negotio.

1874 1212 2104 1268 Michael
2135 1225 2194 1266 re
2227 1209 2438 1280 cognita
2473 1205 2804 1271 Palaeologns

1873 1306 2102 1361 bellator
2131 1304 2234 1368 vir,
2269 1298 2666 1370 magnanimus,
2704 1293 2880 1354 fortis.

1877 1400 2106 1465 abrupta
2138 1409 2286 1450 mora
2313 1392 2561 1451 hostibus
2591 1386 2831 1442 occurrit
2860 1403 2872 1438 :

1875 1499 1931 1545 et
1963 1488 2250 1556 quemdam
2279 1485 2433 1539 hasta
2468 1481 2704 1550 equitem
2734 1488 3046 1545 percussum

1879 1583 2021 1651 (erat
2053 1581 2099 1635 is
2129 1578 2270 1633 illius
2301 1574 2490 1646 perﬁdi
2523 1571 2862 1632 Theodorus)

1880 1673 2030 1730 lmmi
2063 1671 2291 1742 projecit
2321 1667 2571 1737 ephippia
2609 1663 2914 1732 depulsum.

1881 1765 1974 1820 Ille
2002 1761 2264 1819 Comneni
2296 1758 2610 1832 provolutus
2639 1755 2866 1826 genibus

1881 1857 2046 1910 vitam
2080 1852 2305 1924 rogabat
2334 1850 2435 1906 sibi
2465 1854 2837 1911 conservaret,

1884 1960 2048 2016 reque
2075 1945 2189 2014 ipsa
2227 1943 2440 1999 veniam
2478 1941 2658 1994 mitem
2696 1934 3024 2003 impetravit,

1885 2051 2194 2108 quanquam
2227 2035 2342 2106 ejus
2375 2034 2553 2103 ignota
2591 2029 2834 2086 conditio
2866 2035 3025 2090 erat;

1885 2131 2178 2200 Turcasque
2206 2127 2411 2184 homini
2443 2124 2812 2180 custotiendns
2844 2119 3093 2180 traditur,

1884 2227 1973 2297 qui
2007 2226 2261 2281 miserum
2297 2221 2566 2292 captivum
2604 2217 2787 2287 gladio
2822 2214 3064 2285 perimit.

1885 2321 2063 2389 Atque
2099 2317 2238 2371 hanc
2267 2314 2546 2368 victoriam
2581 2308 2804 2365 Michael
2836 2306 3068 2378 patravit

1886 2407 2271 2464 Mavortiorum
2302 2418 2441 2475 quos
2471 2403 2698 2457 ducebat
2735 2400 2966 2454 militum

1886 2513 2051 2566 opera
2084 2509 2236 2561 usus,
2271 2494 2442 2566 patria
2473 2492 2902 2562 Paphlagonum.

1893 2588 1953 2644 Et
1991 2589 2188 2644 multos
2217 2586 2434 2657 quidem
2478 2583 2756 2640 interemit
2786 2581 2993 2644 hostes,

1891 2691 2155 2748 praeterea
2182 2680 2370 2750 viginti
2408 2678 2561 2734 vivos
2590 2676 2735 2746 cepit

1895 2772 2039 2828 viros
2063 2769 2301 2839 insignes
2331 2769 2398 2823 de
2428 2765 2643 2821 rebellis
2677 2764 2821 2818 aula.

1892 2865 2067 2933 Atque
2103 2863 2245 2918 hunc
2271 2861 2520 2930 praedicta
2557 2873 2642 2913 res
2675 2857 2876 2912 exitum
2912 2850 3117 2915 habuit,

1897 2952 2128 3009 Michael
2161 2961 2338 3007 autem
2368 2951 2718 3021 Bulgarorum
2753 2946 3022 3010 dominus,

1895 3047 2050 3118 cujus
2081 3060 2236 3102 soror
2265 3044 2465 3100 Caesari
2501 3050 2665 3110 nupta
2699 3050 2838 3100 erat,

1899 3138 2069 3193 nostri
2099 3134 2416 3205 fmdil‘ragus
2445 3132 2614 3188 hostis
2645 3131 2881 3199 imperii,

1821 3255 1868 3316 ο
1897 3243 1929 3286 a
1965 3227 2290 3284 consobrino
2324 3239 2423 3281 suo
2452 3222 2754 3278 Callimano

1901 3318 2181 3376 mortifero
2215 3326 2437 3386 repente
2471 3327 2760 3384 percussus
2796 3308 3015 3365 vulnere

1898 3413 2064 3468 vitam
2099 3426 2221 3467 cum
2256 3416 2428 3465 morte
2461 3406 2645 3462 statim
2680 3402 3031 3456 emnmutavit
3063 3416 3081 3456 :

1900 3506 2053 3576 cujus
2081 3517 2249 3558 uxore
2280 3501 2440 3557 ducta
2477 3498 2814 3553 Callimanus

1901 3597 2048 3650 visus
2072 3604 2155 3650 est
2186 3608 2406 3663 regnum
2438 3592 2684 3648 obtinere
2713 3588 3072 3653 Bulgaricnm.

1904 3686 2011 3744 Sed
2041 3687 2183 3758 regis
2213 3699 2368 3741 socer
2397 3697 2692 3739 accurrens
2725 3696 2845 3734 cum
2875 3679 3116 3733 exercitu

1904 3781 2084 3836 Rosus
2115 3779 2256 3836 Urus
2289 3776 2452 3830 tiliam
2488 3789 2639 3830 suam
2673 3772 2867 3840 recipit
2898 3791 2911 3824 :

1905 3871 2336 3940 occiditurquea
2371 3865 2615 3935 Bulgaris
2649 3863 3002 3920 Callimanus.

1905 3961 2132 4029 Jamque
2156 3958 2379 4013 carebat
2407 3968 2722 4012 successore
2751 3952 2992 4021 legitimo

1909 4053 2207 4124 Bulgarica:
2243 4049 2548 4120 reipublicae
2581 4061 2780 4100 vacans
2813 4046 3059 4096 thronus.

1910 4148 2001 4202 sed
2040 4145 2328 4214 optimates
2358 4142 2535 4211 gentis
2565 4153 2628 4194 ac
2664 4146 2943 4193 Srnalot'cs

1911 4238 1976 4292 ad
2009 4236 2359 4306 Bulgarorum
2404 4234 2655 4288 thronum
2689 4231 3018 4284 advocarunt

1912 4331 2188 4400 egregium
2222 4327 2377 4382 Tichi
2418 4326 2584 4382 lilium
2614 4307 3053 4378 Constantinum.

1868 4465 1878 4475 .
1912 4424 2091 4489 Atque
2119 4427 2176 4474 ut
2205 4418 2444 4489 legitimo
2475 4412 2809 4471 successoris
2829 4411 2952 4478 jure

1917 4529 2138 4585 regnum
2167 4511 2320 4566 adire
2349 4509 2626 4564 videretur
2655 4504 3020 4572 Bulgarieum,

1847 4609 1889 4661 Π
1919 4607 1983 4658 ad
2009 4603 2377 4659 Romanorum
2409 4600 2674 4656 Carsarem
2702 4595 3044 4652 Theodorum

1815 4737 1818 4742 -
1917 4696 2076 4750 mittit
2111 4703 2332 4750 senatus
2362 4691 2689 4761 legationem
2721 4692 2912 4756 petens

1918 4801 1974 4842 nt
2004 4789 2326 4859 jungeretur
2354 4787 2497 4841 dicto
2534 4780 2890 4839 Constantino

1918 4881 2066 4936 lrene
2099 4881 2204 4934 lilia
2238 4879 2472 4933 Caesaris
2503 4883 2629 4930 natu
2671 4874 2863 4946 major,

1916 4987 2034 5040 qua!
2061 4969 2258 5023 Asanis
2283 4968 2427 5038 regis
2458 4966 2667 5037 Bulgari
2704 4946 2875 5034 neptis
2902 4972 3039 5018 erat.

1917 5063 1985 5118 Et
2013 5062 2193 5116 Caesar
2227 5072 2410 5114 noster
2441 5075 2553 5113 rem
2583 5059 2814 5112 libenter
2845 5057 3056 5110 annuit.

1918 5153 2052 5208 Tum
2086 5153 2211 5222 quia
2240 5151 2354 5222 jam
2384 5150 2742 5209 Constantino
2771 5163 2906 5202 uxor
2935 5159 3074 5210 erat,

1921 5247 2056 5298 hanc
2079 5258 2108 5298 a
2137 5258 2235 5298 suo
2261 5245 2378 5296 viro
2407 5243 2736 5297 abstractam
2771 5240 2957 5294 illicite

1924 5332 2230 5400 imperatori
2261 5330 2670 5384 custodiendam
2708 5328 2947 5382 mittunt.

1923 5425 2104 5480 Morbo
2135 5431 2252 5490 post
2287 5422 2399 5498 haec
2433 5431 2714 5490 correptus
2744 5417 3064 5488 gravissimo

1922 5521 2101 5572 (lat-sar
2126 5515 2440 5570 Theodorus
2470 5512 2756 5566 tenebatur
2787 5511 2964 5572 lectu;

1923 5620 1970 5663 et
2009 5609 2081 5661 ttil
2111 5607 2372 5659 medendo
2405 5602 2759 5672 proﬁciebant
2785 5602 2998 5660 medici,

1926 5714 2094 5754 artem
2131 5697 2474 5766 Hippocratis
2500 5701 2789 5764 superante
2821 5695 3028 5748 IttOl‘lm.

1926 5895 2100 5956 Quare
2129 5903 2221 5957 spc
2251 5856 2370 5939 vitm
2398 5884 2693 5952 prudenter
2721 5877 2923 5952 abjecta

3327 432 3431 494 338
