3922 6516
321 445 426 508 341
1763 430 1870 490 ΟιῈ

1763 429 1962 490 C.’ESA
1977 429 2016 484 ll
2029 427 2135 486 ES.

356 558 499 613 9300
537 550 634 611 Ὧν
668 555 886 626 πρῶτος
918 555 1064 624 ὑπῆν
1092 554 1368 625 Γεὼργιος
1408 551 1707 617 Μουζάλων

539 649 1044 718 Πρωτοϐεστιάριος
1084 647 1163 701 ὢν
1192 647 1295 718 τὴν
1327 646 1506 711 ἀξίαν.

388 772 418 780 -~
549 740 708 794 Ἀλλὰ
744 743 986 811 τριταῖος
1012 739 1228 793 οὐδέπω
1261 739 1397 808 πρὸς
1426 737 1501 808 τῷ
1529 738 1686 807 τάφῳ

542 833 765 884 Ἒκειτο
799 833 990 902 νεκρὸς
1016 832 1248 894 ἄνακτος
1277 830 1614 899 τεθειμένος,

545 925 652 977 Καὶ
684 923 844 976 πάντ’
875 923 1078 992 ἀναμὶξ
1122 923 1298 992 μεστά
1348 940 1405 976 τε
1439 923 1760 992 τρικυμίας,

361 1017 510 1072 9505
546 1017 636 1078 El;
665 1015 773 1084 γὰρ
806 1014 1141 1083 Σωσάνδρων
1170 1015 1270 1084 τὴν
1311 1012 1477 1084 μονὴν
1501 1012 1818 1081 ἀφιγμένων

547 1106 665 1158 Τῶν
701 1108 758 1158 ὲν
790 1106 936 1157 τέλει
969 1121 1026 1156 τε
1051 1105 1144 1157 καὶ
1179 1105 1612 1174 στρατευμάτων
1647 1103 1870 1172 στίφους

560 1197 647 1257 Ὠς
678 1199 744 1252 ἂν
771 1198 923 1251 ὁσίαν
955 1197 1088 1250 θῶσι
1117 1195 1422 1266 τεθνηκότι,

559 1293 682 1354 Τοῖς
714 1289 1063 1361 κασιγνήτοις
1087 1290 1386 1360 συμπαρῆν
1412 1288 1506 1342 καὶ
1527 1289 1849 1354 Μουζὰλων.

553 1388 658 1442 Καὶ
683 1386 783 1454 τῆς
806 1384 1116 1456 φρικώδους
1147 1383 1338 1449 θυσίας
1371 1385 1732 1454 τελουμένης,

366 1481 511 1535 9510
550 1479 851 1542 Μουζάλων
890 1477 1197 1547 παρίστατο
1241 1478 1339 1530 σὺν
1386 1478 1688 1546 ὁμογνίοιςο

559 1570 699 1626 Ἀλλ’
730 1572 777 1624 of
803 1570 1096 1640 γερουσίας
1129 1587 1188 1622 τε
1219 1571 1316 1623 καὶ
1342 1569 1450 1623 τῶν
1478 1571 1536 1622 ὲν
1565 1569 1706 1623 τέλει

554 1663 1026 1734 Συσπειραθέντες
1057 1662 1258 1725 πάντες
1285 1663 1365 1726 είς
1391 1663 1716 1733 ὁμαιχμίαν,

563 1751 651 1819 Ὠς
676 1758 856 1826 ἄγριοι
884 1756 1051 1826 θῆρές
1087 1772 1147 1809 τε
1170 1758 1264 1810 καὶ
1292 1756 1658 1826 βροτοκτόνοι,

565 1845 686 1902 Ἐπὶ
721 1847 893 1919 μονὴν
926 1850 1125 1919 ἦλαντο
1155 1849 1256 1918 τὴν
1289 1847 1619 1918 σεϐασμίαν,

371 1940 517 1995 9315
568 1941 1007 2010 Ῥινηλατοῦντες
1033 1940 1335 2010 ἐκλαφύξαι
1363 1942 1460 1994 σὺν
1495 1940 1587 2012 βίᾳ

560 2032 1068 2104 Πρωτοϐεστιάριον
1098 2033 1196 2086 σὺν
1227 2031 1567 2102 ὁμαιμόνοις·

562 2121 665 2172 Σὺν
695 2122 1052 2191 κασιγνήτοις
1082 2119 1384 2186 Μουζαλων
1410 2118 1738 2192 ᾐσθημένος,

563 2213 748 2266 Ἕνδον
776 2214 1062 2285 τραπέζης
1086 2212 1368 2281 παναγοῦς
1404 2211 1681 2265 ὑπεισέδυ.

574 2303 713 2356 Ἀλλ’
737 2306 787 2358 οί
813 2309 1000 2378 μιαροὶ
1033 2306 1123 2359 καὶ
1147 2303 1359 2375 φονικοὶ
1387 2305 1514 2366 τοὺς
1542 2305 1778 2374 τρόπους

379 2391 523 2448 9330
567 2395 697 2449 Ποσὶ
732 2396 984 2467 βεϐήλοις
1031 2397 1420 2468 εἰσδραμόντες
1448 2396 1651 2460 εὐθέως

576 2493 668 2553 Εἰς
709 2493 860 2560 ίερὰν
887 2491 1167 2562 τράπεζαν
1195 2490 1540 2561 ίλαστηρίου,

565 2581 868 2653 Ξιφηφὸροι
897 2599 956 2634 τε
998 2582 1094 2634 καὶ
1138 2580 1314 2651 θυμοῦ
1352 2581 1744 2647 πεπνευκότες,

571 2675 674 2727 Φεῦ
713 2675 968 2738 ἀσεϐείας
995 2673 1333 2744 βαρϐαρικῆς
1361 2674 1557 2743 μανίας
1583 2674 1596 2727 ί

571 2767 816 2839 Μεληδδν
846 2768 1174 2836 ἐκτέμνουσι
1207 2769 1333 2828 τοὺς
1374 2766 1674 2830 ἀναιτίους,

386 2861 532 2933 9525
572 2860 762 2913 Καίτοι
789 2859 1057 2929 διαθήκης
1096 2875 1156 2912 τε
1187 2859 1280 2912 καὶ
1310 2857 1419 2910 τῶν
1449 2858 1650 2928 ὁρκίων

576 2951 799 3021 Τρανῶς
830 2969 891 3004 τε
921 2951 1111 3018 σαφῶς
1159 2951 1589 3022 ἀνεγνωσμένων
1640 2951 1822 3025 τρίτου

590 3041 712 3093 Ἐπὶ
740 3039 1031 3109 γερουσίας
1055 3056 1114 3092 τε
1146 3039 1240 3092 καὶ
1277 3041 1728 3112 στρατευμάτων,

581 3135 690 3184 Καὶ
723 3132 896 3185 τοῖσδε
933 3132 1130 3195 παντὸς
1172 3131 1432 3201 ἐμμένειν
1457 3135 1761 3204 εἰρηκότος·

579 3226 729 3279 Μετὰ
766 3225 822 3278 δὲ
857 3225 1013 3294 τήνδε
1047 3225 1145 3295 τὴν
1175 3225 1356 3296 κακὴν
1386 3226 1740 3296 φονουργίαν,

392 3319 540 3374 9350
575 3319 641 3370 Οἵ
665 3319 714 3386 γ’
740 3321 796 3370 ὲν
825 3319 967 3370 τέλει
990 3334 1049 3369 τε
1087 3319 1178 3371 καὶ
1217 3318 1442 3388 λοχαγοὶ
1470 3319 1794 3389 ταγμάτων,

583 3416 794 3485 Κλῆρος
831 3415 1174 3484 πατριάρχης
1197 3432 1256 3468 τε
1289 3417 1384 3468 σὺν
1420 3413 1742 3484 ἀρχιθύταις

582 3508 1080 3578 Συνεισδραμόντες
1103 3510 1179 3570 είς
1215 3507 1345 3576 μίαν
1387 3505 1728 3576 συμφωνίαν,

581 3598 777 3667 Σκέψιν
806 3599 1018 3652 ἐτίθουν
1046 3600 1392 3669 πραγμάτων
1420 3597 1617 3651 κοινῶν
1646 3597 1834 3666 χάριν,

586 3693 678 3754 Τίς
723 3691 790 3744 ἂν
815 3691 1179 3760 κυϐερνήσειε
1214 3691 1690 3763 προσδεδεγμένος

445 3783 551 3836 ῖὸὄ
590 3783 698 3853 Τῆς
744 3781 1058 3852 Ῥωμαῖκῆς
1087 3783 1289 3836 ὁλκάδα
1331 3783 1691 3853 κραταρχίας·

601 3873 996 3926 Ἐπυνθοὶνοντο
1020 3874 1308 3943 τοιγαροῦν
1339 3875 1480 3928 κατὰ
1504 3875 1634 3945 γένη

591 3967 696 4017 Καὶ
727 3967 869 4018 κατὰ
901 3964 1056 4028 τάξιν
1093 3965 1298 4028 πάντες
1337 3966 1386 4017 οἱ
1413 3967 1520 4019 τῶν
1542 3968 1599 4019 ὲν
1632 3965 1797 4018 τέλει.

592 4057 698 4111 Καὶ
735 4056 974 4109 πλείοσιν
1007 4052 1131 4128 ἧνή
1163 4057 1304 4128 ῥοπὴ
1343 4059 1435 4110 καὶ
1465 4059 1665 4128 καρδία

611 4147 738 4198 Ἐπί
772 4149 1056 4218 Κομνηνδν
1087 4147 1307 4217 Μιχαὴλ
1338 4147 1630 4218 τεταμένη.

408 4239 558 4294 95ίο
602 4238 767 4290 Ὅθεν
791 4239 843 4291 τί
877 4241 1118 4308 μακροὺς
1149 4241 1230 4292 δεῖ
1259 4240 1545 4308 περιάγειν
1573 4239 1806 4306 κύκλους
1834 4259 1846 4306 ;

604 4333 914 4403 Χειρίζεται
941 4333 1004 4400 δὴ
1038 4332 1137 4401 τὴν
1164 4332 1428 4404 διοίκησιν
1454 4334 1592 4386 ὅλων

599 4427 706 4479 Καὶ
747 4427 1072 4496 Ῥωμαϊκῶν
1108 4427 1452 4495 πραγμάτων
1495 4426 1593 4497 τὴν
1631 4426 1888 4496 φροντίδα

607 4515 774 4580 Οὗτος
808 4517 1025 4590 Μιχαὴλ
1054 4518 1432 4586 Παλαιολόγων
1463 4520 1677 4588 γένους,

602 4612 938 4682 Δραστήριὸς
967 4628 1051 4674 τις
1079 4610 1173 4662 καὶ
1200 4609 1456 4678 πεφυκὼς
1486 4609 1620 4678 πρὸς
1653 4608 1794 4672 τόδε,

416 4705 567 4758 95ζῦ
608 4699 758 4762 Εἶδος
788 4700 1108 4770 προδεικνὺς
1137 4698 1286 4762 ἄξιον
1310 4697 1649 4769 τυραννίδος,

610 4795 914 4864 Βλοσσυρὸν
941 4789 1072 4864 ἦθος
1102 4793 1195 4845 καὶ
1221 4791 1486 4844 λεόντειον
1533 4792 1732 4859 φέρων,

607 4887 836 4956 Φρικτδς
871 4889 968 4957 μὲν
998 4887 1230 4956 ἐχθροῖς,
1264 4885 1474 4954 ἥμερος
1501 4883 1542 4934 δ’
1575 4883 1860 4949 ὑπηκόοις,

621 4981 791 5045 Ἀναξ
820 4981 1075 5051 ἀριστεὺς
1106 4980 1200 5030 καὶ
1243 4975 1546 5043 στρατηγὸς
1582 4971 1862 5040 γεννάδας,

619 5074 815 5144 Πρῶτα
845 5075 943 5142 μὲν
971 5070 1188 5138 ἀξίωμα
1213 5065 1393 5121 λαϐὼν
1420 5066 1702 5135 δεσπότου,

429 5170 581 5224 9530
622 5169 776 5222 Μετὰ
807 5169 862 5220 δὲ
899 5168 1090 5237 μικρῆν
1123 5163 1436 5223 ταινιωθεὶς
1465 5159 1541 5228 τῷ
1577 5156 1760 5225 στέφει

622 5261 758 5329 11αρ⁹
789 5259 1086 5328 ἁρχιθύτου
1123 5255 1263 5308 κατὰ
1293 5253 1391 5322 τὴν
1417 5249 1689 5304 Νικαέων.

625 5349 793 5415 Οὗτος
820 5350 1081 5411 Λατίνους
1110 5331 1386 5412 ἐξελαύνει
1417 5342 1674 5412 πατρίδος

622 5448 732 5516 Τῆς
747 5443 1173 5512 ,Κωνσταντίνου
1212 5438 1480 5511 βασιλίδος
1504 5434 1732 5497 ἀστέων,

639 5537 1036 5608 Ἐλευθερώσας
1063 5534 1221 5604 τήνδε
1245 5531 1490 5586 Λατίνων
1522 5527 1665 5597 βίας.

445 5633 592 5690 9535
633 5633 780 5703 Τιμᾷ
814 5630 856 5684 δ’
888 5629 1114 5697 ἀδελφὸν
1155 5623 1440 5695 Κομνηνὺν
1462 5621 1716 5684 Ἰωάννην

631 5726 709 5792 Τῇ
745 5719 1244 5791 σεϐαστοκράτορος
1270 5715 1430 5777 εὐθὺς
1455 5712 1602 5782 ἀξίᾳ,

639 5815 915 5884 Ἔκδημον
940 5812 1067 5866 δντα
1095 5813 1208 5872 τοῖς
1239 5807 1361 5862 καθ’
1389 5807 1631 5874 ἑσπέραν
1652 5806 1834 5866 τόποις
1861 5819 1874 5834 ο

647 5909 882 5975 Ἀλέξων
905 5907 962 5961 δὲ
995 5901 1474 5967 Στοατηγόπουλον
1505 5899 1667 5953 πάλιν

1929 553 1976 606 Α
2008 561 2237 615 quorum
2270 542 2531 611 Georgius
2560 537 2769 592 Mundo
2800 533 3006 604 primus
3029 536 3137 583 er.'t

2009 637 2401 707 protovestiarii
2437 645 2560 690 tunc
2591 635 2792 687 honore
2822 629 3072 696 fungens.

2011 734 2117 788 Sed
2150 732 2294 787 enim
2334 729 2562 783 necdum
2595 726 2829 778 triduum
2862 727 3136 789 peractum
3180 726 3290 768 erat

2006 841 2071 880 ex
2099 839 2205 894 quo
2232 824 2527 893 imperator
2565 816 2768 882 tumulo
2790 812 3024 884 jacebat,

2007 919 2226 988 jamque
2253 913 2558 982 mstuabaut
2588 907 2764 963 omnia
2806 914 3059 972 tanquant
3093 913 3258 952 mare.

2009 1011 2254 1076 Namque
2287 1006 2354 1060 ad
2389 1001 2696 1058 cmnobium
2733 996 3049 1054 salutarium
3079 999 3372 1058 martyrum

2011 1102 2314 1176 progressis
2343 1095 2756 1167 magistratibus
2786 1099 2950 1160 atque
2981 1087 3219 1142 exercitu

2012 1209 2071 1251 ut
2102 1192 2332 1266 principi
2363 1191 2616 1245 defuncto
2646 1185 2788 1255 iusta
2818 1182 3112 1246 solverent,

2014 1291 2221 1346 Muzalo
2248 1301 2456 1356 quoque
2487 1297 2610 1337 cum
2646 1278 2918 1348 germanis
2951 1275 3118 1330 venit.

2015 1384 2148 1438 Dum
2181 1396 2311 1450 ergo
2341 1393 2492 1432 sacra
2525 1373 2830 1430 celebratur
2859 1371 3050 1434 missa,

2014 1475 2292 1530 Muzalone
2323 1485 2442 1525 cum
2473 1467 2732 1522 fratribus
2763 1463 3043 1522 adstante,

2013 1587 2079 1624 en
2117 1577 2396 1632 senatores
2422 1563 2622 1630 aliique
2655 1557 3004 1626 magistratus

2012 1657 2410 1726 conspiratione
2433 1650 2671 1706 unanimi
2698 1647 2950 1708 conflata,

2013 1768 2111 1808 ccu
2146 1745 2451 1803 furibunda:
2482 1742 2607 1796 ferae
2633 1749 2796 1806 atque
2821 1732 3104 1789 homicida:

2017 1843 2072 1897 in
2104 1845 2352 1894 sanctum
2379 1832 2580 1889 cursim
2613 1830 2824 1884 irruunt
2851 1821 3157 1880 coenobium

2021 1933 2091 1988 ob
2121 1927 2471 1985 lacerandum
2500 1920 2746 1977 violentis
2773 1915 3044 1986 unguibus

2023 2038 2146 2078 cum
2175 2021 2290 2076 suis
2320 2014 2594 2086 germanis
2622 2007 3097 2081 protovcstiarium
3123 2020 3138 2055 :

2023 2117 2114 2187 qui
2147 2129 2206 2168 re
2233 2109 2524 2170 intellerta,
2557 2107 2657 2160 sub
2687 2101 2892 2173 asylum
2927 2113 3142 2153 sacrum

2023 2221 2221 2263 mensae
2251 2199 2606 2259 sanctissime
2637 2195 2825 2264 raptim
2862 2190 3239 2260 confugerunt.

2026 2300 2223 2354 Verum
2257 2296 2468 2354 scelesti
2500 2292 2572 2348 illi
2602 2301 2653 2344 et
2681 2285 3014 2356 sanguinarii

2030 2390 2249 2462 pollutis
2277 2386 2499 2456 pedibus
2531 2381 2805 2452 penetrale
2829 2375 3056 2446 ingressi

2031 2495 2207 2551 usque
2237 2481 2303 2535 ad
2330 2493 2441 2532 ara:
2472 2475 2710 2546 pacifica:
2740 2484 2985 2525 mensam
3016 2477 3249 2523 sacram,

2031 2571 2298 2634 districtis
2329 2570 2523 2639 gladiis
2553 2563 2752 2634 turgidi
2788 2561 2991 2624 furore,

2034 2667 2156 2719 hem
2188 2669 2384 2717 tetrum
2419 2656 2632 2713 scelus!
2669 2656 2788 2708 hem
2821 2650 3022 2705 rabiem
3058 2639 3436 2703 barbaricam!

2036 2753 2307 2810 frustatim
2334 2750 2529 2821 gladiis
2559 2748 2877 2800 innocentes
2906 2741 3134 2797 caedunt.

2035 2844 2152 2901 Etsi
2182 2857 2449 2913 suprema:
2485 2837 2676 2893 tabulae
2707 2846 2786 2890 ter
2810 2836 3024 2888 fuerant

2035 2952 2158 2994 cum
2188 2931 2512 2990 sacramenti
2544 2925 2772 2983 formula
2801 2923 3061 2995 praelecta:

2038 3041 2221 3084 coram
2252 3034 2442 3080 senatu
2475 3031 2529 3076 et
2557 3034 2738 3075 coram
2765 3013 3117 3077 exercitibus,

2040 3121 2131 3191 qui
2164 3135 2220 3175 se
2253 3120 2304 3174 in
2334 3115 2594 3184 obsequio
2623 3113 2736 3167 fore
2768 3107 2949 3164 cuncti
2985 3107 3255 3160 dixerant.

1965 3232 2008 3292 ε
2041 3214 2170 3268 Post
2194 3212 2333 3266 hanc
2360 3208 2644 3264 scelestam
2680 3210 3044 3276 perpetratam
3081 3198 3303 3253 caedem.

2043 3305 2228 3361 civiles
2262 3303 2604 3374 magistratus
2629 3307 2682 3352 et
2709 3299 2871 3350 duces
2903 3292 3153 3356 militum,

2045 3401 2225 3454 clerus
2251 3412 2372 3452 cum
2404 3393 2718 3464 patriarcha
2754 3388 2983 3457 aliisque
3008 3382 3302 3455 episc0pis,

2045 3491 2110 3546 ad
2138 3491 2286 3560 regni
2315 3486 2478 3542 veluti
2507 3494 2767 3542 coeuntes
2798 3480 3040 3544 comitia,

2047 3584 2114 3638 de
2138 3579 2449 3650 reipublicae
2477 3591 2686 3632 summa
2718 3573 3118 3636 deliberabant,

2047 3673 2299 3744 quisnam
2327 3669 2579 3725 videlicet
2609 3667 2661 3721 in
2690 3664 2952 3721 demortui
2983 3663 3100 3718 loco

2053 3765 2282 3822 Romani
2314 3763 2524 3833 imperii
2567 3774 2755 3814 navem
2787 3758 2941 3813 clavo
2974 3763 3222 3823 regeret:

2049 3871 2105 3914 et
2133 3857 2462 3924 rogabantur
2490 3850 2757 3906 nobilium
2793 3847 3078 3904 sententiae

2052 3964 2148 4021 per
2175 3945 2416 4016 singulas
2446 3941 2683 3998 familias
2709 3954 2910 4011 perque
2937 3937 3179 3990 ordines.

2054 4045 2132 4097 Ac
2163 4037 2540 4109 suffragiorum
2579 4048 2710 4090 sane
2743 4032 2918 4098 major
2945 4042 3203 4084 numerus

2053 4133 2389 4189 Comnenum
2412 4123 2730 4197 designabat
2759 4119 3098 4176 Michaclem.

2055 4227 2163 4282 Cur
2193 4239 2321 4294 ergo
2355 4221 2526 4290 longis
2555 4219 2796 4275 differam
2817 4231 2928 4271 rem
2973 4207 3349 4267 sermonibus?

1978 4363 1982 4368 .
2059 4316 2156 4372 Rei
2187 4316 2414 4386 publica:
2442 4313 2703 4368 univcrszc
2727 4308 3068 4364 moderamen

2058 4409 2395 4478 Romanique
2436 4405 2646 4478 imperii
2674 4419 2802 4459 cura
2833 4404 3063 4457 traditur

2063 4500 2189 4555 huic
2229 4498 2472 4554 Michaeli
2512 4507 2670 4567 gente
2704 4495 3001 4564 Palmologo
3033 4511 3047 4548 :

1983 4589 2034 4649 D
2063 4593 2150 4657 qui
2181 4591 2266 4646 vir
2292 4600 2412 4646 erat
2439 4589 2628 4644 efficax
2660 4598 2712 4642 ct
2741 4588 2814 4642 rei
2860 4587 3106 4650 idoneus,

2062 4683 2306 4753 corporis
2338 4683 2565 4738 formam
2596 4696 2758 4748 regno
2817 4678 3032 4748 dignam
3074 4690 3309 4744 gerens;
3375 4723 3386 4734 .,

2065 4791 2252 4830 severo
2283 4789 2433 4828 more
2464 4782 2517 4828 et
2546 4773 2693 4825 vultu
2724 4771 3059 4833 truculento;

2068 4867 2314 4924 hostibus
2349 4865 2738 4928 formidandus,
2771 4863 2936 4918 comis
2967 4860 3196 4915 subditis
3233 4875 3248 4924 ;

2069 4962 2301 5030 optimus
2341 4959 2612 5030 princeps,
2652 4969 2705 5013 et
2733 4958 2890 5013 fortis
2932 4958 3248 5026 imperator.

2071 5054 2119 5109 Is
2139 5057 2313 5124 primo
2352 5053 2559 5122 accepit
2580 5053 2896 5123 dignitatem
2927 5052 3163 5117 despotac
3189 5068 3202 5102 :

2073 5147 2229 5216 paulo
2247 5155 2565 5215 postautem
2606 5145 2658 5198 iu
2701 5144 2832 5198 urbe
2863 5141 3079 5197 Nicmna

2075 5256 2101 5290 a
2134 5239 2440 5308 patriarcha
2480 5245 2766 5292 stemmate
2791 5246 2874 5290 est
2905 5235 3207 5289 redimitus.

2079 5331 2174 5386 llic
2210 5340 2312 5396 est,
2343 5331 2434 5400 qui
2473 5339 2655 5385 nostra
2695 5328 2867 5398 patria
2906 5326 3126 5379 Latinos
3151 5325 3376 5393 expulit,

2082 5425 2425 5494 regiuamque
2451 5423 2662 5498 urbium
2695 5417 3217 5486 Constantinopolim

2083 5517 2273 5570 Latino
2303 5516 2431 5585 jttgo
2461 5515 2681 5567 liberam
2715 5510 2964 5566 asseruit.

2084 5611 2130 5664 Is
2159 5609 2491 5662 Comnenum
2513 5604 2772 5659 Joannem
2801 5601 3016 5656 fratrem
3060 5617 3213 5676 suuzn

2085 5704 2288 5756 creavit
2329 5701 2444 5755 sine
2473 5713 2620 5751 mora
2655 5698 3165 5766 schastocratorcm,

2086 5810 2388 5864 quanquam
2420 5796 2694 5847 absentem
2734 5790 2783 5843 in
2822 5788 3093 5860 Hesperiis
3126 5791 3376 5860 partibus.

2091 5883 2523 5948 Stratcgnpulttttt
2558 5885 2774 5942 insuper
2797 5882 3038 5937 Alexium

3462 404 3562 464 35:?
