3922 6510
218 333 309 392 357

416 440 599 504 ὀσιος
629 439 790 511 ἀνὴρ,
816 440 1113 511 ὸρθοδόξων
1143 443 1453 515 προστάτης
1475 479 1490 505 ,

334 541 345 550 ⁸
413 533 616 586 ’οντιν’
650 533 957 603 ἅναθέματι
994 534 1067 605 μὴ
1099 535 1466 606 πεπεισμένον

415 624 834 678 Καθυποϐαλεῖν
855 625 1072 679 σύνοδον
1097 627 1414 696 τρισολϐίαν

420 718 508 770 Ἕν
531 717 839 787 Χαλκηδόνι
871 718 1288 772 συναλισθεῖσαν
1321 719 1491 772 πάλαι

239 810 367 865 9755
403 809 568 875 ’Δναξ
614 810 967 873 Ἀναστάσιος
997 811 1244 864 ἐκϐαλὼν
1279 811 1506 882 θρόνου,

407 900 630 970 Τίθησιν
661 901 940 972 ἐξόριστον
970 903 1142 972 ἀδίκῳ
1172 903 1320 976 δίκῃ*

427 990 810 1061 Ἀντικαθιστᾷ
837 990 879 1042 δ’
917 993 997 1054 εἰς
1029 992 1216 1062 θρόνον
1243 992 1572 1055 Βυζαντίδος

404 1081 620 1136 Σκευῶν
651 1083 825 1150 μέγαν
860 1083 1079 1152 φύλακα
1111 1067 1208 1154 τῆς
1250 1083 1584 1154 Ἐκκλησίας

404 1176 556 1229 Θεῖον
584 1176 924 1230 Μακεδόνων
953 1178 1015 1230 ὲκ
1045 1179 1459 1247 πρεσϐυτέρων

241 1267 371 1322 9760
411 1269 506 1320 Ὃν
532 1266 797 1337 ἀθετῆσαι
835 1268 1100 1338 μηδαμῶς
1130 1268 1409 1339 ᾑρημένον

402 1359 708 1430 Είρημένον
745 1360 998 1432 σύστημα
1026 1362 1241 1414 σεπτῶν
1273 1361 1533 1430 Πατάρων
1555 1400 1570 1425 ,

402 1451 494 1514 Et;
525 1449 768 1521 Εὐχάῖτα
799 1452 1096 1520 φυγαδεύει
1123 1453 1220 1522 τὴν
1250 1453 1430 1507 πόλιν.

406 1542 670 1612 Τιμόθεον
695 1543 740 1596 δ’
765 1543 959 1616 ἄτιμον
993 1545 1342 1617 ἐγκαθιδρύει
1365 1586 1380 1609 ,

401 1632 578 1701 Θύτην
616 1635 716 1704 μὲν
759 1635 922 1701 ὄντα,
970 1638 1359 1707 σκευοφύλακά
1387 1638 1432 1690 θ’
1470 1638 1586 1705 ἅμα

239 1723 368 1778 9765
415 1709 744 1801 ὁΕκκλησίας
783 1729 947 1798 πρὶν,
987 1729 1264 1798 αἱρετικὸν
1291 1729 1334 1782 δ’
1359 1723 1426 1782 αὖ
1457 1731 1620 1791 σέϐας
1641 1768 1654 1790 ,

412 1805 768 1888 Ὀρθόφροσιν
793 1820 956 1890 ἄχθος
981 1838 1032 1874 τι
1066 1822 1304 1890 φανέντα
1338 1820 1500 1890 μέγα.

403 1907 610 1962 Τούτου
640 1911 1121 1981 καταστρέψαντος
1151 1912 1354 1977 ἀθλίως·
1392 1912 1504 1981 βίον
1525 1952 1538 1974 ,

410 1999 664 2068 Ἰωάννης
696 2001 993 2070 σύγκελὶος
1020 2003 1136 2073 ἅμα
1166 2004 1260 2056 καὶ
1291 2003 1478 2072 θύτης,

406 2078 555 2166 Γένει
589 2093 969 2166 Καππαδόκης
991 2095 1073 2158 δὲ,
1101 2095 1373 2166 λαμϐάνει
1403 2096 1615 2165 θρόνονο

240 2179 366 2236 9770
406 2161 596 2251 Ούπερ
623 2180 1051 2252 τελευτήσαντος
1083 2185 1139 2235 ὲν
1176 2183 1475 2254 προεδρίᾳ,

409 2273 730 2342 Ἐπιφάνιος
764 2273 1012 2346 ἐμφανὴς
1041 2273 1116 2327 ὢν
1143 2276 1233 2327 τὸν
1266 2273 1382 2344 βίον

398 2366 780 2438 Πρεσϐύτερος
813 2367 1112 2436 σύγκελλος
1145 2369 1271 2438 ἔσχε
1302 2369 1390 2421 τὸν
1427 2368 1640 2438 θρόνον.

396 2459 602 2512 Τούτου
642 2457 896 2522 θανόντος
933 2461 1191 2531 Ἀνθιμος
1223 2462 1639 2531 Τραπεζοῦντος

414 2549 716 2620 Ἐπιϐάτης
752 2551 993 2604 δέδεικτο
1019 2553 1114 2606 τοῦ
1150 2552 1352 2606 σεπτοῦ
1383 2555 1572 2624 θρόνου
1595 2594 1610 2617 ,

241 2641 362 2698 9775
400 2642 596 2695 Νοσῶν
638 2643 884 2714 Σεϐἡρου
921 2645 1016 2697 καὶ
1053 2647 1346 2716 Διοσκόρου
1378 2647 1551 2711 νόσον,

402 2735 504 2786 Ὃν
546 2733 856 2803 Ἀγαπητὺς
894 2735 1136 2788 καθελὼν
1185 2736 1404 2807 Ῥώμης
1435 2740 1656 2804 πάπας,

397 2825 494 2888 Εἰς
526 2825 904 2896 ποιμενάρχην
935 2828 1036 2897 τῆς
1065 2827 1334 2898 βασιλίδος
1365 2831 1510 2900 χρίει

401 2917 597 2985 Μηνᾶν
623 2917 766 2988 λόγῳ
793 2917 1080 2988 λάμποντα
1110 2921 1203 2974 καὶ
1239 2922 1338 2992 βίῳ
1373 2923 1532 2977 πλέον

419 3009 748 3080 Ἐκκλησίας
773 3010 1042 3081 τρόφιμον
1069 3013 1201 3066 ὄντα
1233 3015 1328 3068 καὶ
1358 3013 1525 3087 θύτην

245 3098 367 3154 9780
415 3100 781 3172 Ἀλεξανδρέα
803 3141 818 3167 ,
850 3102 959 3155 τῶν
990 3104 1230 3174 Σαμψὼν
1258 3105 1554 3179 ξενοδόχον.

447 3189 592 3264 ὕπερ
625 3194 1060 3264 μεταλλάξαντος
1093 3198 1309 3268 εὐαγῶς
1345 3201 1459 3271 βίον

406 3286 675 3357 uocalis;
712 3303 794 3351 τις
823 3289 916 3364 καὶ
947 3290 1220 3362 μοναστὴς
1250 3294 1346 3345 καὶ
1375 3293 1542 3366 θύτης

400 3377 587 3448 Μονῆς
618 3379 746 3434 κατ’
789 3379 1088 3452 Ἀμάσειαν
1114 3383 1522 3455 εὐαγεστάτης,

401 3469 594 3536 Λόγων
637 3473 856 3543 ἑταῖρος
884 3474 1086 3544 ἀρετῆς
1113 3475 1162 3527 τ’
1192 3475 1261 3529 αὖ
1290 3477 1556 3548 ἐργάτης.

245 3560 372 3615 9785
409 3563 630 3634 Νομεὺς
657 3563 870 3632 ἀγαθὸς
903 3558 1054 3619 ὧπτο
1085 3567 1328 3637 Χριστοῦ
1360 3569 1717 3640 θρεμμάτων·

417 3655 540 3723 Ἐφ’
570 3648 633 3708 οὗ
665 3671 730 3724 γε
766 3659 1026 3728 πέμπτης
1055 3660 1275 3713 συνόδου
1303 3659 1446 3714 θεῖον
1481 3663 1669 3731 στῖφος

400 3746 600 3810 Καλῶς
629 3747 849 3802 άλισθὲν
882 3751 942 3804 ὲν
975 3749 1214 3820 βασιλίδι
1240 3751 1394 3806 πόλει

403 3839 659 3910 Στοιχοῦν
693 3841 961 3914 τετάρτης
992 3843 1210 3898 συνόδου
1241 3845 1408 3909 θείοις
1437 3847 1586 3918 ὅροις

403 3933 598 3997 Δύτοῖς
626 3951 689 4002 γε
723 3937 1124 4007 συγγράμμασι
1152 3939 1245 3992 τὸν
1267 3938 1552 4011 Ὠριγένην

247 4020 370 4076 9790
407 4021 637 4094 Τίθησιν
661 4027 1002 4096 ἐκκήρυκτον
1029 4027 1146 4099 ἅμα
1177 4029 1396 4100 Διδύμῳ

408 4116 516 4192 Καὶ
544 4116 821 4188 Θεόδωρον
845 4120 936 4172 τὸν
961 4121 1060 4190 τῆς
1088 4121 1490 4191 Μοψουεστίας.

416 4209 763 4280 Ἐξωσμένου
789 4211 981 4282 θρόνου
1001 4215 1056 4266 δὲ
1082 4214 1226 4268 τοῦδ’
1257 4216 1520 4286 Εὐτυχίου

416 4301 534 4370 Ἐφ’
567 4296 740 4373 οὗπερ
769 4303 1028 4375 ὲξήλεγχε
1058 4306 1152 4359 τὸν
1182 4306 1408 4376 βασιλέα

408 4393 592 4460 Δόγμα
622 4395 890 4462 στυγητὸν
921 4397 1258 4466 κρατύνοντα
1287 4400 1382 4454 καὶ
1413 4401 1564 4456 νόθον

247 4478 369 4535 9795
409 4483 526 4536 Τῶν
548 4484 728 4554 σάρκα
746 4485 992 4557 φθαρτὴν
1017 4492 1092 4558 μὴ
1110 4487 1377 4558 λεγόντων
1399 4493 1548 4562 σχεῖν
1566 4493 1759 4560 Λόγον,

411 4577 768 4645 Σχολαστικός
797 4596 881 4643 τις
909 4580 1138 4651 εὐσεϐὴς
1173 4583 1428 4652 Ἰωάννης

407 4669 519 4736 Τῆς
560 4669 837 4739 Ἀντιόχου
872 4672 1158 4741 τυγχάνων
1190 4675 1494 4746 θυηπόλος,

413 4760 709 4830 Προεδρίαν
741 4760 932 4830 εἴληφε
963 4762 1064 4832 τῆς
1094 4764 1527 4824 Κωνσταντίνου.

415 4848 777 4919 Χρησαμένου
812 4850 954 4903 τέλει
983 4851 1040 4904 δὲ
1064 4853 1217 4907 τοῦδε
1246 4856 1338 4909 τοῦ
1375 4855 1488 4924 βίου
1520 4897 1533 4920 ,

249 4939 371 4993 9800
413 4941 521 4994 Καὶ
549 4939 710 4994 πάλιν
737 4941 1000 5012 Εὐτύχιος
1028 4944 1247 5014 εὐτυχεῖ
1275 4945 1483 5016 θρόνον.

409 5033 543 5086 Μεθ’
574 5032 633 5086 ὃν
665 5033 979 5103 καθωράῖσε
1011 5037 1107 5105 τὴν
1161 5037 1522 5108 Ἐκκλησίαν,

423 5121 584 5193 Ἀνὴρ
613 5125 1025 5194 χαριτώνυμος,
1058 5126 1236 5180 ὄλϐιον
1272 5132 1414 5199 κάρα
1433 5170 1449 5196 ,

411 5213 730 5285 Νηστευτῂς
761 5215 856 5267 τοὺ
869 5215 1122 5286 πώνυμον
1147 5217 1206 5281 ἐξ
1230 5219 1406 5289 ἔργων
1441 5221 1620 5291 φέρων

426 5305 752 5376 Ἐκκλησίας
780 5309 1046 5378 τρόφιμος
1073 5311 1150 5362 ὢν
1180 5314 1272 5365 καὶ
1300 5313 1550 5384 λευῖτης,

249 5395 375 5449 9803
416 5397 710 5467 Σύγκελλος
745 5402 900 5467 ἀξίαν
927 5402 984 5454 δὲ
1020 5405 1334 5473 Πνεύματος
1358 5406 1520 5476 δόμος
1544 5448 1558 5468 ,

421 5491 514 5552 ’ος
543 5491 856 5560 Μαυρίκιον
885 5498 1082 5547 ταινιοί
1111 5495 1348 5566 λαμπρῷ
1380 5499 1586 5566 στέφει.

417 5580 618 5634 Τούτου
648 5581 695 5634 δ’
733 5582 1101 5648 άναλύσαντος
1129 5589 1206 5650 εἰς
1237 5585 1414 5660 θείους
1443 5589 1638 5658 δόμους
1661 5630 1674 5652 ,

416 5675 692 5744 Κυριακός
728 5693 812 5741 τις
853 5680 1134 5749 οἰκονόμος
1161 5682 1254 5734 καὶ
1285 5681 1450 5752 θύτης

413 5767 545 5822 Θεοῦ
583 5769 831 5842 μεγάλης
861 5773 1026 5842 άγίας
1069 5775 1394 5842 Ἐκκλησίας
1417 5815 1429 5836 ,

1792 4453 1840 4512 D

1639 328 2012 389 C/ESARES.

1803 443 1846 496 Α
1879 436 1962 489 vir
1985 443 2204 491 sanctus
2239 442 2292 490 et
2317 443 2592 506 protector
2614 437 3036 492 orthodoxornm
3068 455 3082 493 :

1876 541 2041 595 quem
2077 537 2395 583 renuentem
2430 529 2662 583 subdere
2683 532 3012 585 anathemati

1875 618 2092 673 beatum
2128 619 2276 673 illum
2296 629 2497 674 ccettnn
2527 621 2902 692 episcOporum

1874 711 1962 782 qui
2000 711 2342 767 Chalcedone
2366 714 2492 766 olim
2524 723 2746 768 coactus
2792 717 2990 780 fueral,

1872 804 2055 858 Cmsar
2092 818 2122 857 e
2153 803 2281 857 sede
2301 803 2503 872 depulit
2530 807 2850 863 Anastasius

1871 904 2252 964 extorremque
2271 893 2397 949 fecit
2426 897 2603 952 edicto
2642 899 2828 968 iniquo
2856 919 2870 955 :

1871 987 2099 1056 ejusque
2130 986 2250 1042 loco
2275 990 2339 1042 ad
2367 991 2679 1044 cathedram
2709 991 2959 1062 Byzantii

1869 1079 2068 1133 extulit
2093 1094 2346 1149 maguum
2379 1079 2634 1138 Ecclesiae
2661 1087 3112 1157 scevophylaccm
3201 1103 3206 1106 ·

1871 1170 2052 1225 divum
2084 1169 2454 1226 Macedoniam
2487 1160 3026 1246 tunc'presbyterum
3048 1218 3062 1244 ,

1871 1280 2031 1333 quem
2061 1265 2186 1318 item
2223 1275 2537 1320 renuentem
2573 1266 2878 1323 valedicere

1870 1355 2129 1424 praedicto
2166 1355 2385 1411 Patrum
2416 1359 2578 1412 nobili
2611 1360 2842 1414 concilio

1871 1449 1936 1500 ad
1966 1446 2149 1500 urbem
2177 1447 2545 1504 Euchaiticam
2577 1451 2761 1506 Caesar
2797 1454 3001 1523 expulit
3042 1475 3056 1512 :

1871 1535 2322 1618 Timotheumque
2347 1541 2640 1618 ignobilem
2668 1544 2926 1608 obtrusit,
2984 1556 2994 1565 '

1870 1614 2207 1684 sacerdotem
2243 1614 2458 1700 quidem
2482 1643 2537 1688 et
2559 1633 3008 1707 scevopliylacem

1873 1717 2128 1774 El'ClCSliC
2149 1722 2376 1788 pridem,
2413 1725 2503 1778 sed
2534 1726 2720 1780 haeresi
2759 1728 3058 1796 pollutum:

1871 1811 1920 1864 id
1946 1813 2087 1879 quod
2123 1815 2403 1883 aegerrime
2435 1816 2667 1870 tulerunt
2701 1819 3013 1876 orthodoxi.

1865 1899 1991 1954 Post
2023 1900 2180 1968 hujus
2208 1913 2386 1957 antem
2419 1904 2687 1959 infelicem
2724 1907 2952 1971 obitum,

1866 1992 2134 2062 syncellus
2169 1993 2330 2046 simul
2376 2005 2424 2048 ct
2460 1999 2742 2066 presbyter
2773 1997 3016 2054 Joannes

1865 2085 2151 2154 Cappadox
2185 2096 2343 2155 gente
2364 2091 2544 2141 sedem
2568 2093 2878 2158 occupavit.

1866 2177 1994 2232 l‘ost
2021 2192 2181 2246 quem
2207 2179 2441 2247 pastoris
2475 2179 2524 2233 in
2561 2197 2785 2236 munere
2823 2183 3154 2251 defunctum,

1863 2269 2163 2339 Splendidis
2190 2270 2444 2342 praeditus
2475 2271 2803 2344 Epiphanius
2840 2280 3080 2334 moribus

1867 2365 2146 2435 presbyter
2180 2375 2233 2418 et
2265 2367 2535 2436 syncellus
2565 2368 2632 2422 ad
2657 2370 2838 2422 sedem
2873 2374 3046 2426 venit.

1870 2456 1981 2511 lloc
1999 2472 2216 2526 quoque
2245 2465 2478 2524 mortuo,
2510 2458 2900 2528 Trapezuntius
2923 2463 3212 2523 Anthimus

1866 2549 2050 2604 sedem
2091 2550 2490 2605 sanctissimam
2509 2551 2698 2618 jussus
2731 2563 2814 2609 est
2835 2557 3227 2620 censcenderc.

1867 2654 2182 2707 quanquam
2214 2640 2417 2694 Severo
2449 2643 2663 2696 deditus
2699 2653 2752 2697 et
2787 2644 3046 2700 Dioscoro
3076 2664 3088 2700 :

1865 2746 1971 2799 quo
2002 2743 2178 2785 tamen
2226 2731 2498 2802 Agapetus
2533 2733 2712 2790 Romae
2743 2753 2882 2806 papa

1867 2832 2256 2888 exauctorato,
2290 2824 2416 2877 fecit
2458 2827 2824 2893 patriarcham

1867 2913 2115 2968 Mennam
2143 2915 2570 2970 Alexandrinum
2597 2917 2846 2971 facundia
2870 2918 3078 2974 clarum

1868 3005 2148 3074 magisque
2180 3007 2438 3072 moribus,
2473 3006 2752 3061 alumnum
2777 3010 3116 3065 sacerdotem

1792 3116 1834 3173 ε
1871 3097 2141 3164 Ecclesiae,
2169 3101 2509 3156 xenodochio
2543 3101 2853 3169 pra-fectum
2880 3102 3220 3173 Santpsonir.

1870 3191 1986 3258 Quo
2008 3192 2094 3262 pie
2120 3193 2399 3246 tnortalem
2435 3195 2715 3249 deserente
2736 3199 2925 3259 vitam,-

1870 3283 2163 3354 Entychius
2193 3285 2412 3354 quidam
2442 3287 2742 3342 monachus
2769 3296 2823 3341 et
2849 3290 3111 3347 sacerdos

1868 3392 1930 3430 ex
1959 3379 2231 3431 Amaseno
2250 3377 2611 3438 sanctissimo
2641 3381 2890 3434 coenobio

1868 3470 2075 3548 .‘tl’tllClls
2109 3468 2436 3534 litterarum,
2474 3470 2689 3524 virtutis
2718 3483 2932 3538 auctor,

1866 3562 2164 3616 Christiani
2199 3561 2374 3616 bonus
2417 3573 2606 3632 pastor
2634 3565 2793 3619 ovilis
2821 3562 2943 3620 fuit.

1870 3653 1982 3708 Sub
2004 3668 2069 3708 eo
2095 3654 2294 3722 quinta:
2315 3655 2505 3724 synodi
2557 3655 2712 3710 divus
2739 3665 2916 3712 castus

1869 3746 2034 3815 regali
2072 3747 2124 3798 in
2148 3746 2282 3800 urbe
2316 3746 2416 3800 rite
2445 3757 2828 3816 congregatus,

1789 3883 1794 3889 .
1869 3838 2127 3891 insistens
2155 3846 2363 3906 quartae
2393 3837 2587 3906 synodi
2608 3838 2909 3893 canonibns

1867 3931 2108 4000 ipsisque
2141 3930 2380 4000 ejusdem
2416 3930 2688 3998 formulis,
2721 3931 3011 3997 Origenem

1865 4023 2024 4092 ejecit
2053 4022 2121 4075 ab
2149 4021 2410 4087 Ecclesia,
2440 4023 2706 4090 simulque
2739 4022 3046 4094 Di-Jymum,

1867 4127 1921 4168 et
1951 4116 2294 4170 Theodorum
2342 4114 2685 4184 Mopsuestia:
2723 4116 3059 4186 episeopnm.

1870 4209 2138 4280 Eutychio
2169 4217 2354 4277 postea
2379 4206 2637 4261 cathedra
2669 4206 2911 4276 depulso,

1865 4311 2150 4370 propterea
2180 4301 2321 4370 quod
2353 4301 2799 4369 reprehendisset
2829 4300 3122 4370 Caesarem,

1867 4397 1954 4461 qui
1982 4392 2174 4447 falsum
2209 4393 2400 4462 dogma
2428 4401 2482 4448 et
2501 4393 2797 4459 pessin‘ium
2830 4393 3048 4450 fovebat

1872 4487 1937 4538 de
1964 4483 2168 4540 Christi
2192 4485 2245 4537 in
2279 4492 2422 4538 terra
2453 4499 2616 4540 carne
2656 4485 3090 4556 incarruptibili;

1873 4575 2233 4630 scholasticus
2263 4574 2498 4631 Jonnnes
2528 4579 2690 4632 homo
2719 4578 2841 4648 pius

1871 4670 2206 4725 Antiochena
2241 4684 2302 4724 ex
2339 4671 2471 4725 urbe
2514 4680 2641 4726 tunc
2671 4672 2929 4728 sacerdos

1872 4762 2296 4830 patriarchalum
2329 4764 2459 4818 adiit
2491 4764 2869 4836 Byzantinum.

1873 4851 1976 4906 Sed
2007 4853 2094 4906 ubi
2129 4854 2174 4907 is
2205 4869 2418 4923 quoque
2442 4853 2561 4908 vitae
2596 4865 2794 4910 metam
2823 4858 3019 4928 attigit,

1873 4962 2062 5000 rnrsns
2092 4946 2390 5015 Eutycliius
2417 4946 2470 5001 in
2507 4948 2634 5003 sede
2666 4950 3040 5005 constituitur.

1869 5038 2000 5091 Post
2022 5053 2180 5106 quem
2213 5037 2462 5091 Ecclesia:
2491 5041 2800 5108 splendidus
2822 5041 2995 5094 illuxit

1869 5129 2099 5182 Joannes
2120 5129 2274 5192 alter,
2320 5131 2478 5182 homo
2507 5132 2871 5196 beatissimus,

1872 5223 2046 5272 dctus
2074 5233 2266 5272 verace
2297 5220 2448 5274 titulo
2471 5218 2770 5289 Jejnnator,

1869 5313 1960 5378 qni
2001 5311 2248 5365 Eci'lesia:
2282 5313 2532 5365 alumnus
2567 5312 2741 5366 fuerat
2771 5323 2824 5367 et
2865 5314 3020 5367 levita

1869 5405 2247 5474 syncellnsqnc
2271 5405 2442 5458 officio
2469 5405 2522 5458 in
2555 5409 2666 5459 a-de
2692 5407 2942 5474 Spiritus.

1872 5497 1969 5551 llic
2003 5498 2314 5550 Manricinnt
2349 5498 2617 5551 redimivit
2651 5508 2949 5551 stemmate.

1869 5592 2002 5643 Cum
2033 5600 2209 5642 autem
2248 5603 2470 5656 superas
2496 5588 2716 5642 adiisset
2753 5589 2928 5654 sedes,

1870 5687 2128 5754 ()yriacus
2162 5698 2475 5736 orconomus
2504 5693 2553 5734 ct
2593 5685 2844 5735 sacerdos

1876 5793 2079 5842 magum
2110 5787 2270 5842 atque
2300 5787 2498 5830 Sancta:
2527 5773 2619 5828 Dei
2652 5773 2902 5828 Ecclesia:

3335 331 3438 397 358
