3952 6512
1389 272 1452 295 ς.

437 405 542 472 38¹ί
1465 410 1895 477 TIIEOLEP'I‘I
1937 405 2680 481 PHILADEIPIIIENSIS
3570 398 3671 471 338

435 520 615 590 inqua
647 519 896 577 Christus
926 522 1168 590 habitat;
1198 526 1309 593 ipse
1335 526 1657 584 illuminabit
1688 543 1739 584 te
1791 533 1974 586 latitia

2075 580 2078 592 ι
2103 548 2198 610 τὰς
2220 546 2435 616 ὁμιλίας
2465 544 2574 596 τῶν
2601 543 2728 609 ἔξω,
2755 542 2846 594 καὶ
2887 540 3187 593 πύκτευσον
3223 536 3358 609 πρὸς
3383 540 3508 600 τοὺς
3562 541 3669 593 ἔσω

435 629 541 677 que
579 615 863 684 perfundet
911 625 1131 676 notione
1173 633 1228 675 et
1277 623 1588 681 visitatioue
1627 641 1750 691 sua,
1804 629 1978 683 cﬂlcie

2100 615 2416 708 λογισμοὺς,
2447 638 2639 708 μέχρις
2670 636 2736 689 ἂν
2761 635 2926 705 εὕρῃς
2958 633 3048 686 τὸν
3096 633 3260 686 τόπον
3286 633 3386 702 τῆς
3416 631 3668 703 καθαρᾶς

433 718 647 774 quoque
682 717 738 759 ιιι
766 708 1144 766 lribnlationes
1179 713 1230 766 iu
1272 731 1512 770 atnorem
1557 717 1676 785 ejus
1720 731 1980 788 suscepta:

2098 712 2422 802 προσευχῆς,
2449 728 2660 782 καὶτὸν
2690 723 2859 788 οἷκον,
2899 730 2954 780 ἔν
3011 719 3054 793 ᾧ
3101 725 3334 795 Χριστὸς
3381 729 3666 789 κατοικεῖ,

430 807 529 847 cett
581 799 826 862 gaudium
875 799 1158 883 habiturus
1205 805 1280 860 sis
1308 815 1359 860 et
1400 822 1429 860 a
1463 809 1753 864 mundanis
1793 809 1980 865 delicii:

2097 822 2346 890 φωτίζων
2377 821 2470 874 καὶ
2497 820 2806 888 γλυκαίνων
2841 837 2900 872 σε
2961 821 3027 890 τῇ
3084 817 3402 887 ἐπιγνώσει,
3455 822 3550 872 καὶ
3601 823 3664 890 τῇ

428 897 528 938 ceu
593 887 660 940 ab
718 889 993 947 absinthio
1030 893 1108 946 sis
1151 910 1487 954 recessurus.
1547 896 1781 968 Spiritus
1834 902 1980 954 mari:

2094 887 2378 983 ἐπισκέψει
2411 887 2598 974 αὑτοῦ,
2627 913 2722 964 καὶ
2775 887 3208 982 παρασκευάζων
3245 912 3346 971 τὰς
3379 910 3476 979 μὲν
3523 887 3664 980 ὑπὲρ

429 981 694 1034 suscitant
723 981 939 1051 fluctus,
977 998 1027 1040 et
1060 989 1112 1042 ni
1165 991 1464 1046 ceciderint
1499 995 1664 1068 venti,
1707 1007 1811 1048 non
1855 995 2003 1050 desi-

428 1078 554 1120 nunt
585 1069 777 1127 ﬂuctus
811 1090 908 1128 nec
934 1077 998 1129 ad
1029 1093 1283 1132 serenum
1329 1083 1555 1136 redeunt
1597 1084 1802 1148 maria;
1837 1084 1999 1153 spiri-

429 1169 512 1212 tus
540 1176 718 1216 autem
761 1166 980 1222 malitia:
1029 1169 1082 1223 in
1128 1172 1311 1226 anima
1347 1173 1562 1228 incauta
1589 1175 1828 1230 excitant
1863 1178 2001 1231 ima-

427 1251 580 1314 gines
629 1267 936 1322 parentum,
975 1258 1225 1324 fratrum,
1264 1249 1675 1331 coniunctorum
1700 1304 1717 1329 ,
1761 1281 1994 1321 consue-

427 1350 641 1407 torum,
697 1351 1064 1406 conviviorum
1097 1394 1113 1418 ,
1169 1353 1429 1408 festorum
1461 1394 1477 1418 ,
1545 1357 1881 1412 theatrorum
1941 1369 1997 1414 et

426 1433 667 1487 omnium
739 1438 1072 1508 voluptatum
1147 1446 1579 1512 phantasmata;
1659 1449 1984 1504 desiderium

427 1520 686 1577 indui-unt
723 1527 834 1581 haec
858 1532 1039 1585 omnia
1064 1544 1117 1587 et
1145 1535 1341 1600 oculis,
1374 1547 1428 1591 et
1451 1538 1654 1608 lingua,
1682 1550 1736 1595 et
1763 1557 1994 1612 corpore

423 1611 524 1664 sibi
575 1621 963 1686 comparandi,
1023 1639 1089 1678 eo
1143 1627 1247 1681 llue
1315 1639 1374 1682 ut
1423 1644 1746 1698 prtesentem
1805 1611 1992 1688 horam

421 1705 684 1773 depcrdas
743 1713 791 1763 iu
846 1716 1006 1771 rebus
1058 1718 1329 1785 inanibus,
1361 1730 1416 1777 et
1475 1725 1832 1795 subsequens,
1867 1744 1991 1783 cum

422 1795 642 1853 solusin
671 1800 859 1859 cellula
911 1807 1106 1874 fueris,
1148 1811 1200 1866 in
1241 1817 1618 1871 recordatione
1646 1819 1914 1873 dictorum
1938 1831 1992 1874 ct

424 1887 659 1946 visorum
703 1908 1029 1965 evanescat;
1085 1902 1155 1957 ita
1211 1908 1484 1961 monachi
1515 1909 1625 1962 vita
1673 1913 1993 1966 terminatur

425 1984 630 2049 absque
665 1988 900 2044 utilitate
931 2010 944 2045 :
979 1995 1268 2052 mundana:
1295 2002 1640 2068 operationes
1661 2018 1754 2072 per
1784 2019 1990 2059 memo-

423 2071 554 2128 riam
575 2085 857 2136 transeunt
874 2091 926 2138 et
945 2085 1143 2141 indicia
1165 2104 1261 2144 sua
1286 2091 1597 2163 relinquunt
1616 2071 1669 2148 in
1689 2097 1990 2166 intelligen-

423 2165 514 2230 tia,
537 2168 678 2223 sicut
707 2183 757 2226 et
783 2177 942 2243 pedes
967 2178 1202 2234 hominis
1238 2199 1332 2252 per
1347 2184 1521 2238 nivem
1548 2187 1864 2256 incedentis,
1890 2192 1990 2245 ibi-

417 2259 538 2312 dem
560 2266 782 2334 vestigia
801 2283 898 2322 sua
929 2270 1400 2340 imprcsseruntﬁi
1425 2278 1552 2332 feris
1572 2280 1767 2333 victum
1788 2283 1990 2350 praebe-

419 2368 555 2415 mus,
586 2362 844 2426 numquid
889 2362 1009 2417 illas
1035 2367 1403 2423 destruimns?
1441 2370 1498 2424 Si
1531 2373 1708 2428 verbis
1737 2385 1789 2428 et
1835 2377 1988 2432 factis

418 2443 759 2514 indulgemus
813 2451 1030 2506 insulsis
1065 2456 1324 2513 amicitiis
1368 2470 1423 2514 et
1469 2467 1985 2527 consuetudinibus.

417 2541 674 2606 numquid
730 2545 1238 2616 carnis-appetitum
1290 2555 1716 2614 mortiﬁcamus?
1757 2559 1987 2625 Quando

413 2639 598 2683 autem
644 2631 957 2696 inquisituri
1003 2655 1192 2697 sumus
1237 2647 1397 2700 vitam
1451 2666 1617 2718 quam
1683 2655 1983 2728 secundum

411 2719 687 2780 Christum
715 2744 906 2784 sumus
938 2733 1210 2799 professi?
1235 2737 1366 2804 Quae
1394 2755 1459 2796 ex
1497 2719 1819 2811 pedrbusiiu
1864 2750 1985 2800 nire

411 2827 702 2880 supersunt
746 2822 1009 2892 vestigia,
1059 2827 1140 2880 vel
1185 2829 1318 2885 solis
1378 2833 1546 2888 radiis
1587 2836 1673 2889 vel
1726 2837 1983 2892 imbrium

411 2908 566 2974 aquis
610 2909 993 2983 destruentur;
1042 2934 1164 2988 qua:
1213 2938 1340 2978 vero
1387 2927 1663 2982 memoria:
1706 2929 1985 2999 impressa

411 3008 540 3052 sunt
591 3001 858 3073 imagines
902 3023 971 3063 ex
1002 3011 1247 3080 jucuudo
1291 3019 1581 3072 verborum
1616 3030 1672 3074 et
1713 3019 1980 3078 factorum

413 3091 596 3146 habitu
623 3096 687 3149 ad
715 3099 943 3155 nihilum
975 3104 1310 3175 redigentur,
1349 3110 1395 3164 si
1425 3112 1677 3169 Christus
1715 3117 1765 3169 in
1805 3131 1984 3174 mente

2020 1868 2065 1926 Β

2091 1006 2252 1061 αὐτοῦ
2313 1004 2521 1074 θλίψεις
2577 1003 2830 1073 ἡγεῖσθαι
2882 1004 3076 1073 χαρὰν,
3132 1003 3234 1065 τὰς
3283 1001 3339 1055 δὲ
3387 1007 3664 1074 κοσμικὰς

2089 1099 2281 1166 ἡδονὰς
2327 1097 2581 1165 καθάπερ
2624 1111 2678 1148 τι
2743 1093 2990 1163 ἁψίνθιον
3057 1093 3130 1164 μὴ
3185 1095 3531 1164 προσίεσθαι.
3580 1095 3661 1147 Τὰ

2092 1188 2382 1259 πνεύματα
2433 1187 2533 1256 τῆς
2569 1186 2844 1254 θαλάσσης
2901 1185 3105 1254 ἐγείρει
3159 1184 3228 1237 τὰ
3255 1184 3494 1255 κύματα,
3564 1187 3662 1238 καὶ

2089 1281 2137 1334 εί
2167 1279 2242 1350 μὴ
2266 1279 2565 1332 παύσονται
2583 1279 2630 1332 οί
2667 1276 2880 1348 ἄνεμοι,
2925 1276 2988 1328 οὑ
3025 1276 3251 1340 κοπάζει
3302 1278 3370 1330 τὰ
3405 1277 3653 1348 κύματα,

2087 1371 2310 1443 καὶούχ
2333 1371 2678 1442 ήμεροῦταιή
2706 1369 2947 1422 θάλασσα
2968 1384 2982 1398 ”
3020 1369 3112 1420 καὶ
3142 1369 3210 1421 τὰ
3244 1368 3533 1440 πνεύματα
3552 1373 3653 1438 τῆς

2087 1460 2350 1530 πονηρίας
2410 1457 2760 1512 ἀνακινοῦσιν
2814 1459 2872 1510 ὲν
2937 1460 3001 1528 τῇ
3057 1456 3205 1529 ψυχῇ
3261 1456 3357 1509 τοῦ
3413 1457 3654 1527 άμελοῦς

2085 1551 2305 1620 μνήμην
2364 1551 2586 1619 γονέων,
2635 1548 2918 1615 ἀδελφῶν,
2977 1549 3290 1614 συγγενῶν,
3357 1547 3649 1616 συνήθων,

2084 1645 2427 1716 συμποσίων,
2478 1642 2860 1713 πανηγύρεων,
2905 1640 3169 1710 Θεάτρων,
3200 1639 3294 1692 καὶ
3340 1640 3452 1693 τῶν
3470 1639 3654 1696 ἄλλων

2087 1740 2309 1791 πάντων
2342 1737 2439 1806 τῆς
2474 1734 2670 1804 ἡδονῆς
2699 1731 3121 1803 φαντασμάτων,
3159 1733 3253 1784 καὶ
3282 1732 3654 1802 ὑπαγορεύου-

2083 1846 2168 1881 σιν
2223 1828 2366 1898 ὄψει,
2415 1827 2509 1880 καὶ
2551 1825 2786 1896 γλώττῃ,
2848 1825 2941 1877 καὶ
2986 1823 3200 1895 σώματι
3246 1823 3345 1895 τὴν
3397 1825 3653 1895 ἐντυχίαν

2081 1921 2373 1985 ποιεῖσθαι,
2399 1919 2485 1972 ἵνα
2521 1919 2616 1970 καὶ
2652 1917 2686 1987 ἡ
2719 1916 2996 1969 ἔνεστῶσα
3022 1916 3139 1986 ῶρα
3170 1915 3524 1969 ἀναλίσκεται
3543 1932 3652 1984 μα-

2081 2013 2268 2076 ταίως,
2303 2013 2397 2064 καὶ
2430 2013 2461 2080 ή
2493 2007 2747 2073 ἐπιοῦσα,
2782 2009 2947 2079 ἡνίκα
2975 2008 3135 2080 μόνος
3165 2009 3332 2080 μένῃς
3361 2007 3510 2060 ἔνδον
3549 2004 3648 2058 τοῦ

2079 2105 2313 2171 κελλίου,
2364 2105 2671 2158 δαπανᾶται
2697 2104 2755 2156 ὲν
2776 2104 2896 2165 ταῖς
2917 2102 3162 2173 μνήμαις
3199 2101 3308 2154 τῶν
3342 2099 3652 2153 θεαθέντων

2078 2201 2173 2252 καὶ
2223 2197 2596 2270 λαληθέντωνο
2641 2197 2736 2250 καὶ
2795 2196 2936 2248 οῦτω
2969 2193 3266 2265 ἁσυντελὴς
3319 2195 3496 2265 ήζωὴ
3552 2195 3654 2250 τοῦ

2081 2291 2318 2361 μοναχοῦ
2349 2288 2648 2352 διανύεται,
2677 2288 2760 2350 είς
2787 2285 3061 2356 κοσμικὰς
3104 2286 3370 2357 ἐργασίας
3394 2287 3492 2350 τὰς
3519 2289 3653 2341 ἔαυ-

2077 2383 2184 2434 τῶν
2215 2383 2436 2453 μνήμας
2459 2381 2762 2449 γλύφουσιν
2796 2381 2853 2432 ἔν
2883 2382 2947 2450 τῇ
2976 2379 3206 2450 διανοίᾳ,
3260 2379 3513 2449 καθάπερ
3552 2382 3656 2433 πό-

2075 2475 2166 2538 δες
2199 2473 2487 2544 ἀνθρώπου
2517 2473 2585 2525 τὰ
2641 2473 2746 2526 [δια
2777 2471 2900 2541 ἴχνη
2923 2471 2981 2523 ὲν
3015 2471 3154 2540 χιόνι
3192 2470 3524 2540 βαδίζοντες.
3584 2472 3654 2525 Εἰ

2078 2565 2274 2638 βρῶμα
2298 2566 2408 2628 τοῖς
2433 2565 2644 2635 Θηρίοις
2684 2563 3021 2634 παρέχομεν,
3085 2564 3213 2617 πότε
3258 2562 3657 2635 θανατώσομεν

2077 2660 2248 2723 αὐτάς
2276 2660 2368 2712 καὶ
2412 2660 2461 2711 εί
2492 2660 2550 2710 ὲν
2596 2656 2778 2727 ἔργοις
2826 2657 2922 2708 καὶ
2964 2655 3245 2726 λογισμοῖς
3287 2655 3390 2726 τῆς
3445 2658 3653 2724 ἀλόγου
3753 2651 3755 2653 ’

2077 2752 2264 2822 φιλίας
2321 2751 2418 2803 καὶ
2446 2749 2738 2821 συνηθείας
2764 2748 3182 2821 ἀδολεσχοῦμεν,
3212 2748 3340 2802 πότι
3372 2747 3472 2818 τῆς
3507 2765 3658 2819 capas

2079 2843 2176 2905 κδς
2209 2840 2562 2913 νεκρὼσομεν
2597 2840 2658 2894 τὸ
2682 2840 2967 2912 φρόνημα;
3022 2841 3152 2894 πότε
3202 2839 3270 2911 ἣν
3312 2841 3656 2911 ἐπηγγειλά-

2080 2932 2221 3004 μεθα
2247 2934 2391 2986 κατὰ
2420 2933 2656 3012 Χριστὸν
2687 2930 2832 3004 ζωὴν
2884 2933 3160 3004 ζήσομεν;
3199 2933 3258 2986 '0
3291 2933 3351 2986 ἔν
3373 2933 3514 3004 χιόνι
3558 2933 3654 2987 1'3-

2077 3041 2177 3083 πος
2203 3024 2312 3077 τῶν
2361 3024 2556 3087 ποδῶν,
2598 3024 2630 3093 ή
2665 3024 2980 3094 λάμψαντος
3019 3024 3172 3096 ήλίου
3228 3023 3435 3087 λύεται,
3470 3025 3504 3096 ἦ
3537 3044 3650 3080 κα⁹

2075 3115 2452 3186 ταῤῥαγέντος
2507 3115 2700 3178 ὓδατος
2750 3116 2988 3186 οῐχεται’
3040 3115 3134 3168 καὶ
3180 3116 3236 3168 αἱ
3280 3116 3654 3172 κοιλανθείσαι

412 3198 508 3251 per
560 3189 861 3246 orationem
919 3199 1151 3268 assurgit
1209 3212 1261 3256 et
1306 3201 1350 3257 si
1407 3218 1474 3259 ex
1533 3205 1698 3263 corde
1747 3211 1980 3268 contrito

2077 3206 2291 3276 μνῆμαι
2327 3208 2387 3259 ὲν
2431 3208 2499 3276 τῇ
2537 3205 2749 3276 διανοίᾳ
2777 3206 2842 3260 ἔκ
2882 3204 3165 3275 φιληδόνου
3209 3205 3504 3271 διαθέσεως
3547 3209 3653 3262 καὶ

411 3276 658 3336 deﬂuunt
695 3283 855 3339 rivuli
889 3287 1276 3360 lacrymarum.

480 3553 538 3609 Si
563 3558 861 3615 monachus
877 3574 936 3617 se
957 3577 1062 3619 non
1083 3565 1330 3624 rationali
1361 3571 1519 3626 modo
1540 3574 1697 3644 gerit,
1718 3581 1978 3649 numquid

407 3646 600 3703 insitas
627 3660 682 3704 et
709 3651 1002 3722 impressas
1034 3659 1318 3726 Opiniones
1351 3665 1543 3719 evellet
1565 3682 1630 3721 ex
1661 3646 1888 3726 animoi
1919 3673 1974 3728 ln

405 3747 637 3807 carpare
674 3751 766 3796 tuo
798 3745 1050 3814 perﬁcies
1080 3749 1310 3808 virtutes
1341 3754 1385 3810 si
1411 3757 1672 3813 saeculare
1709 3775 1979 3818 contineri

404 3831 548 3886 cium
592 3833 930 3905 deposueris.
975 3841 1137 3898 Bome
1187 3845 1494 3903 formantur
1537 3853 1891 3921 cogitationes
1925 3867 1980 3912 et

403 3925 570 3979 divini
639 3926 692 3982 in
730 3940 910 3986 mente
952 3932 1202 3989 habitant
1251 3953 1568 4007 sermones,
1609 3945 1654 3998 si
1702 3949 1976 4005 coutinuis

403 4020 652 4085 precibus
678 4021 865 4078 eﬂ'usis
899 4035 957 4079 cl.
985 4029 1153 4082 corde
1196 4033 1436 4087 contrito
1480 4036 1795 4092 memoriam
1829 4040 1976 4109 prio-

405 4124 521 4162 rum
551 4107 827 4168 actionum
857 4115 1141 4174 deleveris.
1173 4117 1324 4176 Fidei
1367 4123 1690 4182 illuminatio
1718 4107 1841 4196 quas
1881 4146 1976 4198 per

405 4203 832 4259 recordationem
861 4203 956 4263 Dei
982 4219 1240 4276 operatur
1269 4219 1324 4265 et
1356 4217 1616 4269 contritio
1645 4220 1845 4285 cordis,
1873 4236 1973 4275 noé

405 4295 608 4348 vaculae
638 4294 705 4348 ad
732 4299 924 4364 instar,
957 4301 1129 4354 malas
1157 4304 1512 4371 cOgitatioues
1561 4310 1840 4366 excidunt.
1887 4316 1968 4370 Ad

405 4387 587 4454 apium
639 4390 920 4457 exemplar
967 4389 1161 4448 facias.
1209 4397 1344 4449 Cum
1386 4413 1670 4468 vesparum
1710 4404 1969 4471 pullitiem

401 4480 950 4536 circumvolitantium
1009 4486 1269 4553 sentiunt,
1306 4501 1584 4545 remanent
1628 4494 1678 4546 in
1723 4495 1973 4553 alveariis

2070 3297 2182 3352 τῶν
2211 3283 2484 3370 πράξεων,
2514 3298 2620 3351 ὑπὸ
2646 3296 2886 3368 Χριστοῦ
2935 3296 3027 3350 τοῦ
3079 3297 3461 3362 ἀνατέλλοντος
3493 3301 3554 3353 ἔν
3575 3304 3651 3371 τῇ

2072 3392 2273 3464 καρδίᾳ
2325 3391 2413 3445 διὰ
2489 3392 2834 3461 προσευχῆς,
2910 3390 3007 3444 καὶ⁵
3069 3390 3171 3461 τῆς
3231 3391 3648 3446 εὐκατανύκτου

2073 3482 2272 3555 βροχῆς
2301 3483 2409 3536 τῶν
2435 3481 2685 3548 δακρύων
2712 3479 3145 3550 ἔξαφανίζονται.

2158 3586 2216 3639 '0
2265 3586 2396 3655 γοῦν
2455 3586 2530 3657 μὴ
2559 3585 2702 3640 κατὰ
2746 3584 2905 3653 λόγον
2937 3585 3650 3656 πράττων’μοναχὸς,.πότε

2073 3679 2174 3742 τὰς
2194 3680 2252 3732 ὲν
2277 3682 2344 3750 τῇ
2395 3679 2606 3749 διανοίᾳ
2663 3676 2965 3749 προλήψεις
3004 3677 3335 3746 ἀπαλείψας
3395 3678 3650 3734 Τελεῖται

2074 3770 2271 3841 πρᾶξις
2316 3768 2526 3840 ἀρετῶν
2551 3770 2608 3822 ὲν
2627 3767 2703 3839 τῷ
2734 3767 2970 3838 σώματι,
3025 3769 3123 3821 ἐὰν
3156 3768 3490 3840 καταλείψεις
3548 3771 3652 3841 τὴν

2071 3862 2166 3915 τοῦ
2195 3862 2403 3930 κόσμου
2439 3860 2751 3926 συνήθειαν.
2781 3861 3090 3913 Τυποῦνται
3155 3861 3366 3930 μνῆμαι
3414 3860 3649 3930 ἁγαθαὶ,

2071 3956 2165 4008 καὶ
2193 3954 2328 4006 θεῖοι
2361 3952 2507 4022 λόγοι
2533 3953 2928 4023 φιλοχωροῦσιν
2970 3953 3028 4004 ἐν
3071 3955 3138 4022 τῇ
3192 3953 3360 4023 ψυχῇ,
3392 3953 3487 4005 ἐὰν
3517 3967 3653 4005 cnv-

2072 4047 2251 4116 εχέσιν
2273 4045 2486 4117 εὐχαῖς,
2520 4046 2659 4116 μετὰ
2682 4044 2893 4115 θερμῆς
2923 4044 3266 4110 κατανύξεως
3290 4045 3648 4114 ἀνυομέναις.

2073 4137 2130 4188 ἔν
2170 4139 2234 4207 τῇ
2260 4136 2470 4207 διανοίᾳ
2515 4136 2615 4199 τὰς
2660 4137 2882 4207 μνήμας
2939 4137 3050 4190 τῶν
3078 4136 3358 4208 προτέρων
3389 4137 3651 4206 πράξεων

2071 4228 2381 4300 ἐξαλείψῃς.
2429 4225 2486 4281 '0
2531 4228 2811 4297 φωτισμὺς
2840 4229 2948 4297 γὰρ
3002 4228 3102 4296 τῆς
3132 4227 3368 4291 πίστεως
3403 4228 3502 4298 τῆς
3549 4228 3652 4282 τοῦ

2069 4319 2205 4372 Θεοῦ
2243 4320 2484 4389 μνήμης,
2523 4320 2619 4372 καὶ
2672 4312 2990 4390 ήσυντριδή
3023 4318 3124 4389 τῆς
3180 4317 3425 4389 καρδίας.
3482 4318 3648 4390 δίκην

2051 4410 2255 4493 ςξυρίου
2280 4415 2377 4475 τὰς
2405 4412 2649 4482 πονηρὰς
2694 4410 2984 4476 ἁποξέουσι
3043 4411 3284 4481 μνήμας.
3350 4411 3648 4481 Μιμήθητι

2067 4499 2178 4552 τῶν
2219 4500 2492 4570 μελισσῶν
2519 4499 2618 4571 τὴν
2673 4499 2884 4568 σοφίαν.
2949 4501 3185 4554 Ἐκεῖναι
3233 4498 3646 4567 γὰρλείδοῦσαι

399 4577 456 4622 et
512 4569 734 4627 insidias
764 4573 1027 4628 devitant.
1069 4573 1374 4632 Saeculares
1428 4592 1726 4636 conventus
1782 4600 1973 4653 vespa-

2075 4595 2128 4646 τὸ
2158 4594 2361 4665 σμῆνος
2390 4593 2498 4646 τῶν
2531 4593 2755 4664 σφηκῶν
2772 4609 2836 4645 πε
2844 4593 2898 4663 pl.
2924 4593 3096 4656 αὑτὰς
3114 4593 3212 4663 τὴν
3229 4593 3428 4662 πτῆσιν
3446 4609 3644 4646 ποιουέ

407 4680 523 4718 rum
573 4665 690 4722 loco
729 4669 1055 4736 considera;
1091 4671 1191 4726 hos
1231 4674 1276 4726 si
1310 4688 1502 4744 magno
1539 4677 1738 4744 fingeris
1768 4680 1968 4743 studio,

401 4758 468 4811 ad
497 4758 807 4813 interiorem
840 4770 890 4815 te
919 4763 1153 4832 recipies
1189 4770 1504 4822 monasterii
1534 4778 1767 4837 portum,
1806 4772 1971 4826 cellu-

405 4851 509 4903 lam
579 4851 852 4917 videlicet,
887 4854 1065 4923 ibiquc
1114 4857 1350 4911 tentabis
1403 4868 1464 4912 nt
1516 4861 1760 4915 intimam
1824 4873 1967 4917 tuam

401 4944 645 4997 aditurus
694 4946 771 5000 sis
818 4947 1073 5014 animam,
1115 4950 1165 5002 in
1213 4967 1320 5020 qua
1376 4951 1583 5006 habitat
1613 4955 1882 5022 Christus,
1917 4967 1970 5012 ct

399 5051 523 5089 cum
576 5039 692 5107 ipso
753 5040 904 5094 adest
974 5055 1115 5109 pax,
1183 5043 1436 5108 gaudium
1489 5058 1544 5100 ct
1603 5050 1967 5118 tranquillitas

403 5133 576 5184 litum.
620 5128 742 5185 Haec
796 5133 934 5186 dona
987 5143 1114 5188 sunt
1147 5133 1369 5205 Christi
1399 5177 1413 5200 ,
1463 5139 1592 5192 solis
1627 5141 1963 5210 spiritualis;

325 5274 340 5280 ,
401 5224 541 5275 sicut
567 5223 746 5277 radius
776 5223 863 5278 illa
893 5227 1091 5279 emittit
1113 5237 1166 5281 et
1196 5229 1247 5280 in
1281 5229 1582 5283 mercedem
1611 5236 1808 5286 animae
1837 5249 1968 5288 con-

400 5316 562 5376 cedit,
595 5330 714 5382 qua:
747 5316 920 5384 ipsum
954 5331 1077 5369 cum
1114 5318 1216 5372 ﬁde
1244 5327 1294 5372 et
1330 5335 1516 5374 amore
1553 5324 1802 5391 snsc'tpit.
1830 5326 1964 5379 Cum

409 5411 458 5457 in
495 5406 801 5459 habitacqu
846 5417 937 5461 tuo
975 5409 1160 5473 fueris,
1189 5412 1252 5464 de
1301 5410 1410 5466 Deo
1453 5413 1677 5483 cogites,
1723 5399 1978 5471 animum

404 5502 471 5550 ab
543 5498 796 5552 omnibus
857 5502 1142 5557 abstrahas
1189 5513 1242 5559 ct
1284 5507 1403 5560 sine
1453 5523 1582 5562 voce
1638 5508 1845 5565 referas
1897 5512 1964 5566 ad

401 5593 818 5662 Deutu;0tnncs
857 5595 1032 5649 cordis
1075 5599 1150 5650 tui
1197 5599 1571 5666 dispositiones
1605 5601 1706 5670 ipsi
1751 5606 1966 5673 aperias

398 5697 450 5738 ct
474 5689 752 5740 adhzcreas
791 5703 885 5756 per
915 5704 1174 5744 amorcm.
1210 5692 1338 5748 llaec
1361 5695 1500 5747 enim
1522 5694 1614 5749 Dei
1665 5699 1970 5754 recordatio

394 5781 547 5846 quibi
590 5779 806 5834 iutuitio
841 5793 962 5836 est:
1015 5785 1206 5838 anima:
1255 5801 1446 5840 sensus
1475 5799 1529 5842 et
1567 5787 1752 5842 oculos
1793 5793 1858 5843 ad
1907 5806 1965 5845 se

396 5873 559 5925 trahit
609 5873 772 5938 Deus,
805 5877 890 5939 qui
933 5877 1129 5932 lumine
1161 5894 1257 5933 suo
1285 5892 1520 5935 mentem
1569 5882 1963 5940 considerantis

2070 4687 2264 4756 μένων,
2300 4685 2447 4738 ἔνδον
2474 4684 2570 4738 τοῦ
2606 4685 2832 4755 σίμὸλου
2869 4685 3274 4756 παραμένουσι,
3305 4687 3401 4738 καὶ
3435 4684 3536 4755 τήν
3571 4688 3640 4739 ἐκ

2065 4779 2173 4832 τῶν
2214 4777 2518 4831 ἐπιϐούλων
2576 4776 2780 4848 βλάϐην
2845 4777 3333 4844 διαδιδράσκουσιν.
3391 4775 3642 4846 Σφηκίας

2065 4871 2176 4924 νόει
2205 4872 2303 4934 τὰς
2351 4869 2622 4940 κοσμικὰς
2654 4869 2978 4938 συντυχίας,-
3003 4867 3218 4931 Ταύτας
3244 4869 3446 4938 σπουδῇ
3465 4867 3640 4938 πολλῇ

2066 4963 2306 5034 φεύγων,
2359 4962 2644 5032 παράμενε
2694 4965 2752 5014 ἔν
2793 4961 2874 5030 τῷ
2925 4961 3136 5031 ταμείῳ
3200 4959 3296 5013 τοῦ
3357 4961 3639 5028 σεμνείυυ,

2067 5055 2362 5111 κάντεῦθεν
2391 5055 2567 5124 πειρῶ
2609 5054 2768 5108 πάλιν
2799 5053 3144 5123 είσέρχεσθαι
3183 5054 3242 5105 ἐν
3267 5053 3345 5122 τῷ
3369 5052 3640 5122 ἐνδοτέρω

2061 5147 2159 5215 τῆς
2183 5145 2361 5215 ψυχῆς
2383 5145 2648 5215 φρουρίῳ,
2685 5145 2821 5214 ὅπερ
2849 5139 2997 5206 οἶκος
3034 5141 3270 5212 Χριστοῦ
3295 5143 3468 5204 ἐστιν,
3501 5143 3564 5195 ἐν
3593 5135 3642 5209 ᾧ

2063 5240 2280 5310 εἰρήνη,
2315 5239 2410 5290 καὶ
2449 5238 2616 5306 χαρὰ,
2676 5241 2773 5289 καὶ
2830 5235 3042 5304 γαλήνη
3128 5233 3360 5304 βεϐαίως
3412 5230 3636 5306 ὁρᾶται.

2063 5330 2171 5383 Τοῦ
2205 5328 2399 5400 νοητοῦ
2450 5329 2601 5399 ήλίου
2644 5327 2882 5395 Χριστοῦ
2917 5327 2989 5384 τὰ
3034 5326 3182 5396 δῶρα
3214 5325 3409 5390 ταῦτα,
3456 5327 3636 5382 καθά-

2062 5440 2170 5492 περ
2202 5423 2356 5484 τινὰς
2393 5423 2622 5484 ἀκτῖνας
2656 5423 2786 5492 παρ’
2824 5419 3017 5473 ἑαυτοῦ
3067 5422 3468 5488 ἐκπέμποντος,
3538 5421 3637 5474 καὶ

2059 5513 2249 5584 ῶσπερ
2303 5512 2425 5566 τινὰ
2463 5513 2652 5582 μισθὸν
2697 5512 3077 5582 παρεχομένου
3130 5513 3196 5580 τῇ
3253 5510 3634 5582 ὑποδεχομένη

2057 5606 2218 5658 αὑτὸν
2241 5605 2384 5675 ψυχῇ
2423 5605 2560 5674 μετὰ
2585 5588 2820 5667 πίστεῶς
2873 5603 2968 5656 καὶ
2997 5601 3336 5670 φιλοκαλίας.
3369 5603 3635 5671 Καθήμεο

2057 5715 2148 5761 νος
2173 5697 2303 5766 γοῦν
2340 5698 2397 5749 ἔν
2427 5697 2502 5765 τῷ
2531 5695 2687 5765 οἴκῳ,
2722 5696 3027 5766 μνημόνευε
3055 5695 3212 5756 Θεοῦ,
3262 5695 3510 5764 ἐπαίρων
3535 5695 3630 5747 τὸν

2055 5791 2180 5844 νοῦν
2224 5791 2330 5843 ἀπὸ
2384 5791 2624 5851 πάντων,
2666 5789 2762 5841 καὶ
2813 5789 2948 5859 πρὸς
3003 5787 3095 5840 τὸν
3137 5787 3271 5839 Θεὸν
3336 5787 3630 5855 ἀφθόγγως

2057 5883 2415 5944 ἐπιὸῥίπτων,
2455 5880 2546 5934 καὶ
2579 5881 2758 5934 πᾶσαν
2788 5879 2884 5944 τῆς
2916 5877 3142 5943 καρδίας
3159 5877 3624 5943 διὰθεσινέκχὲων
