3952 6514
183 417 268 478 389

931 404 1030 467 DE
1072 398 1545 466 ABSCONDITA
1587 399 2081 468 OPERATIONE
2124 408 2203 469 ΙΝ
2246 409 2577 471 CHRISTO

3282 415 3387 477 399

189 524 386 576 ἐνώπιον
410 516 593 583 αὑτοῦ,
614 517 708 569 καὶ
737 514 828 569 διὰ
870 516 967 586 τῆς
994 518 1213 587 ἀγάπης
1243 517 1391 588 αύτῷ
1446 520 1717 589 προσκολ-

1827 516 2227 585 lluminat.Qni
2263 521 2511 589 spiritum
2544 536 2700 575 suum
2751 521 2816 576 ad
2873 521 3041 577 Deum
3096 528 3388 590 convertit,

188 617 411 683 λώμενος.
472 609 679 679 Μνήμη
745 610 853 679 γὰρ
902 607 1035 661 Θεοῦ
1090 608 1291 680 Θεωρία
1356 609 1491 663 Θεοῦ
1545 613 1714 678 ἐστιν,

186 708 398 765 ἕλκοντος
420 702 513 770 τὴν
540 702 733 772 ὅρασιν
785 701 881 753 καὶ
910 700 1007 772 τὴν
1048 700 1235 770 ἔφεσιν
1284 701 1378 754 τοῦ
1431 701 1523 755 νοῦ
1579 703 1716 773 πρὸς

184 795 366 854 ἑαυτὸν,
386 793 477 846 καὶ
505 792 581 863 τῷ
614 791 744 862 παρ’
767 792 944 862 ἐαυτῷ
976 793 1116 861 φωτὶ⁵
1139 810 1205 845 πε
1214 792 1601 864 ριαυγάζοντος
1619 796 1713 847 αύ-

183 888 270 939 τόν.
310 884 675 954 Ἐπιστρέιρων
716 883 823 951 γάρ
846 885 872 935 ὁ
907 882 1033 947 νοῦς
1084 883 1221 955 πρὸς
1248 884 1339 936 τὸν
1361 884 1516 949 Θεὸν,
1548 887 1605 937 ὲν
1635 886 1713 957 τῷ

182 974 480 1029 καταπαύειν
510 975 690 1036 πάσας
706 974 803 1038 τὰς
826 967 1123 1038 εἱδοποιοῦς
1152 976 1259 1028 τῶν
1293 976 1459 1030 ὄντων
1481 977 1711 1043 ἐννοίας,

180 1067 399 1129 ἁνειδεῶς
596 1068 691 1119 καὶ
724 1068 786 1137 τῇ
844 1064 964 1119 καθ’
998 1065 1273 1137 ὑπεροχήν
1329 1068 1578 1139 ἀγνωσία
1624 1069 1713 1122 διὰ

180 1162 228 1211 τὸ
251 1160 335 1225 τῆς
376 1158 531 1229 δόξης
570 1159 887 1227 ἀπρόσιτον,
943 1157 1042 1227 τὴν
1095 1157 1289 1209 ἑαυτοῦ
1341 1157 1525 1227 βλέψιν
1575 1159 1714 1227 λαμ-

184 1252 374 1317 πρύνει·
403 1251 495 1303 καὶ
523 1251 596 1318 μὴ
618 1250 905 1318 γινώσκων
952 1249 1038 1302 διά
1078 1249 1176 1320 τὴν
1211 1250 1590 1319 ἀκαταληψίαν
1619 1250 1710 1302 τοῦ

178 1336 447 1405 ὁρωμένου,
495 1336 755 1406 γινώσκει
808 1341 897 1395 διὰ
926 1341 1035 1411 ,τὴν
1081 1342 1344 1413 ἀλήθειαν
1388 1345 1483 1398 τοῦ
1539 1332 1786 1416 κυρίως’

1824 611 2051 664 retrahit
2081 626 2108 663 a
2144 628 2322 665 rerum
2348 613 2642 667 visibilium
2676 614 2995 683 imaginibus
3024 616 3301 686 ctabsqne
3325 619 3390 669 li-

1822 716 1952 771 gura
1975 702 2368 771 contemplatur
2389 719 2403 768 ;
2426 713 2683 765 attamen,
2713 716 2932 774 pr0pter
2957 704 3387 762 inaccessibilem

1822 794 2071 863 gloriam,
2121 795 2286 848 Denm
2317 795 2366 849 in
2391 811 2450 850 se
2470 812 2799 865 cognoscere
2824 798 3078 867 nequitet
3101 799 3244 853 solos
3296 812 3385 851 re-

1820 886 1951 956 cipit
1970 889 2148 943 radios
2168 904 2183 953 ;
2204 889 2328 943 dum
2353 891 2500 945 videt
2524 892 3151 959 incomprehensibilem,
3191 906 3389 959 cogno-

1823 978 1925 1032 scit
1954 982 2439 1049 supereminentem
2478 982 2857 1038 exsistentiam
2892 982 3060 1045 illius,
3094 981 3385 1049 quiomnia

1820 1078 2069 1139 Superat;
2118 1085 2181 1125 ex
2232 1072 2437 1127 inﬁnita
2492 1085 2670 1129 autem
2717 1074 2954 1127 bonitate
3005 1072 3096 1126 Dei
3143 1088 3381 1127 amorem

1823 1176 1980 1217 suum
2014 1165 2222 1229 nutrit,
2258 1180 2472 1221 onmem
2524 1181 2675 1219 suam
2714 1166 2971 1235 adimplet
3010 1166 3386 1230 capacitatem,
3483 1211 3490 1231 ,

1822 1254 2056 1322 quietem
2090 1256 2250 1311 habet
2278 1256 2672 1312 indeficientem
2706 1268 2760 1311 et
2787 1259 3019 1313 beatam.

1821 1345 1999 1407 ὄντος,
2025 1348 2121 1398 καὶ⁵
2159 1347 2325 1415 μόνου
2373 1346 2435 1399 τὸ
2472 1348 2757 1417 ύπερεῖναι
2788 1347 3007 1416 ἔχοντος
3029 1360 3045 1377 ο
3078 1344 3171 1396 καὶ
3200 1342 3289 1394 διά
3332 1340 3397 1393 τὸ

177 1428 400 1482 πλούσιον
447 1429 547 1498 τῆς
603 1430 816 1485 ἐκεῖθεν
874 1432 1251 1505 ἐκόλυζούσης
1287 1434 1630 1506 ἀγαθότητος
1668 1437 1885 1508 τρέφων
1946 1441 2039 1491 τὸν
2069 1436 2268 1491 ἑαυτοῦ
2324 1438 2507 1509 ἔρωτα
2537 1476 2552 1504 ,
2594 1440 2690 1493 καὶ
2738 1440 2838 1509 τήν
2892 1438 3031 1492 ίδίαν
3080 1437 3396 1507 ἐντρέχειαν

178 1525 529 1598 πληῳφορῶν,
565 1529 931 1595 ἀναπαύσεως
960 1531 1199 1601 ἀλήκτου
1240 1534 1335 1587 καὶ
1368 1534 1651 1603 μακαρίας
1696 1532 2079 1598 καταξιοῦται.

243 1630 407 1681 Ταῦτα
443 1630 541 1698 μὲν
566 1630 636 1682 τὰ
659 1631 757 1699 τῆς
796 1632 1061 1701 ἀκριϐοῦς
1098 1636 1319 1704 μνήμης
1349 1636 1731 1706 γνωρίσματα.

185 1723 433 1792 Προσευχὴ
470 1721 526 1773 δέ
558 1724 678 1774 ἐστι
732 1722 956 1794 διαλογὴ
1009 1725 1249 1788 διανοίας
1310 1728 1447 1794 πρὸς
1502 1729 1729 1799 Κύριον,

187 1816 378 1883 ῥήματα
404 1815 641 1883 δεήσεως
677 1814 968 1869 διανύουσα
995 1817 1135 1887 μετὰ
1182 1818 1279 1888 τῆς
1304 1818 1398 1872 τοῦ
1446 1819 1540 1873 νοῦ
1592 1820 1727 1891 πρὸς

184 1907 295 1959 Θεὸν
322 1906 498 1974 όλικῆς
534 1907 851 1970 ἀτενίσεως.
878 1909 990 1978 Τῆς
1049 1909 1292 1973 διανοίας
1319 1912 1427 1981 γὰρ
1490 1912 1729 1982 συνεχῶς

186 2000 602 2070 ὑπαγορευούσης
625 2001 685 2053 τὸ
714 2002 810 2054 τοῦ
847 2003 1052 2071 Κυρίου
1094 2002 1287 2074 ὄνομα,
1348 2005 1444 2058 καὶ
1496 2005 1591 2058 τοῦ
1636 2006 1729 2059 νοῦ

187 2091 489 2164 ἐναργῶςτῇ
543 2092 831 2159 ἐπικλήσει
873 2094 965 2147 τοῦ
1022 2095 1169 2149 θείου
1228 2097 1495 2167 ὀνόματος
1554 2114 1731 2169 προσ-

186 2184 388 2253 έχοντος,
417 2185 512 2253 τῆς
543 2184 635 2237 τοῦ
674 2185 807 2238 Θεοῦ
834 2186 1087 2252 γνώσεως
1110 2187 1171 2240 τὸ
1188 2188 1303 2257 φῶς
1332 2189 1585 2260 καθάπερ
1612 2208 1730 2259 (pw-

186 2277 336 2346 τεινήν
362 2277 591 2347 νεφέλην
624 2280 803 2329 πᾶσαν
838 2279 1153 2342 ἐπισκιάζει
1196 2277 1295 2349 τὴν
1312 2278 1511 2349 ψυχήν.
1559 2282 1727 2333 Ἐπε-

184 2388 255 2424 ται
278 2372 329 2424 δὲ
364 2374 427 2441 τῇ
463 2372 560 2440 μὲν
590 2371 809 2437 ἀκριϐεῖ
859 2374 1048 2443 μνήμῃ
1081 2373 1176 2427 τοῦ
1206 2373 1343 2427 Θεοῦ
1378 2375 1570 2443 ἀγάπη
1634 2375 1727 2428 καὶ

145 2513 156 2525 ,
184 2463 331 2531 χαρά·
369 2480 385 2512 t
429 2462 739 2532 Ἐμνήσθην
768 2463 898 2534 γὰρ,
932 2465 1090 2534 φησὶ,
1123 2464 1216 2518 τοῦ
1265 2464 1424 2529 Θεοῦ,
1470 2466 1569 2518 καί¹
1621 2468 1726 2537 ηύ-

186 2549 417 2621 φράνθην.
458 2570 477 2600 ι
524 2553 602 2623 Τῇ
642 2553 698 2605 δὲ
739 2552 958 2624 καθαρᾷ
1020 2557 1322 2626 προσευχῇ,
1382 2556 1585 2625 γνῶσις
1631 2558 1727 2611 καὶ

188 2641 444 2706 κατάνυξις
484 2659 498 2673 ’
549 2663 567 2694 ι
615 2644 703 2696 Ἐν
806 2644 872 2698 ἂν
899 2644 1081 2716 ἡμέρᾳ
1110 2646 1239 2717 γὰρ,
1284 2647 1471 2716 φησὶν,
1531 2650 1726 2702 ἐπικα-

185 2735 377 2803 λέσομαί
428 2752 510 2798 σε,
546 2735 656 2789 ἰδοὺ
712 2735 885 2803 ἔγνων
937 2738 1019 2790 δτι
1059 2737 1192 2801 Θεός
1224 2756 1326 2808 μου
1365 2734 1415 2791 εἶ
1449 2738 1536 2794 σύ.
1566 2759 1585 2792 ι
1620 2741 1729 2793 Καὶ

186 2820 365 2875 nihil"
393 2842 411 2876 ι
441 2824 615 2877 Θυσία
648 2825 724 2895 τῷ
757 2826 896 2898 Θεῷ,
927 2827 1143 2898 πνεῦμα
1184 2830 1663 2899 συντετριμμένον.
1705 2849 1724 2881 ι

187 2914 295 2977 Neo;
333 2915 435 2986 γὰρ
464 2917 559 2970 καὶ
608 2918 849 2982 διανοίας
911 2921 1337 2990 παρισταμένων
1392 2921 1472 2991 τῷ
1510 2921 1628 2991 Θεῷ
1659 2920 1729 2974 δι’

189 3004 409 3072 ἐνεργοῦς
462 3008 758 3072 ἀτενίσεως
806 3011 900 3062 καὶ
946 3010 1157 3080 θερμῆς
1214 3012 1472 3082 δεήσεως,
1505 3013 1729 3082 καὶτῆς

187 3096 384 3168 ψυχῆςή
413 3100 705 3164 κατάνυξις
734 3101 1039 3157 ἀκολουθεῖ.
1068 3102 1180 3156 Νοῦ
1211 3103 1289 3167 δὲ,
1317 3106 1410 3157 καὶ
1440 3104 1726 3172 λόγου,καὶ

189 3190 461 3259 πνεύματος
510 3193 973 3261 προσπιπτόντων
1010 3194 1088 3265 τῷ
1140 3194 1279 3266 Θεῷ,
1332 3196 1428 3249 τοῦ
1485 3198 1605 3268 μὲν,
1641 3197 1724 3252 διὰ

190 3283 444 3352 προσοχῆς,
470 3285 563 3337 τοῦ
590 3284 666 3348 δὲ,
698 3285 763 3339 δι’
796 3286 1175 3358 ἐπικλήσεως,
1211 3287 1307 3341 τοῦ
1342 3290 1417 3353 δὲ,
1439 3290 1527 3343 διά
1559 3308 1721 3345 κατα⁸

1900 1634 2065 1704 Signa
2097 1642 2274 1687 autem
2316 1643 2366 1688 et
2413 1636 2757 1712 characteres
2816 1636 3069 1706 perfectae
3111 1642 3394 1715 recorda-

1824 1724 1987 1779 tionis
2018 1725 2108 1780 Dei
2141 1735 2263 1780 sunt
2297 1728 2599 1795 sequentia.
2624 1728 2813 1783 Oratio
2833 1730 3062 1797 primum
3087 1742 3170 1786 est
3197 1734 3393 1787 mentis

1823 1816 2147 1885 colloquium
2180 1832 2300 1871 cum
2340 1818 2483 1881 Deo;
2514 1820 2679 1873 verba
2718 1820 3064 1888 proferuntur
3111 1824 3393 1887 orationis,

1822 1909 1949 1963 dum
1978 1909 2191 1962 animus
2211 1918 2356 1964 totus
2382 1911 2445 1963 ad
2478 1912 2639 1964 Deum
2674 1912 2919 1966 intendit.
2948 1912 3097 1966 Mens
3127 1916 3394 1984 suggerit,

1756 2038 1799 2095 Β
1827 2003 1985 2056 modo
2001 2002 2355 2067 indesinente,
2376 2017 2570 2056 nomen
2592 2003 2820 2065 Domini,
2841 2015 2891 2057 et
2911 2006 3125 2059 animus
3142 2007 3398 2060 continuo

1827 2094 2076 2148 invocato
2108 2095 2327 2148 nomine
2373 2095 2556 2149 divino
2583 2097 2848 2161 attendit;
2891 2098 3086 2151 exinde
3112 2098 3168 2151 lit
3193 2108 3251 2151 ut
3281 2097 3400 2150 ani-

1826 2202 1909 2240 nza
1938 2194 2045 2240 tota
2080 2187 2234 2254 quasi
2281 2187 2428 2241 nube
2476 2188 2654 2241 lucida
2714 2189 3085 2243 obumbretur.
3137 2188 3389 2243 Sednlam

1827 2280 2260 2335 recordationem
2296 2280 2534 2333 divinam
2593 2282 2998 2351 subsequuntur
3057 2282 3302 2337 charitas
3339 2294 3393 2335 et

1825 2371 2102 2440 gaudium.
2124 2369 2396 2441 Scriptum
2418 2382 2533 2426 est:
2559 2392 2577 2423 ι
2609 2372 2696 2426 Dei
2716 2375 3031 2429 recordatus
3047 2390 3187 2433 sum,
3204 2382 3257 2428 et
3274 2390 3396 2429 sum

1824 2462 2043 2530 gavisus
2069 2461 2111 2517 ⁸.
2149 2480 2168 2513 ι
2222 2461 2275 2516 Si
2308 2478 2437 2530 pnra
2473 2464 2634 2517 fuerit
2684 2466 2883 2525 oratio,
2945 2466 3237 2519 adstabant
3293 2478 3388 2518 co-

1824 2553 1993 2623 gnitio
2025 2562 2080 2607 et
2114 2554 2372 2607 comritio
2418 2553 2623 2608 cordis.
2670 2571 2688 2605 ι
2712 2552 2767 2606 ιιι
2799 2568 2903 2621 qua
2937 2553 3028 2608 die
3076 2554 3398 2607 invocarem

1827 2653 1901 2710 te,
1944 2658 2071 2699 ecce
2105 2645 2328 2714 cognovi
2354 2644 2477 2713 quia
2514 2644 2657 2698 Dens
2702 2659 2856 2698 meus
2886 2659 2945 2698 es
2998 2653 3054 2697 tu
3086 2643 3129 2697 ⁷.
3166 2644 3259 2696 »Ει
3295 2644 3397 2696 ite-

1825 2750 1978 2788 rum:
2035 2752 2054 2786 ι
2084 2734 2419 2789 Sacrificium
2458 2734 2564 2787 Deo
2589 2736 2811 2803 spiritus
2853 2736 3248 2789 contribulatus
3282 2735 3326 2789 ⁸.
3367 2752 3385 2785 ι

1823 2828 1956 2882 Cum
1988 2827 2215 2896 spiritus
2279 2836 2334 2880 et
2366 2840 2517 2880 mens
2578 2841 2673 2894 per
2709 2826 2943 2879 activam
3004 2827 3056 2879 in
3108 2825 3275 2879 Deum
3334 2839 3397 2879 se

1823 2919 2002 2974 ferunt
2036 2918 2390 2972 attentionem
2419 2928 2578 2985 atque
2613 2916 2873 2971 fervidam
2909 2918 3230 2979 oralionem,
3256 2918 3386 2971 sub-

1823 3011 2071 3080 sequitur
2093 3011 2288 3065 animte
2318 3010 2601 3065 contritio.
2664 3009 2996 3071 Intellectus,
3066 3013 3291 3062 verbum
3343 3018 3401 3063 et

1822 3102 2043 3167 spiritus
2096 3099 2207 3154 Deo
2274 3114 2334 3153 se
2394 3110 2767 3169 praesentem:
2814 3097 3121 3153 intellectus
3178 3099 3396 3166 quidem

1822 3192 2078 3255 attendit,
2131 3192 2352 3246 verbum
2412 3191 2540 3246 facit
2594 3190 2919 3254 orationem,
2980 3190 3206 3260 spiritus
3271 3204 3401 3244 vero

1824 3286 2038 3355 perficit
2071 3298 2311 3339 amorem
2342 3294 2394 3339 et
2443 3286 2856 3349 contritionem;
2918 3284 2996 3343 ita
3038 3291 3185 3338 totus
3236 3282 3399 3336 homo

192 3372 359 3437 νύξεως
383 3378 472 3429 καὶ
504 3378 745 3448 ἀγάπης,
776 3378 894 3442 ὅλος
919 3382 947 3432 ὁ
980 3380 1129 3433 ἔνδον
1170 3380 1453 3451 ἄνθρωπος
1481 3381 1721 3454 λειτουρ·

1827 3378 2070 3433 internus
2126 3376 2235 3431 Deo
2266 3375 2580 3431 famulatur.
2621 3395 2639 3427 ι
2677 3378 2876 3445 Diliges
2907 3376 3191 3429 Dominum
3226 3374 3392 3429 Deum

191 3466 261 3528 γεῑ
297 3466 367 3533 τῷ
422 3467 627 3538 Κυρίῳ,
684 3487 701 3521 t
753 3472 1084 3553 Ἀγαπήσεις
1130 3472 1261 3542 γὰρ,
1321 3473 1475 3541 φησὶ,
1525 3474 1724 3544 Κύριον

190 3558 265 3608 τὸν
318 3558 438 3613 Θεόν
472 3579 566 3614 σου
622 3562 682 3626 ἐξ
732 3562 861 3633 δλης
886 3564 986 3634 τῆς
1012 3564 1238 3634 καρδίας
1286 3583 1379 3619 σου
1437 3565 1727 3645 [ἐνκᾶλλ.

189 3646 392 3713 διανοίας
417 3652 553 3723 σου].
602 3671 621 3704 ι

251 3738 378 3807 Πλὴν
434 3741 630 3794 εἰδέναι
688 3759 745 3795 σε
799 3744 894 3797 καὶ
942 3744 1127 3829 ποῦτο.
1169 3745 1467 3816 βούλομαι,
1531 3746 1724 3818 μήπως

192 3830 553 3901 προσεύχεσθαι
584 3834 959 3906 λογιζόμενος.
996 3838 1213 3909 μακράν
1256 3841 1354 3910 τῆς
1416 3840 1725 3911 προσευχῆς

193 3920 383 3994 βαδίζῃς
414 3927 505 3977 καὶ
531 3927 778 3996 ἀκερδῶς
809 3930 1047 4002 κάμνῃς,
1084 3931 1179 3983 καὶ
1209 3930 1459 4001 διακενῆς
1487 3932 1689 4003 τρέχῃς
1708 3948 1723 3963 ⁸

189 4011 301 4081 επερ
326 4018 379 4064 ὲν
427 4018 491 4086 τῇ
528 4017 621 4069 τοῦ
656 4018 923 4087 στόματος
974 4019 1267 4091 ψαλμῳδίᾳ
1318 4021 1574 4087 τελεῖται,
1607 4022 1635 4074 ὁ
1671 4022 1728 4076 δὲ

188 4102 294 4167 νοῦς
315 4107 534 4179 ἀλλαχοῦ
570 4110 815 4180 φέρεται,
850 4113 929 4175 είς
959 4112 1105 4183 πάθη
1153 4116 1247 4167 καὶ
1292 4116 1593 4197 πράγματα
1626 4133 1724 4187 με·

195 4200 462 4270 ριξόμενος,
490 4204 562 4267 ὡς
587 4204 840 4258 ἐντεῦθεν
872 4207 964 4258 καὶ
986 4206 1085 4277 τὴν
1122 4205 1336 4261 σύνεσιν
1381 4209 1478 4278 τῆς
1544 4208 1726 4279 ψαλμ-

195 4290 332 4358 ῳδίας
360 4294 715 4365 λυμαίνεσθαι
736 4314 749 4327 ⁶
784 4297 944 4351 τοῦτο
970 4300 1179 4367 γίνεται
1205 4300 1298 4352 καὶ
1322 4302 1379 4353 ἐν
1400 4303 1466 4372 τῇ
1497 4300 1725 4374 διανοίᾳ.

198 4383 427 4450 Πολλάκις
488 4390 597 4460 γὰρ
642 4392 815 4461 αὐτῆς
870 4391 1234 4463 διερχομένης
1264 4394 1333 4447 τά
1357 4395 1575 4471 ῥήματα
1626 4395 1729 4466 τῆς

192 4474 349 4545 εὐχῆς,
382 4481 547 4544 ὁνοῦς
584 4482 645 4535 ού
679 4483 975 4547 συνοδεύει,
1011 4485 1111 4539 οὐκ
1160 4486 1557 4556 ὲνατενίζειτῷ
1583 4488 1725 4559 Θεῷ,

192 4568 302 4633 πρὸς
325 4570 377 4620 ὃν
406 4572 497 4624 καὶ
534 4574 566 4642 ἡ
590 4574 731 4626 κατὰ
758 4574 855 4644 τὴν
881 4576 1190 4648 προσευχὴν
1212 4576 1436 4647 διαλογὴ
1465 4578 1675 4646 γίνεται
1708 4596 1722 4611 ·

191 4658 485 4728 ἐκτρέπεται
512 4665 569 4717 δὲ
603 4666 708 4718 ύπό
737 4684 898 4719 τινων
928 4668 1151 4722 ἐννοιῶν
1198 4669 1529 4739 λεληθότως.
1557 4672 1667 4724 Καὶ
1692 4672 1725 4741 ή

1829 3481 1979 3526 tnnm
2003 3487 2066 3524 ex
2096 3480 2209 3526 toto
2238 3472 2397 3526 corde
2424 3474 2557 3526 tuo’
2584 3472 2656 3544 (in
2686 3472 2805 3525 aliis
2829 3472 2971 3536 cod.,
2996 3486 3059 3523 ex
3084 3479 3190 3525 tota
3220 3479 3399 3523 mente

1828 3564 1967 3635 tua).
2000 3582 2020 3615 ι

1900 3748 1997 3802 Ast
2022 3756 2077 3802 et
2111 3764 2275 3802 unum
2314 3756 2363 3801 te
2398 3746 2658 3801 monitum
2688 3745 2830 3809 volo,
2864 3759 2931 3799 ne
2956 3745 3136 3799 forsan
3171 3754 3222 3797 te
3242 3758 3402 3796 oran-

1829 3849 1933 3893 tem
1986 3851 2161 3909 putes,
2215 3841 2341 3893 dum
2406 3843 2457 3892 in
2512 3841 2762 3892 oratione
2817 3840 3099 3905 procedas,
3162 3838 3375 3891 labores

1826 3933 2090 3988 inutiliter
2123 3941 2176 3987 et
2209 3933 2261 3986 itt
2294 3947 2490 3985 vanntn
2517 3945 2731 3985 curras.
2764 3929 2847 3983 Fit
2884 3934 3208 3998 quandoque
3258 3942 3309 3981 ut
3344 3929 3396 3981 in

1825 4025 1959 4080 orali
1995 4024 2294 4095 psalmodia
2332 4023 2639 4078 intellectus
2667 4022 2977 4092 tlivage'tur,
3009 4021 3391 4087 dividaturque

1826 4114 1970 4170 inter
1992 4115 2270 4184 passiones
2299 4124 2353 4168 et
2382 4115 2589 4182 negotia
2625 4114 2840 4179 saeculi;
2879 4113 2979 4167 hoc
3007 4113 3165 4166 modo
3182 4127 3398 4165 sensum

1827 4206 2139 4275 psalmodia:
2161 4204 2429 4274 deperdit.
2456 4203 2591 4257 Illud
2650 4217 2865 4274 quoque
2917 4203 2970 4256 itt
3015 4201 3234 4255 ntentali
3270 4216 3443 4255 ora--

1826 4301 1974 4353 tione
2005 4299 2205 4353 evenit.
2241 4297 2518 4369 Orationis
2552 4296 2701 4350 enim
2739 4296 2903 4350 verba
2932 4294 3252 4364 procedunt,
3277 4310 3427 4362 quae-

1827 4392 2181 4459 lntelligentia
2232 4406 2337 4445 non
2368 4390 2680 4453 comitatur,
2716 4403 2817 4443 nec
2866 4388 3031 4441 refert
3078 4388 3145 4440 ad
3203 4386 3393 4449 Deum,

1824 4483 1926 4537 etsi
1990 4498 2087 4552 per
2141 4482 2446 4537 orationem
2502 4497 2624 4536 cum
2689 4481 2807 4549 ipso
2851 4479 3176 4553 collpqniutn
3217 4478 3395 4545 insti-

1825 4584 2046 4640 tuatur;
2100 4584 2247 4644 patet
2271 4575 2505 4629 animam
2550 4574 2747 4628 diverti
2811 4573 3003 4626 alienis
3054 4571 3399 4639 cegitationi-

1827 4669 1947 4723 bus.
1981 4668 2230 4721 Attamen
2257 4675 2519 4722 consueta
2554 4666 2717 4719 verba
2749 4665 3000 4734 producit
3054 4663 3386 4723 intellectus,

197 4750 276 4815 μὲν
295 4753 488 4810 διάνοια
518 4756 665 4824 λέγει
713 4759 955 4828 συνήθως
986 4762 1052 4814 τὰ
1083 4763 1307 4831 ῥήματα
1323 4781 1334 4793 ·
1359 4764 1387 4815 ὁ
1412 4762 1467 4815 δὲ
1491 4762 1613 4827 νοῦς
1628 4765 1725 4834 τῆς

1827 4762 2046 4829 spiritus
2101 4770 2282 4813 autem
2333 4760 2387 4814 in
2446 4760 2753 4827 cognitione
2800 4757 2895 4811 Dei
2954 4770 3057 4809 non
3115 4755 3390 4811 consistit.

192 4840 267 4892 τοῦ
314 4843 436 4897 Θεοῦ
489 4846 744 4915 γνώσεως
801 4849 1165 4904 διολισθαίνει.
1220 4850 1383 4906 Ὅθεν
1431 4854 1523 4907 καὶ
1545 4854 1727 4925 τότεὴ

192 4930 311 5003 ψυχή
338 4937 699 5008 ἀκατανόητος
724 4944 815 4993 καὶ
866 4942 1165 5005 ἀδιάθετος
1196 4943 1468 5012 φαίνεται,
1500 4946 1577 5007 ὡς
1632 4947 1724 5000 τοῦ

195 5022 269 5074 κού
320 5031 737 5100 σκορπιζομένου
773 5033 853 5095 ε’“ς
902 5051 1053 5098 τινας
1084 5024 1403 5102 φαντασίας,
1440 5040 1533 5090 καὶ
1564 5056 1722 5109 μετε-

193 5116 508 5188 ωριζομένου,
535 5122 569 5192 ἢ
590 5122 723 5191 πρὸς
749 5124 783 5176 a
803 5124 1138 5195 κλέπτεταιή
1165 5126 1428 5195 βούλεται.
1456 5129 1727 5199 Εὑκτικῆς

190 5207 279 5275 γάρ
298 5211 537 5277 γνώσεως
570 5215 643 5281 μή
680 5217 961 5286 παρούσης
995 5216 1128 5289 μηδὲ
1160 5219 1255 5271 τοῦ
1276 5221 1529 5292 δεομένου
1579 5238 1724 5291 παρ-

195 5305 458 5371 ισταμένου
490 5310 567 5378 τῷ
596 5310 833 5380 δεομένῳ
867 5315 1226 5382 παρακαλεῖν,
1271 5316 1386 5378 πῶς
1416 5314 1726 5385 γλυκανθή-

194 5403 317 5443 σεται
390 5398 420 5466 ἡ
501 5398 701 5468 Qum;
781 5402 898 5465 πῶς
1002 5404 1441 5476 εὐφρανθήσεται
1531 5404 1724 5475 καρδία

193 5494 594 5561 τροσποιουμένη
638 5492 911 5561 εὔχεσθαι,
963 5496 1077 5549 ἀλλ’
1127 5500 1225 5551 οὐκ
1271 5496 1528 5569 ἀληθινὴν
1561 5513 1726 5565 ’προσ⁴

194 5578 330 5649 ευλὴν
423 5586 890 5657 περιποιουμένης
990 5590 1443 5661 Εὐφρανθήσεται
1527 5589 1723 5659 καρδίαι

196 5664 467 5736 ζητούντων
514 5677 606 5730 τὸν
639 5678 863 5747 Κύριον.
896 5682 1057 5750 Ζητεί
1088 5682 1142 5735 δὲ
1179 5685 1267 5736 τὸν
1304 5682 1507 5749 Κύριον
1559 5684 1586 5734 ὁ
1609 5682 1723 5734 δια-

243 5853 401 5914 ‘Psal,
438 5878 620 5927 unt,
654 5863 707 5919 4.
784 5862 804 5893 ⁷
837 5861 976 5917 Psal.
1002 5879 1087 5930 LV,
1122 5863 1205 5917 10.

1821 4853 1957 4908 Τιιιη
1994 4854 2207 4909 videtur
2236 4855 2416 4908 anima
2451 4867 2572 4910 esse
2602 4854 2807 4920 absque
2842 4852 3197 4922 intelligentia
3231 4862 3395 4919 atque

1819 4948 2208 5012 ordinatione;
2274 4961 2429 5001 mens
2476 4947 2795 5016 quibusdam
2855 4944 3100 5012 indulget
3163 4946 3387 5011 phanta-

1823 5040 2090 5094 smatibns
2114 5059 2128 5094 :
2159 5038 2545 5093 circumfertur
2574 5040 2718 5091 inter
2747 5037 2959 5105 negotia
2985 5044 3038 5091 et
3082 5035 3387 5088 mundanas

1820 5130 2133 5184 varietates.
2166 5128 2501 5183 Praesentem
2534 5128 2801 5182 orationis
2827 5126 3104 5180 notionem
3160 5140 3265 5181 noo
3291 5125 3388 5177 ha-

1828 5221 1945 5285 bet,
1979 5234 2078 5274 nec
2102 5220 2373 5288 petitionis
2401 5219 2777 5273 necessitatem
2798 5224 2851 5270 et
2880 5216 3160 5269 materiam
3193 5217 3355 5270 sentit
3379 5232 3393 5269 :

1828 5328 1935 5379 quo
1961 5311 2125 5379 igitur
2171 5311 2331 5363 modo
2358 5310 2612 5364 delectari
2653 5317 2838 5377 posset
2872 5310 3047 5359 anima
3074 5306 3389 5376 ?quo:nodo

1828 5405 2085 5472 gauderet
2114 5417 2208 5456 cor
2264 5403 2328 5456 de
2373 5401 2641 5463 oratione,
2706 5414 2827 5453 cum
2871 5413 3052 5451 veram
3094 5400 3392 5451 orationem

1824 5512 1932 5551 non
1958 5493 2266 5565 producat?
2315 5494 2604 5547 Laetabitur
2667 5506 2761 5545 cor
2806 5491 3160 5560 quaerentium
3211 5492 3391 5543 Domi-

1823 5604 1970 5641 num.
2003 5588 2165 5641 Dentn
2200 5586 2441 5655 inquirit,
2465 5585 2551 5653 qui
2590 5594 2767 5649 mente
2795 5594 2904 5637 tota
2943 5591 2993 5637 et
3026 5583 3227 5637 fervida
3284 5585 3398 5637 dis-

1822 5681 2087 5751 positione
2119 5690 2245 5742 ante
2303 5679 2467 5735 Deum
2518 5676 2847 5749 procumbit,
2884 5677 3064 5733 omnia
3114 5678 3396 5734 sa'cularia

1284 5862 1303 5893 ⁸
1333 5862 1474 5917 Ρξίὶί.
1502 5879 1553 5929 ι,
1581 5864 1663 5918 19.
1742 5865 1762 5894 ’
1793 5863 1947 5917 Dcut.
1983 5879 2055 5928 tv,
2078 5862 2129 5917 5.
