3952 6570
285 503 383 568 397

1085 506 1184 566 DE
1223 506 1687 568 ABSCONDl'l‘A
1728 499 2213 562 OPERATIONE
2255 498 2338 557 ΙΝ
2381 497 2730 562 CHRISTO.

3393 501 3496 563 398

283 609 472 677 μένων,
500 609 568 679 τῇ
599 607 655 659 δὲ
715 605 860 677 ψυχῇ
897 605 994 676 τὴν
1033 606 1340 677 προσευχὴν
1376 606 1542 672 δίδου,
1587 607 1673 662 ἵνα
1733 608 1843 662 σώ-

1954 605 2130 661 tnimae
2167 609 2500 672 orationem;
2533 608 2603 661 ita
2651 608 2873 675 corpore
2911 616 2966 663 et
2993 607 3182 678 spiritu
3219 608 3498 672 reiicieris,

282 717 405 771 ματι
435 701 527 754 καὶ
556 700 834 772 πνεύματι
885 701 1243 771 τρεφόμενος,
1279 700 1588 772 ὁλοκλήρως
1607 702 1844 775 ἐξυμνῇς

276 793 361 846 τὸν
409 793 775 862 ἑμπιπλῶντα
840 793 899 845 ἐν
953 792 1181 861 ἀγαθοῖς
1244 793 1345 866 τὴν
1367 793 1666 864 ἐπιθυμίαν
1717 812 1840 850 σου.

289 884 522 938 Ἐκεῖθεν
554 885 814 948 ἀναστὰς,
849 885 989 953 μετά
1009 885 1344 956 σεμνότητος
1377 887 1474 940 καὶ
1508 887 1668 958 σιγῆς
1721 887 1839 940 είσ-

282 979 435 1047 έρχου
493 977 573 1039 είς
623 977 688 1028 τό
715 976 924 1029 κελλίον
952 993 1067 1043 σου,
1105 979 1198 1032 καὶ
1226 978 1302 1043 ὡς
1330 979 1581 1050 φιλεργὸς
1612 979 1843 1050 μέλισσα

279 1070 550 1138 φιλοπόνει
572 1070 669 1133 τὰς
703 1069 927 1139 ἀρετάς.

344 1161 513 1214 Ὅταν
573 1162 742 1235 ἁνύῃς
797 1162 1076 1216 διακονίαν
1127 1163 1268 1232 μετά
1303 1163 1412 1216 τῶν
1449 1163 1714 1232 ἀδελφῶν,
1781 1166 1838 1218 αἱ

275 1255 448 1322 χεῖρες
482 1253 926 1323 ἐργαζέσθωσαν,
963 1256 1221 1308 σιωπάτω
1245 1256 1316 1308 τὰ
1338 1255 1516 1326 χείλη,
1545 1259 1639 1309 καὶ
1660 1258 1688 1308 ὁ
1713 1256 1838 1322 νοῦς

279 1348 656 1416 μνημονευέτω
689 1345 826 1398 Θεοῦ
848 1363 861 1376 ο
895 1347 988 1399 καὶ
1013 1349 1064 1400 εἴ
1081 1348 1211 1400 ποτέ
1231 1365 1314 1411 τις
1339 1347 1584 1419 κινηθείη
1611 1347 1838 1420 ἀργολο-

275 1439 406 1504 γείν,
437 1437 517 1500 είς
555 1437 823 1507 διακοπὴν
855 1435 956 1507 τῆς
981 1436 1232 1503 ἀταξίας,
1291 1439 1641 1508 ἐγειρόμενος
1694 1437 1838 1492 ποίει

278 1530 580 1600 μετάνοιαν.
618 1529 935 1606 Λογισμοὺς,
957 1531 1291 1602 ἀποτρέπου,
1339 1533 1530 1602 καὶμὴ
1574 1529 1837 1605 παραχώ-

274 1620 589 1691 ρειτούτους
610 1620 916 1692 διατρέχειν
954 1623 1055 1694 τὴν
1080 1624 1329 1694 καρδίαν,
1361 1627 1453 1677 καὶ
1479 1627 1834 1695 ἐγχρονίζειν

269 1713 298 1763 ό
334 1711 625 1782 χρονισμὸς
663 1713 774 1784 γὰρ
829 1713 937 1765 τῶν
992 1715 1256 1784 ὲμπαθῶν
1319 1717 1595 1786 λογισμῶν
1627 1717 1696 1771 τὰ
1735 1715 1838 1787 μὲν

271 1804 410 1873 πάθη
436 1804 713 1870 ζωογονεῖ,
734 1804 829 1856 τόν
856 1804 912 1856 δὲ
929 1806 1052 1858 νοῦν
1081 1807 1303 1861 θανατοῖ
1322 1825 1334 1838 ’
1389 1808 1526 1861 ἀλλὰ
1558 1806 1832 1876 προσὸἀλ-

263 1891 447 1956 λοντας
495 1891 693 1955 αὐτοὺς
742 1890 940 1944 αὐτίκα
989 1892 1054 1946 ἐκ
1101 1891 1438 1962 πρωτονοίας
1490 1891 1711 1958 ὲπείγου
1754 1887 1833 1958 τῷ

262 1983 403 2056 βέλει
457 1983 557 2052 τῆς
617 1983 929 2054 προσευχῆς
975 1983 1242 2054 ἀναιρεῖν.
1297 1984 1358 2036 Ei
1416 1983 1471 2036 δὲ
1521 1982 1834 2052 ἐπιμένοιεν

261 2073 566 2146 κρούοντες,
614 2075 708 2127 καὶ
773 2074 1096 2146 συγχέοντες
1138 2075 1244 2144 ’τὴν
1275 2075 1536 2138 διάνοιαν,
1578 2077 1672 2129 καὶ¹
1700 2074 1834 2130 ποτὲ

263 2168 357 2236 μὲν
384 2167 820 2237 ὑποχωροῦντες,
863 2168 994 2220 τιοτέ
1019 2169 1075 2220 δὲ
1106 2169 1487 2239 ἐπερχόμενοι,
1515 2169 1624 2222 ἴσθι
1653 2171 1734 2224 ὃτι
1770 2173 1836 2222 ἐκ

262 2259 626 2328 προλαϐόντος
641 2259 766 2330 θελή
779 2259 946 2329 ματός
982 2259 1122 2313 εἰσιν
1144 2258 1523 2330 ὠχυρωμένοι.
1563 2260 1662 2314 Διὰ
1675 2260 1835 2314 τοῦτο

261 2351 445 2406 δίκαια
496 2351 713 2422 ἔχοντες
775 2353 856 2415 είς
886 2353 986 2424 τὴν
1042 2352 1222 2423 ψυχὴν
1249 2352 1336 2405 διὰ
1370 2355 1469 2423 τὴν
1514 2347 1686 2424 ἧτταν
1738 2352 1839 2421 τῆς

263 2444 659 2516 προαιρέσεως,
693 2446 1022 2516 ταράττουσι
1049 2447 1144 2498 καὶ
1165 2445 1462 2516 ἐνοχλοῦσι.
1492 2448 1586 2498 Δεῖ
1619 2444 1712 2498 οὖν
1739 2449 1839 2497 alio

259 2539 382 2600 τοὺς
412 2539 748 2608 στηλιτεύειν
766 2539 854 2592 διὰ
880 2539 979 2608 τῆς
1011 2538 1418 2609 ἐξαγορεύσεως
1438 2553 1452 2571 ο
1505 2538 1838 2610 θριαμϐευό-

265 2649 414 2700 μενοι
445 2634 555 2702 γὰρ
586 2633 636 2686 oi
697 2634 927 2706 πονηροὶ
953 2633 1226 2704 λογισμοὶ,
1292 2633 1712 2704 φυγαδεύονται.
1753 2633 1842 2696 Ὠς

263 2725 368 2795 γὰρ
409 2727 590 2795 φωτὸς
624 2728 908 2796 φαίνοντος
933 2728 996 2781 τὸ
1021 2730 1211 2794 σκότος
1241 2730 1540 2802 ὑποχωρεῖ,
1572 2726 1716 2784 οὕτω
1749 2729 1844 2782 καὶΙ

259 2821 320 2872 τὸ
348 2819 467 2888 φῶς
498 2820 598 2887 τῆς
630 2820 920 2894 ἐξαγορίας
953 2824 1212 2892 ἀφανίζει
1255 2827 1378 2888 τοὺς
1415 2825 1713 2897 λογισμοὺς
1734 2824 1844 2877 τῶν

263 2913 473 2977 παθῶν,
508 2914 698 2978 σκότος
728 2917 823 2968 καὶ
861 2917 1066 2980 αὐτοὺς
1121 2917 1592 2989 χρηματίζοντας,
1654 2917 1844 2987 ἐπειδὴ

259 3010 291 3078 ἡ
323 3007 624 3072 κενοδοξία,
668 3011 763 3064 καὶ
810 3012 842 3082 ὴ
897 3011 1102 3074 ἄνεσις,
1127 3011 1191 3075 ἀς
1224 3009 1369 3083 εἶχον
1400 3012 1564 3066 τόπον
1601 3015 1650 3066 οἱ
1700 3013 1846 3081 λογι-

262 3103 411 3172 σμοὶ,
441 3105 906 3174 κατεστράφησαν
935 3105 1024 3159 διὰ
1052 3106 1150 3174 τῆς
1195 3105 1338 3159 κατά
1359 3108 1460 3176 τὴν
1491 3107 1847 3178 ἐξαγόρευσιν

262 3193 549 3263 αἰσχύνης,
581 3196 676 3248 καὶ
714 3195 816 3265 τῆς
844 3197 986 3251 κατὰ
1052 3197 1145 3249 τὸν
1204 3198 1405 3252 κανόνα
1448 3199 1843 3261 κακοπαθείας.

1939 710 2099 770 atque
2127 715 2193 754 ex
2225 701 2348 778 totis
2378 701 2580 757 viribus
2610 701 2717 755 tuis
2751 701 2826 755 illi
2861 703 3062 772 gratias
3093 705 3374 773 rependcs,
3405 700 3497 775 qui

1939 790 2257 847 desiderium
2301 801 2449 847 tuum
2497 792 2881 863 adimpleverit.
2915 793 2969 848 Si
3022 809 3208 849 mensa
3258 795 3506 851 decesse-

1940 884 2036 948 ris,
2069 898 2194 938 cum
2236 885 2494 939 modestia
2529 894 2582 940 et
2616 885 2832 940 silentio
2866 884 2931 941 ad
2973 887 3161 940 cellam
3215 888 3405 944 redeas
3449 899 3506 942 et

1939 977 2006 1029 ad
2038 977 2375 1045 operantium
2412 977 2591 1048 apium
2620 979 2914 1048 exemplar,
2943 993 3064 1033 cum
3105 993 3288 1034 amore
3333 980 3504 1035 instes

1938 1069 2246 1123 virtutibus.

2012 1163 2143 1216 Cum
2219 1158 2575 1214 ministerium
2608 1160 2702 1214 tibi
2779 1174 2882 1212 una
2940 1174 3060 1212 cum
3114 1159 3371 1215 fratribus
3408 1160 3504 1214 ad-

1943 1253 2266 1323 itnplcndum
2318 1260 2434 1316 est,
2499 1253 2622 1307 dum
2700 1267 2890 1306 manus
2957 1264 3284 1322 operantur,
3349 1252 3509 1308 sileas

1941 1346 2100 1400 labiis
2130 1355 2184 1398 et
2213 1345 2376 1400 corde
2409 1345 2598 1399 lendas
2641 1346 2705 1398 ad
2739 1343 2935 1412 Deum;
2971 1345 3014 1399 si
3055 1345 3276 1421 qttisiad
3321 1343 3510 1399 confa-

1944 1425 2270 1492 bulationetn
2307 1447 2606 1502 moveatur,
2645 1437 2786 1491 illam
2830 1438 2984 1492 tollas
3027 1438 3508 1502 inordinationem,

1941 1542 2004 1581 eo
2053 1528 2194 1597 quod
2252 1540 2502 1596 assurgas
2559 1539 2612 1581 et
2671 1528 2834 1583 facias
2885 1529 3278 1600 paenitentiam.
3334 1530 3511 1586 Vaoas

1945 1620 2141 1674 mentis
2166 1617 2568 1688 disquisitiones
2588 1629 2800 1675 avertas
2823 1629 2875 1674 et
2906 1620 3216 1689 neutiquam
3240 1623 3510 1676 concedas

1944 1723 2001 1767 ut
2046 1726 2141 1766 cor
2188 1720 2337 1766 tuum
2392 1713 2666 1766 incurrant
2695 1721 2748 1767 et
2791 1713 2842 1765 in
2874 1726 2938 1768 eo
2974 1723 3319 1780 remaneant;
3352 1714 3398 1770 si
3443 1713 3512 1768 ad

1947 1815 2155 1874 tempus
2197 1804 2510 1858 diuturnum
2557 1806 2967 1873 permanserint,
2998 1818 3258 1875 generant
3304 1808 3514 1877 passio-

1945 1910 2044 1950 nes
2087 1902 2141 1949 et
2171 1895 2425 1949 oeci-lunt
2463 1894 2720 1950 animam.
2780 1893 2965 1966 Itaque
3015 1914 3135 1952 cum
3169 1893 3514 1968 appulsantrs

1947 1988 2201 2052 senseris,
2250 1987 2430 2040 statim
2474 1988 2733 2059 orationis
2780 1991 2972 2059 sagitta
3024 1993 3321 2048 confodias.
3359 1994 3413 2047 Si
3447 1993 3515 2048 de

1949 2081 2167 2134 incursu
2197 2078 2486 2133 deflectere
2531 2058 2802 2133 noiuerint
2829 2088 2883 2134 et
2908 2082 3220 2137 obsederint
3256 2083 3512 2151 animam,

1951 2183 2061 2228 tum
2106 2172 2229 2228 illos
2275 2187 2340 2226 ex
2375 2171 2667 2227 voluntatis
2709 2172 3052 2229 inclinatione
3084 2177 3518 2234 corroborandos

1952 2281 2073 2320 esse
2125 2265 2430 2322 resciveris.
2469 2262 2712 2331 Quadam
2761 2267 2884 2321 boni
2927 2268 3108 2336 specie
3151 2270 3401 2340 allegata,
3437 2273 3519 2326 in-

1948 2358 2150 2414 vadunt
2207 2361 2440 2416 animam
2523 2377 2642 2434 qua:
2707 2363 2774 2417 ab
2849 2364 3062 2432 incepto
3130 2365 3516 2431 declinaverit,

1948 2466 2174 2522 eamque
2207 2454 2525 2520 perturbant
2558 2467 2610 2511 et
2661 2454 2954 2524 implicant.
3004 2455 3371 2512 Confessionis
3420 2459 3518 2510 sti-

1947 2553 2127 2612 gmata
2159 2544 2547 2600 olIuscantibus
2592 2545 2776 2600 inuras
2819 2547 3253 2616 cogitationibus,
3285 2558 3337 2602 et
3366 2549 3518 2604 malae

1951 2633 2094 2690 illico
2135 2635 2416 2706 aufugiunt
2452 2638 2652 2692 bestiae.
2689 2637 2834 2692 Luce
2879 2638 3110 2712 oriente,
3144 2639 3398 2694 recedunt
3440 2650 3515 2694 te-

1952 2723 2162 2793 nebrte;
2203 2727 2276 2782 ita
2321 2727 2679 2782 confessionis
2725 2728 3164 2798 ltttnetrdissipat
3209 2729 3516 2799 passionum

1953 2817 2213 2888 caligines
2257 2827 2312 2873 et
2357 2818 2737 2874 obnubilantes
2771 2821 3009 2875 umbras.
3040 2820 3200 2874 Vana?
3241 2822 3421 2890 gloriae
3465 2836 3519 2880 et

1954 2907 2282 2978 fatigationis
2309 2911 2539 2982 speciem
2575 2912 2773 2964 habent
2822 2910 2972 2964 mala}
3003 2912 3389 2982 cogitat‘Ones;
3433 2926 3518 2972 ast

1951 3001 2306 3058 confessionis
2330 3004 2627 3058 humilitate
2653 3011 2702 3056 et
2731 3003 2903 3070 pmnis
2945 3004 3140 3071 regula:
3170 3004 3516 3075 dili‘ugantur.

1954 3094 2188 3157 Etenim,
2208 3109 2331 3149 eum
2353 3095 2418 3148 ad
2445 3104 2674 3148 mentem
2705 3108 2824 3160 quae
2861 3094 3198 3162 passiouibus
3228 3097 3392 3152 libera
3417 3111 3517 3164 est,

1953 3187 2214 3242 accedunt
2253 3185 2404 3240 malae
2435 3186 2643 3249 bestiae,
2677 3189 2856 3241 statim
2892 3194 3038 3256 terga
3067 3197 3277 3241 vertunt
3304 3201 3521 3258 promer

263 3286 430 3340 Ὅθεν
473 3288 568 3340 καὶ
608 3287 708 3358 τὴν
757 3287 999 3343 διάνοιαν
1037 3290 1389 3360 εὑρίσκοντες
1423 3290 1714 3360 ἐλευθέραν
1744 3291 1847 3362 ἤδη

1956 3279 2263 3333 continuam
2298 3278 2558 3333 orationis
2590 3277 2974 3336 defensionem.
3013 3278 3112 3347 Qui
3145 3281 3521 3349 perturbantes

260 3374 372 3430 τῶν
429 3376 623 3430 παθῶν
689 3380 1070 3450 γεγενημένην
1125 3383 1192 3450 τῇ
1237 3383 1454 3450 συνεχεῖ
1502 3381 1596 3433 καὶ
1623 3381 1850 3434 εὐκατα-

263 3467 448 3538 νύκτῳ
509 3473 817 3541 προσευχῇ,
881 3471 1000 3540 μετ’
1071 3470 1336 3542 αἰσχύνης
1396 3471 1848 3541 δραπετεύουσιν.

265 3561 395 3614 Ὅτε
421 3562 530 3633 γὰρ
561 3564 821 3632 πειρᾶται
843 3564 870 3615 ό
899 3564 1210 3635 ἀγωνιστὴς
1234 3564 1451 3634 τέμνειν
1481 3566 1546 3635 τῇ
1572 3567 1848 3635 προσευχῇ

263 3655 392 3716 τοὺς
412 3656 788 3725 ταράττοντας
811 3656 977 3709 αὑτὸν
1011 3656 1330 3726 λογισμοὺς,
1358 3656 1548 3725 τέμνει
1582 3657 1679 3730 μὲν
1713 3657 1852 3726 πρὸς

271 3743 450 3814 βραχὺ
478 3745 572 3796 καὶ
597 3745 773 3816 εἴργει
792 3745 890 3815 τὴν
923 3746 1212 3799 πολύνοιαν
1265 3745 1465 3810 αὐτῶν,
1499 3745 1576 3809 ὡς
1606 3746 1854 3801 παλαίων

265 3837 362 3887 καὶ
383 3834 784 3905 ἁμιλλώμενος,
810 3838 870 3888 οὐ
905 3836 1202 3906 λυτροῦται
1225 3836 1280 3890 δὲ
1313 3837 1394 3904 είς
1441 3837 1588 3890 ἆπαν
1611 3854 1624 3866 ·
1663 3839 1854 3910 ἐπειδὴ

267 3929 369 3992 τὰς
399 3930 583 3993 αἰτίας
610 3930 721 3984 τῶν
747 3930 1105 4002 ἐνοχλούντων
1129 3931 1405 4002 λογισμῶν
1444 3933 1662 4004 στέργει
1691 3974 1705 3998 ,
1755 3934 1856 4004 τὴν

272 4019 576 4074 ἀνάπαυσιν
603 4021 703 4091 τῆς
728 4022 948 4093 σαρκὸς,
983 4023 1079 4075 καὶ
1096 4022 1195 4093 τὴν
1218 4022 1489 4093 κοσμικὴν
1519 4022 1854 4092 φιλοτιμίαν,

267 4113 336 4165 δι’
389 4111 458 4176 ἀς
513 4113 608 4166 καὶ
659 4112 796 4184 πρὸς
863 4113 1219 4184 ὲξαγόρευσιν
1266 4113 1444 4183 όρμὴν
1474 4115 1536 4166 ού
1592 4117 1852 4169 ποιεῖται.

269 4205 433 4258 Ὅθεν
453 4205 544 4257 καὶ
572 4205 796 4276 εἰρήνην
826 4206 924 4260 οὐκ
949 4207 1092 4275 ἄγει,
1127 4205 1260 4259 διότι
1305 4205 1376 4258 τὰ
1405 4204 1513 4258 τῶν
1566 4204 1856 4276 πολεμίων

267 4295 492 4366 κατέχει
542 4297 744 4352 δίκαια.
787 4299 882 4361 Τίς
911 4300 966 4351 δὲ
1008 4297 1261 4368 κατέχων
1327 4297 1600 4369 ἀλλότρια
1657 4297 1856 4365 σκεύη,

266 4391 371 4443 οὐκ
421 4392 739 4444 ἀπαιτείται
793 4392 967 4447 ταῦτα
1029 4391 1178 4460 παρὰ
1213 4391 1322 4444 τῶν
1363 4391 1602 4463 ἑχόντων
1630 4408 1643 4457 ;
1671 4392 1766 4455 Τίς
1803 4391 1861 4445 δὲ

270 4481 698 4550 ἀπαιτούμενος,
745 4485 838 4535 καὶ
881 4483 956 4553 μὴ
994 4483 1248 4536 ἀπολύων
1289 4482 1323 4537 ἃ
1382 4484 1606 4554 κατέχει
1648 4483 1858 4549 κακῶς,

277 4573 569 4644 λυτροῦται
605 4575 712 4629 ἀπὸ
733 4576 840 4629 τῶν
865 4577 1151 4631 ἀντιδίκων
1189 4577 1356 4630 αὐτοῦ
1384 4595 1398 4642 ;
1429 4579 1560 4630 Ὅτε
1593 4575 1648 4630 δὲ
1680 4577 1864 4645 ὁάγωο

1954 3373 2303 3442 cogitationes
2343 3373 2592 3428 excidere
2636 3375 2868 3444 cupierit
2908 3387 3190 3444 pugnator,
3222 3377 3287 3430 ad
3318 3378 3520 3432 oratio-

1957 3482 2078 3520 ttent
2115 3465 2374 3536 confugit,
2413 3477 2468 3522 et
2496 3482 2656 3536 quam
2699 3467 2962 3523 citissime
3005 3469 3172 3522 malas
3203 3469 3438 3522 concidit
3468 3480 3524 3526 et

1957 3557 2187 3612 maxime
2221 3569 2500 3623 versutas;
2533 3566 2768 3612 attamen
2812 3561 2865 3613 itt
2897 3575 3066 3630 agone
3091 3577 3192 3615 nec
3225 3562 3366 3616 ferro
3398 3577 3522 3632 par-

1954 3660 2043 3705 cat
2069 3665 2166 3706 nec
2184 3652 2486 3706 remissioni
2508 3652 2813 3723 indulgeat;
2843 3653 3042 3708 etenim
3063 3655 3105 3708 si
3134 3655 3520 3722 insurgentium

1956 3742 2342 3810 cogitationum
2366 3753 2546 3812 partes
2571 3746 2889 3814 susceperit,
2916 3746 3164 3801 videlicet
3189 3749 3368 3803 carnis
3389 3750 3524 3802 ami-

1956 3839 2137 3892 citiam
2169 3847 2222 3892 et
2254 3838 2433 3892 mundi
2470 3853 2731 3904 amorem,
2762 3840 2829 3893 ad
2860 3840 3086 3894 nihilum
3119 3843 3380 3911 proficiet.
3414 3844 3523 3899 Nec

1955 3930 2236 3984 victoriam
2282 3947 2453 4000 neque
2491 3946 2675 3998 pacem
2725 3933 3038 4001 reportabit,
3087 3934 3225 4000 quod
3275 3935 3525 3990 defendat

1959 4023 2195 4076 hostium
2233 4037 2446 4077 causas.
2477 4021 2532 4076 Si
2570 4022 2690 4090 quis
2724 4022 2900 4076 aliena
2947 4025 3202 4091 possidet,
3251 4041 3427 4079 nonne
3457 4028 3524 4080 ad

1957 4113 2350 4168 restitutionem
2388 4113 2631 4166 tenetur?
2665 4115 2731 4166 At
2782 4114 2827 4168 si
2864 4128 2958 4168 sua
2989 4114 3243 4170 reclamet
3275 4117 3525 4171 dominus

1957 4217 2010 4259 et
2040 4221 2068 4259 a
2101 4208 2378 4260 detentore
2413 4207 2612 4275 injusto
2643 4220 2745 4258 non
2780 4206 3042 4271 obtineat,
3076 4208 3330 4275 numquid
3376 4207 3524 4263 illum

1959 4300 2025 4353 ab
2055 4299 2378 4368 obligatiOne
2409 4297 2693 4352 liberabit?
2718 4296 2818 4364 Qui
2851 4314 3056 4369 pugnas
3091 4301 3299 4356 divinas
3332 4304 3528 4355 adierit

1961 4392 2016 4446 in
2049 4401 2228 4445 mente
2276 4406 2394 4454 sua,
2437 4400 2582 4444 amat
2633 4391 2856 4455 nesciri,
2902 4407 2998 4460 pro
3046 4392 3212 4446 nihilo
3257 4395 3525 4462 reputari,

1961 4498 2181 4538 carnem
2231 4464 2640 4536 tnortiﬁcare'et
2671 4498 2839 4538 vanas
2886 4484 3237 4553 cogitationes
3281 4487 3528 4541 confiteri

1961 4575 2163 4644 absque
2214 4575 2571 4638 verecundia;
2625 4574 2704 4629 sic
2752 4574 3008 4629 recedunt
3057 4575 3296 4640 inimici,
3346 4578 3525 4631 anima

269 4666 555 4736 νιζόμενος
577 4671 646 4739 τῇ
676 4667 771 4721 τοῦ
803 4666 939 4721 Θεοῦ
977 4669 1170 4742 μνήμῃ
1205 4668 1458 4736 δυνηθεὶς
1499 4670 1596 4737 τὴν
1643 4667 1850 4735 ἐξουδέ-

1964 4668 2219 4722 liberatur
2243 4673 2298 4719 et
2341 4666 2455 4734 ipse
2493 4667 2804 4721 continuam
2850 4669 3190 4735 prosequitur
3225 4670 3525 4740 orationem

280 4778 449 4814 νωσιν
508 4761 787 4831 ἀγαπήσει
843 4761 938 4815 καὶ
991 4763 1090 4831 τὴν
1158 4761 1406 4813 κάκωσιν
1480 4763 1580 4830 τῆς
1634 4759 1860 4830 σαρκὸς,

274 4854 375 4908 καὶ
412 4855 512 4924 τὴν
579 4853 932 4924 ἐξαγόρευσιν
990 4853 1097 4905 τῶν
1163 4853 1441 4923 λογισμῶν
1496 4851 1864 4923 ἁνεπαισχύν-

271 4963 384 5009 τως
455 4947 698 5017 ποιήσει,
771 4945 972 4999 αὐτίκα
1039 4945 1087 4997 οἱ
1155 4944 1254 5014 μὲν
1323 4944 1572 5015 πολέμιοι
1650 4947 1867 5015 ἀναχω-

275 5039 488 5111 ροῦσιν,
564 5042 596 5110 ἡ
642 5041 698 5094 δὲ
749 5040 958 5093 διάνοια
1008 5039 1272 5109 ἐλευθέρα
1343 5040 1708 5109 τυγχάνουσα,
1766 5041 1866 5111 τὴν

277 5131 569 5201 συνέχειαν
623 5132 724 5202 τῆς
776 5131 1110 5204 προσευχῆς,
1184 5135 1279 5186 καὶ
1347 5131 1448 5202 τὴν
1511 5131 1619 5185 τῶν
1707 5133 1868 5186 θείων

277 5225 517 5296 μελέτην
541 5225 990 5295 ἀδιάκοπονὲχει.
1032 5226 1218 5278 Πᾶσαν
1251 5225 1508 5279 ὑπόνοιαν
1540 5227 1866 5296 κινουμένην

275 5319 337 5370 ὲν
374 5321 444 5389 τῇ
492 5318 692 5390 καρδίᾳ
749 5317 891 5371 κατά
916 5335 1061 5382 τινος
1118 5317 1388 5388 παραιτοῦ
1421 5317 1725 5383 παντελῶς,
1790 5318 1867 5382 ὡς

278 5411 661 5466 καταλύουσαν
693 5413 912 5484 ἀγάπην
931 5411 1025 5465 καὶ
1057 5411 1300 5482 εἰρήνην.
1342 5412 1532 5480 Πᾶσαν
1557 5411 1614 5464 δὲ
1653 5429 1866 5480 συμφο-

280 5503 384 5576 ρὰν
419 5503 624 5568 ἔξωθεν
673 5504 1063 5574 ἐπερχομένην,
1100 5501 1365 5571 γενναίως
1400 5501 1724 5572 καταδέχου,
1790 5501 1867 5566 ὡς

279 5598 382 5668 τὴν
397 5598 672 5666 σωτήριον
695 5597 973 5668 ὑπομονὴν
1007 5595 1374 5668 προξενοῦσαν
1404 5612 1417 5626 ·
1441 5595 1747 5665 ὑπομονὴν,
1771 5592 1869 5665 τὴν

282 5691 456 5762 μονὴν
488 5692 583 5745 καὶ
619 5690 926 5745 ἀνάπαυσιν
959 5689 1327 5763 χαριζομένην
1361 5690 1417 5741 ἐν
1443 5690 1556 5751 τοῖς
1589 5687 1863 5758 οὐρανοῖς.

281 5786 443 5840 Οὕτω
461 5785 560 5848 τὰς
582 5785 799 5856 ἡμέρας
819 5784 1018 5848 ἀνύων,
1044 5786 1102 5838 ὲν
1129 5784 1226 5855 μὲν
1255 5785 1321 5854 τῇ
1347 5780 1598 5854 παρούσῃ
1619 5780 1731 5851 ζωῆ
1751 5783 1868 5851 μετ’

281 5875 557 5946 εὐθυμίας
589 5875 832 5946 βιώσεις,
863 5877 984 5954 tati;
1011 5872 1311 5946 μακαρίαις
1334 5871 1546 5926 ἐλπίσιν
1574 5871 1869 5942 εὐφραινό-

287 5987 486 6042 μενος·
522 5971 580 6024 ἐν
613 5970 669 6025 δέ
691 5971 756 6042 τῇ
788 5967 950 6042 ἐξόδῳ
1007 5970 1144 6042 μετὰ
1197 5966 1512 6040 παρρησίας
1553 5965 1872 6037 μεταστήσῃ

1959 4769 2120 4828 atque
2174 4773 2350 4811 rernnt
2419 4756 2718 4812 divinarum
2782 4758 3183 4813 meditationem
3232 4762 3522 4817 ass'duttm.

1960 4851 2185 4908 Omnem
2217 4851 2267 4903 in
2292 4851 2453 4903 corde
2472 4857 2778 4920 surgentem
2798 4851 3217 4920 StISpicationem
3241 4867 3398 4918 quam
3423 4853 3532 4918 pri-

1961 4959 2108 4997 mum
2139 4941 2407 5010 expellas;
2437 4943 2732 5011 perfrattgit
2773 4941 2914 4996 enim
2959 4957 3196 4996 amorem
3246 4952 3298 4997 ct
3341 4957 3527 5010 pacem

1959 5050 2081 5088 cum
2114 5035 2378 5104 proximo.
2405 5031 2450 5088 Ο
2470 5050 2569 5087 une
2597 5035 2796 5088 malum
2831 5035 2897 5088 ab
2925 5044 3077 5088 extra
3128 5036 3333 5090 illatum
3363 5035 3530 5087 virili-
3563 5014 3580 5029 ’

1960 5132 2044 5179 ter
2091 5125 2354 5195 suscipias
2399 5141 2412 5179 :
2449 5126 2750 5178 salutarem
2803 5126 2897 5179 tibi
2943 5126 3146 5180 inducit
3194 5128 3526 5196 patientiam,

1962 5231 2057 5284 per
2085 5217 2399 5287 patientiam
2436 5232 2558 5269 vero
2595 5217 2687 5270 tibi
2736 5217 2787 5270 in
2828 5217 2985 5271 caelis
3019 5218 3204 5272 tribuit
3246 5219 3530 5274 habitacu-

1959 5305 2068 5360 lttm
2118 5316 2172 5359 et
2217 5305 2668 5361 sublevationetn.
2715 5305 2804 5360 Sic
2845 5306 3094 5374 perlicias
3135 5307 3249 5362 dies
3279 5319 3428 5371 tuos,
3477 5310 3530 5364 in

1961 5398 2067 5452 vita
2097 5398 2342 5466 praesenti
2376 5414 2628 5467 magnqu
2662 5397 2862 5451 habeas
2895 5399 3132 5450 animum
3164 5407 3214 5452 et
3240 5399 3307 5453 de
3335 5399 3533 5456 futuris

1961 5490 2321 5556 congaudens.
2384 5489 2514 5542 Cum
2565 5499 2742 5542 autem
2815 5503 2881 5540 ex
2952 5490 3382 5558 peregrinatione
3433 5505 3524 5547 tua

1962 5581 2209 5644 redieris,
2263 5581 2597 5634 confidenter
2643 5579 2889 5632 aditurus
2943 5581 3018 5635 sis
3075 5581 3188 5634 loca
3242 5584 3533 5653 refrigerii,

1961 5689 2079 5743 quae
2122 5674 2216 5728 tibi
2264 5671 2565 5726 advenienti
2613 5672 2819 5742 paravit
2862 5672 3116 5728 Dominus
3147 5683 3201 5728 et
3243 5675 3295 5728 in
3330 5691 3535 5732 merce-

1962 5764 2082 5818 dem
2115 5764 2357 5818 laborum
2409 5764 2494 5816 hic
2537 5773 2906 5832 susceptorum
2951 5765 3231 5820 retribuet.
3269 5767 3534 5836 ilegnabis

1961 5870 2082 5910 cum
2117 5855 2227 5921 illo,
2267 5857 2350 5910 cui
2381 5857 2554 5910 omnis
2591 5856 2831 5909 convenit
2869 5855 3056 5925 gloria,
3092 5858 3261 5912 honos
3305 5871 3353 5912 et
3401 5862 3536 5914 ado-

1963 5950 2122 6016 ratio,
2154 5965 2252 6004 una
2287 5965 2406 6003 cum
2455 5950 2608 6002 νισι-υ
2638 5950 2752 6002 sine
2786 5950 3066 6019 principio,
3104 5967 3221 6002 eum
3267 5959 3452 6006 sancto
3480 5959 3536 6003 et
