3952 6510
421 305 448 318 ο

306 371 399 433 ιθι

1117 373 1212 433 DE
1252 375 1719 437 ABSCONDITA
1765 372 2249 435 OPERATIONE
2293 373 2372 431 IN
2414 371 2766 436 CHRISTO.

3438 372 3551 435 an

293 489 413 555 γὰρ,
444 488 601 557 φηδὶ.
636 487 712 557 τῷ
768 488 993 557 ὀνόματί
1018 508 1139 559 μου,
1196 490 1395 561 Κύριον
1427 493 1666 547 ἐναντίον
1698 510 1814 551 σου.
1848 513 1866 547 ι

1993 496 2099 537 mle
2149 496 2198 538 te
2228 486 2289 537 “.
2335 503 2351 533 ι
2388 484 2848 549 Quemadmodum
2882 482 3120 536 Adamtts
3146 525 3159 551 ,
3235 500 3394 537 manu
3453 486 3543 539 Diei

294 580 399 632 Καὶ
430 578 623 649 ὥσπερ
658 582 683 629 ὁ
734 582 903 651 Ἀδὰμ
940 584 1085 652 χειρὶ
1121 582 1257 637 Θεοῦ
1316 584 1575 646 πλασθεὶς
1616 587 1722 638 ἀπὸ
1751 587 1873 656 χοὸς

294 672 512 738 γέγονεν
542 675 623 736 είς
656 674 836 742 ψυχὴν
869 674 1049 735 ζῶσαν
1090 678 1146 727 ἐν
1192 677 1475 745 φυσήματι
1527 677 1679 746 θείῳ,
1734 680 1876 732 οὕτω

293 767 377 817 καὶ
406 766 435 817 δ
467 764 595 827 νοῦς
620 768 740 828 ταῖς
769 766 991 835 ἀρεταῖς
1021 766 1396 830 διαπλασθεὶς,
1439 772 1614 840 πυκνῇ
1638 771 1870 841 ἐπικλή-

294 871 367 907 σει
405 855 611 927 Κᾳύριον
640 858 703 907 ὲκ
738 856 983 924 καθαρᾶς
1012 858 1269 922 διανοίας,
1329 860 1422 910 καὶ
1453 859 1662 928 θερμῆς
1692 860 1874 913 διαθέ-

293 964 424 1010 σεως
475 948 823 1018 ὑπᾳδομένη,
861 949 959 1018 τὴν
1002 948 1154 1002 θείαν
1206 949 1494 1003 ἀλλοίωσιν
1539 952 1870 1019 ἀλλοιοῦται,

296 1039 732 1109 ζωογονούμενος
760 1044 854 1095 καὶ
902 1041 1324 1113 θεοποιούμενος
1352 1044 1415 1095 ἐκ
1480 1043 1572 1095 τοῦ
1605 1045 1875 1112 γνώσκειν

298 1134 386 1184 καὶ
414 1134 638 1205 ἀγαπᾷν
671 1136 763 1187 τὸν
782 1134 933 1189 Θεόν.

361 1224 431 1293 γ’.
478 1227 607 1279 Ἐἀν
668 1230 871 1299 ἐκστῇς
926 1228 1029 1299 τῆς
1055 1229 1163 1282 τῶν
1198 1232 1401 1301 γηΐνων
1460 1233 1756 1303 ἐπιθυμίας
1806 1237 1873 1305 τῇ

248 1381 255 1401 ⁸
298 1323 509 1388 συνεγεί
539 1322 635 1374 καὶ
667 1322 951 1392 εἱλικρινεί
974 1327 1276 1395 προσευχῇ,
1316 1326 1409 1378 καὶ
1442 1326 1562 1379 ἀντὶ
1590 1326 1757 1379 ὕπνου
1776 1344 1873 1379 κα-

295 1412 581 1482 ταπαύσῃς
609 1411 719 1463 ἀπὸ
753 1412 929 1482 πάσης
956 1412 1165 1476 ἐννοίας
1204 1414 1305 1481 τῆς
1372 1415 1511 1484 μετά
1562 1416 1716 1478 Θεὸν,
1782 1417 1873 1469 καὶ

299 1502 594 1573 στηριχθῇς
629 1504 827 1567 ὑλικῶς
878 1505 959 1569 είς
997 1504 1166 1574 μόνην
1215 1506 1311 1576 τὴν
1332 1505 1426 1558 τοῦ
1468 1506 1603 1560 Θεοῦ
1636 1508 1877 1579 μνήμην,

299 1596 849 1668 ἀνοικοδομηθήσεται
892 1600 951 1651 ὲν
988 1600 1072 1651 σοὶ
1126 1600 1379 1671 καθάπερ
1424 1601 1564 1666 ἄλλη
1621 1602 1813 1672 βοηθὸς
1846 1604 1880 1673 ἡ

298 1688 388 1741 τοῦ
418 1689 555 1741 Θεοῦ
586 1692 797 1759 ἀγάπη.
845 1692 906 1743 Ἦ
942 1691 1051 1762 γὰρ
1088 1694 1152 1744 ὲκ
1197 1694 1507 1763 προσευχῆς
1526 1694 1667 1748 κατά
1696 1693 1879 1746 διάθε-

300 1799 377 1836 σιν
436 1782 533 1852 βοὴ
577 1784 679 1855 τήν
726 1784 873 1837 θείαν
912 1784 1135 1854 ἀγάπην
1189 1785 1498 1848 ἀναδίδωσι,
1555 1786 1649 1838 καὶ
1696 1785 1876 1857 ἡθεία

298 1875 481 1944 ἀγάπη
531 1875 801 1940 διῡπνίζει
842 1876 936 1929 τὸν
1004 1876 1150 1940 νοῦν,
1210 1877 1345 1949 πρὸς
1408 1878 1715 1947 φανέρωσιν
1770 1877 1878 1930 τῶν

300 1969 655 2038 άποκρύφων.
690 1969 823 2021 Τῦτε
854 1973 879 2022 ο
911 1969 1054 2035 νοῦς,
1085 1973 1151 2039 τῇ
1206 1971 1399 2042 ἀγάπῃ
1455 1969 1874 2037 συναρμοσοεὶς,

297 2062 390 2131 τὴν
422 2063 619 2131 σοφίαν
642 2064 969 2133 καρποῦται,
1012 2064 1108 2117 καὶ
1137 2064 1225 2116 διὰ
1273 2064 1370 2132 τῆς
1396 2063 1590 2132 σοφίας
1614 2062 1683 2114 τὰ
1706 2063 1882 2133 ἀπόρο

299 2156 434 2225 ρητα
471 2156 854 2224 καταγγέλλει.
894 2155 951 2207 'U
986 2156 1084 2223 γάρ
1109 2155 1240 2217 Θεὸς
1272 2156 1465 2223 Λόγος,
1496 2155 1583 2207 διὰ
1614 2156 1711 2224 τῆς
1737 2156 1879 2209 κατά

296 2247 394 2315 τὴν
443 2247 756 2317 προσευχὴν
809 2247 935 2315 βοῆς
968 2248 1109 2299 κατά
1151 2246 1394 2300 διάθεσιν
1456 2244 1876 2314 ὀνομαζόμενος.

296 2330 564 2400 λαμϐάνει
595 2334 693 2399 τὴν
725 2330 816 2384 τοῦ
851 2330 939 2383 νοῦ
963 2332 1169 2401 νοήσιν,
1207 2331 1463 2402 καθάπερ
1499 2331 1743 2401 πλευρὰν
1778 2332 1879 2398 τὴν

297 2424 497 2490 γνῶσιν
545 2424 852 2494 χαρίζεται,
909 2425 1004 2477 καὶ
1048 2424 1163 2476 ἀντ’
1191 2425 1359 2495 αὐτῆς
1402 2423 1733 2493 ἀναπληρῶν
1782 2422 1879 2493 τὴν

298 2520 510 2589 ἀγαθὴν
545 2519 809 2585 διάθεσιν,
832 2520 1086 2589 δωρεῖται
1116 2517 1214 2589 τὴν
1239 2518 1463 2589 ἀρετὴν,
1490 2516 1766 2586 οἰκοδομεῖ
1782 2514 1881 2586 τὴν

296 2614 606 2681 φωτοποιδν
632 2613 869 2691 ἀγάπην.
898 2613 992 2665 καλ⁸
1039 2612 1163 2680 άγει
1218 2609 1369 2680 παρά
1402 2610 1493 2662 τὸν
1548 2608 1882 2678 ἐξεστηκότα

298 2691 443 2756 νοῦν,
466 2692 565 2745 καὶ
592 2691 893 2757 ὑπνοῦντα,
942 2693 1038 2746 καὶ
1091 2694 1507 2763 ἀναπαυόμενον
1559 2693 1667 2747 ἀπὸ
1697 2693 1879 2761 πάσης

300 2784 495 2854 γηῖνης
532 2782 847 2853 ἐπιθυμίας.
893 2784 956 2837 Ἡ
982 2785 1037 2837 δὲ
1074 2785 1263 2856 ἀγάπη
1316 2787 1448 2857 ἄλλη
1481 2786 1671 2857 βοηθὸς
1724 2785 1877 2853 εὑρί-

301 2894 494 2931 σκεται
524 2876 621 2929 τοῦ
650 2876 1109 2941 καταπαύσαντος
1130 2878 1242 2939 νοῦ,
1276 2880 1386 2933 ἀπὸ
1414 2880 1509 2948 τῆς
1538 2879 1740 2945 ἀλόγου
1773 2877 1880 2930 τῶν

299 2966 577 3037 αίσθητῶν
612 2968 1003 3037 προσπαθείας.
1042 2968 1207 3021 Ὅθεν
1234 2971 1329 3023 καὶ
1360 2968 1627 3034 διῡπνίζει
1646 2969 1736 3020 τὸν
1757 2966 1881 3020 νοῦν

302 3063 378 3124 ὡς
430 3061 670 3133 καθαρὸν
701 3063 780 3124 είς
832 3062 901 3114 τὰ
926 3061 1024 3129 τῆς
1069 3062 1264 3131 σοφίας
1305 3064 1547 3133 ῥήματα.
1577 3062 1711 3114 Τότε
1744 3060 1880 3130 πρὸς

304 3152 479 3225 αὐτὴν
512 3153 698 3221 ὁρῶνό
731 3153 877 3217 νοῦς,
902 3156 996 3205 καὶ
1014 3153 1472 3223 καθηδυνόμενος,
1503 3154 1602 3215 τὰς
1631 3151 1881 3221 κρυπτὰς

302 3247 413 3299 τῶν
434 3246 646 3318 ἀρετῶν
679 3246 967 3309 διαθέσεις,
1002 3247 1094 3299 καὶ
1124 3246 1223 3310 τὰς
1273 3246 1538 3309 ἀθεάτους
1600 3243 1912 3314 ἐνεργείας.

303 3341 404 3410 τῆς
434 3340 713 3408 γνώσεως,
741 3341 855 3401 τοῖς
886 3339 1066 3403 ἄλλοις
1094 3338 1434 3409 δημοσιεύει,
1477 3339 1566 3393 διὰ
1622 3339 1719 3407 τῆς
1774 3337 1883 3390 τῶν

305 3430 479 3499 λόγων
504 3430 805 3492 ἐκτάσεως.

374 3520 439 3574 δ’.
472 3520 738 3591 Ἔκστηθι
780 3520 997 3575 πάντων
1028 3539 1137 3575 των
1189 3521 1311 3574 κατ’
1354 3522 1625 3591 αἴσθησιν,
1656 3521 1748 3573 καὶ
1776 3538 1868 3572 κα-

304 3614 503 3667 τάλιπε
532 3614 626 3667 τὸν
678 3613 781 3683 τῆς
827 3614 1029 3685 σαρκὸς
1065 3615 1258 3684 νόμον·
1291 3615 1386 3667 καὶ
1421 3616 1451 3667 ὁ
1507 3614 1885 3684 πνευματικὸς

304 3705 473 3774 νόμος
533 3705 877 3776 γραςήσεται
918 3709 984 3777 τῇ
1015 3709 1081 3777 σῇ
1121 3706 1348 3776 διανοίᾳ.
1385 3706 1473 3769 Ὠς
1504 3707 1616 3778 γὰρ
1645 3709 1672 3759 ὁ
1721 3706 1881 3763 msti-

307 3814 445 3863 ματι
469 3796 809 3866 περιπατῶν,
844 3796 1140 3866 ἐπιθυμίαν
1186 3797 1388 3867 σαρκὸς
1416 3796 1476 3849 οὐ
1520 3797 1685 3863 τελεῖ,
1738 3798 1881 3851 κατὰ

304 3890 399 3943 τὸν
445 3889 785 3956 ’Δπόστολον,
809 3889 951 3943 οὕτω
979 3890 1071 3943 καὶ
1106 3892 1134 3943 ό
1162 3890 1514 3959 ἐξιστάμενος
1571 3890 1879 3960 αἰσθήσεων

306 3984 407 4037 γαὶ
444 3982 743 4054 αίσθητῶν,
774 3984 975 4054 σαρκὸς
1039 3983 1240 4054 δηλαδὴ
1282 3985 1374 4037 καὶ
1413 3985 1641 4053 κόσμου,
1696 3986 1776 4046 είς
1826 3982 1885 4035 τὸ

306 4074 531 4145 πνεῦμα
562 4077 905 4145 περιπατεῖν,
947 4076 1041 4127 καὶ
1079 4076 1147 4127 τὰ
1176 4074 1271 4127 τοῦ
1308 4075 1617 4144 πνεύματος
1668 4075 1886 4143 φρονεῖν

308 4171 551 4241 ἔρχεται.
611 4170 722 4222 Καὶ
750 4168 907 4223 τοῦτο
958 4168 1257 4240 διδάχθητι,
1304 4166 1364 4233 ἐξ
1387 4163 1461 4223 ὧν
1488 4172 1515 4221 ὁ
1534 4168 1666 4232 Θεὸς
1688 4171 1766 4231 εἰς
1796 4169 1887 4221 τὸν

320 4263 497 4333 nam
520 4263 626 4334 πρὸ
668 4266 768 4332 τῆς
796 4264 1080 4333 παρακοῆς
1109 4262 1529 4332 κατειργάσατο.
1608 4295 1625 4311 ε

383 4362 448 4408 ε’.
479 4355 584 4408 Τὸν
620 4354 755 4425 περὶ
774 4354 873 4424 τὴν
913 4353 1160 4424 φυλακὴν
1182 4353 1290 4406 τῶν
1312 4353 1541 4407 ἐντολῶν
1574 4352 1891 4421 διαγωνιζό-

314 4466 501 4519 μενον,
541 4448 635 4501 καὶ⁵
664 4449 721 4501 ἐν
752 4446 827 4516 τῷ
858 4446 1168 4517 παραδείσῳ
1192 4448 1290 4516 τῆς
1325 4448 1633 4519 προσευχῆς
1663 4446 1892 4514 διακαρ-

1977 586 2213 637 Creattts,
2251 589 2301 630 et
2355 593 2381 629 a
2431 588 2571 629 terra
2629 575 2838 628 transiit
2887 575 2939 627 in
2998 578 3230 628 animam
3279 578 3545 629 viventem

1977 671 2279 724 Sttltam.iltt
2318 671 2520 728 divino.
2577 670 2653 723 sic
2704 678 2757 723 et
2809 669 3065 737 Spiritus,
3111 669 3201 737 qui
3264 670 3553 723 \it'ltttilms

1979 764 2326 827 informatur,
2372 764 2685 830 lt'cquenler
2722 762 2883 815 Dctnu
2934 743 3144 817 invocat
3196 780 3325 832 petra
3376 776 3553 815 tllt’ll'e

1982 875 2035 919 et
2065 863 2276 918 fervore
2309 877 2522 930 magno,
2557 877 2648 929 per
2680 860 2915 912 divinam
2959 860 3324 927 Opf‘t‘alimtcttt
3353 860 3549 911 immo-

1980 967 2145 1019 tatur,
2189 955 2490 1010 vit'ilicatur
2523 952 2904 1018 ctdeilicatur,
2956 952 3098 1020 quod
3154 954 3313 1004 licunt
3367 960 3553 1005 noscat

1976 1058 2031 1106 et
2060 1063 2203 1105 amet

2048 1236 2101 1289 5.
2138 1234 2194 1289 Si
2231 1234 2500 1288 continua:
2556 1241 2609 1285 ct
2666 1247 2813 1302 pura:
2872 1231 3106 1285 orationi
3166 1231 3447 1284 institi-ris.
3501 1240 3555 1283 et

1977 1329 2275 1397 appetitum
2311 1342 2491 1380 rerum
2522 1337 2862 1380 terrenarum
2894 1324 3159 1394 alijeceris
3200 1337 3249 1376 ct
3283 1341 3375 1392 por
3407 1340 3561 1376 som-

1979 1437 2105 1474 num
2158 1420 2327 1487 ipsum
2368 1433 2554 1472 omnes
2619 1419 2975 1486 cogitationes
3029 1428 3149 1471 tuas
3202 1418 3439 1471 erexeris
3489 1418 3553 1467 ad

1979 1510 2168 1575 Deum,
2200 1511 2243 1563 si
2294 1519 2436 1562 totus
2489 1509 2538 1560 in
2594 1510 2703 1561 sola
2740 1509 2828 1561 Dei
2892 1510 3261 1562 recordatione
3311 1509 3555 1560 lit-matus

1981 1603 2347 1669 fueris,amor
2405 1601 2494 1654 Dei
2541 1616 2635 1654 ceu
2683 1618 2852 1655 novus
2881 1602 3169 1654 auxiliator
3220 1601 3270 1654 in
3324 1610 3373 1655 te
3404 1599 3556 1651 Inibi-

1983 1696 2133 1749 tabit.
2189 1694 2340 1760 Quod
2393 1709 2485 1761 per
2521 1692 2759 1747 habitum
2789 1693 3050 1747 orationis
3081 1692 3173 1747 tibi
3208 1693 3347 1745 inest
3406 1691 3558 1757 adju-

1982 1789 2204 1850 torium,
2242 1786 2479 1840 divinam
2520 1785 2765 1854 producit
2813 1784 3153 1847 charitatem,
3188 1783 3426 1836 Charitas
3457 1798 3555 1833 an-

1985 1888 2092 1934 tem
2145 1878 2366 1945 evigilat
2452 1886 2505 1929 et
2570 1875 2770 1930 excitat
2842 1874 3088 1939 Spiritum
3138 1882 3195 1927 nt
3244 1875 3554 1925 abscondita

1986 1970 2311 2025 ntattil‘estet.
2346 1968 2448 2033 Qui
2492 1968 2743 2021 cltaritati
2782 1966 3127 2035 conjungitur
3173 1968 3410 2033 spiritus,
3464 1965 3557 2015 Ui)-

1984 2063 2119 2117 tinet
2196 2059 2517 2129 sapientiam
2593 2066 2661 2121 et;
2716 2072 2811 2126 per
2877 2054 3200 2125 sapientiam
3268 2051 3556 2105 inclTuItilid

1981 2160 2221 2207 enarrat.
2275 2150 2414 2204 Dens
2450 2160 2528 2203 est
2564 2147 2823 2213 Verbum,
2859 2162 2952 2215 per
2994 2146 3257 2199 orationis
3299 2145 3557 2195 amiliunt

1981 2254 2035 2305 et
2066 2244 2306 2299 habitum
2354 2244 2671 2307 inxocatur;
2701 2241 2937 2310 Spiritus
2969 2239 3291 2306 posmlantis
3336 2252 3554 2289 sensum

1990 2337 2261 2407 comperit
2315 2344 2371 2390 et
2426 2335 2815 2404 cogitationem
2867 2331 3112 2385 concedit
3161 2329 3556 2389 ιιιιιιιιά.ιιιιυιιι;

1982 2426 2140 2495 juxta
2180 2428 2375 2481 bonam
2402 2426 2595 2479 animae
2622 2421 3028 2493 dispositionem
3053 2419 3276 2487 largitur
3308 2419 3557 2477 virtutes.

1981 2520 2377 2573 illuminantem
2402 2518 2469 2572 ibi
2499 2517 2729 2571 collocat
2755 2502 3073 2569 charitatcm
3103 2528 3116 2575 ;
3148 2512 3393 2579 spiritum
3425 2524 3561 2563 vero

1980 2612 2348 2674 aberrantem,
2372 2610 2753 2665 dormitantem
2768 2616 2831 2661 et
2852 2605 3199 2671 defatigatum
3221 2604 3286 2655 ab
3309 2603 3557 2653 omnibus

1982 2700 2164 2757 sreculi
2202 2700 2482 2755 desideriis
2514 2698 2725 2751 liberat.
2771 2694 2872 2761 Qui
2923 2693 2989 2746 ab
3012 2691 3159 2744 onmi
3195 2688 3567 2741 irrationabili-

1981 2804 2035 2847 ct
2078 2791 2324 2847 sensibili
2369 2790 2608 2859 appetitu
2651 2789 2784 2841 liber
2847 2796 2929 2840 est
2991 2784 3233 2854 spiritus,
3305 2796 3551 2845 magnum:

1984 2885 2242 2941 cltaritali
2281 2892 2501 2953 priestat
2531 2881 2857 2949 adjutorium
2886 2896 2898 2932 :
2936 2893 3100 2945 purus
3129 2878 3271 2930 enim
3305 2894 3330 2925 ιι
3369 2890 3560 2928 smnno

1984 2979 2203 3033 ducitur
2253 2988 2308 3031 et
2354 2976 2689 3031 coaveititur
2743 2974 2809 3026 ad
2850 2974 3013 3026 verba
3072 2969 3365 3036 sapientiae.
3423 2969 3555 3018 Ιιιιειι

1985 3071 2304 3127 cltaritatem
2346 3070 2559 3139 aspicit,
2615 3080 2863 3134 magnam
2914 3063 3143 3133 percipit
3187 3059 3556 3128 Voluptatettt;

1988 3165 2113 3219 aliis
2176 3162 2530 3217 facultatibus
2581 3160 2836 3228 explanat
2897 3155 3242 3211 absconditae
3295 3151 3554 3205 virtutum

1989 3256 2186 3310 lormas
2216 3266 2266 3310 et
2297 3253 2590 3307 invisibiles
2621 3250 2944 3317 cognitionis
2986 3246 3325 3317 operationcs
3371 3245 3559 3296 Vcl‘bo-

1990 3362 2107 3401 rum
2138 3346 2533 3415 signiﬁcatione
2575 3343 2958 3397 communicat.

2058 3528 2114 3581 4.
2150 3530 2229 3580 Ab
2287 3526 2539 3581 munibus
2598 3525 2807 3578 abstine
2870 3522 3212 3577 scnsibilibus
3279 3533 3331 3576 et
3384 3521 3556 3590 legem

1988 3620 2169 3675 carnis
2214 3619 2523 3685 derelinque
2560 3631 2574 3669 :
2615 3625 2743 3670 tunc
2793 3615 2877 3669 lex
2943 3614 3175 3684 Spiritus
3230 3614 3556 3667 inscrilietnr

1988 3713 2135 3766 cordi
2175 3722 2283 3764 tuo.
2338 3710 2440 3775 Qui
2491 3708 2731 3761 ambulat
2786 3708 3002 3776 spiritu,
3068 3707 3330 3759 desideria
3382 3709 3561 3760 carnis

1991 3822 2097 3860 n0u
2140 3806 2370 3874 perlicit,
2407 3805 2481 3856 ιιιὶ
2506 3804 2795 3869 Apostolus
2826 3803 2989 3867 dicit;
3023 3803 3111 3869 qui
3140 3818 3328 3855 sensus
3364 3810 3413 3854 rt
3439 3816 3479 3853 St
3502 3818 3562 3853 n-

1990 3900 2193 3963 sibilia,
2216 3913 2434 3950 carnem
2463 3896 2712 3948 videlicet
2736 3904 2788 3948 et
2820 3900 3072 3947 mundum
3107 3895 3260 3961 fugit,
3290 3896 3341 3947 in
3368 3895 3466 3962 spii
3486 3895 3559 3946 im

1991 3992 2267 4045 ambulare
2325 3988 2510 4056 incipit
2569 3998 2621 4043 ct
2666 3988 2985 4050 secundum,
3036 3986 3284 4055 Spiritum
3348 4000 3559 4053 s-perc.

1993 4080 2144 4147 Quod
2182 4090 2235 4133 et
2275 4080 2379 4132 illis
2432 4080 2526 4131 tibi
2582 4087 2915 4144 compertum
2969 4076 3038 4132 sit
3092 4090 3210 4145 qntc
3256 4074 3392 4128 ilcus
3440 4084 3563 4128 ante

1992 4173 2181 4226 Adami
2222 4172 2474 4226 delictum
2505 4171 2731 4241 peregit.

2065 4357 2121 4411 5.
2155 4356 2249 4410 llic
2283 4358 2345 4411 de
2371 4354 2673 4409 divinorum
2709 4352 3084 4407 mandatorum
3118 4351 3363 4407 custodia
3394 4362 3564 4405 certat

1995 4451 2048 4505 in
2078 4452 2351 4521 paradiso,
2404 4449 2571 4503 instat
2622 4447 2852 4502 orationi
2902 4456 2955 4507 et
3002 4446 3230 4501 Domino
3285 4455 3426 4500 astat
3469 4461 3563 4515 per

310 4540 603 4610 τεροῦντα,
635 4542 727 4593 καὶ
752 4539 830 4611 τῷ
860 4539 979 4609 Θεῷ
1026 4538 1457 4610 προσεδρεύοντα
1487 4540 1575 4594 διὰ
1604 4540 1701 4610 τῆς
1733 4555 1883 4591 συνε-

1996 4545 2297 4598 orationetn
2330 4540 2633 4603 assiduam;
2669 4553 2697 4591 a
2735 4538 2841 4591 Deo
2866 4538 3128 4591 liberatur
3152 4538 3569 4607 dejucumlitate

312 4632 447 4703 χοῦς
483 4636 722 4703 μνήμης,
759 4636 785 4685 ὁ
814 4632 944 4695 Θεὸς
966 4631 1150 4702 ἐξιστᾷ
1172 4632 1279 4685 ἀπὸ
1295 4630 1405 4685 τῶν
1442 4631 1541 4701 τῆς
1576 4630 1776 4701 σαρκὸς
1802 4648 1893 4698 φι-

313 4725 555 4795 ληδόνων
592 4724 1012 4793 ἐνεργημάτων,
1055 4724 1149 4777 καὶ
1184 4723 1292 4777 ἀπὸ
1340 4724 1562 4778 πάντων
1601 4722 1733 4797 σιῶν1
1772 4721 1893 4775 κατ’

314 4819 574 4889 αἴσθησιν
605 4819 946 4887 κινημάτων,
984 4817 1079 4871 καὶ
1101 4816 1208 4872 ἀπὸ
1230 4818 1448 4872 πάντων
1476 4815 1584 4871 τῶν
1604 4814 1747 4870 κατά
1779 4814 1895 4868 διά-

316 4931 472 4966 νοιαν
534 4911 853 4982 σχημάτων,
910 4910 1003 4965 καὶ
1051 4910 1242 4982 νεκρὸν
1301 4912 1415 4974 τοῖς
1477 4907 1676 4965 πάθεσι
1710 4907 1803 4961 καὶ
1829 4909 1895 4977 τῇ

318 5004 568 5076 ἁμαρτίᾳ
598 5003 1053 5071 παρασκευάζων,
1078 5004 1175 5071 τῆς
1193 5002 1342 5065 θείας
1368 5002 1513 5073 ζωῆς
1537 5002 1761 5071 μέτοχον
1797 5018 1898 5052 κα-

320 5101 594 5170 θίστησιν.
636 5098 722 5161 Ὡς
752 5096 860 5167 γὰρ
883 5097 912 5149 ὁ
948 5095 1262 5158 ὑπνώττων,
1296 5096 1387 5148 καὶ
1414 5094 1606 5164 νεκρὸς
1634 5093 1902 5163 παρεικά-

321 5194 500 5256 (erat,
562 5191 659 5245 καὶ
703 5189 812 5255 ζῶν
835 5190 1103 5261 ὑπάρχει·
1138 5188 1197 5241 τὸ
1257 5187 1374 5258 μὲν,
1407 5190 1472 5258 τῇ
1505 5186 1759 5258 ἐνεργείᾳ
1802 5184 1895 5239 τοῦ

323 5286 601 5353 σώματος,
634 5282 784 5347 τὸδὲ,
815 5284 882 5352 τῇ
924 5278 1213 5353 συνεργείᾳ
1250 5280 1346 5348 τῆς
1369 5278 1581 5349 ψυχῆς*
1613 5278 1757 5331 οὕτω
1806 5278 1901 5331 καὶ

323 5381 350 5428 ὁ
398 5373 665 5444 πνεύματι
696 5373 1055 5443 παραμένων,
1098 5372 1262 5441 σαρκὶ
1306 5370 1404 5440 μὲν
1464 5369 1557 5421 καὶ
1607 5370 1794 5439 κζσμῳ
1816 5384 1902 5421 νε-

328 5470 579 5541 κροῦται.
609 5468 675 5538 ζῇ
700 5468 756 5519 δὲ
784 5466 860 5537 τῷ
876 5465 970 5519 τοῦ
1010 5463 1321 5533 πνεύματος
1354 5464 1685 5534 φρονήματι.

400 5569 474 5628 ς’.
511 5562 573 5615 Et
608 5560 873 5629 γνώσκεις
908 5558 1204 5627 ἃψάλλεις,
1236 5556 1531 5626 λαμϐάνεις
1584 5555 1896 5622 ἐπίγνωσιν.

340 5640 437 5707 Ἕκ
469 5656 565 5723 τῆς
591 5651 939 5722 ἐπιγνώσεως
986 5652 1184 5705 κτᾶσαι
1223 5650 1458 5703 σύνεσιν.
1500 5649 1591 5702 Ἐκ
1618 5649 1719 5718 τῆς
1747 5648 1902 5701 συνέ-

402 5835 445 5868 ⁹¹
490 5835 631 5893 Psal.
669 5851 777 5903 xu,
814 5838 865 5891 5.

1999 4634 2374 4704 Operationum
2431 4631 2636 4693 carnis,
2661 4629 2726 4683 de
2758 4631 2991 4683 motibus
3021 4643 3304 4691 sensuum,
3336 4630 3399 4681 de
3421 4646 3567 4681 lllt'll-

2002 4732 2071 4785 tis
2120 4728 2624 4799 pliantasmatibns;
2675 4736 2924 4780 mortuus
2981 4734 3063 4780 est
3122 4726 3461 4794 passionilius
3513 4735 3569 4778 et

2000 4825 2271 4881 illecebris
2310 4822 2539 4894 peccati,
2592 4821 2700 4874 imo
2731 4820 2856 4874 vitae
2884 4820 3075 4874 divina:
3120 4818 3294 4872 factus
3322 4826 3403 4872 est
3444 4834 3569 4887 par-

2003 4920 2193 4985 ticeps.
2228 4916 2300 4969 Ita
2334 4925 2385 4968 et
2424 4914 2722 4974 dormiens,
2762 4911 2865 4965 etsi
2914 4912 3075 4971 vivat,
3122 4920 3336 4963 mortuo
3388 4920 3568 4963 tamen

2003 5019 2177 5079 poti-st
2211 5008 2503 5063 assimilari
2541 5024 2555 5059 :
2588 5005 2785 5060 cecidit
2822 5005 2963 5058 enim
3017 5006 3257 5079 corppris
3308 5003 3569 5069 operatio,

2003 5020 2177 5079 potest
2211 5020 2503 5063 assimilarl
2541 5024 2555 5059 :
2588 5020 2785 5060 eccum
2822 5021 2963 5058 etum
3017 5020 3143 5073 corp
3185 5020 3257 5059 rts
3308 5020 3569 5069 operatio,

1995 5103 2220 5172 Spiritus
2247 5111 2427 5156 autem
2464 5102 2721 5171 potentiae
2754 5100 3054 5155 subsistunt
3082 5115 3095 5149 :
3129 5020 3206 5150 εζο
3253 5096 3343 5166 qui
3374 5096 3569 5164 spiritu

2002 5196 2216 5260 conjnm
2238 5203 2325 5251 tus
2362 5203 2608 5249 remanet
2641 5194 2696 5248 in
2732 5208 2917 5256 carne,
2950 5190 3077 5246 huic
3104 5188 3298 5243 emcqu
3332 5198 3574 5242 mortuus

1997 5297 2104 5355 est,
2135 5287 2266 5343 vivit
2295 5296 2471 5345 autem
2502 5301 2663 5342 sensu
2691 5285 2935 5355 spiritus.

2078 5558 2128 5612 6.
2165 5558 2221 5612 Si
2251 5556 2469 5611 noveris
2503 5569 2623 5625 quae
2650 5561 2863 5616 cantas,
2898 5551 3169 5608 notionem
3202 5554 3474 5623 acquiris;
3508 5569 3576 5611 ex

2006 5654 2310 5724 cognitione
2362 5650 2604 5721 procedis
2635 5648 2700 5703 ad
2746 5660 2998 5715 sensum;
3036 5664 3100 5703 cx
3152 5664 3341 5705 sensus
3374 5650 3574 5704 intelli-
