3952 6512
271 387 298 449 ί
304 389 372 451 05

1362 387 1749 447 CANTICUM
1788 383 2423 454 COMPUNCTIONIS.

3415 368 3524 436 406

273 503 522 561 inceSScl,
550 502 769 570 quando
804 500 1108 556 mertaliutn
1141 513 1261 556 ossa
1298 502 1478 556 omnia
1509 516 1844 556 concttrsan-
1877 507 1919 562 Α
2023 502 2210 558 Divina
2244 503 2362 556 luce
2389 510 2503 567 tua,
2535 515 2568 554 ο
2603 499 2762 562 bona,
2794 499 3030 551 animam
3070 505 3244 548 meam
3283 488 3524 546 affectio-

248 594 362 657 ’tia,
413 609 540 647 suas
599 609 824 663 qur-eque
885 595 1413 665 coagtncntationes,
1467 609 1522 649 et
1559 595 1846 664 juncturas

269 684 551 743 diligenter
589 685 886 753 requirent.

341 776 598 832 UniverSa
636 787 802 843 terra,
840 779 983 833 velut
1021 778 1214 833 mulier
1243 793 1544 848 prmguans,
1580 793 1705 832 cum
1737 784 1847 831 tre-

269 882 413 921 more
455 878 702 924 mnrtuos
752 886 880 924 suos
921 870 986 924 ad
1035 886 1199 923 unum
1253 871 1393 925 edet.
1445 871 1594 924 Tuba
1648 871 1848 939 quippe

269 961 596 1014 horrendum
649 964 956 1028 insonante,
1013 963 1156 1019 illico
1207 964 1575 1034 unusquisque
1631 965 1695 1017 de
1732 964 1880 1026 loco,

270 1053 539 1106 redivivus
573 1055 828 1123 prolibit.
1055 1058 1066 1064 ’
1544 1105 1551 1116 .

333 1144 412 1197 Ad
460 1160 618 1215 Opem
666 1160 834 1213 tuam,
876 1162 973 1204 ceu
1041 1148 1108 1202 ad
1160 1157 1367 1219 petram
1417 1150 1694 1217 tutamque
1748 1161 1847 1199 an-

265 1236 502 1299 rhoram,
556 1238 896 1293 immaculata
953 1240 1135 1306 Virgo,
1182 1239 1451 1308 Confugit).
1505 1237 1581 1292 Ne
1630 1253 1713 1291 me
1761 1252 1846 1290 rc-

265 1331 419 1397 pclle,
454 1332 551 1383 sed
589 1335 751 1386 toties
781 1331 834 1386 itt
869 1342 1090 1402 peccata
1127 1333 1334 1402 lapsum
1365 1331 1535 1401 erige.

934 1424 1068 1478 ODE
1113 1425 1179 1478 Ιῐ.

333 1515 516 1573 Flebis
547 1519 773 1582 aliatim,
803 1532 857 1574 et
884 1520 1118 1590 gemitus
1141 1519 1294 1574 dabis
1318 1518 1476 1584 altos,
1505 1517 1678 1570 anima
1705 1530 1842 1583 mea,

264 1610 475 1677 quando
511 1611 754 1664 omnium
788 1612 1108 1665 sa-cnlorum
1157 1608 1412 1662 mortales
1454 1609 1623 1660 nudos
1662 1619 1844 1658 resur-

266 1717 409 1772 gere,
443 1714 497 1756 et
531 1713 658 1756 ante
683 1703 942 1772 judicent,
975 1703 1064 1774 qui
1111 1700 1428 1756 muneribus
1460 1702 1566 1754 non
1603 1713 1844 1751 corrum-

267 1797 430 1866 pitur,
462 1810 614 1850 Stare
649 1795 879 1851 videbis.

334 1890 391 1944 ln
441 1891 743 1945 novissimo
788 1897 843 1945 et
883 1878 1126 1945 terriﬁco
1177 1888 1270 1945 illo
1317 1888 1425 1951 die,
1478 1886 1676 1941 fratres
1720 1883 1846 1950 mei,

268 1998 457 2036 omnes
504 1983 618 2036 illic
667 1985 942 2048 sistentur,
997 1983 1050 2037 in
1094 1982 1202 2036 ictu
1245 1980 1408 2036 oculi.
1458 1978 1590 2034 Nam
1635 1987 1689 2032 et
1729 1977 1854 2032 ferte

271 2078 474 2142 bestiae,
532 2087 588 2130 et
643 2078 907 2148 volucres,
958 2087 1013 2131 et
1061 2076 1236 2146 pisces
1283 2090 1419 2145 quos
1471 2072 1854 2128 devoraverint

271 2170 520 2226 reddent.

339 2266 588 2334 Rapidus
614 2266 754 2337 ignis
785 2263 1003 2326 ﬂuvius,
1037 2262 1225 2325 colles,
1246 2271 1458 2317 montes
1488 2271 1540 2315 et
1567 2276 1729 2330 opera
1763 2261 1858 2313 hc-

276 2359 479 2414 minum
518 2375 613 2428 per
650 2369 823 2414 terras
859 2358 1102 2411 furenler
1141 2357 1406 2410 absumet.
1449 2355 1702 2409 Flamma:
1738 2355 1858 2407 uni-

280 2468 431 2506 versa
462 2451 804 2519 depascentis
838 2451 1095 2521 impetum
1133 2461 1186 2503 et
1228 2451 1397 2502 minas
1428 2451 1554 2519 quis
1588 2463 1690 2501 non
1731 2463 1856 2515 per-

275 2543 597 2596 httl'leSCCl?

351 2633 464 2688 Non
503 2647 589 2689 est
623 2635 866 2691 ﬁdelibus
896 2643 1083 2702 portus
1110 2633 1266 2698 alius,
1296 2632 1464 2702 Virgo
1495 2631 1854 2692 sanctissima,

280 2737 472 2793 prater
529 2738 599 2788 te,
633 2742 750 2795 qux
779 2725 1076 2789 Christum,
1117 2725 1559 2793 tranquillitatem
1599 2724 1860 2776 securita-

278 2827 492 2887 temque
526 2831 785 2885 nostram,
811 2816 1202 2888 genttisti.Qn:£
1231 2832 1420 2870 omnes
1453 2815 1855 2879 vcxatimtibus,

280 2924 329 2966 et
373 2912 588 2980 iujmiis
621 2911 823 2964 inimici
854 2911 1110 2964 dzemouis
1138 2926 1235 2964 ceu
1265 2907 1857 2978 tempestalejactatos,

282 3007 445 3072 quieti
484 3022 546 3057 at:
577 3004 736 3057 Saluti
773 3003 1035 3057 restituis.

249 3119 258 3126 ν
348 3095 476 3148 Tria
518 3096 618 3148 ista
668 3095 850 3158 timeo,
887 3111 918 3146 ο
950 3095 1129 3148 anima
1163 3112 1175 3148 :
1209 3107 1483 3163 egressum
1534 3107 1564 3146 e
1613 3104 1859 3160 corpore,

1951 611 2077 651 num
2115 597 2376 650 malarum
2413 593 2647 649 tenebris
2677 589 2903 645 offusam
2937 588 3176 643 iilumina
3219 602 3232 639 :
3265 598 3374 654 quo
3400 593 3523 637 tan-

1949 705 2110 759 quam
2157 689 2295 743 ﬁlius
2340 688 2476 742 lucis
2526 700 2686 756 opera
2743 685 2874 739 lucis
2921 682 3148 745 faciens,
3199 695 3229 733 a
3287 673 3526 732 tenebris

1951 782 2313 838 exterioribus-
2347 781 2564 835 liberer.

2619 870 2754 927 ODE
2790 869 2848 927 V.

2021 969 2170 1024 Mens
2228 979 2282 1023 et
2332 981 2489 1022 renes
2547 961 3002 1024 contremiseent,
3071 959 3161 1013 ubi
3225 954 3526 1010 terribilem

1947 1061 2092 1118 illius
2119 1061 2257 1115 tubae
2277 1063 2581 1126 clangorem
2607 1056 3003 1121 clamoremque
3023 1049 3307 1104 audierint.
3335 1045 3522 1114 Ahyss’i

1952 1154 2333 1224 ingemiscent,
2363 1158 2415 1204 et
2455 1150 2682 1203 virtutes
2725 1148 2982 1201 cm'orum
3023 1141 3521 1198 commovebuntur.

2026 1247 2302 1302 Invenient
2332 1258 2437 1311 quo
2471 1243 2764 1306 tlivertant,
2803 1240 2891 1308 qui
2924 1239 3129 1308 lugent,
3163 1235 3362 1304 quique
3397 1249 3527 1301 pan-

1953 1352 2107 1409 pcres
2141 1347 2266 1390 sunt
2299 1333 2592 1389 secundum
2625 1332 2814 1392 Deum,
2835 1337 2887 1383 et
2914 1328 3220 1382 castitatem
3247 1323 3447 1381 colunt,
3473 1329 3527 1374 et

1951 1431 2040 1500 qui
2077 1445 2171 1499 per
2203 1429 2340 1481 viam
2373 1434 2652 1496 angustam
2676 1423 2972 1485 ambulant,
2994 1431 3154 1488 atque
3186 1417 3328 1470 Eden
3355 1416 3528 1468 haere-

1951 1523 2174 1577 ditatem
2207 1521 2428 1585 habent,
2464 1521 2515 1572 in
2549 1515 2917 1572 mansionibus
2948 1511 3286 1567 intemeratis
3318 1521 3529 1578 perma-

1945 1624 2158 1668 nentes.
2463 1677 2468 1693 1

2028 1711 2228 1763 Divites
2261 1707 2528 1762 ardebunt
2553 1706 2677 1774 igne
2710 1699 3138 1764 inhumanitatis,
3173 1706 3225 1751 et
3253 1705 3516 1764 pauperes

1948 1799 2002 1853 in
2039 1796 2433 1861 tabernaculis,
2465 1805 2628 1865 atque
2659 1796 2709 1847 in
2735 1792 2857 1847 sinu
2891 1792 3122 1848 Abrahm
3173 1784 3517 1852 conspicien-

1959 1901 2057 1954 tes,
2095 1899 2302 1960 guttam
2331 1903 2482 1953 aqua!
2519 1889 2804 1970 rogabunt,
2839 1902 2938 1939 nec
2968 1885 3072 1938 erit
3120 1881 3209 1952 qui
3263 1879 3366 1932 illis
3431 1878 3526 1930 tri-

1955 1984 2104 2039 buat.
2138 1981 2519 2037 li‘ortnidemus
2555 1995 2763 2036 omnes.

2031 2076 2103 2130 Da
2138 2077 2292 2142 mihi,
2341 2075 2524 2144 Virgo,
2558 2075 2776 2142 pedicas
2811 2081 2862 2126 et
2914 2071 3138 2139 laqueos
3180 2069 3322 2157 ‘vitae
3372 2069 3530 2135 huius

1956 2185 2130 2232 van-ae,
2158 2184 2220 2222 ac
2246 2167 2499 2238 peritura:
2529 2165 2783 2234 elTugere',
2821 2174 2874 2218 et
2906 2165 3047 2216 vires
3081 2161 3287 2224 snlﬁce,
3333 2163 3528 2230 quibus

1959 2261 2025 2316 ad
2075 2261 2238 2315 vitam
2273 2258 2510 2314 futuram
2540 2272 2779 2320 curram,
2826 2263 2879 2310 et
2918 2269 2948 2308 a
3000 2255 3234 2310 stridore
3290 2254 3530 2308 dentium

1965 2369 2050 2409 me
2073 2352 2266 2408 libera.

2617 2441 2750 2495 00E
2785 2439 2866 2494 Vl.

2029 2536 2201 2592 Judex
2240 2547 2322 2592 est
2351 2537 2724 2602 incorruptus,
2748 2531 3013 2599 judicium
3045 2530 3316 2600 imprimis
3345 2527 3536 2583 formi-

1961 2630 2159 2693 dthile,
2190 2631 2267 2682 ira
2303 2626 2684 2688 intolerabilis,
2719 2623 3026 2678 ettrihttnal
3050 2623 3150 2677 hoc
3185 2621 3328 2674 nulla
3356 2613 3566 2688 potest'

1961 2720 2248 2774 eallitlitate
2280 2721 2626 2788 versutiaque
2683 2715 3091 2771 circumveniri.
3155 2713 3342 2778 Angeli
3409 2727 3532 2765 cum

1964 2814 2158 2867 timore
2179 2823 2230 2866 et
2262 2823 2495 2866 tremore
2537 2811 2842 2864 ministrant
2869 2827 2881 2872 ;
2920 2807 3037 2861 libri
3068 2806 3276 2859 occulta
3337 2813 3536 2857 mona-
3570 2799 3577 2807 ’

1962 2906 2090 2959 lium
2119 2899 2477 2974 produnLDe
2511 2914 2705 2957 caetero
2738 2902 2948 2971 depone
3008 2915 3189 2954 mores
3238 2898 3552 2966 improbos,-

1964 3001 2165 3062 anima,
2205 3007 2256 3051 et
2286 3011 2500 3049 amaras
2533 2994 3006 3064 fundelucryntas.

2034 3090 2167 3146 Cum
2197 3089 2323 3144 hinc
2369 3090 2727 3157 emigravero,
2783 3103 2868 3150 ne,
2928 3083 3113 3152 Virgo,
3172 3082 3571 3145 mefdestwras.‘

285 3187 334 3240 in
365 3187 500 3241 hora
527 3191 718 3242 mortis
738 3203 1022 3242 occursum
1050 3188 1298 3242 veniente
1324 3185 1598 3240 communi
1623 3183 1862 3237 omnium
1895 3196 1941 3258 ο
1972 3183 2123 3237 Tunc
2155 3183 2300 3237 enim
2347 3196 2573 3250 nequam
2606 3180 2827 3247 spiritus
2862 3172 3118 3230 animatu'
3152 3190 3322 3227 meam
3356 3180 3540 3240 capta-

285 3281 461 3351 judice
496 3298 510 3334 :
542 3290 595 3336 et
641 3297 804 3350 quam
848 3280 987 3334 idem
1041 3278 1412 3350 pronuntiabit
1450 3278 1651 3347 justam
1687 3278 1868 3331 incor-

289 3383 494 3442 ruptam
527 3373 872 3428 sententiam.

941 3460 1076 3517 ODE
1116 3460 1207 3516 lll.

355 3559 524 3615 Terra
559 3557 1008 3621 inllammabitur,
1034 3571 1182 3610 mare
1207 3553 1450 3609 subsidet
1481 3568 1546 3606 ac
1571 3553 1868 3614 decrescet;

291 3668 380 3707 aer
411 3651 768 3716 concutietur,
803 3659 858 3706 et
889 3661 1059 3706 totum
1085 3647 1281 3705 caelum
1314 3648 1637 3710 involvetur,
1663 3635 1882 3697 lutuina'

292 3758 341 3802 et
375 3758 520 3801 astra
567 3747 684 3815 ejus
719 3745 992 3800 decident.
1037 3740 1319 3810 Quomodo
1360 3739 1496 3807 haec,
1543 3738 1745 3800 anima,
1777 3753 1872 3789 sn-

293 3841 558 3896 stinebis?

363 3933 772 3988 Lamentaberis
805 3934 1176 3994 vehementer,
1208 3929 1385 3982 anima
1423 3941 1561 3989 mea,
1589 3939 1710 3978 cum
1745 3922 1877 3974 mis-

297 4028 384 4082 sos
417 4025 670 4080 festinato
721 4025 965 4095 angelos,
1009 4039 1039 4077 a
1088 4033 1321 4092 quatuor
1354 4031 1622 4073 terrarum
1671 4016 1872 4069 ﬁnibus

299 4118 405 4173 Deo
440 4118 668 4188 placitos
702 4131 1035 4187 congregare
1066 4129 1284 4168 cernes.

367 4209 464 4271 En,
503 4219 673 4264 totum
728 4225 896 4279 genus
939 4209 1230 4261 humanum
1285 4203 1572 4257 attonitum
1615 4200 1876 4269 stupebit,

300 4315 415 4354 cum
461 4300 698 4370 judicent
751 4301 900 4354 illum
951 4298 1349 4352 formidundmn
1415 4294 1466 4347 in
1522 4293 1654 4347 duas
1697 4303 1880 4362 partes

303 4394 555 4463 quidquid
600 4405 684 4448 est
727 4393 1014 4450 hominum
1060 4399 1456 4452 secernentem,
1504 4389 1559 4441 et
1605 4391 1878 4440 actionum

302 4486 510 4539 trntime
530 4484 912 4555 subjicientem
944 4482 1264 4537 intuebitur.

1973 3279 2126 3332 bunt.
2169 3276 2280 3330 "eu
2305 3277 2418 3330 me!
2453 3290 2557 3343 qua
2586 3273 2796 3327 ratione
2823 3270 3078 3338 eti'ngiam
3113 3266 3254 3325 illos.
3291 3274 3384 3319 aut
3415 3264 3543 3331 quid

1974 3370 2204 3424 faciam?
2236 3369 2348 3424 lien
2385 3369 2498 3422 me!
2534 3366 2804 3436 quomodo
2859 3362 3146 3418 horribiles
3207 3360 3352 3414 locos
3417 3371 3542 3425 per—

1975 3465 2254 3518 transibo?
2289 3463 2367 3516 Tu
2400 3478 2524 3531 spes
2561 3476 2700 3525 mea,
2744 3469 2798 3511 ιιι
2835 3467 3024 3526 ponus
3057 3469 3229 3520 meus,
3268 3463 3321 3507 et
3345 3460 3472 3505 ante
3495 3458 3547 3504 te

1973 3571 2070 3626 ego
2095 3553 2326 3608 famulus
2349 3563 2472 3608 tuus
2503 3568 2587 3606 me
2615 3559 2920 3620 prosterno.

2624 3640 2760 3695 ODE
2789 3639 2899 3695 VII.

2045 3736 2178 3802 Quis
2225 3735 2329 3789 erit
2390 3749 2583 3789 sensus
2650 3733 2864 3792 animae,
2927 3744 3049 3784 cum
3124 3727 3281 3794 positi
3347 3725 3550 3781 fuerint

1979 3828 2182 3894 thrOni,
2215 3837 2266 3880 et
2300 3826 2367 3880 ad
2407 3822 2753 3897 judicandum
2803 3821 2966 3890 index
3029 3821 3116 3872 ille
3171 3819 3555 3888 integerrimus

1977 3919 2301 3979 consederit,
2339 3926 2392 3972 et
2434 3915 2554 3970 libri
2587 3912 2917 3966 exhibebunt
2955 3911 3236 3964 hominum
3283 3906 3546 3963 actiones.

1979 4012 2330 4080 cogitationes
2362 4018 2415 4062 et
2439 4004 2704 4062 consilia?
2743 4004 2826 4057 Vae
2862 4003 2955 4056 tibi
2987 4011 3120 4065 tum,
3155 4016 3187 4053 ο
3216 3999 3334 4051 vilis
3369 3998 3544 4050 anima

1979 4112 2032 4154 et
2060 4098 2382 4153 miserrima!

2052 4191 2342 4248 Oratorum
2380 4189 2445 4244 ad
2480 4186 2883 4259 persuasionem
2917 4181 3338 4236 accommodatae
3390 4192 3556 4246 argn-

1986 4286 2369 4341 mentationcs.
2450 4292 2504 4335 et
2579 4278 2844 4331 orationis
2917 4281 3259 4336 ornamenta,
3307 4268 3554 4330 artiﬁcia,

1985 4382 2277 4435 verborum
2311 4380 2546 4445 strophre
2574 4391 2635 4428 ac
2671 4371 2894 4425 fallacia:
2939 4369 3219 4431 desinent;
3285 4364 3558 4433 sapientes

1989 4488 2177 4528 Omnes
2213 4473 2612 4527 obmutescet-1,
2645 4465 2765 4519 libri
2790 4477 3012 4530 operum
3048 4459 3358 4529 loquentur,
3383 4459 3560 4512 homi-

375 4578 494 4633 Dies
550 4577 938 4632 retributionis
997 4577 1196 4638 veniet,
1248 4573 1392 4627 sicut
1450 4573 1537 4625 fur
1591 4572 1642 4624 in
1705 4581 1882 4638 nocte,
1918 4543 1959 4596 θ
1993 4566 2153 4620 nibus
2186 4564 2500 4632 angulisque
2532 4559 2691 4612 simul
2721 4555 3084 4609 audientibus.

307 4685 616 4740 peccatores
658 4686 847 4725 omnes
878 4678 1180 4724 exterrens.
1215 4667 1352 4722 Tum
1390 4678 1469 4730 tu,
1508 4677 1652 4722 casta
1695 4663 1884 4728 Mater,

307 4767 521 4822 miserta
551 4767 678 4831 mei,
705 4774 746 4818 tr
769 4765 1034 4836 snpplicio
1068 4779 1152 4818 me
1189 4763 1422 4817 vindica.

962 4855 1110 4910 'ODE
1152 4855 1233 4909 IV.

381 4950 556 5005 Pudor
585 4961 639 5006 et
683 4949 932 5005 confusio
958 4952 1166 5021 operiet
1212 4948 1380 5004 facies
1411 4961 1598 5002 eormn
1642 4945 1731 5014 qui
1781 4945 1888 4998 sibi

307 5045 466 5100 verbo
491 5055 544 5098 et
567 5059 728 5112 opere
757 5043 1170 5098 commissorum
1192 5041 1394 5096 conscii
1425 5040 1645 5094 fuerint.
1676 5039 1887 5094 Etenim

312 5139 548 5191 actiones
572 5132 714 5192 suas
745 5152 935 5191 omnes
977 5137 1126 5189 vultu
1174 5136 1288 5204 ipso
1320 5133 1754 5202 inseparabiliter
1783 5148 1891 5201 prae

313 5246 365 5284 Sc
397 5232 573 5284 ferens
603 5230 976 5298 unusquisque
1015 5236 1276 5296 resurget.

381 5329 419 5376 Α
475 5339 563 5376 rea
613 5333 668 5376 et
715 5322 1016 5390 llagellante
1074 5319 1404 5374 conscientia
1461 5317 1634 5383 liberi,
1692 5315 1889 5370 ﬁducia

315 5417 447 5484 pleni
499 5427 554 5467 et
599 5415 797 5468 hilares
834 5415 1170 5484 apparebunt
1208 5413 1337 5479 justi
1389 5425 1602 5467 omnes.
1646 5409 1880 5464 Suorum

317 5508 514 5576 quippe
587 5506 828 5558 lnburuut
888 5505 1283 5574 tttultorumqtte
1345 5503 1706 5558 certaminum
1770 5514 1891 5570 qua:

319 5601 603 5654 sttbiernnt
641 5598 946 5652 mercedem
980 5598 1394 5666 exspectabunt.

379 5693 692 5746 Clat-isonus
722 5694 852 5744 tnnt‘
868 5689 1072 5744 clamor
1099 5690 1275 5744 dicet:
1302 5688 1620 5756 Eccejndex
1650 5686 1818 5748 venit,
1844 5693 1900 5738 ut

320 5786 545 5857 populos
596 5800 786 5837 omnes
822 5783 1060 5854 judirel,
1111 5794 1164 5835 et
1213 5783 1622 5852 pro-dignitate
1673 5779 1897 5848 fl‘tilibt'l

320 5895 540 5934 suorum
566 5878 810 5934 laborum
845 5878 1062 5948 pt'attnia
1087 5877 1230 5948 inde
1256 5877 1506 5944 accipiat.

2066 4656 2550 4713 lunumerabilium
2594 4650 2908 4718 angelorum
2949 4645 3225 4700 exercitus
3257 4643 3452 4698 astabit
3502 4656 3563 4694 ac

1995 4755 2245 4805 thronum
2276 4747 2658 4801 circumdabit.
2695 4743 2954 4795 Homines
2983 4747 3160 4793 autem
3187 4737 3425 4790 universi
3455 4749 3567 4789 Sta-

1993 4844 2128 4897 bttttt
2168 4843 2372 4904 tristes,
2413 4840 2790 4892 necessitatem
2842 4831 3162 4887 horriferam
3207 4832 3470 4891 videntes,
3509 4839 3564 4879 et

1995 4934 2324 4992 sententiam
2350 4932 2708 5002 iustissimam
2753 4935 3056 4981 metuentes

2068 5031 2400 5097 Aspersione
2452 5026 2594 5080 roris
2663 5025 2761 5087 ttti,
2827 5021 3029 5072 intacta
3083 5017 3263 5084 Virgo,
3319 5015 3565 5068 ardorem

1997 5121 2241 5177 lbidinis
2291 5134 2422 5171 tut-te
2477 5117 2772 5184 restingue.
2836 5112 2968 5166 Nam
3014 5113 3063 5164 in
3109 5118 3161 5162 te
3209 5107 3438 5160 Verbum
3477 5103 3568 5156 Dei

1999 5211 2140 5263 sicut
2171 5209 2350 5278 pluvia
2383 5206 2630 5259 invellus
2660 5204 2960 5268 descendit,
3013 5199 3260 5253 ﬁdelibus
3312 5197 3570 5264 gehennae

2001 5317 2186 5372 rogum
2215 5304 2592 5369 exstinguens.

2642 5391 2778 5446 ODE
2802 5388 2938 5443 VIII.

2071 5495 2227 5550 Tunc
2252 5491 2469 5547 ordines
2510 5485 2746 5540 ﬁdelium
2797 5479 3273 5554 examinabuntur,
3329 5474 3570 5545 episcOpt

2003 5603 2238 5660 quoque,
2269 5582 2597 5644 sacerdotes,
2629 5579 2826 5636 levius,
2877 5571 3162 5627 monachi:
3215 5584 3336 5623 nam
3395 5570 3447 5622 in
3489 5585 3578 5619 or-

2005 5685 2128 5736 dine
2186 5694 2284 5733 suo
2336 5676 2565 5744 quisque
2623 5679 2888 5739 resurget,
2937 5677 2994 5722 ut
3037 5667 3266 5735 quisque
3325 5671 3570 5716 actorum

2011 5788 2229 5831 suorum
2267 5769 2529 5822 rationem
2563 5762 2772 5819 reddat.

2085 5861 2453 5932 'l'rt-p‘tdabunt
2490 5871 2680 5914 omnes
2717 5853 3006 5928 principes,
3041 5850 3299 5921 opulenti,
3337 5861 3490 5916 reges
3521 5854 3581 5901 es
