3952 6512
454 359 554 426 ill
1623 359 2020 421 GEORGIUS
2059 360 2584 425 PACHYMERES.
3587 363 3688 427 4Ῑέ

454 484 629 531 exstat
650 475 703 531 in
733 473 964 530 bihlioth.
997 473 1283 530 Medicum.
1314 473 1562 544 Ejusdem
1585 479 1804 545 epitome
1829 481 1986 532 totius
2030 481 2260 548 physica
2281 482 2634 544 tractationis,
2659 479 2902 548 fortassis
2928 478 3059 533 idem
3095 479 3224 533 liber
3263 493 3377 533 cum
3410 483 3686 550 superiori,

461 562 644 618 Romtc
672 571 839 625 e¢stat
869 564 921 617 in
955 561 1213 619 Vaticana
1243 563 1577 631 bibliotheca,
1610 576 1658 620 et
1696 568 1944 636 expositio
1971 569 2023 622 in
2057 565 2268 637 Logica,
2306 566 2569 622 Historia.
2603 566 2990 621 Commentaria
3030 569 3086 620 in
3115 567 3275 621 libros
3309 567 3374 621 de
3403 567 3685 624 Ausculta-

459 652 596 703 tione
638 649 869 702 naturali
913 649 1102 704 ibidem
1151 661 1444 717 seruantur,
1479 661 1526 706 et
1555 654 1696 721 apud
1729 653 1952 725 Diegum
1994 653 2292 708 Ilurtadum
2334 654 2593 718 Venetiis;
2623 655 2711 722 qui
2740 655 2898 708 etiam
2935 654 3084 706 habet
3119 652 3496 720 Paraphrasim
3526 657 3686 725 hujus

459 737 691 789 auctoris
721 737 775 788 in
807 735 1120 792 llechanica
1149 739 1466 794 Aristotelis.
1498 738 1750 809 Ejusdem
1774 741 2167 806 Commentarii,
2195 750 2286 794 aut
2316 737 2665 808 Paraphrasis
2699 741 2753 793 in
2789 740 2947 794 libros
2971 735 3277 793 Ethicorum
3306 751 3475 795 exstat
3507 740 3689 798 (Συ-ωτι

458 826 597 890 apud
626 824 928 878 Hurtadum
963 824 1295 880 Mendozam.
1332 825 1522 880 Fertur
1556 838 1730 883 autem
1760 830 1812 883 in
1841 831 2015 884 omnia
2059 831 2166 900 fere
2203 828 2498 883 Aristotelis
2546 844 2701 898 opera
2744 827 3116 895 Paraphrasim
3149 830 3435 898 scripsisse.
3475 827 3690 902 Pachy-

457 913 609 965 merii
657 913 710 965 in
751 911 1019 982 Organum
1063 916 1362 969 Aristotelis
1412 917 1631 980 copiosa?
1663 919 2008 984 expositiones
2046 918 2222 974 Gra’ce
2257 917 2624 982 manuscriptte
2667 916 2722 969 in
2757 916 3068 969 bibliotheca
3106 915 3370 972 Sambuci.
3411 917 3688 985 Ejusdem,

455 999 578 1052 libri
611 1001 677 1054 1‘2
713 1000 892 1055 Grmce
941 1003 1322 1070 manuscripti,
1378 1001 1727 1071 Pnraphrasis
1783 1007 1939 1060 totius
1989 1007 2326 1074 philosophia:
2380 1003 2720 1059 Aristotelicas
2759 1006 2813 1059 in
2865 1005 3172 1061 bibliotheca
3229 1009 3564 1074 Augustana.
3623 1009 3683 1063 in

455 1089 692 1166 catalogo
738 1090 1063 1145 bibliotheca?
1099 1091 1348 1162 Thergius
1381 1092 1445 1162 (j)
1479 1095 1802 1150 nominatur.
1837 1093 2086 1160 Ejusdem
2133 1094 2356 1148 historia
2402 1101 2453 1146 et
2501 1093 2670 1160 logica
2703 1092 3026 1159 problemata
3076 1092 3253 1148 Gra’ce
3287 1097 3338 1147 in
3373 1093 3686 1148 bibliotheca

456 1180 591 1244 regis
624 1175 893 1230 Gallorum
929 1190 1224 1231 servantur.
1272 1177 1407 1232 Item
1455 1180 1516 1232 de
1547 1180 1744 1242 anima,
1795 1182 1858 1234 de
1902 1198 2074 1244 sensu,
2105 1182 2376 1244 memoria,
2421 1195 2623 1247 somno,
2656 1181 2854 1250 vigilia,
2889 1183 3182 1243 insomniis,
3219 1194 3348 1246 etc.,
3378 1184 3591 1236 ibidem.
3630 1185 3690 1239 Et

459 1265 510 1315 in
545 1264 649 1318 alio
682 1265 858 1318 indice
924 1268 1292 1334 rnannscripto
1343 1266 1554 1329 Grmco,
1612 1266 1890 1334 Γεωργίου
1943 1269 2020 1321 Πα

2130 1268 2296 1338 ιερίου
2350 1267 2570 1335 σύνοψις
2621 1271 2719 1338 τῆς
2772 1271 2950 1339 πάσης
2991 1270 3397 1340 Ἀριστοτέλους
3453 1271 3691 1341 φυσικῆς

461 1353 795 1421 φιλοσοφίας.
830 1351 1038 1421 Georgii
1073 1349 1402 1420 Pnchymerii
1431 1350 1681 1420 Synopsis
1724 1355 1974 1407 universa:
2001 1355 2298 1409 Aristotelis
2344 1357 2606 1426 naturalis
2634 1356 2998 1424 philosOphite.
3027 1359 3092 1412 Et
3135 1357 3418 1412 Mediolani
3456 1360 3509 1412 in
3559 1361 3692 1411 Am-

459 1438 736 1507 brosiana,
771 1453 823 1495 et
852 1441 904 1494 in
939 1440 1116 1494 Indico
1151 1439 1490 1492 bibliotheca:
1534 1440 1680 1506 regis
1717 1439 2007 1500 Catholici.

2130 1460 2160 1498 ε
2196 1442 2434 1497 Scoriaci
2464 1454 2567 1504 est,
2606 1454 2882 1507 notantur,
2920 1445 3201 1513 Γεωργέου
3231 1445 3327 1498 τοῦ
3364 1448 3691 1515 Παχυμέρου

459 1532 538 1591 εἰς
589 1530 688 1601 τὴν
715 1529 975 1600 Λογικὴν,
1023 1529 1116 1582 καὶ
1163 1529 1398 1598 ἐπιτομὴ
1440 1530 1630 1597 αὐτῆς.
1670 1529 1958 1598 Ἐξήγησις
2006 1531 2086 1590 εἰς
2126 1531 2227 1601 τὴν
2271 1532 2506 1602 φυσικὴν
2541 1531 2946 1600 Ἀριστοτέλους
2977 1533 3258 1598 ἀκρόασιν.
3303 1533 3389 1594 Ὠς
3431 1533 3488 1584 ὄὲ
3529 1551 3694 1595 τινες,

459 1619 552 1672 τοῦ
590 1618 850 1688 βασιλέως
897 1616 1143 1671 Ἰωάννου
1179 1615 1270 1670 τοῦ
1317 1616 1768 1686 Καντακουζηνοῦ
1823 1631 1874 1672 v.
1925 1615 1990 1681 ζ’.
2030 1618 2079 1672 7.
2133 1617 2486 1688 παράφρασις
2533 1619 2616 1682 εἰς
2655 1621 2753 1690 τὴν
2801 1619 3023 1690 Ἠθικὴν
3067 1621 3472 1689 Ἀριστοτέλους
3529 1621 3698 1674 Νικο-

461 1708 708 1776 μάχειον.
750 1705 838 1758 H.
872 1703 934 1758 λ’.
964 1705 1017 1757 2.
1057 1700 1268 1772 Georgii
1303 1703 1638 1772 Pachymerne
1674 1704 1727 1756 in
1757 1702 2027 1772 Logicam,
2059 1713 2110 1760 et
2157 1708 2396 1774 Epitome
2425 1707 2610 1774 ipsius.
2657 1706 2942 1761 Enarratio
2971 1708 3024 1760 in
3071 1707 3353 1777 Physicam
3399 1708 3700 1764 Aristotelis

474 1793 942 1857 Anscultntiouem,
973 1790 1062 1846 sed
1093 1805 1148 1844 ut
1180 1792 1276 1844 alii
1304 1791 1502 1856 volunt,
1535 1790 1879 1858 Imperatoris
1913 1792 2137 1848 Joannis
2180 1793 2558 1848 Cantacuzeni.
2597 1793 2950 1861 Paraphrasis
2980 1795 3034 1848 in
3079 1794 3266 1849 Ethice
3300 1799 3603 1851 Aristotelis
3631 1800 3696 1850 ad

465 1881 863 1938 Nicomachum.
928 1883 1002 1936 Ex
1049 1884 1132 1937 his
1183 1881 1470 1951 plerasque
1518 1881 1574 1934 in
1625 1881 1947 1936 bibliotheca
1999 1880 2141 1951 regis
2206 1882 2414 1946 Galliae,
2466 1879 2700 1937 Joannes
2747 1882 3086 1937 Schenchius
3142 1883 3217 1953 (lt)
3273 1885 3323 1938 in
3371 1885 3698 1939 Bibliotheca

461 1972 685 2034 Medica,
717 1981 772 2026 et
802 1971 964 2044 lsrael
997 1970 1264 2039 Spachius
1296 1972 1349 2025 in
1376 1969 1784 2024 Nomenclatore
1819 1970 2170 2039 philosophica
2193 1969 2460 2023 asservari
2491 1969 2810 2024 retulerunt.
2843 1971 2911 2026 Et
2943 1973 3101 2024 iudex
3132 1980 3390 2038 praetcrea
3422 1975 3696 2042 Augusta-

461 2076 581 2123 nus,
608 2059 914 2114 Blemmida
941 2071 986 2113 et
1021 2058 1228 2128 Georgii
1259 2056 1595 2129 Pachymeraz
1632 2055 1870 2128 Epitome
1899 2058 2238 2127 philosophia:
2280 2057 2618 2133 complectens
2658 2059 2899 2128 logicum,
2930 2062 3179 2123 ethicam,
3210 2062 3502 2131 physicam.
3541 2063 3700 2115 Com-

460 2148 710 2215 pendium
748 2148 849 2202 hoc
883 2148 1235 2216 philosophia:
1267 2147 1396 2215 quid
1444 2147 1744 2212 contineat,
1793 2147 2021 2200 adnotav

2140 2148 2306 2200 tescio
2351 2147 2512 2215 quis:
2553 2147 2748 2200 ’ἰστέον
2782 2143 2895 2212 οὖν,
2945 2149 3020 2210 ὡς
3072 2150 3316 2218 περιέχει
3360 2151 3394 2218 ὴ
3450 2150 3701 2216 παρθῦσα

459 2237 813 2307 πραγματεία
846 2235 1024 2306 βιϐλία
1071 2236 1301 2300 δώδεκα,
1352 2233 1585 2305 φέροντα
1618 2235 1717 2304 μὲν
1745 2235 1958 2298 τίτλους
1992 2233 2099 2304 μζν,
2129 2233 2402 2303 κεφάλαια
2440 2234 2497 2288 δὲ
2542 2235 2650 2287 σλε¹
2677 2235 2745 2288 τὰ
2778 2235 2876 2303 τῆς
2915 2235 3352 2306 Ἀριστοτελικῆς
3383 2237 3704 2305 φιλοσοφίας

459 2327 678 2395 ἁπάσης
719 2325 816 2393 dic]
837 2329 893 2378 ἐν
931 2324 1087 2392 τύπῳ
1137 2325 1445 2394 παρέχοντα
1481 2323 1832 2394 Θεωρήματα.
1875 2323 2018 2377 Adve

2140 2322 2263 2376 dum
2306 2333 2381 2376 est
2427 2339 2654 2390 prwsens
2702 2339 2828 2389 opus
2881 2327 3146 2378 continere
3197 2325 3358 2378 libros
3406 2315 3701 2391 duodecim,

459 2411 619 2466 libros
649 2413 814 2466 titulis
842 2413 1197 2482 quadraginta
1226 2422 1420 2480 septem
1453 2411 1620 2480 ﬁniri,
1655 2413 1708 2466 in
1735 2412 1912 2482 capita
1939 2411 2047 2468 255
2075 2413 2268 2467 diuisos
2285 2429 2306 2477 ;
2334 2428 2452 2481 qute
2478 2412 2827 2469 Aristotelicte
2859 2416 3114 2471 universa!
3144 2417 3488 2486 philosophia:
3522 2433 3703 2484 specu-

461 2499 682 2554 lationes
729 2501 1022 2554 brevissime
1051 2499 1490 2565 complectuntur.

534 2590 587 2643 4.
616 2588 869 2658 Ejusdem
895 2588 948 2644 in
973 2589 1152 2652 omnia
1189 2587 1423 2656 Dionysii
1451 2586 1791 2657 Areopagitae
1829 2601 1991 2656 opera
2018 2604 2137 2658 qua:
2163 2599 2379 2644 exstant
2415 2589 2770 2657 Paraphrasis
2799 2591 2940 2646 edita
2973 2602 3057 2647 est
3084 2570 3270 2647 Crit-ce
3297 2593 3526 2648 Parisiis
3557 2595 3695 2662 apud

461 2676 803 2732 Guilielmum
854 2674 1130 2730 lilorellum
1182 2675 1340 2739 1561,
1373 2674 1424 2728 in
1474 2673 1550 2734 8°.
1598 2689 1719 2728 cum
1757 2674 1998 2745 Dionysii
2033 2679 2303 2746 operibus.
2351 2687 2405 2733 et
2450 2694 2640 2734 rursus
2689 2680 2832 2750 apud
2883 2680 3169 2735 Claudium
3221 2681 3503 2736 Morellnm
3546 2685 3702 2746 1615,

461 2771 514 2821 in
547 2767 694 2821 lolio.
743 2765 897 2820 Nunc
931 2767 1145 2821 demum
1195 2765 1382 2820 Grmce
1426 2775 1480 2819 et
1523 2764 1715 2819 Latine
1746 2780 1811 2820 ex
1845 2765 2297 2835 interpretatione
2326 2767 2657 2823 Baltassaris
2691 2769 2935 2824 Corderii
2994 2771 3048 2823 in
3101 2771 3312 2824 ollicina
3367 2770 3704 2824 Plantiniana

463 2854 783 2910 Baltassaris
817 2854 1004 2909 Moreti
1041 2854 1196 2918 1634,
1248 2853 1432 2908 in-fol.
1479 2853 1626 2921 Opus
1665 2853 1940 2922 inscripsit
1968 2855 2262 2910 Athanasio
2291 2855 2655 2909 Alexandrino
2700 2857 3023 2925 patriarcha:
3059 2858 3123 2925 (Ι)
3155 2857 3306 2924 cujus
3349 2859 3438 2912 ille
3485 2861 3705 2914 hortatu
3767 2846 3774 2852 “

461 2946 700 3000 laborem
753 2959 1041 3015 aggressus
1090 2947 1288 3006 fuerat,
1331 2958 1453 2996 cum
1501 2941 2028 3011 Constantinopolim
2077 2943 2406 2997 advenisset.
2446 2941 2555 2996 Nec
2587 2943 2749 2996 ullam
2801 2958 3018 2998 causam
3069 2945 3221 2998 video
3259 2960 3358 2999 cur
3409 2946 3699 3017 inscriptio

459 3034 677 3102 praefixa
712 3031 1037 3100 Paraphrasi
1074 3031 1298 3084 delenda
1349 3031 1440 3093 sit,
1490 3045 1594 3098 qua
1644 3030 1863 3093 dicitur,
1900 3038 2181 3084 auctorem
2215 3031 2366 3084 illutn
2420 3045 2612 3085 manus
2642 3035 2788 3099 operi
2831 3031 3135 3085 admovisse
3176 3033 3390 3086 hortatu
3427 3035 3703 3090 Athanasii

461 3121 785 3190 patriarchae
815 3119 1160 3174 Alexandrini
1196 3129 1322 3174 tunc
1365 3119 1614 3181 viventis,
1644 3128 1703 3172 ut
1734 3120 1844 3171 vult
1877 3117 2228 3195 Possevinus,
2274 3126 2331 3171 et
2362 3116 2881 3172 ante-Possevinnm
2930 3119 3194 3174 Duronius
3233 3120 3282 3172 in
3324 3122 3706 3189 ρτωιθνηιίρείε

462 3212 528 3264 ad
561 3220 762 3265 tomum
794 3209 1115 3272 secundum,
1156 3222 1278 3262 cum
1312 3208 1547 3262 scribit:
1589 3207 1937 3271 Quamobrem
1984 3201 2295 3275 rejiiiendus
2344 3217 2420 3261 est
2472 3205 2856 3261 comthentitius
2900 3209 2990 3262 ille
3035 3209 3241 3271 titulus,
3273 3212 3364 3280 qui
3415 3211 3603 3280 afﬁxus
3633 3221 3705 3264 est

461 3297 692 3367 ejusdem
724 3296 1051 3364 Paraphrasi
1082 3296 1134 3348 in
1166 3295 1401 3364 ejusdem
1434 3296 1674 3366 Dionysii
1708 3295 1978 3366 epistolas,
2011 3311 2113 3363 quo
2140 3294 2359 3358 dicitur,
2389 3305 2654 3347 auctorem
2689 3311 2819 3364 opus
2849 3297 2980 3348 illud
3013 3313 3314 3366 aggressum
3346 3314 3456 3352 esse
3490 3300 3706 3353 hortatu

463 3388 522 3442 S.
551 3387 828 3440 Athanasii
858 3385 1178 3448 patriarcha:
1207 3384 1572 3444 Alexandrini,
1604 3397 1714 3438 tum
1761 3385 1963 3452 agentis
2011 3382 2493 3450 Constantinopoli.
2545 3383 2776 3438 Miratus
2813 3401 2928 3436 sum
2962 3387 3198 3453 equidem
3235 3388 3403 3440 virum
3440 3387 3707 3440 eruditum

466 3467 813 3543 Godefr'idum
848 3472 1184 3525 Tilmannum
1219 3474 1304 3541 qui
1335 3471 1569 3525 eamdem
1605 3471 1953 3540 Paraphasim
1985 3471 2191 3525 Latinis
2221 3472 2408 3534 edidit,
2442 3481 2489 3524 et
2525 3471 2734 3541 longam
2769 3473 3182 3540 disputationem
3213 3487 3308 3540 pro
3354 3474 3542 3526 iisdem
3578 3478 3708 3529 scri-

464 3566 568 3632 ptis
598 3562 910 3624 elabornuit,
947 3564 1059 3614 hinc
1102 3561 1234 3614 adeo
1282 3561 1561 3627 ntanifesta
1604 3577 1703 3613 non
1737 3561 2052 3630 cognovisse,
2087 3575 2178 3612 nec
2225 3560 2381 3611 etiam
2419 3559 2729 3613 correxisse.
2769 3561 3012 3624 Quonam
3060 3571 3236 3632 pacto,
3271 3576 3414 3630 rogo,
3444 3563 3616 3625 potuit
3651 3578 3707 3616 ea

463 3655 728 3720 scripsisse
757 3649 1011 3719 Georgius
1060 3660 1286 3711 tempore
1320 3649 1378 3719 S.
1428 3650 1732 3713 Athanasii,
1781 3650 1824 3700 si
1862 3649 1914 3700 in
1959 3648 2065 3702 illis
2112 3644 2517 3700 Commentariis
2566 3649 2803 3700 meminit
2856 3663 3043 3701 auctor
3087 3650 3342 3701 htrresum
3392 3639 3628 3702 Nestorii
3665 3660 3709 3702 et

465 3741 789 3811 Eutychetis,
820 3755 935 3810 qua:
985 3751 1100 3808 post
1151 3741 1342 3794 multos
1393 3757 1558 3793 annos
1591 3743 1656 3792 ab
1708 3739 1988 3792 Athanasii
2041 3736 2184 3788 obitu
2239 3738 2536 3792 emersere?
2573 3733 2678 3788 Nec
2725 3745 2802 3790 est
2836 3736 2974 3804 quod
3024 3737 3087 3789 de
3140 3737 3367 3789 secundo
3416 3738 3710 3792 Athanasio

465 3831 646 3884 itidem
677 3830 916 3896 episcopo
950 3829 1310 3884 Alexandrino
1339 3845 1399 3882 ea
1434 3829 1721 3894 potuissent
1770 3825 2012 3893 intelligi,
2043 3821 2130 3890 qui
2173 3821 2350 3874 sedere
2389 3821 2535 3890 erupit
2583 3839 2723 3874 anno
2760 3823 2976 3876 Domini
3025 3824 3148 3888 489,
3201 3824 3350 3893 longe
3395 3835 3515 3877 ante
3549 3828 3708 3879 etiam

464 3934 622 3988 quant
650 3919 833 3972 viveret
863 3916 1255 3985 Pachgmerius,
1287 3915 1488 3984 fuitque
1531 3915 1618 3969 i:'le
1647 3931 1749 3969 non
1777 3923 2014 3974 sanctus,
2043 3912 2132 3964 sed
2165 3909 2458 3974 haereticus,
2491 3919 2538 3962 et
2567 3909 2946 3977 Acrpltalorum
2994 3922 3273 3977 patronus.
3315 3911 3374 3964 Et
3413 3912 3504 3981 qui
3543 3914 3706 3966 Baro-

464 4010 612 4060 nium
660 4004 946 4072 exscripsit
981 4001 1291 4058 Vincentius
1326 4002 1621 4057 Riccardns
1651 4002 1953 4056 Comment.
1988 4003 2052 4055 ad
2084 4008 2224 4054 orat.
2259 4001 2291 4052 6
2337 3999 2510 4055 Procli
2543 4001 2935 4069 archiepiscopi
2979 4000 3296 4055 Ci’olitani:
3334 4001 3398 4054 Et
3436 4003 3510 4054 ibi
3542 4001 3705 4056 Geor-

465 4096 582 4165 gius
614 4093 1013 4164 Pachymerius,
1037 4093 1126 4162 qui
1155 4091 1364 4160 quidem
1395 4091 1608 4143 minime
1637 4090 1820 4159 ﬂoruit
1857 4089 1918 4144 S.
1942 4089 2222 4143 Athanasii
2246 4088 2422 4158 Magni
2446 4089 2795 4143 Alexandrini
2821 4091 3050 4159 episcopi
3079 4103 3325 4160 tempore,
3354 4103 3407 4144 ut
3438 4107 3709 4158 perperam

464 4186 520 4238 in
550 4184 662 4252 ejus
709 4182 1111 4237 Commentariis
1159 4191 1507 4248 prtenolatttr.
1544 4177 1686 4232 Nam
1734 4179 1788 4232 in
1819 4187 2094 4233 comment.
2144 4179 2212 4231 nd
2265 4176 2436 4248 Epist.
2486 4179 2520 4233 5
2561 4188 2611 4233 et
2661 4180 2710 4240 i,
2741 4179 2809 4232 ad
2847 4179 3064 4242 Gaium,
3101 4191 3286 4234 contra
3323 4179 3628 4234 Nestorium
3663 4188 3708 4233 et

471 4271 813 4325 Nestorianos
873 4271 1152 4332 invehitur,
1199 4281 1248 4320 et
1298 4272 1347 4320 in
1394 4271 1545 4336 epist.
1594 4270 1664 4332 6,
1713 4277 1895 4320 contra
1946 4266 2275 4332 Nestorium,
2316 4268 2733 4336 Apollinarium,
2783 4265 3120 4338 Eutychetem
3169 4278 3216 4324 et
3259 4269 3590 4335 Dioscorum,
3624 4272 3708 4340 qui

461 4374 590 4412 sane
639 4358 802 4411 multo
855 4368 970 4425 post
1021 4355 1077 4410 S.
1129 4358 1476 4409 Athanasium
1532 4355 1694 4424 fuere.
1747 4354 2004 4424 Eutyches
2059 4365 2106 4409 et
2159 4355 2440 4411 Dioscorus
2479 4357 2532 4410 in
2584 4373 2634 4410 tv
2685 4358 2967 4411 universali
3006 4360 3227 4412 concilio
3293 4358 3707 4414 Chalcedonensi

462 4448 704 4500 damnati
737 4447 899 4515 fuere,
936 4457 987 4498 at
1025 4445 1082 4500 S.
1121 4434 1443 4498 Athanasius
1475 4456 1701 4514 tempore
1747 4445 1956 4498 concilii
1989 4459 2004 4497 l
2057 4444 2262 4499 Nicceni
2297 4445 2498 4513 ﬂoruit.
2541 4445 2638 4500 llis
2684 4447 2827 4499 enim
2876 4447 3066 4500 iisdem
3114 4448 3472 4516 temporibus,
3512 4451 3703 4516 quibus

463 4537 856 4608 Pacbytherius
889 4533 1090 4601 ﬂoruit,
1133 4535 1464 4589 Athanasius
1499 4534 1806 4605 patriarcha
1840 4532 2242 4587 Alexandrinus
2275 4535 2506 4596 vivebat,
2547 4535 2638 4601 qui
2677 4549 2802 4588 eum
2851 4534 2915 4587 ad
2968 4535 3132 4587 divini
3166 4535 3348 4600 operis
3380 4535 3709 4602 interpreta-

461 4627 664 4680 tionem
690 4623 1090 4678 exstimulant.
1129 4624 1208 4677 Au
1263 4624 1384 4691 quia
1418 4623 1586 4677 semel
1616 4621 1922 4691 patriarcha
1959 4621 2012 4674 in
2063 4634 2128 4673 eo
2173 4620 2368 4674 throno
2414 4621 2632 4674 sederat
2680 4621 3009 4676 Athanasius
3069 4621 3316 4685 nomine,
3381 4639 3488 4676 ttun
3545 4625 3711 4692 potuit

459 4714 633 4777 alius,
659 4713 962 4767 subsecutis
991 4711 1326 4781 temporibus
1351 4711 1540 4763 eodem
1570 4709 1786 4763 nomine
1813 4707 2061 4762 Ecclesia:
2093 4706 2167 4759 illi
2201 4709 2471 4778 praesse?
2494 4709 2560 4762 At
2590 4708 2766 4762 sciant
2797 4717 2991 4776 praeter
3019 4707 3159 4762 hunc
3188 4708 3536 4778 Pachymem
3565 4711 3699 4773 σύγ-

463 4819 681 4872 χρονον,
715 4801 849 4857 alios
879 4800 1041 4855 etiam
1078 4816 1106 4854 a
1140 4799 1330 4870 Magno
1361 4799 1450 4854 illo
1480 4799 1776 4852 Athanasio
1803 4799 2044 4853 diversos
2073 4798 2193 4867 (in),
2219 4808 2278 4852 ιιι
2311 4814 2376 4854 ex
2409 4799 2655 4866 catalogo
2697 4799 2908 4852 illorum
2939 4799 3373 4866 patriarcharum
3407 4799 3698 4868 colligitur,

459 4893 610 4959 quod
643 4906 739 4946 nec
770 4890 1037 4945 Baronius
1070 4899 1251 4958 negat,
1284 4889 1510 4944 rexisse.
1565 4888 1630 4941 Et
1673 4903 1738 4941 eo
1785 4888 1904 4956 ipso
1949 4898 2190 4958 tempore
2223 4889 2429 4941 rexisse
2475 4896 2690 4941 constat
2735 4897 2920 4956 aperte
2952 4901 3019 4940 ex
3061 4885 3306 4953 ejusdem
3358 4884 3703 4957 Pachymerte

467 4978 732 5046 Historia,
762 4978 1004 5050 pluribus
1031 4979 1186 5035 locis.
1221 4977 1332 5033 Nec
1359 4979 1536 5033 obstat
1561 4975 1745 5031 Sancti
1783 4991 1976 5030 nomen
2023 4975 2321 5044 prmiixum.
2359 4974 2416 5029 ln
2462 4989 2526 5029 ea
2566 4975 2767 5028 etenim
2807 4975 3048 5044 Ecclesia
3092 4977 3255 5030 etiam
3289 4973 3711 5034 scelestissimis.

463 5052 765 5125 sanctitatis
805 5085 999 5125 nomen
1042 5068 1302 5124 tributum
1349 5067 1675 5120 aduotabam
1719 5066 1773 5118 in
1820 5063 2112 5118 Eustachio
2159 5065 2495 5118 Antiocheuo
2539 5064 2606 5118 de
2657 5063 2892 5118 Eusebio
2941 5064 3263 5119 Caesariensi
3313 5063 3412 5134 (η),
3464 5074 3518 5116 et
3553 5061 3709 5122 alibi;

457 5159 612 5228 quod
654 5169 838 5228 postea
888 5168 946 5212 et
992 5157 1130 5227 apud
1164 5155 1539 5211 Occidentales
1581 5155 1886 5210 observavi.
1940 5152 2138 5209 Haberi
2190 5152 2331 5207 hanc
2375 5151 2756 5220 Paraphrasim
2809 5153 3234 5222 manuscriptam
3283 5153 3335 5205 in
3391 5151 3707 5205 bibliotheca

539 5339 606 5410 (ἢ
634 5338 738 5392 Pro
762 5333 1012 5410 Georgio.
2146 5339 2200 5384 et
2244 5328 2406 5389 Lsnfr.
2449 5327 2734 5397 Zaccagnii
2783 5325 2991 5394 praefat.
3035 5326 3101 5379 ad
3133 5323 3476 5380 Collectanca
3521 5342 3710 5382 monu-

539 5405 612 5480 (λ’)
638 5405 952 5480 Sl-Itegltitts.
1165 5473 1285 5480 _____
1364 5473 1378 5480 _
1418 5472 1545 5480 nu
1589 5470 1648 5480 -.Δ
1674 5473 1686 5480 _
1747 5473 1785 5480 _
1891 5471 1939 5480 __

1589 5470 1632 5480 ὀ
1891 5471 1903 5480 _
1927 5471 1939 5480 _
2146 5414 2451 5480 ntentorum
2492 5410 2764 5480 vetertpn._
2789 5413 2851 5480 p._
2874 5412 3018 5452 Lstv.

542 5465 609 5552 ἰιί
634 5479 733 5552 Hic
768 5465 1132 5552 iuit-abanno
1157 5473 1286 5552 ηδε
1315 5473 1380 5552 ad
1412 5472 1564 5552 1:292.
1589 5470 2034 5552 Videﬁnsehipm
2143 5539 2156 5552 .
2204 5470 2292 5550 .(n)
2325 5471 2606 5552 Eustathio
2642 5468 2979 5552 Antioclteno
3023 5468 3078 5520 in
3115 5465 3370 5552 Hefnem.
3405 5467 3710 5552 statim'suh

464 5537 843 5606 Reit'audotum
877 5549 927 5599 in
971 5545 1204 5599 Historia
1246 5546 1672 5615 patriarcharum
1723 5541 2040 5596 Alexandri-
2143 5539 2351 5615 initium
2387 5539 3004 5615 Eusebiusnb‘rdyiwv
3036 5555 3135 5600 τις.
3187 5537 3291 5592 Sed
3314 5553 3403 5615 _cs
3459 5542 3574 5615 hoc
3603 5540 3750 5606 ipso..

463 5639 676 5680 norum.
714 5617 888 5673 Puris.
931 5616 1087 5675 1715.
1119 5616 1170 5672 ι.
1201 5609 1319 5682 pag.
1357 5613 1480 5669 600.
1851 5680 1861 5682 4
2143 5613 2344 5682 rectius
2376 5612 2594 5682 Colligas
2625 5611 2675 5662 id
2704 5611 3099 5682 scriptttmrton
3128 5623 3269 5682 esse
3314 5609 3576 5663 Eustashii
3624 5622 3708 5658 ve-

539 5693 630 5759 (ηε)
667 5677 1020 5750 Athanasius,
1067 5677 1213 5739 Petri
1258 5683 1432 5752 Moggi
1461 5698 1766 5760 “successor
1814 5680 2038 5760 ejusque
2146 5680 2273 5734 teris
2305 5677 2823 5760 illtusA’ntiocheni,
2858 5679 2942 5735 cui
2983 5679 3244 5734 Eusebius
3277 5695 3380 5734 non
3427 5690 3542 5732 erat
3585 5691 3708 5733 sau-

468 5753 718 5816 tlct'cnsor
749 5761 1036 5820 ha-reseos,
1066 5767 1424 5820 cognomento
1453 5753 1664 5807 Celetcs
1692 5755 1807 5805 sive
1834 5753 2040 5805 hernio.
2144 5759 2286 5818 etus,
2321 5753 2413 5806 sed
2445 5753 2750 5806 hmreticus.

467 5852 574 5896 sus,
607 5835 672 5885 ah
708 5830 772 5886 A.
818 5826 920 5881 496
959 5828 1025 5882 ad
1061 5826 1183 5882 497.
1217 5824 1348 5878 Vide
1389 5823 1788 5898 licitattdotutti,
1829 5838 1881 5892 ρ.
1917 5822 2037 5888 123,
