3952 6510
259 386 314 450 42
327 387 361 450 3
1712 391 1820 452 NO‘

1953 392 2048 452 [Α.
3403 383 3507 450 414

262 507 517 563 Vaticana
549 510 712 565 tradit
745 510 1020 567 Gesnerus
1047 527 1062 567 :
1089 519 1143 567 et
1176 510 1426 567 Medicaea
1456 510 1784 568 Possevinus
1816 514 1872 568 iu
1914 511 2099 567 Iudice
2127 527 2142 566 :
2169 519 2224 566 et
2256 509 2482 576 Gallica,
2524 506 2732 564 indices
2780 490 3150 575 manuscripti.
3187 501 3506 560 Vincentius

257 604 576 660 liiarinerius
599 603 920 662 Valentinus
952 609 1105 675 epist.
1134 609 1199 661 ad
1225 609 1580 664 Franciscum
1617 609 1814 664 Dazam
1844 624 1986 663 anno
2032 607 2168 664 l656
2198 609 2362 672 edita,
2392 606 2582 663 scribit
2607 620 2668 662 se
2695 603 3127 660 Commentarios
3150 600 3504 670 Pachymertc

259 693 309 748 in
345 692 658 763 Dionysium
687 697 1074 765 AreOpagitam
1098 697 1150 750 in
1181 697 1421 765 linguam
1452 697 1700 752 Latinam
1733 698 1979 754 vertisse.
3213 724 3216 726 ν

323 782 377 836 5.
423 781 658 851 Scripsit
686 783 1014 850 praiterjam
1043 785 1184 840 dicta
1221 785 1512 842 Historiam
1549 788 1633 840 sui
1671 785 1950 854 temporis,
1979 799 2140 852 quam
2184 782 2396 838 orditur
2426 797 2455 836 a
2502 781 2835 849 temporibus
2879 777 3160 833 Michaelis
3213 775 3499 845 Palmologi

257 868 354 924 sub
398 885 508 939 quo
537 871 692 925 vixit.
733 870 847 936 Illa,
878 872 971 927 sed
1021 873 1206 928 mutila
1255 885 1570 929 asservatur
1605 875 1657 928 in
1689 873 2012 929 bibbotheca
2045 875 2362 942 Augustana
2396 875 2517 926 cod.
2558 869 2643 934 l9,
2677 869 2839 938 plutei
2896 868 2950 925 5.
2983 881 3047 920 ex
3118 867 3276 934 cujus
3316 865 3503 919 codice

254 957 396 1011 carie
451 951 703 1013 confecto
763 974 828 1013 ac
890 960 1079 1014 mutilo
1125 971 1381 1029 excerpta
1433 961 1678 1027 quaedam
1727 963 1972 1016 exhibuit
2021 962 2251 1017 Wolﬁus
2303 969 2418 1029 post
2474 957 2840 1027 Nicephorum
2905 954 3224 1022 Gregnram.
3279 951 3494 1005 Partem

254 1045 488 1110 illorum,
520 1062 641 1116 quae
689 1048 740 1101 in
782 1047 1096 1117 Auguslano
1130 1053 1317 1106 codice
1360 1053 1726 1120 manuscripto
1754 1057 1942 1107 deesse
1978 1053 2205 1107 Woltius
2227 1051 2582 1104 adtnnuuerat
2626 1048 2678 1109 in
2720 1045 2937 1115 synopsi
2981 1043 3100 1096 libri
3153 1041 3348 1110 quinti,
3380 1055 3500 1094 cum

257 1133 550 1202 Nicephori
605 1137 927 1204 patriarchae
976 1137 1444 1209 Constantinopoli
1499 1121 1776 1195 Breviario
1829 1141 2085 1195 historico
2137 1140 2203 1192 ab
2246 1140 2393 1192 obitu
2449 1135 2681 1190 Mauritii
2736 1147 2908 1199 usque
2963 1134 3029 1184 ad
3083 1121 3522 1184 Constantinum‘

251 1219 675 1292 Cupronymum,
728 1225 913 1280 Graece
976 1242 1147 1294 nuper
1201 1229 1368 1282 edidit
1429 1228 1714 1298 Dionysius
1769 1228 2041 1288 Petavius.
2109 1228 2334 1282 Parisiis
2375 1226 2534 1289 1616,
2591 1227 2642 1278 iu
2693 1225 2772 1278 8°.
2826 1222 3036 1292 Integra
3091 1228 3270 1274 tamen
3323 1233 3382 1269 ea
3435 1231 3500 1269 ex

251 1308 488 1363 Lolliana
545 1311 865 1366 bibliotheca
935 1313 986 1366 in
1037 1314 1352 1369 Vaticauam
1415 1324 1721 1372 transvecta
1794 1328 1903 1379 est,
1955 1334 2072 1384 qum
2123 1317 2482 1378 emendatior,
2549 1324 2602 1367 et
2661 1315 2972 1368 charactere
3042 1309 3117 1362 uti
3167 1305 3496 1372 antiquiori.

251 1398 321 1451 ita
351 1405 408 1451 et
449 1397 766 1467 elegantiori
807 1403 860 1454 in
897 1401 1194 1456 Barberina
1223 1399 1596 1468 coﬁservatur,
1632 1413 1812 1474 suntqt

1937 1405 2153 1476 ampla;
2187 1404 2572 1474 συγγραῳικῆς
2619 1401 2770 1468 λόγοι
2809 1400 2903 1466 ιγ’.
2941 1398 3078 1452 Cod.
3123 1396 3226 1450 165
3273 1405 3325 1446 et
3374 1393 3498 1447 164.

250 1483 392 1539 Inter
427 1485 742 1540 Vaticanum
777 1496 832 1540 et
881 1487 1236 1542 Barberinum
1289 1491 1540 1555 codices,
1590 1507 1658 1544 ne
1710 1493 1758 1545 id
1810 1508 2025 1563 quoque
2080 1494 2295 1546 nescius
2349 1493 2446 1553 sis,
2499 1491 2689 1553 lector,
2729 1488 3022 1540 maximum
3061 1499 3165 1538 non
3204 1491 3411 1534 tantum
3446 1481 3498 1532 in

248 1569 452 1632 verbis,
484 1585 546 1624 ac
575 1570 743 1626 modo
789 1572 1027 1638 dicendi,
1060 1575 1153 1627 sed
1206 1582 1384 1626 rerum
1440 1584 1779 1628 narraturum
1829 1581 1988 1632 etiam
2039 1580 2368 1647 quandoque
2417 1578 2608 1632 ordine
2659 1578 2834 1630 inesse
2881 1571 3194 1636 discrimen,
3229 1572 3343 1639 ipse
3392 1584 3497 1622 non

249 1657 457 1725 Singula
499 1674 844 1727 percurrens,
895 1675 1066 1730 neque
1113 1663 1257 1715 enim
1313 1662 1485 1726 licuit,
1534 1665 1854 1719 adnotaham
1889 1683 1903 1719 :
1937 1667 2088 1729 adeo,
2125 1675 2183 1718 ut
2219 1666 2346 1717 mihi
2403 1664 2560 1716 facile
2609 1660 2992 1731 persuaserim,
3049 1655 3498 1725 Pachymerinm,

249 1747 705 1814 quemadmodum
755 1763 916 1815 supra
968 1749 1201 1803 diximus
1237 1750 1302 1802 de
1343 1750 1672 1817 Acropolita,
1721 1760 1772 1803 et
1822 1752 1958 1806 inl'ra
1992 1769 2205 1823 tutoque
2237 1754 2300 1806 de
2347 1753 2612 1806 Phrantzn
2647 1754 2908 1812 dicemus,
2942 1749 3078 1801 duas
3110 1764 3216 1799 suae
3248 1745 3498 1798 llistorize

249 1833 514 1886 editiones
546 1837 772 1904 tempori
803 1850 864 1889 ac
897 1837 1055 1904 genio
1083 1837 1468 1892 inservientem
1504 1841 1892 1908 conscripsisse
1915 1881 1928 1904 ,
1961 1839 2188 1911 ideoque
2223 1855 2284 1894 ex
2320 1841 2565 1906 utrisque
2596 1839 2759 1890 multa
2789 1845 2969 1891 errata
3002 1835 3225 1906 corrigi.
3261 1835 3492 1886 obscura

253 1919 533 1982 illustrari,
567 1922 749 1976 mutila
798 1923 1057 1992 suppleri,
1093 1939 1156 1979 ac
1197 1925 1409 1979 demum
1451 1926 1690 1982 historia:
1733 1943 1929 1997 corpus
1974 1943 2138 1980 unum
2188 1926 2513 1996 perfectum,
2549 1939 2611 1979 ac
2643 1925 2910 1996 integrum
2942 1921 3145 1976 absolvi
3193 1920 3496 1990 posse'exi-

252 2009 434 2064 etimo.
468 2009 653 2080 Stylus
700 2020 778 2064 est
810 2022 1117 2076 accuratus,
1150 2013 1215 2066 ad
1264 2013 1544 2080 antiquum
1595 2029 1814 2070 succum
1849 2030 1912 2068 ac
1943 2014 2259 2084 sanguinem
2294 2011 2629 2076 cllormatus,
2661 2022 2715 2066 et
2763 2020 2956 2081 praeter
2991 2010 3230 2064 historim
3279 2015 3494 2076 captum

255 2097 534 2159 tumidior,
566 2097 621 2151 et
648 2097 900 2166 perplexa
935 2099 1216 2154 nominum
1263 2101 1599 2155 conuexione
1627 2103 1910 2171 ambiguus
1953 2110 2007 2158 et
2051 2103 2352 2165 obscurus;
2388 2115 2485 2170 pro
2515 2099 2603 2154 illo
2651 2109 2827 2154 tamen
2869 2115 3004 2158 aevo.
3035 2112 3142 2168 quo
3173 2095 3494 2173 debacohnrj

251 2199 440 2254 sapere
472 2195 610 2248 erat,
643 2185 818 2240 mollis
851 2201 916 2240 ac
958 2188 1217 2253 prudens.
1255 2190 1460 2242 Auctor
1494 2189 1622 2242 dum
1659 2189 1904 2244 veritatis
1937 2197 2176 2244 sectator
2209 2190 2376 2244 videri
2409 2192 2578 2255 cupit,
2611 2189 2661 2242 in
2691 2187 3109 2246 ecclesiasticos.
3143 2197 3194 2238 et
3227 2187 3492 2253 praecipue

251 2272 425 2328 Latini
460 2275 701 2330 nominis
743 2275 1006 2340 fautores,
1039 2277 1243 2333 Graecis
1286 2278 1399 2332 suis
1431 2278 1592 2331 nimis
1628 2280 1964 2344 propensior,
2005 2278 2238 2346 linguam
2269 2278 2431 2332 acuit.
2468 2277 2860 2343 imperatorum
2899 2275 3060 2327 etiam
3097 2287 3158 2328 ac
3191 2273 3490 2340 principum

252 2378 332 2418 res
359 2375 544 2436 ges'as
575 2365 820 2422 assiduus
851 2367 904 2421 in
937 2368 1172 2436 peiorem
1203 2378 1410 2436 partem
1431 2368 1591 2434 rapit.
1639 2366 1821 2420 Fidem
1854 2375 2030 2418 tamen
2061 2372 2131 2417 tta
2166 2378 2279 2418 suae
2316 2362 2564 2417 Ilistorite
2593 2363 2825 2417 astruit:
2849 2361 2931 2414 Τὰ
2961 2361 3019 2414 δὲ
3053 2358 3396 2427 συνέγραψεν
3431 2357 3493 2408 οὺ

248 2449 438 2521 λόγους
485 2454 670 2508 λαϐὼν
717 2455 923 2508 ἄνωθεν
967 2456 1344 2527 ἀμαρτύρους,
1393 2455 1502 2508 οὐδ’
1551 2456 1687 2524 ἀκοῇ
1732 2454 2008 2507 πίστεύων
2046 2454 2229 2522 μόνον,
2258 2455 2328 2526 ἦν
2374 2471 2459 2516 τις
2510 2451 2662 2520 λέγει
2711 2450 2999 2520 ἑωρακὼς,
3031 2451 3066 2522 ἢ
3121 2450 3218 2502 καὶ⁵
3257 2447 3492 2509 ἀκούσας

249 2541 430 2604 αὐτὸς,
486 2543 712 2604 πιστοὺς
741 2543 787 2595 δ’
827 2541 1007 2612 ἀξιοίη
1049 2543 1176 2606 τοὺς
1214 2543 1428 2611 λόγους,
1449 2545 1498 2596 εἰ
1525 2542 1686 2611 μόνον
1714 2542 1886 2611 λέγει,
1921 2541 2256 2611 λογίζεσθαι,
2305 2543 2380 2604 ὡς
2411 2542 2686 2610 αὐτόπτης
2719 2541 2788 2592 τὰ
2823 2539 3076 2599 πλεῖστα.
3100 2536 3244 2590 οὕτω
3280 2534 3492 2604 ξνειὸἁν

249 2629 507 2697 γεγονὼς,
549 2632 597 2683 εἱ
643 2631 734 2683 καὶ
776 2629 965 2698 μαθὼν
1001 2631 1266 2702 ἀκριϐῶς,
1303 2631 1436 2700 παρ’
1471 2625 1546 2686 ὧν
1589 2632 1651 2684 τὸ
1701 2631 1916 2700 πρῶτον
1947 2630 2133 2700 ὼρὰθη
2171 2630 2507 2702 πραχθέντα,
2559 2630 2699 2698 πλὴν
2749 2629 2794 2682 δ’
2827 2628 2929 2681 οὐκ
2980 2627 3298 2696 ἀμάρτυρα,
3354 2623 3490 2676 ἀλλὰ

248 2719 338 2770 καὶ
381 2719 602 2782 πολλοῖς
631 2718 812 2781 ἄλλοις
843 2719 1318 2789 συνηγορούμενα,
1348 2721 1422 2779 ὡς
1457 2721 1524 2772 ἂν
1557 2719 1630 2788 μὴ
1669 2721 1697 2771 ὁ
1724 2720 1943 2790 ξύμπας
1991 2719 2202 2789 χρόνος,
2237 2718 2399 2787 φύσιν
2439 2718 2578 2789 ἔχων
2627 2717 2694 2770 τὰ
2742 2716 2914 2769 πολλὰ
2958 2715 3227 2783 κρύπτειν
3265 2713 3486 2780 συχναῖς

247 2806 532 2868 unxit-eui;
560 2808 853 2876 περιόδοις,
891 2806 985 2861 καὶ
1011 2807 1123 2860 τάδ’
1154 2809 1391 2878 ἀφανίσῃ
1422 2808 1561 2861 κατὰ
1594 2809 1791 2879 μικρὸν
1831 2808 2051 2876 ἐξίτηλα
2077 2809 2142 2877 τῇ
2173 2805 2501 2876 παραδρομῇ
2543 2805 2834 2874 γενόμεναο
2879 2802 2966 2855 διὰ
3001 2802 3059 2855 τὸ
3094 2800 3330 2867 φανέντα
3359 2796 3492 2860 npti-

247 2895 473 2948 πτεσθαι
509 2896 688 2948 πάντα
723 2896 972 2964 ἀνάγκην
1017 2893 1178 2960 εἶναι,
1221 2895 1296 2958 ὥς
1343 2898 1445 2948 πού
1499 2913 1582 2961 τις
1618 2895 1726 2948 τῶν
1773 2893 1952 2962 σοφῶν
1996 2893 2124 2963 ἔφη,
2158 2892 2254 2945 καὶ
2304 2892 2522 2960 ἀληθῶς
2572 2891 3008 2958 ὲγνωμάτευσεν.
3042 2889 3168 2940 1]th
3202 2884 3492 2951 composuit

245 2999 343 3036 non
393 2999 631 3036 rumores
682 2984 804 3037 olim
847 3001 1078 3051 sparsos,
1132 2984 1325 3053 absque
1369 2985 1662 3038 testimonio
1715 2999 2016 3053 congerens,
2067 2997 2155 3034 nec
2202 2987 2404 3032 tantum
2451 2977 2656 3031 auditui
2707 2977 2894 3041 ﬁdens,
2930 2975 2976 3028 si
3014 2975 3129 3043 quis
3176 2989 3230 3025 se
3275 2971 3488 3033 vidisse,

244 3083 332 3127 aut
364 3074 579 3128 audisse
605 3076 768 3128 dicat.
801 3074 905 3128 Eos
934 3091 1091 3144 porto
1121 3092 1381 3129 sermones
1407 3077 1510 3144 fide
1543 3077 1730 3144 dignos
1760 3087 1869 3128 esse
1903 3069 2079 3129 sentit,
2107 3083 2324 3136 quorum
2354 3067 2481 3131 ipse,
2511 3077 2568 3119 ut
2597 3065 2908 3136 plurimum,
2937 3064 2982 3116 si
3009 3063 3081 3115 ita
3112 3061 3228 3129 ﬁeri
3251 3060 3488 3128 contigit,

242 3161 479 3215 oculatus
508 3171 769 3227 spectator
796 3161 918 3229 fuit,
956 3173 1050 3215 aut
1082 3163 1146 3216 ab
1179 3163 1284 3216 illis
1319 3145 1564 3216 αἴσια-(118
1593 3161 1800 3223 didicit,
1828 3159 1918 3228 qui
1953 3174 2034 3218 ea,
2077 3171 2194 3209 cum
2240 3156 2465 3222 primum
2497 3167 2639 3224 gesta
2670 3161 2814 3217 sunt,
2852 3167 3160 3218 conspexere
3192 3164 3208 3202 :
3241 3164 3402 3215 neque
3430 3165 3496 3201 ea

242 3256 427 3302 temere
472 3250 762 3318 proferam,
809 3253 900 3305 sed
949 3254 1237 3304 multorum
1259 3251 1500 3322 ,aliorum
1546 3248 1708 3304 eti'am
1755 3246 2054 3303 testimonio
2100 3241 2470 3310 comprobata;
2509 3259 2569 3295 ne
2619 3252 2818 3309 tempus
2867 3241 3106 3308 futurum
3161 3247 3355 3290 natura
3394 3253 3492 3288 sua

238 3335 482 3404 pleraque
517 3337 808 3402 occultans,
845 3339 1100 3406 frequenti
1144 3355 1238 3393 suo
1283 3339 1528 3401 circuitu,
1575 3339 1685 3392 [nec
1733 3351 1934 3406 quoque
1967 3333 2242 3401 paulatim'
2271 3341 2575 3384 transcursu
2609 3329 2856 3383 continuo
2903 3325 3263 3380 evanescentia
3295 3323 3489 3377 deleat.

239 3422 598 3493 Quodcunque
640 3426 776 3478 enim
811 3427 968 3478 semel
1011 3427 1278 3495 apparuit,
1316 3427 1518 3493 contegi
1547 3436 1702 3494 atque
1734 3422 1856 3476 abdi
1904 3436 2109 3474 necesse
2158 3429 2254 3481 est,
2292 3418 2728 3488 quemadmodum
2763 3415 2935 3468 nescio
2967 3414 3082 3482 quis
3111 3429 3137 3464 e
3168 3410 3491 3481 sapientibus

240 3510 389 3576 dixit,
423 3529 639 3582 vereque
664 3516 972 3568 enuntiavit.
1005 3512 1129 3568 Ha'c
1158 3519 1342 3567 eadem
1382 3514 1619 3567 Historia
1652 3511 2000 3579 Pachymeraa
2034 3509 2159 3563 licet
2193 3507 2296 3561 (ine
2330 3505 2512 3559 mutila
2548 3507 2776 3559 habetur
2826 3504 2876 3557 in
2921 3503 3251 3556 bibliotheca
3282 3498 3489 3553 Veneta

243 3597 296 3653 S.
330 3599 522 3666 Marci,
560 3599 790 3654 Scamno
813 3602 904 3664 2|,
940 3617 1090 3655 num.
1124 3601 1212 3664 12,
1240 3611 1293 3656 et
1320 3601 1557 3655 Sroriaci
1595 3601 1645 3654 in
1685 3599 1930 3654 biblioth.
1961 3597 2120 3666 Regis
2150 3595 2435 3652 Catholici.
2472 3593 2795 3647 Posseviuus
2826 3592 2879 3645 in
2923 3590 3104 3644 Indice
3133 3588 3474 3643 bibliotheca:

225 3685 407 3742 'Patmi
461 3690 650 3744 insulae
679 3708 692 3742 :
725 3688 963 3744 Historia
998 3691 1293 3757 conscripta
1341 3707 1371 3743 a
1423 3689 1671 3759 Gregorio
1719 3687 1946 3758 quodam
1994 3703 2175 3754 genere
2220 3682 2823 3748 Constantinopolitano,
2873 3691 2921 3735 et
2958 3678 3155 3734 Nicazte
3206 3679 3432 3732 enutrito
3472 3693 3490 3729 :

237 3780 530 3845 conscripta
565 3788 686 3832 sunt
711 3790 884 3833 autem
918 3788 1036 3832 acta
1073 3779 1496 3849 l’alazologorum
1526 3794 1704 3850 regunt
1747 3792 1909 3846 usque
1938 3776 2005 3828 ad
2045 3773 2303 3828 Joannem
2345 3770 2723 3838 Pala'ologum.
2754 3768 3001 3824 Meudum
3034 3777 3116 3820 est
3163 3767 3216 3820 iu
3262 3764 3483 3819 nomine

237 3867 520 3929 ant-toris,
563 3875 647 3921 est
691 3865 836 3921 enim
892 3865 1156 3934 Georgius
1204 3866 1584 3936 Pachymcres.
1635 3870 1690 3922 In
1739 3863 2062 3920 bibliotheca
2110 3863 2270 3914 etiam
2323 3861 2462 3928 regis
2510 3858 2824 3920 Gallorum,
2879 3856 3090 3926 Gecrgii
3145 3854 3498 3922 Pachymerw'

237 3953 489 4008 Historirr
540 3953 1138 4022 Constantinopolitano:
1176 3956 1266 4009 lib.
1296 3955 1476 4010 XIII.
1513 3957 1605 4011 Est
1634 3965 1686 4010 et
1714 3956 1852 4024 apud
1887 3971 1972 4008 me
2009 3955 2238 4021 integra,
2271 3961 2325 4005 et
2353 3951 2570 4018 optione
2600 3959 2757 4003 noue.

297 4043 354 4096 6.
390 4042 644 4110 Ejusdem
679 4042 943 4112 Epistolas
979 4041 1191 4099 Crtecas
1224 4044 1418 4100 alicubi
1467 4046 1519 4098 in
1573 4044 1739 4098 Italia:
1785 4043 2125 4097 bibliothecis
2152 4051 2388 4102 exstare,
2429 4037 2591 4091 tradit
2623 4037 2915 4098 Gesnerus,
2953 4049 3087 4104 quas
3117 4033 3241 4087 licet
3289 4031 3502 4085 anxius-

234 4131 612 4198 perquisierim
647 4130 712 4184 ad
777 4131 921 4184 hunc
953 4130 1118 4195 diem,
1155 4130 1326 4185 ntrllas
1353 4131 1551 4185 inveni.
1591 4129 1694 4184 Eas
1723 4139 1900 4184 tamen
1929 4128 2359 4202 elegantissimas
2397 4126 2630 4188 futuras,
2657 4133 2710 4178 et
2741 4125 2951 4179 dicendi
2983 4124 3204 4191 antiquo
3236 4131 3504 4184 nectare,

235 4229 591 4290 prmterqu-im
629 4220 767 4288 quod
795 4233 860 4273 eo
889 4233 1003 4272 aevo
1030 4219 1325 4290 scriptores
1349 4227 1664 4283 sueverant,
1698 4219 1880 4287 plenas
1913 4218 2189 4286 suspicor;
2226 4233 2346 4271 cum
2380 4217 2560 4270 minus
2590 4214 2710 4270 aliis
2745 4215 2797 4268 iu
2828 4211 3133 4283 eloquendo
3182 4209 3483 4280 Pachyme-

235 4310 368 4370 rius,
401 4309 543 4376 quod
572 4322 636 4361 ex
672 4307 904 4362 Historia
934 4316 988 4362 et
1016 4307 1138 4361 aliis
1169 4307 1409 4375 ejusdem
1447 4309 1810 4362 tractionibus
1857 4307 2032 4375 colligi
2069 4303 2264 4374 potest,
2298 4305 2550 4374 ineptiat.

297 4396 357 4448 Ἴ.
394 4394 557 4448 Plura
594 4397 754 4450 etiam
789 4396 841 4448 in
878 4395 1189 4451 Rhetoricis
1221 4395 1420 4465 ingenii
1457 4396 1825 4466 experimenta
1857 4410 1960 4447 nou
1993 4394 2242 4445 omnibus
2271 4391 2429 4445 obvia
2460 4389 2650 4453 edidit,
2684 4390 2842 4460 digna
2879 4400 3080 4452 tamen,
3116 4387 3354 4466 quierim
3387 4401 3514 4439 nou-

236 4480 462 4542 lateant.
493 4484 585 4537 sed
615 4485 754 4536 bono
785 4482 1021 4552 publico,
1055 4493 1108 4537 et
1140 4483 1565 4538 adolescentium
1601 4483 1937 4551 potissimum
1972 4481 2038 4534 ad
2074 4480 2441 4549 eloquentiam
2473 4479 2614 4533 viam
2644 4480 2745 4544 sibi
2770 4480 3080 4549 parantinm
3114 4478 3519 4541 publicentur

235 4584 422 4622 eorum
451 4569 710 4635 [tulit-em,
740 4580 796 4624 ut
822 4569 887 4625 ab
923 4570 1354 4636 humanissimis,
1389 4579 1446 4625 et
1483 4570 1625 4626 bono
1663 4569 1962 4626 litterarum
2010 4570 2154 4624 natis
2203 4569 2458 4625 Puteanis
2524 4569 2705 4640 accepi
2756 4584 2819 4623 ex
2865 4569 2984 4624 cod.
3018 4567 3121 4623 883
3153 4565 3492 4621 Bibliomeczr

235 4657 412 4728 Regia:
444 4659 720 4715 Gallorum
764 4659 852 4714 hic
887 4661 1250 4730 interponam.

300 4748 350 4800 7.
383 4747 658 4814 Γεωργεου
690 4747 1110 4816 δικαιοφύλακος
1158 4749 1250 4802 καὶ
1286 4745 1658 4819 πρωτεκδικου
1695 4745 1790 4800 τοῦ
1834 4745 2195 4817 Παψμέρους
2245 4746 2468 4815 μελέται
2510 4748 2589 4812 εἰς
2627 4748 2695 4801 τὰ
2746 4748 3248 4818 προγυμνάσματα,
3282 4745 3375 4796 καῖ
3407 4742 3487 4800 ei;

231 4847 322 4906 τὰς
354 4843 595 4904 στάσεις.
627 4844 681 4914 α)
715 4843 922 4906 Μῦθος.
952 4842 1159 4912 Georgii
1186 4843 1623 4913 Dicatophylacis,
1653 4855 1697 4896 et
1733 4841 1792 4894 P1

1936 4845 2027 4897 lici
2069 4841 2404 4911 Pacltgmera:
2436 4843 2492 4895 in
2535 4842 3033 4912 Progymnasmata,
3061 4850 3106 4894 et
3136 4847 3303 4894 status
3334 4849 3497 4889 exer-

231 4940 531 4993 citam2nta.
567 4937 797 4992 Fabula.
837 4937 896 4991 Ρ.
943 4937 1164 5006 Ἀρότου
1193 4937 1382 5007 καιρὸς
1415 4933 1506 5007 ἦν,
1539 4939 1632 4989 καὶ
1664 4935 1956 5005 γεωργοί..

299 5033 354 5102 β)
397 5034 651 5104 Asinum
677 5031 739 5084 τὸ
766 5030 908 5084 κατὰ
930 5029 1022 5083 τὴν
1055 5029 1337 5084 Ὀδυσσέα.
1374 5028 1633 5083 Narratio
1662 5029 1726 5082 de
1763 5027 1860 5098 Uly

1573 5031 1633 5082 Pio
1662 5029 1726 5082 de
1763 5027 1968 5098 Ulysse.
2012 5029 2072 5083 P.
2113 5027 2310 5097 συνέϐη
2343 5028 2471 5081 ποτὲ
2503 5029 2595 5081 καὶ
2630 5029 2662 5098 ἡ
2697 5030 2787 5080 ἐπὶ
2819 5029 2918 5096 τὴν
2957 5027 3134 5080 Ἴλιον.

297 5141 356 5196 γ)
392 5127 648 5196 Διήγημα
685 5125 746 5178 τὸ
779 5124 919 5178 κατὰ
948 5123 1045 5193 τὴν
1073 5123 1421 5194 κεκαυμένην
1461 5119 1658 5192 ζώνην,
1701 5119 1858 5175 Nam

1953 5137 1962 5172 ι
1994 5121 2055 5175 de
2095 5138 2228 5176 zona
2274 5122 2500 5176 torrida.
2545 5119 2604 5175 P.
2649 5122 2706 5175 '0
2744 5125 2848 5193 τῆς
2869 5121 3126 5194 οὐρανόθι
3159 5118 3334 5189 ζώνης
3365 5117 3514 5185 περὶ·

374 5240 422 5274 ν.

235 5219 550 5379 uigiles-fa
578 5307 795 5380 λογική.
834 5307 992 5364 Citrio
1024 5323 1141 5378 qua:
1173 5315 1377 5361 tantum
1423 5310 1678 5362 sententia
1722 5325 1796 5363 co:

1935 5354 1948 5365 .
1998 5310 2057 5365 P.
2106 5311 2410 5380 Χαιρήμων
2433 5308 2536 5377 ἔφη
2561 5325 2574 5339 ν
2611 5307 2791 5360 Πάντα
2821 5307 2889 5358 τὰ
2922 5304 3102 5373 ἀγαθὰ
3140 5305 3196 5356 ὲν
3235 5305 3383 5375 pono
3415 5304 3489 5371 τῷ

307 5406 452 5458 ονεῖν
481 5405 649 5458 ἐστιν.

307 5420 452 5458 ονειν
481 5420 649 5458 εστιν.

235 5420 351 5567 φρε)
379 5499 581 5568 Γνώμη
607 5498 1006 5569 Δημοσθένους.
1037 5500 1129 5550 Δεῖ
1162 5497 1228 5569 δὴ
1256 5499 1575 5578 χρημάτων,
1609 5500 1703 5552 καὶ
1753 5500 1880 5553 ἄνευ
1929 5501 2131 5553 τούτων
2165 5500 2317 5554 οὐδὲν
2354 5499 2468 5550 ἔστι
2502 5495 2755 5564 γενέσθαι
2789 5493 2898 5547 τῶν
2927 5493 3176 5551 δεόντων.
3215 5494 3494 5548 Sententia

238 5589 613 5646 Demosthenis.
645 5592 790 5660 Opus
820 5604 894 5645 est
926 5593 1184 5659 pecuniis,
1219 5603 1267 5646 et
1305 5593 1418 5646 sine
1457 5593 1537 5646 his
1581 5593 1713 5647 nihil
1754 5595 1892 5663 quod
1927 5611 2055 5662 Opus
2090 5597 2232 5665 factu
2265 5597 2351 5654 sit,
2376 5591 2492 5658 ﬁeri
2524 5592 2716 5660 nequit.
2752 5589 2806 5641 P.
2840 5587 3026 5652 Οὕτως
3055 5589 3164 5659 ἄρα
3197 5588 3272 5660 τῷ
3301 5590 3485 5658 Δημο-

235 5687 405 5741 σθένει
435 5691 463 5742 ὁ
493 5684 638 5751 αἶνος
662 5683 738 5757 ἦν.
771 5688 973 5750 ἱκανός.

303 5781 364 5850 ς)
398 5781 699 5850 Ἀνασκευὴ
737 5782 832 5835 τοῦ
860 5783 989 5853 περὶ
1029 5782 1123 5837 τοῦ
1157 5782 1310 5853 ῥόδου
1341 5783 1698 5856 διηγήματος.
1745 5785 1863 5840 Drst

1951 5788 2056 5840 :tio.
2098 5782 2470 5839 Narratione»:
2517 5785 2580 5840 tle
2615 5801 2734 5839 rosa
2785 5782 2930 5840 nullo
2957 5785 3110 5837 modo
3142 5779 3512 5842 ocrost'inilema

239 5890 362 5930 esse.
400 5875 458 5930 Ρ.
489 5873 660 5945 Εἴπερ
693 5875 944 5947 ἀληθείας
978 5875 1128 5932 οὐδὲν
1152 5877 1575 5948 ἀσφαλέστερον.
3463 5895 3465 5898 ‘
