  <div class='ocr_page' id='page_1' title='image "/cluster/home/n/w/nwhite01/storage/ocr_20150623/143/hvd.32044019208321/225.png"; bbox 0 0 3952 6514; ppageno 0'>
   <div class='ocr_carea' id='block_1_1' title="bbox 440 335 3694 421">
    <p class='ocr_par' dir='ltr' id='par_1_1' title="bbox 440 335 3694 421">
     <span class='ocr_line' id='line_1_1' title="bbox 440 335 3694 421; baseline -0.003 -1"><span class='ocrx_word' id='word_1_1' title='bbox 440 355 548 421; x_wconf 71' lang='grc'>415</span> <span class='ocrx_word' id='word_1_2' title='bbox 1549 367 1551 374; x_wconf 56' lang='grc' dir='ltr'>ί</span> <span class='ocrx_word' id='word_1_3' title='bbox 1597 335 1989 421; x_wconf 76' lang='lat' dir='ltr'>&#39;GEORGIUS</span> <span class='ocrx_word' id='word_1_4' title='bbox 2026 340 2552 420; x_wconf 69' lang='lat' dir='ltr'>PACHYMERES.</span> <span class='ocrx_word' id='word_1_5' title='bbox 3588 348 3694 412; x_wconf 69' lang='grc' dir='ltr'>ιιι</span> 
     </span>
    </p>
   </div>
   <div class='ocr_carea' id='block_1_2' title="bbox 513 462 2074 542">
    <p class='ocr_par' dir='ltr' id='par_1_2' title="bbox 513 466 2074 542">
     <span class='ocr_line' id='line_1_2' title="bbox 513 466 2074 542; baseline 0.001 -20"><span class='ocrx_word' id='word_1_6' title='bbox 513 467 567 539; x_wconf 79' lang='grc' dir='ltr'>ζ)</span> <span class='ocrx_word' id='word_1_7' title='bbox 597 467 922 541; x_wconf 79' lang='grc' dir='ltr'>Κατασκευὴ</span> <span class='ocrx_word' id='word_1_8' title='bbox 953 469 1018 526; x_wconf 73' lang='grc' dir='ltr'>ἐκ</span> <span class='ocrx_word' id='word_1_9' title='bbox 1042 467 1136 524; x_wconf 79' lang='grc' dir='ltr'>τοῦ</span> <span class='ocrx_word' id='word_1_10' title='bbox 1168 469 1414 523; x_wconf 78' lang='grc' dir='ltr'>ἐναντίου</span> <span class='ocrx_word' id='word_1_11' title='bbox 1437 466 1529 524; x_wconf 81' lang='grc' dir='ltr'>τοῦ</span> <span class='ocrx_word' id='word_1_12' title='bbox 1569 469 1904 542; x_wconf 69' lang='grc' dir='ltr'>διηγήματος</span> <span class='ocrx_word' id='word_1_13' title='bbox 1937 469 2029 523; x_wconf 74' lang='grc' dir='ltr'>τοῦ</span> <span class='ocrx_word' id='word_1_14' title='bbox 2073 490 2074 495; x_wconf 47' lang='grc' dir='ltr'>η</span> 
     </span>
    </p>
   </div>
   <div class='ocr_carea' id='block_1_3' title="bbox 2132 462 3693 542">
    <p class='ocr_par' dir='ltr' id='par_1_3' title="bbox 2132 462 3693 538">
     <span class='ocr_line' id='line_1_3' title="bbox 2132 462 3693 538; baseline -0.001 -18"><span class='ocrx_word' id='word_1_15' title='bbox 2132 469 2216 522; x_wconf 83' lang='grc' dir='ltr'>ιτά</span> <span class='ocrx_word' id='word_1_16' title='bbox 2252 468 2314 522; x_wconf 87' lang='grc' dir='ltr'>τδ</span> <span class='ocrx_word' id='word_1_17' title='bbox 2354 468 2526 538; x_wconf 82' lang='grc' dir='ltr'>ῥόδον.</span> <span class='ocrx_word' id='word_1_18' title='bbox 2568 465 2799 521; x_wconf 77' lang='lat' dir='ltr'><strong><em>Assertio</em></strong></span> <span class='ocrx_word' id='word_1_19' title='bbox 2840 480 2858 518; x_wconf 91' lang='lat'><strong><em>:</em></strong></span> <span class='ocrx_word' id='word_1_20' title='bbox 2897 462 3274 518; x_wconf 86' lang='lat' dir='ltr'><strong><em>Narrationem</em></strong></span> <span class='ocrx_word' id='word_1_21' title='bbox 3312 462 3459 518; x_wconf 90' lang='lat' dir='ltr'><strong><em>illam</em></strong></span> <span class='ocrx_word' id='word_1_22' title='bbox 3495 465 3693 518; x_wconf 70' lang='lat' dir='ltr'><strong><em>verisi.</em></strong></span> 
     </span>
    </p>
   </div>
   <div class='ocr_carea' id='block_1_4' title="bbox 440 546 2001 634">
    <p class='ocr_par' dir='ltr' id='par_1_4' title="bbox 440 562 1491 634">
     <span class='ocr_line' id='line_1_4' title="bbox 440 562 1491 634; baseline 0.006 -24"><span class='ocrx_word' id='word_1_23' title='bbox 440 562 614 613; x_wconf 80' lang='lat' dir='ltr'><strong><em>milem</em></strong></span> <span class='ocrx_word' id='word_1_24' title='bbox 640 577 774 617; x_wconf 90' lang='lat' dir='ltr'><strong><em>esse.</em></strong></span> <span class='ocrx_word' id='word_1_25' title='bbox 811 562 870 615; x_wconf 86' lang='lat' dir='ltr'>P.</span> <span class='ocrx_word' id='word_1_26' title='bbox 913 562 1126 630; x_wconf 75' lang='grc' dir='ltr'>Ἔγωγε</span> <span class='ocrx_word' id='word_1_27' title='bbox 1164 563 1263 634; x_wconf 79' lang='grc' dir='ltr'>μὲν</span> <span class='ocrx_word' id='word_1_28' title='bbox 1295 562 1491 632; x_wconf 81' lang='grc' dir='ltr'>φιλεῖν.</span> 
     </span>
    </p>
   </div>
   <div class='ocr_carea' id='block_1_5' title="bbox 961 546 2522 634">
    <p class='ocr_par' dir='ltr' id='par_1_5' title="bbox 961 546 2522 634">
     <span class='ocr_line' id='line_1_5' title="bbox 961 546 2522 634; baseline 0.003 -20"><span class='ocrx_word' id='word_1_29' title='bbox 961 562 1126 630; x_wconf 73' lang='grc' dir='ltr'>ἰγωγε</span> <span class='ocrx_word' id='word_1_30' title='bbox 1164 563 1263 634; x_wconf 79' lang='grc' dir='ltr'>μὲν</span> <span class='ocrx_word' id='word_1_31' title='bbox 1295 562 1491 632; x_wconf 81' lang='grc' dir='ltr'>φιλεῖν.</span> <span class='ocrx_word' id='word_1_32' title='bbox 2515 546 2522 554; x_wconf 40' lang='grc'><strong><em>⁸</em></strong></span> 
     </span>
    </p>
   </div>
   <div class='ocr_carea' id='block_1_6' title="bbox 513 649 2074 728">
    <p class='ocr_par' dir='ltr' id='par_1_6' title="bbox 513 656 2074 728">
     <span class='ocr_line' id='line_1_6' title="bbox 513 656 2074 728; baseline 0.002 -20"><span class='ocrx_word' id='word_1_33' title='bbox 513 659 570 726; x_wconf 86' lang='grc' dir='ltr'>η)</span> <span class='ocrx_word' id='word_1_34' title='bbox 597 657 788 720; x_wconf 80' lang='grc' dir='ltr'>Κοινὺς</span> <span class='ocrx_word' id='word_1_35' title='bbox 825 657 990 722; x_wconf 81' lang='grc' dir='ltr'>τόπος</span> <span class='ocrx_word' id='word_1_36' title='bbox 1021 660 1163 712; x_wconf 86' lang='grc' dir='ltr'>κατά</span> <span class='ocrx_word' id='word_1_37' title='bbox 1189 658 1453 728; x_wconf 76' lang='grc' dir='ltr'>λοιδόρου.</span> <span class='ocrx_word' id='word_1_38' title='bbox 1485 656 1653 713; x_wconf 88' lang='lat' dir='ltr'><strong><em>Locus</em></strong></span> <span class='ocrx_word' id='word_1_39' title='bbox 1699 657 1987 712; x_wconf 74' lang='lat' dir='ltr'>communis</span> <span class='ocrx_word' id='word_1_40' title='bbox 2022 674 2074 711; x_wconf 87' lang='lat' dir='ltr'>co</span> 
     </span>
    </p>
   </div>
   <div class='ocr_carea' id='block_1_7' title="bbox 2135 649 3696 728">
    <p class='ocr_par' dir='ltr' id='par_1_7' title="bbox 2135 649 3696 720">
     <span class='ocr_line' id='line_1_7' title="bbox 2135 649 3696 720; baseline -0.004 -10"><span class='ocrx_word' id='word_1_41' title='bbox 2135 667 2206 710; x_wconf 85' lang='lat' dir='ltr'><strong><em>&#39;ra</em></strong></span> <span class='ocrx_word' id='word_1_42' title='bbox 2257 655 2599 711; x_wconf 65' lang='lat' dir='ltr'><strong><em>ualedicunt.</em></strong></span> <span class='ocrx_word' id='word_1_43' title='bbox 2642 653 2700 709; x_wconf 98' lang='grc' dir='ltr'>Ρ.</span> <span class='ocrx_word' id='word_1_44' title='bbox 2729 652 2954 720; x_wconf 73' lang='grc' dir='ltr'>Ἄνδρες</span> <span class='ocrx_word' id='word_1_45' title='bbox 2988 651 3262 714; x_wconf 77' lang='grc' dir='ltr'>δικασταὶ,</span> <span class='ocrx_word' id='word_1_46' title='bbox 3290 649 3463 720; x_wconf 89' lang='grc' dir='ltr'>λόγων</span> <span class='ocrx_word' id='word_1_47' title='bbox 3487 650 3696 718; x_wconf 76' lang='grc' dir='ltr'>ὀλίγων</span> 
     </span>
    </p>
   </div>
   <div class='ocr_carea' id='block_1_8' title="bbox 379 748 918 826">
    <p class='ocr_par' dir='ltr' id='par_1_8' title="bbox 379 748 918 826">
     <span class='ocr_line' id='line_1_8' title="bbox 379 748 918 826; baseline 0.011 -27"><span class='ocrx_word' id='word_1_48' title='bbox 379 803 385 826; x_wconf 45' lang='grc' dir='ltr'>ι</span> <span class='ocrx_word' id='word_1_49' title='bbox 448 767 514 800; x_wconf 87' lang='grc' dir='ltr'>πε</span> <span class='ocrx_word' id='word_1_50' title='bbox 525 748 918 818; x_wconf 85' lang='grc' dir='ltr'>παιδευμένων.</span> 
     </span>
    </p>
   </div>
   <div class='ocr_carea' id='block_1_9' title="bbox 381 827 1942 916">
    <p class='ocr_par' dir='ltr' id='par_1_9' title="bbox 381 827 1942 916">
     <span class='ocr_line' id='line_1_9' title="bbox 381 827 1942 916; baseline -0.001 -17"><span class='ocrx_word' id='word_1_51' title='bbox 514 843 564 913; x_wconf 86' lang='grc' dir='ltr'>θ)</span> <span class='ocrx_word' id='word_1_52' title='bbox 600 843 904 916; x_wconf 82' lang='grc' dir='ltr'>Ἐγκώμιον</span> <span class='ocrx_word' id='word_1_53' title='bbox 934 846 1162 908; x_wconf 75' lang='grc' dir='ltr'>Αἴαντος</span> <span class='ocrx_word' id='word_1_54' title='bbox 1182 845 1277 899; x_wconf 82' lang='grc' dir='ltr'>τοῦ</span> <span class='ocrx_word' id='word_1_55' title='bbox 1305 845 1676 915; x_wconf 76' lang='grc' dir='ltr'>Τελαμωνίου.</span> <span class='ocrx_word' id='word_1_56' title='bbox 1710 846 1942 902; x_wconf 76' lang='grc' dir='ltr'>ιαιιααιίι</span> 
     </span>
    </p>
   </div>
   <div class='ocr_carea' id='block_1_10' title="bbox 1904 827 3465 916">
    <p class='ocr_par' dir='ltr' id='par_1_10' title="bbox 1904 835 3465 916">
     <span class='ocr_line' id='line_1_10' title="bbox 1904 835 3465 916; baseline -0.006 -16"><span class='ocrx_word' id='word_1_57' title='bbox 1904 850 1967 902; x_wconf 78' lang='lat' dir='ltr'>tio</span> <span class='ocrx_word' id='word_1_58' title='bbox 1996 848 2175 916; x_wconf 84' lang='lat' dir='ltr'><strong><em>Ajacis</em></strong></span> <span class='ocrx_word' id='word_1_59' title='bbox 2220 845 2532 900; x_wconf 87' lang='lat' dir='ltr'><strong><em>Telamonii.</em></strong></span> <span class='ocrx_word' id='word_1_60' title='bbox 2566 842 2624 900; x_wconf 69' lang='grc' dir='ltr'>ι’.</span> <span class='ocrx_word' id='word_1_61' title='bbox 2657 843 2717 896; x_wconf 77' lang='lat' dir='ltr'><strong><em>El</em></strong></span> <span class='ocrx_word' id='word_1_62' title='bbox 2752 841 2848 912; x_wconf 82' lang='grc' dir='ltr'>μὲν</span> <span class='ocrx_word' id='word_1_63' title='bbox 2875 835 2943 911; x_wconf 82' lang='grc' dir='ltr'>ἦν</span> <span class='ocrx_word' id='word_1_64' title='bbox 2973 839 3065 893; x_wconf 80' lang='grc' dir='ltr'>τὸν</span> <span class='ocrx_word' id='word_1_65' title='bbox 3095 839 3312 892; x_wconf 80' lang='grc' dir='ltr'>ἅπαντα</span> <span class='ocrx_word' id='word_1_66' title='bbox 3334 837 3465 907; x_wconf 86' lang='grc' dir='ltr'>βίον.</span> 
     </span>
    </p>
   </div>
   <div class='ocr_carea' id='block_1_11' title="bbox 517 929 2078 1008">
    <p class='ocr_par' dir='ltr' id='par_1_11' title="bbox 517 935 2076 1008">
     <span class='ocr_line' id='line_1_11' title="bbox 517 935 2076 1008; baseline 0.002 -21"><span class='ocrx_word' id='word_1_67' title='bbox 517 935 557 1005; x_wconf 88' lang='grc' dir='ltr'>ι)</span> <span class='ocrx_word' id='word_1_68' title='bbox 588 937 770 1005; x_wconf 78' lang='grc' dir='ltr'>Ψόγος</span> <span class='ocrx_word' id='word_1_69' title='bbox 793 937 888 990; x_wconf 77' lang='grc' dir='ltr'>τοῦ</span> <span class='ocrx_word' id='word_1_70' title='bbox 925 937 1154 1007; x_wconf 78' lang='grc' dir='ltr'>Πάριδος</span> <span class='ocrx_word' id='word_1_71' title='bbox 1194 937 1563 1008; x_wconf 79' lang='grc' dir='ltr'>Ἀλεξάνδρου.</span> <span class='ocrx_word' id='word_1_72' title='bbox 1607 936 1926 1005; x_wconf 84' lang='lat' dir='ltr'><strong><em>Vituperatio</em></strong></span> <span class='ocrx_word' id='word_1_73' title='bbox 1967 939 2076 991; x_wconf 89' lang='lat' dir='ltr'>Par</span> 
     </span>
    </p>
   </div>
   <div class='ocr_carea' id='block_1_12' title="bbox 2060 929 3621 1008">
    <p class='ocr_par' dir='ltr' id='par_1_12' title="bbox 2060 929 3621 999">
     <span class='ocr_line' id='line_1_12' title="bbox 2060 929 3621 999; baseline -0.004 -9"><span class='ocrx_word' id='word_1_74' title='bbox 2060 940 2179 992; x_wconf 77' lang='lat' dir='ltr'><strong><em>ridis</em></strong></span> <span class='ocrx_word' id='word_1_75' title='bbox 2208 938 2516 991; x_wconf 73' lang='lat' dir='ltr'>Alexandri.</span> <span class='ocrx_word' id='word_1_76' title='bbox 2562 936 2620 990; x_wconf 83' lang='lat' dir='ltr'>P.</span> <span class='ocrx_word' id='word_1_77' title='bbox 2655 929 2775 987; x_wconf 77' lang='grc' dir='ltr'>υῐδέ</span> <span class='ocrx_word' id='word_1_78' title='bbox 2800 951 2882 994; x_wconf 89' lang='grc' dir='ltr'>τις</span> <span class='ocrx_word' id='word_1_79' title='bbox 2919 933 3013 987; x_wconf 77' lang='grc' dir='ltr'>καὶ</span> <span class='ocrx_word' id='word_1_80' title='bbox 3042 933 3228 999; x_wconf 83' lang='grc' dir='ltr'>κέρδος</span> <span class='ocrx_word' id='word_1_81' title='bbox 3257 931 3366 984; x_wconf 81' lang='grc' dir='ltr'>άπὸ</span> <span class='ocrx_word' id='word_1_82' title='bbox 3398 930 3621 992; x_wconf 83' lang='grc' dir='ltr'>κακίας.</span> 
     </span>
    </p>
   </div>
   <div class='ocr_carea' id='block_1_13' title="bbox 515 1025 2076 1100">
    <p class='ocr_par' dir='ltr' id='par_1_13' title="bbox 515 1029 2076 1100">
     <span class='ocr_line' id='line_1_13' title="bbox 515 1029 2076 1100; baseline 0.003 -20"><span class='ocrx_word' id='word_1_83' title='bbox 515 1031 590 1092; x_wconf 87' lang='grc' dir='ltr'>ια)</span> <span class='ocrx_word' id='word_1_84' title='bbox 622 1029 912 1099; x_wconf 76' lang='grc' dir='ltr'>Σύγκρισις</span> <span class='ocrx_word' id='word_1_85' title='bbox 939 1029 1120 1092; x_wconf 78' lang='grc' dir='ltr'>ἐλαίας</span> <span class='ocrx_word' id='word_1_86' title='bbox 1153 1031 1244 1083; x_wconf 76' lang='grc' dir='ltr'>καὶ</span> <span class='ocrx_word' id='word_1_87' title='bbox 1277 1031 1542 1099; x_wconf 79' lang='grc' dir='ltr'>ἀμπέλου.</span> <span class='ocrx_word' id='word_1_88' title='bbox 1577 1029 1915 1100; x_wconf 87' lang='lat' dir='ltr'><strong><em>Comparatio</em></strong></span> <span class='ocrx_word' id='word_1_89' title='bbox 1946 1031 2076 1084; x_wconf 86' lang='lat' dir='ltr'><strong><em>oliva</em></strong></span> 
     </span>
    </p>
   </div>
   <div class='ocr_carea' id='block_1_14' title="bbox 1972 1025 3533 1100">
    <p class='ocr_par' dir='ltr' id='par_1_14' title="bbox 1972 1025 3533 1096">
     <span class='ocr_line' id='line_1_14' title="bbox 1972 1025 3533 1096; baseline -0.006 -12"><span class='ocrx_word' id='word_1_90' title='bbox 1972 1031 2117 1090; x_wconf 52' lang='lat' dir='ltr'><strong><em>llivtz.</em></strong></span> <span class='ocrx_word' id='word_1_91' title='bbox 2145 1042 2193 1084; x_wconf 89' lang='lat' dir='ltr'>et</span> <span class='ocrx_word' id='word_1_92' title='bbox 2221 1031 2359 1084; x_wconf 84' lang='lat' dir='ltr'><strong><em>vitis.</em></strong></span> <span class='ocrx_word' id='word_1_93' title='bbox 2395 1028 2457 1084; x_wconf 86' lang='lat' dir='ltr'>P.</span> <span class='ocrx_word' id='word_1_94' title='bbox 2492 1029 2596 1081; x_wconf 71' lang='grc' dir='ltr'>Καὶ</span> <span class='ocrx_word' id='word_1_95' title='bbox 2623 1029 2691 1082; x_wconf 82' lang='grc' dir='ltr'>τά</span> <span class='ocrx_word' id='word_1_96' title='bbox 2721 1029 2862 1096; x_wconf 78' lang='grc' dir='ltr'>φυτά</span> <span class='ocrx_word' id='word_1_97' title='bbox 2888 1027 3232 1096; x_wconf 88' lang='grc' dir='ltr'>παρεοικέναι</span> <span class='ocrx_word' id='word_1_98' title='bbox 3262 1025 3533 1094; x_wconf 77' lang='grc' dir='ltr'>ἀλλήλοις.</span> 
     </span>
    </p>
   </div>
   <div class='ocr_carea' id='block_1_15' title="bbox 517 1112 3695 1189">
    <p class='ocr_par' dir='ltr' id='par_1_15' title="bbox 517 1112 3695 1189">
     <span class='ocr_line' id='line_1_15' title="bbox 517 1112 3695 1189; baseline -0.003 -19"><span class='ocrx_word' id='word_1_99' title='bbox 517 1119 591 1188; x_wconf 86' lang='grc' dir='ltr'>ιβ)</span> <span class='ocrx_word' id='word_1_100' title='bbox 635 1120 938 1174; x_wconf 84' lang='grc' dir='ltr'>Ἦθοποιία.</span> <span class='ocrx_word' id='word_1_101' title='bbox 999 1121 1163 1183; x_wconf 86' lang='grc' dir='ltr'>Τίνας</span> <span class='ocrx_word' id='word_1_102' title='bbox 1194 1121 1385 1188; x_wconf 84' lang='grc' dir='ltr'>λόγους</span> <span class='ocrx_word' id='word_1_103' title='bbox 1412 1117 1532 1175; x_wconf 80' lang='grc' dir='ltr'>εἷπε</span> <span class='ocrx_word' id='word_1_104' title='bbox 1561 1122 1818 1189; x_wconf 82' lang='grc' dir='ltr'>φειδωλὸς</span> <span class='ocrx_word' id='word_1_105' title='bbox 1851 1120 2294 1188; x_wconf 74' lang='grc' dir='ltr'>ἀναγκαζόμενος</span> <span class='ocrx_word' id='word_1_106' title='bbox 2332 1119 2780 1189; x_wconf 78' lang='grc' dir='ltr'>ἐστιᾷν-ἑτέρους</span> <span class='ocrx_word' id='word_1_107' title='bbox 2819 1119 3157 1178; x_wconf 79' lang='grc' dir='ltr'>καλέσαντας</span> <span class='ocrx_word' id='word_1_108' title='bbox 3197 1116 3482 1186; x_wconf 83' lang='grc' dir='ltr'>πρότερον.</span> <span class='ocrx_word' id='word_1_109' title='bbox 3527 1112 3695 1166; x_wconf 63' lang='lat' dir='ltr'><strong><em>lit/to.</em></strong></span> 
     </span>
    </p>
   </div>
   <div class='ocr_carea' id='block_1_16' title="bbox 441 1205 3693 1283">
    <p class='ocr_par' dir='ltr' id='par_1_16' title="bbox 441 1205 3693 1283">
     <span class='ocr_line' id='line_1_16' title="bbox 441 1205 3693 1283; baseline -0.002 -20"><span class='ocrx_word' id='word_1_110' title='bbox 441 1212 595 1275; x_wconf 79' lang='lat' dir='ltr'><strong><em>paeia.</em></strong></span> <span class='ocrx_word' id='word_1_111' title='bbox 629 1212 758 1276; x_wconf 74' lang='lat' dir='ltr'><strong><em>Qua:</em></strong></span> <span class='ocrx_word' id='word_1_112' title='bbox 784 1213 973 1266; x_wconf 80' lang='lat' dir='ltr'><strong><em>dixerit</em></strong></span> <span class='ocrx_word' id='word_1_113' title='bbox 999 1205 1214 1275; x_wconf 81' lang='lat' dir='ltr'><strong><em>avarus,</em></strong></span> <span class='ocrx_word' id='word_1_114' title='bbox 1245 1229 1363 1266; x_wconf 91' lang='lat' dir='ltr'>cnm</span> <span class='ocrx_word' id='word_1_115' title='bbox 1395 1226 1660 1282; x_wconf 74' lang='lat' dir='ltr'>cogeretur</span> <span class='ocrx_word' id='word_1_116' title='bbox 1691 1230 1776 1267; x_wconf 90' lang='lat' dir='ltr'>eos</span> <span class='ocrx_word' id='word_1_117' title='bbox 1806 1215 1859 1266; x_wconf 89' lang='lat' dir='ltr'>in</span> <span class='ocrx_word' id='word_1_118' title='bbox 1889 1215 2178 1268; x_wconf 75' lang='lat' dir='ltr'>convivium</span> <span class='ocrx_word' id='word_1_119' title='bbox 2212 1228 2417 1278; x_wconf 81' lang='lat' dir='ltr'><strong><em>vocare,</em></strong></span> <span class='ocrx_word' id='word_1_120' title='bbox 2453 1214 2542 1283; x_wconf 83' lang='lat' dir='ltr'>qui</span> <span class='ocrx_word' id='word_1_121' title='bbox 2569 1213 2806 1266; x_wconf 88' lang='lat' dir='ltr'><strong><em>eumdem</em></strong></span> <span class='ocrx_word' id='word_1_122' title='bbox 2844 1213 2989 1279; x_wconf 92' lang='lat' dir='ltr'><strong><em>prius</em></strong></span> <span class='ocrx_word' id='word_1_123' title='bbox 3009 1210 3240 1263; x_wconf 79' lang='lat' dir='ltr'><strong><em>convicio</em></strong></span> <span class='ocrx_word' id='word_1_124' title='bbox 3266 1217 3601 1277; x_wconf 59' lang='lat' dir='ltr'><strong><em>exceperant:</em></strong></span> <span class='ocrx_word' id='word_1_125' title='bbox 3632 1205 3693 1261; x_wconf 85' lang='grc' dir='ltr'>Ρ.</span> 
     </span>
    </p>
   </div>
   <div class='ocr_carea' id='block_1_17' title="bbox 443 1304 2082 1378">
    <p class='ocr_par' dir='ltr' id='par_1_17' title="bbox 443 1304 2082 1378">
     <span class='ocr_line' id='line_1_17' title="bbox 443 1304 2082 1378; baseline 0.004 -22"><span class='ocrx_word' id='word_1_126' title='bbox 443 1304 549 1357; x_wconf 75' lang='grc' dir='ltr'>Φεῦ</span> <span class='ocrx_word' id='word_1_127' title='bbox 581 1307 592 1358; x_wconf 75' lang='lat' dir='ltr'>i</span> <span class='ocrx_word' id='word_1_128' title='bbox 624 1307 697 1368; x_wconf 81' lang='grc' dir='ltr'>ὡς</span> <span class='ocrx_word' id='word_1_129' title='bbox 735 1306 984 1376; x_wconf 64' lang='grc' dir='ltr'>λαμπρὸς</span> <span class='ocrx_word' id='word_1_130' title='bbox 1015 1307 1285 1376; x_wconf 77' lang='grc' dir='ltr'>ἑστιάτωρ</span> <span class='ocrx_word' id='word_1_131' title='bbox 1313 1308 1444 1375; x_wconf 81' lang='grc' dir='ltr'>ἐγὼ,</span> <span class='ocrx_word' id='word_1_132' title='bbox 1473 1310 1564 1360; x_wconf 76' lang='grc' dir='ltr'>καὶ</span> <span class='ocrx_word' id='word_1_133' title='bbox 1599 1309 1735 1378; x_wconf 78' lang='grc' dir='ltr'>πρὸς</span> <span class='ocrx_word' id='word_1_134' title='bbox 1773 1310 1839 1360; x_wconf 78' lang='grc' dir='ltr'>τὰ</span> <span class='ocrx_word' id='word_1_135' title='bbox 1871 1310 2082 1364; x_wconf 85' lang='grc' dir='ltr'>δεῖπνα.</span> 
     </span>
    </p>
   </div>
   <div class='ocr_carea' id='block_1_18' title="bbox 517 1397 2078 1474">
    <p class='ocr_par' dir='ltr' id='par_1_18' title="bbox 517 1401 2078 1474">
     <span class='ocr_line' id='line_1_18' title="bbox 517 1401 2078 1474; baseline 0.004 -22"><span class='ocrx_word' id='word_1_136' title='bbox 517 1405 593 1469; x_wconf 90' lang='grc' dir='ltr'>ιγ)</span> <span class='ocrx_word' id='word_1_137' title='bbox 629 1402 933 1470; x_wconf 76' lang='grc' dir='ltr'>Ἐκφρασις</span> <span class='ocrx_word' id='word_1_138' title='bbox 961 1401 1053 1455; x_wconf 79' lang='grc' dir='ltr'>τοῦ</span> <span class='ocrx_word' id='word_1_139' title='bbox 1084 1404 1515 1471; x_wconf 84' lang='grc' dir='ltr'>Αύγουστεῶνος.</span> <span class='ocrx_word' id='word_1_140' title='bbox 1557 1403 1852 1471; x_wconf 74' lang='lat' dir='ltr'>Descriptio</span> <span class='ocrx_word' id='word_1_141' title='bbox 1887 1408 2078 1474; x_wconf 76' lang='lat' dir='ltr'><strong><em>August</em></strong></span> 
     </span>
    </p>
   </div>
   <div class='ocr_carea' id='block_1_19' title="bbox 2134 1397 3695 1474">
    <p class='ocr_par' dir='ltr' id='par_1_19' title="bbox 2134 1397 3695 1474">
     <span class='ocr_line' id='line_1_19' title="bbox 2134 1397 3695 1474; baseline -0.005 -19"><span class='ocrx_word' id='word_1_142' title='bbox 2134 1406 2254 1459; x_wconf 83' lang='lat' dir='ltr'><strong><em>mis.</em></strong></span> <span class='ocrx_word' id='word_1_143' title='bbox 2293 1403 2368 1474; x_wconf 93' lang='grc' dir='ltr'>(ο)</span> <span class='ocrx_word' id='word_1_144' title='bbox 2412 1402 2473 1458; x_wconf 90' lang='grc' dir='ltr'>Ρ.</span> <span class='ocrx_word' id='word_1_145' title='bbox 2507 1403 2581 1456; x_wconf 84' lang='grc' dir='ltr'>Τὸ</span> <span class='ocrx_word' id='word_1_146' title='bbox 2611 1401 2703 1455; x_wconf 83' lang='grc' dir='ltr'>τοῦ</span> <span class='ocrx_word' id='word_1_147' title='bbox 2748 1401 2882 1456; x_wconf 86' lang='grc' dir='ltr'>Θεοῦ</span> <span class='ocrx_word' id='word_1_148' title='bbox 2924 1402 3147 1472; x_wconf 90' lang='grc' dir='ltr'>τέμενος</span> <span class='ocrx_word' id='word_1_149' title='bbox 3187 1401 3221 1470; x_wconf 82' lang='grc' dir='ltr'>ἠ</span> <span class='ocrx_word' id='word_1_150' title='bbox 3261 1398 3421 1469; x_wconf 71' lang='grc' dir='ltr'>σοφίη</span> <span class='ocrx_word' id='word_1_151' title='bbox 3467 1397 3695 1458; x_wconf 81' lang='grc' dir='ltr'>πολλαῖς</span> 
     </span>
    </p>
   </div>
   <div class='ocr_carea' id='block_1_20' title="bbox 448 1490 3144 1578">
    <p class='ocr_par' dir='ltr' id='par_1_20' title="bbox 448 1490 3144 1578">
     <span class='ocr_line' id='line_1_20' title="bbox 448 1490 3144 1578; baseline 0.01 -37"><span class='ocrx_word' id='word_1_152' title='bbox 448 1490 568 1559; x_wconf 79' lang='grc' dir='ltr'>μὲν,</span> <span class='ocrx_word' id='word_1_153' title='bbox 603 1493 694 1544; x_wconf 71' lang='grc' dir='ltr'>καὶ</span> <span class='ocrx_word' id='word_1_154' title='bbox 724 1495 1111 1557; x_wconf 82' lang='grc' dir='ltr'>παντοδαπαῖς.</span> <span class='ocrx_word' id='word_1_155' title='bbox 3135 1565 3144 1578; x_wconf 83' lang='grc'>,</span> 
     </span>
    </p>
   </div>
   <div class='ocr_carea' id='block_1_21' title="bbox 523 1588 2084 1666">
    <p class='ocr_par' dir='ltr' id='par_1_21' title="bbox 523 1589 2084 1666">
     <span class='ocr_line' id='line_1_21' title="bbox 523 1589 2084 1666; baseline 0.004 -24"><span class='ocrx_word' id='word_1_156' title='bbox 523 1589 592 1656; x_wconf 90' lang='grc' dir='ltr'>ιδ)</span> <span class='ocrx_word' id='word_1_157' title='bbox 624 1590 804 1654; x_wconf 83' lang='grc' dir='ltr'>Θέσις,</span> <span class='ocrx_word' id='word_1_158' title='bbox 836 1591 884 1643; x_wconf 81' lang='grc' dir='ltr'>εί</span> <span class='ocrx_word' id='word_1_159' title='bbox 914 1591 1226 1648; x_wconf 81' lang='grc' dir='ltr'>πλευστέον.</span> <span class='ocrx_word' id='word_1_160' title='bbox 1261 1592 1615 1663; x_wconf 75' lang='lat' dir='ltr'>Propositum,</span> <span class='ocrx_word' id='word_1_161' title='bbox 1659 1612 1727 1649; x_wconf 91' lang='lat' dir='ltr'>an</span> <span class='ocrx_word' id='word_1_162' title='bbox 1777 1596 2084 1666; x_wconf 75' lang='lat' dir='ltr'><strong><em>navigandut</em></strong></span> 
     </span>
    </p>
   </div>
   <div class='ocr_carea' id='block_1_22' title="bbox 2129 1588 3690 1666">
    <p class='ocr_par' dir='ltr' id='par_1_22' title="bbox 2132 1588 3690 1664">
     <span class='ocr_line' id='line_1_22' title="bbox 2132 1588 3690 1664; baseline -0.006 -15"><span class='ocrx_word' id='word_1_163' title='bbox 2132 1635 2146 1649; x_wconf 94' lang='lat'>.</span> <span class='ocrx_word' id='word_1_164' title='bbox 2194 1594 2252 1650; x_wconf 87' lang='grc' dir='ltr'>Ρ.</span> <span class='ocrx_word' id='word_1_165' title='bbox 2287 1594 2440 1648; x_wconf 77' lang='grc' dir='ltr'>Καλᾶ</span> <span class='ocrx_word' id='word_1_166' title='bbox 2473 1596 2571 1664; x_wconf 83' lang='grc' dir='ltr'>μέν</span> <span class='ocrx_word' id='word_1_167' title='bbox 2619 1593 2711 1647; x_wconf 80' lang='grc' dir='ltr'>καὶ</span> <span class='ocrx_word' id='word_1_168' title='bbox 2756 1592 2824 1645; x_wconf 69' lang='grc' dir='ltr'>τὰ</span> <span class='ocrx_word' id='word_1_169' title='bbox 2863 1590 3126 1661; x_wconf 80' lang='grc' dir='ltr'>αὑθιγενῆ</span> <span class='ocrx_word' id='word_1_170' title='bbox 3163 1589 3311 1659; x_wconf 82' lang='grc' dir='ltr'>δῶρα</span> <span class='ocrx_word' id='word_1_171' title='bbox 3337 1588 3445 1642; x_wconf 85' lang='grc' dir='ltr'>τῶν</span> <span class='ocrx_word' id='word_1_172' title='bbox 3471 1589 3690 1641; x_wconf 85' lang='grc' dir='ltr'>πόλεων</span> 
     </span>
    </p>
   </div>
   <div class='ocr_carea' id='block_1_23' title="bbox 445 1678 3220 1741">
    <p class='ocr_par' dir='ltr' id='par_1_23' title="bbox 445 1678 3220 1741">
     <span class='ocr_line' id='line_1_23' title="bbox 445 1678 3220 1741; baseline 0.004 -14"><span class='ocrx_word' id='word_1_173' title='bbox 445 1680 556 1738; x_wconf 83' lang='grc' dir='ltr'>τοῖς</span> <span class='ocrx_word' id='word_1_174' title='bbox 589 1678 845 1741; x_wconf 84' lang='grc' dir='ltr'>ἐποίκοις.</span> <span class='ocrx_word' id='word_1_175' title='bbox 1854 1711 1859 1716; x_wconf 95' lang='grc'><strong>-</strong></span> <span class='ocrx_word' id='word_1_176' title='bbox 3213 1694 3220 1700; x_wconf 88' lang='grc'><em>’</em></span> 
     </span>
    </p>
   </div>
   <div class='ocr_carea' id='block_1_24' title="bbox 518 1772 3697 1852">
    <p class='ocr_par' dir='ltr' id='par_1_24' title="bbox 518 1772 3697 1852">
     <span class='ocr_line' id='line_1_24' title="bbox 518 1772 3697 1852; baseline -0.001 -26"><span class='ocrx_word' id='word_1_177' title='bbox 518 1772 586 1842; x_wconf 87' lang='grc' dir='ltr'>ιε)</span> <span class='ocrx_word' id='word_1_178' title='bbox 637 1773 953 1846; x_wconf 85' lang='grc' dir='ltr'>Κατηγορία</span> <span class='ocrx_word' id='word_1_179' title='bbox 1007 1774 1173 1846; x_wconf 84' lang='grc' dir='ltr'>νόμου</span> <span class='ocrx_word' id='word_1_180' title='bbox 1230 1775 1322 1830; x_wconf 81' lang='grc' dir='ltr'>τοῦ</span> <span class='ocrx_word' id='word_1_181' title='bbox 1377 1778 1690 1842; x_wconf 80' lang='grc' dir='ltr'>κελεύοντος</span> <span class='ocrx_word' id='word_1_182' title='bbox 1741 1781 1867 1844; x_wconf 82' lang='grc' dir='ltr'>τοὺς</span> <span class='ocrx_word' id='word_1_183' title='bbox 1920 1781 2028 1834; x_wconf 85' lang='grc' dir='ltr'>άπὸ</span> <span class='ocrx_word' id='word_1_184' title='bbox 2079 1780 2334 1848; x_wconf 77' lang='grc' dir='ltr'>ναυαγίου</span> <span class='ocrx_word' id='word_1_185' title='bbox 2389 1779 2751 1852; x_wconf 82' lang='grc' dir='ltr'>καταίροντάς</span> <span class='ocrx_word' id='word_1_186' title='bbox 2807 1797 2909 1834; x_wconf 88' lang='grc' dir='ltr'>που</span> <span class='ocrx_word' id='word_1_187' title='bbox 2969 1778 3328 1832; x_wconf 74' lang='grc' dir='ltr'>σκυλεύεσθαι</span> <span class='ocrx_word' id='word_1_188' title='bbox 3382 1774 3536 1846; x_wconf 67' lang='grc' dir='ltr'>παρὰ</span> <span class='ocrx_word' id='word_1_189' title='bbox 3589 1774 3697 1827; x_wconf 77' lang='grc' dir='ltr'>τῶν</span> 
     </span>
    </p>
   </div>
   <div class='ocr_carea' id='block_1_25' title="bbox 445 1853 3696 1948">
    <p class='ocr_par' dir='ltr' id='par_1_25' title="bbox 445 1853 3696 1948">
     <span class='ocr_line' id='line_1_25' title="bbox 445 1853 3696 1948; baseline 0.001 -31"><span class='ocrx_word' id='word_1_190' title='bbox 445 1853 580 1922; x_wconf 71' lang='grc' dir='ltr'>ἐκεί.</span> <span class='ocrx_word' id='word_1_191' title='bbox 617 1872 890 1927; x_wconf 78' lang='lat' dir='ltr'><strong><em>Accusatio</em></strong></span> <span class='ocrx_word' id='word_1_192' title='bbox 921 1871 1050 1942; x_wconf 85' lang='lat' dir='ltr'><strong><em>legis</em></strong></span> <span class='ocrx_word' id='word_1_193' title='bbox 1074 1875 1443 1942; x_wconf 62' lang='lat' dir='ltr'><strong><em>praecipientis,</em></strong></span> <span class='ocrx_word' id='word_1_194' title='bbox 1479 1877 1815 1948; x_wconf 77' lang='lat' dir='ltr'>naufragium</span> <span class='ocrx_word' id='word_1_195' title='bbox 1866 1895 2068 1945; x_wconf 82' lang='lat' dir='ltr'><strong><em>passos,</em></strong></span> <span class='ocrx_word' id='word_1_196' title='bbox 2103 1889 2150 1932; x_wconf 89' lang='lat' dir='ltr'>et</span> <span class='ocrx_word' id='word_1_197' title='bbox 2193 1877 2502 1946; x_wconf 88' lang='lat' dir='ltr'><strong><em>appellentes</em></strong></span> <span class='ocrx_word' id='word_1_198' title='bbox 2534 1877 2586 1930; x_wconf 90' lang='lat' dir='ltr'>in</span> <span class='ocrx_word' id='word_1_199' title='bbox 2616 1877 2838 1948; x_wconf 91' lang='lat' dir='ltr'><strong><em>aliquem</em></strong></span> <span class='ocrx_word' id='word_1_200' title='bbox 2879 1874 3070 1938; x_wconf 86' lang='lat' dir='ltr'><strong><em>locum,</em></strong></span> <span class='ocrx_word' id='word_1_201' title='bbox 3101 1875 3165 1926; x_wconf 89' lang='lat' dir='ltr'>ab</span> <span class='ocrx_word' id='word_1_202' title='bbox 3193 1875 3280 1938; x_wconf 85' lang='lat' dir='ltr'><strong><em>iis,</em></strong></span> <span class='ocrx_word' id='word_1_203' title='bbox 3303 1874 3392 1943; x_wconf 83' lang='lat' dir='ltr'>qui</span> <span class='ocrx_word' id='word_1_204' title='bbox 3417 1873 3545 1924; x_wconf 87' lang='lat' dir='ltr'><strong><em>inibi</em></strong></span> <span class='ocrx_word' id='word_1_205' title='bbox 3571 1879 3696 1924; x_wconf 84' lang='lat' dir='ltr'><strong><em>sunt</em></strong></span> 
     </span>
    </p>
   </div>
   <div class='ocr_carea' id='block_1_26' title="bbox 442 1963 2003 2044">
    <p class='ocr_par' dir='ltr' id='par_1_26' title="bbox 442 1963 2003 2044">
     <span class='ocr_line' id='line_1_26' title="bbox 442 1963 2003 2044; baseline 0.007 -29"><span class='ocrx_word' id='word_1_206' title='bbox 442 1963 744 2029; x_wconf 72' lang='lat' dir='ltr'><strong><em>spoliandas</em></strong></span> <span class='ocrx_word' id='word_1_207' title='bbox 784 1983 910 2021; x_wconf 89' lang='lat' dir='ltr'><strong><em>esse.</em></strong></span> <span class='ocrx_word' id='word_1_208' title='bbox 945 1967 1005 2024; x_wconf 86' lang='lat' dir='ltr'>P.</span> <span class='ocrx_word' id='word_1_209' title='bbox 1051 1969 1193 2038; x_wconf 84' lang='grc' dir='ltr'>Ἐγὼ</span> <span class='ocrx_word' id='word_1_210' title='bbox 1219 1971 1275 2023; x_wconf 70' lang='grc' dir='ltr'>δὲ</span> <span class='ocrx_word' id='word_1_211' title='bbox 1307 1969 1442 2026; x_wconf 87' lang='grc' dir='ltr'>άλλά</span> <span class='ocrx_word' id='word_1_212' title='bbox 1471 1974 1566 2027; x_wconf 81' lang='grc' dir='ltr'>καὶ</span> <span class='ocrx_word' id='word_1_213' title='bbox 1591 1975 1755 2044; x_wconf 91' lang='grc' dir='ltr'>νόμον</span> <span class='ocrx_word' id='word_1_214' title='bbox 1787 1975 2003 2028; x_wconf 88' lang='grc' dir='ltr'>συνιστά</span> 
     </span>
    </p>
   </div>
   <div class='ocr_carea' id='block_1_27' title="bbox 1237 1963 2798 2044">
    <p class='ocr_par' dir='ltr' id='par_1_27' title="bbox 1237 1969 2798 2044">
     <span class='ocr_line' id='line_1_27' title="bbox 1237 1969 2798 2044; baseline 0.003 -22"><span class='ocrx_word' id='word_1_215' title='bbox 1237 1971 1275 2023; x_wconf 66' lang='lat' dir='ltr'><strong><em>it</em></strong></span> <span class='ocrx_word' id='word_1_216' title='bbox 1307 1969 1442 2026; x_wconf 87' lang='grc' dir='ltr'>άλλά</span> <span class='ocrx_word' id='word_1_217' title='bbox 1471 1974 1566 2027; x_wconf 81' lang='grc' dir='ltr'>καὶ</span> <span class='ocrx_word' id='word_1_218' title='bbox 1591 1975 1755 2044; x_wconf 88' lang='grc' dir='ltr'>νόμον</span> <span class='ocrx_word' id='word_1_219' title='bbox 1787 1975 2110 2028; x_wconf 79' lang='grc' dir='ltr'>συνιστάντα</span> <span class='ocrx_word' id='word_1_220' title='bbox 2147 1975 2423 2028; x_wconf 82' lang='grc' dir='ltr'>πολιτείαν</span> <span class='ocrx_word' id='word_1_221' title='bbox 2461 1973 2798 2044; x_wconf 77' lang='grc' dir='ltr'>ἀσπάζομαι.</span> 
     </span>
    </p>
   </div>
   <div class='ocr_carea' id='block_1_28' title="bbox 514 2059 2075 2142">
    <p class='ocr_par' dir='ltr' id='par_1_28' title="bbox 514 2059 2074 2140">
     <span class='ocr_line' id='line_1_28' title="bbox 514 2059 2074 2140; baseline 0.01 -31"><span class='ocrx_word' id='word_1_222' title='bbox 514 2061 599 2126; x_wconf 85' lang='grc' dir='ltr'>ις)</span> <span class='ocrx_word' id='word_1_223' title='bbox 634 2059 724 2124; x_wconf 84' lang='grc' dir='ltr'>Εἰς</span> <span class='ocrx_word' id='word_1_224' title='bbox 753 2061 814 2116; x_wconf 77' lang='grc' dir='ltr'>τὸ</span> <span class='ocrx_word' id='word_1_225' title='bbox 845 2065 1106 2130; x_wconf 80' lang='grc' dir='ltr'>ἐναντίον,</span> <span class='ocrx_word' id='word_1_226' title='bbox 1137 2066 1268 2136; x_wconf 77' lang='grc' dir='ltr'>περὶ</span> <span class='ocrx_word' id='word_1_227' title='bbox 1303 2067 1398 2122; x_wconf 78' lang='grc' dir='ltr'>τοῦ</span> <span class='ocrx_word' id='word_1_228' title='bbox 1430 2069 1668 2124; x_wconf 86' lang='grc' dir='ltr'>τοιούτού</span> <span class='ocrx_word' id='word_1_229' title='bbox 1696 2071 1883 2140; x_wconf 87' lang='grc' dir='ltr'>νόμου,</span> <span class='ocrx_word' id='word_1_230' title='bbox 1919 2072 2013 2124; x_wconf 76' lang='grc' dir='ltr'>καὶ</span> <span class='ocrx_word' id='word_1_231' title='bbox 2042 2087 2074 2124; x_wconf 90' lang='grc' dir='ltr'>τ</span> 
     </span>
    </p>
   </div>
   <div class='ocr_carea' id='block_1_29' title="bbox 2135 2059 3696 2142">
    <p class='ocr_par' dir='ltr' id='par_1_29' title="bbox 2135 2063 3696 2141">
     <span class='ocr_line' id='line_1_29' title="bbox 2135 2063 3696 2141; baseline -0.007 -16"><span class='ocrx_word' id='word_1_232' title='bbox 2135 2089 2144 2133; x_wconf 83' lang='lat'><strong><em>;</em></strong></span> <span class='ocrx_word' id='word_1_233' title='bbox 2171 2073 2421 2141; x_wconf 81' lang='grc' dir='ltr'>τοιαύτης</span> <span class='ocrx_word' id='word_1_234' title='bbox 2466 2070 2788 2134; x_wconf 82' lang='grc' dir='ltr'>συνθέσεως.</span> <span class='ocrx_word' id='word_1_235' title='bbox 2835 2066 3144 2138; x_wconf 74' lang='lat' dir='ltr'>Oppositum</span> <span class='ocrx_word' id='word_1_236' title='bbox 3175 2065 3238 2120; x_wconf 86' lang='lat' dir='ltr'>de</span> <span class='ocrx_word' id='word_1_237' title='bbox 3270 2063 3451 2119; x_wconf 87' lang='lat' dir='ltr'><strong><em>eadem</em></strong></span> <span class='ocrx_word' id='word_1_238' title='bbox 3485 2063 3621 2132; x_wconf 82' lang='lat' dir='ltr'><strong><em>lege,</em></strong></span> <span class='ocrx_word' id='word_1_239' title='bbox 3647 2072 3696 2116; x_wconf 90' lang='lat' dir='ltr'>et</span> 
     </span>
    </p>
   </div>
   <div class='ocr_carea' id='block_1_30' title="bbox 444 2157 833 2223">
    <p class='ocr_par' dir='ltr' id='par_1_30' title="bbox 444 2157 833 2223">
     <span class='ocr_line' id='line_1_30' title="bbox 444 2157 833 2223; baseline 0.021 -17"><span class='ocrx_word' id='word_1_240' title='bbox 444 2157 833 2223; x_wconf 69' lang='lat' dir='ltr'>compositione.</span> 
     </span>
    </p>
   </div>
   <div class='ocr_carea' id='block_1_31' title="bbox 516 2247 3698 2332">
    <p class='ocr_par' dir='ltr' id='par_1_31' title="bbox 516 2247 3698 2332">
     <span class='ocr_line' id='line_1_31' title="bbox 516 2247 3698 2332; baseline 0.001 -32"><span class='ocrx_word' id='word_1_241' title='bbox 516 2247 588 2317; x_wconf 79' lang='grc' dir='ltr'>ιζ)</span> <span class='ocrx_word' id='word_1_242' title='bbox 619 2250 870 2319; x_wconf 86' lang='grc' dir='ltr'>Σκηπτοῦ</span> <span class='ocrx_word' id='word_1_243' title='bbox 902 2252 1323 2324; x_wconf 82' lang='grc' dir='ltr'>κατενεχθέντος</span> <span class='ocrx_word' id='word_1_244' title='bbox 1351 2253 1611 2327; x_wconf 76' lang='grc' dir='ltr'>εὕρηνται</span> <span class='ocrx_word' id='word_1_245' title='bbox 1642 2255 1812 2326; x_wconf 82' lang='grc' dir='ltr'>χίλιαι</span> <span class='ocrx_word' id='word_1_246' title='bbox 1855 2255 2149 2310; x_wconf 81' lang='grc' dir='ltr'>πανοπλίαι</span> <span class='ocrx_word' id='word_1_247' title='bbox 2193 2257 2251 2311; x_wconf 77' lang='grc' dir='ltr'>ἐν</span> <span class='ocrx_word' id='word_1_248' title='bbox 2292 2261 2360 2330; x_wconf 78' lang='grc' dir='ltr'>τῇ</span> <span class='ocrx_word' id='word_1_249' title='bbox 2392 2249 2487 2313; x_wconf 83' lang='grc' dir='ltr'>τοῦ</span> <span class='ocrx_word' id='word_1_250' title='bbox 2521 2259 2851 2332; x_wconf 75' lang='grc' dir='ltr'>Περικλέους</span> <span class='ocrx_word' id='word_1_251' title='bbox 2893 2260 3060 2330; x_wconf 80' lang='grc' dir='ltr'>οίκίᾳ,</span> <span class='ocrx_word' id='word_1_252' title='bbox 3097 2257 3190 2312; x_wconf 78' lang='grc' dir='ltr'>καὶ</span> <span class='ocrx_word' id='word_1_253' title='bbox 3217 2255 3462 2323; x_wconf 88' lang='grc' dir='ltr'>κρίνεται</span> <span class='ocrx_word' id='word_1_254' title='bbox 3493 2269 3698 2322; x_wconf 88' lang='grc' dir='ltr'>τυραν-</span> 
     </span>
    </p>
   </div>
   <div class='ocr_carea' id='block_1_32' title="bbox 441 2341 3696 2422">
    <p class='ocr_par' dir='ltr' id='par_1_32' title="bbox 441 2341 3696 2422">
     <span class='ocr_line' id='line_1_32' title="bbox 441 2341 3696 2422; baseline 0.002 -30"><span class='ocrx_word' id='word_1_255' title='bbox 441 2341 584 2404; x_wconf 75' lang='grc' dir='ltr'>νὶδος</span> <span class='ocrx_word' id='word_1_256' title='bbox 615 2341 933 2405; x_wconf 85' lang='grc' dir='ltr'>ἐπιθέσεως.</span> <span class='ocrx_word' id='word_1_257' title='bbox 978 2345 1310 2417; x_wconf 79' lang='grc' dir='ltr'>Μελετῶμεν</span> <span class='ocrx_word' id='word_1_258' title='bbox 1334 2347 1427 2400; x_wconf 72' lang='grc' dir='ltr'>τὸν</span> <span class='ocrx_word' id='word_1_259' title='bbox 1453 2347 1744 2417; x_wconf 74' lang='grc' dir='ltr'>φεύγοντα,</span> <span class='ocrx_word' id='word_1_260' title='bbox 1775 2348 1835 2411; x_wconf 83' lang='grc' dir='ltr'>ὃς</span> <span class='ocrx_word' id='word_1_261' title='bbox 1883 2348 1977 2402; x_wconf 75' lang='grc' dir='ltr'>καὶ</span> <span class='ocrx_word' id='word_1_262' title='bbox 2017 2349 2092 2412; x_wconf 87' lang='grc' dir='ltr'>ὡς</span> <span class='ocrx_word' id='word_1_263' title='bbox 2125 2351 2431 2422; x_wconf 66' lang='grc' dir='ltr'>στρατηγὶς</span> <span class='ocrx_word' id='word_1_264' title='bbox 2479 2353 2648 2422; x_wconf 87' lang='grc' dir='ltr'>λέγει,</span> <span class='ocrx_word' id='word_1_265' title='bbox 2695 2353 2790 2407; x_wconf 79' lang='grc' dir='ltr'>καὶ</span> <span class='ocrx_word' id='word_1_266' title='bbox 2834 2351 2907 2415; x_wconf 85' lang='grc' dir='ltr'>ὡς</span> <span class='ocrx_word' id='word_1_267' title='bbox 2953 2353 3138 2422; x_wconf 77' lang='grc' dir='ltr'>ῥήτωρ</span> <span class='ocrx_word' id='word_1_268' title='bbox 3171 2350 3592 2417; x_wconf 78' lang='grc' dir='ltr'>διισχυρίζεται.</span> <span class='ocrx_word' id='word_1_269' title='bbox 3635 2345 3696 2398; x_wconf 76' lang='grc' dir='ltr'><strong><em>Ἡ</em></strong></span> 
     </span>
    </p>
   </div>
   <div class='ocr_carea' id='block_1_33' title="bbox 427 2435 3698 2512">
    <p class='ocr_par' dir='ltr' id='par_1_33' title="bbox 427 2435 3698 2512">
     <span class='ocr_line' id='line_1_33' title="bbox 427 2435 3698 2512; baseline 0.002 -24"><span class='ocrx_word' id='word_1_270' title='bbox 427 2435 634 2497; x_wconf 80' lang='grc' dir='ltr'>στάσις</span> <span class='ocrx_word' id='word_1_271' title='bbox 677 2436 1000 2506; x_wconf 85' lang='grc' dir='ltr'>στοχασμός.</span> <span class='ocrx_word' id='word_1_272' title='bbox 1036 2437 1154 2492; x_wconf 87' lang='lat' dir='ltr'><strong><em>Ictu</em></strong></span> <span class='ocrx_word' id='word_1_273' title='bbox 1185 2440 1426 2508; x_wconf 75' lang='lat' dir='ltr'><strong><em>fulminis</em></strong></span> <span class='ocrx_word' id='word_1_274' title='bbox 1459 2442 1511 2494; x_wconf 90' lang='lat' dir='ltr'>in</span> <span class='ocrx_word' id='word_1_275' title='bbox 1537 2438 1756 2495; x_wconf 84' lang='lat' dir='ltr'><strong><em>Periclis</em></strong></span> <span class='ocrx_word' id='word_1_276' title='bbox 1785 2443 1939 2496; x_wconf 91' lang='lat' dir='ltr'><strong><em>domo</em></strong></span> <span class='ocrx_word' id='word_1_277' title='bbox 1985 2443 2126 2497; x_wconf 88' lang='lat' dir='ltr'><strong><em>mille</em></strong></span> <span class='ocrx_word' id='word_1_278' title='bbox 2163 2454 2451 2498; x_wconf 78' lang='lat' dir='ltr'><strong><em>armatura:</em></strong></span> <span class='ocrx_word' id='word_1_279' title='bbox 2495 2447 2788 2500; x_wconf 68' lang='lat' dir='ltr'><strong><em>adiuventur</em></strong></span> <span class='ocrx_word' id='word_1_280' title='bbox 2827 2453 2971 2510; x_wconf 90' lang='lat' dir='ltr'><strong><em>sunt,</em></strong></span> <span class='ocrx_word' id='word_1_281' title='bbox 3017 2453 3068 2498; x_wconf 90' lang='lat' dir='ltr'>et</span> <span class='ocrx_word' id='word_1_282' title='bbox 3101 2444 3156 2496; x_wconf 93' lang='lat' dir='ltr'>in</span> <span class='ocrx_word' id='word_1_283' title='bbox 3178 2443 3445 2512; x_wconf 83' lang='lat' dir='ltr'><strong><em>judicium</em></strong></span> <span class='ocrx_word' id='word_1_284' title='bbox 3475 2451 3698 2496; x_wconf 81' lang='lat' dir='ltr'><strong><em>vocatur</em></strong></span> 
     </span>
    </p>
   </div>
   <div class='ocr_carea' id='block_1_34' title="bbox 443 2533 3695 2612">
    <p class='ocr_par' dir='ltr' id='par_1_34' title="bbox 443 2533 3695 2612">
     <span class='ocr_line' id='line_1_34' title="bbox 443 2533 3695 2612; baseline 0.003 -29"><span class='ocrx_word' id='word_1_285' title='bbox 443 2535 508 2583; x_wconf 79' lang='lat' dir='ltr'>de</span> <span class='ocrx_word' id='word_1_286' title='bbox 538 2539 738 2583; x_wconf 88' lang='lat' dir='ltr'><strong><em>tentata</em></strong></span> <span class='ocrx_word' id='word_1_287' title='bbox 775 2535 1070 2599; x_wconf 79' lang='lat' dir='ltr'><strong><em>tyrannide.</em></strong></span> <span class='ocrx_word' id='word_1_288' title='bbox 1109 2533 1383 2588; x_wconf 88' lang='lat' dir='ltr'><strong><em>Declamat</em></strong></span> <span class='ocrx_word' id='word_1_289' title='bbox 1417 2553 1554 2598; x_wconf 90' lang='lat' dir='ltr'><strong><em>reus,</em></strong></span> <span class='ocrx_word' id='word_1_290' title='bbox 1587 2539 1678 2606; x_wconf 87' lang='lat' dir='ltr'><strong><em>qui</em></strong></span> <span class='ocrx_word' id='word_1_291' title='bbox 1707 2547 1764 2590; x_wconf 90' lang='lat' dir='ltr'>ut</span> <span class='ocrx_word' id='word_1_292' title='bbox 1797 2541 2120 2592; x_wconf 79' lang='lat' dir='ltr'><strong><em>exercituum</em></strong></span> <span class='ocrx_word' id='word_1_293' title='bbox 2167 2541 2274 2593; x_wconf 71' lang='lat' dir='ltr'><strong><em>dux</em></strong></span> <span class='ocrx_word' id='word_1_294' title='bbox 2314 2558 2600 2598; x_wconf 76' lang='lat' dir='ltr'><strong><em>sermonem</em></strong></span> <span class='ocrx_word' id='word_1_295' title='bbox 2630 2544 2875 2612; x_wconf 82' lang='lat' dir='ltr'><strong><em>concipit,</em></strong></span> <span class='ocrx_word' id='word_1_296' title='bbox 2917 2553 2963 2596; x_wconf 91' lang='lat' dir='ltr'>et</span> <span class='ocrx_word' id='word_1_297' title='bbox 3003 2553 3056 2594; x_wconf 88' lang='lat' dir='ltr'>ut</span> <span class='ocrx_word' id='word_1_298' title='bbox 3091 2551 3272 2595; x_wconf 89' lang='lat' dir='ltr'><strong><em>orator</em></strong></span> <span class='ocrx_word' id='word_1_299' title='bbox 3304 2540 3695 2595; x_wconf 75' lang='lat' dir='ltr'><strong><em>contentionem</em></strong></span> 
     </span>
    </p>
   </div>
   <div class='ocr_carea' id='block_1_35' title="bbox 441 2623 2002 2706">
    <p class='ocr_par' dir='ltr' id='par_1_35' title="bbox 441 2623 2002 2695">
     <span class='ocr_line' id='line_1_35' title="bbox 441 2623 2002 2695; baseline 0.005 -21"><span class='ocrx_word' id='word_1_300' title='bbox 441 2623 563 2678; x_wconf 89' lang='lat' dir='ltr'><strong><em>init.</em></strong></span> <span class='ocrx_word' id='word_1_301' title='bbox 596 2623 780 2678; x_wconf 78' lang='lat' dir='ltr'><strong><em>Status</em></strong></span> <span class='ocrx_word' id='word_1_302' title='bbox 815 2635 889 2678; x_wconf 87' lang='lat' dir='ltr'>est</span> <span class='ocrx_word' id='word_1_303' title='bbox 929 2627 1321 2695; x_wconf 84' lang='lat' dir='ltr'><strong><em>conjecturalis.</em></strong></span> <span class='ocrx_word' id='word_1_304' title='bbox 1357 2629 1413 2684; x_wconf 85' lang='lat' dir='ltr'>P.</span> <span class='ocrx_word' id='word_1_305' title='bbox 1447 2631 1615 2682; x_wconf 79' lang='grc' dir='ltr'>Οὐδὲν</span> <span class='ocrx_word' id='word_1_306' title='bbox 1644 2630 1719 2693; x_wconf 87' lang='grc' dir='ltr'>ὡς</span> <span class='ocrx_word' id='word_1_307' title='bbox 1744 2628 1919 2683; x_wconf 81' lang='grc' dir='ltr'>ἔοικεν</span> <span class='ocrx_word' id='word_1_308' title='bbox 1953 2633 2002 2682; x_wconf 77' lang='grc' dir='ltr'>ἐο</span> 
     </span>
    </p>
   </div>
   <div class='ocr_carea' id='block_1_36' title="bbox 1490 2623 3051 2706">
    <p class='ocr_par' dir='ltr' id='par_1_36' title="bbox 1494 2628 3051 2706">
     <span class='ocr_line' id='line_1_36' title="bbox 1494 2628 3051 2706; baseline 0.004 -24"><span class='ocrx_word' id='word_1_309' title='bbox 1494 2631 1615 2682; x_wconf 81' lang='grc' dir='ltr'>ὑδέν</span> <span class='ocrx_word' id='word_1_310' title='bbox 1644 2630 1719 2693; x_wconf 87' lang='grc' dir='ltr'>ὡς</span> <span class='ocrx_word' id='word_1_311' title='bbox 1744 2628 1919 2683; x_wconf 81' lang='grc' dir='ltr'>ἔοικεν</span> <span class='ocrx_word' id='word_1_312' title='bbox 1953 2631 2100 2683; x_wconf 83' lang='grc' dir='ltr'>ἐστὶν</span> <span class='ocrx_word' id='word_1_313' title='bbox 2131 2633 2324 2703; x_wconf 76' lang='grc' dir='ltr'>ἀνδρὸς</span> <span class='ocrx_word' id='word_1_314' title='bbox 2360 2637 2697 2701; x_wconf 81' lang='grc' dir='ltr'>συκοφάντου</span> <span class='ocrx_word' id='word_1_315' title='bbox 2731 2635 3051 2706; x_wconf 82' lang='grc' dir='ltr'>βαρύτερον.</span> 
     </span>
    </p>
   </div>
   <div class='ocr_carea' id='block_1_37' title="bbox 517 2739 3695 2819">
    <p class='ocr_par' dir='ltr' id='par_1_37' title="bbox 517 2739 3695 2819">
     <span class='ocr_line' id='line_1_37' title="bbox 517 2739 3695 2819; baseline 0.003 -27"><span class='ocrx_word' id='word_1_316' title='bbox 517 2742 592 2811; x_wconf 88' lang='grc' dir='ltr'>ιη)</span> <span class='ocrx_word' id='word_1_317' title='bbox 621 2740 913 2808; x_wconf 72' lang='grc' dir='ltr'>Φιλόσοφος</span> <span class='ocrx_word' id='word_1_318' title='bbox 947 2743 1128 2796; x_wconf 70' lang='grc' dir='ltr'>ἔπεισε</span> <span class='ocrx_word' id='word_1_319' title='bbox 1154 2739 1416 2812; x_wconf 83' lang='grc' dir='ltr'>τύραννον</span> <span class='ocrx_word' id='word_1_320' title='bbox 1443 2745 1771 2799; x_wconf 82' lang='grc' dir='ltr'>καταθέσθαι</span> <span class='ocrx_word' id='word_1_321' title='bbox 1798 2747 1896 2816; x_wconf 80' lang='grc' dir='ltr'>τὴν</span> <span class='ocrx_word' id='word_1_322' title='bbox 1941 2747 2252 2818; x_wconf 81' lang='grc' dir='ltr'>τυραννίδα,</span> <span class='ocrx_word' id='word_1_323' title='bbox 2291 2748 2386 2801; x_wconf 75' lang='grc' dir='ltr'>καὶ</span> <span class='ocrx_word' id='word_1_324' title='bbox 2425 2749 2568 2801; x_wconf 82' lang='grc' dir='ltr'>αίτεί</span> <span class='ocrx_word' id='word_1_325' title='bbox 2597 2749 2654 2801; x_wconf 76' lang='grc' dir='ltr'>τὸ</span> <span class='ocrx_word' id='word_1_326' title='bbox 2683 2749 2850 2819; x_wconf 83' lang='grc' dir='ltr'>γέρας</span> <span class='ocrx_word' id='word_1_327' title='bbox 2875 2749 2984 2802; x_wconf 83' lang='grc' dir='ltr'>τῶν</span> <span class='ocrx_word' id='word_1_328' title='bbox 3013 2749 3471 2818; x_wconf 76' lang='grc' dir='ltr'>τυραννοκτόνων.</span> <span class='ocrx_word' id='word_1_329' title='bbox 3513 2750 3695 2802; x_wconf 77' lang='grc' dir='ltr'>Ἀντιο</span> 
     </span>
    </p>
   </div>
   <div class='ocr_carea' id='block_1_38' title="bbox 439 2836 2000 2911">
    <p class='ocr_par' dir='ltr' id='par_1_38' title="bbox 439 2836 2000 2908">
     <span class='ocr_line' id='line_1_38' title="bbox 439 2836 2000 2908; baseline 0 -18"><span class='ocrx_word' id='word_1_330' title='bbox 439 2836 659 2904; x_wconf 80' lang='grc' dir='ltr'>λέγεται</span> <span class='ocrx_word' id='word_1_331' title='bbox 693 2837 748 2889; x_wconf 86' lang='grc' dir='ltr'>δὲ</span> <span class='ocrx_word' id='word_1_332' title='bbox 783 2837 932 2907; x_wconf 82' lang='grc' dir='ltr'>παρά</span> <span class='ocrx_word' id='word_1_333' title='bbox 963 2853 1140 2890; x_wconf 77' lang='grc' dir='ltr'>τινων.</span> <span class='ocrx_word' id='word_1_334' title='bbox 1177 2837 1287 2891; x_wconf 76' lang='grc' dir='ltr'>Καὶ</span> <span class='ocrx_word' id='word_1_335' title='bbox 1329 2837 1642 2907; x_wconf 81' lang='grc' dir='ltr'>μελετῶμεν</span> <span class='ocrx_word' id='word_1_336' title='bbox 1683 2839 1774 2891; x_wconf 88' lang='grc' dir='ltr'>τὸν</span> <span class='ocrx_word' id='word_1_337' title='bbox 1822 2839 2000 2908; x_wconf 77' lang='grc' dir='ltr'>φιλόσι</span> 
     </span>
    </p>
   </div>
   <div class='ocr_carea' id='block_1_39' title="bbox 2129 2836 3690 2911">
    <p class='ocr_par' dir='ltr' id='par_1_39' title="bbox 2129 2840 3690 2911">
     <span class='ocr_line' id='line_1_39' title="bbox 2129 2840 3690 2911; baseline 0.003 -20"><span class='ocrx_word' id='word_1_338' title='bbox 2129 2879 2132 2891; x_wconf 86' lang='grc'><strong>,</strong></span> <span class='ocrx_word' id='word_1_339' title='bbox 2175 2840 2524 2910; x_wconf 79' lang='lat' dir='ltr'><strong><em>Philosophus</em></strong></span> <span class='ocrx_word' id='word_1_340' title='bbox 2573 2843 2738 2894; x_wconf 85' lang='lat' dir='ltr'><strong><em>suasit</em></strong></span> <span class='ocrx_word' id='word_1_341' title='bbox 2774 2851 2996 2911; x_wconf 80' lang='lat' dir='ltr'><strong><em>tyranno</em></strong></span> <span class='ocrx_word' id='word_1_342' title='bbox 3041 2842 3365 2911; x_wconf 85' lang='lat' dir='ltr'><strong><em>tyrannidem</em></strong></span> <span class='ocrx_word' id='word_1_343' title='bbox 3409 2844 3690 2911; x_wconf 85' lang='lat' dir='ltr'><strong><em>deponere.</em></strong></span> 
     </span>
    </p>
   </div>
   <div class='ocr_carea' id='block_1_40' title="bbox 441 2929 3132 3003">
    <p class='ocr_par' dir='ltr' id='par_1_40' title="bbox 441 2929 3132 3003">
     <span class='ocr_line' id='line_1_40' title="bbox 441 2929 3132 3003; baseline 0.003 -21"><span class='ocrx_word' id='word_1_344' title='bbox 441 2929 506 2984; x_wconf 83' lang='lat' dir='ltr'><strong><em>Et</em></strong></span> <span class='ocrx_word' id='word_1_345' title='bbox 537 2931 813 2999; x_wconf 73' lang='lat' dir='ltr'><strong><em>prwinium</em></strong></span> <span class='ocrx_word' id='word_1_346' title='bbox 841 2931 1070 3000; x_wconf 84' lang='lat' dir='ltr'><strong><em>postulat</em></strong></span> <span class='ocrx_word' id='word_1_347' title='bbox 1099 2932 1550 3001; x_wconf 89' lang='lat' dir='ltr'><strong><em>tyrannicidarum</em></strong></span> <span class='ocrx_word' id='word_1_348' title='bbox 1580 2948 1598 2986; x_wconf 88' lang='lat'><strong><em>:</em></strong></span> <span class='ocrx_word' id='word_1_349' title='bbox 1631 2933 1920 3003; x_wconf 86' lang='lat' dir='ltr'><strong><em>denegatur</em></strong></span> <span class='ocrx_word' id='word_1_350' title='bbox 1943 2935 2024 2987; x_wconf 87' lang='lat' dir='ltr'><strong><em>illi</em></strong></span> <span class='ocrx_word' id='word_1_351' title='bbox 2051 2937 2115 2987; x_wconf 90' lang='lat' dir='ltr'>ab</span> <span class='ocrx_word' id='word_1_352' title='bbox 2147 2934 2427 3003; x_wconf 85' lang='lat' dir='ltr'><strong><em>aliquibus.</em></strong></span> <span class='ocrx_word' id='word_1_353' title='bbox 2469 2935 2739 2990; x_wconf 88' lang='lat' dir='ltr'><strong><em>Declamat</em></strong></span> <span class='ocrx_word' id='word_1_354' title='bbox 2772 2935 3132 3002; x_wconf 82' lang='lat' dir='ltr'><strong><em>philosophus.</em></strong></span> 
     </span>
    </p>
   </div>
   <div class='ocr_carea' id='block_1_41' title="bbox 513 3041 3700 3121">
    <p class='ocr_par' dir='ltr' id='par_1_41' title="bbox 513 3041 3700 3121">
     <span class='ocr_line' id='line_1_41' title="bbox 513 3041 3700 3121; baseline 0.003 -27"><span class='ocrx_word' id='word_1_355' title='bbox 513 3041 586 3111; x_wconf 87' lang='grc' dir='ltr'>ιθ)</span> <span class='ocrx_word' id='word_1_356' title='bbox 621 3042 924 3111; x_wconf 62' lang='grc' dir='ltr'>Ζωγράρος</span> <span class='ocrx_word' id='word_1_357' title='bbox 951 3045 1183 3113; x_wconf 87' lang='grc' dir='ltr'>ναυάγια</span> <span class='ocrx_word' id='word_1_358' title='bbox 1212 3047 1451 3117; x_wconf 76' lang='grc' dir='ltr'>γράψας,</span> <span class='ocrx_word' id='word_1_359' title='bbox 1483 3049 1575 3099; x_wconf 73' lang='grc' dir='ltr'>καὶ</span> <span class='ocrx_word' id='word_1_360' title='bbox 1603 3047 1730 3117; x_wconf 65' lang='grc' dir='ltr'>περὶ</span> <span class='ocrx_word' id='word_1_361' title='bbox 1756 3049 1866 3108; x_wconf 82' lang='grc' dir='ltr'>τοῖς</span> <span class='ocrx_word' id='word_1_362' title='bbox 1900 3046 2084 3116; x_wconf 86' lang='grc' dir='ltr'>λιμέσι</span> <span class='ocrx_word' id='word_1_363' title='bbox 2113 3049 2342 3118; x_wconf 87' lang='grc' dir='ltr'>στήσας.</span> <span class='ocrx_word' id='word_1_364' title='bbox 2390 3048 2466 3118; x_wconf 83' lang='grc' dir='ltr'>μὴ</span> <span class='ocrx_word' id='word_1_365' title='bbox 2493 3049 2865 3117; x_wconf 85' lang='grc' dir='ltr'>καταιρόντων</span> <span class='ocrx_word' id='word_1_366' title='bbox 2895 3048 3109 3103; x_wconf 86' lang='grc' dir='ltr'>ναυτῶν</span> <span class='ocrx_word' id='word_1_367' title='bbox 3142 3050 3386 3121; x_wconf 80' lang='grc' dir='ltr'>κρίνεται</span> <span class='ocrx_word' id='word_1_368' title='bbox 3412 3049 3700 3119; x_wconf 84' lang='grc' dir='ltr'>δημοσίων</span> 
     </span>
    </p>
   </div>
   <div class='ocr_carea' id='block_1_42' title="bbox 438 3133 3701 3223">
    <p class='ocr_par' dir='ltr' id='par_1_42' title="bbox 438 3133 3690 3214">
     <span class='ocr_line' id='line_1_42' title="bbox 438 3133 3690 3214; baseline 0.004 -30"><span class='ocrx_word' id='word_1_369' title='bbox 438 3133 809 3203; x_wconf 81' lang='grc' dir='ltr'>ἀδικημάτων.</span> <span class='ocrx_word' id='word_1_370' title='bbox 846 3135 1030 3189; x_wconf 82' lang='lat' dir='ltr'><strong><em>Pictor</em></strong></span> <span class='ocrx_word' id='word_1_371' title='bbox 1063 3138 1326 3208; x_wconf 81' lang='lat' dir='ltr'><strong><em>naufragii</em></strong></span> <span class='ocrx_word' id='word_1_372' title='bbox 1365 3158 1395 3191; x_wconf 94' lang='lat' dir='ltr'>a</span> <span class='ocrx_word' id='word_1_373' title='bbox 1441 3156 1492 3194; x_wconf 88' lang='lat' dir='ltr'>se</span> <span class='ocrx_word' id='word_1_374' title='bbox 1539 3140 1774 3205; x_wconf 87' lang='lat' dir='ltr'><strong><em>depictas</em></strong></span> <span class='ocrx_word' id='word_1_375' title='bbox 1813 3141 2022 3194; x_wconf 87' lang='lat' dir='ltr'><strong><em>tabulas</em></strong></span> <span class='ocrx_word' id='word_1_376' title='bbox 2064 3142 2119 3194; x_wconf 91' lang='lat' dir='ltr'>in</span> <span class='ocrx_word' id='word_1_377' title='bbox 2167 3141 2402 3210; x_wconf 83' lang='lat' dir='ltr'><strong><em>portibus</em></strong></span> <span class='ocrx_word' id='word_1_378' title='bbox 2451 3144 2784 3214; x_wconf 76' lang='lat' dir='ltr'><strong><em>appinxerat.</em></strong></span> <span class='ocrx_word' id='word_1_379' title='bbox 2838 3153 3156 3198; x_wconf 82' lang='lat' dir='ltr'><strong><em>cumnaqu</em></strong></span> <span class='ocrx_word' id='word_1_380' title='bbox 3194 3159 3295 3196; x_wconf 88' lang='lat' dir='ltr'>non</span> <span class='ocrx_word' id='word_1_381' title='bbox 3338 3143 3690 3208; x_wconf 86' lang='lat' dir='ltr'><strong><em>appellerent,</em></strong></span> 
     </span>
    </p>
   </div>
   <div class='ocr_carea' id='block_1_43' title="bbox 438 3231 1999 3310">
    <p class='ocr_par' dir='ltr' id='par_1_43' title="bbox 438 3231 1999 3302">
     <span class='ocr_line' id='line_1_43' title="bbox 438 3231 1999 3302; baseline 0.004 -20"><span class='ocrx_word' id='word_1_382' title='bbox 438 3231 769 3299; x_wconf 76' lang='lat' dir='ltr'><strong><em>publicorum</em></strong></span> <span class='ocrx_word' id='word_1_383' title='bbox 806 3233 1086 3288; x_wconf 87' lang='lat' dir='ltr'><strong><em>criminum</em></strong></span> <span class='ocrx_word' id='word_1_384' title='bbox 1121 3251 1236 3287; x_wconf 91' lang='lat' dir='ltr'><strong><em>reus</em></strong></span> <span class='ocrx_word' id='word_1_385' title='bbox 1262 3236 1343 3302; x_wconf 77' lang='lat' dir='ltr'>ﬁt.</span> <span class='ocrx_word' id='word_1_386' title='bbox 1387 3234 1444 3288; x_wconf 89' lang='grc' dir='ltr'>Ρ.</span> <span class='ocrx_word' id='word_1_387' title='bbox 1489 3235 1636 3288; x_wconf 82' lang='grc' dir='ltr'>Ἐδει</span> <span class='ocrx_word' id='word_1_388' title='bbox 1670 3236 1799 3289; x_wconf 81' lang='grc' dir='ltr'>ποτὲ</span> <span class='ocrx_word' id='word_1_389' title='bbox 1834 3236 1927 3289; x_wconf 77' lang='grc' dir='ltr'>καὶ</span> <span class='ocrx_word' id='word_1_390' title='bbox 1979 3237 1999 3301; x_wconf 79' lang='grc' dir='ltr'><strong>ζ</strong></span> 
     </span>
    </p>
   </div>
   <div class='ocr_carea' id='block_1_44' title="bbox 2020 3231 3581 3310">
    <p class='ocr_par' dir='ltr' id='par_1_44' title="bbox 2020 3238 3581 3310">
     <span class='ocr_line' id='line_1_44' title="bbox 2020 3238 3581 3310; baseline -0.001 -20"><span class='ocrx_word' id='word_1_391' title='bbox 2020 3239 2267 3306; x_wconf 84' lang='grc' dir='ltr'>ωγράφον</span> <span class='ocrx_word' id='word_1_392' title='bbox 2311 3238 2584 3307; x_wconf 84' lang='grc' dir='ltr'>δημοσίων</span> <span class='ocrx_word' id='word_1_393' title='bbox 2615 3239 3016 3308; x_wconf 83' lang='grc' dir='ltr'>ἐγκεκλημένον</span> <span class='ocrx_word' id='word_1_394' title='bbox 3048 3239 3337 3310; x_wconf 79' lang='grc' dir='ltr'>παρελθεῖν</span> <span class='ocrx_word' id='word_1_395' title='bbox 3367 3239 3581 3296; x_wconf 80' lang='grc' dir='ltr'>ἐνθάδε,</span> 
     </span>
    </p>
   </div>
   <div class='ocr_carea' id='block_1_45' title="bbox 509 3349 3693 3430">
    <p class='ocr_par' dir='ltr' id='par_1_45' title="bbox 509 3349 3693 3430">
     <span class='ocr_line' id='line_1_45' title="bbox 509 3349 3693 3430; baseline 0.003 -30"><span class='ocrx_word' id='word_1_396' title='bbox 509 3351 565 3417; x_wconf 91' lang='grc' dir='ltr'>κ)</span> <span class='ocrx_word' id='word_1_397' title='bbox 599 3349 912 3421; x_wconf 75' lang='grc' dir='ltr'>Στρατηγὸς</span> <span class='ocrx_word' id='word_1_398' title='bbox 945 3351 1298 3420; x_wconf 65' lang='grc' dir='ltr'>πυρπολήσας</span> <span class='ocrx_word' id='word_1_399' title='bbox 1325 3352 1421 3415; x_wconf 74' lang='grc' dir='ltr'>τὰς</span> <span class='ocrx_word' id='word_1_400' title='bbox 1453 3352 1602 3416; x_wconf 75' lang='grc' dir='ltr'>ναῦς,</span> <span class='ocrx_word' id='word_1_401' title='bbox 1644 3355 1716 3416; x_wconf 77' lang='grc' dir='ltr'>ὡς</span> <span class='ocrx_word' id='word_1_402' title='bbox 1741 3355 1845 3420; x_wconf 77' lang='grc' dir='ltr'>ἔξω</span> <span class='ocrx_word' id='word_1_403' title='bbox 1883 3356 2074 3424; x_wconf 81' lang='grc' dir='ltr'>χρείας</span> <span class='ocrx_word' id='word_1_404' title='bbox 2104 3357 2353 3421; x_wconf 80' lang='grc' dir='ltr'>δοξάσας.</span> <span class='ocrx_word' id='word_1_405' title='bbox 2383 3360 2476 3408; x_wconf 78' lang='grc' dir='ltr'>καὶ</span> <span class='ocrx_word' id='word_1_406' title='bbox 2508 3359 2596 3410; x_wconf 71' lang='grc' dir='ltr'>διὰ</span> <span class='ocrx_word' id='word_1_407' title='bbox 2629 3357 2802 3411; x_wconf 78' lang='grc' dir='ltr'>ταῦτα</span> <span class='ocrx_word' id='word_1_408' title='bbox 2830 3361 3078 3430; x_wconf 78' lang='grc' dir='ltr'>νικήσας,</span> <span class='ocrx_word' id='word_1_409' title='bbox 3123 3359 3366 3426; x_wconf 71' lang='grc' dir='ltr'>κρίνεται</span> <span class='ocrx_word' id='word_1_410' title='bbox 3408 3357 3693 3427; x_wconf 73' lang='grc' dir='ltr'>δημοσίων</span> 
     </span>
    </p>
   </div>
   <div class='ocr_carea' id='block_1_46' title="bbox 437 3443 1998 3528">
    <p class='ocr_par' dir='ltr' id='par_1_46' title="bbox 437 3443 1998 3523">
     <span class='ocr_line' id='line_1_46' title="bbox 437 3443 1998 3523; baseline 0.002 -26"><span class='ocrx_word' id='word_1_411' title='bbox 437 3443 810 3523; x_wconf 58' lang='grc' dir='ltr'>ἀδικημάτων.</span> <span class='ocrx_word' id='word_1_412' title='bbox 859 3443 1189 3514; x_wconf 81' lang='grc' dir='ltr'>Μελετῶμεν</span> <span class='ocrx_word' id='word_1_413' title='bbox 1233 3447 1323 3497; x_wconf 70' lang='grc' dir='ltr'>τὸν</span> <span class='ocrx_word' id='word_1_414' title='bbox 1379 3448 1668 3515; x_wconf 69' lang='grc' dir='ltr'>φεύγοντα.</span> <span class='ocrx_word' id='word_1_415' title='bbox 1725 3448 1848 3503; x_wconf 72' lang='lat' dir='ltr'>Dux</span> <span class='ocrx_word' id='word_1_416' title='bbox 1889 3466 1998 3503; x_wconf 73' lang='lat' dir='ltr'><strong><em>exet</em></strong></span> 
     </span>
    </p>
   </div>
   <div class='ocr_carea' id='block_1_47' title="bbox 2130 3443 3691 3528">
    <p class='ocr_par' dir='ltr' id='par_1_47' title="bbox 2130 3453 3691 3513">
     <span class='ocr_line' id='line_1_47' title="bbox 2130 3453 3691 3513; baseline 0.001 -8"><span class='ocrx_word' id='word_1_417' title='bbox 2130 3468 2147 3505; x_wconf 79' lang='grc' dir='ltr'>ι</span> <span class='ocrx_word' id='word_1_418' title='bbox 2196 3453 2536 3505; x_wconf 74' lang='lat' dir='ltr'><strong><em>concrematis</em></strong></span> <span class='ocrx_word' id='word_1_419' title='bbox 2585 3453 2800 3504; x_wconf 83' lang='lat' dir='ltr'><strong><em>navibus</em></strong></span> <span class='ocrx_word' id='word_1_420' title='bbox 2844 3464 2953 3505; x_wconf 89' lang='lat' dir='ltr'>tum</span> <span class='ocrx_word' id='word_1_421' title='bbox 3000 3453 3297 3513; x_wconf 89' lang='lat' dir='ltr'><strong><em>inutilibus,</em></strong></span> <span class='ocrx_word' id='word_1_422' title='bbox 3354 3463 3402 3504; x_wconf 89' lang='lat' dir='ltr'>et</span> <span class='ocrx_word' id='word_1_423' title='bbox 3451 3453 3691 3506; x_wconf 88' lang='lat' dir='ltr'><strong><em>hostibus</em></strong></span> 
     </span>
    </p>
   </div>
   <div class='ocr_carea' id='block_1_48' title="bbox 437 3536 1998 3618">
    <p class='ocr_par' dir='ltr' id='par_1_48' title="bbox 437 3536 1997 3614">
     <span class='ocr_line' id='line_1_48' title="bbox 437 3536 1997 3614; baseline 0.009 -29"><span class='ocrx_word' id='word_1_424' title='bbox 437 3536 767 3605; x_wconf 72' lang='lat' dir='ltr'><strong><em>postmodum</em></strong></span> <span class='ocrx_word' id='word_1_425' title='bbox 793 3538 1082 3601; x_wconf 75' lang='lat' dir='ltr'><strong><em>debellatis,</em></strong></span> <span class='ocrx_word' id='word_1_426' title='bbox 1115 3539 1438 3603; x_wconf 75' lang='lat' dir='ltr'><strong><em>publicorum</em></strong></span> <span class='ocrx_word' id='word_1_427' title='bbox 1480 3544 1757 3597; x_wconf 84' lang='lat' dir='ltr'><strong><em>criminum</em></strong></span> <span class='ocrx_word' id='word_1_428' title='bbox 1795 3561 1910 3599; x_wconf 89' lang='lat' dir='ltr'><strong><em>reus</em></strong></span> <span class='ocrx_word' id='word_1_429' title='bbox 1941 3546 1997 3614; x_wconf 80' lang='lat' dir='ltr'><strong><em>ﬁt</em></strong></span> 
     </span>
    </p>
   </div>
   <div class='ocr_carea' id='block_1_49' title="bbox 2128 3536 3689 3618">
    <p class='ocr_par' dir='ltr' id='par_1_49' title="bbox 2128 3545 3689 3618">
     <span class='ocr_line' id='line_1_49' title="bbox 2128 3545 3689 3618; baseline -0.001 -18"><span class='ocrx_word' id='word_1_430' title='bbox 2128 3548 2327 3600; x_wconf 73' lang='lat' dir='ltr'><strong><em>:clamet</em></strong></span> <span class='ocrx_word' id='word_1_431' title='bbox 2365 3564 2504 3600; x_wconf 90' lang='lat' dir='ltr'><strong><em>reus.</em></strong></span> <span class='ocrx_word' id='word_1_432' title='bbox 2543 3545 2602 3600; x_wconf 83' lang='grc' dir='ltr'>Ρ.</span> <span class='ocrx_word' id='word_1_433' title='bbox 2629 3546 2770 3614; x_wconf 78' lang='grc' dir='ltr'>Ἐγὼ</span> <span class='ocrx_word' id='word_1_434' title='bbox 2803 3548 2900 3618; x_wconf 79' lang='grc' dir='ltr'>μὲν</span> <span class='ocrx_word' id='word_1_435' title='bbox 2944 3550 3040 3600; x_wconf 74' lang='grc' dir='ltr'>καὶ</span> <span class='ocrx_word' id='word_1_436' title='bbox 3079 3549 3246 3618; x_wconf 83' lang='grc' dir='ltr'>γέρας</span> <span class='ocrx_word' id='word_1_437' title='bbox 3282 3549 3689 3616; x_wconf 78' lang='grc' dir='ltr'>ὑπελάμϐανον,</span> 
     </span>
    </p>
   </div>
   <div class='ocr_carea' id='block_1_50' title="bbox 437 3635 1740 3708">
    <p class='ocr_par' dir='ltr' id='par_1_50' title="bbox 437 3635 1740 3708">
     <span class='ocr_line' id='line_1_50' title="bbox 437 3635 1740 3708; baseline 0.004 -20"><span class='ocrx_word' id='word_1_438' title='bbox 437 3635 655 3704; x_wconf 84' lang='grc' dir='ltr'>ἄνδρες,</span> <span class='ocrx_word' id='word_1_439' title='bbox 684 3635 776 3688; x_wconf 79' lang='grc' dir='ltr'>ἐπὶ</span> <span class='ocrx_word' id='word_1_440' title='bbox 803 3637 914 3699; x_wconf 83' lang='grc' dir='ltr'>τοῖς</span> <span class='ocrx_word' id='word_1_441' title='bbox 947 3637 1362 3706; x_wconf 61' lang='grc' dir='ltr'>πεπραγμένοις</span> <span class='ocrx_word' id='word_1_442' title='bbox 1395 3639 1740 3708; x_wconf 76' lang='grc' dir='ltr'>κομίζεσθαι.</span> 
     </span>
    </p>
   </div>
   <div class='ocr_carea' id='block_1_51' title="bbox 509 3753 3684 3844">
    <p class='ocr_par' dir='ltr' id='par_1_51' title="bbox 509 3753 3684 3844">
     <span class='ocr_line' id='line_1_51' title="bbox 509 3753 3684 3844; baseline 0.003 -41"><span class='ocrx_word' id='word_1_443' title='bbox 509 3753 603 3819; x_wconf 87' lang='grc' dir='ltr'>κα)</span> <span class='ocrx_word' id='word_1_444' title='bbox 632 3753 721 3806; x_wconf 85' lang='grc' dir='ltr'>Ἐν</span> <span class='ocrx_word' id='word_1_445' title='bbox 748 3755 928 3825; x_wconf 77' lang='grc' dir='ltr'>τρισὶν</span> <span class='ocrx_word' id='word_1_446' title='bbox 955 3755 1187 3825; x_wconf 84' lang='grc' dir='ltr'>ἡμέραις</span> <span class='ocrx_word' id='word_1_447' title='bbox 1223 3757 1384 3823; x_wconf 81' lang='grc' dir='ltr'>νόμος</span> <span class='ocrx_word' id='word_1_448' title='bbox 1420 3757 1642 3808; x_wconf 81' lang='grc' dir='ltr'>ἐκέλευε</span> <span class='ocrx_word' id='word_1_449' title='bbox 1678 3757 1806 3826; x_wconf 68' lang='grc' dir='ltr'>περὶ</span> <span class='ocrx_word' id='word_1_450' title='bbox 1840 3757 2076 3844; x_wconf 72' lang='grc' dir='ltr'>πολέμου</span> <span class='ocrx_word' id='word_1_451' title='bbox 2104 3758 2477 3828; x_wconf 79' lang='grc' dir='ltr'>βουλεύεσθαι.</span> <span class='ocrx_word' id='word_1_452' title='bbox 2518 3759 2796 3812; x_wconf 70' lang='grc' dir='ltr'>Ἐλάτειαν</span> <span class='ocrx_word' id='word_1_453' title='bbox 2823 3758 3180 3828; x_wconf 78' lang='grc' dir='ltr'>κατασχόντος</span> <span class='ocrx_word' id='word_1_454' title='bbox 3209 3758 3496 3822; x_wconf 73' lang='grc' dir='ltr'>Φιλίππου,</span> <span class='ocrx_word' id='word_1_455' title='bbox 3551 3777 3684 3812; x_wconf 79' lang='grc' dir='ltr'>συν-</span> 
     </span>
    </p>
   </div>
   <div class='ocr_carea' id='block_1_52' title="bbox 446 3850 2007 3925">
    <p class='ocr_par' dir='ltr' id='par_1_52' title="bbox 446 3850 2007 3922">
     <span class='ocr_line' id='line_1_52' title="bbox 446 3850 2007 3922; baseline 0.001 -20"><span class='ocrx_word' id='word_1_456' title='bbox 446 3850 700 3902; x_wconf 78' lang='grc' dir='ltr'>εσυύλευε</span> <span class='ocrx_word' id='word_1_457' title='bbox 734 3851 1082 3919; x_wconf 73' lang='grc' dir='ltr'>Δημοσθένης</span> <span class='ocrx_word' id='word_1_458' title='bbox 1111 3853 1424 3922; x_wconf 65' lang='grc' dir='ltr'>αὐθημερλν</span> <span class='ocrx_word' id='word_1_459' title='bbox 1455 3851 1676 3917; x_wconf 79' lang='grc' dir='ltr'>ἐξιέναι,</span> <span class='ocrx_word' id='word_1_460' title='bbox 1712 3855 1803 3906; x_wconf 73' lang='grc' dir='ltr'>καὶ</span> <span class='ocrx_word' id='word_1_461' title='bbox 1835 3854 2007 3922; x_wconf 81' lang='grc' dir='ltr'>μάχεσ</span> 
     </span>
    </p>
   </div>
   <div class='ocr_carea' id='block_1_53' title="bbox 2128 3850 3689 3925">
    <p class='ocr_par' dir='ltr' id='par_1_53' title="bbox 2169 3854 3689 3925">
     <span class='ocr_line' id='line_1_53' title="bbox 2169 3854 3689 3925; baseline -0.001 -20"><span class='ocrx_word' id='word_1_462' title='bbox 2169 3855 2433 3916; x_wconf 86' lang='grc' dir='ltr'>Σύστασις</span> <span class='ocrx_word' id='word_1_463' title='bbox 2469 3857 2850 3925; x_wconf 69' lang='grc' dir='ltr'>πραγματικὴ.</span> <span class='ocrx_word' id='word_1_464' title='bbox 2891 3854 3077 3908; x_wconf 85' lang='lat' dir='ltr'><strong><em>Tribus</em></strong></span> <span class='ocrx_word' id='word_1_465' title='bbox 3124 3855 3302 3907; x_wconf 83' lang='lat' dir='ltr'><strong><em>diebus</em></strong></span> <span class='ocrx_word' id='word_1_466' title='bbox 3335 3871 3399 3906; x_wconf 76' lang='lat' dir='ltr'><strong><em>ea:</em></strong></span> <span class='ocrx_word' id='word_1_467' title='bbox 3427 3867 3689 3920; x_wconf 76' lang='lat' dir='ltr'><strong><em>prtrcepto</em></strong></span> 
     </span>
    </p>
   </div>
   <div class='ocr_carea' id='block_1_54' title="bbox 435 3941 3689 4014">
    <p class='ocr_par' dir='ltr' id='par_1_54' title="bbox 435 3941 3689 4014">
     <span class='ocr_line' id='line_1_54' title="bbox 435 3941 3689 4014; baseline 0.002 -20"><span class='ocrx_word' id='word_1_468' title='bbox 435 3942 562 4010; x_wconf 78' lang='lat' dir='ltr'><strong><em>legis</em></strong></span> <span class='ocrx_word' id='word_1_469' title='bbox 586 3943 648 3996; x_wconf 79' lang='lat' dir='ltr'>de</span> <span class='ocrx_word' id='word_1_470' title='bbox 677 3943 806 3996; x_wconf 89' lang='lat' dir='ltr'><strong><em>bello</em></strong></span> <span class='ocrx_word' id='word_1_471' title='bbox 836 3943 1074 4010; x_wconf 80' lang='lat' dir='ltr'><strong><em>faciendo</em></strong></span> <span class='ocrx_word' id='word_1_472' title='bbox 1111 3947 1484 3999; x_wconf 87' lang='lat' dir='ltr'><strong><em>consulen.!um</em></strong></span> <span class='ocrx_word' id='word_1_473' title='bbox 1509 3941 1638 3999; x_wconf 69' lang='grc' dir='ltr'>έναι.</span> <span class='ocrx_word' id='word_1_474' title='bbox 1687 3945 1820 4000; x_wconf 87' lang='lat' dir='ltr'><strong><em>Cum</em></strong></span> <span class='ocrx_word' id='word_1_475' title='bbox 1861 3944 2132 4012; x_wconf 83' lang='lat' dir='ltr'><strong><em>Philippus</em></strong></span> <span class='ocrx_word' id='word_1_476' title='bbox 2171 3947 2407 4001; x_wconf 83' lang='lat' dir='ltr'><strong><em>Elatiam</em></strong></span> <span class='ocrx_word' id='word_1_477' title='bbox 2441 3960 2763 4014; x_wconf 76' lang='lat' dir='ltr'><strong><em>occupasset,</em></strong></span> <span class='ocrx_word' id='word_1_478' title='bbox 2809 3947 3173 4001; x_wconf 80' lang='lat' dir='ltr'><strong><em>Demosthenes</em></strong></span> <span class='ocrx_word' id='word_1_479' title='bbox 3217 3951 3460 4000; x_wconf 81' lang='lat' dir='ltr'><strong><em>hortatur</em></strong></span> <span class='ocrx_word' id='word_1_480' title='bbox 3501 3949 3689 4001; x_wconf 83' lang='lat' dir='ltr'><strong><em>eodem</em></strong></span> 
     </span>
    </p>
   </div>
   <div class='ocr_carea' id='block_1_55' title="bbox 435 4032 1996 4110">
    <p class='ocr_par' dir='ltr' id='par_1_55' title="bbox 435 4033 1996 4106">
     <span class='ocr_line' id='line_1_55' title="bbox 435 4033 1996 4106; baseline 0.001 -19"><span class='ocrx_word' id='word_1_481' title='bbox 435 4035 518 4087; x_wconf 89' lang='lat' dir='ltr'>die</span> <span class='ocrx_word' id='word_1_482' title='bbox 552 4033 674 4087; x_wconf 85' lang='lat' dir='ltr'><strong><em>urbe</em></strong></span> <span class='ocrx_word' id='word_1_483' title='bbox 695 4039 857 4100; x_wconf 72' lang='lat' dir='ltr'><strong><em>exire,</em></strong></span> <span class='ocrx_word' id='word_1_484' title='bbox 885 4047 934 4090; x_wconf 90' lang='lat' dir='ltr'>et</span> <span class='ocrx_word' id='word_1_485' title='bbox 968 4055 1196 4104; x_wconf 84' lang='lat' dir='ltr'><strong><em>pugnam</em></strong></span> <span class='ocrx_word' id='word_1_486' title='bbox 1221 4039 1465 4104; x_wconf 74' lang='lat' dir='ltr'><strong><em>experiri.</em></strong></span> <span class='ocrx_word' id='word_1_487' title='bbox 1500 4037 1682 4091; x_wconf 83' lang='lat' dir='ltr'><strong><em>Status</em></strong></span> <span class='ocrx_word' id='word_1_488' title='bbox 1711 4038 1996 4106; x_wconf 72' lang='lat' dir='ltr'><strong><em>negotialis</em></strong></span> 
     </span>
    </p>
   </div>
   <div class='ocr_carea' id='block_1_56' title="bbox 2120 4032 3681 4110">
    <p class='ocr_par' dir='ltr' id='par_1_56' title="bbox 2129 4032 3681 4110">
     <span class='ocr_line' id='line_1_56' title="bbox 2129 4032 3681 4110; baseline 0 -20"><span class='ocrx_word' id='word_1_489' title='bbox 2129 4040 2261 4110; x_wconf 76' lang='grc' dir='ltr'>Περὶ</span> <span class='ocrx_word' id='word_1_490' title='bbox 2286 4038 2493 4091; x_wconf 79' lang='grc' dir='ltr'>πολλῶν</span> <span class='ocrx_word' id='word_1_491' title='bbox 2528 4038 2615 4098; x_wconf 82' lang='grc' dir='ltr'>ἂν,</span> <span class='ocrx_word' id='word_1_492' title='bbox 2653 4032 2700 4091; x_wconf 83' lang='grc' dir='ltr'><strong>ὦ</strong></span> <span class='ocrx_word' id='word_1_493' title='bbox 2730 4039 2918 4108; x_wconf 73' lang='grc' dir='ltr'>άνῖρες</span> <span class='ocrx_word' id='word_1_494' title='bbox 2945 4037 3242 4108; x_wconf 71' lang='grc' dir='ltr'>Ἀθηναῖοσ,</span> <span class='ocrx_word' id='word_1_495' title='bbox 3274 4038 3478 4107; x_wconf 78' lang='grc' dir='ltr'>νομίζω</span> <span class='ocrx_word' id='word_1_496' title='bbox 3511 4054 3681 4108; x_wconf 76' lang='grc' dir='ltr'>προσ-</span> 
     </span>
    </p>
   </div>
   <div class='ocr_carea' id='block_1_57' title="bbox 433 4131 1750 4202">
    <p class='ocr_par' dir='ltr' id='par_1_57' title="bbox 433 4131 1750 4202">
     <span class='ocr_line' id='line_1_57' title="bbox 433 4131 1750 4202; baseline 0.004 -19"><span class='ocrx_word' id='word_1_497' title='bbox 433 4132 588 4200; x_wconf 78' lang='grc' dir='ltr'>ήκειν</span> <span class='ocrx_word' id='word_1_498' title='bbox 616 4131 744 4200; x_wconf 79' lang='grc' dir='ltr'>ύμῖν</span> <span class='ocrx_word' id='word_1_499' title='bbox 777 4134 870 4186; x_wconf 84' lang='grc' dir='ltr'>τοῦ</span> <span class='ocrx_word' id='word_1_500' title='bbox 912 4135 1046 4200; x_wconf 68' lang='grc' dir='ltr'>πρὸς</span> <span class='ocrx_word' id='word_1_501' title='bbox 1077 4134 1339 4187; x_wconf 82' lang='grc' dir='ltr'>Φίλιππον</span> <span class='ocrx_word' id='word_1_502' title='bbox 1372 4135 1750 4202; x_wconf 71' lang='grc' dir='ltr'>ἀγωνίζεσθαι.</span> 
     </span>
    </p>
   </div>
   <div class='ocr_carea' id='block_1_58' title="bbox 503 4243 3686 4322">
    <p class='ocr_par' dir='ltr' id='par_1_58' title="bbox 503 4243 3686 4322">
     <span class='ocr_line' id='line_1_58' title="bbox 503 4243 3686 4322; baseline 0.002 -26"><span class='ocrx_word' id='word_1_503' title='bbox 503 4243 594 4313; x_wconf 74' lang='grc' dir='ltr'>κβ)</span> <span class='ocrx_word' id='word_1_504' title='bbox 630 4245 988 4314; x_wconf 72' lang='grc' dir='ltr'>Ἀριστεύσας</span> <span class='ocrx_word' id='word_1_505' title='bbox 1038 4264 1122 4308; x_wconf 86' lang='grc' dir='ltr'>τις</span> <span class='ocrx_word' id='word_1_506' title='bbox 1173 4247 1378 4316; x_wconf 74' lang='grc' dir='ltr'>ᾔτησεν</span> <span class='ocrx_word' id='word_1_507' title='bbox 1424 4249 1503 4310; x_wconf 87' lang='grc' dir='ltr'>είς</span> <span class='ocrx_word' id='word_1_508' title='bbox 1555 4247 1615 4299; x_wconf 81' lang='grc' dir='ltr'>τὸ</span> <span class='ocrx_word' id='word_1_509' title='bbox 1668 4248 1835 4317; x_wconf 83' lang='grc' dir='ltr'>γέρας</span> <span class='ocrx_word' id='word_1_510' title='bbox 1874 4251 2087 4302; x_wconf 82' lang='grc' dir='ltr'>πολίτου</span> <span class='ocrx_word' id='word_1_511' title='bbox 2139 4251 2316 4317; x_wconf 74' lang='grc' dir='ltr'>φόνον.</span> <span class='ocrx_word' id='word_1_512' title='bbox 2379 4249 2620 4302; x_wconf 61' lang='grc' dir='ltr'>Δέῗωκέν</span> <span class='ocrx_word' id='word_1_513' title='bbox 2668 4251 2698 4322; x_wconf 80' lang='grc' dir='ltr'>ἡ</span> <span class='ocrx_word' id='word_1_514' title='bbox 2755 4251 2928 4312; x_wconf 74' lang='grc' dir='ltr'>πόλις.</span> <span class='ocrx_word' id='word_1_515' title='bbox 2971 4247 3215 4320; x_wconf 77' lang='grc' dir='ltr'>Εὕρηται</span> <span class='ocrx_word' id='word_1_516' title='bbox 3252 4251 3686 4319; x_wconf 84' lang='grc' dir='ltr'>προαπεκτονὼς</span> 
     </span>
    </p>
   </div>
   <div class='ocr_carea' id='block_1_59' title="bbox 433 4339 1994 4416">
    <p class='ocr_par' dir='ltr' id='par_1_59' title="bbox 433 4339 1994 4414">
     <span class='ocr_line' id='line_1_59' title="bbox 433 4339 1994 4414; baseline 0.001 -22"><span class='ocrx_word' id='word_1_517' title='bbox 433 4339 618 4409; x_wconf 65' lang='grc' dir='ltr'>αὑτὸν,</span> <span class='ocrx_word' id='word_1_518' title='bbox 654 4339 751 4390; x_wconf 70' lang='grc' dir='ltr'>καὶ</span> <span class='ocrx_word' id='word_1_519' title='bbox 786 4339 1033 4414; x_wconf 81' lang='grc' dir='ltr'>κρίνεται</span> <span class='ocrx_word' id='word_1_520' title='bbox 1065 4344 1250 4409; x_wconf 85' lang='grc' dir='ltr'>φόνου.</span> <span class='ocrx_word' id='word_1_521' title='bbox 1283 4341 1616 4411; x_wconf 82' lang='grc' dir='ltr'>Μελετῶμεν</span> <span class='ocrx_word' id='word_1_522' title='bbox 1649 4343 1740 4394; x_wconf 82' lang='grc' dir='ltr'>τὸν</span> <span class='ocrx_word' id='word_1_523' title='bbox 1789 4343 1994 4413; x_wconf 76' lang='grc' dir='ltr'>κατηγο</span> 
     </span>
    </p>
   </div>
   <div class='ocr_carea' id='block_1_60' title="bbox 2125 4339 3686 4416">
    <p class='ocr_par' dir='ltr' id='par_1_60' title="bbox 2151 4343 3686 4416">
     <span class='ocr_line' id='line_1_60' title="bbox 2151 4343 3686 4416; baseline 0.001 -20"><span class='ocrx_word' id='word_1_524' title='bbox 2151 4343 2281 4396; x_wconf 88' lang='lat' dir='ltr'><strong><em>Cum</em></strong></span> <span class='ocrx_word' id='word_1_525' title='bbox 2327 4343 2379 4397; x_wconf 91' lang='lat' dir='ltr'>in</span> <span class='ocrx_word' id='word_1_526' title='bbox 2432 4345 2562 4397; x_wconf 85' lang='lat' dir='ltr'><strong><em>bello</em></strong></span> <span class='ocrx_word' id='word_1_527' title='bbox 2603 4345 2864 4414; x_wconf 85' lang='lat' dir='ltr'><strong><em>quispiam</em></strong></span> <span class='ocrx_word' id='word_1_528' title='bbox 2913 4346 3104 4412; x_wconf 85' lang='lat' dir='ltr'><strong><em>Optime</em></strong></span> <span class='ocrx_word' id='word_1_529' title='bbox 3147 4361 3201 4397; x_wconf 88' lang='lat' dir='ltr'>se</span> <span class='ocrx_word' id='word_1_530' title='bbox 3239 4343 3503 4411; x_wconf 79' lang='lat' dir='ltr'><strong><em>gessisset,</em></strong></span> <span class='ocrx_word' id='word_1_531' title='bbox 3542 4361 3686 4416; x_wconf 66' lang='lat' dir='ltr'><strong><em>pne-</em></strong></span> 
     </span>
    </p>
   </div>
   <div class='ocr_carea' id='block_1_61' title="bbox 431 4431 3686 4507">
    <p class='ocr_par' dir='ltr' id='par_1_61' title="bbox 431 4431 3686 4507">
     <span class='ocr_line' id='line_1_61' title="bbox 431 4431 3686 4507; baseline 0.002 -25"><span class='ocrx_word' id='word_1_532' title='bbox 431 4431 596 4484; x_wconf 87' lang='lat' dir='ltr'><strong><em>mium</em></strong></span> <span class='ocrx_word' id='word_1_533' title='bbox 629 4433 727 4486; x_wconf 87' lang='lat' dir='ltr'><strong><em>sibi</em></strong></span> <span class='ocrx_word' id='word_1_534' title='bbox 760 4434 878 4486; x_wconf 85' lang='lat' dir='ltr'><strong><em>dari</em></strong></span> <span class='ocrx_word' id='word_1_535' title='bbox 924 4434 1226 4500; x_wconf 75' lang='lat' dir='ltr'><strong><em>postularit,</em></strong></span> <span class='ocrx_word' id='word_1_536' title='bbox 1268 4436 1394 4489; x_wconf 75' lang='lat' dir='ltr'><strong><em>ciris</em></strong></span> <span class='ocrx_word' id='word_1_537' title='bbox 1441 4446 1618 4503; x_wconf 88' lang='lat' dir='ltr'><strong><em>caput.</em></strong></span> <span class='ocrx_word' id='word_1_538' title='bbox 1655 4434 1788 4489; x_wconf 81' lang='lat' dir='ltr'><strong><em>Urbs</em></strong></span> <span class='ocrx_word' id='word_1_539' title='bbox 1833 4438 2107 4490; x_wconf 86' lang='lat' dir='ltr'><strong><em>concessit.</em></strong></span> <span class='ocrx_word' id='word_1_540' title='bbox 2144 4437 2276 4492; x_wconf 88' lang='lat' dir='ltr'><strong><em>Cum</em></strong></span> <span class='ocrx_word' id='word_1_541' title='bbox 2323 4452 2444 4490; x_wconf 87' lang='lat' dir='ltr'><strong><em>ante</em></strong></span> <span class='ocrx_word' id='word_1_542' title='bbox 2496 4442 2827 4502; x_wconf 85' lang='lat' dir='ltr'><strong><em>impetratum</em></strong></span> <span class='ocrx_word' id='word_1_543' title='bbox 2868 4438 3141 4507; x_wconf 76' lang='lat' dir='ltr'><strong><em>prtemiu&#39;m</em></strong></span> <span class='ocrx_word' id='word_1_544' title='bbox 3176 4437 3464 4502; x_wconf 80' lang='lat' dir='ltr'><strong><em>occidisset,</em></strong></span> <span class='ocrx_word' id='word_1_545' title='bbox 3493 4439 3556 4490; x_wconf 87' lang='lat' dir='ltr'>de</span> <span class='ocrx_word' id='word_1_546' title='bbox 3591 4438 3686 4491; x_wconf 77' lang='lat' dir='ltr'><strong><em>ho‘</em></strong></span> 
     </span>
    </p>
   </div>
   <div class='ocr_carea' id='block_1_62' title="bbox 432 4523 1993 4602">
    <p class='ocr_par' dir='ltr' id='par_1_62' title="bbox 432 4525 1993 4598">
     <span class='ocr_line' id='line_1_62' title="bbox 432 4525 1993 4598; baseline 0.003 -23"><span class='ocrx_word' id='word_1_547' title='bbox 432 4525 642 4577; x_wconf 77' lang='lat' dir='ltr'><strong><em>micidio</em></strong></span> <span class='ocrx_word' id='word_1_548' title='bbox 672 4527 992 4594; x_wconf 85' lang='lat' dir='ltr'><strong><em>postulatur.</em></strong></span> <span class='ocrx_word' id='word_1_549' title='bbox 1026 4526 1292 4581; x_wconf 85' lang='lat' dir='ltr'><strong><em>Declamet</em></strong></span> <span class='ocrx_word' id='word_1_550' title='bbox 1330 4537 1630 4584; x_wconf 89' lang='lat' dir='ltr'><strong><em>accusator.</em></strong></span> <span class='ocrx_word' id='word_1_551' title='bbox 1689 4529 1752 4584; x_wconf 84' lang='grc' dir='ltr'>Ρ.</span> <span class='ocrx_word' id='word_1_552' title='bbox 1785 4529 1898 4598; x_wconf 75' lang='grc' dir='ltr'>Τῆς</span> <span class='ocrx_word' id='word_1_553' title='bbox 1939 4528 1993 4598; x_wconf 79' lang='grc' dir='ltr'>με</span> 
     </span>
    </p>
   </div>
   <div class='ocr_carea' id='block_1_63' title="bbox 2125 4523 3686 4602">
    <p class='ocr_par' dir='ltr' id='par_1_63' title="bbox 2125 4523 3686 4597">
     <span class='ocr_line' id='line_1_63' title="bbox 2125 4523 3686 4597; baseline 0.001 -15"><span class='ocrx_word' id='word_1_554' title='bbox 2125 4530 2371 4597; x_wconf 71' lang='grc' dir='ltr'>κστείας,</span> <span class='ocrx_word' id='word_1_555' title='bbox 2415 4523 2460 4583; x_wconf 81' lang='grc' dir='ltr'><strong>ὦ</strong></span> <span class='ocrx_word' id='word_1_556' title='bbox 2513 4531 2782 4593; x_wconf 86' lang='grc' dir='ltr'>νεανίσκε,</span> <span class='ocrx_word' id='word_1_557' title='bbox 2831 4529 3027 4583; x_wconf 83' lang='grc' dir='ltr'>πολλοῦ</span> <span class='ocrx_word' id='word_1_558' title='bbox 3071 4529 3150 4583; x_wconf 83' lang='grc' dir='ltr'>δεῖ</span> <span class='ocrx_word' id='word_1_559' title='bbox 3200 4529 3295 4582; x_wconf 81' lang='grc' dir='ltr'>καὶ</span> <span class='ocrx_word' id='word_1_560' title='bbox 3339 4529 3433 4583; x_wconf 77' lang='grc' dir='ltr'>τοῦ</span> <span class='ocrx_word' id='word_1_561' title='bbox 3485 4532 3686 4594; x_wconf 71' lang='grc' dir='ltr'>παντὸς</span> 
     </span>
    </p>
   </div>
   <div class='ocr_carea' id='block_1_64' title="bbox 434 4616 774 4686">
    <p class='ocr_par' dir='ltr' id='par_1_64' title="bbox 434 4616 774 4686">
     <span class='ocr_line' id='line_1_64' title="bbox 434 4616 774 4686; baseline 0 -17"><span class='ocrx_word' id='word_1_562' title='bbox 434 4616 774 4686; x_wconf 65' lang='grc' dir='ltr'>μέμφεσθαι.</span> 
     </span>
    </p>
   </div>
   <div class='ocr_carea' id='block_1_65' title="bbox 502 4710 3685 4789">
    <p class='ocr_par' dir='ltr' id='par_1_65' title="bbox 502 4710 3685 4789">
     <span class='ocr_line' id='line_1_65' title="bbox 502 4710 3685 4789; baseline 0.003 -27"><span class='ocrx_word' id='word_1_563' title='bbox 502 4710 596 4780; x_wconf 88' lang='grc' dir='ltr'>κγ)</span> <span class='ocrx_word' id='word_1_564' title='bbox 647 4711 890 4782; x_wconf 82' lang='grc' dir='ltr'>Πολέμου</span> <span class='ocrx_word' id='word_1_565' title='bbox 944 4713 1117 4780; x_wconf 73' lang='grc' dir='ltr'>ὄντος,</span> <span class='ocrx_word' id='word_1_566' title='bbox 1155 4717 1248 4770; x_wconf 79' lang='grc' dir='ltr'>καὶ</span> <span class='ocrx_word' id='word_1_567' title='bbox 1298 4717 1620 4788; x_wconf 84' lang='grc' dir='ltr'>πολιορκίας</span> <span class='ocrx_word' id='word_1_568' title='bbox 1661 4718 1900 4772; x_wconf 84' lang='grc' dir='ltr'>ἀνελθών</span> <span class='ocrx_word' id='word_1_569' title='bbox 1929 4737 2012 4782; x_wconf 91' lang='grc' dir='ltr'>τις</span> <span class='ocrx_word' id='word_1_570' title='bbox 2059 4720 2210 4786; x_wconf 83' lang='grc' dir='ltr'>ξένος</span> <span class='ocrx_word' id='word_1_571' title='bbox 2257 4721 2348 4773; x_wconf 77' lang='grc' dir='ltr'>ἐπὶ</span> <span class='ocrx_word' id='word_1_572' title='bbox 2382 4719 2443 4772; x_wconf 82' lang='grc' dir='ltr'>τὸ</span> <span class='ocrx_word' id='word_1_573' title='bbox 2482 4720 2660 4788; x_wconf 84' lang='grc' dir='ltr'>τεῖχος</span> <span class='ocrx_word' id='word_1_574' title='bbox 2705 4717 3028 4788; x_wconf 79' lang='grc' dir='ltr'>ἠρίστευσεν</span> <span class='ocrx_word' id='word_1_575' title='bbox 3059 4717 3226 4786; x_wconf 86' lang='grc' dir='ltr'>νόμου</span> <span class='ocrx_word' id='word_1_576' title='bbox 3254 4715 3572 4781; x_wconf 84' lang='grc' dir='ltr'>κελεύοντος</span> <span class='ocrx_word' id='word_1_577' title='bbox 3607 4718 3685 4789; x_wconf 80' lang='grc' dir='ltr'>μὴ</span> 
     </span>
    </p>
   </div>
   <div class='ocr_carea' id='block_1_66' title="bbox 429 4806 1990 4882">
    <p class='ocr_par' dir='ltr' id='par_1_66' title="bbox 429 4806 1990 4881">
     <span class='ocr_line' id='line_1_66' title="bbox 429 4806 1990 4881; baseline 0.006 -25"><span class='ocrx_word' id='word_1_578' title='bbox 429 4806 638 4860; x_wconf 76' lang='grc' dir='ltr'>ἀνιέναι</span> <span class='ocrx_word' id='word_1_579' title='bbox 673 4807 823 4871; x_wconf 81' lang='grc' dir='ltr'>ξένον</span> <span class='ocrx_word' id='word_1_580' title='bbox 878 4807 936 4858; x_wconf 91' lang='grc' dir='ltr'>ἐν</span> <span class='ocrx_word' id='word_1_581' title='bbox 981 4809 1206 4880; x_wconf 71' lang='grc' dir='ltr'>τοιούτῳ</span> <span class='ocrx_word' id='word_1_582' title='bbox 1246 4810 1445 4881; x_wconf 75' lang='grc' dir='ltr'>καιρῷν</span> <span class='ocrx_word' id='word_1_583' title='bbox 1494 4811 1589 4864; x_wconf 74' lang='grc' dir='ltr'>καὶ</span> <span class='ocrx_word' id='word_1_584' title='bbox 1636 4811 1907 4879; x_wconf 84' lang='grc' dir='ltr'>ὑπάγεται</span> <span class='ocrx_word' id='word_1_585' title='bbox 1953 4829 1990 4865; x_wconf 72' lang='grc' dir='ltr'>τι</span> 
     </span>
    </p>
   </div>
   <div class='ocr_carea' id='block_1_67' title="bbox 2120 4806 3681 4882">
    <p class='ocr_par' dir='ltr' id='par_1_67' title="bbox 2120 4809 3681 4882">
     <span class='ocr_line' id='line_1_67' title="bbox 2120 4809 3681 4882; baseline 0.002 -21"><span class='ocrx_word' id='word_1_586' title='bbox 2120 4814 2237 4882; x_wconf 73' lang='grc' dir='ltr'>ἱμῳ.</span> <span class='ocrx_word' id='word_1_587' title='bbox 2291 4813 2560 4868; x_wconf 81' lang='lat' dir='ltr'><strong><em>Premente</em></strong></span> <span class='ocrx_word' id='word_1_588' title='bbox 2611 4813 2742 4867; x_wconf 89' lang='lat' dir='ltr'><strong><em>bello</em></strong></span> <span class='ocrx_word' id='word_1_589' title='bbox 2791 4821 2945 4881; x_wconf 89' lang='lat' dir='ltr'><strong><em>atque</em></strong></span> <span class='ocrx_word' id='word_1_590' title='bbox 2978 4809 3268 4873; x_wconf 85' lang='lat' dir='ltr'><strong><em>obsidione,</em></strong></span> <span class='ocrx_word' id='word_1_591' title='bbox 3313 4813 3517 4864; x_wconf 81' lang='lat' dir='ltr'><strong><em>advena</em></strong></span> <span class='ocrx_word' id='word_1_592' title='bbox 3560 4813 3681 4881; x_wconf 86' lang='lat' dir='ltr'><strong><em>qui—</em></strong></span> 
     </span>
    </p>
   </div>
   <div class='ocr_carea' id='block_1_68' title="bbox 427 4901 3684 4978">
    <p class='ocr_par' dir='ltr' id='par_1_68' title="bbox 427 4901 3684 4978">
     <span class='ocr_line' id='line_1_68' title="bbox 427 4901 3684 4978; baseline 0.003 -29"><span class='ocrx_word' id='word_1_593' title='bbox 427 4901 552 4978; x_wconf 64' lang='lat' dir='ltr'>dam</span> <span class='ocrx_word' id='word_1_594' title='bbox 592 4915 806 4954; x_wconf 84' lang='lat' dir='ltr'><strong><em>ascenso</em></strong></span> <span class='ocrx_word' id='word_1_595' title='bbox 854 4918 1002 4955; x_wconf 89' lang='lat' dir='ltr'><strong><em>muro</em></strong></span> <span class='ocrx_word' id='word_1_596' title='bbox 1047 4901 1218 4970; x_wconf 84' lang='lat' dir='ltr'><strong><em>prima</em></strong></span> <span class='ocrx_word' id='word_1_597' title='bbox 1267 4901 1484 4968; x_wconf 72' lang='lat' dir='ltr'><strong><em>praemia</em></strong></span> <span class='ocrx_word' id='word_1_598' title='bbox 1565 4913 1811 4957; x_wconf 85' lang='lat' dir='ltr'><strong><em>meretur.</em></strong></span> <span class='ocrx_word' id='word_1_599' title='bbox 1871 4903 2237 4958; x_wconf 82' lang='lat' dir='ltr'><strong><em>Verumtamen</em></strong></span> <span class='ocrx_word' id='word_1_600' title='bbox 2296 4922 2414 4957; x_wconf 87' lang='lat' dir='ltr'>cum</span> <span class='ocrx_word' id='word_1_601' title='bbox 2454 4907 2540 4958; x_wconf 77' lang='lat' dir='ltr'><strong><em>lea:</em></strong></span> <span class='ocrx_word' id='word_1_602' title='bbox 2584 4905 2897 4973; x_wconf 83' lang='lat' dir='ltr'><strong><em>prohiberet,</em></strong></span> <span class='ocrx_word' id='word_1_603' title='bbox 2938 4925 2999 4961; x_wconf 90' lang='lat' dir='ltr'>ne</span> <span class='ocrx_word' id='word_1_604' title='bbox 3049 4908 3166 4978; x_wconf 89' lang='lat' dir='ltr'><strong><em>quis</em></strong></span> <span class='ocrx_word' id='word_1_605' title='bbox 3211 4907 3409 4960; x_wconf 72' lang='lat' dir='ltr'><strong><em>advena</em></strong></span> <span class='ocrx_word' id='word_1_606' title='bbox 3451 4914 3684 4973; x_wconf 74' lang='lat' dir='ltr'><strong><em>tempore</em></strong></span> 
     </span>
    </p>
   </div>
   <div class='ocr_carea' id='block_1_69' title="bbox 427 4974 1988 5068">
    <p class='ocr_par' dir='ltr' id='par_1_69' title="bbox 427 4974 1988 5062">
     <span class='ocr_line' id='line_1_69' title="bbox 427 4974 1988 5062; baseline 0.004 -20"><span class='ocrx_word' id='word_1_607' title='bbox 427 4974 550 5046; x_wconf 57' lang='lat' dir='ltr'><strong><em>belli</em></strong></span> <span class='ocrx_word' id='word_1_608' title='bbox 585 5009 788 5055; x_wconf 83' lang='lat' dir='ltr'><strong><em>murum</em></strong></span> <span class='ocrx_word' id='word_1_609' title='bbox 822 4994 1141 5060; x_wconf 85' lang='lat' dir='ltr'><strong><em>ascenderet,</em></strong></span> <span class='ocrx_word' id='word_1_610' title='bbox 1173 4996 1236 5048; x_wconf 88' lang='lat' dir='ltr'>de</span> <span class='ocrx_word' id='word_1_611' title='bbox 1269 4993 1546 5048; x_wconf 80' lang='lat' dir='ltr'><strong><em>violatione</em></strong></span> <span class='ocrx_word' id='word_1_612' title='bbox 1588 4992 1711 5062; x_wconf 87' lang='lat' dir='ltr'><strong><em>legis</em></strong></span> <span class='ocrx_word' id='word_1_613' title='bbox 1745 4995 1988 5062; x_wconf 72' lang='lat' dir='ltr'><strong><em>postulat:</em></strong></span> 
     </span>
    </p>
   </div>
   <div class='ocr_carea' id='block_1_70' title="bbox 2121 4974 3682 5068">
    <p class='ocr_par' dir='ltr' id='par_1_70' title="bbox 2121 4974 3682 5068">
     <span class='ocr_line' id='line_1_70' title="bbox 2121 4974 3682 5068; baseline 0 -19"><span class='ocrx_word' id='word_1_614' title='bbox 2121 4997 2160 5050; x_wconf 76' lang='lat'><strong><em>’.</em></strong></span> <span class='ocrx_word' id='word_1_615' title='bbox 2200 4996 2341 5064; x_wconf 84' lang='grc' dir='ltr'>Ἐγὼ</span> <span class='ocrx_word' id='word_1_616' title='bbox 2377 4997 2498 5066; x_wconf 85' lang='grc' dir='ltr'>μὲν,</span> <span class='ocrx_word' id='word_1_617' title='bbox 2548 4991 2591 5052; x_wconf 78' lang='grc' dir='ltr'><strong>ὦ</strong></span> <span class='ocrx_word' id='word_1_618' title='bbox 2621 4998 2832 5068; x_wconf 74' lang='grc' dir='ltr'>ἄνδρες,</span> <span class='ocrx_word' id='word_1_619' title='bbox 2858 4999 2952 5052; x_wconf 75' lang='grc' dir='ltr'>καὶ</span> <span class='ocrx_word' id='word_1_620' title='bbox 2984 4974 3112 5068; x_wconf 63' lang='grc' dir='ltr'>πρλν</span> <span class='ocrx_word' id='word_1_621' title='bbox 3144 5001 3224 5064; x_wconf 89' lang='grc' dir='ltr'>εἰς</span> <span class='ocrx_word' id='word_1_622' title='bbox 3253 4998 3550 5066; x_wconf 81' lang='grc' dir='ltr'>ἀπολογίαν</span> <span class='ocrx_word' id='word_1_623' title='bbox 3581 5015 3682 5050; x_wconf 85' lang='grc' dir='ltr'>κα-</span> 
     </span>
    </p>
   </div>
   <div class='ocr_carea' id='block_1_71' title="bbox 423 5089 719 5158">
    <p class='ocr_par' dir='ltr' id='par_1_71' title="bbox 423 5089 719 5158">
     <span class='ocr_line' id='line_1_71' title="bbox 423 5089 719 5158; baseline -0.01 -15"><span class='ocrx_word' id='word_1_624' title='bbox 423 5089 719 5158; x_wconf 82' lang='grc' dir='ltr'>ταστῆσαι.</span> 
     </span>
    </p>
   </div>
   <div class='ocr_carea' id='block_1_72' title="bbox 496 5185 3676 5262">
    <p class='ocr_par' dir='ltr' id='par_1_72' title="bbox 496 5185 3676 5262">
     <span class='ocr_line' id='line_1_72' title="bbox 496 5185 3676 5262; baseline 0.001 -26"><span class='ocrx_word' id='word_1_625' title='bbox 496 5185 581 5253; x_wconf 85' lang='grc' dir='ltr'>κδ)</span> <span class='ocrx_word' id='word_1_626' title='bbox 621 5185 799 5254; x_wconf 82' lang='grc' dir='ltr'>Νόμος</span> <span class='ocrx_word' id='word_1_627' title='bbox 831 5185 920 5238; x_wconf 78' lang='grc' dir='ltr'>τὸν</span> <span class='ocrx_word' id='word_1_628' title='bbox 947 5187 1332 5256; x_wconf 83' lang='grc' dir='ltr'>άποκήρυκτον</span> <span class='ocrx_word' id='word_1_629' title='bbox 1370 5193 1446 5258; x_wconf 79' lang='grc' dir='ltr'>μὴ</span> <span class='ocrx_word' id='word_1_630' title='bbox 1489 5190 1732 5262; x_wconf 78' lang='grc' dir='ltr'>μετέχειν</span> <span class='ocrx_word' id='word_1_631' title='bbox 1774 5190 1882 5242; x_wconf 82' lang='grc' dir='ltr'>τῶν</span> <span class='ocrx_word' id='word_1_632' title='bbox 1909 5187 2194 5258; x_wconf 80' lang='grc' dir='ltr'>πατρῴων,</span> <span class='ocrx_word' id='word_1_633' title='bbox 2232 5188 2326 5239; x_wconf 67' lang='grc' dir='ltr'>καὶ</span> <span class='ocrx_word' id='word_1_634' title='bbox 2363 5187 2525 5240; x_wconf 85' lang='grc' dir='ltr'>πάλιν</span> <span class='ocrx_word' id='word_1_635' title='bbox 2559 5187 2742 5251; x_wconf 73' lang='grc' dir='ltr'>ἄλλος,</span> <span class='ocrx_word' id='word_1_636' title='bbox 2781 5187 2872 5241; x_wconf 85' lang='grc' dir='ltr'>τὸν</span> <span class='ocrx_word' id='word_1_637' title='bbox 2902 5189 3262 5256; x_wconf 83' lang='grc' dir='ltr'>ἐπιμείναντα</span> <span class='ocrx_word' id='word_1_638' title='bbox 3301 5187 3676 5258; x_wconf 77' lang='grc' dir='ltr'>χειμαζομένῃ</span> 
     </span>
    </p>
   </div>
   <div class='ocr_carea' id='block_1_73' title="bbox 426 5280 3679 5357">
    <p class='ocr_par' dir='ltr' id='par_1_73' title="bbox 426 5280 3679 5357">
     <span class='ocr_line' id='line_1_73' title="bbox 426 5280 3679 5357; baseline -0.002 -21"><span class='ocrx_word' id='word_1_639' title='bbox 426 5282 518 5353; x_wconf 76' lang='grc' dir='ltr'>νηῒ</span> <span class='ocrx_word' id='word_1_640' title='bbox 547 5282 820 5350; x_wconf 77' lang='grc' dir='ltr'>δεσπότην</span> <span class='ocrx_word' id='word_1_641' title='bbox 853 5281 996 5337; x_wconf 77' lang='grc' dir='ltr'>εἶναι</span> <span class='ocrx_word' id='word_1_642' title='bbox 1043 5289 1141 5354; x_wconf 83' lang='grc' dir='ltr'>τῆς</span> <span class='ocrx_word' id='word_1_643' title='bbox 1175 5283 1332 5348; x_wconf 86' lang='grc' dir='ltr'>νεώς.</span> <span class='ocrx_word' id='word_1_644' title='bbox 1385 5286 1796 5357; x_wconf 81' lang='grc' dir='ltr'>Ἀποκήρυκτος</span> <span class='ocrx_word' id='word_1_645' title='bbox 1829 5281 2093 5352; x_wconf 72' lang='grc' dir='ltr'>ἐπέμεινε</span> <span class='ocrx_word' id='word_1_646' title='bbox 2130 5281 2364 5351; x_wconf 85' lang='grc' dir='ltr'>πατρίδα</span> <span class='ocrx_word' id='word_1_647' title='bbox 2409 5280 2498 5352; x_wconf 79' lang='grc' dir='ltr'>νηῒ</span> <span class='ocrx_word' id='word_1_648' title='bbox 2528 5283 2919 5354; x_wconf 73' lang='grc' dir='ltr'>χειμαζομένῃ.</span> <span class='ocrx_word' id='word_1_649' title='bbox 2969 5283 3062 5336; x_wconf 74' lang='grc' dir='ltr'>καὶ</span> <span class='ocrx_word' id='word_1_650' title='bbox 3107 5281 3349 5352; x_wconf 79' lang='grc' dir='ltr'>εἴργεται</span> <span class='ocrx_word' id='word_1_651' title='bbox 3395 5281 3567 5349; x_wconf 72' lang='grc' dir='ltr'>αὐτῆς</span> <span class='ocrx_word' id='word_1_652' title='bbox 3608 5283 3679 5331; x_wconf 73' lang='grc' dir='ltr'>ὡς</span> 
     </span>
    </p>
   </div>
   <div class='ocr_carea' id='block_1_74' title="bbox 428 5373 1989 5449">
    <p class='ocr_par' dir='ltr' id='par_1_74' title="bbox 428 5375 1986 5449">
     <span class='ocr_line' id='line_1_74' title="bbox 428 5375 1986 5449; baseline 0.001 -23"><span class='ocrx_word' id='word_1_653' title='bbox 428 5375 712 5446; x_wconf 82' lang='grc' dir='ltr'>πατρῴας·</span> <span class='ocrx_word' id='word_1_654' title='bbox 743 5377 1072 5447; x_wconf 81' lang='grc' dir='ltr'>Μελετῶμεν</span> <span class='ocrx_word' id='word_1_655' title='bbox 1095 5376 1186 5432; x_wconf 73' lang='grc' dir='ltr'>τὸν</span> <span class='ocrx_word' id='word_1_656' title='bbox 1211 5378 1616 5449; x_wconf 86' lang='grc' dir='ltr'>άποκήρυκτον.</span> <span class='ocrx_word' id='word_1_657' title='bbox 1647 5377 1760 5431; x_wconf 71' lang='lat' dir='ltr'><strong><em>tea:</em></strong></span> <span class='ocrx_word' id='word_1_658' title='bbox 1788 5387 1884 5439; x_wconf 90' lang='lat' dir='ltr'><strong><em>est,</em></strong></span> <span class='ocrx_word' id='word_1_659' title='bbox 1923 5377 1986 5429; x_wconf 91' lang='lat' dir='ltr'>ab</span> 
     </span>
    </p>
   </div>
   <div class='ocr_carea' id='block_1_75' title="bbox 2116 5373 3677 5449">
    <p class='ocr_par' dir='ltr' id='par_1_75' title="bbox 2116 5373 3677 5445">
     <span class='ocr_line' id='line_1_75' title="bbox 2116 5373 3677 5445; baseline -0.004 -17"><span class='ocrx_word' id='word_1_660' title='bbox 2116 5387 2198 5431; x_wconf 79' lang='lat' dir='ltr'>tus</span> <span class='ocrx_word' id='word_1_661' title='bbox 2242 5376 2566 5444; x_wconf 87' lang='lat' dir='ltr'><strong><em>in&#39;paternis</em></strong></span> <span class='ocrx_word' id='word_1_662' title='bbox 2606 5386 2807 5445; x_wconf 88' lang='lat' dir='ltr'><strong><em>partem</em></strong></span> <span class='ocrx_word' id='word_1_663' title='bbox 2847 5392 2949 5430; x_wconf 90' lang='lat' dir='ltr'>non</span> <span class='ocrx_word' id='word_1_664' title='bbox 2994 5375 3200 5428; x_wconf 85' lang='lat' dir='ltr'><strong><em>habeat.</em></strong></span> <span class='ocrx_word' id='word_1_665' title='bbox 3241 5373 3303 5426; x_wconf 78' lang='lat' dir='ltr'><strong><em>Et</em></strong></span> <span class='ocrx_word' id='word_1_666' title='bbox 3344 5377 3474 5431; x_wconf 84' lang='lat' dir='ltr'><strong><em>alia.</em></strong></span> <span class='ocrx_word' id='word_1_667' title='bbox 3507 5375 3598 5443; x_wconf 90' lang='lat' dir='ltr'>qni</span> <span class='ocrx_word' id='word_1_668' title='bbox 3629 5374 3677 5422; x_wconf 88' lang='lat' dir='ltr'>in</span> 
     </span>
    </p>
   </div>
   <div class='ocr_carea' id='block_1_76' title="bbox 428 5468 3677 5543">
    <p class='ocr_par' dir='ltr' id='par_1_76' title="bbox 428 5468 3677 5543">
     <span class='ocr_line' id='line_1_76' title="bbox 428 5468 3677 5543; baseline -0.001 -20"><span class='ocrx_word' id='word_1_669' title='bbox 428 5472 550 5524; x_wconf 80' lang='lat' dir='ltr'><strong><em>navi</em></strong></span> <span class='ocrx_word' id='word_1_670' title='bbox 584 5478 884 5543; x_wconf 87' lang='lat' dir='ltr'><strong><em>tempestate</em></strong></span> <span class='ocrx_word' id='word_1_671' title='bbox 910 5472 1124 5542; x_wconf 83' lang='lat' dir='ltr'><strong><em>jactata</em></strong></span> <span class='ocrx_word' id='word_1_672' title='bbox 1164 5471 1490 5540; x_wconf 89' lang='lat' dir='ltr'><strong><em>perstiterit,</em></strong></span> <span class='ocrx_word' id='word_1_673' title='bbox 1536 5471 1779 5524; x_wconf 88' lang='lat' dir='ltr'><strong><em>dominus</em></strong></span> <span class='ocrx_word' id='word_1_674' title='bbox 1829 5472 1978 5524; x_wconf 83' lang='lat' dir='ltr'><strong><em>navis</em></strong></span> <span class='ocrx_word' id='word_1_675' title='bbox 2021 5481 2120 5526; x_wconf 88' lang='lat' dir='ltr'><strong><em>est.</em></strong></span> <span class='ocrx_word' id='word_1_676' title='bbox 2174 5468 2458 5522; x_wconf 80' lang='lat' dir='ltr'><strong><em>Abdicatus</em></strong></span> <span class='ocrx_word' id='word_1_677' title='bbox 2504 5470 2560 5523; x_wconf 89' lang='lat' dir='ltr'>in</span> <span class='ocrx_word' id='word_1_678' title='bbox 2602 5481 2820 5537; x_wconf 88' lang='lat' dir='ltr'><strong><em>paterna</em></strong></span> <span class='ocrx_word' id='word_1_679' title='bbox 2851 5469 2970 5522; x_wconf 83' lang='lat' dir='ltr'><strong><em>navi</em></strong></span> <span class='ocrx_word' id='word_1_680' title='bbox 3007 5470 3250 5537; x_wconf 85' lang='lat' dir='ltr'><strong><em>procellis</em></strong></span> <span class='ocrx_word' id='word_1_681' title='bbox 3277 5470 3465 5523; x_wconf 86' lang='lat' dir='ltr'><strong><em>obruta</em></strong></span> <span class='ocrx_word' id='word_1_682' title='bbox 3506 5484 3677 5535; x_wconf 84' lang='lat' dir='ltr'><strong><em>perse-</em></strong></span> 
     </span>
    </p>
   </div>
   <div class='ocr_carea' id='block_1_77' title="bbox 501 5629 3673 5701">
    <p class='ocr_par' dir='ltr' id='par_1_77' title="bbox 501 5629 3673 5701">
     <span class='ocr_line' id='line_1_77' title="bbox 501 5629 3673 5701; baseline 0 -18"><span class='ocrx_word' id='word_1_683' title='bbox 501 5633 574 5700; x_wconf 86' lang='grc' dir='ltr'>(ο)</span> <span class='ocrx_word' id='word_1_684' title='bbox 605 5632 728 5688; x_wconf 69' lang='lat' dir='ltr'><strong><em>llaec</em></strong></span> <span class='ocrx_word' id='word_1_685' title='bbox 772 5634 1082 5700; x_wconf 70' lang='lat' dir='ltr'><strong><em>Augustalis</em></strong></span> <span class='ocrx_word' id='word_1_686' title='bbox 1132 5633 1181 5686; x_wconf 85' lang='lat' dir='ltr'>in</span> <span class='ocrx_word' id='word_1_687' title='bbox 1229 5635 1426 5699; x_wconf 85' lang='lat' dir='ltr'><strong><em>templo</em></strong></span> <span class='ocrx_word' id='word_1_688' title='bbox 1459 5633 1671 5696; x_wconf 60' lang='lat' dir='ltr'><strong><em>Sophia:</em></strong></span> <span class='ocrx_word' id='word_1_689' title='bbox 1702 5632 1994 5686; x_wconf 79' lang='lat' dir='ltr'><strong><em>CPolitano</em></strong></span> <span class='ocrx_word' id='word_1_690' title='bbox 2112 5635 2182 5686; x_wconf 82' lang='lat' dir='ltr'><strong><em>Dc</em></strong></span> <span class='ocrx_word' id='word_1_691' title='bbox 2220 5635 2558 5701; x_wconf 75' lang='lat' dir='ltr'><strong><em>Angustcone</em></strong></span> <span class='ocrx_word' id='word_1_692' title='bbox 2593 5633 2711 5686; x_wconf 80' lang='lat' dir='ltr'><strong><em>vide</em></strong></span> <span class='ocrx_word' id='word_1_693' title='bbox 2740 5629 2998 5698; x_wconf 78' lang='lat' dir='ltr'><strong><em>Gnarum,</em></strong></span> <span class='ocrx_word' id='word_1_694' title='bbox 3045 5631 3094 5685; x_wconf 83' lang='lat' dir='ltr'>in</span> <span class='ocrx_word' id='word_1_695' title='bbox 3141 5633 3280 5687; x_wconf 79' lang='lat' dir='ltr'><strong><em>nmis</em></strong></span> <span class='ocrx_word' id='word_1_696' title='bbox 3312 5634 3376 5684; x_wconf 78' lang='lat' dir='ltr'>ml</span> <span class='ocrx_word' id='word_1_697' title='bbox 3413 5630 3673 5686; x_wconf 79' lang='lat' dir='ltr'><strong><em>leinum</em></strong></span> 
     </span>
    </p>
   </div>
   <div class='ocr_carea' id='block_1_78' title="bbox 423 5693 2314 5771">
    <p class='ocr_par' dir='ltr' id='par_1_78' title="bbox 423 5693 2314 5771">
     <span class='ocr_line' id='line_1_78' title="bbox 423 5693 2314 5771; baseline 0.003 -19"><span class='ocrx_word' id='word_1_698' title='bbox 423 5693 720 5771; x_wconf 56' lang='lat' dir='ltr'><strong><em>Descriptio</em></strong></span> <span class='ocrx_word' id='word_1_699' title='bbox 753 5693 939 5758; x_wconf 51' lang='lat' dir='ltr'><strong><em>Graiae</em></strong></span> <span class='ocrx_word' id='word_1_700' title='bbox 977 5707 1118 5757; x_wconf 72' lang='lat' dir='ltr'><strong><em>edita</em></strong></span> <span class='ocrx_word' id='word_1_701' title='bbox 1160 5719 1188 5756; x_wconf 75' lang='grc' dir='ltr'>α</span> <span class='ocrx_word' id='word_1_702' title='bbox 1240 5693 1450 5759; x_wconf 71' lang='lat' dir='ltr'><strong><em>clariss.</em></strong></span> <span class='ocrx_word' id='word_1_703' title='bbox 1501 5693 1722 5755; x_wconf 64' lang='grc' dir='ltr'>Βιιίγίιιο</span> <span class='ocrx_word' id='word_1_704' title='bbox 1755 5707 1818 5754; x_wconf 73' lang='grc' dir='ltr'>τιιΙ</span> <span class='ocrx_word' id='word_1_705' title='bbox 1857 5704 1995 5754; x_wconf 68' lang='grc' dir='ltr'>(ἴτυ-</span> <span class='ocrx_word' id='word_1_706' title='bbox 2107 5719 2156 5771; x_wconf 81' lang='lat' dir='ltr'>p.</span> <span class='ocrx_word' id='word_1_707' title='bbox 2199 5703 2314 5760; x_wconf 76' lang='lat'>150.</span> 
     </span>
    </p>
   </div>
   <div class='ocr_carea' id='block_1_79' title="bbox 434 5773 1989 5844">
    <p class='ocr_par' dir='ltr' id='par_1_79' title="bbox 434 5773 1989 5844">
     <span class='ocr_line' id='line_1_79' title="bbox 434 5773 1989 5844; baseline 0.002 -21"><span class='ocrx_word' id='word_1_708' title='bbox 434 5790 616 5842; x_wconf 73' lang='lat' dir='ltr'><strong><em>garum</em></strong></span> <span class='ocrx_word' id='word_1_709' title='bbox 644 5791 695 5844; x_wconf 83' lang='lat' dir='ltr'>p.</span> <span class='ocrx_word' id='word_1_710' title='bbox 729 5774 854 5842; x_wconf 72' lang='grc' dir='ltr'>τοι,</span> <span class='ocrx_word' id='word_1_711' title='bbox 881 5790 912 5830; x_wconf 84' lang='lat' dir='ltr'><strong>c</strong></span> <span class='ocrx_word' id='word_1_712' title='bbox 939 5775 1125 5831; x_wconf 78' lang='lat' dir='ltr'><strong><em>codice</em></strong></span> <span class='ocrx_word' id='word_1_713' title='bbox 1155 5775 1214 5828; x_wconf 79' lang='lat'>3|</span> <span class='ocrx_word' id='word_1_714' title='bbox 1236 5776 1294 5828; x_wconf 85' lang='lat' dir='ltr'>I9</span> <span class='ocrx_word' id='word_1_715' title='bbox 1333 5775 1491 5842; x_wconf 65' lang='lat' dir='ltr'><strong><em>Regis</em></strong></span> <span class='ocrx_word' id='word_1_716' title='bbox 1517 5773 1989 5828; x_wconf 67' lang='lat' dir='ltr'><strong><em>Christianissimi.</em></strong></span> 
     </span>
    </p>
   </div>
  </div>
