3952 6588
301 405 413 470 m
1789 412 1862 484 Ν(

2035 411 2130 471 ΙΑ.
2493 407 2496 410 ’
3483 417 3589 480 4Ῑῖ

301 527 544 590 rere-vit;
587 529 653 582 ab
693 529 810 598 ejus
857 539 1030 584 tamen
1061 519 1404 599 possessione,
1437 530 1576 601 quod
1614 539 1834 586 paterna
1872 530 1967 593 sit,
1999 529 2256 596 abigitur.
2310 527 2573 583 Declamet
2604 528 2900 584 abdicatus.
2940 530 2997 584 P.
3047 531 3108 584 Ei
3141 531 3232 586 καὶ
3276 534 3303 586 ὁ
3340 533 3470 604 ἐμὸς
3502 553 3594 588 σο-

305 619 568 691 φώτερον
599 623 770 677 θέλων
802 625 891 676 ῐσα
925 625 1190 696 πράττὲιν
1215 627 1326 681 τῶν
1359 625 1558 679 ἄλλων.

383 716 477 782 κε)
516 715 694 787 Νόμος
723 719 814 771 τὸν
845 719 909 771 ἐκ
945 720 1151 790 πόρνης
1178 720 1438 788 γεγονότα
1470 717 1545 788 μὴ
1569 716 1750 785 λέγειν
1790 715 1883 769 ιιίπ)⁸
1908 716 2002 770 τοῦ
2039 716 2304 788 βήματος.
2337 715 2432 770 Ἐκ
2465 716 2665 786 πόρνου
2698 734 2782 781 τις
2811 716 3052 786 γεγονὼς
3084 719 3350 773 κωλύεται
3380 719 3586 788 λέγειν.

300 807 648 879 Μελετῶμεν
671 812 764 866 τὸν
788 815 854 866 ἐκ
893 812 1098 883 πόρνης
1130 812 1164 845 ³*
1194 814 1478 882 γεγονότα.
1515 809 1623 865 Lex
1656 811 1753 874 ait,
1787 827 1856 866 ex

2029 812 2167 865 toria
2209 809 2426 864 muliere
2451 819 2620 878 satus,
2665 827 2728 866 ne
2771 829 2836 866 ex
2870 822 3114 883 suggestu
3151 815 3490 868 concionetur
3517 815 3587 868 ad

299 906 610 972 populum;
642 923 707 961 ea:
735 910 1003 962 meritorio
1035 908 1146 963 viro
1179 906 1396 979 quidam
1430 918 1586 962 natus
1624 924 1654 960 a
1685 909 1931 961 concione
1969 906 2219 976 abigitur.
2259 905 2524 960 Declamet
2562 907 2651 974 qui
2696 922 2761 960 ea:
2804 908 3070 961 meritorio
3111 916 3265 962 natus
3295 916 3390 961 est.
3426 907 3486 962 Ρ.
3529 911 3592 965 Et

303 1001 406 1051 καὶ
445 1001 627 1068 λέγειν
653 1005 739 1054 ἐπ’
769 1002 1066 1072 ἐκκλησίας
1090 1001 1368 1070 κωλύομαι
1397 1001 1547 1076 παρά
1575 1000 1669 1054 τοῦ
1703 999 2020 1071 θαυμαστοῦ
2053 1000 2243 1052 τούτου
2279 999 2372 1052 καὶ
2410 998 2638 1052 πιθανοῦ
2673 999 2919 1069 ῥήτορος.

380 1093 491 1164 κς)
535 1093 762 1164 Ἐταίρα
794 1097 994 1166 χρυσία
1043 1097 1091 1149 εί
1139 1096 1354 1167 φορείη,
1391 1093 1626 1165 δημοσία
1658 1093 1818 1146 ἔστω.
1861 1091 2190 1163 Πεφὼραταί
2219 1109 2301 1154 τις
2333 1092 2526 1163 ἑταίρα
2567 1091 2806 1162 φοροῦσα
2835 1092 3054 1162 χρυσία,
3087 1095 3179 1145 καὶ
3221 1093 3486 1163 δημοσίαν
3512 1095 3594 1152 τίς

305 1203 487 1254 φησιν
518 1188 624 1241 ἀπὸ
662 1190 841 1260 νόμων
879 1186 1039 1244 εἶναι.
1082 1189 1144 1244 ’0
1193 1189 1251 1244 δὲ
1302 1188 1494 1258 παρὼν
1541 1184 1715 1252 οὗτος,
1764 1186 1824 1241 ὃν
1881 1187 2214 1256 μελετῶμεν,
2267 1185 2370 1239 οὐκ
2419 1184 2590 1255 αὐτὴν
2639 1181 2778 1239 εἶναι
2810 1186 3075 1254 δημοσίαν
3124 1188 3312 1258 φησὶν,
3353 1187 3491 1239 ἀλλὰ
3525 1185 3593 1237 τὰ

305 1282 542 1348 χρυσία,
573 1283 1058 1353 προπαροξυτόνως
1093 1284 1480 1351 ἀναγινώσκων
1525 1280 1730 1353 [nempe
1748 1281 1866 1350 δημ‹

2032 1280 2312 1334 .Meretria:
2341 1295 2504 1333 aurea
2533 1280 2580 1332 si
2607 1281 2904 1349 gestaverit,
2937 1280 3146 1348 publica
3175 1282 3242 1334 sit
3275 1296 3292 1333 :
3317 1280 3593 1348 deprehen-

306 1389 430 1423 sam
466 1378 792 1427 meretricem
842 1392 1010 1428 aurea
1043 1384 1331 1444 gestantem
1362 1391 1426 1428 ea:
1456 1375 1652 1442 legibus
1690 1373 2022 1427 contenditur
2049 1372 2316 1437 publicam
2346 1389 2473 1427 esse.
2505 1373 2572 1426 At
2607 1373 2696 1443 qui
2725 1371 3009 1438 declamat,
3043 1388 3145 1426 non
3177 1389 3293 1427 eam
3331 1373 3595 1438 publicum

305 1479 445 1527 esse,
475 1465 566 1520 sed
594 1483 780 1531 aurea,
800 1467 1076 1521 immutata
1101 1476 1317 1521 accentu
1343 1466 1552 1521 asserit.
1582 1464 1642 1520 P.
1674 1463 1866 1519 Μισθοὶ

2055 1465 2177 1518 οὐδὲ
2205 1463 2393 1536 δώρων
2417 1465 2578 1519 ἕνεκα
2609 1465 2811 1535 ταύτην
2840 1464 2941 1536 τὴν
2973 1464 3190 1536 γραφὴν
3214 1465 3593 1535 ἐνεστησάμην

306 1557 458 1626 ὑπὲρ
490 1561 592 1626 τῆς
617 1560 753 1624 τέως
779 1560 1042 1632 δοκούσης
1070 1563 1290 1633 ἀτίμου.

387 1651 483 1722 κζ)
516 1653 584 1706 Al
617 1653 890 1707 ἐπίλοιποι
927 1655 1078 1726 παρὰ
1129 1655 1230 1722 τὴν
1263 1654 1580 1708 ἀντίστασιν
1627 1653 1735 1708 τῶν
1767 1653 2123 1708 ἀντιθετικῶν
2167 1657 2338 1725 τρεῖς,
2382 1653 2442 1708 τὸ
2483 1654 2865 1724 ἀντέγκλημα,
2907 1654 3001 1708 καὶ
3048 1653 3401 1724 μετάστασις,
3433 1653 3529 1706 καὶ
3558 1655 3592 1724 η

313 1747 647 1816 συγγνώμη.
685 1750 797 1802 Καὶ
831 1749 1044 1817 πρῶτον
1075 1747 1300 1818 ζήτημα
1328 1747 1389 1801 τὸ
1411 1747 1766 1818 ἀντέγκλημα
1797 1746 2055 1817 ἀριστεὺς
2085 1746 2416 1816 πορνεύοντα
2442 1747 2531 1800 τὸν
2556 1746 2672 1800 υἱὸν
2707 1747 3018 1811 ἀπέκτεινε,
3051 1744 3146 1799 καὶ
3185 1747 3347 1815 φόνου
3376 1747 3592 1816 φεύγειο

311 1839 654 1909 Μελετῶμεν
683 1841 772 1892 τὸν
804 1842 1054 1911 ἀριστέα.
1093 1839 1215 1895 Prae
1241 1839 1678 1912 comparationis,
1720 1840 1828 1894 sive

2032 1840 2332 1901 ensationis,
2367 1850 2471 1892 tres
2503 1840 2600 1893 alii
2643 1848 2766 1894 sunt
2811 1842 3253 1908 assumptivorum
3281 1849 3476 1904 status,
3513 1858 3593 1895 re-

315 1939 734 2000 criminationis.
761 1937 1132 1991 translationis
1172 1937 1434 2003 criminis,
1482 1944 1531 1988 et
1562 1935 1968 2003 deprecationis.
2013 1935 2081 1988 Et
2119 1937 2290 2004 prima
2325 1937 2544 2004 quieuio
2586 1935 2966 1990 recrimiuatio.
3032 1933 3204 1989 Victor
3237 1945 3286 1989 et
3317 1938 3379 1990 de
3413 1938 3590 2002 patria

317 2035 452 2086 bene
469 2034 699 2111 \meritus
732 2043 1047 2086 scortantem
1076 2033 1246 2099 ﬁlium
1288 2032 1579 2095 interemit,
1613 2033 1744 2085 etin
1778 2032 1875 2100 jus
1919 2041 2158 2086 vocatur.
2197 2030 2463 2086 Declamet
2504 2031 2568 2086 de
2601 2032 2777 2100 patria
2807 2031 2932 2084 bene
2964 2032 3198 2085 meritus.
3243 2030 3305 2086 Ρ.
3340 2031 3453 2101 Τῆς
3491 2031 3594 2101 μὲν

318 2125 462 2192 ἐμῆς
497 2123 776 2194 ἀριστείας
799 2122 970 2176 πολλά
1004 2125 1098 2176 καὶ
1129 2123 1342 2192 μεγάλα
1379 2122 1446 2176 τὰ
1475 2122 1765 2191 δείγματα.
2173 2113 2178 2117 ί

394 2224 488 2285 κη)
515 2217 830 2286 Τριακόσιοι
867 2217 1084 2286 νύκτωρ
1117 2216 1225 2270 τῶν
1255 2216 1530 2285 πολεμίων
1560 2217 1919 2288 ἀποδράντες,
1956 2217 2050 2272 καὶ
2094 2216 2228 2282 πρὸς
2271 2217 2390 2277 ταῖς
2430 2217 2626 2280 πύλαις
2649 2218 2747 2287 τῆς
2780 2218 2988 2280 πόλεως
3017 2218 3302 2288 γενόμενοι
3343 2219 3588 2274 ἱκέτευον

317 2311 413 2363 τον
453 2310 760 2379 στρατηγὸν
795 2309 1003 2374 ἀνοῖξαι
1032 2309 1130 2371 τὰς
1162 2306 1338 2370 πύλας
1381 2309 1480 2377 τῆς
1522 2308 1730 2371 πόλεως
1774 2311 1854 2372 είς
1893 2309 1954 2362 τὸ
1983 2309 2248 2362 εἰσελθεῖν
2297 2310 2391 2362 καὶ
2427 2310 2669 2379 σωθῆναι
2703 2326 2718 2341 ο
2745 2310 2908 2378 νόμου
2941 2310 3092 2373 δντος
3127 2311 3200 2380 μὴ
3241 2312 3456 2378 νύκτωρ
3489 2313 3590 2375 τὰς

322 2404 500 2466 πύλας
530 2402 864 2470 ἀνοίγεσθαι,
898 2401 997 2452 οὐκ
1029 2397 1241 2470 ἤνοιξεν
1285 2401 1313 2453 ὁ
1356 2399 1683 2470 στρατηγός.
1718 2399 2026 2461 Φθάσαντες
2073 2399 2123 2452 oi
2157 2398 2588 2462 καταδιώκοντες
2623 2401 2831 2452 ἀνεῖλον
2863 2399 3080 2462 αὐτούς.
3130 2401 3238 2454 Καὶ
3273 2401 3525 2469 κρίνεται
3558 2405 3588 2456 ό

325 2497 632 2565 στρατηγὸς
663 2494 769 2546 τῶν
797 2476 1074 2564 δημοσίων
1121 2493 1493 2562 ἀδικημάτων.
1539 2493 1868 2563 Μελετῶμεν

2045 2493 2370 2564 κατήγορον.
2425 2491 2604 2546 Noctu
2652 2505 2939 2546 tercentum
2982 2511 3046 2547 ex
3075 2494 3314 2548 hostibus
3352 2494 3587 2564 profugi,

326 2608 441 2643 cum
467 2596 535 2642 ad
577 2590 715 2657 {ores
747 2586 894 2640 urbis
931 2586 1307 2653 pervenissent,
1336 2587 1518 2639 ducem
1555 2585 1970 2654 deprecabantur
1992 2595 2046 2638 ut
2081 2585 2190 2638 illis
2231 2585 2434 2653 foribus
2477 2587 2672 2653 apertis
2715 2602 2808 2654 pro
2843 2585 3208 2640 incolumitate
3239 2589 3503 2654 ingressus
3536 2589 3587 2639 in

327 2686 506 2735 urbem
541 2689 736 2743 pateret
763 2694 782 2740 ;
814 2695 932 2732 cum
966 2679 1050 2731 lex
1073 2678 1368 2741 prohiberet
1394 2687 1550 2731 noctu
1582 2678 1717 2746 [ores
1741 2679 1988 2741 reserari,
2021 2680 2130 2733 dux
2151 2696 2251 2734 non
2271 2679 2496 2750 aperuit.
2532 2679 2844 2746 Deprehensi
2871 2681 3078 2733 interim
3108 2697 3138 2733 a
3161 2683 3586 2750 persequentibus

326 2770 678 2825 internecione
707 2771 864 2824 deleti
889 2779 1008 2845 sunt
1043 2784 1061 2822 :
1096 2778 1143 2822 et
1174 2769 1283 2821 dua:
1309 2767 1640 2837 publicorum
1671 2771 1951 2823 criminum
1982 2785 2102 2824 reus
2142 2771 2222 2839 ﬁt.
2261 2769 2525 2824 Declamet
2553 2781 2850 2825 accusator.
2885 2770 2945 2824 P.
2971 2772 3197 2842 Μηδεὶς,
3230 2767 3274 2826 ὦ
3302 2777 3585 2844 παρόντες,

329 2865 524 2936 νομίσῃ
560 2857 920 2930 βασκαίνοντά
958 2874 1024 2926 με
1057 2857 1155 2927 τῆς
1179 2857 1338 2928 δόξης
1366 2856 1443 2927 τῷ
1483 2857 1793 2928 στρατηγῷ.

399 2962 490 3030 κζ)
526 2959 837 3028 Στρατηγὸς
870 2956 1032 3020 ἁλοὺς
1072 2957 1222 3026 παρά
1257 2960 1368 3020 τοῖς
1400 2956 1610 3027 ἐχθροῖς
1643 2957 1736 3009 ἐπὶ
1780 2947 1916 3009 ποὶῶ
1951 2954 2376 3026 βασανιζόμενος
2408 2955 2582 3008 είπεῖν
2617 2955 2684 3010 τά
2731 2959 2827 3025 τῆς
2877 2956 3084 3022 πόλεως
3121 2959 3411 3030 ἀπόρρητα
3439 2999 3450 3016 .
3485 2957 3586 3012 εἶτ’

331 3051 720 3120 ἀναγκασθεὶς,
754 3049 846 3102 καὶ⁵
875 3049 1108 3113 ἐξειπὼν
1147 3048 1440 3101 ἀπολύεται
1489 3047 1580 3102 καί⁹
1628 3049 1735 3101 τῶν
1780 3033 2050 3117 βασάνων,
2087 3047 2310 3115 καὶτῆς
2355 3047 2754 3118 αἰχμαλωσίας,
2793 3048 2887 3101 καὶ
2932 3049 3242 3102 ἐπανελθὼν
3291 3052 3440 3121 παρά
3475 3053 3586 3103 τῶν

340 3149 478 3200 ἰδίων
511 3146 755 3215 κρίνεται
801 3143 1076 3214 δημοσίων
1118 3143 1492 3212 ἀδικημάτων.
1543 3143 1874 3213 Μελετῶμεν

2066 3143 2394 3213 στρατηγόν.
2441 3143 2576 3198 Cum
2613 3145 2836 3198 diutinis
2882 3147 3157 3199 tormentis
3195 3158 3394 3200 secreta
3438 3146 3584 3199 urbis

337 3239 501 3290 hostes
534 3253 564 3289 a
594 3237 725 3288 duce
750 3234 1068 3301 deprehenso
1093 3233 1446 3300 deposcerent,
1482 3234 1533 3286 vi
1559 3234 1772 3286 tandem
1805 3232 2138 3301 exsculpuut,
2181 3232 2397 3301 ideoque
2429 3234 2515 3286 ille.
2548 3244 2596 3286 et
2621 3241 2890 3299 servitute,
2921 3245 2970 3288 et
3007 3238 3277 3289 tormentis
3307 3238 3582 3306 Lbet-amr.

338 3333 581 3385 Reversus
619 3329 672 3381 in
703 3327 927 3394 patriam
957 3343 988 3378 a
1021 3328 1131 3378 suis
1164 3327 1487 3394 publicarunt
1516 3325 1792 3379 criminum
1830 3341 1899 3379 ret

2025 3336 2064 3379 ι.
2092 3323 2358 3404 ρεείαιηει
2390 3325 2520 3378 dux.
2548 3324 2605 3380 Ρ.
2638 3326 2782 3380 Ἔδει
2818 3326 2999 3379 θανεῖν
3032 3324 3181 3397 παρὰ
3220 3331 3334 3390 τοῖς
3373 3328 3585 3398 ἐχθροῖς

338 3430 422 3479 ἐπὶ
450 3425 558 3476 τῶν
588 3422 836 3492 βασάνων
867 3421 1110 3482 ἐκείνων,
1141 3419 1354 3487 ἄνδρες,
1383 3423 1512 3490 πρὶν
1544 3421 1577 3492 ἢ
1612 3421 1796 3474 δοῦναι
1828 3419 2020 3488 λόγους
2053 3419 2430 3494 πλημμελείας
2468 3421 2598 3490 παρ’
2627 3423 2757 3490 ὑμῖν
2790 3422 3220 3490 ἀναγκάζεσθαι.

403 3515 455 3569 8.
491 3516 714 3581 Seripsil
753 3526 1014 3584 prmi-rea
1049 3517 1287 3569 carmina
1316 3517 1378 3568 de
1412 3517 1519 3569 vita
1548 3532 1664 3578 sua,
1694 3517 1849 3585 cujus
1877 3517 1991 3586 ipse
2022 3518 2266 3571 meminit
2295 3518 2344 3568 in
2368 3515 2626 3586 Historiis
2663 3519 2798 3572 libro
2828 3537 2877 3580 κ,
2917 3535 3034 3588 cap.
3067 3519 3154 3573 Η.

409 3606 512 3658 Καὶ
536 3606 654 3659 τότε
684 3605 858 3677 ἀστὴρ
904 3608 1152 3676 κομήτης
1186 3605 1278 3678 ἀφ’
1323 3608 1560 3677 ἑσπέρας
1596 3609 1894 3678 ἐξέλαμπε,
1931 3609 2060 3680 περὶ
2093 3602 2153 3661 οὗ
2200 3610 2294 3660 καὶ
2339 3609 2397 3661 ἐν
2443 3610 2554 3670 τοῖς
2590 3609 2710 3670 κατ’
2751 3592 2990 3677 ἐμαυτὸν
3027 3610 3093 3664 δι’
3119 3610 3267 3664 ὲπῶν
3295 3611 3587 3683 ὑπέμνησα

340 3701 472 3753 οὓτω
509 3701 739 3769 γράφων
772 3714 788 3729 ο

1043 3768 1184 3840 Ἠδη
1219 3768 1323 3840 μὲν
1360 3767 1695 3840 φθινοπωρτς
1731 3769 1992 3840 ἰσημερίη
2028 3770 2343 3840 ἐπέλαυνεν,

1049 3837 1255 3913 ille/aa;
1280 3837 1440 3913 Fixa
1482 3837 2111 3913 napbsvtxﬁggrépatswd
2143 3840 2431 3913 πρόσωπα,
2473 3859 2480 3867 ”

1037 3909 1147 3982 Καὶ
1177 3912 1294 3960 τότε
1321 3908 1582 3982 ’λαμπρὸς
1607 3909 1787 3982 λάμπε
1818 3910 2104 3981 Θρῃῖκηθε
2137 3908 2409 3982 κομήτης,

1019 3983 1022 3988 ’
1053 3980 1410 4052 ξίεξκτεταοίηνΔ
1430 3979 1698 4052 τεκκόμην
1725 3979 1865 4048 ἔχων
1892 3979 2140 4051 ἀντολίην
2165 3979 2222 4033 τε
2254 3979 2550 4052 ῥέπουσαν,

1053 4048 1335 4122 Ἑσπέριο,
1369 4049 1412 4102 δ’
1447 4049 1692 4120 ἤκμαζεν
1722 4053 1814 4122 ἐπὶ
1852 4052 2007 4122 τόσον
2035 4048 2227 4114 νυκτὸς
2255 4048 2445 4122 ’ἰούσης

1043 4121 1173 4194 ᾼίὲν
1206 4121 1554 4194 ᾶπανύμενος
1593 4123 1652 4171 τὸ
1669 4121 1974 4194 *πλέονῗνῦν
2005 4123 2034 4192 ἢ
2072 4123 2132 4174 τὸ
2172 4121 2435 4194 πάροιθεν

1014 4223 1029 4238 .
1046 4192 1244 4242 Ὃσσον
1273 4189 1628 4260 ἀνωτερίεσσι
1663 4191 2002 4257 διαλλάξεσιν
2024 4189 2289 4261 ἔφασκεν.

1042 4262 1125 4334 Ub
1145 4264 1260 4334 po
1285 4261 1658 4334 éu_dt7f./.‘avéwv
1685 4264 1825 4334 κατά
1854 4264 2047 4334 μοῖραν
2084 4263 2260 4334 χώρον
2290 4263 2534 4332 ἔτετμεν,

1234 4331 1322 4404 ἄγ’
1353 4332 1594 4404 ἑκάστης
1619 4331 1810 4404 νυκτὸς
1839 4329 2094 4404 ἀνώτερα
2103 4329 2228 4404 ἐἶχε
2263 4329 2495 4388 κέλευθα

1044 4401 1244 4472 Μέσςρα
1276 4403 1598 4469 ὑπερπόδισ⁹
1633 4401 1908 4472 avari-:90;
1941 4401 2396 4472 ἀμφαναϐαίνων,

1053 4470 1222 4543 ξΕνθα
1251 4474 1300 4522 oi
1333 4474 1510 4540 ἄκρας
1545 4473 1611 4522 τά
1645 4470 1835 4543 πρῶτα
1870 4470 2062 4542 τρόχες
2094 4470 2470 4543 ἐμπεφύασιν,

1080 4492 1222 4523 ιδνυα
1251 4492 1300 4522 οι
1333 4492 1510 4540 ακρας
1545 4492 1611 4522 τα
1645 4492 1835 4540 πρωτα
1870 4492 2062 4542 τροχες
2094 4492 2235 4543 εμπε
2285 4493 2402 4528 υασι

1047 4537 1200 4594 Ἦκα
1236 4543 1629 4611 μαραινόμευος
1664 4542 1939 4612 μείουρος,
1972 4545 2066 4596 καὶ
2097 4545 2216 4598 τότε
2242 4492 2402 4616 time.

346 4666 406 4720 Et
440 4678 565 4721 tunc
589 4667 744 4721 stella
771 4674 973 4720 cometa
1006 4664 1072 4718 ab
1097 4663 1363 4717 occidente
1399 4660 1721 4728 resplenduit
1745 4679 1764 4728 ;
1790 4662 1854 4717 de
1878 4680 1982 4731 qua
2008 4665 2062 4718 in
2098 4665 2186 4728 iis,
2227 4681 2346 4734 qua:
2371 4667 2433 4721 de
2467 4683 2546 4721 me
2573 4666 2894 4720 carminibus
2938 4669 3226 4735 composui,
3267 4668 3581 4722 mentionem

342 4764 458 4831 feci,
487 4763 564 4815 sic
591 4762 822 4814 scribens
843 4773 860 4811 :
890 4757 1014 4810 lam
1052 4772 1170 4810 vero
1201 4754 1509 4809 autumnale
1544 4756 1916 4824 tequinoctium
1947 4758 2191 4826 ﬁniebat,
2225 4767 2273 4812 et
2300 4760 2382 4813 sol
2421 4759 2642 4813 habebat
2683 4757 2910 4830 Virginis
2934 4760 3331 4816 desiderabilem
3376 4762 3590 4831 facient,

343 4866 387 4908 et
409 4872 530 4910 tunc
556 4857 866 4924 splendidus
899 4853 1072 4906 illuxit
1115 4869 1179 4906 ex
1217 4850 1446 4906 Thracia
1475 4864 1698 4906 cometes
1730 4869 2011 4921 provexam
2042 4870 2244 4908 comam
2292 4855 2491 4908 habens
2529 4855 2583 4909 in
2626 4855 2874 4909 orientem
2904 4867 3194 4926 vergentem
3221 4872 3241 4921 ;
3272 4858 3590 4923 vespertinus

343 4952 646 5019 splendebat
673 4953 728 5002 in
760 4960 1015 5018 quantum
1063 4963 1169 5000 nos:
1212 4946 1539 5014 procederet,
1594 4962 1798 5013 semper
1830 4946 2102 5001 vindicans
2149 4949 2316 5017 magis
2355 4947 2577 5001 decursu
2627 4950 2897 5018 temporis,
2938 4965 3095 5017 quam
3127 4962 3306 5015 antea,
3337 4959 3593 5020 quantum

342 5046 699 5111 superioribus
726 5042 1182 5095 immutationibus
1213 5039 1459 5092 lucebat:
1493 5055 1655 5106 neque
1685 5042 1822 5092 enim
1862 5041 1915 5091 in
1957 5040 2190 5108 ﬁxurum
2239 5042 2448 5110 regione
2477 5043 2647 5094 locum
2695 5043 2963 5096 invenerat
2990 5059 3008 5106 ;
3057 5042 3148 5095 sed
3179 5043 3410 5110 qualibet
3446 5051 3594 5094 nocte.

342 5137 654 5189 sublimiora
687 5137 879 5188 itinera
909 5135 1224 5200 occupabat,
1253 5149 1521 5203 quousque
1553 5145 1912 5204 transgressus
1943 5146 2015 5187 est
2051 5150 2252 5201 semper
2282 5133 2566 5188 sublimior
2605 5135 2906 5188 ascendens.
2945 5133 3044 5187 Ubi
3081 5135 3162 5187 illi
3201 5136 3255 5188 in
3296 5136 3596 5188 summitate

342 5231 566 5295 primum
593 5243 753 5281 coma:
779 5228 978 5301 innata:
1005 5227 1256 5294 fuerant:
1293 5226 1548 5296 pautatim
1577 5241 1924 5293 marcescens,
1957 5227 2197 5293 mutilus,
2231 5235 2282 5280 et
2326 5227 2634 5283 decurtatus
2665 5235 2790 5281 tunc
2819 5229 2991 5301 desiit.
3031 5227 3092 5281 Et
3124 5243 3246 5295 cap.
3285 5227 3368 5281 15.
3402 5226 3465 5278 Εἰ
3499 5227 3598 5279 καὶ

343 5291 500 5391 ημεῖς
529 5321 586 5372 ἐν
631 5323 740 5382 τοῖς
777 5299 897 5372 nati)"
936 5291 1135 5384 αὐτοὺς
1173 5291 1558 5387 ἐποποιοῦντες
1604 5325 1670 5394 τῇ
1715 5291 1940 5376 ἐκείνων
1980 5291 2444 5392 ,ήκολουθήκαμεν
2487 5320 2770 5395 ἐξηγήσει.
2808 5321 2872 5377 Ει
2904 5291 3079 5389 linira,
3119 5291 3214 5376 καί
3258 5323 3418 5394 ἡμεῖς
3451 5321 3596 5377 οὓτω

346 5435 460 5482 πως
504 5419 565 5470 ἐν
600 5416 713 5478 τοῖς
757 5413 1046 5484 ἡμετέροις
1083 5416 1445 5484 γεγράφαμεν
1483 5433 1498 5447 ο

1055 5511 1214 5582 Μῆνα
1241 5513 1296 5565 δὲ
1327 5513 1550 5580 Ληναιῶ
1577 5510 1770 5582 πρώτη
1793 5503 1957 5582 βάσις
1985 5509 2178 5582 ἵστατο,
2204 5509 2402 5582 μήνης.

1057 5579 1429 5653 ἸΙίδιχόμηνις
1475 5585 1593 5652 ἔην,
1623 5579 1723 5635 ’καὶ
1756 5579 1820 5651 δὴ
1864 5580 2017 5648 (pelve
2053 5579 2210 5653 καλὰ-
2232 5579 2504 5653 πρόσωπα
2529 5595 2543 5610 ⁸

1051 5657 1162 5709 Καὶ
1188 5648 1308 5707 τότε
1331 5648 1539 5716 ’νυκτὸς
1585 5654 1665 5705 ἐνὶ
1708 5648 1940 5722 τριτάτῃ
1972 5651 2172 5722 σχεδον
2192 5648 2518 5722 έσπερίηθεν

1051 5724 1300 5796 Λάμπετ’
1339 5724 1667 5795 ἐπιδίφρια,
1697 5720 1979 5792 αίξςνηςόὲ
2016 5720 2313 5774 σκοτόεσσα
2344 5721 2574 5772 τέτυκτο
2640 5730 2651 5746 ‘

416 5869 440 5900 ⁴
482 5870 610 5940 Leg.
638 5868 700 5921 ἐκ
735 5868 960 5938 πόρνου.
