3952 6516
457 368 564 433 4ἓ3
1619 365 1869 426 GEORG
1884 366 2010 426 lUS

2115 366 2577 430 iCIlYll‘EllES.
3601 367 3704 431 124

452 496 671 536 strenue
708 494 828 533 sese
856 478 1324 549 apposuit.‘Vitam
1358 491 1463 533 nou
1493 478 1586 533 diu
1620 478 1833 533 videtur
1864 477 2181 548 produxisse
2212 478 2353 533 ultra
2381 480 2445 534 Α.
2468 479 2543 533 (3.
2572 478 2711 534 1510
2736 484 3064 549 (quanquam
3096 478 3421 533 Lambecius
3448 487 3588 535 tom.
3608 478 3705 545 ιη,

464 586 586 638 pag.
619 567 720 622 9.57
760 568 855 636 (c),
886 577 940 620 et
972 578 1102 622 tom.
1136 565 1245 631 νη.
1282 582 1335 636 p.
1372 567 1433 621 71
1472 564 1573 635 (d),
1605 581 1841 636 eumque
1880 578 2102 622 secutus
2136 565 2385 624 Ncselins
2422 570 2519 633 ait,
2547 585 2668 623 eum
2708 584 2851 622 anno
2880 568 3022 623 1510
3054 570 3301 638 abiisse).
3338 568 3525 639 Neque
3562 574 3705 626 enim

454 667 579 726 post
612 656 740 709 illttd
773 656 1030 724 temporis
1069 657 1121 709 in
1159 653 1396 709 Historia
1431 654 1594 709 GPol.
1623 640 1976 717 memoratur,
2006 664 2057 707 et
2087 652 2378 710 Historiam
2412 672 2565 711 suam
2599 657 2970 711 continuasset
2998 655 3175 711 saltitn
3207 657 3271 710 ad
3301 656 3459 712 finem
3490 658 3705 729 imperii

454 746 777 820 Andronici,
811 764 863 798 ει.
899 746 1037 799 1552
1070 746 1292 811 Δίίεηιῑιὶ,
1329 760 1503 813 neque
1544 745 1597 798 in
1652 759 1796 798 anno
1843 745 1961 810 ejus
2004 761 2013 795 ι

2115 759 2148 804 t,
2182 760 2235 799 a.
2267 744 2426 810 1508,
2457 745 2808 812 substitisset,
2846 747 2888 801 si
2938 757 3048 798 tam
3098 746 3188 799 diu
3236 745 3376 799 ttllra
3424 748 3546 816 ejus
3602 763 3706 802 non

454 836 617 889 modo
645 844 883 897 (ntalem,
908 835 999 889 sed
1024 834 1259 901 junioris
1291 848 1506 902 quoque
1528 831 1829 886 Andronici
1866 846 2066 885 annum
2096 831 2440 887 undecimum
2476 833 2690 903 imperii
2717 847 2890 888 annos
2920 848 3049 888 suos
3076 834 3359 902 proximus
3387 836 3709 889 centenario

454 924 820 993 produxisset.

531 1012 766 1066 Exstant
799 1008 915 1077 ejus
952 1010 1204 1063 Historia:
1234 1006 1553 1079 Byzantium
1587 1006 1711 1061 libri
1746 1004 1899 1061 XIII
1935 1008 1999 1062 de
2035 1009 2195 1063 rebus
2229 1024 2325 1080 per
2351 1025 2521 1064 annos
2558 1025 2681 1065 thx
2724 1010 2912 1078 gestis,
2946 1025 2976 1064 a
3014 1020 3258 1080 tempore
3297 1012 3408 1065 nati
3448 1009 3701 1067 Michaeli

460 1099 792 1170 PalmoIOgo,
824 1101 890 1152 A.
923 1100 986 1152 (Σ.
1020 1098 1181 1162 1258,
1214 1097 1509 1151 Andronici
1541 1096 1824 1163 Pala-ologi
1866 1096 2143 1167 (senioris)
2186 1114 2354 1168 usque
2383 1103 2449 1152 ad
2488 1116 2540 1153 a.
2574 1099 2731 1163 1508,
2765 1102 2855 1168 qui
2895 1100 2994 1154 [uit
3028 1115 3208 1155 annus
3242 1103 3416 1157 aetatis
3455 1103 3703 1169 ejusdem

463 1188 759 1242 Andronici
796 1202 946 1250 thx,
980 1187 1192 1257 imperii
1220 1201 1368 1240 xxvi.
1404 1183 1498 1240 Est
1526 1194 1704 1238 autent
1737 1198 1871 1253 opus
1896 1185 2254 1253 'bipartitum;
2288 1203 2413 1240 nam
2450 1191 2656 1259 priores
2692 1204 2787 1243 sex
2821 1190 2940 1243 libri
2978 1202 3068 1244 res
3101 1189 3378 1244 Michaelis
3407 1189 3696 1259 Palmologi

458 1286 587 1331 ante
640 1277 923 1344 imperium
957 1285 1003 1329 et
1041 1276 1161 1344 ipso
1192 1276 1521 1343 imperatore
1552 1285 1730 1343 gestas
1762 1274 2223 1341 complectuntur;
2256 1278 2725 1343 pOSIcriorcs'libri
2754 1289 2959 1347 septem
2984 1278 3209 1349 tradunt
3231 1293 3353 1346 quae
3377 1278 3693 1333 Andronico

453 1352 805 1433 imperitante
835 1364 1151 1419 acciderunt
1183 1379 1277 1433 per
1309 1377 1483 1415 annos
1516 1378 1610 1417 sex
1640 1372 1693 1417 et
1724 1361 2313 1434 viginti.‘Pachymeris
2347 1373 2401 1417 et
2432 1364 2844 1433 imperatormu,
2874 1364 3152 1419 Michaelis
3184 1374 3347 1435 atque
3373 1366 3696 1431 Andronici,

451 1434 908 1521 quemadmodum
946 1462 999 1507 et
1030 1451 1295 1515 Theodori
1334 1450 1586 1505 Lascnris
1618 1450 1855 1521 junioris
1890 1453 2075 1523 (cujus
2117 1460 2173 1504 et
2208 1450 2377 1517 ipsius
2415 1466 2502 1505 res
2538 1453 2593 1505 in
2632 1452 2811 1519 priore
2848 1464 3002 1521 parte
3040 1434 3295 1508 "istan-ne
3332 1454 3699 1523 l'achymeres

348 1610 351 1615 ι
452 1542 719 1611 attingit),
753 1543 961 1608 icones,
989 1556 1019 1595 e
1063 1556 1166 1594 ins.
1225 1540 1410 1595 codice
1455 1554 1764 1607 expressas,
1811 1538 2173 1609 Hieronymus
2215 1537 2446 1593 Wollius
2494 1542 2750 1607 pr:etuisit
2794 1542 2865 1610 (ε)
2915 1558 3013 1596 suo
3060 1541 3364 1611 Nicephoro
3403 1543 3687 1612 Gregurte,

453 1629 619 1684 Basil.
648 1628 788 1684 15οΞ
817 1629 934 1692 fol.,
963 1644 1155 1684 recuso
1183 1626 1360 1682 Paris.
1395 1625 1535 1681 1567
1561 1626 1678 1694 fol.,
1703 1625 1957 1681 Francof.
1991 1624 2130 1682 1568
2160 1626 2251 1682 fol.
2287 1626 2427 1681 Idem
2459 1628 2525 1682 ad
2558 1627 2847 1683 voluminis
2874 1631 3077 1685 calcem
3107 1641 3427 1699 argumenta
3463 1633 3699 1698 capitum

455 1717 711 1773 Historiae
756 1712 1215 1789 Paclrymerianat,
1246 1732 1312 1770 ex
1353 1718 1542 1770 eodem
1590 1716 1780 1770 codice
1825 1732 1927 1771 rus.
1961 1715 2092 1771 bibl.
2125 1712 2456 1786 Augustante
2495 1730 2652 1771 versa
2696 1733 2725 1770 a
2765 1716 3056 1783 seyLatine
3100 1718 3338 1773 exhibet.
3364 1717 3698 1787 Fragmenta

458 1819 730 1875 quaedam,
766 1822 884 1873 qua:
926 1807 978 1858 in
1022 1805 1337 1874 Augustano
1380 1805 1567 1859 codice
1611 1804 1940 1859 nim-deesse
1966 1802 2200 1859 Wolfius
2238 1804 2595 1859 admonuerat
2630 1805 2684 1859 iit
2730 1806 2964 1877 Synopsi
3009 1805 3132 1859 libri
3170 1821 3199 1858 v
3235 1804 3423 1861 Cra-ce
3461 1809 3700 1876 volgavit

454 1892 745 1964 Dionysius
784 1893 1056 1957 Petavius,
1094 1894 1159 1946 ad
1207 1892 1410 1945 czrlcem
1466 1891 1728 1945 Breviarii
1773 1891 2014 1946 historici
2059 1890 2376 1962 Nicephori,
2408 1893 2755 1959 patriarchae,
2789 1892 2962 1947 Paris.
2998 1892 3160 1957 1616,
3189 1894 3246 1948 8.
3272 1890 3434 1949 Plura
3485 1891 3699 1964 Pachy-

456 1982 622 2039 nieris
657 1980 931 2045 Historiae,
960 1990 1072 2035 tum
1110 1983 1289 2034 adhuc
1331 1981 1571 2046 inedita',
1612 1981 1725 2033 loca
1762 1979 1951 2035 Grmce
1976 1980 2239 2050 :produxit
2271 1973 2503 2033 Allatius
2540 1982 2593 2034 in
2629 1981 2742 2034 suis
2782 1981 2997 2050 scriptis
3037 1984 3308 2049 praecipue
3351 1981 3406 2034 in
3450 1983 3597 2035 notis
3634 1984 3698 2035 ad

453 2070 847 2138 Acropolitatn,
880 2084 931 2123 a.
970 2069 1104 2122 1651
1140 2066 1368 2122 Lutetia:
1394 2070 1630 2123 excusis.
1660 2067 1877 2123 Primus
1908 2078 2077 2123 totum
2107 2082 2243 2139 opus
2272 2083 2304 2123 e
2335 2067 2465 2123 bibl.
2497 2067 2795 2122 Barberina
2829 2067 2953 2123 cod.
2984 2069 3111 2135 165,
3143 2069 3244 2123 164
3276 2071 3328 2123 ἱη
3361 2070 3540 2123 lucem
3572 2084 3698 2139 pro-

451 2158 572 2211 tulit
601 2155 796 2212 Petrus
827 2156 1104 2221 Possiuus,
1135 2156 1192 2211 S.
1220 2155 1296 2222 J.,
1336 2159 1605 2226 vertitque
1627 2156 1840 2221 Latine,
1868 2166 1923 2213 et
1951 2173 2075 2212 cum
2105 2156 2355 2212 versione
2382 2172 2476 2211 sua
2505 2173 2569 2211 ac
2597 2158 3233 2215 tribusobservationutu
3267 2159 3419 2213 libris
3450 2158 3692 2229 vulgavit

453 2245 607 2299 Rern.
643 2246 782 2300 1666
829 2256 884 2300 et
933 2246 1093 2313 1669,
1127 2247 1248 2313 fol.,
1283 2246 1496 2302 duobus
1537 2246 1923 2314 Voluminibus,
1954 2261 2075 2316 quae
2114 2245 2313 2307 rarius,
2345 2260 2507 2316 quam
2553 2247 2738 2301 caeteri
2780 2247 3075 2317 scriptores
3118 2246 3427 2318 Byzantini,
3470 2246 3696 2300 Parisiis

461 2334 682 2399 excusi,
730 2344 1059 2402 occurrunt,
1096 2344 1150 2388 et
1191 2342 1403 2389 centum
1452 2335 1681 2404 amplius
1726 2335 1927 2389 niarcis
1968 2332 2376 2390 Luhcceusibus
2421 2332 2963 2389 veoduntnr.Priore
3000 2335 3271 2388 volumine
3317 2336 3436 2388 lbri
3490 2349 3587 2390 sex
3631 2339 3694 2387 de

454 2419 715 2476 Mirltaele
748 2422 1071 2492 Palaeologo,
1103 2423 1411 2491 posteriore
1437 2433 1645 2492 septem
1678 2423 1746 2477 de
1770 2423 2088 2479 Andronico
2114 2425 2482 2478 continentur.
2509 2421 2587 2478 Ex
2614 2422 3059 2479 Observationum
3088 2438 3213 2477 vero
3240 2422 3689 2477 Possitrianarum

454 2512 612 2577 libris
650 2512 825 2566 tribus
860 2515 1065 2580 primus
1102 2512 1424 2582 glossarinm
1453 2513 1742 2566 verborum
1777 2510 2151 2567 obscuriorutn
2187 2512 2431 2575 exhibet,
2463 2512 2735 2567 secundus
2770 2523 2928 2568 notas
2960 2524 3015 2566 et
3052 2514 3465 2582 castigationes,
3494 2514 3685 2567 tertius

466 2601 900 2668 chronologiatn,
926 2601 1010 2655 cui
1032 2600 1318 2671 juugcudae
1344 2601 1625 2655 rarissime
1658 2600 1844 2654 itidem
1873 2601 2049 2655 obvim
2077 2599 2311 2653 Mauritii
2345 2598 2586 2682 Davidis,
2613 2602 2911 2672 presbyteri
2950 2600 3288 2657 Divionensis
3309 2641 3324 2665 ,
3351 2601 3697 2656 animadver-

466 2693 649 2745 siones
685 2688 1078 2759 cbrouologica:
1114 2691 1165 2744 in
1202 2688 1552 2762 Pachytneris
1592 2689 1905 2746 Michaeleni
1943 2689 2327 2758 Palaeologum,
2355 2703 2489 2759 quas
2531 2690 2584 2742 in
2623 2687 2831 2743 Bovinii
2871 2690 3016 2745 notis
3046 2697 3112 2744 ad
3148 2688 3446 2760 Gregoram
3482 2689 3692 2742 laudari

457 2778 598 2841 vidi,
626 2779 678 2831 in
717 2779 859 2843 ipsas
890 2779 1117 2832 necdum
1154 2776 1339 2832 incidi.
1372 2777 1531 2849 [item
1561 2779 1804 2835 Venetiis
1840 2780 1891 2833 iu
1922 2793 2075 2849 corp.
2105 2776 2331 2850 Byzant.
2365 2777 2555 2846 script.
2589 2777 2694 2831 vol.
2725 2775 2844 2830 Xlll
2879 2787 2933 2832 et
2961 2776 3103 2844 Xl-V,
3135 2793 3188 2832 v.
3218 2794 3380 2846 supra
3401 2817 3415 2840 ,
3452 2794 3510 2845 p.
3542 2777 3647 2833 52s
3676 2775 3694 2847 ]

457 2868 599 2920 Idem
630 2864 887 2921 Buivinus
922 2881 977 2936 p.
1010 2866 1112 2921 760
1147 2881 1361 2933 mouet,
1382 2883 1562 2937 operae
1593 2869 1824 2936 pretium
1857 2871 2012 2934 fore,
2039 2869 2085 2923 si
2114 2868 2236 2939 quis
2265 2867 2554 2920 editionem
2586 2864 2885 2920 Romanam
2915 2864 3264 2937 Pacliytut-ris
3298 2865 3545 2921 conferat
3574 2882 3693 2920 cum

444 2955 633 3010 codice
665 2970 767 3008 ms.
798 2956 945 3022 regio
976 2953 1115 3008 2518
1143 2957 1346 3023 scripto
1372 2957 1437 3010 A.
1465 2955 1704 3011 091458
1735 2956 1803 3027 (Γ)
1829 2970 1993 3025 quem
2022 2958 2283 3013 Pessinus
2313 2956 2452 3009 haud
2482 2955 2635 3019 vidit,
2664 2956 2739 3008 uti
2774 2970 2877 3009 nec
2909 2954 3158 3009 mutilum
3192 2957 3599 3039 Augustalium,
3631 2971 3693 3009 ex

444 3058 555 3111 quo
588 3041 808 3097 Hieron.
839 3040 1067 3096 Wolfius
1100 3053 1449 3111 argumenta,
1481 3045 1548 3098 de
1574 3045 1771 3113 quibus
1801 3061 1960 3115 supra
1990 3044 2134 3109 dixi,
2164 3043 2410 3113 protulit.
2444 3040 2673 3106 Nescio,
2703 3058 2772 3096 au
2807 3044 2872 3097 de
2909 3047 3010 3097 hoc
3042 3041 3382 3113 Pacbyutere
3416 3042 3693 3109 accipien-

451 3133 576 3183 dum
613 3131 705 3195 sit,
731 3134 874 3199 quod
906 3128 1132 3184 Latinus
1165 3130 1408 3186 Latinius
1446 3142 1578 3184 toni.
1605 3129 1670 3195 ll,
1702 3134 1863 3202 epist.
1893 3148 2015 3203 pag.
2052 3132 2189 3188 102ς
2223 3131 2473 3195 Strlelus,
2503 3131 2700 3200 inquit,
2733 3131 2953 3184 allatum
2985 3147 3096 3186 esse
3123 3133 3283 3186 etiam
3315 3148 3499 3185 recens
3532 3131 3691 3186 Geor-

442 3219 591 3284 gium
626 3216 903 3286 quemdam
938 3218 1215 3272 variarum
1249 3234 1425 3273 rerum
1459 3223 1771 3287 scriptorem
1795 3260 1811 3286 ,
1842 3223 1963 3290 qui,
1991 3238 2109 3276 cum
2147 3221 2316 3275 multa
2350 3221 2416 3275 de
2450 3222 2637 3288 prima
2675 3228 2813 3275 notat
2852 3220 3179 3291 philosophis
3219 3230 3475 3292 tanquam
3515 3234 3692 3273 censor

450 3307 813 3377 pronuntiavit
834 3344 848 3371 ,
879 3307 1112 3375 plurima
1146 3309 1307 3360 etiam
1339 3307 1636 3361 Aristotelis
1667 3308 1784 3362 loca
1810 3312 2046 3363 obscura
2080 3308 2391 3365 illustravit.
2422 3306 2869 3377 Quatuﬁiquidem
2896 3307 3110 3363 Latinis
3139 3310 3279 3364 haud
3309 3309 3488 3372 favet,
3518 3311 3692 3378 itaque

452 3410 657 3462 parum.
679 3410 860 3464 wquus
892 3394 1170 3447 historicus
1203 3396 1503 3464 appellatur
1530 3394 1736 3449 Allatio
1777 3396 1872 3451 lib.
1907 3397 1981 3451 De
2014 3410 2283 3451 consensu
2322 3410 2445 3465 pag.
2476 3395 2601 3459 759,
2628 3397 2718 3464 qui
2758 3405 2936 3450 tamen
2969 3397 3097 3451 alibi
3134 3398 3211 3467 (g)
3247 3398 3447 3469 stylum
3485 3397 3693 3463 Pachy-

456 3496 619 3535 mcrte
655 3480 873 3545 laudat;
906 3492 1160 3536 ωηεν-ιω
1194 3492 1364 3547 notat,
1394 3482 1538 3539 inter
1565 3480 1871 3539 Lollianum
1907 3485 2148 3540 codicem
2176 3484 2230 3539 iit
2262 3485 2394 3540 bibl.
2428 3482 2715 3549 Vaticana,
2744 3494 2796 3538 et
2827 3482 3207 3549 Barberinutn,
3236 3501 3396 3556 quem
3433 3486 3692 3539 emenda-

448 3572 640 3623 tiorem
676 3582 730 3624 et
764 3571 1083 3624 charactere
1121 3572 1429 3639 antiquiore
1465 3581 1630 3641 atque
1665 3572 1995 3642 elegantiore
2028 3573 2360 3642 descriptum
2400 3582 2651 3639 testatur,
2684 3573 2975 3627 maximum
3018 3588 3127 3627 non
3167 3583 3376 3627 tantum
3417 3562 3487 3626 in.
3519 3573 3693 3626 verbis

446 3673 512 3712 ac
558 3660 714 3711 modo
752 3657 987 3717 dicendi.
1017 3658 1111 3713 sed
1158 3673 1337 3712 rerum
1382 3669 1729 3714 uarratarum
1758 3641 1942 3715 etiam
1983 3662 2310 3732 quandoque
2350 3641 2550 3717 ordine
2590 3663 2768 3716 inesse
2808 3662 3125 3723 discrimen,
3157 3673 3218 3716 ut
3258 3662 3560 3716 verisimile
3599 3662 3690 3725 sit,

444 3745 860 3816 Pacbytucriutu
908 3744 1041 3805 duas
1086 3761 1197 3802 sua
1243 3746 1497 3802 Historia:
1539 3748 1808 3804 editiones
1858 3750 2087 3820 tempori
2133 3766 2199 3806 ac
2243 3751 2407 3820 genio
2455 3751 2841 3805 inservientem
2889 3749 3311 3819 conscripsisse,
3352 3750 3587 3818 ideoque
3620 3761 3689 3799 ex

447 3835 692 3902 utrisque
718 3832 885 3887 multa
914 3843 1094 3890 errata
1127 3835 1349 3905 corrigi,
1377 3838 1610 3890 obscura
1643 3836 1923 3900 illustrari,
1954 3837 2140 3893 mutila
2170 3838 2430 3907 suppleri,
2462 3851 2526 3891 ac
2554 3839 2770 3891 demum
2800 3837 3040 3891 historiae
3072 3852 3271 3907 corpus
3300 3853 3465 3891 unum
3515 3835 3687 3906 perle-

451 3931 594 3976 ctum
632 3936 695 3976 ac
730 3923 997 3992 integrum
1028 3939 1186 3991 posse
1216 3924 1449 3978 absolvi.
1477 3923 1609 3979 Cum
1647 3926 1786 3979 idem
1825 3940 1955 3981 mss.
1989 3927 2206 3981 codices
2241 3928 2483 3996 ejusdem
2524 3925 2774 3981 Historiae
2799 3967 2815 3992 ,
2849 3916 3102 3980 mutilum
3140 3923 3407 3980 Venetam
3455 3923 3515 3977 in
3563 3924 3687 3976 ΙιίιιΙ.

443 4009 503 4064 S.
540 4009 740 4075 Marci,
772 4022 827 4065 et
876 4011 1325 4077 Scoriacensem,
1356 4022 1412 4067 et
1449 4027 1516 4068 ex
1556 4012 1856 4068 Possevino
1904 4013 2019 4084 (qui
2062 4016 2204 4070 male
2246 4015 2570 4085 Gregorium
2616 4030 2717 4083 pro
2756 4012 2993 4082 Georgio
3037 4012 3329 4084 appellati),
3368 4012 3591 4068 tertium
3639 4013 3687 4066 itt

432 4098 765 4153 bibliotheca
814 4098 991 4152 Patmi
1036 4100 1266 4162 insulae,
1294 4110 1656 4170 quartumque
1692 4103 1838 4170 regis
1877 4101 2330 4157 Cbristianissimi
2377 4113 2894 4166 commemorasset,
2928 4100 3023 4155 Est
3065 4112 3111 4155 ct
3156 4103 3300 4172 apud
3342 4117 3450 4163 me,
3487 4100 3686 4171 inquit,

438 4191 645 4260 integra
683 4199 732 4243 et
772 4190 985 4258 optima:
1024 4199 1158 4245 nota:
1196 4189 1434 4261 (Fam).
1463 4219 1533 4230 -—
1568 4192 1628 4245 lu
1667 4192 1789 4247 cod.
1818 4189 2178 4249 Escorialeusi
2221 4191 2383 4260 (teste
2422 4189 2624 4245 Pluere
2664 4190 2717 4245 in
2756 4190 2880 4245 ltiti.
2916 4204 3014 4260 per
3043 4188 3272 4259 Hispau.
3306 4204 3426 4261 pag.
3458 4189 3608 4260 170),
3638 4191 3686 4243 in

511 4347 580 4416 (ε)
609 4346 669 4400 in
716 4345 890 4416 indice
916 4347 982 4398 ad
1013 4345 1115 4400 vol.
1160 4343 1248 4411 lll,
1283 4361 1335 4415 p.
1366 4345 1489 4406 611.
1521 4346 1587 4399 de
1612 4348 1798 4401 codice
1824 4306 2014 4416 Χίῳιί

437 4415 681 4474 continet
708 4415 1032 4469 Psalterium
1064 4426 1229 4469 tototn
1275 4432 1397 4469 cum
1443 4428 1631 4471 catena
1658 4431 1725 4471 ex
1758 4415 2014 4485 operibus
2043 4415 2048 4421 ’

443 4490 713 4542 \atiortttn
748 4494 853 4539 vel.
888 4486 1211 4553 setiptornut
1247 4487 1572 4557 ecclesia“...
1604 4490 1656 4540 in
1694 4488 1777 4541 Itis
1803 4487 2012 4557 Pachy—

442 4576 548 4613 nici
565 4559 628 4622 is,
657 4564 927 4617 contexta,
948 4571 1107 4624 quem
1129 4565 1374 4611 recenset
1396 4555 1651 4613 Lambec.
1682 4557 1735 4612 iu
1759 4556 1867 4611 vol.
1893 4555 2012 4624 cit.,

376 4662 383 4669 -
440 4645 494 4699 p.
528 4630 597 4683 55
627 4643 745 4699 sqq.
776 4626 972 4699 (HABL.

516 4701 593 4768 (d)
627 4694 734 4751 sm
767 4711 885 4768 pag.
921 4694 1023 4750 155
1057 4697 1143 4751 ed.
1172 4694 1419 4762 Kollarii,
1442 4695 1598 4767 cujus
1620 4705 1803 4751 notam
1830 4696 2014 4768 confe-

443 4765 670 4845 rcs._:lbi‘
693 4767 815 4821 cod.
836 4778 1163 4845 _recettsctur
1199 4769 1271 4822 55
1297 4769 1390 4845 qui
1420 4765 1823 4845 comprehendit
1849 4765 2015 4845 Geor-

444 4841 517 4911 gii
543 4837 875 4911 l’achymcris
896 4840 1268 4911 “positionem
1298 4836 1673 4907 iotiusOrgani
1694 4838 2012 4901 Aristotelis,

442 4907 488 4963 ἐ.
515 4912 757 4963 omniuttt
791 4907 910 4977 ejus
940 4907 1223 4972 librorum,
1254 4911 1344 4976 qui
1375 4911 1440 4963 ad
1466 4910 1691 4977 logicum
1726 4910 2011 4976 pertinent.

433 4980 758 5034 Lambecius
788 4980 969 5033 itidem
1005 4981 1054 5031 itt
1088 4991 1211 5033 uota
1237 4982 1307 5041 Α,
1334 4996 1390 5048 p.
1420 4980 1522 5034 155
1549 4996 1562 5031 :
1597 4997 1615 5029 t
1651 4979 2013 5043 Protecdicus,

432 5053 541 5112 ait,
571 5048 1164 5121 suscipiebatcaptivos
1197 5052 1277 5113 de,
1296 5052 1438 5121 clero
1465 5050 1519 5104 in
1555 5050 1729 5102 causis
1758 5048 2015 5121 criminu-

432 5123 604 5185 libus,
636 5130 689 5173 et
718 5118 782 5191 de
813 5121 878 5172 iis
901 5118 1193 5191 judicabat,
1225 5120 1644 5191 providebatquc
1675 5134 1743 5174 ne
1784 5120 1903 5187 quis
1946 5118 2014 5173 iis

443 5192 696 5260 injuriam
728 5188 1203 5262 faceret._(llsrtt..)

517 5267 586 5333 (e)
641 5260 1213 5333 limagittesl’acbym.
1278 5275 1380 5333 nec
1432 5275 1549 5333 non
1586 5261 2012 5333 imperatorum,

442 5328 719 5386 Michaelis
736 5328 1020 5400 Palasologi
1044 5328 1163 5385 seu.
1190 5331 1552 5387 etAndrouici
1584 5330 1865 5394 PalaeoloAi
1890 5345 2010 5400 seu.

436 5400 535 5456 aeri
570 5403 769 5470 incisas
794 5400 1016 5457 exhibet
1039 5415 1251 5470 quoque
1282 5402 1532 5456 Lambec.
1565 5404 1631 5456 ad
1666 5416 1720 5470 p.
1751 5400 1873 5465 155,
1900 5399 2011 5456 vol.

438 5416 535 5456 32ft
570 5416 769 5457 mersas
794 5416 1016 5457 cxntbet
1039 5416 1251 5470 quoque
1282 5416 1532 5456 Lambec.
1565 5416 1631 5456 au
1705 5438 1720 5453 .
1751 5416 1873 5465 too,
1900 5416 2011 5456 vol.

438 5489 640 5543 comm.
673 5468 875 5543 γιι.-
896 5472 971 5525 De
992 5475 1114 5526 cod.
1145 5481 1374 5543 August.
1404 5470 1564 5529 Vind.
1597 5487 1645 5529 ν.
1666 5416 1877 5527 flciseri
1902 5478 2011 5535 c'at,

436 5559 478 5613 ν
517 5542 613 5596 68.
644 5542 859 5611 ututs.)

515 5614 607 5684 (f)
646 5610 1075 5684 ilontlauconus
1128 5610 1497 5682 Palaeograpb.
1555 5610 1763 5684 Graeca,
1816 5628 1867 5681 p.
1923 5612 2010 5667 79.

444 5681 611 5736 Fit-llr.
644 5682 701 5737 In
737 5682 896 5736 tatal.
939 5687 1096 5753 codd.
1131 5681 1330 5750 Paris,
1364 5684 1492 5738 btbl.
1528 5684 1678 5753 pubi.
1706 5682 1770 5747 ll,
1800 5698 1851 5751 p.
1884 5683 2009 5751 393,

447 5764 759 5808 numeratur
790 5757 909 5807 cod.
944 5752 1101 5821 1721,
1132 5752 1349 5824 Georgii
1382 5752 1727 5824 Pacliymeris
1763 5755 2013 5810 Historiae

433 5825 745 5895 Byzantina:
790 5824 915 5879 libri
971 5827 1221 5882 tredecim
1262 5843 1274 5880 :
1317 5825 1570 5895 praclixus
1618 5840 1712 5881 sex
1764 5827 2004 5895 priorum

2121 4348 2280 4401 index
2310 4363 2325 4401 :
2357 4357 2612 4402 exaratos
2655 4361 2785 4401 vero
2822 4344 3023 4400 dicitur
3065 4360 3118 4400 a.
3165 4344 3325 4399 1115.
3368 4342 3689 4399 Lambecius

2119 4432 2336 4485 quoque
2366 4419 2416 4470 in
2440 4418 2675 4481 Comum,
2699 4417 2805 4470 vol.
2837 4414 2967 4477 VIII,
3002 4432 3057 4484 p.
3090 4417 3224 4471 1087
3274 4414 3496 4485 Kollarii
3527 4416 3684 4485 dolet,

2118 4483 2345 4542 Possino
2386 4486 2620 4541 defuisse
2667 4489 2789 4541 rod.
2847 4483 3045 4542 eam.
3091 4488 3159 4542 67
3205 4494 3385 4555 (quem
3433 4483 3625 4540 Lamb.
3656 4499 3686 4536 a

2117 4572 2238 4630 pag.
2261 4627 2269 4630 _
2290 4558 2424 4612 1066
2455 4558 2668 4630 copiose
2698 4562 2984 4624 recenset),
3034 4559 3085 4630 in
3130 4568 3414 4630 qu0.sunt
3446 4557 3682 4630 Gregorii

2114 4627 2273 4697 Cypri
2315 4628 2576 4697 epistolae,
2606 4643 2689 4697 ex
2722 4630 2915 4696 quibus
2946 4629 3111 4681 multa
3144 4627 3447 4681 treceSsaria
3481 4629 3684 4695 potuis-

2114 4696 2234 4752 sent
2261 4696 2485 4761 hauriri,
2514 4709 2569 4752 et
2600 4696 2848 4751 Historiae
2878 4698 3071 4768 Georg.
3111 4698 3478 4768 l’achymet‘is,
3511 4698 3684 4765 operis

2115 4768 2365 4833 dillicilis,
2411 4770 2799 4825 obscuritatem
2851 4767 3038 4837 magis
3064 4767 3345 4822 illustrari.
3393 4768 3466 4820 Ex
3500 4767 3681 4837 eodem

2115 4839 2237 4894 cod.
2275 4840 2585 4907 publicavit,
2633 4853 2688 4907 p.
2737 4837 2871 4891 1089
2903 4835 2989 4906 sq.
3019 4842 3085 4891 ad
3118 4837 3467 4907 supplendam
3504 4835 3683 4891 Histo-

2115 4910 2250 4982 riam
2277 4908 2494 4982 Georgii
2522 4907 2803 4978 Pachym.,
2837 4908 2929 4982 ltb_.
2967 4908 3030 4969 ll,
3062 4915 3264 4982 capsit,
3286 4908 3571 4982 (armatam
3604 4923 3683 4982 so-

2113 4978 2355 5043 lemnem,
2382 4977 2482 5049 qua
2515 4977 2853 5049 patriarchae,
2883 4977 3143 5047 Gregorio
3168 4980 3344 5049 Cypro
3370 4979 3679 5045 advcharii,

2116 5052 2502 5118 premiseruut,
2550 5050 2725 5117 ipsum
2773 5050 2983 5113 publice
3035 5049 3361 5103 declaratum
3400 5049 3459 5100 iri
3499 5050 3681 5118 ortho-

2114 5117 2311 5173 dox‘utn
2341 5129 2396 5173 et
2441 5133 2663 5189 prorsus
2709 5118 2937 5172 liberum
2984 5122 3051 5173 ab
3080 5122 3226 5173 omni
3261 5122 3382 5174 labe
3424 5126 3477 5172 et
3510 5117 3682 5186 suspi-

2114 5190 2271 5245 cioue
2302 5206 2477 5260 prava:
2508 5190 2790 5253 doctrinm,
2824 5203 2868 5242 si
2903 5190 2949 5243 is
2982 5190 3129 5257 prius
3170 5191 3377 5259 scripto
3404 5190 3678 5260 pollici-re-

2116 5270 2223 5326 tur,
2245 5259 2331 5327 se,
2363 5269 2483 5330 post
2514 5274 2797 5329 acceptum
2844 5260 2975 5313 illud
3022 5260 3344 5313 innocentia:
3391 5273 3503 5313 suae
3537 5259 3680 5330 testi:

2115 5325 2380 5385 muniunt—
2396 5325 2689 5401 publicum,
2724 5331 2841 5383 sine
2858 5344 3020 5401 Amora
3052 5332 3311 5401 dignitate
3328 5325 3676 5401 patriarthali

2115 5414 2176 5455 se
2208 5399 2574 5455 abdicaturum
2605 5415 2741 5455 esse.
2763 5427 2836 5438 —
2857 5399 2912 5453 lu
2934 5403 3053 5453 cod.
3077 5400 3165 5464 59,
3193 5402 3299 5455 vol.
3326 5399 3458 5463 Vill,
3479 5416 3530 5467 p.
3556 5399 3675 5463 8l9,

2114 5481 2201 5524 est
2250 5474 2609 5541 fragmentum
2657 5469 2871 5538 Georgii
2920 5470 3174 5541 Pachyni.
3231 5470 3676 5541 philosophicunt,

2115 5543 2244 5611 περὶ
2272 5540 2413 5613 ὓληςν
2439 5544 2534 5593 καὶ
2581 5542 2787 5613 εἴδους,
2810 5556 2911 5607 κειρ
2943 5540 3011 5610 p’,
3043 5540 3099 5613 in
3121 5540 3276 5612 cujus
3309 5542 3459 5594 initio
3486 5541 3672 5607 Georg.

2114 5618 2311 5667 dicitur
2341 5611 2629 5682 φιλόσοφος
2656 5615 2751 5665 καὶ
2770 5611 3014 5672 διάκονος
3054 5611 3312 5682 κληρικὸς
3354 5613 3674 5679 ὑπομνημα-

2114 5683 2384 5753 τογράφος
2416 5683 2508 5736 καὶ
2548 5682 2799 5751 πρωτέκδ
2822 5685 3054 5753 sucossi);
3099 5683 3393 5752 καυολικῆς
3437 5684 3673 5751 μεγάλης

2115 5751 2479 5824 refixum-06
2520 5753 2866 5823 Ἐκκλησιας.
2912 5751 3132 5823 ("Alit")

2198 5828 2272 5898 (g)
2290 5818 2513 5882 Allatius
2531 5829 2594 5879 de
2612 5818 2876 5894 G‘ftirglla,
2892 5818 2942 5894 p'.
2958 5824 3081 5889 568,
3102 5818 3206 5881 569
3224 5826 3406 5896 (supra
3417 5822 3514 5879 col.
3528 5818 3668 5888 415).
