3952 6666
397 474 501 536 ΛΠ

1597 471 1850 532 GEORG
1867 469 1921 527 ll
1964 468 2444 528 PACHYMEIL'E
2469 531 2486 538 η

3551 460 3684 521 458

395 591 486 639 τ“-ν
517 585 686 648 οὕτως
717 585 861 655 ἔχον,
888 585 1021 638 ἀλλᾶ
1051 584 1224 655 παρὸν
1253 583 1352 654 μὲν
1389 583 1473 636 καὶ
1501 582 1573 643 ὡς
1603 582 1767 651 ἐχρῆν
1793 574 1975 631 τελού·
2002 574 2052 634 Α
2080 577 2548 648 κατακτήσασθαι,
2589 576 2664 646 τῷ
2698 577 2754 630 δὲ
2785 576 2882 646 τῆς
2915 575 3184 645 Θαλάττης
3231 573 3387 645 μέρει
3417 577 3514 644 οὐχ
3555 571 3687 627 οἷοι

403 694 563 748 μενον
592 675 914 744 ἀσφαλείας,
948 674 1085 728 ἀπὸν
1115 674 1170 726 δὲ
1200 675 1290 726 καὶ
1313 672 1386 736 ὡς
1415 673 1513 724 οὒκ
1533 670 1698 740 ὲχρῆν
1726 662 1980 738 παρορὼο

401 785 562 838 μενον
587 769 687 837 τῆς
718 767 1003 837 παρούσης
1033 763 1373 835 συγχύσεως.

475 916 542 988 γ’.
579 917 781 982 Ὅπως
808 919 862 970 οί
889 915 1133 969 παλαιοί
1159 913 1547 982 κατωχύρουν
1566 909 1672 976 τὰς
1699 908 1910 976 ἄκρας.

491 1053 721 1104 Ἐκεῖνοι
757 1051 937 1104 τοίνυν
983 1051 1129 1104 δυοῖν
1182 1049 1344 1118 μέσον
1388 1046 1602 1117 ἐχθροῖν
1650 1043 1983 1114 ἐναπειλημ-

409 1145 583 1215 μένοι,
635 1145 692 1211 ἐξ
725 1143 803 1196 ἕω
835 1143 934 1213 μὲν
982 1141 1228 1211 Περσῶν,
1264 1143 1327 1194 ἐκ
1355 1139 1557 1200 δύσεως
1587 1137 1636 1191 δ’
1669 1135 1886 1191 Ἰταλῶν
1924 1136 1989 1188 οῦν

407 1238 568 1307 μόνον
618 1237 680 1287 τὸ
718 1235 855 1304 πρὸς
901 1237 966 1304 τῇ
1012 1233 1260 1308 θαλάσσῃ
1303 1232 1437 1286 ἀλλά
1486 1231 1582 1284 καὶ
1613 1231 1673 1284 τὸ
1711 1228 1986 1282 ἀνώτατον

403 1329 808 1398 κατασχόντων,
854 1331 944 1383 καί
981 1330 1062 1392 εἰς
1120 1330 1303 1382 στενὸν
1349 1327 1548 1397 κομιδῆ
1592 1325 1984 1398 ἀμφοτέρωθεν

405 1421 780 1482 καταστάντες
825 1421 900 1483 ὡς
957 1420 1082 1490 μηδ’
1129 1421 1428 1490 ἐλευθέρως
1471 1421 1732 1471 ἀναπνεῖν
1768 1419 1984 1478 ἐᾶσθαι,

407 1517 473 1585 τῇ
507 1515 605 1583 μὲν
656 1513 916 1566 Ἰταλικὸν
951 1514 1167 1583 ἔχοντες
1199 1513 1546 1582 συμμαχικὸν
1577 1513 1818 1582 ἐπῄεσαν
1851 1511 1988 1580 Πέρ-

412 1623 556 1667 σαις,
585 1608 652 1676 τῇ
685 1605 740 1657 δὲ
768 1605 1032 1657 Σκυθικὸν
1057 1603 1488 1673 προσλαὸὀμενοι
1514 1605 1639 1671 ἄρτι
1673 1603 1790 1656 τότε
1821 1604 1988 1670 φανέν

410 1712 472 1749 τι
505 1697 597 1748 καὶ
632 1695 977 1765 προσληφθέν
1018 1694 1260 1747 ἀνώθουν
1299 1699 1429 1757 τοῦς
1475 1692 1736 1757 Ἰταλούς.
1781 1693 1991 1756 Σκοπὲς

410 1789 457 1840 δ’
487 1783 554 1858 ἦν
597 1787 822 1849 ἐκείνοις
876 1787 1143 1855 ἀσφαλέσι
1184 1789 1244 1840 τὸ
1285 1787 1450 1856 μέσον
1491 1785 1843 1856 κατακυροῦν.
1881 1787 1990 1839 Καὶ

411 1879 472 1930 τδ
508 1878 603 1945 μὲν
635 1876 773 1947 πρὸς
807 1876 1080 1930 θάλασσαν
1114 1877 1214 1929 οὐκ
1245 1875 1391 1946 εἶχον
1422 1875 1736 1947 ὀχυρώματι
1779 1875 1922 1944 ἄλλῳ
1955 1874 1986 1944 ἢ

413 1967 655 2038 Θαλάσσῃ
694 1967 1240 2034 κατασφαλίζεσθαι·
1291 1968 1410 2021 ούδέ
1454 1969 1562 2037 γὰρ
1606 1963 1694 2037 ἦν,
1725 1967 1990 2019 θαλασσο-

412 2058 764 2127 κρατούντων
811 2059 918 2110 τῶν
965 2060 1184 2112 Ἰταλῶν
1239 2062 1335 2112 καὶ
1385 2059 1872 2130 προσκατεχόντων
1921 2059 1988 2111 τά

413 2151 624 2220 πρόσω,
656 2152 911 2218 ἀσφαλῶς
940 2153 999 2204 τὸ
1047 2152 1233 2207 λοιπὸν
1276 2152 1518 2217 διάξειν·
1555 2153 1615 2204 τὸ
1652 2151 1707 2204 δὲ
1741 2155 1878 2218 πρὸς
1915 2151 1990 2204 ἕω

410 2241 642 2310 ὀχυροῦν
679 2239 826 2312 εἰχον
861 2245 1117 2314 ἐρυμνοῖς
1155 2263 1211 2297 τε
1259 2249 1354 2296 καὶ
1406 2244 1688 2306 δυσϐάτοις
1717 2243 1908 2310 ὀρέων,
1941 2247 1988 2294 εἰ

414 2333 762 2402 προλάϐοιεν.
791 2337 899 2388 Καὶ
936 2335 1023 2388 διὰ
1053 2336 1226 2388 ταῦτα
1259 2337 1379 2388 ἐπεὶ
1405 2337 1506 2388 οῦκ
1536 2331 1680 2404 εἰχον
1708 2333 1822 2404 ἀμα
1857 2336 1992 2403 πρὸς

415 2425 650 2495 ἑκάτερα
679 2429 966 2496 μάχεσθαι,
990 2429 1083 2480 καλ.
1115 2429 1196 2480 ὅτι
1219 2429 1286 2480 τὰ
1322 2428 1419 2496 μὲν
1444 2427 1577 2495 πρὸς
1607 2428 1681 2481 ἔω
1706 2429 1804 2498 ὄρη
1833 2429 1990 2496 μέχρι

416 2517 612 2570 πολλοῦ
644 2521 906 2589 ἀνέχοντα
933 2522 1028 2573 καὶ
1067 2523 1127 2573 τὸ
1157 2522 1398 2587 ἀσφαλὲς
1429 2521 1821 2590 κατεγγυῶντα
1861 2522 1996 2574 Ῥω-

419 2611 619 2680 μαίοις,
659 2613 896 2681 Πέρσαις
935 2612 1011 2675 δὲ,
1047 2614 1119 2674 ὡς
1138 2616 1335 2680 εἰπεῖν,
1363 2616 1734 2683 ἀμελούμενα,
1758 2616 1987 2683 προσδο⁹

416 2702 542 2754 κίαν
568 2707 826 2772 παρεῖχεν
847 2705 1030 2768 αὐτοῖς
1052 2708 1344 2776 κατασχεῖν
1371 2707 1669 2760 κάντεῦθεν
1692 2706 1992 2775 ἀσφάλειαν

421 2876 627 2932 nantia.
678 2877 851 2932 Unum
888 2896 952 2935 ex
1006 2881 1093 2935 illa
1157 2892 1363 2937 tantum
1417 2895 1688 2953 prasterna
1736 2887 1992 2956 memoria

421 2973 800 3025 resumendnm
841 2973 929 3025 hic
960 2973 1112 3027 nobis
1145 2991 1249 3027 non
1281 2976 1562 3040 ittutiliter,
1594 2977 1646 3030 ni
1677 2976 1856 3043 fallor,
1891 2990 1993 3045 est,

418 3070 700 3128 propterea
750 3065 890 3130 quod
942 3064 1069 3117 illud
1101 3065 1205 3118 tale
1232 3076 1333 3130 est,
1364 3068 1451 3120 cui
1504 3069 1606 3122 Sull
1639 3069 1855 3134 quidam
1899 3073 1998 3124 ade

416 3151 758 3204 scribendam
787 3163 1047 3221 pntantet
1067 3158 1416 3210 securitatem
1444 3160 1994 3230 tranquillitatemque

2083 670 2132 723 τ’
2157 665 2298 741 ἦσαν
2329 669 2633 740 χρήσασθαι
2665 668 2980 739 ὀχυρώματι
3011 667 3272 738 πρότερον
3300 667 3332 736 ἤ
3363 665 3491 728 τοὺς
3524 666 3689 718 Ἰτα-

2083 761 2210 824 λοὺς
2246 763 2517 826 ἐκϐαλεῖν,
2549 762 2636 816 διὰ
2667 761 2822 814 τοῦτο
2853 760 3012 814 πλέον
3049 761 3146 830 μὲν
3177 759 3494 812 ἐσπένδοντο
3525 758 3690 827 Πέρ-

2088 870 2209 915 σαις
2243 853 2337 906 καὶ
2386 853 2675 922 ἀνακωχὴν
2726 851 2926 905 ἐδίδουν
2982 851 3059 921 τῷ
3115 849 3338 919 πολέμῳ
3390 849 3470 919 τῷ
3525 847 3688 918 πρὸς

2083 946 2344 1010 ἐκείνους,
2382 947 2596 1016 ἐτήσιον
2626 946 2778 1006 τέλος
2819 943 3099 1008 τάξαντες,
3154 943 3183 996 δ
3231 941 3293 1011 δὴ
3341 942 3434 995 καὶ
3458 941 3690 994 ἐδίδουν

2083 1037 2203 1106 οὐχὶ
2241 1037 2455 1106 μικρὸν,
2493 1039 2605 1100 τοῖς
2648 1036 2691 1089 δ’
2721 1035 2947 1099 Ἰταλοῖς
3000 1035 3152 1096 ὅλαις
3183 1037 3399 1103 ἐπεῖχον
3441 1033 3686 1103 ὁρμαῖς.

2087 1129 2307 1197 Συχνοῖς
2342 1128 2398 1182 δέ
2429 1129 2609 1191 πόνοις
2638 1128 2734 1180 καὶ
2776 1127 3238 1194 ἀκαταγωνίστοις
3269 1125 3526 1195 πολέμοις
3559 1126 3694 1178 ἐνε-

2086 1219 2342 1288 δροῦντες
2375 1219 2619 1283 ἐκείνους
2657 1222 2758 1290 μὲν
2791 1218 3022 1284 ἐξῶσαν,
3062 1219 3159 1271 καὶ
3201 1218 3390 1271 ναυσὶν
3431 1216 3691 1281 οἰκείαις

2088 1311 2428 1380 παραπλέειν
2455 1312 2866 1382 παρεσχηκότες
2901 1313 3000 1382 τὴν
3026 1311 3307 1364 θάλασσαν
3339 1310 3533 1379 ἱκανὴν
3553 1311 3690 1372 τοῖς

2087 1405 2266 1456 ἐκεῖσε
2318 1403 2427 1457 τῶν
2471 1403 2757 1474 Ῥωμαίων
2802 1401 3043 1456 οἰκοῦσιν
3091 1402 3295 1456 ἐδίδουν
3343 1401 3683 1470 ἀσφάλειαν,

2088 1489 2208 1546 εἶτα
2237 1493 2384 1548 νῶτα
2419 1494 2750 1565 στρέψαντες
2773 1497 3006 1548 ἑκόντων
3029 1495 3270 1549 ἀκόντων
3296 1497 3523 1565 Περσῶν
3556 1497 3688 1556 τοῖς

2087 1586 2272 1655 ὄρεσιν
2295 1586 2641 1653 ἑπεΰάλοντο,
2673 1591 2884 1658 συχνοῖς
2913 1589 2970 1642 δὲ
3010 1591 3119 1652 τοῖς
3153 1588 3493 1658 πανταχόθεν
3523 1589 3691 1640 ἑποί-

2089 1693 2205 1740 κοις
2250 1677 2344 1729 καὶ
2397 1678 2636 1746 ἰσχυροῖς
2669 1677 3206 1750 κατασφαλισάμενοι
3252 1677 3468 1748 ἐρυμνά
3512 1676 3685 1745 τείχη

2090 1773 2184 1824 καὶ
2232 1765 2344 1823 οἷον
2417 1770 2897 1843 δυσεπιχειρήτους
2963 1771 3220 1844 θριγκοὺς
3274 1774 3341 1843 τῇ
3405 1771 3688 1839 Ῥωμαῖδι
3756 1834 3760 1838 _

2089 1863 2260 1916 ταῦτα
2299 1864 2659 1933 κατέστησαν.

2090 1981 2154 2036 δ’.
2185 1982 2386 2047 Ὅπως
2409 1979 2528 2033 τῶν
2542 1981 2611 2033 ἐν
2631 1981 2758 2046 ταῖς
2785 1981 2992 2048 ἄκραις
3014 1979 3418 2051 ἐπεμελοῦντο
3435 1976 3691 2046 ἀνδρῶν

2628 2051 2728 2104 καὶ
2754 2051 3138 2121 πραγμάτων.

2160 2145 2234 2198 Οὐ
2268 2145 2375 2215 μὴν
2406 2145 2464 2198 δέ
2499 2143 2592 2198 καὶ
2629 2143 2693 2216 [P
2730 2143 2784 2216 7]
2816 2145 3192 2215 ἀτημελήτους
3221 2145 3346 2206 τοὺς
3395 2143 3533 2213 πρὸς
3567 2145 3691 2204 τοῖς

2092 2237 2275 2308 δρεσιν
2309 2239 2592 2301 οἰκοῦντας
2620 2236 2768 2299 εἴων,
2800 2237 2875 2301 ὼς
2906 2239 3157 2306 ἑτοίμους
3205 2235 3687 2306 μεταναστάντας,

2093 2333 2145 2384 εί
2188 2349 2296 2385 που
2348 2333 2610 2402 ἀμηγέπη
2666 2334 2740 2396 ὡς
2791 2333 3023 2386 ἐναντίοι
3071 2329 3450 2400 προσϐάλοιεν,
3512 2326 3690 2396 μηδὲν

2095 2425 2317 2495 ἔχοντας
2346 2406 2406 2479 τὸ
2438 2427 2621 2479 πεῖθον
2653 2429 2834 2496 μένειν
2873 2428 2968 2479 καὶ
3017 2425 3166 2495 παρά
3197 2424 3448 2494 δύναμιν,
3493 2423 3546 2475 εῖ
3591 2439 3689 2475 ποι

2097 2519 2378 2588 παρείκοι,
2422 2521 2556 2586 πρὸς
2604 2521 2782 2572 ἐκεῖνα
2827 2517 3212 2588 ἀνδρίζεσθαιο
3245 2516 3359 2568 ἀλλ’
3389 2514 3689 2576 ἀτελείῑες

2101 2615 2198 2683 μὲν
2229 2613 2354 2676 τοὺς
2383 2614 2613 2675 πάντας,
2651 2612 2926 2682 προνοίαις
2954 2611 2997 2664 δ’
3026 2611 3090 2663 ἐκ
3116 2609 3320 2663 τούτων
3343 2609 3466 2669 τοὺς
3497 2607 3690 2661 ἐπιδοο

2097 2705 2366 2775 ξοτέρους,
2402 2707 2494 2757 καὶ
2537 2699 2620 2768 οἷς
2664 2704 2898 2774 τολμῆεν
2931 2703 2991 2755 τὸ
3036 2703 3313 2772 φρόνημα,
3350 2702 3689 2771 γράμμασιν

2097 2886 2275 2953 Quare
2312 2901 2433 2939 cum
2471 2899 2629 2954 pares
2666 2900 2770 2937 non
2800 2893 2984 2938 essent
3027 2883 3222 2938 binise
3259 2883 3473 2937 diversa
3527 2891 3690 2950 parte

2099 2980 2434 3035 sustinendis
2469 2977 2734 3040 hostibus,
2763 2989 2819 3029 ut
2849 2975 3044 3030 saltem
3098 2977 3316 3029 interim
3352 2992 3454 3044 pax
3488 2993 3515 3029 a
3543 2975 3686 3029 Per-

2099 3071 2176 3124 sis
2228 3077 2394 3133 esset,
2429 3071 2648 3122 arcitms
2691 3083 2787 3123 eos
2843 3069 2966 3121 inde
3017 3067 3396 3136 praesidiisque
3445 3067 3686 3135 objectis

2100 3177 2441 3218 summovere
2516 3161 2888 3215 decreverunt.
2945 3157 3055 3213 Nec
3102 3160 3263 3215 nimis
3320 3156 3536 3214 diﬂicile
3628 3159 3685 3215 id

417 3259 535 3309 qnze
563 3251 692 3298 tunc
722 3243 818 3297 fuit
875 3263 1077 3310 rerum,
1108 3261 1161 3301 et
1186 3251 1588 3317 perversionem
1619 3267 1683 3306 ac
1713 3253 1993 3309 confusio-
2021 3277 2063 3333 ο
2101 3254 2221 3320 fuit,
2269 3255 2411 3323 quod
2463 3264 2516 3307 et
2575 3252 2766 3317 longus
2822 3253 2897 3305 ibi
2973 3260 3178 3307 tractus
3221 3262 3337 3306 erat
3361 3251 3685 3321 asperorum

421 3351 541 3388 nem
563 3351 681 3404 quze
702 3353 841 3391 nunc
855 3339 1119 3404 Cernitur,
1145 3357 1244 3394 una
1268 3357 1428 3396 causa:
1457 3345 1759 3400 contrarios
1777 3347 1996 3404 effectus

420 3443 526 3480 non
553 3428 741 3482 eodem
772 3441 913 3483 statu
950 3447 1013 3486 ac
1049 3434 1206 3488 modo
1228 3435 1578 3503 producente,
1613 3440 1706 3492 sed
1735 3443 1987 3509 tranquil-

421 3517 628 3572 Ittatt'm
662 3521 878 3587 quidem
920 3535 1180 3590 operante
1209 3531 1384 3595 quoad
1418 3539 1614 3596 priesto
1637 3529 1738 3584 fuit
1769 3543 1823 3585 et
1862 3548 1996 3600 prte-

423 3625 548 3664 sens
611 3613 848 3666 adhibita
898 3624 1006 3677 est.
1069 3625 1352 3684 postquam
1415 3635 1543 3674 vero
1575 3621 1740 3691 (quod
1776 3625 1996 3679 minime

422 3701 696 3769 Oportuit)
757 3703 998 3770 neglecta
1031 3707 1222 3760 eadem
1276 3710 1582 3779 omissaque
1633 3722 1736 3777 est,
1786 3724 1999 3783 pertur-

425 3793 697 3850 bationem
731 3797 1017 3853 inducente
1042 3815 1146 3870 qua
1176 3819 1318 3857 nunc
1381 3805 1675 3861 laboratur.

644 3934 697 3987 5.
731 3932 798 3987 II:
839 3953 984 3990 arces
1015 3955 1046 3990 a
1077 3941 1328 3995 veteribus
1358 3943 1573 3997 acunila:
1607 3943 1822 4008 fuerint.

495 4065 576 4119 llli
607 4082 735 4137 ergo
752 4069 950 4138 duplici
997 4071 1251 4142 utrinque
1283 4073 1492 4129 obsessi
1517 4092 1714 4145 genere
1745 4079 1998 4145 hostium,

425 4155 604 4213 Persis
635 4159 851 4227 quidem
912 4161 980 4214 ah
1012 4159 1264 4226 Oriente,
1329 4163 1396 4217 ab
1424 4163 1632 4220 Occasu
1689 4166 1853 4225 Italis.
1893 4186 1999 4223 non

423 4264 576 4303 oram
611 4256 772 4306 modo
809 4255 1164 4321 maritimam,
1211 4255 1304 4310 sed
1331 4265 1388 4311 et
1410 4259 1688 4324 superiora
1720 4258 2002 4328 150cm-

429 4344 702 4411 pantibtls,
752 4356 806 4399 et
853 4346 1009 4400 valde
1045 4348 1097 4400 in
1135 4358 1422 4416 angustum
1464 4350 1822 4418 uudeCuuqne
1868 4366 2002 4405 con-

428 4435 588 4497 trusi,
622 4436 709 4489 vix
745 4446 798 4489 ut
831 4437 998 4491 libere
1041 4439 1308 4507 respirare
1350 4441 1681 4504 sinerentur,
1713 4443 2004 4510 aliquando

430 4530 647 4590 quidem
691 4529 773 4582 nsi
819 4529 1173 4584 auxiliaribus
1213 4529 1356 4586 Italis
1391 4529 1583 4586 Persas
1617 4533 2000 4596 incursabant,

2100 3347 2385 3408 montium,
2415 3354 2469 3398 et
2500 3347 2740 3399 custodia
2771 3344 3010 3405 vallium,
3061 3360 3157 3414 per
3190 3360 3325 3413 quas
3354 3356 3539 3400 arctos
3562 3355 3689 3399 erat

2102 3437 2386 3499 transitus,
2425 3435 2602 3489 ferme
2627 3436 2693 3488 ab
2721 3433 3088 3489 Orientalibus
3120 3433 3226 3487 alio
3261 3435 3482 3489 intentis
3509 3436 3688 3504 negli-

2099 3531 2348 3598 gehatur.
2394 3525 2573 3581 Dilato
2604 3540 2732 3595 ergo
2761 3526 2993 3580 consilio
3023 3527 3296 3580 muniendi
3337 3527 3531 3596 oppida
3565 3543 3687 3581 ma-

2101 3619 2280 3672 ritima
2340 3617 2394 3671 in
2446 3619 2497 3671 id
2532 3628 2745 3686 tempus
2793 3632 2901 3686 quo
2935 3615 3100 3672 italos
3126 3618 3430 3673 continenti
3471 3618 3683 3686 cjectos

2100 3709 2260 3778 longe
2309 3709 2734 3772 submovissent,
2766 3709 2818 3763 in
2849 3723 2958 3778 quo
2988 3717 3114 3763 tunc
3144 3709 3487 3778 potissimum
3526 3707 3684 3762 labo-

2029 3803 2039 3812 '
2101 3804 2346 3864 rabatnr,
2387 3802 2625 3872 quietem
2662 3802 2869 3856 interea
2905 3801 3253 3855 redemerunt
3281 3816 3310 3854 a
3341 3798 3522 3854 Persis
3556 3813 3686 3868 pac-

2110 3897 2258 3951 tione
2295 3895 2484 3950 tributi
2524 3895 2712 3960 annui,
2758 3896 2899 3964 quod
2934 3896 3067 3961 ipsis
3107 3911 3211 3949 non
3241 3895 3509 3950 modicum
3543 3910 3680 3964 peu-

2108 3990 2340 4054 debant;
2371 3989 2558 4057 sicque
2607 3997 2720 4041 toto
2751 3987 2803 4040 in
2851 3984 3010 4040 Italos
3039 3988 3240 4055 impetu
3274 3999 3522 4050 ruerunt,
3549 4002 3677 4040 cre-

2105 4081 2330 4150 brisque
2395 4079 2675 4135 laboribus
2703 4095 2767 4133 ac
2815 4080 2974 4134 bellis
3005 4078 3335 4134 diilirillimis
3366 4080 3686 4134 insudantes

2104 4187 2200 4227 eos
2241 4177 2452 4226 tandem
2488 4173 2748 4239 expulsos
2799 4170 3036 4241 propriis
3104 4171 3209 4240 ιο
3257 4170 3490 4224 navibus
3534 4179 3686 4224 trans

2108 4277 2254 4314 mare
2285 4261 2666 4330 deportarunt,
2703 4278 2893 4331 magna
2923 4263 3001 4316 sic
3031 4262 3269 4316 stabilita
3292 4261 3687 4329 tranquillitate

2105 4350 2365 4404 Romanis
2418 4349 2528 4403 illic
2573 4349 2912 4419 degentibus.
2967 4349 3096 4403 Inde
3137 4364 3166 4402 a
3215 4348 3434 4411 Persis,
3489 4346 3689 4402 vellent

2108 4441 2308 4494 nollent
2367 4442 2715 4505 deﬁcientes,
2758 4441 3167 4494 muniendorum
3230 4443 3497 4492 montium
3548 4453 3682 4492 cura

2109 4541 2405 4600 resumpta,
2459 4530 2643 4584 inultis
2697 4542 2752 4584 et
2795 4532 3032 4586 robustis
3083 4529 3322 4599 undique
3367 4532 3688 4585 convocatis

427 4616 722 4686 aliquando
753 4621 1026 4688 Scythicis
1059 4621 1227 4691 adjnti
1263 4624 1450 4688 armis,
1486 4640 1604 4692 qua:
1638 4640 1740 4676 non
1772 4625 1844 4678 ita
1893 4626 2002 4693 pri-
2035 4625 2078 4682 D
2108 4622 2348 4687 advenis,
2388 4623 2546 4677 sedes
2591 4622 2642 4674 in
2679 4622 2746 4674 iis
2776 4622 3006 4676 stabiles
3045 4621 3422 4689 assignarunt,
3458 4619 3687 4674 iisdem-

425 4709 549 4764 dem
588 4725 854 4780 apparere
907 4712 959 4766 in
1003 4713 1085 4767 his
1131 4715 1373 4783 partibus
1427 4727 1479 4769 et
1533 4718 1790 4770 societate
1847 4717 2003 4771 nobis

425 4799 573 4869 iungi
608 4815 844 4866 coepere,
878 4803 1210 4872 repellebant
1240 4804 1423 4859 Italos.
1458 4804 1568 4860 lloc
1596 4817 1778 4860 autem
1808 4807 1858 4859 in
1889 4808 2007 4861 istis

431 4893 839 4949 ditlicnltatibns
873 4897 1212 4964 potissimum
1244 4901 1583 4968 spectabant,
1613 4909 1670 4952 ut
1700 4901 1842 4967 quod
1879 4901 2006 4956 hinc

433 4995 598 5052 atque
647 4985 773 5041 inde
820 4987 1054 5042 medium
1087 4988 1232 5043 inter
1278 4991 1425 5060 ipsos
1455 5001 1506 5042 et
1543 4992 1725 5044 hostes
1759 4990 2000 5058 ipsorum

431 5087 580 5139 erat,
637 5078 856 5131 munitis
911 5086 964 5131 et
1002 5080 1183 5134 valido
1235 5081 1485 5149 prazsidio
1532 5080 1758 5135 insessis
1786 5081 2004 5134 arcibus

433 5167 766 5224 ﬁrmaretur.
816 5171 893 5224 Ac
947 5171 1229 5227 maritimis
1276 5174 1492 5241 quidem
1540 5173 1675 5227 locis
1714 5188 1816 5226 non
1861 5172 2005 5227 aliud

431 5257 671 5326 adjicere
696 5263 1087 5316 munimentum
1112 5274 1405 5333 potuerunt
1431 5281 1595 5334 quam
1623 5266 1798 5334 ipsum
1833 5281 2002 5320 mare:

435 5367 541 5405 non
578 5353 722 5406 enim
757 5353 972 5419 licebat,
1006 5356 1416 5411 dominantibus
1451 5357 1588 5411 mari
1625 5357 1770 5411 Italis
1803 5367 1855 5411 et
1886 5375 2009 5426 par-

437 5453 544 5495 tem
591 5445 926 5499 continentis
967 5447 1213 5512 przesidio
1245 5448 1572 5511 tenentibus,
1612 5449 1682 5501 ita
1712 5447 1857 5500 illmn
1895 5464 2010 5500 mu-

435 5537 555 5589 nire
587 5538 814 5592 limitem
841 5579 856 5602 ,
908 5548 964 5592 ut
993 5539 1126 5592 nihil
1169 5539 1292 5594 inde
1361 5540 1668 5594 timeretur.
1699 5539 2006 5594 Continimn

434 5629 791 5684 Orientalium
823 5630 926 5685 alia
966 5641 1152 5686 natura
1184 5642 1323 5688 erat.
1346 5631 1630 5686 Prmtentis
1664 5632 1808 5685 enim
1837 5631 1905 5686 ab
1938 5645 2005 5685 ea

434 5732 592 5791 parte
629 5722 754 5773 altis
782 5729 834 5774 et
869 5723 1151 5791 praeruptis
1181 5725 1476 5788 montibus,
1509 5739 1700 5792 magna
1731 5737 1855 5792 spes
1893 5733 2012 5778 erat

441 5815 833 5870 intercludendi
866 5817 1113 5872 hostibus
1137 5818 1421 5883 transitus,
1465 5816 1508 5870 si
1531 5817 1659 5887 jnga
1689 5825 1743 5870 et
1767 5823 2012 5884 angusta:

437 5905 622 5962 fauces
710 5906 1103 5976 suhjaccntium
1173 5908 1391 5964 vallium
1479 5915 2007 5976 pracocutparcntur.

2110 4729 2217 4782 que
2248 4712 2634 4767 custodiendas
2659 4715 3054 4768 commiserunt
3101 4711 3521 4775 munitissimas,
3555 4727 3691 4780 quas

2108 4813 2496 4856 exstruxerant
2545 4819 2710 4872 opere
2763 4801 3135 4869 solidissimo,
3191 4817 3254 4857 ac
3302 4803 3414 4856 fere
3456 4803 3688 4872 inexpu-

2109 4894 2350 4962 gnaliilcs
2382 4909 2558 4950 arces.
2609 4895 2728 4961 Quo
2761 4899 2918 4950 modo
2948 4895 3314 4950 Romanorum
3352 4910 3439 4948 res
3479 4893 3690 4963 optimo

2111 4998 2242 5038 sane
2277 4984 2396 5038 loco
2423 4993 2735 5052 posuerunt.

2215 5097 2268 5150 4.
2304 5095 2375 5150 Ut
2422 5098 2718 5152 curaverint
2765 5097 3129 5178 praisidiarios
3172 5099 3376 5151 arcium
3409 5106 3458 5150 et
3495 5112 3578 5150 res

2502 5197 2513 5207 ι
2788 5183 3046 5236 ipsorum.

2183 5263 2450 5319 Caeterum
2483 5264 2618 5318 istos
2642 5262 2721 5316 sic
2746 5261 2989 5326 obiectos
3033 5260 3280 5315 hostibus
3328 5269 3384 5315 et
3426 5260 3492 5311 ad
3539 5273 3682 5327 prae-

2113 5371 2261 5419 sens,
2292 5357 2336 5409 si
2368 5354 2548 5411 Persa:
2572 5355 2908 5423 ingruerent.
2935 5351 3258 5408 defectionis
3292 5363 3346 5405 et
3396 5347 3685 5418 transfugii

2113 5447 2415 5518 periculum
2452 5445 2754 5514 expositos,
2783 5453 2970 5514 utpme
2994 5443 3129 5498 nihil
3173 5443 3438 5498 habentes
3461 5442 3604 5510 quod
3635 5443 3688 5496 in

2113 5540 2218 5594 ﬁde
2244 5553 2308 5594 ac
2328 5539 2561 5594 Statione
2581 5538 2936 5592 constantiam
2963 5537 3236 5599 suaderet,
3265 5533 3681 5602 haudquaquam

2115 5630 2472 5698 imperatores
2507 5630 2811 5684 necessaria
2854 5628 2904 5681 in
2933 5627 3021 5681 tali
3055 5627 3293 5695 periculo
3325 5629 3690 5686 destituerunt

2116 5721 2476 5790 providentia,
2510 5721 2601 5774 sed
2639 5720 2775 5774 tales
2799 5717 3094 5773 ell'ecerunt
3129 5729 3187 5772 ut
3221 5720 3352 5789 ipsis
3389 5722 3682 5792 expediret,

2115 5822 2169 5868 et
2196 5813 2418 5867 omnino
2460 5812 2682 5877 vellent,
2737 5811 2904 5864 etiam
2962 5825 3126 5878 supra
3179 5811 3322 5866 vires
3377 5812 3558 5868 Persis
3587 5815 3685 5867 oh-

2121 5905 2331 5959 sistcre.
2360 5901 2413 5957 ld
2446 5901 2924 5971 consequebantur
2954 5899 3107 5971 plena
3139 5900 3479 5957 immunitate
3511 5903 3679 5956 tribu-
