3952 6508
194 376 282 438 «liii

1146 375 1242 435 DE
1284 373 1678 435 MICHAELE
1723 372 2181 433 PALJZOLOGO
2224 370 2365 431 LIB.
2411 372 2461 434 Ι.

3311 373 3419 434 450

192 481 465 551 ἑσωροῧντο
502 481 822 551 βασιλικοῖς.
872 484 983 539 Καὶ
1023 482 1087 554 δὴ
1124 484 1218 537 τοῦ
1248 485 1440 555 χρόνου
1467 486 1746 553 προϊόντος
1778 487 1820 542 Α
1848 482 2142 536 οίκούντων
2173 480 2603 552 βρενθυομένων,
2637 480 2723 534 κιίΔ
2761 479 2915 534 οὐδὲν
2956 481 3037 535 ὄτι
3082 482 3156 552 μὴ
3190 481 3417 537 πλούτου

189 574 396 645 ηὔξανον
422 576 539 638 ταῖς
564 577 924 645 περιουσίαις,
953 577 1049 629 καὶ⁸
1077 576 1303 640 πλοῦτος
1336 579 1558 648 ἐπέρρει
1588 578 1741 643 σφίσι

191 665 379 735 συχνός.
404 666 534 734 Παρ⁹
567 665 693 719 ὅσον
714 667 758 719 δ’
784 667 1010 730 ἰκτίνοις
1037 668 1439 737 ὲνευθηνεῖσθαι
1462 667 1739 734 ξυνέϐαινε

184 763 280 821 τοῖς
316 760 455 812 κατὰ
487 760 580 811 τὸν
614 759 749 828 βίον,
792 760 942 830 παρά
992 760 1244 813 τοσοῦτον
1285 763 1380 813 καὶ
1428 761 1563 830 πρὸς
1612 760 1739 821 τοὺς

182 852 436 911 ἐναντίους
470 851 760 924 ἐθάρρουν,
806 857 902 905 καὶ
938 851 1152 916 πολλοῖς
1195 856 1307 917 τοῖς
1338 854 1547 906 ἐκεῖθεν
1579 850 1738 923 ἐτρύ-

182 963 301 1012 φων,
322 942 767 1011 νυκτολοχοῦντες
792 944 883 994 καὶ
917 944 1190 1011 ὁσημέραι
1220 944 1318 1013 τὴν
1343 944 1448 996 τῶν
1470 944 1733 996 ἐναντίων

182 1036 579 1104 περικόπτοντες
598 1036 692 1087 καὶ
709 1036 775 1087 τὰ
807 1036 974 1089 πολλὰ
997 1037 1327 1105 ληϊζόμενοι.
1353 1036 1442 1102 Ἐξ
1474 1054 1549 1090 ων
1577 1036 1732 1089 συνέ-

181 1132 342 1181 ϐαινεν
376 1130 555 1190 αὐτοῖς
602 1128 700 1195 μὲν
754 1128 918 1196 ὁμόσε
967 1130 1079 1191 τοῖς
1132 1128 1446 1190 ἀντιπάλοις
1496 1125 1734 1198 χωροῦσι

181 1220 563 1289 Mammaea;
588 1219 699 1272 τῶν
733 1220 1043 1289 ὲνδοτέρων,
1078 1221 1203 1283 τοὺς
1236 1219 1280 1272 δ’
1319 1220 1733 1289 ὲξαρτωμένους

180 1314 259 1372 τὰς
285 1310 497 1371 ἐλπίδας
525 1310 747 1363 ἐκείνων
767 1313 859 1363 ἐπὶ
881 1312 979 1380 τῆς
997 1312 1201 1373 οἰκείας
1221 1312 1515 1382 διατρίὸειν
1539 1310 1732 1378 ἀνέδην

180 1403 257 1455 καὶ
284 1404 399 1462 ταῖς
426 1401 655 1464 οίκείαις
709 1402 1065 1472 προσανέχειν
1097 1402 1365 1471 φροντίσι,
1395 1403 1521 1464 τούς
1548 1402 1732 1471 μέντοι

179 1496 257 1545 ἐπὶ
291 1493 395 1544 τῶν
425 1493 611 1563 ἀρχῶν
650 1495 748 1560 τῆς
796 1494 1131 1564 στρατηγίας
1162 1495 1342 1560 ὂντας,
1376 1495 1481 1547 τῶν
1508 1494 1732 1546 ὄπισθεν

179 1584 524 1652 ἁσῳαλῶςὼς
574 1581 685 1637 οἷόν
717 1602 777 1638 τε
831 1586 1079 1656 ἔχοντας,
1129 1585 1227 1657 τὴν
1278 1588 1457 1656 μάχην
1495 1587 1731 1655 ἑτέρωσε

176 1676 375 1747 τρέπειν
406 1676 501 1729 καὶ
533 1676 608 1746 μὴ
638 1672 804 1729 οὖσαν
835 1680 951 1740 ταῖς
985 1677 1292 1730 ἐπιθέσεσιν
1320 1678 1604 1744 ἐρεθίζειν,
1634 1677 1731 1729 καὶ

182 1770 382 1837 φθάνειν
412 1769 596 1832 κακῶς
623 1769 955 1833 διατιθέντας
991 1770 1216 1839 ἐτέρους
1241 1772 1505 1840 πρότερον
1535 1769 1566 1840 ἢ
1596 1769 1731 1821 ἀνα-

182 1864 342 1931 μένειν
369 1864 601 1931 πάσχειν
625 1861 892 1932 ἑτέρωθεν
924 1863 991 1915 τὰ
1018 1864 1189 1917 δεινά.
1221 1863 1292 1916 Τὸ
1322 1863 1376 1915 δὲ
1413 1862 1632 1931 σύμπαν
1660 1858 1728 1933 ἦν

179 1951 586 2022 κατορθούμενον
615 1950 722 2004 τῶν
752 1951 937 2023 ἀκρῶν
979 1952 1156 2015 καλῶς
1197 1952 1433 2022 ἐχουσῶν
1473 1953 1563 2005 καὶ
1606 1952 1726 2023 μηδ’

177 2048 230 2099 ἂν
250 2048 297 2098 εί
322 2063 373 2097 τι
401 2049 493 2098 καὶ
518 2046 731 2113 γένοιτο
758 2048 865 2098 τῶν
891 2048 1007 2099 ἐκεῖ
1032 2046 1468 2111 καθυπειξόντων
1497 2045 1727 2115 ἀνδρῶν,

176 2138 219 2190 εί
242 2154 289 2191 τι
320 2140 411 2191 καὶ
455 2139 773 2192 ἀντιτείνειν
806 2139 1055 2209 τολμῴεν
1103 2141 1153 2191 οἱ
1205 2138 1592 2208 ἀντικείμενοι,
1635 2137 1729 2189 καὶ

177 2230 328 2284 ταῦτα
383 2231 474 2284 καὶ
526 2230 625 2299 τῆς
670 2232 845 2302 ἀρχῆς
892 2230 1121 2300 ἐγγύθεν
1169 2230 1357 2302 οὔσης,
1401 2230 1729 2302 ἀνθεξούσης

178 2325 371 2392 ἑτοίμου
404 2323 537 2395 πρὸς
572 2324 719 2378 ἅπαν
753 2324 814 2377 τὸ
858 2325 1330 2395 ἀντιστησόμενον.
1368 2324 1476 2378 Καὶ
1514 2324 1584 2377 τά
1629 2324 1728 2393 μὲν

179 2416 397 2485 πρότερα
425 2416 651 2470 τοιαῦτα
677 2419 773 2470 καὶ
803 2417 974 2480 οὕτως
1002 2417 1218 2487 ἔχοντα,
1248 2417 1309 2469 οὐ
1345 2417 1501 2485 μόνον
1525 2410 1611 2475 αἷς
1637 2417 1726 2486 ἐρ-

179 2507 290 2576 ρἐη
323 2507 593 2567 ἀτελείαις
628 2524 685 2558 τε
718 2510 813 2559 καὶ
847 2507 1125 2575 προνοίαις
1166 2504 1300 2559 ἀλλὰ
1335 2521 1396 2573 γε
1429 2506 1525 2558 καὶ
1559 2506 1727 2574 καθη-

181 2601 404 2669 μεριναῖς
459 2599 803 2668 φιλοτησίαις
865 2597 1172 2669 βασιλικαῖς
1234 2597 1343 2649 τῶν
1399 2596 1498 2659 τὰς
1548 2596 1724 2667 ἄκρας

180 2789 332 2834 torum
384 2794 447 2835 ac
495 2776 835 2847 vectigalium
886 2776 1111 2833 limitem
1162 2776 1308 2830 hunc
1361 2776 1722 2831 incolentibus

178 2871 499 2940 iudulgenda,
556 2871 749 2923 annuis
805 2883 1021 2938 quoque
1073 2882 1138 2922 ex
1194 2872 1323 2922 lisco
1370 2869 1723 2937 pensionibus

179 2966 471 3018 illustriores
526 2965 769 3034 ipsorum
817 2962 1155 3016 honorando.
1196 2959 1348 3014 Unde
1398 2964 1722 3029 procedente

180 3066 394 3124 tempore
422 3068 579 3109 aneta
616 3053 707 3109 isti
744 3052 1036 3122 plurimum
1088 3067 1149 3106 re
1193 3050 1468 3118 familiari,
1502 3066 1725 3121 magnas

1850 577 2075 643 σημεῖον
2105 575 2357 644 ἐχόντων,
2388 571 2682 626 κάντεῦθεν
2720 575 2813 626 καὶ
2844 573 3293 645 ἀρῤᾳθυμότερον
3320 578 3417 646 μὲν

1847 666 2246 732 φυλασσόντων,
2300 665 2741 740 θαρραλεώτερον
2782 664 2826 716 δ’
2876 667 3268 720 είσέαλλόντων
3322 672 3416 723 καὶ

1842 758 2204 826 ἀντισχόντων
2233 761 2366 821 τοῖς,
2413 759 2467 811 εἴ
2508 775 2584 829 πη
2639 758 2934 827 ίσχύσειαν,
2962 759 3316 814 κακοποιοῦσι
3345 764 3411 817 τὰ

1840 849 2103 919 ἡμέτερα.

1838 959 1897 1018 ε’.
1938 964 2128 1034 ’ᾨπως
2161 964 2434 1034 ἀλούσης
2467 962 2654 1017 πάλαι
2682 964 2790 1033 τῆς
2827 969 3059 1032 πόλεως
3084 969 3220 1034 παρ’
3261 967 3412 1023 Ἰτηο

1907 1030 2035 1105 λῶγξ
2074 1030 2455 1105 ἐξησθένησε
2503 1036 2570 1087 tit
2600 1030 2879 1104 κατὰτὴν
2905 1030 3273 1105 Ἀνεέτολῆνθ
3314 1039 3414 1093 καὶ

1907 1102 2036 1169 περὶ
2070 1103 2174 1156 τοῦ
2210 1103 2511 1172 Χαδηνοῦ.
2825 1102 2831 1104 ⁷
2896 1174 2899 1177 λ

1908 1215 1971 1289 [Ρ
1998 1216 2075 1289 8].
2098 1217 2196 1282 Ἐξ
2220 1218 2343 1270 ὅτου
2368 1216 2462 1288 δ’ή
2489 1219 2897 1273 Κωνσταντίνου
2941 1220 3096 1283 πόλις
3120 1223 3414 1292 Ῥωμαίοις

1835 1309 1978 1362 ἑάλω
1999 1348 2013 1370 ,
2045 1309 2137 1361 καὶ
2163 1303 2231 1376 ἦν
2263 1310 2730 1379 μεταναστρέφειν
2759 1312 2973 1381 ἀνάγκη
3006 1315 3070 1382 τῇ
3103 1316 3321 1385 πατρίδι
3348 1319 3416 1369 τὰ

1834 1402 1998 1454 τέκνα
2019 1441 2034 1466 ,
2068 1404 2161 1454 καὶ
2195 1403 2460 1472 πρότερον
2493 1402 2600 1454 τῶν
2635 1403 2813 1457 ἄλλων
2846 1399 2927 1466 οἷς
2960 1401 3028 1477 ἦν
3060 1406 3121 1458 τὸ
3154 1414 3376 1477 κρατεῖν
3398 1450 3412 1470 ,

1835 1493 2115 1560 ξυνέϐαινε
2160 1494 2257 1562 μὲν
2290 1494 2441 1547 ἔνθεν
2475 1495 2781 1560 ἐξασθενεῖν
2816 1498 3058 1560 ἐκείνους
3089 1502 3155 1571 τῇ
3189 1501 3413 1554 διαστά-

1835 1601 1917 1636 σει
1944 1585 2053 1636 τών
2083 1582 2378 1653 βασιλέων,
2407 1585 2514 1638 ἔδει
2542 1586 2588 1639 δ’
2611 1587 2842 1650 ἐκείνοις
2872 1590 3088 1655 πάντως
3120 1596 3377 1662 προνοίας
3396 1635 3412 1658 ,

1837 1673 1934 1725 καὶ
1968 1675 2169 1742 μᾶλλον
2193 1676 2278 1742 ἐφ’
2372 1677 2495 1727 καθ’
2518 1677 2743 1742 ἑαυτοὺς
2772 1680 2923 1734 οὐδὲν
2947 1674 3109 1752 ἦττον
3136 1684 3411 1755 θαῤῥοῖεν,

1837 1766 1886 1816 εί
1927 1765 2049 1835 μηδ’
2078 1764 2340 1828 ἄλλοθεν,
2379 1765 2495 1818 ἀλλ’
2524 1766 2617 1820 οὖν
2650 1769 2818 1839 νεῦρα
2862 1772 3102 1841 πολέμου
3137 1773 3228 1825 τὸν
3264 1776 3413 1842 σφῶν

1832 1854 2062 1909 πλοῦτον
2086 1855 2321 1927 ἔχουσιν.
2359 1858 2520 1912 Ἀλλά
2548 1860 2726 1931 χρόνῳ
2757 1860 2982 1933 ὕστερον
3008 1865 3105 1933 τῆς
3138 1864 3413 1934 βασιλείας

1834 1949 2249 2019 μεταπεσούσης
2282 1950 2524 2021 Χαδηνός
2558 1970 2643 2016 τις
2664 1996 2677 2019 ,
2710 1948 2753 2021 ᾧ
2786 1955 2849 2025 δὴ
2885 1956 2980 2008 καὶ
3011 1956 3069 2008 τὸ
3102 1958 3198 2027 τῆς
3232 1961 3411 2031 ἐπαρο

1831 2038 1952 2108 χίας
1984 2040 2201 2110 ἀξίωμα
2236 2041 2459 2105 ἐσαῦθις
2491 2044 2761 2116 ἐπέθηκεν
2791 2049 2818 2098 ό
2852 2048 3070 2117 κρατῶν
3091 2088 3105 2112 ,
3140 2050 3205 2102 τὰ
3238 2053 3409 2106 πολλὰ

1830 2131 1960 2200 παρ’
1985 2132 2180 2203 ἐκείνῳ
2205 2133 2501 2203 δυνάμενος
2526 2136 2582 2202 ἐξ
2606 2138 2794 2189 αἰτιῶν
2818 2140 2941 2191 ὅσον
2967 2141 3146 2194 οὐκέτι
3176 2144 3413 2215 ῥηθησο-

1833 2223 2011 2293 μένων
2042 2225 2273 2293 (ὲκεῖθεν
2303 2228 2411 2296 γὰρ
2443 2229 2537 2280 καὶ
2566 2232 2592 2281 ὁ
2621 2230 2811 2299 παρὼν
2843 2231 3000 2299 λόγος
3029 2234 3109 2294 είς
3139 2235 3414 2289 κατάστα-

1831 2331 1914 2367 σιν
1964 2318 2064 2384 τὴν
2114 2318 2431 2385 πρέπουσαν
2485 2319 2911 2391 ἀναχθήσεται),
2965 2325 3174 2389 ἐκεῖνος
3226 2328 3411 2379 τοίνυν

1831 2409 2113 2478 συμφέρον
2161 2408 2339 2462 δοκεῖν
2386 2411 2585 2464 ἐθέλων
2634 2414 3026 2482 συμϐουλεύειν
3070 2419 3148 2488 τῷ
3199 2420 3411 2489 βασιλεῖ

1832 2499 2226 2572 (Παλαιολόγος
2269 2503 2314 2556 δ’
2340 2496 2491 2568 οὗτος
2538 2502 2607 2577 ἧν
2655 2509 2901 2580 Μιχαὴλ)
2953 2511 3150 2582 βουλὴν
3200 2515 3410 2581 είσάγει

1829 2591 1985 2663 τήνδε
2034 2595 2132 2648 καὶ
2180 2595 2300 2649 λίαν
2340 2598 2650 2669 ἐπισφαλῆ,
2699 2600 2773 2663 ὡς
2819 2602 2874 2653 τὸ
2924 2604 3155 2674 πρᾶγμα
3205 2604 3410 2669 ἔδειξεν

1828 2781 2037 2843 pestate
2070 2774 2379 2845 reipublicae
2410 2787 2701 2845 praeerant,
2753 2780 3098 2837 utilissimam
3140 2783 3297 2837 istam
3339 2787 3405 2840 li-

1828 2865 2182 2919 tnitaneorum
2218 2868 2447 2923 militum
2481 2871 2817 2925 alacritatem
2870 2873 2921 2927 in
2978 2875 3161 2931 hostes
3213 2875 3404 2930 foven-

1831 2956 1975 3012 tibus
2017 2972 2124 3010 uon
2161 2960 2319 3011 modo
2350 2961 2792 3016 immunitatibus
2818 2972 2869 3016 et
2895 2965 3249 3041 pensionibus
3271 2983 3409 3038 quas
3444 2951 3455 2961 ί

1832 3047 1943 3100 dixi
1972 3052 2318 3117 praestandis,
2356 3053 2449 3105 sed
2483 3062 2537 3105 et
2574 3052 2907 3124 quotidianis
2955 3064 3109 3109 extra
3158 3059 3405 3112 ordinem

179 3147 394 3218 plerique
428 3163 559 3215 opes
593 3156 1009 3215 congesserunt.
1060 3143 1233 3198 Porro
1263 3160 1368 3214 quo
1401 3144 1604 3198 meliori
1655 3162 1716 3198 ac
1747 3155 1792 3219 ρ
1830 3140 2213 3209 largitioiiibus
2257 3157 2481 3211 Operam
2540 3144 2897 3214 insigniorem
2925 3155 2979 3201 et
3029 3148 3258 3202 clariora
3290 3164 3408 3218 qua:

178 3237 501 3292 commodiori
535 3236 654 3290 loco
691 3250 777 3289 res
800 3235 1108 3289 domesticae
1136 3235 1371 3304 ipsorum
1402 3250 1466 3289 ac
1491 3235 1722 3290 fortuna:

177 3342 329 3392 erant,
358 3344 419 3383 eo
457 3328 653 3381 fortius
697 3327 1039 3396 alacriusqne
1066 3326 1119 3379 in
1180 3327 1364 3381 hostes
1413 3327 1717 3393 irruebant,

178 3417 314 3473 illecti
360 3422 423 3473 ad
475 3420 575 3472 hoc
624 3419 793 3485 ipsum
839 3416 1293 3484 frequentandum
1347 3418 1718 3485 audaciusque

180 3513 459 3565 tentandum
495 3519 651 3581 gustu
688 3510 881 3578 praeda:
917 3523 1021 3562 non
1053 3508 1221 3564 semel
1259 3511 1540 3563 nocturnis
1584 3509 1718 3561 insi-

178 3606 262 3657 diis
285 3614 497 3667 abactae,
535 3604 875 3668 assiduisque
906 3603 1029 3655 inde
1061 3600 1469 3655 incursionibus
1508 3601 1717 3653 hostem

180 3709 422 3761 vexantes,
452 3697 676 3764 ejusque
706 3697 781 3747 sit:
808 3694 1165 3762 itifringetttes
1191 3694 1468 3761 impetum,
1501 3706 1719 3747 vasum-

180 3797 241 3841 tes
292 3790 585 3857 quinetiam
621 3803 781 3857 agros
809 3803 869 3840 ac
905 3796 1077 3838 terras
1112 3786 1322 3853 lateque
1377 3772 1717 3853 populantes,

180 3895 440 3949 manusque
467 3882 657 3934 obvias
691 3884 980 3943 cadentes,
1029 3893 1090 3930 ac
1140 3879 1251 3944 ipsa
1303 3877 1558 3928 interiora
1585 3873 1719 3928 Per-

178 3974 283 4027 sidis
312 3974 604 4027 latrociniis
633 3984 686 4025 et
710 3969 1341 4025 excursionibusiulesm
1375 3968 1718 4036 sollicitoque

183 4068 451 4127 reddentes,
481 4065 781 4129 eademque
812 4075 975 4128 opera
1003 4058 1261 4112 Romanis
1293 4056 1394 4125 17
1423 4058 1541 4109 laeta
1571 4055 1716 4108 dotui

179 4168 221 4205 et
237 4159 466 4221 opulenta
490 4155 601 4207 otia
635 4154 956 4219 praebentes,
981 4164 1173 4203 secure
1208 4147 1468 4215 deinceps
1500 4161 1562 4199 ac
1597 4146 1717 4200 sine

182 4246 329 4301 hostili
385 4248 490 4300 ullo
539 4255 682 4299 metu
735 4241 1408 4297 [atuiliariacurantibus.
1474 4238 1713 4291 Indidem

181 4339 375 4394 ducibus
411 4354 625 4409 quoque
656 4334 915 4388 Romana:
947 4335 1173 4397 militia,
1222 4332 1418 4399 quippe
1448 4328 1714 4397 qttosjam

182 4430 284 4484 nihil
302 4445 435 4485 retro
460 4431 632 4484 vereri
663 4444 726 4482 ac
761 4429 1029 4496 respicere
1059 4432 1298 4491 cogeret,
1354 4424 1619 4475 securitas
1657 4431 1711 4475 et

1833 3231 2106 3287 ferrentur
2139 3247 2295 3288 arces
2345 3235 2704 3290 obtinentium
2757 3238 2996 3292 l'acinora
3038 3240 3183 3309 regie
3228 3256 3409 3294 remu-

1832 3327 2097 3381 nerando.
2130 3323 2285 3381 Unde
2316 3328 2515 3395 passim
2546 3329 3008 3397 praesidiariorum
3031 3332 3253 3385 iStornm
3289 3345 3409 3387 tan-

1831 3425 1941 3471 tum
1981 3419 2145 3470 animi
2179 3428 2480 3484 creverant,
2512 3429 2567 3472 ιιι
2619 3421 2839 3475 minima
2887 3440 3013 3492 pars
3066 3423 3194 3493 ipsis
3244 3424 3406 3481 oilicii

1826 3513 2101 3565 videretur
2137 3512 2275 3567 tueri
2312 3514 2635 3568 commissas
2684 3528 2860 3580 arces,
2913 3517 3054 3582 quod
3107 3516 3329 3571 ludihuu
3359 3523 3405 3570 fe

1825 3620 1887 3659 ac
1923 3604 2067 3658 nullo
2105 3606 2319 3673 negotio
2350 3605 2696 3672 przestabant,
2731 3605 2834 3659 nisi
2881 3608 3245 3661 audacissime
3285 3608 3405 3661 lon-

1827 3700 2157 3767 gissimeque
2176 3699 2519 3751 incnrsarent
2540 3697 2765 3751 hostiles
2785 3707 2982 3762 terras,
3005 3715 3137 3767 appa
3149 3710 3405 3770 ratusque

1826 3785 2140 3847 Persarum.
2204 3787 2249 3840 si
2316 3788 2675 3855 procederent
2734 3786 2828 3853 ad]
2860 3788 3184 3856 perfectum,
3241 3792 3403 3844 rebus

1826 3879 2027 3932 nostris
2052 3880 2384 3947 perniciosos
2420 3878 2649 3941 futuros,
2692 3880 2742 3931 in
2784 3893 2982 3933 exorsu
3014 3883 3260 3948 protinus
3287 3882 3403 3950 ipso

1825 3974 2109 4039 primaque
2140 3970 2418 4023 molitione
2445 3970 2784 4039 disjicerent.

1830 4078 1885 4132 5.
1923 4076 1989 4131 Ut
2032 4090 2234 4145 recepta
2283 4080 2406 4132 olim
2476 4097 2539 4132 ex
2574 4078 2730 4133 Italis
2790 4081 2938 4145 urbe,
2973 4083 3259 4140 debilitatis
3316 4101 3399 4141 res

2082 4149 2374 4203 Orientales
2408 4151 2641 4219 fuerint;
2673 4162 2721 4203 et
2749 4152 2812 4204 de
2840 4152 3106 4207 Chudeno.

1895 4239 1970 4294 Ex
1999 4256 2105 4310 quo
2136 4253 2317 4293 autem
2351 4253 2565 4307 recepta
2598 4241 3100 4313 Constantinopolis
3140 4262 3169 4299 a
3202 4248 3400 4303 Roma-

1824 4332 1908 4385 nis
1956 4342 2058 4393 est,
2120 4342 2176 4385 et
2231 4333 2492 4385 reducere
2544 4348 2815 4401 quemque
2869 4335 3007 4389 lilios
3052 4335 3104 4390 in
3170 4342 3399 4405 patrium

1822 4424 2082 4490 oportuit,
2144 4424 2417 4493 principes
2453 4425 2709 4491 maxime,
2764 4429 2993 4494 contigit
3041 4434 3295 4496 praesidia
3332 4437 3394 4490 li-

181 4522 375 4576 tacultas
426 4523 614 4575 aderat
647 4524 753 4573 vim
807 4517 913 4571 alio
968 4514 1233 4577 vertendi,
1277 4511 1543 4578 ultroque,
1586 4526 1707 4563 cum
1741 4487 1971 4565 I)nium
2025 4512 2375 4567 Persicorum
2434 4515 2707 4568 debilitari
2760 4519 2828 4570 oh
2897 4520 3279 4585 imperatorum
3346 4526 3397 4577 in

180 4623 322 4675 Operae
348 4611 580 4680 pretium
613 4617 751 4669 erat,
798 4604 1100 4658 laeeSsendi
1153 4604 1335 4655 hostes
1385 4600 1539 4665 alios,
1583 4613 1718 4666 pra:-

182 4705 501 4768 Veitendique
537 4701 676 4753 bella
713 4702 1076 4758 imminentia,
1108 4692 1447 4761 consiliaque
1492 4705 1716 4760 suspec-

182 4799 319 4845 tarum
345 4795 585 4863 gentium
628 4803 840 4843 mature
888 4786 1316 4857 prmoccupaudi,
1362 4784 1716 4837 saluberrimo

180 4884 329 4938 auxilii
358 4899 578 4954 genere,
610 4898 715 4934 non
747 4889 1094 4948 exspectante
1134 4877 1398 4929 malorum
1440 4885 1712 4938 exortum,

178 4984 216 5024 et
244 4988 542 5042 praecavere
575 4976 769 5026 damna
797 4972 1012 5041 publica
1060 4970 1231 5024 satius
1273 4968 1505 5020 habente
1552 4980 1713 5034 quam

180 5063 329 5120 ulcisci
366 5077 460 5119 aut
511 5080 654 5119 sane
704 5061 1006 5133 grassantia
1062 5059 1349 5128 depellere.
1387 5059 1451 5110 Hi
1508 5057 1714 5112 fructus

180 5166 303 5210 erant
332 5159 666 5211 iusessarum
718 5152 914 5206 validis
965 5152 1268 5203 istiusmodi
1326 5150 1587 5218 praesidiis
1628 5164 1715 5200 ar-

1822 4607 2007 4657 urbeni
2063 4619 2404 4658 reversurum
2448 4607 2802 4672 distantiam;
2845 4623 2910 4661 ex
2973 4626 3077 4676 qua
3129 4611 3289 4666 liebat
3342 4626 3400 4670 ut

1820 4696 2109 4763 pensiones
2149 4697 2212 4748 ad
2245 4695 2386 4748 diem
2428 4697 2577 4765 prius
2633 4698 2779 4750 reddi
2833 4699 3005 4754 solitae
3056 4717 3393 4771 neqnaqnmi

1822 4785 1929 4855 18
1952 4801 2015 4839 ea
2053 4786 2154 4839 [ide
2173 4786 2532 4849 solverentur,
2566 4802 2671 4855 qua
2704 4797 2832 4843 tunc
2868 4804 3005 4859 opus
3034 4793 3115 4845 vel
3160 4795 3390 4848 maxime

1819 4877 1994 4931 luerat
2026 4877 2094 4930 ad
2125 4878 2438 4932 excitandos
2484 4880 2746 4932 militares
2794 4882 3027 4945 animos,
3082 4893 3139 4938 ut
3195 4885 3391 4938 vellent

1820 4982 1983 5039 atque
2041 4972 2304 5025 auderent
2336 4985 2598 5040 quantum
2654 4973 2723 5026 iis
2770 4976 2837 5025 tot
2857 4973 2902 5026 is
2951 4984 3006 5027 et
3063 4977 3392 5043 temporibus

1820 5063 2046 5133 publica:
2093 5062 2447 5117 necessitates
2501 5066 2816 5131 poscebant.
2867 5064 3068 5119 Tamen
3121 5067 3388 5136 aliquate-

1819 5171 1925 5208 nus
1958 5156 2082 5209 huic
2115 5155 2461 5207 iucnmmodo
2493 5155 2834 5218 medebatur,
2865 5159 3008 5224 quod
3066 5158 3169 5213 illis
3222 5160 3392 5213 abun-

178 5249 309 5303 cium.
336 5252 465 5316 Quae
500 5265 566 5302 ne
597 5262 836 5316 unquam
885 5245 1269 5299 desererentur
1320 5242 1711 5296 retrocedenti-

176 5338 254 5396 bus
292 5342 633 5410 praesidiariis
679 5342 747 5393 ob
785 5341 890 5391 vim
944 5336 1205 5405 majorem
1264 5336 1567 5404 urgentium
1619 5348 1713 5386 eos

178 5428 412 5487 interdum
460 5433 641 5485 acrius
674 5428 985 5489 Persarum,
1023 5429 1155 5478 satis
1189 5424 1577 5491 providebatur
1603 5422 1713 5474 col-

181 5525 336 5583 locatis
364 5538 664 5598 opportune
689 5540 793 5578 non
827 5524 1011 5593 procul
1040 5525 1106 5575 ab
1132 5520 1222 5574 illo
1253 5519 1421 5573 limite
1457 5518 1713 5572 Romanis

182 5626 360 5682 castris,
388 5619 529 5672 unde
582 5618 906 5669 auxiliorum
953 5620 1211 5679 quantum
1268 5622 1410 5664 esset
1464 5626 1623 5680 opus,
1661 5614 1712 5665 in

184 5718 389 5780 tempore
429 5710 672 5766 submitti
728 5705 1098 5759 laborantibus
1150 5713 1349 5772 posset.
1395 5701 1491 5757 llic
1540 5714 1714 5758 status

184 5806 394 5859 tuinillic
434 5819 613 5860 rerum
664 5800 788 5865 fuit,
847 5798 1282 5869 imperatoribus,
1315 5798 1404 5863 qui
1445 5811 1505 5850 ea
1563 5810 1701 5851 tem-

1815 5246 2015 5300 dabaut
2053 5260 2182 5315 Opes
2224 5248 2479 5314 propriae,
2524 5261 2646 5313 Quae
2697 5247 2816 5299 belli
2876 5263 3072 5299 nervos
3122 5250 3388 5303 submini-

1816 5350 2078 5403 strarent,
2120 5341 2289 5393 donec
2330 5339 2619 5407 posteriori
2651 5350 2911 5408 tempore,
2970 5341 3020 5392 in
3059 5341 3384 5395 deteriorem

1816 5438 2015 5482 statum
2046 5430 2272 5497 imperio
2307 5430 2581 5498 prolapso,
2622 5430 2909 5483 Chadeuus
2936 5432 3177 5499 quidam,
3217 5434 3303 5488 cui
3334 5445 3389 5489 et

1818 5524 2153 5590 praefecturae
2184 5522 2498 5590 dignitatem
2552 5521 2744 5574 deinde
2796 5522 3091 5590 imperator
3132 5528 3386 5590 Contulit,

1817 5613 2040 5667 multum
2080 5614 2133 5666 in
2174 5614 2293 5666 aula
2344 5613 2549 5681 pollens
2596 5628 2660 5666 ex
2693 5616 2869 5667 causis
2923 5615 3085 5684 paulo
3113 5630 3231 5685 post
3278 5637 3387 5673 me-

1818 5709 2096 5760 morandis
2139 5707 2228 5775 (ab
2258 5706 2415 5773 hujus
2450 5706 2593 5758 enim
2623 5705 2894 5760 mentione
2930 5719 3111 5762 nostra
3148 5710 3199 5763 in
3230 5728 3386 5765 suum

1828 5800 1988 5851 tinem
2033 5797 2255 5851 historia
2286 5796 2563 5866 procedet)
2597 5796 2878 5851 consilium
2911 5801 3175 5870 suggessit
3208 5804 3380 5871 impe-
