3952 6544
234 385 322 446 453

1181 382 1278 442 DE
1321 376 1719 441 MlCHAELE
1757 376 2222 437 PALrl‘IOLOGO
2263 378 2420 440 LIB.
2465 379 2511 438 l.

3369 377 3475 441 43.4

228 492 498 562 τυχοῦσαν,
547 493 686 563 πρὸς
728 493 974 557 ἐκείνους
1014 493 1102 561 ἐφ’
1127 488 1282 564 ᾧπερ
1322 495 1570 563 ἐπισχεῖν
1609 493 1664 556 ἐς
1702 491 1789 545 ἀεὶ
1823 495 1864 550 Α
1899 490 2193 558 προνόμιον
2241 485 2388 559 εἶχεν
2436 493 2501 544 ἐκ
2533 489 2765 544 παλαιοῦ
2814 492 2892 554 εἰς
2939 492 3128 561 χεῖρας
3177 489 3334 560 ἄγειν
3387 496 3477 546 τὸν

228 585 447 654 fimum,
479 584 570 633 καὶ
605 583 717 636 τῶν
755 585 931 638 ἄλλων
967 584 1260 654 ἀφεμένοις
1298 585 1398 636 οὐκ
1435 584 1621 651 ὀλίγης
1655 598 1792 654 ΧΡΪΓ

226 676 401 738 ζόντων
429 675 776 744 ἐπικουρίας,
809 678 902 728 καὶ
936 677 1136 747 μᾶλλον
1165 677 1272 730 τῶν
1299 677 1639 744 πρὸςιδύσιν,
1665 675 1700 730 ἂ.
1729 676 1791 741 δὴ

225 765 304 816 καὶ
337 765 678 821 κενωθέντων
714 770 824 821 τῶν
857 769 1193 822 ἀνατολικῶν
1231 772 1408 822 ἐκεῖσε
1443 768 1652 833 τάξεων
1688 768 1794 838 πρὸ

224 856 388 920 silos;
419 858 448 926 ἢ
479 859 652 912 ταῦτα
682 860 934 927 γενέσθαι
967 859 1044 932 μὴ
1075 863 1157 915 ὅτι
1189 878 1251 930 γε
1280 864 1345 914 τὰ
1375 861 1486 929 ἑῷα
1517 860 1793 932 προσεξη-

226 953 379 1021 μίουν,
407 951 538 1004 ἀλλὰ
569 954 665 1005 καὶ
694 952 814 1006 κατ’
839 954 979 1007 αὑτά
1006 954 1228 1024 ἀπόρως
1253 951 1400 1026 εἶχον
1425 956 1535 1007 τῶν
1559 955 1790 1007 δυτικῶν

226 1045 332 1097 ποτὲ
363 1043 458 1112 μὲν
491 1044 577 1111 ἐφ’
600 1047 769 1115 ἡμᾶς,
800 1047 930 1098 ποτὲ
960 1045 1006 1098 δ’
1026 1047 1115 1099 ἐπ’
1141 1046 1384 1109 ἐκείνους
1414 1046 1789 1116 τρεπομένων,

223 1139 300 1188 καὶ
324 1140 384 1205 τῇ
413 1139 508 1205 τῆς
539 1136 766 1208 γνώμης
793 1138 1028 1207 ἀστασία
1055 1139 1249 1206 τριὸὴν
1279 1140 1653 1207 ἐμποιούντων
1680 1140 1792 1200 τοῖς

223 1231 565 1300 ἀμφοτέροις,
611 1230 686 1294 ὡς
732 1234 1015 1301 παρόντων
1064 1233 1162 1301 μὲν
1208 1232 1318 1285 τῶν
1364 1233 1790 1302 στρατευμάτων

220 1325 364 1400 χωρὶς
406 1323 719 1376 ὐποκλίνειν
762 1324 1027 1392 ἀνάγκης,
1067 1323 1358 1393 ἀνακωχῆς
1397 1325 1452 1376 δὲ
1493 1323 1790 1393 γενομένης

221 1416 295 1464 ἐπὶ
339 1414 565 1482 σμικρὸν
608 1414 746 1484 πρὸ;
790 1415 994 1485 θάτερα
1034 1415 1190 1477 αὖθις
1233 1415 1430 1485 ῥᾳδίως
1468 1414 1786 1482 τρέπεσθαι,

219 1507 256 1557 εἰ
292 1506 441 1574 μόνον
475 1506 609 1558 ἴοιεν
647 1506 766 1576 μεθ’
796 1508 976 1560 ὃπλων
1008 1509 1097 1559 ἐπ’
1124 1509 1339 1570 αὐτούς.
1374 1508 1532 1559 Οὕτω
1569 1506 1613 1559 δ’
1643 1506 1793 1576 ἑχόν-

218 1616 310 1649 των
337 1599 441 1649 τῶν
470 1599 570 1665 τῆς
602 1599 866 1669 ἀνατολῆς
900 1597 962 1670 [Ρ
1005 1598 1098 1671 10]
1133 1600 1225 1653 καὶ
1255 1599 1397 1662 οὕτω
1442 1601 1550 1652 τῶν
1594 1599 1788 1667 δυσχε-

221 1689 314 1754 ρῶν
351 1688 632 1751 ἐπιόντων,
672 1690 728 1750 ἐς
773 1689 801 1740 ὃ
842 1688 1012 1759 τύχης
1053 1689 1283 1759 ὕστερον
1321 1690 1390 1742 τά
1430 1689 1572 1741 κεῖθι
1612 1691 1791 1758 πράγ-

217 1797 346 1848 ματα
388 1780 710 1850 προῦϐησαν
749 1781 972 1844 ἐσαῦθις
1012 1783 1279 1852 ἐροῦμεν,
1323 1782 1652 1853 προσθέντες
1693 1786 1788 1834 καὶ

215 1875 298 1935 τὰς
336 1874 546 1934 αἰτίας·
594 1876 732 1936 τέως
777 1873 822 1925 δ’
848 1873 940 1927 οὖν
990 1875 1425 1938 ἐπαναλαϐόντες
1470 1873 1560 1926 τὸν
1607 1874 1784 1942 λόγον,

214 1965 298 2035 τὴν
332 1967 532 2034 ἀρχὴν,
565 1963 626 2028 ἐξ
655 1958 824 2034 οὗπερ
857 1964 950 2018 καὶ
979 1967 1040 2019 οὺ
1075 1969 1256 2036 χεῖρον
1287 1967 1587 2039 ἄρχεσθαι,
1623 1985 1789 2037 μετα-

217 2056 489 2124 στήσομεν.

220 2169 276 2231 ζ’.
310 2169 506 2243 Ὅπως
547 2173 646 2224 ἐπὶ
703 2170 1014 2237 ,βασιλέως
1065 2171 1172 2225 τοῦ
1223 2172 1517 2227 Ἰωάννου·
1563 2174 1660 2228 ἐπὶ
1714 2175 1787 2243 τῇ

281 2242 358 2304 εὶς
393 2243 671 2308 βασιλεῖς
731 2246 933 2295 πίστει
993 2247 1026 2295 ό
1075 2247 1492 2312 Ηαλαιολόγος
1540 2242 1789 2315 Μιχαὴλ

280 2315 774 2380 κατιισριέλίζετο.
1491 2323 1500 2332 ί

280 2427 411 2494 Ἤδη
450 2427 549 2497 μὲν
601 2430 1070 2503 αὐτοκρατοῦντος
1103 2431 1246 2500 μετά
1286 2432 1501 2503 πατέρα
1540 2433 1634 2486 τοῦ
1674 2434 1788 2486 Λά-

215 2534 378 2587 σκαρη
408 2518 686 2588 Θεοδώρου
709 2560 724 2584 ,
769 2522 795 2572 6
825 2523 919 2574 ἐπὶ
950 2523 1186 2594 θυγατρὶ
1216 2525 1545 2594 αὐτανεψίου
1573 2523 1785 2576 ἐκείνου

216 2611 447 2680 γαμϐρὸς
499 2614 526 2664 ὁ
568 2613 937 2682 Ιίαλαιολόγος
992 2616 1213 2685 Μιχαὴλ
1266 2615 1344 2686 τῷ
1394 2616 1488 2669 τοῦ
1539 2617 1784 2688 μεγάλου

217 2701 562 2756 κονοσταύλου
611 2705 936 2777 διαπρέπων
991 2707 1268 2777 ἀξιώματι
1320 2709 1418 2778 (τὸ
1467 2708 1512 2761 δ’
1562 2707 1782 2778 ἀξίωμα

217 2901 468 2942 venerunt
501 2897 865 2958 potestatein;
920 2904 987 2945 ex
1028 2890 1226 2960 quibus
1271 2901 1624 2960 erumpentes
1654 2906 1776 2962 age-

220 2991 328 3032 rent
369 2983 685 3052 ferrentque
717 2982 1020 3037 lloinanum
1058 2983 1282 3039 limitem
1318 2986 1530 3054 quoties
1561 2985 1776 3052 liberet,

216 3069 568 3143 Romanisque
616 3078 952 3130 exercitibus
997 3075 1444 3130 molestissimum
1500 3079 1774 3147 negotium

1899 579 2094 650 ἔχοντα
2122 581 2280 634 τοῦτο
2318 582 2466 636 ἅπαν
2509 583 2570 634 τὸ
2613 584 2670 649 ἐξ
2699 583 2920 638 Ἰταλῶν
2959 592 3355 653 στρατιωτικὸν
3383 588 3472 638 καὶ

1898 673 2178 741 ὑπήκοον)
2231 672 2472 735 ὕποπτος
2531 674 2628 743 μὲν
2685 678 2766 737 εἰς
2821 676 3101 745 βασιλείαν
3137 680 3222 730 ἀεί
3258 673 3478 746 ποι-’ἦν

1896 765 1992 818 καὶ
2023 766 2201 832 δῆλος,
2245 767 2303 832 ἐξ
2334 760 2408 818 ὧν
2453 768 2891 836 ὑποκαθημένων
2923 768 3038 836 ε’χε
3062 811 3074 829 ,
3113 769 3476 838 νεωτερίσιυν,

1896 858 1944 909 εἰ
1981 858 2174 927 καιροῦ
2209 858 2480 926 λάῦηται,
2515 860 2580 911 τά
2623 864 2790 912 πιστὰ
2835 861 2892 912 δὲ
2928 862 3052 924 δοὺς
3086 862 3163 931 τῷ
3199 863 3292 914 τοῦ
3335 880 3477 931 κρα-

1894 949 2115 1012 τοῦντος
2159 951 2328 1020 πατρὶ
2363 950 2662 1018 ἀσφαλέσιν
2689 953 2873 1020 ὅρκοις
2897 993 2909 1009 .
2949 953 3043 1005 καὶ
3077 953 3142 1022 δὴ
3173 956 3268 1006 καὶ
3293 956 3449 1022 ἀρχιε

1899 1043 2157 1110 ρατικαῖς
2227 1043 2570 1110 ἐμπεδωοεὶς
2635 1042 3024 1110 ἀφοριζούσαις
3087 1047 3198 1098 τῶν
3269 1048 3477 1098 πιστιῖν

1894 1137 2104 1188 ἐκεῖνον
2149 1137 2352 1207 ἀραῖς,
2403 1137 2457 1188 εἴ
2494 1155 2594 1189 που
2633 1139 2730 1189 καὶ
2780 1139 3108 1192 ἀποστατεῖν
3157 1142 3477 1210 προαιροῖτο

1895 1233 1988 1282 καί
2035 1228 2280 1280 δυσνοεῖν
2325 1231 2462 1292 ὅλως
2513 1234 2626 1291 τοῖς
2688 1231 3092 1298 βασιλεύουσι-ι.
3165 1234 3274 1286 Καὶ
3321 1233 3478 1286 ταῦτ’

1893 1324 2218 1394 ἐπράττετο,
2270 1323 2360 1375 ὅτε
2409 1324 2507 1392 τὴν
2545 1325 2653 1376 τῶν
2694 1321 2930 1376 δυτικῶν
2963 1326 3476 1394 ἐμπεπιστευμένίς

1894 1421 2045 1485 παρά
2077 1415 2172 1468 τοῦ
2202 1415 2472 1484 βασιλέως
2493 1417 2669 1486 ἀρχὴν
2703 1417 2881 1472 αἰτίαν
2913 1417 3038 1488 ἔσχε
3073 1419 3165 1470 τοῦ
3199 1418 3472 1490 συνθήκας

1894 1512 2074 1563 ποιεῖν
2103 1511 2171 1563 δι’
2201 1512 2538 1583 άπορῤήτων
2571 1511 2711 1578 πρὸς
2745 1511 2836 1563 τὸν
2871 1512 3139 1580 δεσπότην
3177 1513 3286 1563 τῶν
3322 1512 3476 1564 δυτια

1893 1605 2007 1657 κῶν
2042 1605 2259 1674 Μιχαὴλ
2294 1605 2390 1657 τὸν
2429 1605 2702 1672 ’Ἄγγελον
2724 1646 2738 1670 ,
2769 1604 2854 1672 ἐφ’
2888 1597 2932 1672 ᾧ
2967 1605 3345 1673 κατεγγυῆσαι
3385 1605 3480 1657 τὶν

1891 1699 2158 1768 δεσπότην
2185 1699 2380 1768 ἐκείνῳ
2407 1697 2505 1766 τὴν
2539 1697 2673 1751 ἰδίαν
2708 1698 2876 1752 παῖδα
2909 1698 3046 1767 πρὸς
3075 1698 3275 1768 γάμον,
3312 1697 3478 1751 abs-iv

1893 1793 1947 1844 δὲ
1997 1791 2329 1861 παραδοῦναι
2382 1792 2479 1863 τὴν
2524 1791 2618 1844 τοῦ
2665 1792 2934 1863 βασιλέως
2977 1793 3199 1862 χώραν,
3254 1791 3351 1845 xal.
3386 1792 3480 1844 ὑπ’

1894 1885 2091 1955 ἐκείνῳ
2125 1886 2423 1953 γενόμενον
2459 1886 2835 1955 συμπράττειν
2867 1885 2940 1946 ὡς
2969 1886 3113 1948 εἰκὸς
3155 1884 3254 1955 τὴν
3302 1886 3477 1954 ἀρχὴν
3537 1924 3544 1930 κ

1889 1981 1968 2052 τῷ
2020 1982 2256 2053 δεσπότῃ
2304 1981 2402 2034 καὶ
2463 1978 2731 2052 πενθερῷ.
2797 1977 3237 2048 Προσαγγελθεὶς
3291 1977 3333 2029 δ’
3383 1978 3478 2030 ἐπὶ

1889 2073 2064 2143 τούτῳ
2092 2075 2228 2144 πρὸς
2261 2073 2482 2144 βασιλέα
2517 2073 2655 2143 πρὸς
2687 2072 2908 2142 οἰκέτην
2930 2113 2943 2136 ,
2973 2066 3016 2141 ᾧ
3046 2072 3110 2142 δὴ
3144 2071 3239 2124 καὶ
3273 2069 3344 2124 τά
3377 2070 3475 2137 τῆς

1894 2167 2091 2238 βουλῆς
2117 2209 2132 2230 ,
2180 2167 2255 2231 ὡς
2292 2169 2500 2230 ἐκεῖνος
2546 2166 2872 2237 κατηγορῶν
2914 2165 3068 2233 ἔλεγε
3095 2206 3106 2226 ,
3154 2161 3479 2232 προσανετῖ-

1892 2263 2016 2315 θετο
2041 2302 2056 2326 ,
2103 2261 2428 2330 ἀνήρπαστό
2468 2277 2526 2313 τε
2577 2258 2677 2329 τὴν
2716 2259 2979 2328 ταχίστην
3013 2255 3346 2326 παραλυοείς
3377 2256 3474 2323 τῆς

1889 2355 2067 2426 ἀρχῆς
2089 2397 2103 2418 ,
2152 2355 2248 2407 καὶ
2280 2357 2344 2425 τῇ
2377 2353 2592 2424 φυλακῇ
2625 2353 2968 2420 σιδηρόδετοις
2998 2352 3330 2422 έῤῥιπτεῖτο.
3373 2349 3474 2414 ⁴Μὴ

1889 2447 2049 2514 δήλου
2079 2445 2151 2506 ξδὲ
2201 2445 2460 2514 γενέσθαι
2498 2443 2802 2513 δυναμένου
2836 2442 2930 2496 τοῦ
2979 2441 3434 2512 κατηγορήματος
3459 2481 3474 2502 ,

1888 2538 2084 2607 ἄδηλον
2108 2535 2168 2590 δν
2200 2537 2299 2590 εἴτ’
2327 2536 2585 2606 ἀληθεύοι
2613 2538 2640 2588 6
2662 2535 3090 2604 προσαγγέλλων
3113 2575 3128 2598 ,
3158 2532 3232 2595 ὡς
3269 2533 3478 2590 ἐκεῖνος

1893 2631 2242 2700 ἰσχυρίζετο,
2296 2631 2406 2683 εἴτε
2453 2629 2860 2699 συκοφαντοίη,
2917 2628 2992 2690 ὡς
3041 2630 3067 2680 6
3114 2625 3477 2693 ΙΙαλαιολόγος

1888 2726 2270 2793 ἀντεπιφέρων
2305 2725 2528 2795 ἕτοιμος
2557 2720 2626 2796 ἦν
2667 2724 2808 2794 ὑπὲρ
2835 2723 3096 2794 ἀληθείας
3140 2724 3477 2792 μονομαχεῖν

1887 2920 2014 2958 cum
2053 2918 2148 2974 spe
2175 2904 2357 2973 aliqua
2411 2907 2683 2958 tentandae
2718 2912 3021 2974 opportuna
3080 2905 3300 2960 occasio
3333 2921 3474 2975 prm-

1898 2998 2073 3051 lieret.
2112 2995 2298 3052 Fidem
2341 2997 2430 3052 ille
2483 3007 2664 3051 tamen
2723 2999 2934 3066 parenti
2983 2997 3331 3068 imperatoris
3383 2999 3478 3052 llr—

1888 3091 2130 3145 missimo
2157 3089 2514 3159 jurejurando
2571 3091 2938 3152 asuiuxerab:
2969 3102 3023 3145 et
3064 3107 3124 3146 se
3153 3092 3314 3172 ultro.
3347 3092 3478 3146 sub-

220 3169 526 3233 Ιητεὶιυτειιιν
572 3173 700 3234 alia.
742 3173 1043 3240 Ριεηεετῑίιιι
1105 3174 1154 3224 ίη
1215 3172 1459 3226 οοοίίίυίε
1513 3173 1779 3242 Panibus.
1813 3186 1859 3248 C
1887 3186 2085 3256 jiciens
2111 3183 2502 3254 pontilit-alium
2553 3185 2965 3237 anathematum
3007 3184 3142 3240 diris
3167 3169 3330 3255 quam
3363 3201 3448 3238 ma

219 3267 552 3326 quantumvis
580 3269 824 3332 urgentia
857 3273 907 3317 et
943 3279 1047 3332 ope
1073 3263 1154 3316 Vel
1191 3266 1425 3317 maxime
1455 3265 1778 3334 indigentia,

217 3365 266 3402 It
311 3355 392 3406 his
455 3356 812 3420 obsisterent,
869 3358 1126 3410 omittere
1187 3359 1414 3409 coactis.
1476 3355 1606 3422 Quae
1662 3367 1782 3411 erat

221 3445 398 3496 misera
431 3456 480 3499 et
538 3448 853 3515 reipublicae
911 3449 1171 3502 damnosa
1230 3448 1455 3515 jactatio
1500 3448 1776 3517 copiarum

220 3551 526 3602 nosH-arum,
561 3558 704 3594 nunc
733 3562 758 3592 a
795 3541 1002 3606 Persis,
1031 3557 1153 3595 cum
1194 3556 1288 3594 eos
1315 3541 1524 3595 minuto
1553 3557 1778 3596 ntnnero

217 3631 338 3683 citra
375 3650 620 3702 tuaguum
678 3637 980 3702 pcriculmn
1040 3635 1309 3688 instantes
1348 3644 1656 3698 cernerent,
1711 3637 1776 3687 ad

203 3722 468 3779 -ltomanos
519 3744 579 3781 sc
638 3729 1115 3791 convcrtenlium,
1174 3743 1361 3782 rursus
1413 3743 1536 3781 cum
1601 3731 1779 3783 redire

219 3815 364 3868 ih'lem
416 3818 666 3873 fortiores
719 3821 1299 3888 l‘ormidolosiorcsque
1368 3820 1773 3884 nuntiarentur,

217 3921 272 3961 eo
323 3913 734 3978 respectantimu
789 3923 1013 3979 toraque
1065 3913 1117 3964 vi
1176 3915 1606 3977 occurrentium,
1668 3913 1770 3965 ista

219 4004 425 4065 quadam
491 4004 880 4058 iurertitudine
935 4004 1294 4058 consiliorum
1349 4019 1414 4057 ac
1478 4005 1776 4058 desultor-ia

219 4100 577 4153 vicassitudine
632 4101 867 4154 bellandi
912 4116 1162 4172 magnam
1217 4099 1449 4155 securim
1503 4099 1778 4171 inlligente

220 4194 542 4246 successibus
594 4208 656 4246 ae
715 4193 1093 4262 tranquillitati
1143 4187 1398 4263 publicae.
1462 4191 1575 4247 Hoc
1634 4205 1777 4247 statu

219 4277 549 4337 Orientalium
589 4303 792 4352 rerum,
831 4298 882 4340 et
920 4289 971 4340 in
1008 4288 1154 4341 hunc
1205 4289 1424 4341 modum
1479 4288 1772 4352 ingruenti-

220 4375 307 4429 bus
340 4379 593 4444 adversis,
628 4396 736 4446 quo
761 4382 976 4435 tandem
1037 4395 1124 4436 res
1163 4391 1380 4436 nostras
1435 4379 1650 4433 fortuna
1683 4381 1779 4435 de—

220 4474 440 4537 truserit,
489 4476 746 4544 deinceps
786 4474 1103 4529 narrabitur
1158 4474 1424 4544 expositis
1485 4485 1774 4529 eventuum

1896 3279 2038 3332 xime
2066 3277 2374 3342 horrendis,
2407 3278 2452 3331 si
2487 3293 2719 3347 unquam
2754 3280 3099 3334 autdeficere
3124 3290 3217 3332 aut
3253 3278 3478 3333 omnino

1854 3402 1860 3407 -
1897 3371 2163 3426 dissidere
2193 3372 2260 3424 ab
2295 3370 2713 3440 imperatoribus
2771 3370 2828 3424 in
2883 3371 3123 3424 animum
3170 3371 3474 3433 induceret.

1895 3461 2234 3528 persirasisse
2263 3460 2548 3513 videbatur
2577 3475 2636 3514 se
2667 3471 3008 3514 cormantem
3053 3461 3104 3513 in
3129 3461 3303 3536 ollicio
3333 3459 3478 3516 futu-

1895 3567 2014 3604 rum
2042 3568 2057 3617 ;
2090 3568 2210 3604 cum
2249 3551 2560 3606 Occidentis
2585 3553 2974 3620 procuratione
3034 3553 3136 3606 sibi
3195 3545 3474 3621 ali'impe-

1898 3651 2078 3696 ratorc
2129 3642 2364 3706 credita,
2408 3643 2664 3696 iuitarum
2725 3645 2938 3697 occulte
2996 3643 3310 3712 pactionutn
3351 3659 3473 3698 cum

1897 3735 2208 3790 Occidentis
2265 3735 2488 3805 despola
2552 3735 2812 3790 Michaele
2887 3737 3092 3803 Angela
3129 3737 3474 3790 insimulatus

1893 3839 1998 3882 est.
2030 3828 2300 3884 Nimirum
2339 3831 2480 3882 inter
2526 3843 2620 3882 eos
2677 3830 2996 3883 convenisse
3054 3829 3353 3893 ferebatur,
3415 3842 3476 3883 ut

1893 3924 2112 3988 desp-ota
2147 3922 2310 3975 filiam
2343 3921 2706 3990 deSponderet
2736 3921 3167 3992 PalaeoIOgoJille
3201 3924 3473 3986 vicissim,

1894 4029 1988 4082 pro
2020 4029 2080 4067 ea
2115 4029 2220 4080 qua
2252 4013 2473 4082 polleret
2519 4015 2661 4083 apud
2689 4015 3004 4083 imperatori
3035 4015 3310 4082 subiectas
3336 4031 3471 4082 gen-

1893 4113 1974 4158 tes
2013 4115 2067 4158 et
2101 4103 2242 4173 apud
2275 4104 2570 4157 exercitum
2607 4104 2952 4167 auctoritate,
3022 4103 3234 4155 ambitu
3275 4111 3328 4155 et
3362 4103 3476 4156 sul-

1891 4197 2194 4265 fragatione
2229 4213 2325 4249 sua
2356 4197 2495 4248 viam
2523 4196 2588 4248 ad
2630 4196 2916 4261 imperium
2969 4209 3159 4249 socero
3212 4194 3470 4248 muniret.

1896 4291 2012 4342 [lac
2044 4289 2113 4343 de
2146 4303 2203 4342 re
2239 4288 2378 4357 apud
2412 4288 2797 4356 imperatorem
2852 4302 2947 4355 per
2976 4287 3297 4340 fainiliarem
3328 4287 3476 4340 dela-

1897 4393 1982 4437 tus
2013 4381 2197 4452 (quem
2232 4381 2397 4435 totius
2433 4380 2671 4444 consilii,
2697 4391 2754 4432 ut
2781 4381 2898 4450 ipse
2925 4384 3238 4433 accusando
3275 4379 3471 4444 aiebat,

1895 4476 2215 4544 participem
2248 4473 2472 4544 fecerat)
2531 4484 2773 4529 actutum
2823 4476 3252 4544 comprehensus
3301 4482 3356 4528 et
3388 4490 3475 4528 re-

222 4565 398 4619 causis.
449 4567 706 4635 Adeoque
765 4567 893 4622 hinc
939 4578 1160 4638 sumpto
1216 4567 1444 4622 exordio
1493 4566 1780 4621 historiam
1819 4564 1860 4619 D
1895 4572 2084 4622 «lactus
2118 4568 2172 4621 in
2205 4569 2457 4622 ordinem
2519 4568 2840 4637 catenisque
2888 4569 3225 4623 constrictus
3265 4568 3475 4622 carceri

224 4657 621 4724 suspicabimur.

223 4770 270 4825 7.
304 4769 360 4824 Ut
405 4775 695 4843 imperante
731 4771 966 4839 Joanne,
1012 4773 1292 4828 Michaelis
1335 4771 1628 4842 Palaeologi
1654 4772 1784 4843 ﬁdes

473 4862 596 4915 erga
656 4846 999 4912 imperatores
1055 4845 1269 4913 ﬁrmata
1306 4845 1490 4913 fuerit.

283 4936 366 5007 21
387 4937 816 5007 Imperantejam
836 4936 1123 4992 Theodoro
1146 4936 1363 4992 Lascari
1397 4948 1518 5006 post
1551 4949 1785 5008 patrem,

223 5043 296 5094 qm
327 5039 478 5085 tiliam
519 5033 734 5101 nepotis
796 5032 916 5096 eius
951 5047 1016 5084 ex
1049 5031 1221 5084 fratre
1284 5032 1634 5086 matrimonio
1680 5037 1782 5088 sibi

218 5118 462 5188 iunxerat,
519 5121 746 5176 Michael
805 5121 1187 5192 Palmologus,
1257 5122 1441 5190 magni
1475 5124 1780 5178 conostauli

224 5215 452 5284 dignitate
507 5218 965 5286 cor‘ispicuus,'et
1015 5218 1170 5273 istius
1204 5219 1562 5286 magistratus
1609 5219 1778 5273 veteri

222 5305 320 5374 jure
349 5327 406 5364 ac
433 5311 716 5381 privilegio
746 5311 960 5364 Italicas
994 5326 1184 5365 omnes
1200 5313 1384 5379 copias
1418 5311 1469 5364 in
1503 5321 1774 5380 potesmte

225 5400 421 5468 habens,
445 5419 663 5472 semper
726 5404 997 5457 obnoxius
1055 5402 1461 5470 suspicionibus
1533 5401 1770 5456 affectati

225 5497 370 5560 regni,
399 5506 518 5549 vota
552 5497 672 5566 ejus
739 5496 955 5565 generis
993 5506 1174 5548 mente
1227 5495 1362 5547 clam
1397 5495 1582 5548 intitna
1645 5496 1773 5549 sub-

223 5583 419 5642 sidentia
479 5589 683 5644 frustra
744 5590 860 5658 ipso
913 5588 1146 5654 celante,
1195 5604 1316 5642 cum
1367 5588 1514 5643 ultro
1556 5589 1774 5644 indiciis

223 5691 584 5751 erumperent,
643 5684 988 5736 manifestum
1047 5691 1426 5750 argumentum
1473 5682 1772 5750 prmbuisse

224 5767 348 5823 visus
393 5786 473 5830 est
515 5776 832 5830 ambitionis
878 5775 1136 5828 inhiantis
1199 5773 1553 5838 novitatibus,
1589 5782 1644 5828 et
1703 5774 1769 5827 ad

225 5859 400 5931 aliquid
473 5868 781 5922 audendum
844 5877 1232 5936 proruptum,
1307 5866 1350 5921 si
1404 5880 1461 5922 se
1519 5865 1624 5921 ulla
1683 5866 1760 5921 rei

1898 4661 2149 4715 traditur.
2187 4659 2264 4714 Ac
2309 4675 2620 4730 quanquam
2681 4661 2829 4714 nullo
2886 4661 3021 4714 satis
3085 4661 3324 4737 evidenti
3379 4679 3475 4714 cx-

1885 4760 2064 4805 stante
2083 4751 2216 4804 tanti
2242 4750 2491 4805 criminis
2523 4751 2743 4814 iudicio,
2771 4753 2966 4807 iuerito
2999 4750 3467 4820 dubitareturzz

1890 4859 2091 4899 verane
2127 4844 2339 4897 delator
2371 4844 2559 4905 ferret,
2591 4855 2647 4898 nt
2700 4846 2813 4914 ipse
2850 4846 3233 4907 contendebat,
3268 4861 3336 4896 an
3381 4862 3471 4894 ca-

1889 4936 2267 5002 lumniaretur,
2335 4937 2409 4989 uti
2456 4947 2644 4989 contra
2703 4938 3054 5002 pertendebat
3120 4937 3471 5005 l’aheologus,

1889 5041 2134 5100 paratum
2167 5047 2225 5084 se
2256 5032 2520 5084 exhibens
2551 5030 2618 5083 ad
2655 5045 2808 5084 suam
2860 5029 3223 5082 innocentiam
3281 5012 3472 5096 singu-

1886 5123 2020 5178 laris
2048 5124 2364 5177 certaminis
2387 5123 2763 5192 experimcnto
2823 5122 3309 5190 comprobandaui,
3347 5136 3468 5188 qua:

1889 5217 2174 5270 dubiarum
2209 5219 2618 5270 accusationum
2657 5219 3055 5284 purgandarum
3090 5215 3228 5266 ratio
3245 5214 3470 5280 antiquo

1889 5307 2278 5376 imperatorum
2315 5309 2664 5375 comprobata
2711 5323 2808 5359 usu
2852 5306 3100 5362 invaluit.
3155 5313 3333 5358 tamen
3367 5318 3468 5359 nec

1884 5405 1962 5456 sic
1989 5403 2200 5456 amoliri
2233 5403 2604 5471 suspicionem
2645 5413 2737 5454 aut
2789 5402 2944 5468 plene
2978 5400 3184 5453 diluere
3213 5400 3467 5466 cogitate

1884 5493 2204 5549 defectionis
2241 5496 2445 5548 crimen
2498 5495 2708 5559 valens,
2739 5494 2894 5560 longe
2949 5502 3191 5561 tempore
3254 5495 3469 5548 vinctus

1881 5588 2244 5642 detinebatur.
2282 5588 2529 5656 Cumque
2563 5587 2653 5640 diu
2683 5588 2866 5640 nullus
2901 5597 3045 5641 esset
3103 5589 3189 5655 qui
3221 5605 3319 5658 pro
3353 5599 3464 5642 tam

1880 5688 2137 5746 ευενειτιο
2173 5693 2266 5733 reo
2325 5679 2706 5746 imperatorem
2750 5677 2952 5746 alloqui
3010 5677 3254 5742 auderet,
3289 5679 3459 5745 exsti-

1872 5773 1936 5826 tit
1977 5773 2190 5825 tandem
2230 5782 2356 5824 tunc
2417 5772 2824 5838 patriarchatus
2881 5773 3094 5826 honore
3137 5769 3465 5840 praefulgens

1872 5863 2106 5931 Manucl,
2143 5864 2230 5934 qui
2261 5879 2380 5917 cum
2419 5864 2528 5932 jam
2568 5865 2752 5930 plures
2785 5878 2996 5920 menses
3052 5866 3102 5918 iu
3150 5865 3311 5934 Lydia
3344 5880 3459 5916 una
