3952 6514
502 354 606 418 453

1697 347 2021 409 GEORGII
2065 347 2541 409 PACHYMERE

3630 348 3723 413 156

501 471 644 526 κατά
683 486 737 524 τι
782 472 1062 541 κρατῆσαν
1097 468 1190 520 ἐπὶ
1228 468 1339 529 τοῖς
1371 465 1586 534 ἀδήλοις
1621 464 1728 517 τῶν
1758 481 2072 533 προσαγγεο
2104 476 2142 530 Α
2178 483 2322 527 στοις
2371 461 2688 534 ἀρχιερεῦσι
2718 499 2733 521 .
2800 473 3006 514 στελλει
3067 463 3202 531 πρδς
3256 461 3342 515 τὸν
3395 467 3688 532 κρατοῦντα
3713 501 3727 525 ,

501 563 634 616 λιῶν
665 563 891 632 ἀρχαῖον
921 561 1039 623 ἔθος
1089 560 1202 622 τοῖς
1237 557 1583 628 βασιλεῦσιν,
1619 557 1767 626 ὅμως
1807 557 1905 628 τὴν
1937 559 2070 609 ὑπο-

502 657 633 728 ψίαν
661 656 758 708 ούκ
785 655 900 724 εἶχε
929 651 1312 707 διολισθαίνειν
1355 649 1534 704 καὶτὸ
1570 652 1668 718 τῆς
1693 649 1951 710 ἀπιστίας
1990 647 2078 717 εγ-

504 750 692 817 κλημα
739 747 820 808 εἰς
879 745 1033 806 τέλος
1084 743 1526 812 διαδιδράσκειν,
1575 739 1692 794 ἀλλ’
1749 741 1835 808 ἐφ’
1895 743 2077 793 ἱκανὸν

505 840 698 908 χρόνον
737 839 802 907 τῇ
835 836 1050 905 φυλακῇ
1081 835 1366 904 κατείχετο
1400 833 1651 900 δέσμιος,
1684 832 1776 885 καὶ
1807 834 1838 902 ἡ
1875 833 2079 902 ύποψὲα

506 930 738 1000 προσῆν.
794 929 878 990 Ὠς
920 927 966 980 δ’
1008 928 1109 980 οὐκ
1151 921 1219 998 ἧν
1253 926 1393 996 ὑπὲρ
1433 924 1645 978 ἐκείνου
1685 923 1842 978 ἄλλον
1873 925 2081 994 τολμᾷν

505 1028 594 1074 κατ.
633 1019 960 1089 πρεσϐεύειν
1002 1017 1063 1090 [Ρ
1096 1016 1189 1089 il]
1215 1017 1290 1086 τῷ
1328 1017 1571 1086 βασιλεῖ,
1608 1019 1636 1070 ὁ
1685 1017 1936 1085 τηνικάδε
1973 1033 2078 1068 πα-

509 1111 857 1180 τριαρχεύων
889 1109 1145 1180 Μανουὴλ
1179 1111 1270 1162 ἐπὶ
1307 1111 1440 1178 μησὶ
1474 1109 1745 1171 πλείστοις
1778 1107 2080 1176 συνδιάγων

506 1203 647 1256 κατὰ
683 1203 882 1256 Λυδίαν
922 1201 999 1271 τῷ
1030 1201 1239 1271 βασιλεῖ
1264 1239 1279 1260 .
1325 1201 1448 1252 ἐπεὶ
1494 1201 1627 1271 πρὸς
1671 1200 1848 1266 ἔξοδον
1878 1194 1945 1270 ἦν
1986 1198 2081 1250 καὶ

504 1297 664 1364 δῆλος
705 1293 774 1364 ἢν
823 1295 850 1347 ὁ
897 1293 1118 1362 κρατῶν
1161 1293 1297 1363 πρὸς
1329 1293 1491 1363 χάριν
1533 1291 1708 1344 τελεῖν
1741 1307 1791 1344 τι
1826 1290 1905 1361 τῷ
1947 1292 2082 1362 ἱερεῖ

508 1386 1000 1456 προθυμούμενος,
1045 1384 1222 1436 αὐτίκ’
1277 1385 1484 1446 ἐκεῖνος
1544 1383 1705 1451 ἀφεὶς
1757 1381 1927 1436 τᾶλλα
1983 1381 2082 1450 τὴν

506 1480 645 1548 ὑπὲρ
695 1477 788 1528 τοῦ
839 1475 1182 1545 σιδηροδέτου
1232 1473 1535 1543 πρεσϐείαν
1582 1473 1805 1540 εἰσῆγε,
1868 1472 1961 1524 καὶ
2007 1471 2084 1533 ὼς

507 1567 1010 1637 συκοφαντούμενον
1085 1566 1292 1616 ἱκέτευε
1362 1563 1778 1632 κατοικτείρειν.
1841 1579 1858 1612 ι
1928 1562 1990 1614 El
2037 1559 2083 1612 δ’

504 1659 624 1723 οὖν,
644 1659 777 1711 ἀλλὰ
797 1659 870 1728 μὴ
919 1655 1065 1724 παρὰ
1093 1655 1178 1707 σοὶ
1228 1653 1483 1725 καθαρῶς
1503 1692 1518 1718 ,
1564 1653 1691 1722 ἔφη,
1719 1653 1814 1722 τῆς
1848 1654 2084 1722 uitalia;

506 1754 756 1819 ἀφεῖται,
799 1746 843 1802 ὦ
885 1749 1142 1818 βασιλεῦ,
1185 1748 1301 1800 ἀλλ’
1349 1750 1555 1810 ἐκεῖνος
1591 1747 1650 1799 τὸ
1693 1746 1886 1800 πιστὸν
1925 1746 2084 1800 δώσει

2177 559 2353 620 οὕτως
2393 557 2605 608 ἐκείνου
2667 553 2804 624 πρὸς
2851 550 2941 606 τδν
2989 552 3291 623 ἀρχιθύτην
3341 553 3728 622 συνταξαμένου

2180 651 2277 704 καὶ
2304 646 2447 702 οὕτω
2493 646 2749 710 τάξαντος
2778 683 2792 708 ,
2842 644 2967 697 τινὰ
3008 645 3118 696 τῶν
3167 643 3333 696 αὐτοῦ
3381 642 3610 696 οίκετςίν
3646 645 3732 697 καὶ

2182 742 2224 793 is
2237 738 2452 812 ρωσύνῃ
2470 737 2675 804 κοσμού
2686 735 2930 804 μενον,δν
2961 737 2989 788 ὁ
3012 732 3230 804 κρατῶν
3252 733 3546 804 δεξάμενος
3566 733 3732 794 ἀνίησι

2183 831 2280 900 μὲν
2310 829 2625 898 παραυτίκα
2655 828 2745 881 τὸν
2774 825 3145 897 κατεχόμενον
3185 828 3294 881 τῶν
3323 826 3545 896 δεσμῶν
3564 866 3578 889 ,
3606 827 3732 879 duo-

2181 920 2298 972 λύει
2329 919 2372 972 δ’
2404 921 2658 987 ἀσμένως
2688 919 2824 988 πρὸς
2859 918 2950 971 τὸν
2983 919 3249 989 ίεράρχην
3270 959 3285 983 ,
3336 918 3573 978 ὀπαδοὺς
3602 916 3735 985 αύτῴ

2184 1008 2592 1077 συνεξαγαγών.
2628 1010 2783 1077 Ἀμα
2805 1008 2938 1077 γοῦν
2970 1009 3174 1079 ἐπέστη
3204 1009 3298 1060 καὶ
3325 1010 3444 1078 ἆμα
3469 1008 3620 1077 παρὰ
3648 1009 3736 1076 τῆς

2184 1099 2405 1152 συνόδου
2434 1100 2503 1152 τὰ
2526 1097 2722 1152 ἐίκότα
2751 1092 3155 1170 ἑνωτισάμενος
3183 1100 3280 1169 τὴν
3319 1099 3546 1152 ἐκείνων
3575 1099 3736 1150 ἐπιτί-

2185 1207 2354 1261 μησιν
2396 1193 2475 1253 είς
2525 1190 2742 1260 ἀσφαλῆ
2791 1190 2898 1242 τῶν
2940 1191 3075 1262 πρδς
3123 1191 3345 1261 βασιλέα
3393 1191 3542 1243 ἰδίων
3572 1191 3736 1260 ὅρκων

2184 1282 2478 1352 βεόσίωσιν
2523 1283 2757 1353 δέχεται.
2802 1283 2911 1335 Καὶ
2945 1284 3081 1352 πρὶς
3124 1283 3217 1336 τὸν
3255 1282 3561 1352 κρατοῦντα
3596 1278 3736 1348 αὖθις

2186 1373 2426 1428 ἐπανιὼν
2459 1373 2657 1444 πολλῆς
2691 1376 2790 1443 τῆς
2833 1375 2966 1446 παρ’
3000 1375 3212 1428 ἐκείνου
3256 1374 3549 1443 εὐμενείας
3595 1374 3738 1441 ἐτύγ-

2184 1484 2367 1538 χανεν.
2428 1464 2586 1519 Οὕτω
2635 1467 2926 1535 τοιγαροῦν
2979 1465 3118 1536 ἔχων
3173 1467 3266 1519 καὶ
3311 1465 3458 1519 οὕτω
3512 1466 3737 1518 σπμύδων

2184 1561 2378 1614 ἑαυτὸν
2409 1561 2702 1630 φυλάττειν
2733 1561 2913 1629 πάσης
2952 1559 3295 1629 καχυπςψίας
3327 1559 3627 1629 ἀνώτερον,
3657 1560 3740 1610 καὶ

2189 1652 2393 1719 μᾶλλον
2422 1653 2504 1704 ὅτι
2539 1655 2630 1704 καὶ
2664 1651 2974 1722 ἀξιώματος
3013 1652 3184 1721 ἐπέϐη
3231 1653 3497 1720 μεγίστου
3521 1689 3535 1714 ν
3577 1650 3737 1720 πολλῷ

2187 1743 2348 1796 πλέον
2397 1745 2531 1815 πρὶς
2579 1743 2668 1796 τὸν
2705 1745 2824 1813 μετ’
2851 1745 3011 1797 αὑτὸν
3042 1745 3103 1796 τὸ
3133 1745 3336 1814 κράτος
3383 1744 3573 1813 ἔχοντα
3608 1743 3736 1796 ἁλῶ-

507 1841 643 1909 πρδς
672 1841 922 1903 τούπιὸν,
953 1839 1047 1889 τὰ;
1083 1837 1178 1906 τῆς
1217 1835 1543 1906 Ἐκκλησίας
1568 1834 1654 1904 ἐφ’
1688 1835 1879 1888 ἑαυτὸν
1912 1837 2088 1888 ὲπιτι-
2119 1835 2159 1891 Β
2189 1853 2276 1888 ναι
2310 1835 2408 1904 τῆς
2446 1835 2681 1898 ὑποψίας
2716 1836 3121 1904 διεφυλάττετο.

510 1942 703 2003 μησεις
742 1931 1208 1998 καταδεξάμενος,
1245 1927 1332 1992 αίς
1383 1929 1477 1982 λαὶ
1514 1929 1658 1998 μάλα
1705 1927 2082 1996 κατεμπεδούη

513 2039 672 2093 μενος
719 2019 813 2074 καί
853 2020 982 2073 αὐτὸ
1015 2020 1079 2091 δὴ
1113 2019 1176 2075 τὸ
1214 2019 1629 2089 ἀκατέργαστον
1665 2019 1760 2072 τοῦ
1799 2019 1915 2082 νοὸς
1954 2017 2084 2086 περὶ

512 2114 854 2175 ἁποστασίας
897 2111 1154 2183 ἐνθύμιον
1193 2113 1254 2165 ού
1290 2111 1648 2182 προσήσεται,
1682 2112 1818 2164 ἀλλα
1850 2128 1912 2178 γε
1952 2112 2087 2180 Χριο

509 2207 722 2269 υτιανὸς
743 2204 819 2260 ὣν
841 2206 939 2276 τὴν
966 2205 1060 2258 τοῦ
1084 2207 1219 2258 Θεοῦ
1241 2205 1398 2268 δίκην
1425 2203 1740 2272 φυλάξεται,
1763 2204 1857 2258 καὶ
1882 2204 2086 2268 ἀδόλως

511 2301 745 2369 ἐμμενετ
786 2301 896 2362 τοῖς
927 2301 1110 2368 ὅρκοις
1145 2298 1226 2359 είς
1260 2297 1357 2368 τὴν
1407 2297 1543 2368 πρὸς
1574 2297 1633 2349 σὲ
1673 2297 1858 2349 πίστιν
1895 2297 1990 2349 καί
2027 2296 2086 2348 τὸ

511 2394 672 2461 γένος
702 2393 764 2444 τὸ
797 2393 907 2444 σύν.
964 2409 982 2442 ι
1032 2390 1216 2453 Οὕτως
1254 2391 1477 2444 εἰπόντα
1505 2390 1744 2443 δυσωπεῖ
1773 2390 1874 2458 τὴν
1903 2389 2086 2456 δέησιν

509 2490 538 2538 ὁ
575 2485 825 2556 κρατῶν,
879 2485 974 2537 καὶ
1003 2483 1246 2536 ἐπινεύει
1292 2484 1429 2554 πρὸς
1470 2486 1568 2552 τὴν
1615 2481 1710 2537 τοῦ
1753 2481 2085 2552 κατακρίτου

515 2577 863 2648 συμπάθειαν
904 2619 917 2641 ,
977 2575 1180 2646 εὐμενῆ
1236 2575 1472 2639 συνόλως
1527 2575 1724 2645 ἐκείνῳ
1785 2576 1888 2644 τὴν
1951 2574 2088 2626 ἰδίαν

512 2670 772 2738 γενέσθαι
821 2668 1000 2740 ψυχὴν
1040 2669 1564 2738 κατεγγυησάμενος
1592 2706 1608 2733 ,
1651 2670 1700 2721 εί
1742 2668 1990 2728 κάκεῖνος
2021 2666 2089 2719 τὰ

515 2760 616 2828 τῆς
665 2760 944 2812 είσέπειτα
997 2761 1133 2831 πρὸς
1183 2761 1345 2814 αὑτὸν
1398 2761 1648 2823 εὐνοίας,
1705 2760 1780 2822 ὡς
1832 2760 1860 2812 ὁ
1909 2760 2089 2827 ἱερεὺς

515 2856 819 2922 ὑπέσχετο,
873 2853 1041 2905 πιστά
1092 2854 1481 2923 καταστήσειε.
1540 2852 1650 2906 Καὶ
1687 2851 1753 2920 δὴ
1804 2850 1933 2922 περί
1985 2867 2087 2904 που

513 2951 611 3016 τὴν
653 2945 950 3016 ’Δχυρὰους
985 2945 1014 2998 ὁ
1051 2945 1232 3017 ἱερεὺς
1264 2943 1536 3013 γεγονὼς,
1569 2943 1786 3012 σύναμα
1813 2945 1906 2996 καὶ
1941 2941 2091 2996 πλεί-

510 3095 634 3134 cum
666 3079 990 3148 imperatore
1015 3077 1208 3135 fuisset
1235 3089 1398 3146 atque
1428 3079 1480 3132 itt
1514 3079 1800 3147 procinctu
1844 3089 1988 3132 esset
2019 3076 2084 3131 ad

2185 1956 2257 2018 η’.
2295 1949 2496 2014 Ὅπως
2527 1953 2558 2001 ό
2580 1948 2860 2017 δεύτερος
2891 1949 3200 2018 Λάσκαμς
3229 1953 3507 2018 πολλοὺς
3544 1951 3656 2006 τῶν
3681 1953 3740 2006 ἐν

2255 2017 2592 2088 ἀξιώμασιν
2621 2020 2928 2088 ὑπερορῶν
2966 2017 3208 2088 ἐτέρους
3237 2017 3706 2091 ἀντικαθίστησι.

2246 2107 2386 2161 Ἀλλ’
2403 2109 2591 2179 ἐπειδὴ
2609 2109 2811 2180 θερμὸς
2830 2106 2895 2181 ἦν
2910 2113 3115 2174 ἐκεῖνος
3126 2111 3260 2182 πρὸς
3281 2115 3481 2174 πάντα,
3498 2114 3643 2167 ἔτιδὲ
3662 2115 3740 2168 καὶ

2185 2200 2283 2272 τὴν
2315 2201 2409 2255 τοῦ
2467 2201 2551 2275 [Ρ.
2587 2201 2676 2273 12]
2707 2206 3121 2274 καταφρονῆσαι
3164 2203 3324 2271 δόξαν
3360 2205 3416 2275 (ἡ
3469 2207 3568 2276 γὰρ
3603 2208 3740 2269 νόσος

2187 2296 2587 2350 ἑπεισπεσοῦσα
2636 2297 2730 2349 καὶ
2794 2297 2994 2367 μᾶλλον
3055 2295 3332 2368 τρύχουσα
3391 2298 3574 2354 ἔπειθε
3611 2301 3740 2356 δεινὰ

2191 2387 2518 2458 ὑπιδέσθαι),
2540 2387 2809 2458 παραλύει
2841 2388 2938 2457 μὲν
2975 2388 3070 2442 τοῦ
3104 2388 3416 2459 ἀξιώματος
3443 2395 3520 2455 είς
3548 2410 3739 2463 πρωτο-

2191 2478 2502 2546 6εστιαρίου
2535 2478 2876 2548 τεταγμένον
2921 2481 3088 2548 τιμὴν
3109 2479 3200 2532 τὸν
3256 2482 3454 2535 Ῥαοὺλ
3492 2483 3736 2547 Ἀλέξιον,

2189 2571 2501 2634 ἀντεισάγει
2546 2566 2589 2618 δ’
2617 2570 2692 2628 είς
2725 2568 2928 2640 ταύτην
2961 2570 3052 2621 τὸν
3094 2571 3152 2636 ἐξ
3182 2570 3550 2642 Ἀτραμυτίου
3581 2573 3739 2642 Γεώρ-

2189 2675 2307 2727 γιον
2341 2659 2431 2710 τὸν
2471 2659 2808 2722 Μουζὰλῶνα
2833 2700 2848 2722 ,
2884 2661 3193 2724 συνοικίσας
3239 2663 3392 2734 αὑτῷ
3438 2669 3529 2718 aut
3555 2668 3647 2735 τὴν
3682 2665 3738 2717 ὲκ

2191 2749 2660 2822 Καντακουζηνῶν
2685 2750 3000 2823 Θεοδώραν,
3041 2753 3137 2804 τοῦ
3181 2753 3549 2824 Παλαιολὸγου
3591 2755 3736 2808 οὖσαν

2189 2842 2516 2911 ἀδελφιδῆν,
2557 2843 2647 2895 τὸν
2691 2843 2748 2896 δὲ
2785 2844 2901 2914 μετ’
2949 2846 3158 2899 ἐκεῖνον
3210 2846 3552 2917 Ἀνδρόνικον
3586 2848 3737 2916 μέγαν

2189 2935 2510 3004 δομέστικον
2536 2975 2552 3001 ,
2599 2935 2836 2989 Κλοῖστᾶ
2878 2935 2976 3007 τὴν
3013 2936 3109 2989 τοῦ
3152 2936 3350 2992 Ῥαοὺλ
3394 2939 3657 3010 θυγατέρα
3695 2939 3738 2990 cl

2191 3086 2460 3146 peccaret,
2492 3089 2688 3128 uovmu
2729 3073 3004 3130 fidelitatis
3047 3076 3315 3133 inviolatae
3391 3079 3735 3150 juramentum

516 3173 770 3234 reditum,
806 3181 1199 3240 appareretque
1231 3173 1612 3240 imperatorem
1644 3172 1716 3224 ita
1746 3172 1796 3223 itt
1837 3185 1960 3223 ettm
2009 3171 2090 3223 af-
2118 3171 2160 3229 C
2195 3169 2412 3239 proprie
2443 3167 2545 3222 sibi
2580 3168 2778 3220 dictata
2826 3170 2893 3221 ab
2921 3169 2986 3222 iis
3011 3169 3241 3224 formula
3263 3173 3545 3241 concepit;
3575 3173 3738 3240 sicque

514 3264 714 3318 fectum
751 3274 808 3316 ttt
859 3278 962 3316 non
996 3273 1216 3331 gravate
1261 3265 1608 3329 concederet,
1658 3265 1700 3315 si
1742 3264 1869 3333 quid
1901 3264 2090 3332 gratia:

519 3358 636 3408 loco
677 3361 945 3420 posceret,
981 3351 1235 3405 omnibus
1270 3352 1391 3405 aliis
1438 3354 1658 3408 omissis
1689 3368 1873 3420 preces
1902 3352 2095 3406 obtulit

517 3462 616 3515 pro
648 3444 969 3512 Palwologo,
997 3453 1048 3496 et
1075 3452 1133 3498 ttt
1162 3443 1280 3512 ejus
1316 3454 1568 3511 tauquam
1594 3443 1922 3496 calumniam
1949 3445 2090 3513 passi

518 3539 870 3592 misereretur
933 3537 1128 3589 oravit.
1172 3553 1189 3586 ι
1227 3535 1381 3600 Quod
1405 3535 1474 3600 si,
1511 3552 1544 3590 ο
1600 3537 1919 3604 imperator,
1970 3536 2094 3589 aie-

520 3631 654 3693 bat,
709 3627 1069 3696 suspicionem
1134 3625 1201 3680 de
1252 3626 1342 3678 illo
1394 3641 1502 3680 non
1536 3626 1692 3694 plene
1745 3625 1990 3695 deponis.
2041 3636 2096 3680 at

519 3721 610 3774 ille
635 3720 854 3788 quidem
927 3718 976 3770 in
1035 3729 1308 3785 posterum
1355 3718 1720 3787 qualicunque
1749 3732 1812 3772 ac
1859 3727 2092 3787 quanto-

518 3826 732 3879 cunque
761 3811 909 3864 voles
934 3810 1057 3862 fidei
1092 3811 1317 3880 pignore
1362 3810 1457 3863 tibi
1485 3810 1712 3873 eavebit,
1756 3826 1923 3879 seque
1963 3826 2095 3863 cen-

521 3903 664 3958 suris
685 3902 937 3958 Ecclesia:
956 3901 1460 3970 subjiciet,quarum
1484 3902 1924 3956 incurreudarum
1951 3915 2094 3956 metu

520 3996 605 4051 vel
637 3997 805 4066 ipsam
836 3994 1159 4048 defectionis
1184 3997 1429 4047 umbram
1460 4005 1812 4048 aversaturus
1863 3994 2087 4046 omnino

519 4089 613 4140 sit.
655 4087 823 4140 Homo
879 4085 1022 4139 enim
1076 4085 1418 4139 Christianus
1462 4084 1724 4154 judicium
1777 4085 1964 4152 utique
2007 4085 2095 4137 Dei

521 4181 893 4248 pertimescet,
945 4185 999 4230 et
1036 4178 1159 4245 ejus
1212 4177 1636 4231 comminatione
1687 4179 1910 4232 sancitis
1945 4178 2098 4230 “(Ille

522 4272 690 4324 stabit
725 4270 1043 4338 promissis;
1074 4283 1172 4321 nec
1199 4269 1488 4336 obligatam
1529 4267 1618 4320 tali
1650 4268 1971 4323 caeremouia
2002 4268 2098 4321 tibi

522 4376 590 4414 ac
624 4371 716 4412 tuo
749 4361 932 4429 generi
977 4362 1133 4412 fidem
1189 4375 1426 4428 unquam
1479 4360 1531 4414 itt
1585 4360 1829 4414 animum
1881 4360 2101 4415 inducet

523 4451 731 4507 fallere.
757 4469 778 4503 ι
817 4451 942 4506 Haec
972 4451 1284 4521 loquentem
1320 4451 1466 4504 illum
1515 4451 1808 4520 imperator
1839 4451 2102 4506 reveritus

2195 3262 2260 3314 ad
2318 3261 2614 3328 principem
2684 3276 2962 3327 reversus,
2997 3277 3188 3332 magna
3232 3273 3314 3318 est
3363 3265 3482 3334 ejus
3526 3265 3736 3319 bettevo.

2197 3352 2360 3407 lentia
2397 3363 2452 3408 et
2513 3353 2914 3422 significatione
2957 3357 3145 3422 gratiae
3196 3356 3474 3422 dignatus.
3525 3356 3629 3410 lloc
3654 3357 3730 3410 ille

2195 3459 2412 3499 Suarum
2443 3454 2584 3497 statu
2641 3458 2818 3500 rerum
2846 3445 3160 3515 iuvigilabat
3211 3448 3312 3502 sibi
3360 3450 3576 3511 acriter,
3604 3446 3734 3500 undi-

2195 3555 2299 3608 que
2328 3539 2771 3605 circumspiciens
2795 3553 2856 3593 ac
2882 3541 3274 3596 sollicitissime
3303 3545 3617 3604 observans.
3646 3555 3736 3608 quo

2196 3645 2255 3683 se
2288 3631 2433 3683 omni
2463 3632 2797 3699 superiorem
2831 3648 2994 3702 prava
3051 3635 3362 3702 suspicione
3416 3645 3662 3688 servaret.
3688 3629 3734 3682 In

2197 3736 2366 3790 caque
2393 3738 2522 3775 cura
2557 3723 2910 3792 custodiaque
2968 3729 3358 3793 perseverabat
3393 3742 3456 3780 eo
3490 3726 3736 3785 intentius,

2199 3828 2306 3883 quo
2339 3830 2398 3869 se
2437 3815 2490 3867 itt
2525 3814 2772 3867 maxima:
2824 3817 2978 3886 apice
3045 3818 3324 3885 dignitatis
3377 3819 3544 3886 magis
3592 3832 3736 3883 expo-

2199 3910 2361 3960 situm
2397 3909 2610 3962 invidiae
2633 3909 3123 3978 itnperantiumque
3169 3910 3459 3965 offensioni
3492 3909 3737 3970 cernebat,

2201 4003 2498 4070 praesertim
2520 4002 2752 4070 jttnioris
2784 4003 3022 4070 ipsorum
3050 4011 3104 4056 et
3165 4005 3500 4058 successoris
3531 4004 3578 4056 itt
3613 4000 3738 4069 prin-

2202 4105 2381 4160 cipatu
2436 4093 2766 4162 designati,
2834 4108 2865 4146 a
2923 4093 3080 4163 cujus
3135 4096 3436 4162 praesertim
3503 4091 3737 4163 StlSplcaCi

2207 4185 2390 4237 animo
2421 4183 2526 4239 sibi
2570 4193 2624 4238 ct
2651 4183 2875 4240 timebat
2910 4194 2962 4239 et
2996 4194 3255 4254 quantum
3280 4195 3492 4254 poterat
3519 4183 3734 4240 cavebat.

2203 4361 2257 4416 8.
2311 4359 2376 4415 Ut
2411 4361 2599 4432 junior
2646 4360 2898 4417 Lascaris
2931 4363 3166 4433 plurese
3201 4364 3588 4433 magis-(ratibus
3632 4376 3736 4414 con-

2480 4435 2712 4500 temptim
2763 4432 3035 4498 amouerit,
3065 4432 3188 4487 aliis
3233 4432 3488 4503 suffectis.

523 4543 766 4598 damnati
815 4556 1038 4598 carcere
1082 4542 1458 4597 liberationem
1513 4543 1620 4612 23
1668 4544 1895 4610 annuit,
1941 4544 2099 4613 polli-
2127 4559 2178 4618 D
2277 4547 2619 4614 Atquouiam
2649 4547 2735 4602 ltic
2791 4548 3008 4617 ingenio
3039 4547 3253 4603 ardenti
3290 4564 3412 4603 cum
3449 4561 3666 4618 prazceps
3694 4544 3733 4596 in

527 4650 657 4689 cens
686 4637 902 4703 insuper
970 4634 1155 4688 animo
1209 4649 1268 4689 se
1326 4634 1379 4688 iu
1437 4634 1584 4687 tlbtttt
1635 4635 1793 4703 plane
1844 4636 2102 4690 benevolo

529 4726 804 4793 futurum,
838 4728 884 4784 si
917 4727 964 4781 is
993 4739 1208 4796 quoque
1235 4742 1332 4797 pro
1361 4741 1441 4792 se,
1475 4727 1553 4780 uti
1583 4728 1889 4796 patriarcha
1938 4742 2106 4796 spon-

527 4822 707 4884 debat,
770 4834 923 4872 smt-n
981 4833 1107 4889 erga
1191 4821 1489 4888 principem
1549 4820 1785 4873 studium
1832 4819 2104 4887 fidemque

527 4918 830 4982 praestaret.
870 4908 1010 4964 Hinc
1063 4925 1187 4962 cum
1239 4912 1380 4980 apud
1447 4908 1752 4980 Acbyraum
1795 4909 2102 4979 patriarcha

529 5019 652 5057 cum
687 4984 934 5070 pluribus
963 5001 1123 5055 simul
1166 5002 1488 5070 praesulibus
1509 5001 1628 5054 aliis
1660 5002 1901 5067 adesset,
1935 5001 2103 5054 mittit

529 5099 596 5150 ad
631 5097 1036 5166 imperatorem,
1060 5105 1218 5164 prout
1249 5095 1362 5164 ipse
1397 5094 1700 5148 discedenti
1760 5094 2102 5163 prwsct'ipse-

535 5207 563 5245 r
601 5201 640 5255 t,
664 5207 692 5243 e
726 5190 1082 5243 familiaribus
1113 5204 1276 5242 unum
1312 5190 1618 5243 sacerdotio
1647 5188 1951 5258 praeditum,
1999 5201 2106 5254 quo

534 5283 827 5348 imperator
858 5289 1082 5349 excepto
1105 5279 1392 5347 auditoque
1420 5280 1578 5334 solvit
1617 5281 1873 5333 continuo
1905 5277 2106 5331 Palmu-

533 5373 715 5439 logum
753 5370 978 5424 vinculis
1002 5378 1057 5422 et
1086 5369 1150 5423 ad
1185 5369 1356 5439 ipsum
1390 5371 1751 5440 patt'iarcbam
1778 5370 2107 5438 perlibenter

535 5461 703 5516 tuittit
734 5475 853 5511 cum
886 5460 1174 5513 comitibus
1206 5464 1405 5528 pariter
1442 5461 1702 5516 liberatis.
1735 5461 1809 5514 Eo
1839 5476 1959 5513 cunt
1993 5474 2110 5528 per-

463 5546 469 5552 ’
534 5555 790 5618 venisset,
818 5563 1102 5622 postquam
1135 5554 1336 5608 audivit
1372 5569 1564 5624 graves
1600 5554 1651 5608 itt
1688 5556 1890 5624 synodo
1931 5563 1981 5605 et
2019 5567 2110 5606 ac-

537 5651 908 5700 commodatas
932 5659 1106 5698 causa:
1123 5659 1183 5696 ac
1217 5648 1442 5714 ten-puri
1467 5645 1862 5699 admonitiones
1884 5651 1937 5696 et
1964 5659 2111 5697 cam-

533 5736 859 5790 minationes
876 5733 1118 5799 Patrum,
1141 5733 1372 5790 obnoxie
1391 5734 1664 5804 professus
1692 5734 1827 5788 nibil
1860 5749 2112 5789 recusare

537 5842 592 5884 se
613 5827 882 5881 catzonica:
902 5826 1388 5882 animadversionis
1409 5841 1472 5880 ac
1489 5841 1645 5896 poma
1657 5842 1771 5881 rum
1790 5826 1835 5882 si
1857 5825 2112 5896 deinceps

2203 4640 2309 4694 alia
2341 4651 2537 4695 cuncta
2568 4640 2868 4708 ferebatur,
2896 4653 3007 4697 tum
3043 4642 3345 4698 facillimus
3401 4655 3517 4698 erat
3546 4648 3605 4695 ad
3640 4639 3731 4707 opi-

2207 4733 2444 4788 nandum
2477 4750 2596 4788 sese
2651 4736 2926 4789 contemni
2987 4735 3235 4807 (morbus
3285 4737 3427 4790 enim
3459 4752 3560 4804 quo
3612 4744 3738 4786 tene-

2205 4825 2362 4880 batur
2392 4837 2445 4879 et
2480 4825 2703 4878 multum
2745 4827 3058 4894 urgebatur,
3093 4838 3454 4898 opportunum
3513 4843 3624 4880 eunt
3656 4837 3731 4890 pa'

2207 4927 2492 4984 ratumque
2527 4916 2727 4972 talibus
2758 4917 3042 4972 credendis
3067 4921 3339 4988 rebusque
3371 4934 3506 4988 quas
3551 4916 3733 4969 audiret

2208 5016 2574 5061 autcerneret
2631 5009 2683 5060 itt
2726 5019 2935 5077 partem
2986 5011 3292 5078 sequiorem
3357 5002 3735 5076 interpretandis

2209 5096 2484 5164 faciebat),
2531 5096 2756 5152 Raulem
2786 5099 3035 5154 Alexium
3073 5105 3471 5171 protovestiarii
3511 5098 3736 5169 dignitate

2209 5196 2460 5240 ornatum
2493 5189 2671 5255 privat
2712 5192 3057 5258 magiStratu,
3092 5202 3147 5245 et
3205 5194 3323 5260 ejus
3356 5195 3406 5247 in
3443 5193 3602 5246 locum
3631 5198 3735 5254 pro-

2211 5291 2387 5333 tumet
2425 5281 2715 5349 Georgium
2769 5282 3105 5336 analonem
3167 5286 3598 5355 Atramyttiuum,
3648 5271 3736 5344 28

2209 5371 2292 5422 eui
2321 5378 2374 5421 et
2423 5369 2759 5423 'l‘beodoratn
2814 5385 2846 5420 ει
2884 5372 3386 5428 Cautacuzcuorum
3445 5383 3612 5441 gente,
3657 5367 3736 5418 Pa-

2210 5459 2417 5530 lazologi
2446 5470 2658 5528 neptem
2689 5476 2754 5515 ex
2797 5477 3008 5526 sorore,
3036 5465 3185 5517 dedit
3232 5465 3536 5535 conjugem.
3591 5456 3734 5525 Hujus

2209 5569 2426 5622 quoque
2487 5552 2708 5606 fratrem
2781 5557 3045 5608 minorem
3102 5556 3466 5611 Andronicum
3515 5563 3732 5620 magnum

2211 5643 2566 5697 domeSticutu
2627 5656 2797 5707 creat,
2854 5647 3120 5700 collocata
3175 5649 3276 5717 ipsi
3334 5650 3384 5702 itt
3429 5636 3735 5700 matrimonio

2212 5736 2410 5790 Cloista
2465 5734 2652 5790 Baulis
2693 5736 2820 5792 filia.
2861 5738 3102 5793 Tertium
3134 5742 3366 5810 denique
3427 5742 3598 5794 borum
3645 5729 3733 5782 I'ra-

2217 5841 2352 5884 trem
2387 5828 2878 5899 prOthieracarium
2925 5830 3041 5887 sive
3094 5846 3364 5888 summum
3427 5821 3734 5897 accipitrarix
