3952 6516
203 407 286 467 457

1114 404 1211 463 DE
1252 398 1642 462 MlCHAELE
1682 390 2141 455 FALIEOLOGO
2182 391 2325 449 LIB.
2370 391 2416 448 Ι.

3295 391 3398 452 458

200 516 550 587 συναρμόσας,
578 517 670 569 τδν
705 514 761 567 δὲ
804 514 988 584 τρίτον
1018 514 1127 566 τῶν
1154 513 1397 581 ἀδελφῶν
1435 507 1730 579 προϐάλλε·
1759 510 1804 568 Α
1832 503 2038 557 δεδιότα
2082 502 2169 555 διὰ
2200 502 2299 571 τὴν
2334 501 2739 571 ὑποτρέχουσαν
2776 503 2874 572 τῆς
2916 500 3089 573 ἀρχῆς
3130 501 3390 571 ὑποψίαν.

196 627 269 660 ται
300 605 776 675 πρωθιερακάριν,
817 605 1013 673 ἄνδρας
1044 605 1143 655 οὐκ
1172 602 1451 665 εὐγενείας
1472 601 1567 671 μὲν
1603 614 1731 667 μετ-

194 698 391 766 έχοντας
434 694 495 745 τὸ
544 694 825 763 παράπαν,
857 695 935 754 εἰς
961 690 1351 752 παιδοπούλους
1385 689 1442 741 δὲ
1475 687 1730 740 αὐθεντοο

194 786 551 853 πουλευομένῳ
571 783 935 853 τεταγμένους
959 782 1127 851 αὐτῷ.
1164 782 1267 833 Δύο
1309 782 1489 847 μέντοι
1519 795 1582 844 γε
1621 776 1731 829 τῶν

195 878 519 946 μεγιστάνων
550 877 658 927 τῶν
683 874 944 943 ὀμμάτων
975 875 1175 942 στερεῖ,
1209 867 1282 923 ὦν
1322 874 1348 923 ὁ
1376 870 1474 940 μὲν
1505 863 1585 932 εἷς
1617 867 1731 930 υίὸς

193 965 248 1036 ἦν
276 966 362 1018 τοῦ
396 963 883 1035 Στρατηγοπούλου
934 963 1192 1027 Ἀλεξίου,
1235 963 1261 1013 ὀ
1301 962 1729 1023 Κωνσταντῖνος,

191 1057 240 1117 ὃς
268 1054 479 1124 ἠξιοῦτο
503 1056 596 1106 καὶ
626 1053 823 1122 κήδους
847 1052 965 1121 (τὴν
990 1052 1096 1119 γὰρ
1127 1047 1415 1116 ἀδελφιδῆν
1449 1045 1542 1098 τοῦ
1577 1044 1734 1114 βασις

191 1144 306 1203 λέως
380 1140 631 1193 Ἰωάννου
673 1138 883 1191 ἐκείνου
928 1138 1157 1197 διδόντος
1206 1130 1361 1204 εἶχε)
1403 1130 1735 1202 περιφανοῦς

191 1235 271 1286 καὶ
316 1231 461 1300 μάλα
491 1230 745 1301 λαμπροῦ
773 1270 786 1293 ,
835 1229 1029 1297 ἅτερος
1071 1227 1102 1279 ὁ
1138 1226 1300 1294 Φιλῆς
1342 1221 1408 1292 ἦν
1436 1223 1734 1293 Θεόδωρος.

192 1325 285 1376 Καὶ
317 1321 467 1374 πόλλ’
497 1322 633 1374 ἄττα
678 1320 1041 1388 ἐκαινοτόμει,
1083 1318 1181 1386 τὴν
1224 1318 1398 1385 ὀφρὺν
1445 1316 1554 1366 τῶν
1600 1312 1736 1383 πρὸς

192 1416 407 1483 αἵματος
444 1412 748 1481 καθαιρῶν,
781 1413 874 1463 καὶ
900 1410 961 1462 τὸ
984 1409 1225 1477 ἀσφαλὲς
1250 1405 1501 1459 ἐντεῦθεν
1529 1403 1731 1473 ἑαυτῷ,

188 1506 253 1566 ὡς
308 1504 480 1573 ᾤετο,
538 1503 1024 1575 προμηθούμενος·
1071 1500 1131 1552 οὐ
1181 1500 1288 1568 γὰρ
1339 1497 1600 1552 ἀναπνεῖν
1652 1494 1737 1547 εἴα

190 1598 382 1647 ἐκεῖνον
422 1598 454 1663 ἡ
504 1594 697 1656 νόσος,
734 1594 952 1661 νύκτωρ
987 1591 1081 1642 καὶ
1134 1588 1253 1658 μεθ’
1297 1586 1508 1657 ἡμέραν
1549 1585 1617 1639 τά
1662 1584 1737 1654 μὴ

190 1686 314 1740 καλὰ
350 1686 778 1754 φανταζόμενον.

189 1797 249 1851 θ’.
280 1797 477 1863 Ὅπως
513 1799 548 1850 ό
578 1798 768 1860 Κότυς
794 1795 899 1848 τὸν
922 1792 1333 1861 Παλαιολόγον
1356 1789 1737 1859 παρασκευά-

455 1862 533 1926 ζει
567 1869 981 1934 αὐτομολησαι
1018 1865 1169 1933 πρὸς
1199 1862 1458 1930 Πέρσας.

251 1958 378 2010 Τότε
416 1958 480 2027 δὴ
509 1962 605 2009 καὶ
635 1957 731 2008 τοῦ
775 1955 1142 2021 Παλαιολόγου
1170 1954 1249 2016 εἰς
1282 1951 1521 2020 κεφαλὴν
1546 1964 1740 2014 τεταγ-

196 2052 345 2119 μένου
399 2048 741 2112 Μεσοθυνιας
791 2050 885 2100 καὶ
937 2046 1117 2100 αὐτῶν
1166 2044 1489 2113 ὀπτιμάτων
1530 2039 1739 2095 ἐκείνου

194 2142 585 2211 προστάξαντος
603 2180 617 2206 ,
656 2142 748 2192 καὶ
774 2139 842 2192 τὰ
883 2138 1051 2191 πολλὰ
1074 2137 1193 2190 κατ’
1227 2134 1443 2188 Ἰταλῶν
1472 2131 1742 2201 πράττον-

194 2250 273 2295 τος
297 2273 308 2293 .
336 2235 544 2304 προσῆν
575 2248 659 2294 τις
694 2231 788 2283 τοῦ
816 2228 1102 2292 παλατίου,
1140 2229 1317 2291 Κότυς
1347 2226 1635 2291 ἐπώνυμον
1665 2220 1743 2290 τῷ

194 2325 365 2393 diripi,
414 2326 505 2377 καὶ
542 2324 623 2388 εἰς
669 2324 738 2377 τά
787 2323 1021 2393 μάλιστά
1061 2323 1109 2375 οἱ
1144 2320 1253 2372 τῶν
1286 2318 1457 2387 φίλων
1489 2315 1584 2370 ὢν.
1633 2312 1746 2366 Καὶ

192 2415 339 2481 δῆλος
395 2412 462 2485 ἦν
511 2416 639 2487 περὶ
692 2414 865 2482 τούτῳ
917 2412 1167 2481 ἀγωνιῶν
1201 2411 1260 2474 ἐξ
1308 2405 1382 2462 ὧν
1416 2409 1553 2479 πρὸς
1585 2404 1745 2459 αὐτὸν

196 2506 416 2577 διεξῄει,
452 2507 581 2569 καὶ,
635 2524 653 2557 ι
691 2506 750 2557 Et
786 2505 860 2575 μὴ
898 2503 1163 2575 φυγαδείᾳ
1195 2503 1445 2573 χρήσαιο,
1474 2517 1492 2550 ι
1537 2497 1743 2564 ἔλεγεν,

202 2614 219 2647 t
253 2598 468 2669 ἡμερῶν
509 2597 707 2665 ὀλίγων
747 2599 827 2659 είς
870 2598 1012 2666 μέγα
1070 2594 1354 2665 συμφορᾶς
1391 2591 1461 2643 τὰ
1501 2588 1643 2644 κατά
1685 2587 1746 2639 σὲ

200 2692 543 2761 προϐήσεται.
592 2690 736 2742 Ἀλλ’
781 2690 892 2742 οὐδ’
939 2689 1060 2758 ἐμοὶ
1099 2685 1417 2739 τούντεῦθεν
1464 2681 1747 2736 ἀκίνδυνον

202 2786 396 2851 μένειν,
424 2784 536 2836 ἀλλ’
558 2783 960 2852 αὐτομολητέον
986 2781 1122 2850 πρὸς
1150 2781 1365 2851 Πέρσας
1390 2777 1481 2831 καὶ
1505 2775 1747 2847 ἀμφοτὲ-

205 2891 325 2943 ροις,
356 2877 408 2929 εἰ
440 2893 521 2928 σοι
574 2876 724 2944 μέλει
763 2876 872 2929 τῶν
912 2872 1226 2942 ὀφθαλμῶν.
1261 2890 1279 2922 ι
1329 2870 1515 2923 Ταῦτα
1559 2870 1745 2937 λέγει,

205 2968 286 3017 καὶ
314 2968 481 3020 πείθει
514 2965 873 3036 πληροφορῶν
901 2965 1053 3033 φίλος
1078 2963 1152 3015 ὢν
1185 2962 1276 3015 τὸν
1300 2963 1389 3015 ἀεὶ
1416 2961 1546 3032 περὶ
1573 2958 1750 3029 ἐαυτῷ

207 3145 488 3198 venationis
542 3154 599 3198 et
653 3143 788 3212 regii
847 3141 1059 3210 aucupii
1114 3139 1426 3210 praefectum
1482 3139 1747 3202 nominat,

209 3231 435 3288 homines
461 3236 699 3303 patriciae
731 3234 1030 3289 nobilitatis
1087 3248 1311 3302 prorsus
1348 3243 1622 3302 expertes,
1650 3231 1750 3284 sibi

211 3338 324 3380 vero
352 3328 535 3402 puerili
571 3326 936 3381 familiaritate
995 3336 1153 3380 notos
1201 3339 1265 3379 ac
1323 3324 1750 3385 connuendatos,

211 3414 337 3477 quod
388 3414 483 3479 ipsi
538 3416 608 3468 ab
658 3415 885 3469 infantia
947 3414 1088 3468 inter
1146 3413 1468 3467 honorarius
1518 3412 1753 3481 ephebos

212 3504 591 3568 apparuissent.
653 3502 796 3556 Duos
847 3502 979 3571 quin
1050 3504 1211 3555 etiam
1266 3517 1333 3553 ex
1406 3498 1755 3568 optimatibus

212 3591 368 3645 oculis
419 3593 681 3662 privavit;
745 3608 977 3662 quorum
1039 3592 1178 3647 alter
1232 3592 1375 3645 filius
1429 3589 1533 3643 fuit
1584 3587 1754 3641 Alexii

217 3680 575 3751 Strategupuli,
614 3685 716 3737 viri
781 3684 1104 3753 peritlustris
1132 3697 1196 3736 ac
1227 3683 1280 3734 in
1314 3682 1504 3751 primis
1562 3679 1747 3748 splen-

217 3769 332 3834 didi,
369 3771 755 3825 Constantinus
786 3772 1023 3835 nomine,
1056 3770 1308 3839 dignatus
1346 3770 1413 3822 ab
1450 3769 1563 3837 ipso
1583 3765 1757 3819 aliini-

222 3867 316 3911 tate
352 3863 515 3930 regia,
565 3862 830 3931 siquidem
884 3872 1095 3929 neptem
1143 3858 1481 3929 imperatoris
1534 3855 1759 3910 Joannis

220 3947 298 4003 illo
326 3956 559 4008 tradente
590 3969 813 4007 uxorem
848 3954 1057 4007 habuit.
1102 3952 1253 4005 Alter
1282 3949 1605 4003 Theodorus
1624 3946 1752 4000 Phi-

222 4039 285 4093 les
313 4053 443 4097 erat.
484 4043 610 4099 "me
640 4045 729 4099 ille
758 4054 812 4098 et
836 4044 939 4097 alia
979 4042 1143 4095 multa
1178 4056 1315 4095 nova
1364 4039 1608 4107 exempla
1631 4038 1760 4092 ede-

223 4130 301 4184 bat
343 4134 547 4196 indies,
583 4136 820 4187 intentas
863 4132 1215 4201 deprimendo
1268 4128 1559 4197 supercilio
1608 4128 1761 4197 prin-

224 4222 382 4288 cipum
416 4226 540 4293 regii
580 4224 880 4294 sanguinis,
933 4224 1061 4277 inde
1107 4221 1455 4276 securitatem
1484 4219 1587 4274 sibi
1634 4233 1761 4286 pru-

224 4310 374 4379 denti,
404 4328 457 4368 ut
482 4316 697 4384 quidem
721 4313 1108 4377 arbitrabatur,
1140 4312 1374 4367 consilio
1404 4326 1620 4378 parans.
1645 4307 1761 4363 Non

229 4406 352 4455 enim
383 4412 646 4474 κενῆς-διο
674 4406 820 4459 illum
854 4406 1071 4460 sinebat
1105 4403 1327 4458 morbus
1356 4403 1446 4456 diu
1489 4411 1759 4470 noctuque

231 4503 373 4557 prim
399 4492 804 4568 imaginantem.

290 4606 336 4662 9.
404 4604 468 4659 Ut
506 4611 656 4681 Cotys
717 4609 1017 4681 Pala’ologo
1056 4606 1366 4678 persuaserit
1420 4604 1599 4675 [agam
1629 4603 1697 4656 ad

866 4680 1082 4733 Persas.

289 4766 412 4820 Tu.u
443 4767 716 4822 enimvero
754 4766 1054 4839 Palaeologo
1085 4766 1435 4836 MesOthyniae
1490 4762 1768 4832 praefecto,

234 4858 606 4926 praepositoque
659 4857 787 4925 ipsis
820 4859 1170 4926 eptimatibus
1216 4857 1372 4925 jussu
1409 4853 1769 4923 imperatoris,

234 4960 285 4999 ac
310 4959 524 5003 strenue
554 4960 747 5002 comra
784 4948 944 5002 Italos
976 4964 1088 5002 rem
1119 4962 1184 5019 ge
1200 4948 1363 5008 renti,
1388 4945 1563 5000 adfuit
1608 4959 1639 4997 e
1670 4956 1770 5012 pa-

233 5036 341 5093 latio
373 5043 590 5109 quidam
620 5053 977 5110 cognomento
1037 5041 1224 5113 Cotys,
1267 5058 1332 5096 ex
1389 5041 1596 5094 intimis
1624 5038 1766 5107 ejus,

235 5129 358 5181 vultu
383 5130 476 5199 qui
514 5130 846 5199 signiﬁcaret
877 5145 998 5185 eum
1040 5148 1145 5186 non
1193 5147 1379 5201 parum
1409 5131 1533 5199 angi
1564 5129 1632 5182 iis
1650 5142 1773 5197 qua:

234 5213 452 5274 dicturus
513 5222 799 5287 veniebat;
840 5224 1038 5290 quibus
1071 5221 1332 5291 expositis
1367 5239 1380 5274 :
1424 5240 1441 5271 ιι
1484 5222 1563 5275 Ac
1593 5220 1692 5274 nisi
1722 5227 1772 5273 te

235 5302 341 5375 fuga
392 5312 645 5380 proripis,
677 5329 696 5361 ι
746 5312 1023 5382 adjunxit,
1060 5332 1079 5364 ι
1104 5316 1288 5383 paucis
1332 5312 1526 5367 diebus
1558 5313 1610 5365 in
1662 5326 1774 5364 ina-

235 5411 374 5463 gnatu
407 5401 768 5457 calamitatem
809 5420 894 5458 res
926 5417 1027 5459 tua:
1053 5404 1426 5474 prolabentur.
1464 5404 1573 5459 Sed
1597 5416 1774 5471 neque

235 5490 345 5543 mihi
369 5501 485 5545 tuta
513 5493 599 5545 hic
629 5496 881 5562 deinceps
910 5496 1017 5565 25
1048 5512 1197 5549 mora
1229 5506 1336 5561 est,
1372 5511 1561 5550 verum
1592 5506 1775 5549 trans-

235 5576 527 5649 fugiendum
576 5582 645 5635 ad
676 5580 867 5637 Persas
891 5592 1088 5651 pariter
1127 5589 1361 5653 ,utrique
1425 5595 1691 5648 nostrum,
1727 5583 1772 5638 si

237 5674 491 5728 qulorum
524 5690 651 5729 cura
687 5676 781 5729 tibi
807 5686 908 5731 est.
937 5696 954 5727 ι
1000 5678 1125 5732 Haec
1165 5677 1290 5742 ille;
1321 5693 1439 5747 quae
1473 5677 1631 5731 facile
1651 5690 1771 5744 per-

234 5766 383 5820 suasit
412 5766 618 5821 amicus
644 5769 841 5832 amico,
876 5768 979 5822 sibi
1035 5783 1252 5837 semper
1299 5771 1503 5825 timenti
1536 5778 1754 5838 pr0ptcr

526 5859 798 5923 PATROL.
833 5851 955 5923 'Gn.
993 5864 1083 5922 CX
1096 5864 1221 5924 LIlI

1835 595 1967 648 Οὐδὲ
1999 597 2107 663 γὰρ
2159 593 2278 645 οὐδὲ
2312 592 2402 645 τὸν
2436 592 2583 645 Θεῖον
2608 594 2796 646 τούτου
2838 596 2917 656 εἰς
2960 594 3133 663 μέγαν
3162 609 3393 663 χαρτου·

1833 688 2021 756 λάριον
2049 686 2377 754 τεταγμένον
2400 724 2414 748 ,
2459 684 2819 752 Παλαιολόγον
2853 684 3073 755 Μιχαὴλ
3104 685 3200 738 καὶ
3229 686 3393 737 αὐτὸν

1834 778 2101 832 ἀκούοντα
2123 817 2136 839 ,
2186 776 2467 828 ἀκίνδυνον
2513 775 2599 827 εἴα
2631 776 2664 845 ἡ
2701 775 2902 843 ὑποψία
2923 815 2937 839 ,
2971 776 3103 829 ἀλλὰ
3133 777 3262 845 περὶ
3292 774 3397 843 τῆς

1835 868 2011 938 ἀρχῆς
2055 866 2397 934 ἐρωτηθέντα
2443 865 2719 925 ἀπλοῑκῶς
2769 864 2933 930 φάναι
2978 864 3193 931 λέγεται
3227 863 3393 927 timet

1836 955 2247 1026 κεχρεὼστηταί
2285 972 2361 1025 τῳ
2397 955 2534 1025 πρὸς
2565 953 2703 1006 Θεοῦ
2736 952 2805 1004 ,τὸ
2834 952 2993 1021 ἄρξαι
3066 954 3130 1022 [Ρ
3164 952 3251 1022 i3]
3297 953 3396 1004 ἀν-

1837 1049 2090 1108 υπαίτιος
2119 1048 2146 1098 ὁ
2186 1045 2515 1114 καλούμενος
2534 1063 2549 1077 -
2576 1037 2636 1097 οὗ
2665 1046 2727 1115 δὴ
2758 1048 2915 1113 χάριν
2959 1046 3049 1096 καὶ
3079 1044 3398 1113 νεμεσηθεὶς

1836 1132 1950 1192 οἷον
1972 1137 2121 1206 παρά
2151 1140 2241 1188 τοῦ
2269 1136 2617 1206 κρατοῦντος,
2663 1138 2712 1189 ει
2745 1138 2983 1197 ⁸ικποῦτος
3023 1136 3098 1188 ὢν
3135 1135 3396 1196 τοιούτοις

1842 1227 2162 1298 μετεωρίζει
2211 1228 2300 1278 τὸν
2348 1226 2504 1291 νοῦν,
2554 1229 2620 1295 τῇ
2660 1227 2874 1295 φυλακῇ
2917 1227 3116 1279 δίδοται
3158 1224 3398 1293 δέσμιος.

1839 1318 1973 1371 Τότε
2018 1319 2201 1370 τοίνυν
2234 1316 2421 1386 μαθὼν
2470 1319 2568 1368 καὶ
2604 1317 2679 1378 ὡς
2716 1319 2856 1380 εἰκὸς
2902 1317 3102 1379 δείσας,
3139 1317 3187 1368 εἰ
3228 1316 3401 1384 μένων

1845 1413 1941 1481 μὲν
1972 1409 2303 1472 κινδυνεύοι,
2343 1408 2515 1461 δεινὸν
2546 1410 2732 1477 ἠγεῖτο
2772 1410 2863 1461 καὶ
2890 1409 3007 1461 λίαν
3046 1408 3305 1468 ἐλεεινὸν,
3341 1405 3404 1457 τδ

1838 1504 1884 1555 δ’
1924 1501 2245 1570 αὐτομολεῖν
2281 1499 2433 1562 αὖθις
2467 1501 2602 1571 πρὸς
2636 1499 2944 1570 ἀλλοτρίους
2984 1500 3247 1568 σωτήριον
3281 1496 3402 1565 μὲν⁹

1840 1592 1954 1646 ἀλλ’
1988 1592 2275 1661 ἐπίμωμον
2308 1592 2512 1661 ἔκρινε.
2551 1591 2702 1653 Τέως
2749 1590 2805 1643 δὲ
2840 1590 2985 1642 δυοῖν
3026 1588 3408 1665 νομιζομένων

1841 1686 2052 1749 κακοῖν,
2081 1682 2179 1743 τοῦ,
2203 1682 2370 1750 φόῦου
2398 1682 2808 1748 προστεθέντος,
2838 1682 3071 1751 αἱρεῖται
3095 1679 3406 1732 τοῠλαττον.

1842 1775 1952 1828 Καὶ
1980 1774 2043 1843 δὴ
2088 1776 2152 1826 ὲκ
2189 1771 2399 1825 πολλῶν
2423 1813 2437 1837 ,
2471 1772 2549 1834 ὡς
2598 1767 2710 1841 εἶχε
2732 1812 2746 1837 ,
2788 1771 3314 1842 προμηθευσάμενος
3348 1772 3410 1822 τὸ

1775 1852 1814 1908 Β
1847 1866 2143 1938 ἀφώρατον
2166 1906 2180 1931 ,
2219 1863 2552 1936 παραλαϐὼν
2594 1867 2686 1917 καί
2729 1881 2880 1925 τινας
2918 1863 3026 1916 τῶν
3066 1862 3281 1916 οἰκείων
3316 1862 3412 1915 καὶ

1846 1961 1936 2012 τὸν
1976 1959 2223 2028 ποταμὸν
2264 1957 2596 2028 περαιωθεὶς
2640 1957 2939 2025 Σάγγαριν,
2976 1957 3075 2026 τὴν
3107 1956 3236 2008 sibi;
3272 1955 3413 2022 Περ-

1849 2053 1990 2113 σίδος
2019 2050 2125 2104 ἀνά
2155 2051 2356 2122 κράτος
2388 2048 2529 2102 ἵεται
2560 2051 2652 2101 καὶ
2685 2049 2761 2121 τῷ
2794 2049 3022 2102 σουλτάν
3078 2048 3409 2118 προσχωρεῖ.

1858 2140 1919 2192 Ὀ
1949 2138 1996 2192 δ’
2032 2140 2281 2209 ἁσμένως
2306 2138 2523 2207 δέχεται
2550 2137 2737 2189 τοῦτον
2767 2141 2863 2190 καὶ
2893 2138 3029 2207 τιμᾷ
3064 2139 3174 2199 τοῖς
3202 2152 3409 2205 προστι-

1849 2249 2024 2286 κουσι.
2053 2230 2205 2295 Τέως
2228 2230 2285 2283 δέ
2325 2247 2388 2297 γε
2414 2230 2517 2283 κάν
2545 2231 2608 2298 τῇ
2639 2228 2909 2298 ἀλλοδαπῇ
2945 2228 3207 2298 σημαίαις
3253 2226 3415 2295 βασιο

1850 2325 2035 2388 λικαῖς
2068 2321 2534 2393 παραταξάμενος
2576 2324 2674 2373 σὺν
2716 2320 2943 2382 ἐκείνοις
2986 2320 3129 2371 κατὰ
3174 2319 3285 2370 τῶν
3326 2319 3415 2386 ἐχ·

1852 2416 1998 2488 θρῶν
2033 2414 2128 2468 τοῦ
2162 2415 2392 2467 σουλτάν
2419 2414 2734 2484 ἀριστεύει,
2777 2411 2870 2464 τδν
2916 2410 3175 2480 βασιλέα,
3218 2408 3272 2461 εῐ
3313 2425 3413 2459 που

1852 2508 2074 2561 ἀκούσοι
2094 2548 2107 2571 ,
2138 2505 2392 2560 ἐντεῦθεν
2423 2503 2924 2575 ἐκμειλισσόμενος.
2951 2499 3082 2555 Εἶτα
3111 2498 3418 2570 μεταμελη-

1853 2601 2001 2668 θεὶς,
2057 2595 2173 2652 οἷον
2233 2600 2328 2652 καὶ
2377 2598 2765 2670 παλινδρομεῖν
2818 2595 3289 2667 προαιρούμενος,
3340 2592 3420 2662 τῷ

1851 2691 2105 2763 τηνικάδε
2135 2690 2360 2745 Ἰκονίου
2389 2691 2778 2761 προσέρχεται,
2803 2688 2897 2741 καί
2920 2689 2968 2740 οἱ
2999 2686 3192 2756 μεσίτῃ
3218 2685 3417 2754 χρᾶται

1853 2784 1992 2854 πρὸς
2024 2783 2283 2852 βασιλέα,
2332 2782 2386 2833 εἴ
2422 2799 2538 2845 πως
2582 2782 2651 2832 τὰ
2685 2780 2851 2831 πιστά
2900 2779 3191 2848 γράμμασι
3238 2776 3421 2835 δόντος

1855 2870 2095 2933 ἐκείνου,
2125 2867 2160 2940 ἦ
2207 2870 2314 2940 μὴν
2340 2870 2439 2941 τὴν
2473 2868 2643 2939 ὀργὴν
2674 2867 2933 2937 καθαρῶς
2963 2868 3240 2935 ἀνασχεῖν,
3268 2864 3419 2933 αὐτῷ

1858 2962 1950 3014 καὶ
2008 2960 2168 3014 πάλιν
2226 2960 2541 3013 ἐπανελθεῖν
2598 2961 2827 3027 γένοιτο.
2883 2957 2988 3010 Τοῦ
3043 2958 3098 3010 δὲ
3163 2957 3418 3029 ίεράρχου

1860 3142 1997 3198 clam
2034 3151 2368 3210 grassantem
2410 3144 2473 3197 de
2501 3158 2558 3197 se
2614 3141 2971 3211 suSpicionem
3015 3140 3251 3195 affectati
3318 3141 3419 3193 im-

1855 3233 2012 3302 perii.
2056 3231 2190 3285 Nam
2248 3248 2314 3286 ne
2352 3241 2597 3300 patruum
2630 3232 2843 3300 quidem
2876 3229 2990 3299 ejus
3048 3231 3100 3283 itt
3163 3245 3418 3297 magnum

1854 3322 2249 3377 cltartularium
2289 3332 2623 3391 cooptatum,
2655 3322 2745 3392 qui
2790 3331 2843 3376 et
2886 3322 3003 3390 ipse
3062 3320 3290 3375 Michael
3324 3320 3423 3373 Pa-

1854 3410 2108 3479 laculogus
2133 3412 2448 3473 vocabatur,
2473 3410 2589 3464 sine
2651 3410 2896 3479 periculo
2944 3424 3064 3465 esse
3118 3410 3423 3479 patiebatur

1857 3502 2122 3571 suspicio.
2160 3500 2297 3554 Cum
2344 3503 2490 3556 enim
2551 3502 2596 3555 is
2642 3502 3007 3570 interrogatus
3066 3502 3132 3556 de
3194 3503 3423 3569 imperio

1858 3594 2082 3647 candide
2113 3593 2454 3662 respondisse
2488 3592 2778 3657 diceretur,
2835 3595 2878 3646 si
2914 3594 2997 3647 cui
3025 3591 3287 3647 divinitus
3325 3592 3423 3645 de-

1859 3686 2100 3749 beretur,
2136 3684 2281 3737 illum
2308 3686 2531 3753 impune
2560 3698 2847 3751 capessere
2867 3684 2956 3753 qui
2988 3693 3300 3747 vocaretur,
3352 3694 3421 3735 eo

1862 3776 2011 3829 dicto
2038 3778 2209 3829 relatu
2235 3776 2441 3829 invisus
2466 3787 2774 3843 exosusque
2805 3774 3143 3843 imperatori,
3200 3787 3313 3826 rem
3340 3773 3425 3825 in-

1861 3867 2075 3935 dignam
2138 3881 2235 3919 nec
2283 3866 2555 3919 ferendam
2614 3866 2876 3919 arbitrato
2927 3864 3083 3917 talem
3146 3864 3319 3916 virum
3372 3862 3422 3915 in

1858 3957 2125 4027 ejusmodi
2165 3956 2522 4026 cogitationes
2572 3965 2808 4010 mentem
2865 3954 3129 4019 attollere,
3165 3952 3426 4007 custodia:

1864 4048 2078 4101 vinctus
2105 4046 2359 4100 traditur.
2408 4044 2617 4111 Quibus
2655 4045 2744 4098 ille
2799 4043 3018 4107 auditis,
3073 4043 3281 4109 sibique
3315 4054 3420 4094 non

1864 4140 2136 4193 immerito
2164 4146 2429 4200 metuens,
2469 4137 2595 4190 hinc
2617 4136 2833 4205 quidem
2870 4148 3033 4203 grave
3068 4142 3123 4188 et
3163 4145 3423 4201 perquam

1866 4226 2229 4282 miserandum
2259 4226 2483 4294 putabat
2515 4240 2635 4279 eum
2676 4233 2822 4277 tanto
2853 4223 3097 4291 periculo
3124 4235 3427 4282 remanere,

1867 4318 1992 4374 inde
2021 4333 2151 4372 vero
2178 4318 2245 4372 ad
2276 4327 2529 4371 externos
2558 4314 2898 4379 transfugere
2914 4315 3155 4368 salutare
3184 4314 3426 4381 quidem,

1868 4418 1927 4464 at
1978 4408 2299 4476 probrosum
2367 4406 2668 4477 judicabat.
2733 4405 2913 4472 Quare
2963 4421 3087 4460 cum
3139 4414 3430 4474 utrumque

1793 4516 1845 4575 ι)
1883 4502 2080 4554 malum
2120 4500 2415 4564 videretur,
2446 4506 2671 4566 urgente
2723 4497 2790 4549 ad
2840 4496 3141 4565 eligendum
3200 4495 3429 4549 alterum

1869 4592 2109 4661 periculo
2138 4592 2408 4660 praesenti,
2432 4592 2571 4658 quod
2613 4587 2790 4642 minus
2820 4602 2849 4641 e
2879 4587 3093 4641 duobus
3137 4594 3220 4640 est
3252 4586 3426 4639 visunt

1868 4683 2089 4753 aptavit.
2129 4681 2316 4749 Itaque
2347 4679 2513 4733 multa
2545 4679 2782 4733 adhibita
2832 4678 2899 4731 ad
2944 4678 3229 4747 latendum
3254 4685 3435 4730 atten-

1870 4762 2018 4828 tione
2051 4788 2114 4828 ac
2138 4774 2439 4842 diligentia,
2473 4769 2812 4839 adscitisque
2844 4764 3174 4838 quibusdam
3209 4781 3239 4821 e
3270 4766 3431 4821 fami-

1870 4865 2121 4927 liaribus,
2144 4863 2464 4917 transmisso
2491 4859 2712 4914 ﬂumine
2742 4861 2973 4929 Sangari
3004 4866 3146 4912 recta
3185 4858 3239 4911 in
3298 4856 3429 4911 Per-

1874 4955 2049 5009 sidem
2128 4954 2336 5022 magnis
2372 4951 2651 5006 contendit
2685 4950 3003 5012 itineribus,
3054 4948 3436 5015 sultanumque

1872 5045 2147 5106 convenit,
2186 5045 2278 5112 qui
2301 5043 2575 5096 hominem
2603 5057 2722 5095 cum
2756 5041 2951 5110 gaudio
2979 5049 3033 5093 et
3082 5038 3279 5107 quibus
3331 5053 3430 5106 par

1876 5148 1988 5191 erat
2024 5120 2323 5191 honoribus
2380 5134 2602 5203 excipit.
2654 5130 2768 5185 Hoc
2826 5130 3041 5183 interim
3093 5130 3267 5195 spatio
3291 5129 3432 5196 apud

1873 5237 2095 5283 exteros
2138 5226 2237 5279 sub
2297 5225 2460 5292 regiis
2506 5222 2715 5277 vexillis
2759 5235 2880 5274 eum
2942 5218 3187 5273 hostibus
3233 5219 3430 5273 sultani

1874 5334 2198 5387 congressus
2237 5316 2532 5371 fortissime
2579 5329 2636 5368 se
2671 5313 2831 5383 gerit,
2866 5311 3247 5379 imperatorem
3283 5309 3433 5377 inde,

1873 5412 1919 5467 si
1956 5412 2094 5464 forte
2125 5409 2357 5471 audiret,
2385 5407 2488 5461 sibi
2517 5402 2913 5458 conciliandum
2942 5408 3033 5452 aut
3064 5400 3256 5454 saltem
3295 5400 3398 5453 deli
3418 5429 3433 5440 -

1878 5502 2133 5556 niendum
2159 5511 2403 5566 sperans.
2432 5495 2560 5548 Inde
2609 5495 2784 5563 palam
2820 5493 3089 5561 pmnitens
3132 5489 3436 5559 transfugii.

1874 5608 1937 5647 ac
1965 5592 2075 5662 26
2105 5602 2381 5644 recurrere
2406 5589 2471 5639 ad
2506 5600 2634 5641 suos
2678 5593 2887 5650 certus,
2943 5585 2990 5639 ei
3025 5586 3117 5654 qui
3155 5596 3280 5638 tunc
3322 5582 3439 5637 leo-

1877 5684 2050 5738 niensi
2100 5679 2357 5735 Ecclesia),
2416 5688 2648 5746 praeerat
2707 5677 2993 5731 consilium
3049 5676 3438 5737 communicat,

1880 5774 2078 5841 illoque
2138 5770 2490 5839 deprecatore
2527 5770 2694 5823 utitur
2738 5769 2876 5837 apud
2932 5767 3333 5834 imperatorem,
3391 5770 3435 5818 si

3008 5859 3079 5918 15
