3952 6512
509 375 615 439 έέθ

1709 369 2025 430 GEORGII
2072 369 2548 430 PACllYMER/E

3652 369 3686 430 4
3697 372 3767 431 ΕΟ

512 491 807 562 γράμμασι
849 489 1232 562 σχεδιάσαιιτος
1284 484 1382 556 τὴν
1436 481 1734 554 πρεσϐείαν
1781 481 1812 534 ό
1858 478 2078 549 κρατῶν
2108 483 2155 543 Α
2180 480 2536 547 καθεσθέντος
2573 483 2647 553 τῷ
2689 484 2842 555 ἵππῳ
2875 482 3006 555 παρ’
3038 485 3250 539 ἐκείνου
3285 482 3504 554 καιρίαν
3558 483 3767 554 βάλλε·

513 585 805 637 κατένευσε
853 583 952 654 τὴν
993 577 1340 650 συμπάθειαν
1362 616 1378 641 ,
1413 575 1506 628 καὶ
1542 573 1852 644 βασιλικαῖς
1882 571 2077 624 συλλα-

510 678 633 738 ϐαῖς
664 675 751 729 ἐπ’
795 673 1063 742 ἀσφαλείᾳ
1092 669 1185 723 τοῦ
1235 669 1310 737 μή
1356 684 1408 720 τι
1453 666 1645 719 παθεῖν
1676 664 1980 732 ἀνήκεστον
2017 660 2078 725 ἐξ

508 769 679 838 ὀργῆς
710 765 1009 818 ἐπάνεισιν.
1057 763 1122 814 '0
1146 762 1203 815 δὲ
1229 761 1322 813 καὶ
1344 759 1558 828 δέχεται
1589 754 1777 810 τοῦτον
1805 755 2070 825 πρόφρων

508 856 938 919 ταπεινωθέντα,
967 852 1063 906 καὶ
1092 848 1452 917 άγκαλίξεται
1486 845 1800 918 προσιόντα,
1831 845 1921 898 καὶ
1949 849 2077 912 (ιμ’.-

509 948 772 1014 λογοῦντα
821 945 896 1006 ὡς
949 940 1128 1010 ἑαυτῷ
1176 939 1383 992 σύνοιδε
1435 937 1671 998 πταίσας
1711 935 2076 1003 ἀσύγγνωστα

509 1037 812 1107 συμπαθεῖ,
851 1034 948 1086 καὶ
971 1033 1064 1085 ἐπὶ
1098 1031 1196 1099 τῆς
1230 1029 1503 1100 προτέρας
1537 1027 1678 1096 ἔχων
1707 1025 1895 1096 τιμῆς.

511 1151 564 1204 ι’.
596 1150 794 1212 Ὅπως
827 1149 860 1200 ό
890 1145 1298 1212 Παλαιολςίγος
1343 1139 1690 1212 ἐπανελθὼν
1715 1139 1811 1212 καί
1840 1138 2074 1207 δεχθεὶς

544 1210 864 1273 στέλλεται
900 1210 1232 1284 στρατηγὸς
1258 1213 1328 1265 ἐν
1352 1211 1474 1274 τοῖς
1509 1212 1656 1263 κατὰ
1688 1210 1802 1278 τὴν
1832 1213 2038 1263 Atiam.

579 1305 736 1360 Ἐπεὶ⁵
783 1305 840 1356 δὲ
881 1304 977 1373 τῆς
1037 1301 1176 1354 κατὰ
1207 1300 1360 1353 δύσιν
1395 1297 1726 1366 Ἐπιδάμνου
1775 1296 2073 1367 κατειλημ-

512 1398 683 1466 μένης
730 1394 865 1464 πρὸς
907 1393 1014 1446 τῶν
1052 1393 1336 1462 ἡμετέρων
1386 1388 1682 1460 ἠγγέλλετο
1723 1385 1784 1438 τὸ
1820 1386 2071 1453 συμϐάν,

509 1489 736 1546 καὶτοῖς
763 1486 940 1537 ἐκεῖσε
971 1484 1078 1536 ἔδει
1114 1484 1212 1550 μὲν
1242 1480 1564 1550 ἀρχιερέως,
1596 1476 1702 1530 ἔδει
1733 1476 1778 1530 δ’
1809 1477 2075 1547 ἡγεμόνος

509 1578 603 1630 καὶ
633 1575 1014 1646 στρατιώτιδος
1039 1573 1262 1638 τάξεως,
1287 1569 1586 1640 ἀρχιερέως
1612 1567 2075 1637 ἑπικηρυχθέντος

507 1666 602 1718 τοῦ
632 1664 984 1733 Χαλκούτζη.
1019 1661 1077 1725 ὃς
1126 1663 1220 1713 καὶ
1255 1661 1351 1729 τὴν
1388 1659 1479 1712 τοῦ
1519 1659 1757 1730 μεγάλου
1804 1657 2072 1724 σκευοφύ-

509 1755 674 1818 λακος
712 1756 803 1806 ἐπὶ
833 1754 931 1822 τῆς
986 1753 1242 1820 Μεγάλης
1275 1749 1565 1818 ἐκκλησίας
1599 1745 1710 1818 εἶχε
1742 1748 1928 1818 τιμὴν,
1961 1745 2076 1799 τού-

509 1864 588 1915 τῳ
621 1846 998 1913 συνεκπέμπει
1024 1845 1279 1894 κάκεῖνον
1313 1841 1754 1911 ἡγεμονεύσοντα
1791 1840 1898 1892 τῶν
1930 1841 2073 1902 ἐκεῖ,
2112 1839 2152 1893 Β

510 1936 821 2006 προστάξας
873 1934 1249 2005 συμπράττειν
1299 1933 1360 1984 τὸ
1408 1933 1566 1994 δόξαν
1614 1932 1705 1984 καί
1746 1931 1923 1994 ἄλλοις
1977 1930 2078 2000 μὲν

505 2032 774 2100 ἀρχηγοῖς
815 2031 928 2091 τοῖς
977 2030 1120 2093 ἐκεῖ,
1172 2027 1408 2096 μάλιστα
1452 2026 1509 2079 δέ
1537 2042 1598 2093 γε
1647 2024 1728 2096 τῷ
1773 2025 1929 2094 ἱερεῖ.
1991 2023 2078 2086 Ὠς

507 2121 814 2183 Θεσσαλίας
859 2119 948 2172 διὰ
989 2119 1198 2187 ταχέων
1243 2118 1521 2187 ἐπέϐησαν
1559 2116 1654 2170 καὶ
1691 2116 1795 2186 ἤδη
1835 2119 1972 2188 πρὸς
2017 2116 2078 2169 τὸ

514 2211 874 2283 περαιοῦσθαι
919 2211 1010 2263 τὸν
1052 2210 1296 2280 ποταμὸν
1341 2210 1641 2280 Βαρδάριον
1678 2205 1858 2279 ᾖσαν,
1900 2207 1961 2281 [Ρ
1990 2207 2076 2279 14]

513 2303 838 2378 περαιοῦται
888 2302 988 2372 μὲν
1022 2303 1050 2354 ὁ
1097 2300 1321 2370 ἡγεμὼν
1365 2303 1463 2354 σὺν
1498 2303 1618 2363 ταῖς
1651 2300 1840 2365 τάξεσι
1885 2301 2078 2370 πρότε-

505 2413 636 2466 ρον,
683 2393 926 2464 εὑρίσκει
974 2393 1030 2446 δὲ
1085 2395 1152 2446 τά
1201 2395 1326 2463 τῇδε
1368 2393 1753 2461 συγκεχυμένα
1799 2393 1894 2444 καὶ
1935 2392 2075 2460 πρὸς

512 2487 771 2542 ἀπιστίαν
797 2487 1076 2550 κλίναντα,
1107 2486 1134 2538 ὃ
1166 2502 1223 2537 τε
1255 2485 1350 2537 καὶ
1376 2487 1403 2537 ὀ
1426 2484 1522 2536 τοῦ
1557 2484 1820 2537 δεσπότου
1855 2484 2075 2554 Μιχαὴλ

507 2581 574 2634 ὲκ
605 2581 817 2644 νοθείας
845 2581 1055 2643 σκότιος
1098 2582 1226 2642 παῖς
1266 2579 1519 2649 Μανουὴλ
1546 2577 1726 2647 τυχὼν
1765 2581 1942 2631 ἐκεῖσε
1977 2580 2074 2631 σὺν

509 2671 682 2742 ικανῷ
727 2670 1131 2742 στρατεύματι,
1180 2669 1274 2722 καὶ
1320 2670 1662 2739 συμπλακεὶς
1702 2669 1778 2737 τῷ
1818 2668 2074 2740 πολέμῳ,

508 2765 578 2816 τά
601 2762 794 2833 πρῶτα
821 2763 919 2832 μὲν
943 2762 1108 2830 ὁμόσε
1140 2779 1236 2830 χω,
1262 2761 1398 2831 ήσας
1428 2760 1503 2830 τῷ
1531 2763 1762 2830 ἡγεμόνι
1796 2761 1876 2831 τῷ
1902 2761 2075 2830 κοντῴ

498 2854 742 2907 ,συνωθεί
781 2856 874 2906 καὶ
917 2856 1133 2922 ριπτεῖ,
1165 2855 1355 2906 ἔπειτα
1385 2853 1441 2904 δὲ
1485 2855 1777 2918 συστάντος
1823 2855 1917 2906 καὶ
1955 2855 2077 2906 ὲπι-

497 3026 649 3082 iorte
681 3026 974 3097 impetrare
1026 3036 1208 3096 posset
1261 3027 1433 3096 regias
1464 3026 1690 3092 litteras,
1741 3028 1940 3097 quibus
1973 3027 2075 3083 sibi

501 3119 644 3174 -fldes
678 3127 825 3174 certa
873 3120 1023 3172 fieret
1076 3120 1169 3172 irae
1226 3119 1574 3188 imperatoris
1635 3120 1795 3188 plane
1849 3121 2071 3184 sedatae,

505 3214 697 3281 sicque
728 3220 874 3264 tutus
932 3210 1032 3278 ipsi
1093 3218 1147 3264 ct
1198 3225 1424 3264 securus
1457 3212 1799 3280 contingeret
1841 3211 2071 3266 reditus.

509 3307 580 3358 At
614 3302 843 3372 praesule
878 3301 1146 3370 negotium
1171 3314 1396 3372 urgente
1425 3301 1604 3356 miSsis
1657 3303 1775 3357 sine
1805 3317 1956 3358 mora
1991 3303 2078 3357 lit-

511 3395 650 3449 teris
680 3393 982 3462 imperator
1011 3392 1198 3445 annuit
1236 3392 1555 3461 veniamque
1580 3393 1871 3461 concessit,
1897 3395 2076 3450 chiro-

497 3488 716 3556 .grapho
751 3500 950 3540 cavens
1003 3485 1230 3548 homini,
1287 3485 1420 3538 nihil
1465 3501 1719 3555 asperum
1746 3488 1816 3541 ab
1872 3488 1953 3542 ira
1983 3497 2076 3541 aut

499 3594 676 3650 grave
730 3593 1041 3648 passurum.
1075 3577 1373 3632 lteversum
1417 3579 1650 3647 benigne
1695 3581 1915 3650 excipit,
1979 3581 2075 3636 de-

495 3669 817 3724 mittentem
843 3683 902 3721 se
930 3677 986 3722 et
1016 3667 1360 3722 accedentem
1393 3667 1759 3736 amplectitur,
1794 3680 1848 3724 et
1887 3670 2073 3726 fatenti

505 3762 713 3816 nullam
747 3777 804 3816 se
841 3761 1038 3816 mereri
1071 3761 1280 3816 veniam
1315 3763 1510 3830 parcit,
1565 3775 1796 3830 eumque
1829 3763 2072 3832 pristinae

499 3856 746 3911 restituit
785 3853 1054 3925 dignitati.

508 3967 594 4023 ιο.
633 3967 702 4022 Ut
745 3983 978 4022 reuersus
1008 3977 1054 4020 et
1084 3966 1206 4020 bene
1236 3978 1479 4038 exceptus
1511 3965 1844 4038 Palaaologtts
1887 3969 2074 4024 missus

903 4039 1070 4104 fuerit
1099 4039 1206 4090 dux
1234 4039 1286 4090 in
1327 4037 1680 4092 Occidentem.

568 4131 843 4198 Quoniam
886 4144 1013 4183 vero
1036 4128 1105 4182 de
1137 4125 1443 4197 Epidamno
1467 4129 1519 4182 in
1576 4129 1870 4183 Occidente
1917 4138 2074 4199 capta

502 4238 784 4279 sermones
816 4229 870 4277 et
903 4221 1098 4275 litterae
1126 4231 1429 4275 nostrorum
1483 4219 1916 4289 perferebantur,
1973 4223 2076 4277 ibi-

501 4331 611 4384 que
633 4314 1048 4369 desiderabatur
1110 4321 1165 4365 et
1217 4311 1411 4379 praesul
1466 4320 1520 4366 et
1565 4313 1672 4366 dux
1725 4322 1780 4367 et
1825 4315 2075 4370 militaris

494 4406 672 4470 iacies,
712 4404 1018 4459 renuntiato
1077 4404 1306 4471 praesule
1351 4401 1670 4466 Chalcutze,
1711 4405 1806 4473 qui
1864 4404 2071 4475 Magnae

2183 589 2272 626 ται
2311 574 2389 646 μὴ
2428 573 2608 628 λαϐὼν
2639 577 2783 647 ίσην.

2184 685 2272 740 ια’.
2305 688 2504 755 Ὅπως
2528 690 2965 746 ἀποστέλλεται
2991 692 3263 759 Χαὸηνὸς
3293 692 3538 762 ἀγαγεῖν
3568 695 3772 750 αὐτὸν

2757 761 3167 830 σιδηρόὼτον.

2263 851 2422 906 Ἀλλά
2471 853 2564 907 τοῦ
2621 856 2926 927 Δυρραχίου
2985 857 3119 926 πρὸς
3169 857 3577 926 Θεσσαλονίκην
3627 858 3767 911 ὑπο-

2185 942 2515 1012 στραφέντος
2574 943 2662 996 διὰ
2716 947 2814 1016 τὴν
2846 945 3130 1015 σύγχυσιν,
3188 949 3441 1002 κάκείνου
3495 948 3576 1012 ὼς
3613 945 3770 1012 είκδς

2181 1032 2606 1118 διαπονουμένου
2668 1035 2754 1104 ἐφ’
2798 1029 2841 1104 ᾧ
2873 1038 3162 1108 συσταλείη
3223 1038 3283 1092 τὸ
3329 1039 3766 1108 ἀνθιστάμενον,
3847 1101 3850 1105 _

2182 1126 2338 1196 φήμη
2370 1127 2659 1197 προτρέχει
2686 1127 2778 1180 τὸν
2805 1128 2914 1181 τῶν
2962 1129 3254 1198 βασιλικῶν
3293 1129 3477 1183 ἵππων
3534 1132 3768 1200 κόμητα

2181 1213 2426 1281 Χαδηνόν
2455 1215 2578 1268 ὅσον
2600 1216 2699 1269 οὐκ
2727 1217 2829 1288 ήδη
2881 1219 3324 1288 καταλαμϐάνειν
3349 1219 3769 1288 Θεσσαλονίκην

2180 1306 2542 1375 ἀγγέλλουσα,
2596 1308 2697 1362 οὐκ
2741 1310 2905 1364 ἄλλου
2962 1311 3184 1384 χάρινῆ
3242 1313 3334 1366 τὸν
3388 1313 3541 1366 Παλα
3566 1312 3768 1379 ολόγον

2181 1397 2472 1462 καθέξοντα
2527 1401 2604 1462 ὡς
2667 1399 2894 1470 βασιλέα
2947 1401 3167 1473 δέσμιον
3213 1405 3478 1471 ἐνεγκεῖν.
3545 1403 3666 1456 Καὶ
3708 1402 3770 1465 ὃς

2183 1489 2416 1558 (ἔφθασε
2441 1490 2550 1559 γὰρ
2580 1491 2870 1561 διατρίϐων
2893 1495 2950 1548 ὲν
2975 1495 3342 1566 Θεσσαλονίκῃ
3367 1495 3443 1565 τῷ
3472 1494 3767 1565 τηνικάδε)

2181 1581 2417 1646 ἀκούσας
2452 1584 2512 1638 τδ
2545 1585 2914 1655 φημιζόμενον
2959 1586 3107 1640 δεινά
3161 1587 3355 1644 ἐποίει.
3384 1588 3478 1640 καὶ
3505 1587 3768 1655 στρέφων

2180 1667 2248 1744 ἦν
2279 1673 2670 1743 ἐπιλογισμῶν
2697 1675 2749 1728 τί
2779 1693 2908 1729 ποτε
2954 1677 3064 1747 ἄρα
3093 1677 3169 1745 τῷ
3203 1677 3412 1748 βασιλεῖ
3464 1676 3638 1742 δόξαν
3691 1676 3768 1739 ὡς

2185 1764 2372 1816 ἑαυτὸν
2401 1765 2499 1836 οὐχ
2529 1765 2604 1829 ὡς
2635 1766 2881 1837 ἐπεμψεν
2915 1769 3202 1838 ἐπανάγει,
3238 1769 3376 1824 άλλά
3426 1771 3564 1839 τιμῇ
3628 1784 3768 1836 προ·

2181 1857 2400 1925 πέμψας
2427 1858 2742 1911 ἐπανελθεῖν
2793 1859 3129 1928 ἀναγκάζειν
3158 1859 3299 1913 θέλει
3348 1861 3466 1930 μετ’
3499 1860 3765 1928 ἀτιμίας,

2180 1950 2274 2002 καὶ
2299 1948 2358 2001 ὃν
2389 1949 2732 2019 συμπαθείας
2762 1950 2915 2021 ἠξίου
2974 1952 3062 2005 διά
3091 1953 3434 2023 γραμμάτων
3486 1953 3589 2004 καὶ
3619 1950 3767 2004 οὕτω

2179 2039 2463 2110 καρτερῶς
2493 2041 2830 2112 ἀμνημονεῖν
2879 2041 3040 2112 ἐῴκει
3073 2043 3181 2096 τῶν
3217 2043 3640 2112 πεπραγμένων
3689 2043 3766 2106 ὡς

2178 2131 2274 2182 καὶ
2302 2129 2598 2199 ἡγεμονίας
2629 2129 2816 2196 ἀξιοῦν
2849 2131 3130 2201 μεγίστης,
3172 2130 3384 2195 τοῦτον,
3418 2132 3523 2194 τὰς
3556 2130 3766 2202 συνθήο

2177 2241 2280 2286 κας
2309 2224 2728 2295 ἀναλαμϐάνων,
2757 2224 2834 2289 ὡς
2877 2224 2964 2294 ἐφ’
2990 2226 3451 2296 ὁμολογουμέναις
3479 2225 3766 2280 καθοσιώο

2178 2333 2295 2369 σεσι
2321 2317 2664 2387 κατακρίνει.
2684 2317 2874 2386 Ὅμως
2899 2318 3000 2371 οὐκ
3031 2317 3168 2386 ἔχων
3185 2317 3306 2370 ὅποι
3337 2317 3446 2370 τῶν
3469 2317 3764 2386 λογισμῶν

2178 2407 2274 2459 καὶ
2304 2406 2410 2460 τῶν
2435 2406 2572 2460 ὁδῶν
2589 2407 2872 2478 τράποιτο,
2901 2408 2998 2462 επὶ
3021 2407 3153 2462 Θεὸν
3182 2407 3556 2476 καταφεύγειν
3590 2408 3762 2477 ἔγνω.

2180 2497 2469 2550 Κοινοῦταί
2499 2514 2558 2550 τε
2594 2498 2671 2568 τῷ
2693 2498 2999 2570 Δυρραχίου
3026 2499 3095 2553 τά
3125 2499 3265 2553 κατὰ
3291 2501 3544 2570 γνώμην,
3580 2499 3685 2554 καί
3711 2500 3762 2551 οἱ

2177 2590 2275 2659 τῆς
2303 2590 2440 2664 πρὸς
2471 2591 2531 2643 τὺ
2554 2591 2708 2644 Θεῖον
2739 2591 2975 2654 ἱκετείας
2999 2591 3334 2662 συνάρασθαι
3354 2591 3559 2648 δέεται.
3577 2594 3763 2654 Εὐθὺς

2177 2683 2360 2736 τοίνυν
2393 2682 2604 2752 (ἐδόκει
2624 2683 2731 2752 γάρ
2751 2682 2975 2736 αὐτόθεν
3010 2685 3104 2738 καὶ
3135 2683 3194 2737 τὸ
3223 2687 3454 2752 πρᾶγμα
3478 2684 3760 2752 θεοφιλὲς)

2177 2773 2271 2825 ἐπὶ
2298 2773 2400 2843 τῆς
2429 2773 2524 2826 τοῦ
2561 2774 2874 2828 ’Δκατονίου
2927 2775 3092 2845 μονῆς
3157 2775 3539 2845 ὑμνολογεῖται
3575 2775 3764 2844 παρά-

2179 2864 2371 2939 κλησις
2424 2864 2623 2928 νυκτὸς
2678 2865 3061 2938 ἀφ’ὲσπέρας,
3123 2867 3222 2937 τῆς
3275 2867 3760 2938 ἑπιγενησομένης

2182 3043 2266 3096 Η.
2309 3042 2544 3098 Mittitur
2577 3043 2852 3099 Chadenus
2875 3047 3126 3101 ducturus
3163 2989 3521 3120 Etlwologum
3550 3049 3758 3104 catenis

2837 3120 3083 3171 vinctum.

2251 3228 2443 3284 Verum
2477 3227 2752 3298 Dyrrachii
2788 3229 3012 3299 praesule
3058 3231 3495 3288 Thessalonicam
3554 3236 3628 3288 ob
3659 3249 3756 3289 eas

2183 3322 2366 3376 turbas
2399 3337 2636 3386 reverso,
2666 3323 2981 3390 eodemque,
3021 3334 3178 3394 prout
3218 3340 3305 3380 res
3337 3329 3624 3395 poscebat,
3671 3343 3759 3383 sa-

2178 3422 2390 3482 tagente
2432 3421 2488 3465 ut
2525 3413 2865 3468 mitterentur
2906 3415 2996 3484 qui
3035 3417 3481 3474 tumultuantibus
3513 3421 3756 3476 ohsisteo

2177 3515 2316 3571 rent,
2349 3520 2534 3558 rmnor
2577 3507 2859 3572 praecurrit
2901 3507 3233 3576 imperatorii
3266 3511 3543 3580 equitafus
3578 3513 3756 3567 conti-

2177 3608 2282 3653 tem
2317 3597 2626 3652 Chadenum
2653 3597 3044 3665 quamprimum
3094 3611 3470 3668 perventurum
3505 3601 3755 3658 Thessa-

2175 3683 2425 3749 lonicam,
2468 3698 2570 3738 non
2592 3684 2749 3737 aliam
2780 3685 3080 3738 ohcausam
3105 3701 3264 3754 quam
3296 3697 3356 3742 ut
3391 3686 3756 3758 Palazologum

2180 3777 2628 3844 comprehensum
2655 3775 2998 3843 vinctumque
3017 3778 3081 3829 ad
3102 3778 3477 3847 imperatorem
3499 3783 3754 3834 duceret.

2176 3869 2239 3922 At
2269 3867 2354 3922 ille
2379 3866 2719 3938 (versabatur
2749 3870 2890 3922 enim
2923 3876 2977 3922 et
3017 3869 3131 3936 ipse
3159 3877 3288 3924 tunc
3322 3869 3754 3936 Thessa‘o..icae)

2176 3960 2359 4013 audito
2394 3959 2533 4028 quod
2577 3958 2870 4023 ferebatur,
2940 3975 3070 4014 sane
3114 3977 3275 4032 quam
3327 3977 3464 4032 aegre
3513 3961 3752 4028 ferebat,

2175 4063 2466 4117 secumque
2521 4050 2633 4118 ipse
2679 4050 2861 4103 animo
2909 4050 3070 4105 multa
3119 4053 3384 4118 versabat,
3436 4055 3755 4121 disquirens

2175 4152 2295 4206 qua:
2327 4150 2485 4191 causa
2517 4146 2623 4190 tam
2655 4137 2915 4204 inopinati
2948 4139 3159 4193 consilii
3195 4139 3382 4196 fuisset
3411 4142 3751 4211 imperatori,

2178 4239 2238 4282 ut
2268 4237 2374 4281 tam
2407 4228 2618 4282 diverso
2660 4230 2819 4283 modo
2851 4231 2915 4284 de
2957 4245 3016 4284 se
3051 4242 3332 4298 statueret,
3365 4242 3417 4287 et
3444 4249 3604 4302 quem
3646 4245 3753 4288 tam

2177 4317 2472 4374 honorifice
2521 4319 2677 4373 modo
2718 4321 2961 4388 miserat,
3005 4325 3188 4377 statim
3236 4334 3342 4376 tam
3389 4325 3754 4394 ignominiae

2181 4420 2476 4476 revocaret,
2522 4410 2718 4480 cuique
2773 4411 2934 4479 regiis
2981 4412 3174 4468 litteris
3220 4415 3378 4468 vcnia
3427 4415 3587 4482 paulo
3625 4423 3750 4466 ante

497 4494 1113 4562 Constantinopolitanae:
1183 4493 1429 4547 ecclesite
1499 4503 1726 4566 praeerat
1805 4494 2069 4556 sacrario,
2106 4512 2153 4572 υ
2179 4502 2580 4572 securitatequc
2607 4503 2839 4557 stabilita
2873 4519 2994 4559 cum
3021 4504 3178 4575 plena
3207 4506 3474 4560 oblivione
3501 4511 3747 4555 veterum

503 4601 629 4641 cum
662 4585 766 4639 hoc
800 4585 998 4638 missus
1023 4598 1131 4637 una
1191 4582 1521 4650 Palmolugus
1567 4593 1673 4648 est,
1707 4592 1763 4637 ut
1815 4584 1968 4638 ducis
2002 4585 2072 4640 ibi

505 4695 735 4735 munere
789 4677 1129 4747 fungeretur,
1157 4678 1243 4729 cui
1272 4678 1584 4730 mandatum
1643 4677 1965 4732 nominatim
2010 4687 2072 4732 ut

514 4776 568 4827 iu
593 4770 951 4826 decernendis
994 4770 1156 4824 rebus
1189 4784 1311 4822 cum
1343 4777 1659 4822 cmterorum
1687 4768 1780 4837 qui
1804 4769 1963 4824 isthic
1987 4783 2074 4824 es-

501 4861 867 4924 sentducum,
923 4869 1033 4912 tum
1067 4860 1119 4912 in
1154 4858 1346 4927 primis
1394 4857 1639 4924 praesulis
1697 4857 1926 4914 consilio
1953 4871 2074 4914 uteo

481 4965 674 5010 :rctur.
694 4953 820 5008 Hoc
844 4952 1040 5007 itinere
1065 4952 1313 5006 celeriter
1346 4950 1674 5020 transgressi
1711 4949 2073 5016 Thessaliam,

476 5062 627 5102 eum
658 5048 770 5116 jam
813 5045 1132 5099 Bardarium
1197 5042 1395 5097 flunten
1445 5042 1817 5099 transmissuri
1868 5052 2073 5110 essent,

505 5138 711 5202 trajicit
737 5136 972 5205 primunt
1009 5136 1114 5190 dus
1144 5150 1266 5189 cum
1291 5133 1483 5202 copiis,
1517 5133 1607 5188 ubi
1635 5123 1815 5187 nuntia
1859 5144 2074 5203 pertur-

503 5230 636 5282 hata
655 5237 712 5281 et
741 5231 811 5280 ad
842 5227 1199 5280 defectionem
1232 5223 1496 5278 inclinata
1519 5223 1742 5293 reperit,
1765 5228 1990 5295 quando
2017 5233 2074 5278 et

491 5313 782 5370 Michaelis
807 5315 1048 5381 despotze
1085 5313 1288 5367 nothus
1307 5323 1364 5366 et
1395 5314 1662 5367 obscurus
1686 5313 1827 5367 illius
1859 5313 2071 5368 Manuel

502 5418 630 5459 cum
689 5405 832 5457 haud
886 5416 1019 5457 sane
1057 5403 1453 5456 contemnendo
1518 5402 1766 5457 exercitu
1822 5403 1962 5458 forte
2009 5418 2076 5457 eo

505 5495 750 5558 veniens,
783 5505 1034 5548 conserto
1066 5492 1274 5562 ιιι-ξεΙίο.
1319 5495 1550 5562 primum
1592 5494 1810 5564 quidem
1853 5509 2074 5564 aggres-

483 5601 600 5643 ‘sus
623 5587 812 5640 ducent
858 5586 1044 5641 lancea
1092 5587 1339 5656 prepellit
1364 5585 1470 5656 27
1505 5597 1560 5641 et
1599 5586 1840 5656 proiicit,
1875 5587 2074 5642 deinde

487 5695 629 5733 .cum
664 5679 710 5732 is
736 5681 1127 5734 assurrexisset
1161 5689 1216 5734 et
1239 5695 1377 5748 equo
1431 5680 1740 5745 insedisset,
1777 5679 1971 5734 vulnus
2000 5680 2066 5732 ab

488 5789 569 5826 to
591 5772 800 5826 Jethale
823 5775 1046 5843 accepit,
1081 5787 1175 5826 nec.
1211 5787 1307 5842 par
1339 5771 1598 5841 repasuit.

2175 4593 2492 4648 delictorum
2541 4596 2731 4663 gratia:
2767 4612 2869 4649 non
2909 4595 3141 4666 vulgaris
3176 4597 3352 4651 locum
3384 4592 3522 4660 apud
3556 4607 3616 4647 se
3653 4594 3748 4646 tri-

2177 4686 2386 4751 buerat,
2421 4687 2674 4755 dignatus
2705 4687 2878 4755 ipsum
2929 4687 3131 4742 honore
3161 4684 3410 4746 maximo,
3442 4696 3568 4737 eum
3604 4697 3752 4736 nunc

2175 4778 2344 4845 pactis
2383 4779 2662 4832 conventis
2701 4788 2971 4832 momento
3019 4775 3284 4839 rescissis,
3333 4773 3475 4829 velut
3505 4775 3751 4828 crimznis

2176 4867 2509 4923 detestabilis
2554 4879 2910 4936 compertum,
2951 4877 3176 4938 repente
3231 4865 3538 4920 damnaret.
3567 4865 3747 4920 Caete-

2175 4973 2293 5010 rum
2319 4973 2438 5012 cum
2465 4959 2589 5028 quid
2613 4959 2825 5014 consilii
2855 4969 3072 5028 caperet
3097 4973 3273 5028 quove
3293 4972 3355 5012 se
3375 4968 3608 5012 verteret
3640 4971 3748 5010 non

2162 5048 2420 5111 'haberet,
2453 5046 2520 5100 ad
2543 5047 2780 5100 divinant
2808 5049 3091 5116 petendam
3119 5061 3275 5116 opem
3309 5047 3410 5100 sibi
3435 5045 3749 5115 confugien-

2175 5138 2301 5189 dum
2356 5151 2480 5192 esse
2521 5137 2712 5201 dusit;
2770 5140 3278 5206 communicataque
3328 5152 3450 5190 cum
3511 5135 3750 5206 Dyrrha-

2174 5227 2385 5280 chiensi
2420 5241 2571 5290 cura,
2592 5242 2715 5281 eum
2753 5236 2810 5282 ut
2859 5226 2962 5280 sibi
2992 5228 3180 5282 adesse
3207 5227 3386 5280 divina
3430 5240 3528 5294 pro
3558 5240 3617 5278 se
3646 5238 3747 5290 ope

2179 5317 2512 5382 imploranda
2557 5332 2622 5371 ne
2645 5325 2899 5385 gravetur
2933 5326 3105 5386 rogat.
3151 5317 3268 5382 Quo
3289 5314 3446 5368 facile
3475 5323 3748 5367 annuente

2179 5410 2288 5474 (res
2314 5407 2456 5461 enim
2490 5424 2584 5478 per
2629 5423 2689 5464 se
2718 5408 2804 5478 pia
2849 5407 3059 5476 Deoque
3091 5415 3242 5475 grata
3287 5406 3570 5458 videbatur
3619 5404 3748 5474 pet.)

2180 5499 2230 5550 iu
2260 5498 2506 5553 Acatonii
2545 5500 2873 5554 monasterio
2901 5514 2931 5552 a
2968 5511 3189 5566 vespera
3233 5502 3516 5548 nocturna:
3550 5495 3750 5549 decan-

2180 5600 2304 5643 tatze
2330 5597 2455 5644 sunt
2484 5603 2672 5658 preces
2698 5603 2713 5642 :
2743 5599 2954 5658 postera
2981 5588 3177 5657 quippe
3216 5585 3302 5640 die
3322 5598 3538 5638 sacrum
3570 5573 3747 5638 facere

2181 5681 2375 5753 praeui
2413 5682 2748 5736 decreverat.
2793 5678 2905 5748 28
2951 5675 3022 5731 Ut
3069 5677 3231 5747 igitur
3272 5674 3621 5729 illucescente
3665 5674 3747 5728 die

2183 5783 2354 5829 statas
2377 5787 2442 5829 ac
2469 5773 2738 5830 solemnes
2764 5777 2928 5828 horas
2949 5781 3292 5841 percurrere,
3318 5767 3563 5822 divinam
3586 5767 3746 5822 factu-
