3952 6526
204 413 284 476 £61
1142 401 1237 460 DE
1277 399 1662 460 MICHAELE
1703 393 2164 458 PALEOLOGO
2201 393 2346 455 LIB.
2396 394 2441 454 Ι,

3299 394 3407 458 ίῦἳ

198 517 384 587 ἡμέρας
418 515 476 566 ὲν
507 511 579 582 νῷ
608 511 792 574 θέντος
821 511 917 564 τοῦ
949 511 1250 581 ἀρχιερέως
1279 511 1377 580 τὴν
1410 508 1561 576 ἱερὰν
1591 508 1738 560 τελέο
1768 511 1810 568 Α
1840 505 2147 575 πονώτερον
2177 503 2484 573 ἐρευνῶντα
2512 502 2640 573 περὶ
2667 503 2922 555 τοιούτων
2948 501 3263 570 ἐγνωκέναι.
3299 505 3409 556 Καὶ

199 627 274 662 σαι
309 603 717 675 μυσταγωγίαν.
755 603 846 666 Ὠς
867 601 997 668 γοῦν
1034 601 1355 668 ἐπέφωσκεν
1380 602 1412 670 ἠ
1439 599 1621 670 ἡμέρα
1641 597 1737 651 καὶ

197 699 276 759 τάς
303 696 664 764 νομιζομένας
699 693 847 764 ὥρας
876 692 1103 746 διελθεῖν
1145 691 1369 760 ἔμελλεν
1401 693 1428 744 ὁ
1452 691 1738 760 ἀρχιερεὺς

193 789 263 856 ἐφ’
296 781 335 853 ᾧ
360 787 794 855 λειτουργήσειε,
827 784 984 854 σιγὴν
1009 785 1106 852 μὲν
1124 784 1453 853 ἐπισκήπτει
1484 780 1739 844 τοῖςὲξω-

190 883 288 940 θεν,
317 879 478 940 αὐτὸς
507 877 561 930 δὲ
594 877 737 930 κατὰ
769 877 933 946 μόνας
970 876 1166 944 ὡμίλει
1199 875 1339 942 Θεῷ,
1374 875 1584 936 καὶτὰς
1612 891 1741 927 συν-

193 970 321 1035 ήθεις
352 967 449 1020 καὶ
481 966 908 1038 προτελεστικὰς
957 965 1124 1031 εὐχὰς
1186 963 1303 1034 μεθ’
1341 965 1424 1016 ὅτι
1483 963 1740 1030 πλείστης

192 1061 423 1114 ἀπεδίδου
456 1059 559 1128 τῆς
597 1057 850 1126 ἡσυχίας.
891 1057 1024 1108 Τότε
1055 1056 1120 1126 δὴ
1150 1056 1273 1108 τότε
1323 1056 1543 1124 λέγεται
1579 1053 1742 1108 ἀκοῦ-

193 1171 269 1205 σαι
289 1151 473 1220 φωνῆς
510 1150 609 1217 τῆς
643 1149 814 1216 αὐτῆς
865 1149 1074 1200 ἐκεῖνον
1131 1150 1194 1200 ὲκ
1245 1149 1449 1218 τρίτου,
1503 1148 1600 1217 οὐχ
1629 1146 1743 1217 ἀμα

191 1241 290 1294 ἀλλ’
319 1242 376 1291 ὲν
404 1239 486 1309 τῷ
520 1241 725 1309 μεταξὺ
761 1239 955 1308 καιροῦ
983 1239 1372 1301 διαλείποντος.
1398 1240 1484 1312 [Ρ.
1516 1239 1601 1310 15]
1635 1241 1742 1294 Καὶ

191 1331 377 1402 ήφωνὴ
400 1332 600 1395 λέξεως
631 1331 691 1383 οὐ
721 1332 1002 1402 συνήθους,
1034 1330 1156 1385 οὔτε
1181 1331 1286 1402 μὴν
1307 1334 1406 1402 οὐχ
1433 1335 1582 1394 ὅπως
1625 1334 1744 1386 Ἐλ-

194 1421 390 1491 ληνικὴ,
431 1423 551 1474 ἀλλ’
580 1423 700 1475 ούδέ
729 1440 834 1474 τινι
871 1422 1034 1491 ἑτέρα.
1075 1422 1298 1495 γλώσσῃ
1323 1424 1622 1493 προσήκειν
1653 1423 1743 1475 δο-

192 1513 340 1564 κοῦσα
357 1528 372 1542 ⁸
409 1511 664 1579 Μάρπου
685 1512 794 1581 γὰρ
823 1511 1053 1578 ἐλέγετο,
1079 1513 1172 1564 καὶ
1199 1513 1358 1566 πλέον
1376 1515 1473 1566 οὑκ
1499 1509 1586 1583 ἦν.
1630 1512 1746 1582 Ἐφ’

187 1595 224 1669 ᾧ
248 1603 305 1671 δὴ
327 1602 688 1670 θαυμάσαντα
727 1603 817 1652 τὸν
851 1603 1111 1672 ἀρχιερέα
1133 1603 1293 1665 εὐθὺς
1325 1605 1644 1674 προσελθεῖν
1671 1603 1748 1676 τῷ

188 1695 576 1764 Θεσσαλονίκης
629 1695 691 1764 (ὁ
722 1694 1016 1755 δισύπατος
1039 1693 1105 1766 ἦν
1133 1697 1424 1765 Μανουὴλ)
1457 1699 1549 1753 καὶ
1571 1700 1750 1768 ἀπαγ-

196 1790 346 1853 γεῖλαι
377 1789 526 1849 ὅπως
553 1804 610 1839 τε
642 1788 861 1856 amisit}
895 1790 974 1850 είς
1005 1789 1102 1857 τὴν
1154 1787 1290 1858 μετὰ
1317 1788 1631 1860 ψαλμῳὸίας
1663 1795 1748 1844 ὲνο

190 1879 358 1946 τυχίαν
387 1879 546 1941 Θεοῦ,
573 1881 669 1932 καὶ
697 1881 844 1942 ὅπως
868 1882 1190 1950 ἀπροόπτως
1222 1883 1472 1948 ἀφίκοιτο
1505 1886 1537 1953 ὴ
1571 1884 1744 1955 φωνὴ,

192 1970 507 2038 λογιζομένῳ
541 1973 669 2040 περὶ
695 1965 767 2023 ὧν
796 1969 1106 2040 λογίζεσθαι
1131 1971 1258 2040 ἔφη.
1303 1973 1412 2024 Καὶ
1442 1973 1526 2038 ἐφ’
1557 1973 1744 2027 ἱκανὸν

196 2063 277 2129 τὴν
297 2061 440 2123 λέξιν
479 2061 838 2130 σκεψάμενον,
882 2063 940 2116 τὸ
967 2064 1180 2132 συμϐὰν
1237 2065 1328 2117 ἐπὶ
1359 2066 1418 2118 τὸ
1444 2065 1611 2118 πάλαι
1639 2066 1752 2120 Βέ-

197 2155 336 2215 κ.ίας
363 2149 552 2202 λαϐεῖν
579 2153 670 2204 ἐπὶ
692 2153 987 2222 λογισμῶν,
1033 2157 1128 2208 καὶ
1157 2157 1223 2208 τὰ
1273 2159 1508 2225 στοιχεῖα
1534 2158 1631 2228 τῆς
1663 2159 1750 2210 λέο

195 2240 313 2302 ξεως
362 2241 753 2307 ἀναπτύξαντα
813 2244 1084 2315 ἀριδήλως
1138 2248 1302 2313 φάναι
1338 2249 1437 2318 τὴν
1470 2249 1750 2317 βασιλείαν

204 2331 482 2397 Ῥωμαίων
538 2333 614 2402 τῷ
651 2335 1003 2406 Παλαιολόγῳ
1037 2337 1474 2408 μνηστεύεσθαι·
1530 2339 1749 2410 Μιχαὴλ

195 2419 289 2490 γὰρ
321 2421 489 2477 Ἀναε
530 2422 817 2493 Ῥωμαίων
849 2426 1214 2495 Παλαιολόγος
1253 2428 1447 2494 Ὀξέως
1474 2430 1754 2500 ’Υμνηθή-

197 2526 353 2574 σεται,
385 2511 461 2574 ὡς
495 2512 668 2580 ἔλεγε,
702 2516 800 2585 τὴν
850 2515 994 2582 λέξιν
1052 2516 1266 2586 δηλοῦν.
1317 2519 1437 2571 Εἰσὶ
1479 2519 1528 2572 δ’
1557 2519 1753 2583 οἵτινες

195 2600 393 2668 λέγουσι
430 2607 570 2672 μήτε
604 2606 695 2658 τὸν
721 2609 1026 2682 Δυρραχίου
1057 2608 1288 2663 τοιαῦτα
1332 2608 1562 2664 ἀκοῦσαι
1612 2614 1752 2681 μήτε

197 2690 275 2742 τὸν
298 2691 700 2763 Θεσσαλονίκης
726 2697 950 2749 τοιαῦτα
983 2698 1373 2765 φοιϐάσασθαι,
1407 2701 1545 2754 ἀλλὰ
1588 2703 1753 2771 σοφὸν

199 2780 388 2832 ἐκεῖνον
421 2782 574 2844 ὄντα,
606 2785 852 2855 καὶπερὶ
905 2788 1158 2850 τοιαύτας
1214 2789 1432 2858 βίϐλους
1476 2790 1531 2845 αἲ
1563 2791 1626 2863 δὴ
1662 2795 1754 2846 καὶ

203 2869 468 2938 βασιλείας
495 2877 551 2938 ἐς
580 2877 800 2929 τούπιὸν
832 2878 1193 2932 διατυποῦσιν
1221 2882 1575 2954 ὲπτοημένον,
1605 2885 1756 2953 φιλο-

203 3060 283 3101 rus
327 3063 436 3102 rem
489 3051 674 3119 cmpit,
713 3050 983 3106 silentium
1034 3053 1226 3110 indicit
1257 3059 1474 3126 populo,
1502 3059 1758 3129 solusque

1837 595 1900 664 δὴ
1933 596 2198 664 γνωρίσαι
2226 595 2446 647 θέλοντα
2476 593 2648 646 ταῦτα
2671 589 2715 663 ᾧ
2744 611 2807 662 γε
2838 595 2929 646 καὶ
2955 595 2986 664 ἡ
3008 593 3107 663 τῆς
3129 593 3408 664 βασιλείας

1841 688 2198 756 κατηγγυᾶτο
2231 686 2504 756 περιωπή,
2566 685 2661 738 καὶ
2717 686 3006 755 ἀναφέρειν
3048 680 3158 737 οἷον
3204 687 3410 738 ἐκεῖνον

1839 777 1935 846 τῆς
1969 776 2167 847 λύπης,
2207 776 2330 829 ἐπεὶ
2357 775 2450 827 καὶ
2479 777 2608 842 περὶ
2633 774 2770 843 αὐτῇ
2803 776 2866 844 τῇ
2910 774 3023 841 ζωῇ
3054 773 3411 837 ὲδεδοίκει,το

1843 869 1943 937 μὲν
1968 871 2031 920 ὲκ
2065 866 2262 938 βίϐλων
2305 867 2506 919 είδὲναι
2558 865 2738 929 λέγειν
2774 865 2846 933 μὴ
2899 864 3043 934 ἔχειν
3093 864 3284 933 ἐκείνῳ
3317 884 3410 918 πιο

1843 959 2054 1012 στεύειν
2091 959 2246 1028 (οὐδὲ
2295 960 2403 1026 γὰρ
2439 957 2722 1027 ἀραρότως
2771 952 2881 1024 εἶχε
2932 960 3050 1018 ταῖς
3084 954 3286 1024 βίϐλοις
3326 957 3410 1008 ἐπ’

1844 1050 2060 1120 ἀδήλοις
2115 1052 2236 1112 ταῖς
2290 1048 2656 1116 ἀποϐάσεσι),
2713 1047 2774 1100 τὸ
2803 1046 2847 1098 δ’
2908 1047 2971 1098 ὲκ
2999 1045 3133 1098 Θεοῦ
3163 1047 3413 1116 φανερῶς

1843 1141 2095 1196 ἀκοῦσαι.
2127 1139 2200 1210 μὴ
2233 1139 2329 1192 κοιλ⁵
2359 1137 2618 1200 πολλάκις
2651 1138 2743 1190 τὸν
2783 1136 2954 1205 ολὸγον
2983 1137 3258 1188 πιστεύειν
3309 1137 3418 1188 διας

1847 1233 2035 1284 πεσεῖν
2057 1229 2374 1294 δεδοικέναι,
2408 1230 2504 1282 καὶ
2526 1228 2617 1281 διὰ
2643 1227 2814 1282 ταῦτα.
2845 1225 2922 1296 τῷ
2943 1227 3252 1296 Δυρραχίου
3287 1225 3418 1294 περὶ

1845 1324 1953 1376 τῶν
1983 1322 2241 1374 τοιούτων
2269 1320 2796 1390 κοινολογησάμενον
2824 1318 2975 1388 αὐτῷ
3006 1319 3102 1388 μὲν
3123 1316 3419 1371 ὑποθέσθαι

1845 1414 2026 1481 λέγειν
2066 1413 2163 1481 τῆς
2194 1412 2376 1482 φωνῆς
2427 1411 2676 1471 ἀκοῦσαι,
2737 1412 2943 1463 ἐκεῖνον
2971 1410 3014 1462 δ’
3048 1409 3418 1462 ἀναπτύσσειν

1850 1503 2265 1577 προσποιεῖσθαι
2294 1503 2428 1572 πρὸς
2453 1504 2588 1570 ὅπερ
2619 1502 2712 1554 καί
2735 1501 2978 1570 βούλοιτο
3023 1501 3120 1569 τὴν
3149 1499 3280 1570 παρ’
3324 1500 3420 1550 αὑ-

1847 1598 1940 1650 τοῦ
1976 1594 2322 1649 συντεθεῖσαν
2352 1594 2516 1657 λέξιν.
2560 1593 2626 1646 "A
2686 1593 2751 1660 δὴ
2791 1591 2868 1661 τῷ
2915 1591 3268 1660 Παλαιολόγῳ
3329 1608 3420 1642 πι-

1851 1692 2129 1752 στεύοντες
2166 1689 2260 1742 καὶ
2316 1687 2614 1758 ἀμφότεροι
2665 1687 2874 1738 ἐκεῖνον
2922 1685 3020 1753 μὲν
3071 1684 3159 1736 ἐπ’
3190 1683 3424 1751 ἀγαθαῖς

1851 1784 2064 1837 ἐλπίσιν
2097 1780 2242 1852 εἶχον
2272 1781 2646 1850 μετεωρίζειν,
2697 1779 2910 1840 ἑαυτοῖς
2952 1777 3029 1841 δὲ,
3058 1780 3105 1829 εί
3150 1779 3222 1846 μὴ
3251 1776 3424 1838 οὕτως

1851 1877 2110 1944 ἀποϐαίη,
2146 1875 2474 1942 παραίτησιν
2502 1870 2858 1924 ὑπελείποντο
2888 1869 2963 1932 ὡς
2993 1868 3299 1938 ἁμαρτοῦσι
3325 1868 3426 1936 τῆς

1850 1964 2187 2034 ἐξηγήσεως,
2217 1961 2347 2016 ἄλλο
2365 1979 2416 2014 τι
2455 1959 2557 2028 τῆς
2589 1959 2774 2027 φωνῆς
2804 1958 2942 2028 τάχα
2991 1957 3255 2028 δηλούσης
3283 1958 3314 2027 ᾖ
3349 1958 3426 2020 ὡς

1849 2061 2080 2121 ἐκείνοις
2107 2057 2361 2128 ἐξήγητο.
2404 2056 2549 2123 Πλὴν
2591 2052 2706 2106 ἀλλ’
2753 2055 2810 2106 ὲν
2840 2052 3078 2122 τοσούτῳ
3106 2051 3296 2120 φθάνει
3330 2053 3426 2105 καὶ

1849 2152 1879 2204 ὁ
1901 2150 2010 2204 τῶν
2044 2148 2342 2218 βασιλικῶν
2377 2146 2559 2199 ἵππων
2592 2145 2769 2214 κόμης
2793 2146 2820 2196 ὁ
2847 2142 3110 2213 δηλωοεὶς
3156 2142 3422 2212 Χαδηνὸς,

1853 2245 1946 2295 καὶ
1974 2238 2247 2293 ἐπιϐαίνει
2276 2237 2500 2306 ἀπτέρῳ
2529 2235 2686 2306 τάχει
2727 2233 3153 2303 Θεσσαλονίκης,
3204 2233 3298 2286 καὶ
3325 2234 3424 2286 αύ-

1851 2335 1980 2389 τίκα
2007 2333 2068 2386 τὸ
2098 2330 2286 2385 πιστὸν
2313 2331 2411 2398 τῆς
2436 2330 2626 2398 φήμης
2677 2327 2844 2392 ἔδειξε
2895 2326 3132 2395 πράξας,
3183 2324 3273 2378 τὸν
3310 2325 3426 2377 Πα-

1853 2426 2131 2492 λαιολόγον
2158 2425 2216 2476 ἐν
2245 2421 2481 2490 ἀσφαλεῖ
2509 2418 2818 2496 κατασχών.
2849 2418 3093 2488 Σιδήροις
3117 2417 3301 2484 μέντοι
3327 2419 3426 2467 οὐκ

1853 2518 1998 2586 ἔγνω
2027 2514 2311 2585 δεσμεύειν
2341 2510 2418 2564 τὼ
2449 2511 2600 2574 πόδε,
2621 2510 2697 2572 ὡς
2726 2508 2790 2578 δή
2823 2509 2870 2561 οί
2901 2509 2994 2560 καὶ
3018 2505 3429 2576 προστεταγμέ-

1855 2627 1944 2664 νον
1969 2603 2056 2680 ἦν,
2089 2606 2188 2659 οὐκ
2221 2600 2316 2658 οἶδ’
2369 2602 2480 2656 εἴτε
2510 2601 2570 2653 τὸ
2595 2599 2687 2653 τοῦ
2741 2600 2933 2668 ἀνδρὸς
2986 2597 3305 2666 αἰδούμενος
3338 2598 3429 2649 εὺο

1856 2699 2034 2770 γενὲς,
2077 2698 2186 2750 εἴτε
2223 2714 2276 2750 τι
2309 2694 2401 2747 καὶ
2423 2693 2606 2763 φιλίας
2641 2693 2776 2762 πρὸς
2813 2694 3049 2744 ἐκεῖνον’
3071 2690 3131 2743 τὸ
3154 2691 3258 2758 γὰρ
3299 2691 3434 2742 ὑπο-

1854 2794 1996 2846 νοεῖν
2019 2808 2070 2842 τι
2098 2791 2225 2858 περὶ
2255 2787 2462 2840 ἐκείνου
2492 2785 2597 2838 τῶν
2627 2784 2845 2850 ἀγαθῶν
2877 2785 2942 2834 τὰ
2977 2783 3072 2851 τῆς
3122 2782 3288 2851 ὀργῆς
3327 2780 3432 2832 οὐκ

1857 2883 2082 2936 ἐδίδουν.
2113 2880 2261 2942 Τέως
2290 2878 2334 2930 δ’
2357 2875 2801 2946 ἀφοσιωσάμενος
2828 2873 3018 2942 ἐκείνῳ
3047 2873 3110 2925 τὰ
3133 2875 3230 2941 τῆς
3261 2872 3430 2942 τιμῆς

1858 3059 2267 3118 exitilarattdutn
2304 3051 2658 3121 Pulrcologum
2689 3051 2934 3103 eumdem
2973 3057 3123 3105 tanto
3155 3055 3283 3100 tunc
3322 3060 3423 3112 op-

203 3153 366 3192 sccum
398 3142 514 3210 ipse
553 3143 718 3194 Deum
761 3143 1122 3201 intentissima
1154 3146 1452 3216 alloquens,
1482 3165 1600 3218 qua!
1630 3165 1754 3205 ante
1780 3177 1824 3236 ο
1860 3167 2102 3226 pressum
2137 3149 2302 3202 animi
2353 3160 2605 3208 maerore,
2646 3152 2702 3196 ιιι
2750 3145 2814 3194 de
2858 3141 2960 3192 vita
3003 3141 3119 3208 ejus
3153 3148 3427 3192 metuere-

204 3232 512 3285 sacriticiutn
549 3233 652 3287 rite
689 3234 838 3288 fundi
877 3246 1275 3291 consueverunt
1323 3253 1510 3308 preces
1547 3254 1757 3295 summa

207 3323 581 3390 tranquillitate
609 3324 888 3379 recitabat.
916 3323 1052 3379 Tum
1074 3327 1352 3382 enimvero
1391 3343 1576 3383 vocem
1601 3329 1760 3382 inau-

208 3413 336 3466 disse
385 3415 547 3468 tertio
599 3415 846 3470 eamdem
883 3417 1193 3472 intermisso
1247 3427 1488 3488 tempore
1538 3421 1757 3476 dicit‘nr.

208 3503 318 3557 Erat
348 3515 524 3558 autem
554 3519 657 3560 vox
696 3507 904 3560 insueta
949 3506 1127 3571 plane,
1178 3507 1375 3564 nullius
1419 3509 1595 3565 amnis
1625 3524 1762 3565 uetas

208 3595 402 3666 linguae,
438 3598 632 3652 nedum
680 3596 902 3652 Grecae.
950 3599 1170 3666 Marpou
1214 3601 1472 3654 nimirum
1521 3617 1762 3670 pronun~

208 3689 315 3742 tiari
347 3690 623 3755 audiebat,
659 3701 712 3744 et
743 3689 878 3744 nihil
917 3691 1085 3745 aliud.
1125 3691 1277 3758 Quod
1311 3693 1502 3760 prmsul
1530 3695 1763 3746 admira-

210 3789 302 3842 tus,
345 3785 524 3836 statim
584 3783 1132 3838 Thessalonicensem
1199 3787 1449 3839 convenit
1510 3785 1596 3856 (is
1646 3796 1766 3842 erat

214 3870 478 3942 Disvpatns
510 3873 778 3945 Manuel),
819 3875 978 3944 eique
1028 3875 1238 3929 nuntiat
1281 3877 1459 3942 agenti
1505 3877 1602 3930 sibi
1640 3891 1762 3931 cum

213 3959 306 4013 Deo
333 3979 426 4032 per
453 3980 664 4019 sacram
712 3966 1088 4034 psalmodiam,
1118 3977 1172 4020 et
1199 3980 1260 4018 ea
1307 3975 1483 4020 tuente
1527 3968 1764 4022 versanti

213 4066 315 4118 qius
339 4070 393 4108 se
428 4057 697 4123 cogitasse
732 4053 1021 4118 referebat,
1054 4057 1270 4110 missam
1314 4067 1368 4112 et
1400 4057 1543 4112 clare
1586 4057 1768 4126 prola-

213 4150 302 4194 tam
355 4161 512 4216 quam
572 4147 856 4201 retulimus
915 4161 1121 4202 vocent.
1171 4147 1303 4202 Eam
1352 4165 1474 4205 cum
1535 4150 1621 4203 ille
1675 4151 1763 4203 diu

214 4240 500 4303 attenteque
539 4235 960 4302 considerasset,
995 4235 1199 4304 aliquid
1249 4237 1302 4290 in
1353 4251 1414 4290 ea
1455 4236 1630 4291 simile
1675 4252 1766 4290 su-

214 4322 432 4386 spicatus
458 4333 545 4379 est
581 4341 644 4379 ac
672 4327 1066 4394 deprehensum
1114 4326 1308 4382 fuisset
1335 4329 1468 4382 alias
1500 4329 1551 4382 in
1597 4344 1760 4383 voca-

218 4407 323 4464 bulo
359 4414 614 4470 divinitus
657 4418 859 4485 pariter
900 4417 1047 4471 edito
1097 4416 1311 4483 Beclas;
1348 4419 1489 4472 unde
1527 4419 1763 4488 singulas

1863 3254 1968 3298 tttr.
2006 3241 2118 3296 Non
2151 3253 2400 3306 sperasse
2427 3244 2605 3288 autem
2648 3249 2705 3287 se
2738 3232 2838 3301 ipsi
2873 3245 3255 3300 persuasurum
3289 3231 3430 3298 quo-l

1861 3333 2094 3394 volebat,
2127 3330 2171 3384 si
2204 3344 2267 3382 ex
2304 3326 2456 3380 libris
2486 3326 2536 3378 id
2571 3339 2631 3378 se
2675 3323 2919 3376 hausisse
2959 3321 3271 3382 aflirmaret,
3303 3334 3437 3387 quo-

1863 3425 2004 3478 niam
2026 3425 2096 3476 ob
2120 3420 2314 3474 multas
2340 3416 2715 3488 praedictiones
2753 3414 2883 3466 tales
2914 3423 3110 3466 eventu
3139 3411 3436 3465 ’frustratas

1862 3519 2004 3572 haud
2043 3524 2159 3570 erat
2201 3509 2491 3567 verisimile
2522 3510 2647 3562 huic
2676 3521 2798 3560 eum
2829 3505 3114 3574 tranquille
3145 3520 3205 3557 ac
3242 3517 3435 3558 SN‘III'O

1863 3611 2261 3679 acquieturum.
2288 3605 2576 3673 Propterea
2616 3601 2841 3654 ﬂuxisse
2875 3595 3161 3650 manifeste
3201 3596 3304 3650 sibi
3337 3611 3438 3647 au-

1864 3701 2028 3756 ditum
2081 3700 2299 3752 missam
2328 3712 2356 3749 a
2397 3695 2508 3748 Deo
2541 3708 2758 3757 vocem,
2790 3691 2874 3744 cui
2904 3689 3056 3756 signo
3094 3695 3277 3757 utpote
3314 3703 3438 3740 raro

1865 3802 1918 3848 et
1959 3793 2096 3845 miro
2145 3790 2354 3842 facilius
2393 3785 2724 3839 crediturum
2777 3782 3139 3849 Palatolognm
3187 3781 3432 3845 putabat.

1866 3885 1994 3940 Inde
2033 3898 2092 3937 re
2128 3895 2249 3934 cutn
2283 3875 2599 3948 Dyrrhachii
2633 3873 2860 3943 prQSuIe
2904 3873 3322 3936 communicata,
3359 3870 3434 3923 illi

1866 3976 2079 4044 penitus
2124 3971 2358 4024 suasisse
2387 3978 2442 4020 ut
2486 3967 2532 4021 is
2563 3981 2744 4019 vocem
2794 3965 3065 4017 inaudisse
3093 3963 3298 4018 diceret
3331 3978 3344 4014 :
3380 3977 3438 4015 se

1868 4073 2026 4137 proot
2075 4063 2264 4115 liberet
2293 4057 2537 4112 eamdem
2571 4071 2600 4109 a
2634 4070 2692 4110 se
2732 4053 3017 4108 confictam
3060 4054 3332 4124 explicare
3365 4053 3440 4107 si-

1869 4155 2216 4210 mulaturum.
2251 4149 2454 4216 Quibus
2487 4147 2788 4214 Palmttlogt)
2825 4146 2985 4198 veluti
3038 4146 3104 4198 ad
3150 4159 3334 4198 aurem
3368 4144 3436 4197 ab

1868 4242 2108 4308 utrisque
2135 4237 2374 4301 creditis,
2404 4235 2458 4288 in
2486 4249 2732 4304 magnam
2766 4249 2914 4301 spem
2952 4235 3222 4286 hominem
3245 4248 3437 4286 erexe-

1869 4338 2014 4390 rttnt,
2071 4326 2303 4396 sibique,
2357 4327 2400 4378 si
2446 4333 2674 4378 eventus
2727 4325 2792 4376 ad
2846 4333 3147 4378 extremum
3208 4323 3436 4386 falleret,

1868 4419 2270 4474 excusationem
2318 4415 2644 4484 probabilem
2701 4415 3064 4483 reliquerunt,
3114 4416 3267 4483 quasi
3307 4430 3440 4483 quos

218 4496 318 4562 eius
353 4504 518 4568 ignoti
575 4508 809 4561 nominis
850 4508 1129 4562 excutiens
1174 4509 1401 4572 litteras,
1447 4510 1760 4579 planissime
1793 4509 1836 4568 ο
1866 4512 2174 4581 conjectura
2222 4509 2516 4562 induxisset
2553 4508 2604 4561 in
2635 4521 2899 4570 errorem,
2923 4522 3026 4561 n0n
3053 4509 3183 4560 satis
3206 4507 3440 4561 feliciter

219 4585 430 4640 asseruit
461 4592 824 4649 Romanorum
858 4596 1140 4665 imperium
1174 4595 1471 4667 Palaeologo
1507 4600 1766 4667 promitti.

222 4674 313 4730 llas
340 4680 484 4733 enim
529 4682 674 4736 hisce
717 4686 915 4740 litteris
961 4687 1229 4756 designari
1266 4703 1424 4743 voces
1474 4707 1488 4742 :
1541 4688 1770 4744 Michael

223 4770 471 4837 Augustus
502 4770 866 4829 Romanorum
901 4777 1226 4847 Palaaologus
1249 4780 1423 4849 Ocyus
1457 4779 1771 4838 Vocabitur.

225 4859 344 4914 Sunt
371 4874 547 4920 tamen
579 4866 671 4934 qui
709 4867 893 4921 dicant
934 4870 1047 4924 haec
1080 4886 1254 4940 neque
1289 4886 1317 4925 a
1351 4871 1767 4943 Dyrrhacbiensi

223 4953 382 5005 audita
429 4971 605 5024 neque
657 4971 687 5010 a
734 4955 1202 5016 Tltessalonicensi
1251 4963 1419 5018 fuisse
1467 4965 1630 5032 dicta,
1672 4967 1769 5020 sed

224 5036 608 5111 lmnc'ingenio
652 5054 810 5116 atque
844 5059 956 5101 arte
1008 5063 1121 5102 rem
1172 5061 1336 5104 totam
1380 5064 1766 5107 commentum.

222 5125 333 5184 Erat
357 5135 608 5190 nimirum
636 5137 1138 5196 Thessalonicensis
1158 5143 1292 5197 mire
1315 5142 1529 5198 deditus
1552 5145 1767 5200 lectioni

224 5230 276 5269 ac
305 5222 627 5276 meditationi
659 5222 920 5280 librorum
951 5229 1038 5296 qtti
1079 5239 1249 5282 artem
1290 5232 1609 5298 proﬁtentur
1635 5233 1771 5287 divi-

225 5309 363 5363 nandi
413 5311 624 5368 futuras
661 5318 1018 5386 quorumdam
1063 5319 1370 5374 evectiones
1415 5321 1480 5375 ad
1521 5322 1766 5392 imperia,

225 5400 424 5467 totoque
472 5402 524 5454 in
570 5403 674 5457 isto
703 5405 1065 5473 qualicunque
1118 5408 1352 5461 artiﬁcio
1393 5411 1768 5477 praeodorandi

222 5498 458 5544 eventura
510 5493 796 5561 plurimum
832 5497 941 5566 29
965 5501 1319 5553 exercitatus.
1356 5499 1496 5570 Ergo
1525 5517 1647 5556 cum
1683 5518 1769 5559 res

225 5578 362 5636 istius
395 5587 606 5654 generis
645 5589 1014 5644 curiosissime
1060 5591 1391 5662 investigatis
1429 5595 1609 5648 nescio
1644 5597 1770 5663 quid

225 5671 282 5724 de
304 5675 622 5746 imperaturo
644 5677 942 5750 Palwologo
959 5683 1288 5748 comperisse
1309 5683 1408 5736 sibi
1430 5697 1575 5737 esset
1599 5685 1768 5748 visus,

223 5762 354 5819 aiunt
393 5766 492 5822 ista
539 5782 660 5823 eum
713 5771 898 5825 notitia
945 5782 1246 5844 opportupe
1292 5771 1367 5824 uti
1423 5773 1654 5828 voluisse
1699 5773 1766 5827 ad

1875 4601 2249 4670 interpretatos
2289 4615 2470 4653 vocem
2496 4598 2638 4651 aliud
2693 4613 2878 4652 revera
2911 4598 3260 4661 indit-aurem,
3285 4607 3443 4665 prout

1871 4700 2060 4743 eventa
2099 4697 2493 4746 monstrarent.
2524 4701 2685 4755 quam
2723 4693 2865 4755 quod
2906 4686 3005 4754 ipsi
3036 4686 3292 4763 suspicati
3329 4694 3440 4739 ttttn

1872 4779 2120 4834 fuissent.
2173 4779 2380 4834 Interea
2431 4779 2554 4832 dttut
2612 4778 2727 4832 lucc
2779 4787 3061 4847 geruntur,
3111 4778 3438 4846 imperatorii

1871 4870 2144 4936 equitatus
2191 4869 2366 4921 dictus
2394 4865 2504 4932 jam
2548 4882 2732 4922 comes
2779 4869 3088 4935 supervenit
3130 4869 3440 4933 Chadenns,

1869 4958 2421 5028 Thessalonieatnque
2438 4959 2741 5028 ingreditur
2762 4962 3125 5026 perceleriter,
3144 4959 3440 5026 statimque

1871 5051 2012 5118 quod
2075 5052 2348 5103 communi
2390 5047 2531 5100 fama
2584 5056 2747 5116 atque
2801 5049 3039 5102 ninnium
3098 5048 3442 5102 sermonibus

1874 5141 2142 5209 vulgatum
2175 5139 2368 5201 fuerat,
2411 5154 2469 5192 re
2503 5140 2616 5208 ipsa
2655 5148 2869 5194 ostensa
2914 5140 3274 5195 confirmavit.
3309 5140 3440 5194 Nam

1872 5229 2232 5297 l’alu-olognnt
2258 5243 2446 5282 secura
2481 5229 2726 5282 custodia
2764 5231 2956 5291 tenuit,
2987 5244 3217 5298 parcens
3259 5241 3441 5285 tamen

1869 5335 1990 5373 eum
2033 5319 2206 5374 ferrea
2235 5321 2504 5386 stringere
2537 5319 2820 5386 compede,
2866 5318 3113 5386 quamvis
3140 5319 3189 5372 id
3220 5320 3446 5375 haberet

1872 5411 1924 5466 in
1959 5412 2249 5465 mandatis.
2281 5411 2436 5472 Quod
2470 5409 2559 5464 ille
2593 5418 2772 5462 utrum
2817 5419 2979 5464 tanta:
3013 5411 3314 5466 nobilitatis
3354 5427 3444 5466 ve-

1871 5504 2154 5565 recundia,
2177 5518 2242 5555 an
2267 5502 2518 5555 amicitiae
2533 5501 2765 5570 quodam
2791 5501 3047 5556 instinctu
3065 5500 3274 5568 fecerit,
3304 5504 3444 5558 haud

1870 5593 2273 5648 aliirmaveriin.
2301 5590 2504 5645 Vereor
2534 5592 2677 5644 enim
2707 5600 2764 5645 ut
2793 5591 2928 5647 satis
2956 5595 3324 5649 verisimilitcr
3338 5595 3447 5664 30

1871 5684 2130 5752 suspicari
2167 5683 2323 5736 liceat
2353 5681 2661 5736 ministrum
2694 5682 2788 5736 ira;
2832 5691 2939 5737 tam
2980 5687 3178 5740 atrocis
3203 5695 3308 5740 tam
3347 5691 3448 5738 tiu-

1872 5791 2056 5832 manus
2078 5789 2271 5831 sensus
2301 5782 2463 5844 atque
2493 5773 2745 5843 allectus,
2770 5776 2896 5831 dum
2923 5791 3120 5833 saevum
3156 5778 3442 5848 imperium
