3952 6534
214 455 316 519 465

1204 456 1302 515 DE
1345 450 1737 514 MICHAELE
1780 451 2242 513 PAL/EOLOGO
2281 452 2432 514 LIB.
2474 455 2517 513 Ι.

3356 443 3465 507 466

212 566 301 637 ἦν,
328 568 403 632 ὡς
429 566 626 633 ἔοικεν,
648 569 713 623 ἐκ
745 567 947 633 ζέσεως
976 568 1213 638 φυσικῆς
1248 567 1567 638 ἒγκαρδίου.
1601 564 1787 630 Ὅθεν,
1823 566 1866 626 Α
1893 567 2299 635 προτεινόμενοι
2331 566 2504 633 ὅρκοι,
2530 564 2588 616 οὐ
2622 562 2753 631 βίων
2779 562 2886 616 τῶν
2912 559 3014 631 πρὸ
3042 558 3135 612 τοῦ
3168 558 3463 622 ἐξετάσεις,

211 654 391 727 οἶμαι,
424 661 518 711 καὶ
546 660 609 713 τὸ
634 660 833 729 εὐφυὶς
863 659 1058 728 ἐκείνῳ
1091 658 1189 714 καὶ
1229 658 1373 729 ὑπὲρ
1420 659 1482 712 ἰδ
1516 658 1791 729 προσῆκον

210 745 300 816 ἦν,
331 750 394 802 οὐ
451 750 741 818 στέγοντος
773 751 867 803 τοῦ
912 750 1103 821 μορίου
1149 751 1214 804 τδ
1262 751 1436 813 πάθος
1494 749 1791 804 κάντεῦθεν

207 839 622 907 ἐκτρεπομένου
654 838 749 892 τοῦ
782 840 1011 905 είκότος,
1050 839 1126 904 ὡς
1157 840 1293 911 μηδὲ
1334 841 1643 911 χρησίμους
1667 839 1791 892 πολ·

207 928 369 991 λάκις
400 930 752 999 ἀναπέμπειν
805 930 883 1001 τῷ
933 933 1223 1001 ἐγκεφάλῳ
1268 935 1368 995 τὰς
1404 930 1788 993 ἀναπνεύσεις,

204 1019 335 1071 ὅθεν
375 1020 473 1071 καὶ
505 1025 566 1073 τὸ
596 1020 935 1089 λογίζεσθαι.
981 1021 1074 1075 Ἕν
1106 1022 1282 1093 τούτῳ
1323 1023 1432 1092 γὰρ
1455 1022 1548 1074 καὶ
1576 1021 1793 1090 φιλοσό-

209 1128 331 1177 φων
360 1111 479 1179 ἔριν
515 1114 646 1182 περὶ
681 1114 774 1165 τοῦ
831 1115 1054 1181 φρονεῖν
1105 1112 1468 1183 συμϐιὸάξειν
1516 1126 1599 1176 τις
1643 1113 1787 1182 ἔχοιο

210 1201 371 1269 πηγὴ
426 1201 537 1270 γὰρ
592 1201 877 1270 λογισμῶν
933 1202 1218 1272 ἡκαρδία,
1267 1203 1408 1273 πλὴν
1436 1204 1792 1272 ἀναγομένων

207 1290 352 1357 πρὸς
377 1291 474 1344 τὸν
509 1277 832 1360 ἐγκέφαλον,
868 1292 944 1355 ὡς
995 1295 1204 1358 ἐκεῖνος
1234 1294 1574 1364 συμμετρίας
1619 1293 1652 1365 ἢ
1687 1294 1793 1365 μὴν

206 1385 605 1454 ἀσυςιμετρῖας
632 1386 768 1454 ἔχοι,
800 1385 977 1449 οὕτως
1003 1387 1383 1441 είδοποιεῖσθαι
1416 1388 1705 1457 συμϐαίνει
1731 1388 1792 1442 τὸ

208 1478 575 1547 ἀναγόμενον.
609 1481 743 1533 Τότε
762 1481 943 1533 τοίνυν
974 1482 1379 1552 ἑπιπιπτούσης
1405 1482 1665 1553 συχνάκις
1690 1484 1790 1554 τῆς

204 1574 395 1637 νόσου,
448 1575 547 1628 οὐκ
599 1570 698 1627 οἷδ’
762 1576 984 1643 ὁπόθεν,
1021 1577 1235 1647 μήνιμα
1288 1574 1427 1630 εἶναι
1475 1578 1535 1629 τὸ
1564 1578 1734 1638 πάθος
1764 1578 1792 1629 6

208 1662 451 1733 πάσχων
471 1664 534 1718 ὲκ
565 1668 907 1735 μαγγανείας
948 1667 1227 1731 δαιμόνιον
1270 1666 1646 1736 ὑπελάμϐανε.
1685 1664 1793 1717 Καὶ

207 1752 256 1803 οἱ
293 1753 399 1819 μὲν
432 1753 617 1806 πολλοὶ
639 1755 749 1806 τῶν
774 1754 899 1819 ἔξω,
933 1750 1014 1818 οἷς
1046 1750 1115 1825 ἦν
1141 1753 1208 1808 τὰ
1234 1754 1459 1807 τοιαῦτα
1491 1752 1789 1817 πιστεύειν,

207 1842 267 1893 τὸ
322 1844 579 1913 ἔγκλημα
631 1844 990 1915 προσέτριϐον
1049 1848 1158 1908 τοῖς
1227 1844 1589 1909 Μουξάλωσι,
1640 1844 1792 1913 παρὰ

1891 658 1992 711 οὐκ
2021 654 2135 713 ἄλλ’
2162 658 2299 711 ἄττα
2339 651 2420 719 οἷς
2449 654 2509 709 τὸ
2542 654 2735 724 ψεῦδος
2786 654 3067 723 ἐλέγχεται
3087 669 3100 683 ·
3139 650 3253 704 ἀλλ’
3286 649 3344 702 ἓν
3369 650 3465 703 καὶ

1895 753 2054 821 μόνον
2092 745 2159 820 ἦν
2191 750 2251 802 τὸ
2304 747 2473 813 σῶζον
2510 747 2636 810 τοὺς
2667 746 2969 816 ἡλωκότας,
3018 744 3107 816 [Ρ.
3143 742 3231 815 18]
3279 743 3327 795 εί
3362 740 3465 810 μό-

1890 842 2016 909 δρον
2042 831 2309 911 ὲκ’πυρδς
2343 841 2445 911 ήδη
2486 840 2695 904 ζέοντα,
2718 838 2747 891 6
2783 839 2847 908 δὴ
2871 838 2965 891 καὶ
2992 836 3147 905 ἆγιον
3194 835 3467 904 ἐπεφήμι-

1892 933 2284 1004 ζον,τολμὼσῃ
2335 933 2481 1004 χειρὶ
2533 932 2803 1001 κύψαντες
2836 929 3153 982 ἀναλάϐοιεν
3202 928 3295 978 καὶ
3343 926 3464 993 τί)Ἒῖ

1894 1026 2253 1095 βηματίσειαν
2307 1024 2543 1094 ἔχοντες,
2580 1024 2842 1092 πρότερον
2889 1024 3067 1091 τρισὶν
3096 1018 3330 1088 ἡμέραις
3368 1014 3473 1068 τοῦ.

1890 1118 2065 1172 ταῦτα
2081 1115 2330 1186 γίνεσθαι
2351 1115 2573 1185 νηστείᾳ
2603 1113 3027 1182 καθηγνισμένοι
3048 1113 3142 1164 καὶ
3164 1111 3461 1180 προσευχῇ,

1892 1207 2391 1278 ὲπισεσημασμένοι
2417 1206 2509 1259 καὶ
2534 1206 2631 1276 τὴν
2661 1207 2818 1274 χεῖρα
2838 1200 3164 1271 κεκρυφάλῳ
3191 1200 3281 1252 καὶ
3313 1197 3466 1266 βουλ-

1892 1300 1982 1374 λῃ,
2015 1300 2091 1363 ὡς
2141 1300 2302 1369 μήτις
2360 1297 2664 1368 ἐπιχειροίη
2717 1296 2957 1361 ἀλείφων
3006 1292 3149 1347 τισὶν
3182 1292 3268 1360 ἐφ’
3298 1286 3344 1358 ᾧ
3390 1289 3465 1359 μὴ

1890 1392 2096 1461 ψαῦσαι
2134 1392 2265 1462 μηδὲ
2312 1390 2512 1444 καῦσαι
2552 1389 2615 1443 τὸ
2658 1388 2788 1458 πῦρ.
2840 1388 2948 1440 Καὶ
2982 1379 3123 1437 εἶδεν
3158 1385 3185 1435 6
3213 1383 3465 1450 γράφων,

1893 1485 2040 1551 ἡϐῶν
2062 1483 2140 1553 τῷ
2161 1485 2304 1547 τότε,
2339 1482 2677 1545 ὑποστάντας
2707 1480 2859 1543 τινάς
2893 1478 3134 1541 τοιαῦτα,
3168 1476 3303 1545 πλὴν
3327 1476 3471 1527 ἁλω-

1893 1578 2072 1647 6ήτως
2089 1575 2469 1641 ἀπαλλάξαντα
2483 1594 2521 1643 ζ,
2552 1576 2610 1628 τὸ
2637 1572 2963 1642 θαυμάσιον.
2986 1571 3120 1624 Τότε
3138 1569 3316 1622 τοίνυν
3334 1566 3467 1637 ὥρι-

1895 1687 1987 1723 στο
2024 1669 2123 1738 μὲν
2149 1669 2242 1721 καὶ
2275 1668 2454 1731 ἄλλοις
2502 1668 2654 1736 παρὰ
2683 1665 2776 1717 τοῦ
2806 1661 3138 1733 κρατοῦντος
3162 1658 3465 1727 λαμϐάνειν

1893 1761 1973 1825 είς
1996 1761 2172 1828 γάμον
2216 1755 2275 1813 εὖ
2314 1758 2405 1812 τοῦ
2453 1759 2647 1827 γένους
2699 1755 2949 1827 ἐχούσας,
2983 1754 3088 1806 κᾶν
3110 1753 3308 1805 ἐκεῖνοι
3337 1749 3469 1801 πολ-

1894 1852 2046 1913 λάκις
2076 1853 2141 1905 ἐκ
2189 1851 2520 1923 σπερμάτων
2565 1847 2706 1921 ἦσαν
2747 1850 2848 1902 οὐκ
2900 1845 3170 1915 εὐγενῶνο
3220 1844 3356 1913 πλὴν
3408 1843 3469 1893 τι»

206 1932 396 2002 λόγον,
454 1937 547 1989 καὶ
604 1936 681 2001 ὡς
717 1938 818 1990 οὐκ
855 1938 921 1991 ἂν
982 1937 1415 2010 προσεδόκησαν,
1472 1936 1582 1990 τῶν
1627 1912 1792 2003 ἀξιω-
1823 1912 1864 1969 Β
1895 1941 2113 2010 εὐγενὲς
2134 1912 2365 2002 ἐκείνόις
2403 1941 2539 2010 πρὸς
2590 1912 2685 1993 ἰτοῦ
2716 1912 3044 2008 κρατοῦντος
3097 1935 3321 2006 ἔρρεπε,
3374 1933 3471 1984 καὶ

212 2027 406 2095 μάτων
457 2028 711 2099 τυχοῦσι·
758 2028 835 2098 τῷ
888 2030 1071 2099 μέντοι
1124 2042 1188 2098 γε
1236 2029 1498 2098 πάσχοντι
1536 2030 1645 2091 πᾶς
1693 2026 1790 2080 ῦπ-

208 2133 379 2180 οπτος
421 2114 507 2188 ἦν.
560 2120 609 2171 εί
658 2118 820 2187 μόνον
850 2135 934 2181 τις
983 2119 1074 2172 ἐπὶ
1128 2120 1487 2188 μαγγανείαις
1551 2135 1791 2189 κατηγο-

213 2209 360 2277 ροίη.
421 2210 586 2263 Ὅθεν
615 2210 711 2263 καὶ
762 2210 1008 2263 πλεῖστοι
1046 2211 1141 2264 xal
1184 2212 1292 2263 τῶν
1324 2209 1594 2280 τυχόντων
1660 2226 1791 2264 συν-ν

211 2300 614 2368 ελαμόἀνοντο,
641 2300 696 2353 εἴ
719 2301 823 2356 πού
862 2320 947 2365 τις
986 2302 1239 2371 γρύξειεν
1289 2303 1559 2370 ἐγκαλῶν.
1610 2304 1719 2358 Καὶ
1763 2305 1792 2358 6

214 2392 316 2455 μὶν
355 2392 571 2446 διώκων
623 2394 965 2463 μαγγανείας
995 2394 1155 2449 άλλον
1184 2396 1322 2463 ὑπὲρ
1358 2396 1553 2449 ἑαυτοῦ
1592 2395 1794 2449 πολλάο

211 2498 300 2546 tu;
342 2484 377 2551 ἢ
422 2483 517 2535 τοῦ
568 2484 797 2552 πλησίον
847 2485 1156 2552 προῦδαλλε
1186 2485 1528 2557 τοῠγκλημα,
1576 2487 1654 2550 ὡς
1716 2487 1794 2539 δί-

213 2592 321 2638 κας
380 2575 689 2645 ληψόμενος
746 2576 1081 2642 ἀποδείξαςο
1154 2577 1491 2646 ἀναγόμενον
1543 2577 1600 2630 δὲ
1657 2577 1794 2647 πρὸς

214 2667 444 2736 βασιλέα
475 2668 536 2719 τὸ
578 2668 828 2739 ἔγκλημα
868 2671 930 2723 ἐκ
980 2669 1073 2722 τοῦ
1104 2670 1420 2739 παραυτίκα
1456 2671 1537 2741 (οὐ
1586 2670 1695 2739 γὰρ
1726 2667 1794 2742 ἦν

217 2759 436 2829 σιωτᾷν
488 2760 849 2829 ἀκούσαντα),
908 2763 937 2815 6
988 2762 1045 2815 δὲ
1072 2762 1170 2831 οὐχ
1198 2760 1337 2827 ὑπὲρ
1371 2761 1530 2814 ἄλλου
1555 2780 1648 2815 του
1678 2762 1794 2815 ἀλλ’

215 2849 380 2912 αὐτὸς
415 2851 609 2903 ἑαυτοῦ
643 2852 875 2914 συνόλως
926 2850 1175 2919 ἀγωνιῶν
1217 2852 1583 2923 προσέταττεν
1608 2853 1796 2917 έξετάυ

218 2941 429 3003 ζεσθαι.
462 2943 807 3012 Παράστασις
837 2942 894 2997 δὲ
947 2942 1041 2998 τοῦ
1082 2944 1158 3014 μὴ
1203 2944 1404 3014 ψήφοις
1439 2944 1678 3009 ἀπάσαις
1702 2947 1796 3000 τόν

218 3033 542 3102 κρινόμενον
594 3034 865 3104 αἱρεῖσθαι
910 3037 972 3089 οὐ
1021 3035 1314 3107 μαρτύρων
1352 3040 1705 3107 παραγωγαὶ,
1733 3038 1794 3092 οὐ

1890 2033 1965 2094 ὡς
1990 2034 2125 2100 σφᾶς
2150 2032 2258 2086 ἔδει
2288 2030 2646 2101 σεμνύνεσθαι
2694 2030 3020 2099 ἀξιώμασιν,
3047 2029 3104 2079 ὲν
3144 2026 3465 2096 εὐεργεσίας

1894 2125 2049 2194 μέρει
2110 2124 2203 2177 καὶ
2244 2124 2578 2194 ἀμφοτέροις
2632 2121 2692 2175 τὸ
2748 2119 2909 2188 κῆδος
2959 2122 2987 2173 6
3020 2118 3234 2187 κρατῶν
3276 2115 3468 2177 ἐτίθει,

1891 2214 2019 2268 ὥστ’
2052 2214 2294 2277 ἐκείνους
2326 2215 2423 2285 μὲν
2471 2216 2593 2276 ταῖς
2654 2211 2989 2283 ματρώναις,
3031 2210 3107 2274 ὡς
3137 2210 3164 2261 ὀ
3195 2208 3469 2277 Ῥωμαῖος

1891 2305 2057 2370 εἴποι,
2089 2307 2163 2369 ὡς
2190 2307 2337 2369 εἰκὸς
2371 2304 2794 2375 μεγαλύνεσθαι,
2828 2305 3042 2365 ὲκείνας
3071 2302 3116 2354 δ’
3146 2296 3298 2363 αὖθις
3332 2315 3473 2365 συμ-

1894 2399 2145 2468 μετέχειν
2173 2398 2281 2451 τῶν
2334 2397 2660 2467 ἀξιωμάτων
2702 2398 2816 2458 τοῖς
2851 2395 3155 2465 ἀγομένοις.
3192 2390 3473 2461 Προστάτ·

1891 2505 1975 2543 τει
1996 2490 2174 2542 τοίνυν
2212 2491 2308 2542 σὺν
2331 2490 2446 2551 τοῖς
2492 2488 2674 2550 ἄλλοις
2699 2487 2791 2540 καί
2817 2504 2922 2539 τινι
2948 2486 3057 2539 τῶν
3085 2486 3164 2548 εἰς
3183 2482 3474 2536 παιδοπού-

1892 2580 2018 2645 λους
2046 2581 2353 2651 ταχθέντων
2378 2580 2571 2649 ἐκείνῳ
2604 2578 2697 2632 τοῦ
2726 2578 2930 2648 πατρὸς
2962 2577 3184 2640 ζῶντος,
3211 2576 3473 2627 Βαλανει-

1893 2671 2061 2744 διὼτῃ
2088 2671 2407 2739 τούπίκλην,
2436 2669 2536 2740 τὴν
2560 2670 2660 2736 τῆς
2686 2669 3030 2737 αὖταόέλφης
3058 2668 3150 2719 τοῦ
3177 2664 3473 2719 Παλαιολό-

1894 2779 1994 2832 γσυ
2023 2762 2265 2831 Μαρίας,
2300 2763 2409 2815 εἴτε
2450 2762 2543 2814 καὶ
2581 2760 2833 2829 Μάρθας,
2866 2761 3035 2830 κόρην
3070 2757 3375 2827 Θεοδώραν,
3406 2757 3472 2825 ἢν

1894 2854 1974 2926 τῷ
1996 2853 2381 2925 Ταρχανειὼτῃ
2415 2852 2632 2923 μεγάλῳ
2660 2850 2965 2921 δομεστίκῳ
2995 2850 3182 2918 ἐκείνη
3205 2845 3472 2916 γεγέννη-

1895 2964 2013 3013 κεν,
2062 2948 2142 3010 είς
2164 2946 2339 3016 γάμον
2365 2948 2594 3015 νόμιμον
2625 2943 2948 3012 ἀγαγέσθαι.
2988 2943 3093 2994 Καὶ
3140 2937 3208 3011 ἦν
3252 2943 3280 2993 6
3314 2939 3475 3007 λόγος

1896 3036 1989 3092 τοῦ
2025 3037 2289 3109 βασιλέως
2323 3036 2507 3098 αὐτοῖς
2555 3036 2748 3106 βεῦαία
2782 3051 2862 3097 τις
2905 3030 3290 3102 κατεγγύησις,
3337 3029 3474 3082 κάν-

219 3182 420 3234 gravzs,
467 3169 748 3238 epilepsia,
783 3185 889 3239 qua
938 3169 1171 3225 subinde
1203 3172 1576 3240 apprehensus
1611 3173 1798 3228 conci-
1837 3237 1864 3243 _
1900 3176 1968 3230 ad
2005 3175 2385 3243 imperatorem
2416 3173 2761 3228 accusatione
2789 3170 2919 3239 (non
2966 3177 3084 3221 erat
3139 3166 3281 3219 enim
3338 3164 3475 3219 libe-

219 3258 404 3312 debat.
440 3259 606 3329 Origo
632 3261 747 3329 ejus
793 3237 1139 3316 versimiliter
1166 3237 1532 3331 imputabatur
1565 3262 1798 3317 naturali
1825 3237 1870 3298 θ
1903 3282 2021 3322 rum
2065 3237 2116 3320 ei
2187 3263 2529 3321 dissimulare
2591 3262 2730 3333 quod
2782 3237 2897 3331 ejus
2961 3260 3172 3329 generis
3229 3255 3468 3309 auditmn

218 3347 645 3404 eﬂ'ervescentia:
687 3350 867 3405 cordis
920 3351 1119 3420 (quam
1168 3361 1225 3407 et
1271 3367 1493 3409 causam
1537 3353 1587 3407 ei
1635 3353 1801 3408 fuisse
1904 3358 2127 3427 fuerat),
2156 3358 2337 3411 statim
2365 3355 2410 3409 is
2436 3356 2687 3409 turbatus
2719 3360 2772 3405 et
2801 3361 3058 3415 aestuans,
3082 3356 3338 3416 tanquam
3366 3362 3473 3399 non

222 3458 343 3496 reor
373 3442 587 3497 ruboris
610 3442 662 3494 in
693 3441 842 3496 vultu
864 3441 1144 3512 ﬂagrantis
1169 3443 1270 3513 (l),
1295 3443 1441 3498 haud
1462 3459 1584 3499 sese
1608 3444 1801 3500 videli-

220 3544 303 3588 cet
335 3535 588 3603 capiente
634 3536 832 3591 ardore
882 3534 1143 3604 principis
1191 3535 1336 3590 illius
1384 3536 1634 3603 membri,
1669 3538 1799 3606 quin

223 3624 369 3679 foras
399 3640 572 3694 usque
608 3626 659 3679 in
689 3641 752 3682 os
780 3636 834 3680 et
859 3641 1025 3694 genas
1055 3634 1373 3695 erumpente
1407 3628 1605 3683 interni
1637 3640 1803 3686 aestus

222 3718 425 3773 indicio
451 3734 510 3773 se
534 3721 806 3787 proderet.
838 3720 944 3776 Sed
965 3729 1020 3775 et
1050 3719 1299 3790 [uligines
1325 3737 1391 3777 ex
1422 3722 1526 3777 isto
1553 3723 1803 3778 incendio

223 3825 441 3863 sursum
488 3810 542 3862 in
566 3812 849 3864 cerebrum
885 3809 1105 3880 perlata:
1138 3812 1368 3869 rationis
1396 3828 1554 3868 usum
1585 3822 1802 3882 pertur-

223 3901 447 3955 Jabant.
499 3900 653 3966 Quod
686 3903 1135 3972 quemadmodum
1168 3905 1281 3969 ﬂat,
1304 3906 1651 3975 quantumvis
1678 3906 1797 3975 phi-

223 3991 434 4058 .osopbi
462 3992 710 4046 rixentur
733 3992 873 4047 inter
898 4006 1040 4057 sese.
1066 4004 1275 4049 certum
1308 3988 1487 4049 tamen
1512 3995 1802 4063 experien-

223 4079 308 4135 tiae
348 4082 609 4151 sutl‘ragio
642 4090 725 4137 est
773 4083 977 4139 fontem
1028 4083 1159 4139 recti
1205 4083 1399 4159 jndicii
1428 4099 1522 4139 cor
1552 4099 1701 4148 esse,
1743 4094 1800 4140 et

225 4182 385 4237 prout
421 4174 752 4229 exhalantur
807 4190 874 4230 ex
922 4189 989 4230 eo
1049 4177 1441 4231 accommodati
1493 4179 1560 4231 ad
1610 4193 1802 4232 sanum

226 4271 709 4333 temperamentum
756 4266 952 4336 capitis
997 4274 1091 4320 aut
1120 4266 1168 4322 ei
1224 4268 1521 4323 adversarii
1552 4283 1796 4337 vapores,

226 4353 292 4405 ita
314 4356 547 4410 delirare
577 4358 850 4412 hominem
869 4366 963 4412 aut
994 4372 1207 4425 sapere.
1246 4358 1397 4412 Tunc
1426 4358 1588 4427 igitur
1610 4358 1799 4414 istius-

224 4446 368 4497 modi
396 4447 689 4515 cafiginum
738 4446 1085 4503 incommodo
1124 4448 1177 4501 in
1223 4449 1504 4503 cerebrum
1576 4448 1799 4518 appulsu

228 4536 449 4591 subinde
474 4538 760 4608 perculsus
811 4554 974 4609 aeger,
1000 4539 1249 4595 laborare
1293 4553 1353 4594 se
1390 4539 1441 4592 vi
1484 4554 1625 4595 saeva
1675 4540 1798 4594 mali

230 4627 487 4682 daemonis
519 4644 798 4699 magorum
844 4632 1059 4688 artibus
1106 4632 1349 4688 immissa
1397 4631 1695 4702 judicabat.
1728 4632 1805 4688 Ac

230 4716 417 4783 vulgus
463 4720 681 4786 quidem
726 4722 795 4773 ad
834 4720 963 4774 talia
996 4722 1277 4776 credulum
1304 4722 1511 4779 crimen
1540 4722 1659 4792 ejus
1687 4738 1805 4776 ma-

234 4805 393 4861 leiicii
427 4809 759 4878 impingebat
803 4811 1201 4878 Lluzalonihus,
1236 4811 1393 4880 quasi
1418 4812 1509 4880 qui
1535 4826 1642 4866 non
1674 4826 1806 4866 con-

230 4901 357 4951 lenti
390 4901 747 4966 dignitatibus
778 4902 1075 4965 concessis,
1104 4903 1170 4956 ad
1207 4902 1462 4968 majores,
1493 4903 1688 4970 quibus
1728 4903 1809 4955 in-

231 4989 466 5054 hiabant,
526 4991 665 5045 viam
722 4992 823 5047 sibi
862 5008 927 5048 eo
978 4992 1184 5049 scelere
1240 5003 1570 5048 sternerent.
1642 4994 1808 5063 Aigro

229 5089 404 5133 autem
438 5091 729 5150 suspectus
762 5084 941 5151 quivis
969 5095 1107 5149 erat,
1133 5100 1295 5153 quem
1322 5086 1806 5155 quomodocunque

232 5169 524 5226 insimulari
570 5175 963 5245 praestigiarum
1005 5178 1237 5232 audiret.
1289 5176 1468 5245 Quare
1511 5178 1696 5232 statim
1737 5178 1805 5232 ad

232 5260 428 5324 primos
474 5276 732 5317 susurros
768 5265 850 5318 vel
893 5274 1098 5319 temere
1124 5263 1481 5320 deferentium
1518 5264 1661 5319 obvii
1688 5280 1809 5333 pas-

232 5351 332 5402 sim
377 5352 577 5420 quique
621 5356 1236 5424 comprehendebantur.
1275 5357 1390 5423 Quo
1426 5355 1805 5411 animadverso

228 5441 318 5508 qui
391 5442 621 5512 aliquem
680 5447 926 5515 oderant,
992 5460 1197 5503 certam
1255 5464 1376 5505 eam
1455 5451 1665 5504 inibant
1717 5464 1805 5504 ra-

229 5535 426 5588 tionem
476 5537 594 5605 ejus
639 5538 780 5592 male
838 5540 1122 5607 multandi,
1192 5553 1250 5596 nt
1296 5543 1407 5612 jam
1460 5542 1661 5597 delatio
1694 5558 1807 5595 ma-

230 5626 327 5685 giae
413 5630 666 5684 indicium
754 5644 904 5689 esset
980 5635 1073 5689 irae
1150 5636 1363 5706 injustte
1440 5652 1631 5705 ptenas
1712 5653 1807 5703 pcr

227 5716 334 5789 33
365 5720 683 5778 calumniam
715 5724 781 5780 de
810 5726 1029 5782 inimico
1062 5728 1604 5799 repetentisJ’erlata
1631 5737 1806 5784 autem

301 5853 384 5922 (Ι)
416 5854 493 5908 Cf.
530 5856 1017 5934 Possin.-Glossar.
1061 5878 1105 5918 ν.
1144 5861 1385 5932 Εὑφυὴς.

1905 3452 1956 3505 in
1985 3450 2148 3505 alium
2175 3464 2334 3520 qnam
2362 3449 2413 3501 in
2450 3462 2570 3502 sese
2597 3447 2687 3517 qui
2726 3444 3068 3498 deferebatur
3102 3441 3294 3495 noxias
3329 3449 3475 3492 artes

1906 3541 2248 3605 intendisset,
2283 3538 2513 3608 disquiri
2543 3539 2611 3593 de
2645 3553 2701 3590 re
2727 3537 2967 3607 iubebat.
2994 3532 3251 3587 Elabendi
3296 3543 3474 3584 autem

1902 3647 1933 3686 e
1962 3632 2165 3700 judicio
2203 3640 2363 3701 atque
2414 3628 2736 3683 innocentia!
2798 3624 3087 3695 probandae
3172 3637 3276 3675 una
3350 3630 3465 3674 erat

1905 3725 2061 3789 ratio,
2091 3738 2197 3778 non
2232 3723 2285 3777 in
2314 3720 2540 3777 calculis
2560 3719 2802 3789 jndicum
2836 3727 2927 3772 aut
2974 3716 3220 3771 laudibus
3253 3714 3474 3767 testium

1904 3825 1997 3871 aut
2018 3813 2369 3883 jurejurando
2401 3815 2526 3867 dato
2557 3819 2648 3866 aut
2682 3809 2802 3864 vitae
2834 3809 2986 3879 prius
3033 3804 3307 3874 inculpate
3339 3814 3476 3859 aetas

1904 3902 2160 3973 suffragio
2186 3904 2311 3968 sita,
2358 3901 2451 3958 sed
2493 3902 2548 3955 in
2598 3900 2839 3961 innoxia
2870 3894 3292 3966 pertractatione
3344 3892 3475 3947 ferri

1903 3996 2206 4060 candentis,
2234 3994 2376 4066 quod
2408 4001 2653 4048 sanctum
2700 3991 2985 4045 vocabant.
3043 3985 3215 4057 llujns
3280 4000 3476 4055 purga-

1906 4089 2067 4143 tionis
2093 4088 2181 4142 hic
2204 4090 2338 4140 ritus
2367 4093 2504 4139 erat.
2540 4081 2640 4147 Qui
2664 4097 2720 4136 se
2746 4082 2811 4134 ad
2837 4080 2979 4133 illam
3007 4076 3248 4139 olferret,
3290 4075 3461 4129 triduc

1904 4178 2051 4248 prius
2076 4178 2281 4248 jejunio
2318 4186 2371 4231 et
2403 4176 2655 4230 oratione
2686 4188 2745 4227 se
2779 4174 3021 4241 parabat,
3051 4166 3353 4223 custoditus
3390 4166 3473 4219 in-

1906 4271 2066 4327 terim
2094 4280 2149 4325 et
2173 4284 2334 4334 manu
2365 4268 2483 4324 velo
2513 4266 2770 4328 involuta,
2800 4264 2887 4319 cui
2928 4261 3164 4332 sigillum
3201 4266 3351 4315 esset
3382 4271 3466 4311 re-

1905 4363 2051 4433 gium
2088 4363 2437 4431 impressum,
2470 4374 2537 4413 ne
2571 4360 2693 4427 quis
2719 4372 2837 4410 eam
2888 4352 3236 4408 unctionibus
3285 4350 3478 4403 adver-

1904 4471 1997 4511 sus
2030 4455 2169 4525 ignis
2206 4468 2427 4508 sensum
2461 4450 2842 4505 roborantibus
2872 4447 3122 4499 muniret.
3155 4443 3292 4497 Tum
3349 4457 3479 4512 pro-

1834 4573 1881 4629 ι)
1904 4546 2098 4603 ductus
2121 4547 2174 4602 in
2214 4546 2443 4601 medium
2475 4545 2732 4599 audacter
2755 4540 3044 4609 arripiebat
3083 4538 3309 4608 ignitum
3350 4536 3468 4606 glo-

1910 4640 2035 4694 bum
2074 4640 2212 4693 nnda
2238 4653 2423 4703 manu,
2458 4645 2513 4692 et
2534 4650 2656 4690 eum
2690 4649 2786 4704 per
2830 4633 2931 4687 tria
2979 4630 3255 4685 conclavis
3306 4628 3475 4697 spatia

1908 4731 2181 4800 portabat.
2224 4729 2368 4784 Vidit
2398 4728 2489 4797 qui
2518 4735 2631 4780 haec
2657 4725 2846 4781 scribit
2877 4726 2927 4778 in
2957 4730 3167 4777 mtatem
3209 4720 3318 4788 jam
3369 4729 3479 4771 tum

1913 4819 2173 4888 puberem
2206 4816 2422 4872 adultus
2468 4815 2730 4885 quosdam
2790 4813 2878 4869 isti
2926 4812 3162 4868 examini
3212 4810 3484 4877 subjectos

1910 4909 2047 4963 citra
2105 4908 2269 4962 ullam
2331 4904 2617 4961 defunctos
2685 4919 2879 4960 noxam
2940 4902 3225 4957 candentis
3284 4899 3480 4955 metalli

1914 5007 2083 5064 tactu,
2118 4997 2440 5051 mirantibus
2466 4995 2557 5065 qui
2586 4996 2831 5061 aderant,
2891 4994 3087 5049 illa'sos
3136 4994 3482 5062 integrosque

1912 5090 2188 5143 recedere.
2221 5087 2357 5142 Cum
2381 5098 2555 5140 autem
2583 5102 2679 5156 per
2712 5087 2764 5140 id
2796 5098 3004 5156 tempus
3036 5100 3143 5141 non
3178 5100 3299 5138 raro
3343 5083 3483 5137 sole-

1912 5188 1994 5235 ret
2032 5181 2323 5248 imperator
2348 5179 2479 5232 viris
2513 5178 2655 5233 haud
2687 5176 2952 5231 nobilibus
2986 5175 3187 5245 praemii
3231 5174 3349 5228 loco
3397 5174 3478 5225 vel

1911 5273 2098 5344 gratiae
2154 5272 2612 5326 nobilissimarum
2670 5271 2935 5341 virginum
2990 5267 3239 5337 eonjngia
3297 5266 3483 5319 decer-

1915 5380 2063 5428 nere,
2094 5364 2233 5418 inter
2258 5364 2361 5416 alia
2390 5362 2507 5430 ejus
2532 5362 2746 5430 generis
2779 5359 3022 5427 exempla
3063 5359 3276 5411 cuidam
3343 5355 3479 5410 ado-

1914 5458 2139 5513 lescenti
2194 5470 2224 5511 e
2275 5455 2432 5523 regiis
2509 5455 2752 5522 ephebis,
2814 5451 3161 5506 Balanidiota:
3238 5448 3501 5505 nomine-

1913 5549 2250 5602 Theodoram
2280 5546 2390 5618 34
2415 5544 2637 5599 Martha:
2666 5546 2829 5598 tiliam
2876 5546 3078 5599 sororis
3113 5540 3416 5610 Paltcologi,
3452 5554 3484 5592 e

1915 5654 2108 5708 magno
2142 5640 2439 5694 domestico
2466 5635 2827 5691 Tarchaniota
2873 5636 3132 5707 genitura,
3165 5632 3482 5703 desponderi

1909 5730 2088 5800 jussit.
2125 5730 2412 5785 Celebrate
2442 5742 2705 5784 consensu
2736 5727 2968 5798 partium
3018 5726 3270 5781 mandato
3327 5721 3479 5792 prin-
