3952 6512
502 413 603 477 ίὸτ

1709 415 2029 478 GEORGII
2072 416 2548 479 PACHYMERJB

3629 420 3734 484 468

495 527 701 592 τεῦθεν,
735 524 853 578 ἐπεὶ
887 525 980 578 καὶ
1011 523 1145 595 πρὸς
1177 525 1267 578 τὸν
1297 526 1472 595 γάμον
1499 526 1566 579 τά
1599 525 1739 596 μέρη
1771 523 1912 598 ἦσαν
1940 543 2064 593 συγ·
2097 528 2138 586 Α
2167 526 2243 589 ὡς
2277 528 2376 580 οὐκ
2401 525 2497 581 οἶδ’
2528 527 2576 580 εί
2625 527 2654 580 ό
2702 525 2936 596 νυμφίος
2963 525 3266 598 μεμίσηται
3314 528 3380 597 τῇ
3413 528 3569 582 παιδὶ
3598 531 3747 600 ἄλλῳ

494 621 741 681 κάταινα,
807 617 883 680 ὡς
912 617 1162 687 γαμὸρδς
1199 619 1393 688 ἀνέδην
1422 619 1520 687 τὴν
1549 619 1646 688 τῆς
1673 619 1842 690 κόρης
1891 617 2068 671 οἰκίαν

490 711 608 778 alat;
621 727 794 779 ρχετο.
815 709 978 761 nam
1006 711 1292 782 παρεῤῥυη
1323 712 1514 781 χρόνος
1545 711 1724 778 όλίγος
1742 712 1768 762 ό
1797 710 1893 781 τὴν
1933 727 2068 779 μνη-

491 800 672 854 στείαν
703 801 918 869 ἐκείνην
962 803 1295 871 ἐπιμετρῶν.
1330 805 1422 856 καὶ
1471 805 1571 857 οὐκ
1602 799 1698 856 οἷδ’
1729 803 1756 856 ὅ
1789 820 1841 855 τι
1877 801 2064 856 παθὼν

488 895 514 945 ό
539 892 778 962 κρατῶν,
821 891 960 962 πλὴν
987 891 1102 946 ἀλλ’
1129 894 1160 962 ἡ
1202 893 1419 959 ἐξουσία
1454 896 1703 964 κρεῖσσον
1733 893 1964 959 δικαίου,
1987 891 2064 962 τῷ

487 983 579 1036 τοῦ
610 983 987 1052 Καϐαλλαρίου
1023 984 1121 1052 υἱῲ
1153 983 1416 1055 Βασιλείῳ
1442 986 1653 1052 εὐγενεῖ
1693 1002 1749 1037 τε
1805 985 1916 1038 ὄντι
1976 984 2066 1048 έξο

487 1074 660 1126 οδίδου
690 1070 748 1128 εὗ
767 1076 953 1142 γένους
979 1075 1205 1146 ἔχουσαν
1229 1077 1324 1146 τὴν
1349 1077 1625 1147 ῥηθεῖσαν.
1664 1076 1724 1129 ’0
1749 1077 1794 1130 δ’
1824 1079 1881 1130 ἐν
1908 1077 2062 1146 εὐερ-

487 1167 675 1230 γεσίας
697 1167 852 1235 μέρει
881 1167 1092 1237 δέχεται
1125 1169 1375 1237 ἀσμένως
1421 1169 1481 1220 τὸ
1507 1168 1750 1238 δωρηθέν
1791 1169 1886 1222 καὶ
1933 1185 2065 1220 κατι

483 1255 830 1323 επείγειτοῦς
865 1258 1096 1323 γάμους.
1137 1258 1264 1320 Ταῖς
1296 1257 1474 1327 μέντοι
1507 1275 1566 1328 γε
1601 1256 1814 1326 γυναιξὶ
1842 1258 1976 1327 πρὶς
2003 1256 2062 1311 τὸ

490 1347 701 1414 πρῶτον
728 1347 1024 1418 ρεπούσαις
1059 1350 1414 1420 συνάλλαγμα
1437 1389 1452 1414 ,
1484 1347 2057 1420 προκατειλημμέναις

484 1440 678 1508 ἄτιμον
712 1441 964 1510 ἐχούσαις
984 1445 1046 1493 τὸ
1080 1441 1454 1510 μεταϐαίνειν,
1487 1441 1830 1509 ἀπόστοργος
1861 1441 1888 1492 ό
1921 1457 2060 1509 νυμ-

483 1532 601 1596 φίος
626 1526 712 1600 ἦν.
745 1532 894 1594 Τέως
925 1531 979 1585 δὲ
1005 1535 1054 1593 (ό
1087 1532 1194 1602 γὰρ
1229 1533 1446 1602 κρατῶν
1481 1532 1871 1601 προσέταττεν)
1903 1532 2060 1584 ἐκου-

484 1623 592 1675 σῶν
624 1624 872 1677 ἀκουσῶν
919 1624 1144 1678 ἐκείνων
1199 1625 1268 1678 τά
1319 1625 1648 1694 νομιζόμενα
1704 1625 1938 1676 ἐτελεῖτο
1967 1623 2059 1675 καὶ

483 1714 797 1779 περιφανῶς
830 1715 879 1766 οί
917 1713 1164 1783 ὑμέναιοι
1195 1715 1408 1786 ἤγοντο.
1473 1715 1612 1768 Ἀλλ’
1641 1717 1669 1768 ό
1715 1713 1947 1784 νυμφίος
1973 1713 2058 1781 ἐφ’

483 1804 716 1874 ἡμέραις
739 1805 838 1858 οὒκ
887 1807 1126 1877 ἐπλήρου
1155 1811 1220 1876 τῇ
1257 1807 1393 1878 κόρῃ
1423 1806 1490 1860 τά
1521 1807 1626 1860 τῶν
1676 1805 1905 1874 ἀνδρῶν.
1945 1803 2054 1855 Καὶ

2167 634 2244 686 τῳ
2275 617 2534 688 πρότερον
2564 619 3020 688 κατηγγυημένῃ.
3061 617 3121 673 '0
3155 619 3338 686 μέντοι
3388 637 3453 686 γε
3485 619 3746 689 βασιλεὺς

2168 709 2276 761 εῖτε
2309 709 2444 779 πρὸς
2469 710 2570 779 τὴν
2617 708 2853 777 ὑποψίαν
2885 709 2979 762 καὶ
3033 709 3111 762 ἔτι
3137 711 3472 777 ἀμετάθετον
3505 712 3642 780 έχων
3672 711 3749 774 ὡς
3791 781 3794 784 ,

2165 801 2384 868 ἐκείνην
2411 801 2736 869 μαγγνείαις
2765 801 3081 870 εἰθισμένην
3116 803 3261 864 είκὸς
3299 805 3392 854 καὶ
3429 803 3550 855 κατ’
3581 802 3748 856 αὑτοῦ

2164 891 2705 962 τολμῆσαιτοιούτοις
2729 893 3062 962 χρήσασθαι.
3081 894 3624 962 συνυποπτευομένου
3654 895 3751 947 καὶ

2164 980 2427 1048 τάδελφοῦ
2463 981 2554 1034 ὑπ’
2587 981 2724 1050 αὐτῇ
2753 982 3052 1050 τραφέντος
3087 982 3179 1035 καὶ
3219 985 3608 1052 στεργομένου,
3636 984 3749 1036 εῖτε

2169 1077 2274 1148 μὴν
2302 1077 2396 1131 καὶ
2422 1077 2500 1130 εἰς
2535 1075 2742 1129 ἔννοιαν
2776 1075 2946 1130 ἐλθὼν
3000 1079 3071 1147 μή
3102 1094 3219 1137 πως
3248 1076 3355 1130 τῶν
3389 1078 3748 1146 πραχθέντων

2162 1169 2238 1234 ὡς
2265 1169 2410 1233 είκδς
2446 1167 2822 1222 ἀκουσθέντων
2852 1167 2880 1220 ό
2909 1167 3272 1236 Παλαιολόγος
3325 1167 3749 1238 ύσριοπαθήσας

2161 1261 2237 1324 ὼς
2271 1259 2500 1328 ἀδελφὸς
2547 1259 2687 1328 πρὸς
2728 1261 3093 1328 νεωτερισμὸν
3155 1256 3518 1322 ἀποκλίνειεν,
3569 1257 3752 1318 οὕτως

2157 1351 2302 1424 ἔχων
2346 1350 2571 1420 πέμψας
2593 1349 2688 1404 καὶ
2711 1351 2808 1418 τῆς
2857 1349 3156 1419 ἡγεμονίας
3183 1351 3391 1401 ἐκείνου
3419 1347 3748 1414 παραλύσας

2161 1446 2352 1513 ἀνάγει
2377 1444 2613 1510 δέσμιον,
2653 1442 2730 1513 τῷ
2762 1444 2861 1512 μέν
2889 1443 3067 1495 δοκεῖν
3119 1442 3247 1509 περὶ
3279 1440 3372 1492 τοῦ
3401 1441 3500 1507 τῆς
3527 1455 3750 1508 μαγγα-

2160 1538 2310 1597 νείας
2366 1536 2708 1604 ἐγκλήματος
2754 1532 3265 1602 ἀπολογησόμενον,
3317 1533 3382 1600 τῇ
3431 1531 3480 1583 δ’
3510 1529 3748 1600 ἀληθείᾳ

2163 1630 2456 1701 πρόσχημα
2475 1624 2542 1699 ἦν
2585 1627 2641 1681 τὸ
2671 1626 2914 1696 πραχθὲν
2944 1625 3169 1688 δειλίας,
3218 1623 3312 1676 τοῦ
3345 1624 3424 1693 μή
3456 1640 3509 1675 τι
3541 1639 3748 1675 νεωτε-

2162 1722 2308 1792 ρίσαι
2334 1719 2664 1773 ἀκούσαντα.
2721 1718 2795 1770 Τὸ
2828 1717 2874 1770 δ’
2904 1711 2971 1787 ἦν
3023 1715 3184 1783 δῆλον
3238 1715 3303 1768 ἐκ
3333 1715 3428 1768 τοῦ
3463 1713 3541 1784 μὴ
3593 1714 3750 1776 ὅπως

2164 1813 2280 1882 μετ’
2305 1812 2485 1879 ὀλίγον
2528 1811 2628 1880 τῆς
2659 1810 2883 1879 εἱρκτῆς
2913 1809 3120 1861 ἐκεῖνον
3179 1806 3399 1868 ἐσαῦθις
3444 1804 3749 1859 ἀνακαλεῖ-

473 1895 887 1965 Ἶτυνθάνομὲνου
942 1875 1038 1950 τού
1075 1899 1105 1970 β
1147 1875 1338 1960 σιλέως
1366 1875 1531 1958 *ὅπως
1575 1897 1731 1951 ταῦτο
1763 1896 1994 1964 γένοιτο.
2025 1895 2052 1948 ὗ
2082 1875 2126 1932 Β
2163 1875 2285 1958 σθαι
2325 1875 2422 1956 καλ.
2451 1875 2779 1971 συμπαθεῖν,
2837 1875 2974 1954 ἀλλά
3004 1901 3100 1953 καὶ
3130 1899 3258 1968 περὶ
3292 1895 3475 1966 ἑαυτῷ
3506 1897 3599 1949 καὶ
3629 1895 3751 1956 τοῖς

481 1985 537 2036 δέ
566 1983 780 2054 πρῶτον
815 1986 912 2056 μὲν
965 1988 1260 2051 ύπεσκίαζε
1299 1988 1389 2039 τὸν
1443 1987 1708 2053 ἀπόλογον
1741 1984 1816 2048 ὡς
1863 1985 1940 2053 μὴ
1971 1983 2052 2037 Θέ-

481 2075 589 2128 low
616 2077 1014 2132 ἀνακαλύπτειν
1039 2079 1222 2147 δῆθεν,
1258 2073 1356 2132 εἶθ’
1381 2078 1455 2142 ὡς
1482 2080 1577 2131 καὶ
1618 2077 2058 2148 δραστικὼτερον

480 2167 822 2238 ἀνεκρίνετο,
851 2171 1191 2238 μαγγανείαν
1225 2171 1283 2223 τδ
1315 2170 1568 2238 ἐμποδὼν
1595 2169 1774 2237 ἔλεγε.
1808 2171 1917 2222 Καὶ
1961 2169 2056 2220 εύ-

481 2260 578 2321 θὺς
630 2260 832 2330 ὑποψία
867 2264 998 2332 περὶ
1035 2261 1212 2332 ἐαυτῷ
1243 2261 1338 2315 τοῦ
1388 2263 1715 2332 κρατοῦντος
1742 2263 1835 2314 καὶ
1883 2260 2056 2330 θυμὸς

483 2349 570 2421 [Ρ.
607 2350 697 2422 19]
726 2352 891 2405 ποῖ’.λά
923 2353 1113 2416 δεινὸς,
1147 2355 1239 2406 καὶ
1275 2354 1426 2406 οὐδὲν
1459 2354 1671 2421 ὑφεῖναι
1694 2352 1868 2405 δοκῶν
1899 2352 1946 2404 εἰ
1981 2350 2056 2423 μὴ

482 2441 799 2510 όμολογοῖτο
832 2445 864 2514 ἡ
899 2443 1232 2512 μαγγανεία.
1281 2444 1453 2506 Εὐθὺς
1483 2441 1575 2495 οὖν
1620 2442 1824 2505 σάκκος
1880 2443 2053 2512 ἀχυρ-

488 2534 640 2599 μιᾶς,
687 2535 780 2585 καὶ
829 2535 1010 2604 γυμνὴ
1061 2533 1276 2602 σύναμα
1312 2534 1567 2602 γαλαῖςή
1611 2534 1840 2603 εὐγενὴς
1883 2531 2056 2602 γραῦς

483 2627 634 2688 ἐντὸς
657 2627 1081 2693 συναπείληπτο,
1115 2620 1188 2678 ὧν
1239 2625 1424 2693 λύγοις
1456 2625 1658 2689 ἔξωθεν
1706 2623 2058 2694 μυωπιζόμε-

481 2731 591 2768 νων
613 2717 730 2778 ταῖς
759 2715 869 2768 τῶν
899 2716 1107 2786 όνύχων
1125 2717 1331 2785 ἀκμαῖς
1362 2718 1656 2786 ἐπερονᾶτο
1680 2717 1713 2786 ἡ
1749 2716 2053 2786 πάσχουσα,

480 2805 567 2874 5?,
595 2797 638 2872 ᾧ
660 2805 1110 2876 ἀναγκαζομένην
1133 2811 1225 2860 καὶ
1256 2807 1496 2860 ἄκουσαν
1531 2804 1766 2870 ἐξειπεῖν
1795 2803 1856 2857 τὸ
1886 2804 2057 2875 ἀπόρο

485 2901 665 2968 ῥητόν.
723 2897 866 2950 Ἀλλ’
897 2898 996 2952 οὐκ
1028 2893 1095 2968 ἦν
1141 2897 1302 2950 πλέον
1350 2899 1480 2969 παρ’
1511 2897 1723 2966 ἐκείνης
1770 2893 2053 2964 ἀκούεινῆ

479 2989 540 3041 τὸ
576 2988 652 3060 μὴ
685 2989 981 3043 συνειδέναι
1025 3006 1077 3042 τι
1117 2989 1354 3044 τοιοῦτον
1404 2990 1572 3061 ἑαυτῇ
1610 2987 1862 3060 πραξάσῃ
1886 3027 1902 3053 ,
1961 2989 2057 3042 καὶ

2161 1995 2323 2050 αὐτοῦ
2374 1994 2662 2064 πράγμασι
2695 1992 2969 2045 δεδοικότα
3002 1989 3091 2042 διά
3140 1989 3241 2061 τὴν
3288 1990 3440 2043 νόσον
3474 1986 3750 2054 ἀνάδοχον

2158 2085 2340 2154 ἀξιοῦν
2367 2081 2504 2138 εἶναι
2534 2083 2610 2152 τῷ
2637 2082 2804 2150 γένει,
2834 2082 2927 2135 καὶ
2947 2080 3420 2151 ἀπομνημονεύειν
3441 2080 3540 2148 τὴν
3581 2077 3751 2148 χάριν

2158 2175 2304 2244 αύτῷ
2335 2178 2391 2228 ἐν
2416 2173 2648 2234 τούτοις,
2703 2173 2786 2225 ὅτι
2832 2170 3030 2225 παθεῖν
3064 2168 3249 2232 κακῶς
3279 2168 3431 2232 ἀξιον
3467 2168 3598 2220 ὄντα
3649 2166 3749 2220 διὰ

2157 2267 2222 2320 τὰ
2258 2267 2540 2336 φθάσαντα
2584 2263 2736 2318 οὐδὲν
2781 2264 2989 2316 ἐκεῖνον
3041 2261 3104 2314 ἐκ
3145 2259 3488 2329 συμπαθείας
3540 2258 3751 2328 ἀνήκεσ-

2159 2375 2283 2412 στον
2321 2357 2538 2428 ἔδρασε.

2158 2476 2251 2537 ιγ’.
2295 2465 2564 2537 Θάνατος
2593 2464 2699 2519 τοῦ
2727 2463 3040 2537 βασιέέως
3070 2463 3396 2537 Θεοδώρου,
3430 2460 3529 2514 καί
3555 2459 3628 2512 τὰ
3649 2458 3748 2512 ἔτι

2492 2535 2709 2600 ζῶντος
2741 2533 2929 2588 αὑτοῦ
2956 2533 3400 2601 κατορθώματα.

2227 2627 2334 2682 Τοῦ
2364 2627 2407 2681 δ’
2454 2627 2621 2681 αὑτοῦ
2655 2626 2846 2696 χρόνου
2885 2625 3018 2694 πρὸς
3057 2625 3118 2677 τὸ
3152 2623 3547 2695 φθινοπωρινδν
3593 2621 3746 2674 ἀποο

2155 2716 2432 2778 κλίνοντος
2469 2715 2559 2767 ἐπὶ
2585 2713 2804 2784 τέτρασι
2839 2713 3000 2764 παισὶ
3033 2710 3388 2780 μεταλλάττει
3419 2709 3480 2761 τὺ
3526 2704 3686 2776 βιοῦν
3717 2703 3748 2755 ό

2157 2810 2399 2874 κρατῶν,
2456 2804 2607 2870 τρισὶ
2639 2803 2739 2874 μέν
2775 2802 3120 2873 θηλυτέραις.
3174 2802 3253 2854 ἑνὶ
3284 2801 3329 2854 δ’
3364 2800 3605 2854 ἐνναέτει
3637 2798 3748 2866 ἀερο

2159 2901 2273 2970 ῥενι
2329 2894 2805 2966 παππωνυμοῦντι
2845 2892 2926 2964 τῷ
2969 2893 3212 2964 Ἰωάννῃ.
3271 2893 3333 2944 Al.
3369 2892 3476 2959 γάρ
3511 2888 3744 2958 πρῶται

2155 2990 2264 3043 τῶν
2298 2989 2637 3058 θυγατέρων,
2664 2987 2698 3058 ἡ
2731 2985 2832 3056 μὶν
2864 2984 2940 3055 τῷ
2967 2983 3301 3055 Βουλγαρίας
3337 2983 3558 3053 ἄρχοντι
3579 2981 3746 3033 Κων-

487 3169 622 3236 σεῑνὶς
658 3169 758 3224 rite
787 3171 1054 3238 sponsalia
1077 3181 1219 3235 sunt,
1245 3173 1598 3244 ctaiiquanto
1627 3172 1748 3227 inde
1788 3173 1965 3242 spatio
2008 3171 2053 3225 is
2082 3201 2125 3263 ο
2163 3165 2460 3234 qtuestioue
2487 3162 2810 3231 sperabatur
2835 3161 3100 3215 elicienda
3147 3160 3357 3214 muliert
3416 3173 3544 3214 vera
3597 3172 3740 3213 con—

482 3261 700 3326 juvenis
727 3262 911 3331 sponsi
944 3261 1134 3316 ﬁducia
1186 3264 1330 3318 aedes
1373 3264 1559 3334 puellae
1595 3263 2052 3331 frequentaverat,

487 3365 611 3405 cum
645 3367 773 3407 ecce
815 3355 997 3408 nescio
1043 3369 1146 3424 qua
1211 3355 1489 3423 repentina
1553 3355 1850 3408 nutatione
1899 3355 2060 3420 impc-

487 3457 656 3504 rator,
683 3441 807 3511 jure
836 3459 898 3498 ac
927 3447 1095 3514 pactis
1125 3445 1371 3499 absoluta
1407 3453 1674 3514 potestate
1706 3458 1906 3512 susque
1965 3443 2060 3497 dc-

485 3549 592 3601 que
622 3533 820 3589 habere
847 3534 1032 3602 jussis,
1065 3536 1496 3604 inopinatissime
1528 3538 1760 3606 imperat.
1811 3535 2055 3590 Tarcba-

489 3623 650 3676 niotte
701 3625 877 3692 magni
926 3625 1206 3679 domestici
1272 3626 1438 3680 ﬁliam
1487 3628 1604 3680 viro
1660 3626 1826 3680 nobili
1861 3624 2058 3679 B.:silio

487 3712 773 3768 t‘tballarii
823 3715 930 3769 ﬁlio
989 3718 1211 3773 nubere.
1271 3718 1328 3773 In
1372 3734 1577 3789 magum
1615 3719 1731 3774 loco
1762 3721 1950 3787 gratiae
2007 3718 2058 3771 id

486 3804 716 3860 Basilius
758 3806 964 3872 habuit,
993 3819 1046 3864 et
1077 3825 1170 3879 pro
1222 3826 1282 3864 se
1321 3826 1432 3865 rem
1496 3813 1740 3879 urgebat.
1789 3809 2048 3872 Feminis,

493 3897 657 3952 matri
689 3899 936 3970 ﬁliaeque,
965 3902 1225 3958 cbrritale
1255 3903 1436 3972 sponsi
1487 3903 1679 3972 prioris
1708 3902 1949 3973 “ligatis,
2005 3910 2058 3954 et

494 3989 805 4046 indecorum
869 3993 1260 4048 arbitrantibtts
1320 3995 1527 4050 resilire
1585 4009 1616 4050 a
1667 3994 1946 4048 conventis
1995 4008 2060 4047 ac

491 4079 650 4135 ﬁdem
675 4080 882 4143 fallere,
908 4083 1184 4151 negotium
1212 4085 1434 4138 omnino
1453 4100 1557 4138 non
1575 4084 1813 4154 placebat
1838 4099 1852 4148 ;
1884 4099 2054 4151 quare

486 4171 626 4240 apud
661 4171 779 4226 illas
807 4172 979 4240 gratia
1012 4174 1227 4227 carebat
1273 4174 1512 4229 iutrusus
1571 4189 1786 4242 procus.
1851 4173 2056 4228 Tamen

486 4263 829 4316 incumbente
854 4261 1248 4331 iteratisjussis
1282 4263 1332 4316 in
1357 4263 1498 4316 idem
1551 4262 1816 4332 principe,
1877 4261 2060 4316 volen-

489 4353 635 4407 tibus
687 4353 994 4408 uolentibus
1043 4363 1213 4409 matre
1282 4353 1497 4425 ﬁliaque
1549 4355 1746 4423 nuptias
1788 4355 1963 4423 palam
1995 4368 2061 4410 ac

486 4442 766 4512 splendide
806 4443 1091 4499 celebratas
1141 4454 1291 4501 sunt.
1349 4445 1420 4500 At
1469 4445 1650 4500 multis
1698 4445 1824 4500 inde
1868 4445 2058 4498 diebus

2161 3258 2343 3313 fessio.
2380 3255 2524 3310 Nihil
2556 3267 2736 3309 tamen
2771 3253 2916 3308 aliud
2945 3256 3260 3322 expressum
3317 3249 3420 3306 nisi
3472 3267 3531 3305 se
3586 3249 3738 3304 baud

2159 3349 2430 3404 consciam
2463 3348 2584 3402 talis
2619 3346 2878 3401 sceleris:
2917 3355 3168 3399 caeterum
3216 3343 3483 3411 virginem
3541 3341 3734 3410 sponsi

2158 3441 2354 3509 prioris
2381 3439 2777 3494 necessitudine
2811 3437 3116 3492 devinctam
3175 3452 3203 3489 a
3255 3434 3492 3489 secundo
3528 3434 3735 3486 abhor-

2159 3546 2298 3586 rere.
2357 3529 2482 3584 Haec
2536 3529 2762 3584 audiens
2813 3543 2920 3583 non
2985 3527 3122 3581 ultra
3189 3526 3382 3580 saevire
3434 3525 3738 3592 imperator

2159 3623 2350 3688 voluit,
2385 3621 2486 3677 sibi
2519 3632 2765 3676 metuens
2793 3619 2861 3674 ab
2893 3619 3210 3680 exercitata,
3242 3627 3299 3669 ιιι
3327 3616 3736 3684 suspicabatur,

2160 3715 2294 3767 diris
2355 3712 2812 3766 incantationibus
2857 3726 2989 3772 anu,
3057 3725 3123 3763 ne
3184 3709 3288 3761 vim
3333 3707 3638 3759 maleﬁcam
3683 3707 3736 3756 iu

2161 3803 2333 3872 ipsum
2375 3810 2630 3861 verteret.
2663 3801 2708 3857 si
2733 3799 2962 3869 amplius
2988 3799 3328 3861 irritaretur;
3379 3811 3473 3850 seu
3527 3795 3738 3848 veritus

2160 3904 2226 3942 ne
2258 3888 2589 3959 Palmologus
2624 3898 2730 3940 tam
2754 3898 2992 3942 atrocem
3026 3888 3228 3942 sororis
3264 3885 3517 3954 injuriam
3579 3883 3731 3937 defe-

2158 3982 2338 4036 ctione
2371 3981 2739 4034 ulcisceretur.
2776 3982 2954 4048 Atque
2980 3981 3079 4034 boc
3106 3979 3322 4048 quidem
3361 3987 3418 4030 ut
3439 3985 3739 4047 praeverte-

2158 4082 2261 4136 ret,
2299 4073 2486 4137 misso,
2514 4080 2572 4125 ut
2601 4072 2854 4134 diximus.
2889 4071 3145 4125 Chadeno
3185 4071 3460 4124 redactum
3492 4071 3545 4122 in
3579 4070 3738 4124 ordi-

2160 4177 2281 4216 nem
2316 4161 2672 4230 Palazologum
2697 4170 2753 4216 et
2809 4161 3048 4215 vinctum
3106 4163 3170 4215 ad
3215 4175 3334 4215 sese
3373 4160 3583 4215 curavit
3634 4161 3735 4213 ad-

2159 4257 2302 4317 duci,
2329 4255 2508 4322 specie
2531 4255 2748 4325 quidem
2783 4263 2840 4308 ut
2871 4252 3117 4307 veneﬁcii
3151 4266 3367 4308 causam
3386 4255 3612 4316 diceret,
3651 4265 3743 4305 ro-

2161 4361 2308 4412 vera,
2333 4347 2474 4416 quod
2505 4347 2756 4407 iudicavi,
2791 4359 2858 4400 ne
2882 4345 2928 4399 is
2949 4344 3129 4398 audita
3161 4344 3486 4398 contumelia
3519 4356 3740 4412 germa-

2160 4453 2245 4492 na:
2289 4438 2353 4491 ad
2386 4437 2750 4492 rebellandum
2784 4436 3151 4492 induceretur.
3189 4437 3242 4490 Id
3271 4437 3412 4490 enim
3449 4434 3628 4504 patuit
3657 4447 3725 4484 ex

489 4533 746 4604 nuptialis
788 4534 1075 4606 ceujugum
1121 4551 1445 4606 congressus
1502 4537 1918 4606 haudquaquam
1965 4551 2048 4590 se-
2089 4541 2134 4594 ι)
2160 4544 2224 4584 eo
2256 4530 2398 4598 quod
2421 4529 2713 4597 imperator
2740 4541 2862 4582 eum
2886 4528 3044 4595 paulo
3079 4537 3198 4594 post
3227 4527 3478 4580 eductum
3507 4535 3735 4580 carcere

492 4627 779 4694 quebatur.
808 4626 970 4696 Cujus
1006 4627 1081 4681 rei
1115 4627 1254 4683 forte
1300 4628 1526 4698 cognitae
1584 4637 1932 4696 percontatus
1990 4641 2057 4682 ex

490 4717 688 4772 Basilio
724 4733 941 4773 causam
973 4720 1288 4788 imperator,
1331 4721 1484 4775 abeo
1519 4719 1751 4789 primum
1803 4721 2059 4776 eludeba-

491 4822 578 4863 tur
605 4809 873 4880 ambiguis
903 4811 1174 4878 responsis
1208 4831 1222 4868 :
1259 4811 1474 4866 tandem
1528 4813 1734 4868 instans
1787 4814 2058 4871 ellicacius

489 4897 696 4951 audivit
745 4901 945 4954 nodum
1004 4900 1229 4956 Veneris
1287 4905 1495 4974 magico
1568 4903 1834 4959 maleﬁcio
1905 4905 2057 4959 novis

489 4989 701 5057 sponsis
733 4989 1011 5058 injectum.
1053 4991 1160 5046 llac
1217 4995 1487 5048 mentione
1546 4996 1940 5064 praestigiarum
2003 4997 2054 5050 iu

491 5078 784 5135 familiares
834 5081 1170 5150 suspiciours
1224 5084 1497 5138 revolutus
1543 5085 1814 5152 princeps,
1879 5093 1935 5140 et
1999 5100 2058 5139 se

490 5186 705 5240 quoque
737 5173 910 5243 ipsum
953 5173 1180 5229 infernis
1209 5177 1416 5230 artibus
1451 5177 1744 5248 appetitum
1769 5188 2058 5233 autumans

490 5260 559 5313 ab
587 5265 777 5316 eodem
815 5263 1036 5318 iudicati
1063 5261 1252 5318 fascini
1291 5278 1534 5332 auctore,
1563 5268 1913 5322 vcbementer
1960 5281 2059 5321 cx-

489 5353 738 5419 canduit,
761 5365 1002 5409 extrema
1041 5357 1273 5426 experiri
1301 5374 1525 5428 qumque
1557 5368 1736 5413 certus
1767 5361 1832 5414 ad
1885 5360 2058 5412 artiﬁ-

490 5459 610 5499 cem
653 5445 899 5500 veneﬁcii
947 5449 1297 5503 noscendum.
1328 5447 1530 5504 Saccus
1583 5451 1864 5518 expeditur
1917 5450 2060 5504 illico

490 5537 911 5601 stramentitius,
947 5548 1001 5591 et
1033 5538 1084 5592 iu
1115 5555 1234 5593 eum
1281 5556 1418 5596 anus
1479 5542 1674 5595 misera
1725 5541 2060 5596 nobilissima

495 5637 739 5680 matrona
771 5628 912 5682 nuda
957 5631 1240 5701 conjicitur
1273 5648 1392 5686 cum
1426 5633 1638 5698 felibus,
1671 5633 1761 5702 qui
1812 5633 2062 5688 videlicet

490 5719 696 5775 acubus
747 5720 1006 5776 immissis
1065 5739 1162 5792 per
1228 5734 1435 5779 textum
1497 5727 1686 5796 tegetis
1747 5725 2056 5794 compuncti

490 5811 752 5882 unguibus
812 5812 918 5886 35
971 5815 1200 5870 vetulam
1255 5815 1642 5887 discerperent.
1700 5816 1773 5872 Ea
1837 5815 2059 5872 immani

2166 4637 2269 4676 non
2303 4621 2476 4674 solum
2510 4619 2667 4674 venia
2695 4617 2918 4673 donavit
2957 4626 3011 4672 et.
3043 4619 3096 4672 in
3154 4618 3422 4686 integrum
3469 4613 3733 4676 restituit,

2163 4713 2257 4766 sed
2287 4721 2339 4767 el
2366 4711 2478 4766 suis
2497 4711 2680 4774 rebus,
2707 4710 2776 4764 ob
2809 4711 3056 4764 morbum
3085 4722 3150 4764 ex
3173 4723 3278 4777 quo
3304 4705 3734 4774 periclitabatur,

2163 4809 2424 4864 metuens,
2455 4800 2700 4868 proprios
2731 4798 2780 4853 ei
2815 4799 3014 4852 liberos
3043 4795 3460 4854 commendarit.
3493 4792 3730 4861 gratiam

2164 4893 2216 4948 in
2237 4908 2357 4948 eum
2401 4906 2554 4945 suam
2587 4905 2895 4944 memorans
2948 4904 3012 4942 ea
3071 4887 3405 4956 indulgentia
3460 4893 3735 4947 tcstatam,

2163 5000 2266 5055 qua
2295 4984 2468 5053 ipsum
2499 4984 2569 5036 ob
2597 4992 2774 5037 vetera
2809 4982 2991 5050 utique
3009 4980 3236 5034 crimina
3273 4992 3435 5048 poena
3490 4977 3735 5044 dignum,

2164 5079 2396 5147 benigno
2421 5075 2612 5130 aflectu
2647 5074 2934 5140 miserans,
2976 5073 3105 5128 nulli
3136 5071 3304 5126 atroci
3337 5080 3393 5124 et
3421 5068 3734 5123 immedica-

2165 5169 2255 5223 bili
2289 5168 2551 5238 supplicio
2587 5167 2925 5238 subjecisset.

2165 5253 2432 5340 l3./Mors
2468 5281 2987 5351 TIteodort'Attgusti,
3023 5291 3070 5335 et
3108 5280 3270 5345 ipsius
3296 5278 3730 5333 dunteireretres

2708 5352 2963 5421 pra-clare
2991 5361 3169 5421 θηται.

2238 5447 2438 5501 Eodem
2464 5461 2626 5516 porro
2660 5459 2802 5498 anno
2832 5445 2885 5499 in
2928 5454 3244 5497 autumnum
3276 5451 3533 5513 vergente
3567 5439 3734 5493 mori-

2163 5551 2249 5596 tur
2271 5541 2582 5608 imperator.
2616 5536 2845 5607 pupillos
2879 5535 3194 5602 relinquens
3227 5543 3462 5604 quatuor
3504 5532 3728 5592 liberos.

2168 5645 2276 5688 tres
2309 5631 2543 5686 fetuinas
2571 5640 2624 5681 et
2656 5643 2952 5682 novt-tinem
2979 5644 3143 5680 unum
3173 5643 3373 5679 marem
3407 5639 3509 5678 avo
3531 5637 3731 5693 cogno-

2166 5726 2364 5779 n-inem
2443 5723 2728 5778 leunnem.
2801 5721 2934 5779 Nam
3003 5725 3124 5778 tiliae
3185 5725 3394 5792 priores
3461 5719 3733 5778 collocata:

2165 5817 2364 5872 dudum
2404 5815 2513 5887 36
2538 5815 2749 5873 fuerant
2783 5816 2835 5871 in
2867 5817 3293 5882 matrimonium,
3345 5832 3450 5871 una
3515 5811 3731 5883 quidem
