3952 6554
256 418 363 479 469

1258 424 1354 485 DE
1398 420 1787 483 MICHAELE
1828 417 2285 479 PAIJEOLCGO
2326 418 2475 477 LIB.
2524 418 2563 479 ῐ.

3395 411 3519 473 4'70“

255 518 529 599 σταντίνῳ
560 532 637 603 τῷ
659 532 856 603 Τείχῳ,
897 534 929 604 ἡ
967 533 1023 586 δὲ
1056 532 1134 603 τῷ
1169 531 1260 586 τοῦ
1298 529 1518 584 δυτικοῦ
1571 528 1829 582 δεσπότου
1864 531 1904 585 Α
1932 528 2011 581 ὅτι
2048 529 2280 597 μάλιστκ
2305 530 2545 596 ἄριστον,
2603 528 2743 582 ὥστε
2794 530 2885 582 καὶ
2927 526 3251 597 παμπληθὲς
3282 526 3497 578 ὲκινδῦο

253 621 477 689 Μιχαὴλ
520 623 668 676 παιδὶ
698 624 999 693 Νικηφόρῳ
1058 623 1191 692 πρὸς
1236 624 1412 692 γάμον
1463 622 1709 689 ἔφθασαν
1739 622 1830 674 ὲκ-

250 710 501 781 δοθῆναι.
541 716 604 767 Ὅ
637 714 701 785 δὴ
737 717 832 768 καὶ
886 715 1236 786 προεσήμηνέ
1269 733 1321 768 τι
1379 716 1605 784 σημεῖον
1627 728 1639 743 ’
1676 712 1829 781 ἣλιος

252 804 362 871 γὰρ
395 804 705 857 ἐκλελοίπει
744 806 829 874 ἐφ’
876 804 1024 874 ὤραν
1055 805 1246 877 τρίτην
1268 804 1365 874 τῆς
1394 804 1557 872 ἕκτης
1587 802 1825 872 ἡμέρας.

250 895 343 948 καὶ
374 894 523 963 βαθὺ
554 898 741 961 σκότος
773 897 832 951 τὺ
856 899 960 953 πᾶν
990 896 1325 965 κατειλήφει,
1353 896 1493 948 ὥστε
1538 896 1629 949 καὶ
1654 895 1828 964 ἄστρα

251 986 499 1055 φανῆναι
558 990 676 1040 κατ’
707 987 957 1059 οὐρανοῦ.
993 989 1101 1042 Καὶ
1141 987 1204 1057 δὴ
1235 986 1541 1058 ἁρπάζεται
1590 987 1685 1039 καὶ
1725 986 1829 1055 πρὸ

247 1074 399 1143 ὧρας
437 1076 582 1148 ἀνὴρ
614 1077 905 1146 βασιλικῶς
928 1078 1027 1148 μὲν
1058 1078 1153 1131 καὶ
1172 1078 1448 1149 γεννηθεὶς
1468 1079 1558 1130 καὶ
1579 1077 1827 1146 τραφεὶς,

250 1165 559 1235 βασιλικῶς
586 1167 629 1222 δ’
660 1168 916 1239 ἀναχθεὶς
945 1170 1040 1223 καὶ
1061 1168 1392 1236 παιδευθεὶς,
1425 1167 1528 1221 κάν
1556 1170 1604 1221 εί
1630 1167 1705 1237 τῷ
1731 1184 1830 1219 πα-

247 1259 337 1326 τρὶ
380 1260 446 1311 οὺ
478 1258 786 1328 προσεῴκει
821 1260 878 1312 τὸ
910 1259 1043 1329 βαθύ
1079 1277 1139 1313 τε
1172 1260 1267 1313 καὶ
1303 1259 1522 1312 συνετὸν
1550 1261 1686 1329 πρὸς
1717 1262 1744 1312 ὅ
1773 1278 1827 1312 τι

247 1350 389 1412 λέξοι
417 1352 519 1403 καὶ
543 1350 736 1420 πράξοι
765 1353 858 1403 καὶ
880 1351 940 1403 τὸ
982 1353 1081 1420 τῆς
1116 1351 1343 1421 γνώμης
1375 1354 1603 1424 στερρόν
1633 1369 1691 1403 τε
1734 1353 1830 1405 καὶ

247 1441 616 1508 ἀμετάθετον,
651 1442 765 1494 ἀλλ’
796 1439 888 1494 οὖν
906 1444 969 1495 ὲκ
994 1445 1219 1496 πάππου
1250 1445 1347 1512 μὲν
1378 1445 1516 1515 ἔχων
1538 1447 1597 1498 τὶ
1626 1445 1712 1517 [Ρ.
1736 1446 1826 1516 20]

247 1534 304 1594 ἐς
342 1533 507 1585 πάντ’
534 1532 627 1595 ὀξὺ
654 1535 750 1586 καὶ
779 1534 1121 1603 μεγαλόφρον
1149 1538 1242 1587 καὶ
1272 1537 1514 1604 ἀρεῖκὸν,
1542 1540 1604 1589 ἐκ
1635 1537 1690 1591 δὲ
1726 1555 1825 1607 μη.

245 1626 370 1693 τρὺς
394 1627 458 1677 τδ
488 1626 940 1695 φιλοδωρότατον,
971 1626 1044 1688 ὡς
1072 1627 1219 1687 ὅλαις
1251 1629 1408 1696 χερσὶ
1430 1631 1545 1691 τοῖς
1572 1628 1831 1694 ὑπηκόοις

246 1716 315 1768 τά
353 1718 622 1785 χρήματα
661 1716 933 1782 ἐξαντλεῖν
1001 1717 1096 1770 καὶ
1149 1717 1507 1781 ὲξαντλοῦντα
1549 1720 1645 1787 οὐχ
1680 1721 1828 1781 ὅπω;

246 1809 509 1861 ἀνιᾶσθαι
558 1808 693 1862 ἀλλὰ
724 1810 818 1862 καὶ
847 1810 1062 1881 χαίρειν
1081 1853 1095 1876 ,
1140 1810 1568 1878 φιλιελογώτατος
1611 1812 1657 1864 δ’
1682 1815 1738 1874 ἐς
1762 1813 1829 1865 τὰ

250 1900 494 1969 μάλιστα
560 1900 673 1965 ῶν,
704 1902 799 1954 καὶ
844 1903 978 1954 πᾶσι
1009 1902 1107 1971 μὲν
1154 1903 1393 1970 λογικοῖς
1457 1904 1823 1972 εὐεργετικῶς

248 1993 725 2061 προσφερόμενος,
758 1994 852 2061 οὐχ
883 1986 1047 2062 ἦττον
1080 1994 1137 2047 δὲ
1171 1993 1263 2046 καὶ
1286 1994 1448 2056 αὐτὸς
1476 1994 1672 2065 λογικῇ
1698 2014 1822 2048 παι-

246 2080 361 2152 δείᾳ
392 2082 811 2153 προσεσχηκὼς,
841 2083 901 2136 οὐ
936 2082 1136 2150 μᾶλλον
1156 2085 1220 2136 ἐκ
1244 2083 1581 2154 μαθήσεωςῆ
1609 2085 1824 2153 φύσεως

246 2177 345 2243 τὴν
372 2175 508 2243 περὶ
541 2175 600 2225 τὸ
656 2175 887 2243 γράφειν
921 2174 1152 2243 δύναμιν
1208 2174 1367 2243 ἔχων,
1396 2174 1472 2236 ὡς
1504 2176 1600 2227 καὶ
1652 2176 1822 2230 πολλὰ

249 2267 556 2337 ὲπιρῤύδην
585 2266 874 2329 ἐκτιθέναι,
907 2267 955 2319 εί
992 2267 1152 2335 μόνον
1188 2268 1482 2337 ὁρμήσειεν
1504 2285 1520 2301 ο
1554 2269 1659 2322 ἔδει
1692 2273 1818 2339 γὰρ,

250 2358 343 2408 καὶ
384 2358 580 2409 σιωπῶ
621 2357 690 2410 τά
727 2358 976 2422 πλεῖστα,
1003 2359 1034 2425 ἡ
1064 2357 1362 2429 περιφανὴς
1397 2360 1554 2426 ἁγίου
1574 2360 1824 2431 ἐφειστή-

250 2464 336 2499 κει
391 2452 614 2518 μνήμη,
646 2449 798 2502 οὐδὲν
828 2448 1155 2519 προσθέντα,
1208 2449 1418 2520 ἣὸπως
1458 2452 1669 2521 μακρὸν
1715 2454 1823 2504 τῶν

253 2540 602 2607 πραγμάτων
628 2539 901 2602 ἀνεθέντα,
945 2541 1061 2602 ἐνὸς
1091 2541 1198 2593 τῶν
1228 2540 1320 2594 τοῦ
1355 2542 1559 2612 κλήρου
1585 2545 1824 2613 τχολαιό·

250 2648 413 2700 τερον
450 2633 510 2685 τὸ
541 2633 1006 2703 προκαταρκτικὸν
1049 2633 1142 2686 τοῦ
1177 2634 1375 2704 ὄρθρου
1412 2637 1823 2705 μονολογοῦντος

252 2722 458 2791 ὲξάψαλ
470 2740 569 2792 μον
603 2724 801 2777 κανόνα
833 2722 1104 2793 πλακῆναι
1162 2722 1239 2793 τῷ
1279 2725 1739 2795 μνημονευομένῳ
1766 2727 1824 2790 ἐς

256 2898 617 2954 Constantino
682 2899 866 2954 Techo
926 2899 1276 2966 Bulgarorum
1331 2899 1585 2969 principi,
1651 2902 1819 2958 altera

253 3006 381 3045 vero
421 2991 725 3060 Nicephoro
753 2990 1030 3046 Michaelis
1063 2992 1300 3059 despotae
1342 2990 1650 3048 Occidentis
1693 2997 1820 3050 lilio.

257 3082 362 3138 Nec
383 3084 546 3153 plane
568 3083 890 3153 improvisus
924 3084 1118 3138 accidit
1142 3085 1226 3138 hic
1253 3099 1434 3147 casus,
1459 3086 1660 3155 quippe
1688 3104 1823 3155 prae-

258 3180 539 3231 nuntiatus
563 3175 770 3231 cmlesti
799 3185 1071 3244 portento.
1098 3176 1304 3230 Etenim
1335 3176 1415 3230 sol
1444 3176 1715 3232 defecerat
1757 3180 1820 3232 ad

258 3268 445 3320 horam
476 3265 688 3321 tertiam
714 3275 881 3320 sextze
900 3265 1031 3331 diei,
1068 3275 1122 3320 et
1152 3267 1330 3321 densae
1360 3271 1594 3323 tenebrae
1633 3282 1821 3325 cuncta

258 3360 803 3427 comprehenderant,
838 3360 971 3412 adeo
1002 3371 1059 3412 ut
1121 3371 1448 3429 apparerent
1502 3364 1670 3417 stellze
1734 3378 1827 3431 per

263 3452 487 3504 cmlnm.
515 3449 589 3504 Ita
627 3450 936 3517 praeripitur
965 3449 1159 3504 acerba
1186 3461 1360 3506 morte
1388 3453 1470 3506 vir
1491 3454 1636 3524 regie
1663 3466 1824 3510 natus

259 3552 310 3596 et
362 3541 623 3606 nutritus,
678 3541 826 3609 regie
878 3556 1093 3609 quoque
1153 3542 1413 3597 educatus
1466 3551 1521 3598 et
1571 3546 1817 3610 edoctus,

258 3633 394 3699 patri
430 3646 539 3685 non
567 3632 655 3686 ille
696 3632 911 3699 quidem
944 3631 1135 3686 similis
1190 3633 1244 3686 in
1276 3632 1537 3701 profunda
1570 3650 1825 3691 consum-

260 3733 512 3792 mataque
566 3723 845 3791 prudentia
881 3721 1150 3776 dictorum
1195 3723 1398 3791 pariter
1457 3733 1513 3778 et
1557 3737 1821 3793 actorum,

260 3829 435 3883 neque
469 3815 522 3867 in
556 3814 870 3867 immutabili
895 3813 1199 3867 constantia
1248 3816 1417 3869 semel
1451 3828 1598 3871 recte
1631 3818 1824 3874 decre-

260 3917 457 3973 torum,
500 3917 752 3961 caeterum
774 3920 837 3958 ex
866 3920 965 3960 avo
997 3905 1201 3960 habens
1237 3908 1468 3962 celerem
1503 3908 1570 3964 ad
1615 3908 1821 3973 omnia,

260 3998 533 4053 excelsum
558 4012 618 4051 ac
648 4012 901 4066 magnum
942 3996 1191 4066 belloque
1219 4011 1399 4052 acrem
1437 3999 1675 4053 animum
1707 4016 1723 4066 ;
1755 4018 1818 4055 ex

261 4099 431 4144 matre
462 4104 587 4143 vero
619 4089 1163 4144 beneﬂcentissimam
1226 4098 1499 4154 naturam,
1532 4106 1651 4159 quae
1708 4108 1823 4146 am-

258 4181 427 4237 babus
458 4181 707 4235 manibus
744 4181 882 4233 dona
910 4180 961 4233 in
1010 4179 1258 4233 subditos
1311 4178 1633 4248 ell‘nnderet,
1674 4184 1821 4237 nullo

258 4286 492 4327 interere
523 4271 841 4339 largissime,
876 4270 983 4322 imo
1031 4269 1306 4323 effundere
1350 4271 1629 4338 gauderet.
1702 4272 1824 4328 Stu-

258 4364 598 4418 diosissimus
623 4363 674 4416 in
707 4361 894 4431 primis
918 4361 1243 4427 litterarum,
1278 4371 1334 4416 et
1383 4362 1649 4419 litteratos
1707 4382 1822 4418 am-

258 4457 418 4524 plecti
478 4456 757 4509 beneﬁciis
811 4453 1026 4522 solitus,
1092 4454 1424 4510 meditationi
1484 4456 1613 4526 quin
1657 4458 1819 4511 etiam

1931 636 2083 673 νευεν
2135 620 2539 690 εὖεργετεῖσθαι
2599 622 2673 691 μὴ
2726 622 2808 673 ὅτι
2839 623 2964 683 τοὺς
3004 620 3324 689 ψάλλοντας.
3357 618 3491 671 ἀλλᾶ

1930 713 2022 764 καὶ
2051 713 2246 775 αὐτοὺς
2281 712 2387 764 τῶν
2421 712 2606 783 ὓμνων
2656 714 3057 784 ἀκροωμένους,
3095 712 3199 766 κᾶν
3222 714 3330 765 τῶν
3366 731 3498 783 προ-

1931 802 2250 857 κοιτούντων
2270 798 2337 875 ἦν
2369 821 2453 867 τις
2490 801 2592 856 κᾶν
2627 804 2736 856 τῶν
2762 805 3076 874 ὁπλοφόρων
3120 805 3214 857 καὶ
3244 821 3497 872 σωματος

1931 895 2313 963 φυλακούντων
2345 897 2422 964 τῷ
2454 897 2681 968 βασιλεῖ,
2737 898 2840 951 κᾶν
2864 897 3037 958 ἄλλως
3060 897 3356 967 ὑπηρετοίη
3386 898 3497 958 τοῖς

1932 988 2250 1057 βασιλείοις,
2284 988 2387 1042 κᾶν
2415 988 2590 1053 ἄλλως
2628 989 2850 1043 ἄλλοθεν
2897 989 3160 1044 ἐπελθών.
3202 990 3341 1042 Πᾶσι
3387 989 3498 1056 γὰρ

1931 1082 1989 1145 ἐξ
2018 1081 2133 1134 ἴσον
2180 1080 2240 1133 τὸ
2289 1082 2564 1151 βασιλικὸν
2612 1081 3023 1150 ἀνεξαντλήτως
3078 1080 3263 1151 ἔχευεν
3321 1079 3495 1141 ἔλεος,

1932 1171 2293 1241 στρατιώταις
2322 1171 2378 1224 δὲ
2406 1172 2606 1241 μᾶλλον
2639 1174 2733 1226 καὶ
2763 1167 2885 1235 οῒςό
2909 1173 3068 1239 λόγος
3094 1171 3153 1223 τὸ
3179 1170 3500 1239 σπούδασμα

1928 1256 2016 1332 ἦν.
2045 1262 2119 1314 Οὐ
2158 1262 2266 1333 γὰρ
2290 1257 2356 1333 ἦν
2386 1264 2585 1334 ἡμέρα,
2617 1265 2676 1317 οὗ
2710 1263 2825 1328 νὺξ,
2857 1263 2918 1316 οὐ
2950 1264 3141 1333 καιρὸς
3173 1261 3505 1331 δυσθυμίας,

1930 1352 2026 1421 οὐχ
2055 1351 2173 1422 ὥρα
2212 1355 2406 1423 χαρᾶς,
2447 1355 2547 1406 οὐκ
2580 1355 2882 1407 ἀνατέλλων
2916 1355 3087 1425 ἥλιος,
3124 1354 3184 1407 οὗ
3216 1353 3497 1422 δυόμυθος,

1930 1446 2016 1498 ὅτε
2044 1463 2130 1509 τις
2177 1447 2497 1515 εὐεργεσίας
2548 1448 2669 1518 δίχα
2697 1450 2788 1501 τ’,ν
2838 1448 3069 1511 ἄνακτα,
3118 1442 3241 1518 ἢεῦ
3295 1447 3522 1508 ἐκεῖνος·

1932 1536 2152 1606 πάσχων
2197 1537 2229 1604 ἧ
2290 1538 2465 1591 ἄλλων
2514 1539 2583 1592 τὰ
2637 1538 2727 1591 ἶσα
2778 1539 3119 1608 πασχόντων,
3166 1538 3299 1607 όρᾷν
3344 1536 3502 1606 ἢκαὶ

1930 1626 2151 1680 ἀκούειν
2173 1623 2304 1696 εἶχε.
2338 1627 2588 1690 Τοιοῦτος
2615 1627 2670 1680 δὲ
2691 1627 2767 1680 ὢν
2794 1627 2963 1696 βαρὺς
2988 1627 3134 1691 ἔδοξε
3163 1630 3276 1687 τοῖς
3316 1629 3375 1679 ἐν
3414 1627 3501 1677 τέ-

1930 1717 2032 1781 λει,
2056 1719 2136 1771 ὅτι
2166 1719 2225 1771 οὐ
2261 1718 2382 1771 κατ’
2409 1717 2693 1785 εὐγένειαν
2731 1718 2825 1771 καὶ
2856 1718 3015 1786 κῆδος
3047 1717 3346 1786 βασιλικὸν,
3365 1715 3500 1770 ἀλλὰ

1932 1810 2245 1880 ἀριστίνδην
2293 1811 2418 1871 τοὺς
2451 1810 2542 1862 ἐπὶ
2578 1810 2689 1862 τῶν
2747 1809 3091 1880 πραγμάτων
3139 1810 3501 1877 ἐκλεγόμενος

1928 1904 2039 1965 τοῖς
2066 1904 2434 1973 προσήκουσιν
2469 1901 2761 1970 ἐσέμνυνεν
2804 1899 3130 1970 ἀξιώμασιν.
3167 1895 3261 1960 Οἷς
3294 1900 3348 1952 δὲ
3380 1917 3501 1951 συν-

1930 1994 2110 2047 έϐαινε
2145 1995 2501 2064 προσγενέσιν
2551 1988 2690 2047 εἶναι
2733 1992 2824 2047 καί
2856 1993 2904 2044 οί
2951 1992 3086 2063 πρὸς
3120 1992 3371 2061 αἵματος,
3397 1992 3498 2058 ἀρ-

1931 2086 2047 2138 κεῖν
2085 2084 2266 2155 ἔκρινε
2290 2084 2351 2136 τὸ
2385 2084 2625 2137 τοιοῦτον
2662 2083 2757 2135 καὶ
2780 2081 2959 2135 ίκανδν
2988 2083 3068 2143 είς
3095 2082 3251 2149 λόγον
3284 2080 3497 2149 σεμνώ-

1933 2193 2121 2246 ματος.
2161 2176 2234 2229 Τὸ
2266 2175 2321 2228 δὲ
2345 2160 2434 2245 ἦν,
2470 2176 2518 2227 εί
2554 2174 2779 2243 σκοποίη
2819 2190 2921 2236 τις,
2948 2172 3148 2242 ἀρετὴν
3178 2172 3499 2239 όφέλλοντος

1929 2264 2186 2333 ἄρχοντος
2243 2264 2338 2317 καὶ
2368 2262 2817 2332 παρακαλοῦντος
2864 2262 2999 2330 πρὸς
3049 2261 3402 2329 εὐδοκίμησιν
3438 2263 3496 2311 τὸ

1930 2357 2185 2425 ὑπήκοον.
2216 2355 2293 2411 Οὐ
2322 2357 2430 2425 γὰρ
2464 2356 2721 2424 βλακείας
2754 2357 2933 2424 χάριν,
2968 2353 3379 2422 ἁλλ’άριστείας
3404 2354 3495 2403 καὶ

1927 2448 2021 2502 τοῦ
2048 2448 2222 2509 καλῶς
2246 2447 2475 2516 ἄγεσθαί
2506 2464 2560 2499 τε
2586 2448 2721 2516 πρὸς
2753 2446 2960 2499 ἐκείνου
2991 2447 3084 2498 καὶ
3108 2446 3264 2511 ἄγειν
3298 2446 3497 2505 ἄλλους

1928 2541 2025 2603 τὰς
2057 2540 2341 2609 βασιλικὰς
2381 2538 2697 2607 φιλοτησίας
2727 2536 2942 2607 ἔκρινεν
2968 2537 3343 2605 διανέμεσθαι.
3385 2538 3493 2587 Καὶ

1926 2634 1986 2684 τὸ
2010 2632 2238 2702 φοϐερὸν
2269 2632 2495 2701 προσῆν,
2523 2630 2599 2691 ὡς
2633 2629 2864 2692 ἑτοίμως
2891 2630 2984 2680 καὶ
3016 2629 3106 2680 τὸν
3140 2628 3315 2690 ἄλλως
3342 2628 3374 2696 ἢ
3416 2628 3495 2689 ὡς

1929 2723 2036 2776 ἔδει
2064 2722 2321 2776 ποιοῦντα
2346 2721 2673 2785 κολάζεσθαι
2701 2719 2909 2774 καὶτὸν
2935 2718 3305 2788 κατορθοῦντα
3338 2719 3507 2787 εὐερι

1929 2899 2063 2954 dona
2097 2898 2388 2953 videretur.
2434 2897 2581 2952 Adeo
2621 2911 2724 2949 non
2778 2895 3086 2963 psallentes,
3140 2909 3246 2947 non
3304 2896 3499 2949 dantes

1929 3006 2148 3061 operam
2216 2989 2558 3050 canentibus,
2622 2987 2903 3041 indonatos
2960 2985 3317 3053 relinquebat.
3386 2984 3501 3040 Seu

1928 3083 2051 3150 quis
2082 3082 2134 3134 in
2181 3080 2556 3151 excubitorum
2596 3078 2804 3141 ordine,
2857 3092 2950 3131 seu
3005 3076 3055 3128 in
3095 3074 3386 3129 satellitum
3439 3085 3501 3129 et'

1929 3175 2171 3239 corporis
2247 3172 2529 3227 custodum
2604 3184 2848 3231 munere,
2908 3184 3000 3224 seu
3066 3169 3173 3221 alio
3234 3167 3506 3236 qquiatw

1930 3264 2107 3318 aulico
2133 3262 2434 3317 ministerio
2463 3261 2771 3330 imperatori
2812 3269 3117 3328 appareret,
3174 3259 3290 3312 sive
3330 3259 3497 3312 etiam

1929 3353 2140 3408 aliunde
2168 3354 2362 3421 aliquis
2390 3368 2454 3407 eo
2483 3350 2625 3407 forte
2670 3351 2897 3406 veniens
2925 3360 3051 3405 tunc
3075 3359 3404 3413 occurreret,
3440 3350 3494 3403 in

1931 3460 2121 3500 omnes
2141 3459 2207 3499 ex
2233 3459 2388 3513 :equo
2421 3444 2621 3514 regiam
2651 3441 3083 3498 beneficientiam
3142 3440 3491 3505 extendebat,

1928 3537 2127 3592 milites
2186 3536 2484 3606 przesertim
2549 3545 2604 3589 ct
2660 3535 2961 3589 litterarum
3030 3533 3320 3589 studiosos.
3377 3531 3491 3586 Non

1926 3630 2066 3683 enim
2122 3643 2252 3696 nox,
2305 3644 2411 3683 non
2471 3628 2606 3692 dies,
2637 3642 2744 3681 non
2789 3635 3000 3696 tempus
3045 3633 3318 3692 maestum,
3378 3640 3489 3679 non

1927 3724 2056 3778 hora
2087 3722 2282 3787 laetior,
2313 3736 2418 3775 non
2446 3721 2630 3776 oriens
2684 3720 2787 3786 sol,
2835 3735 2943 3774 non
3000 3720 3254 3775 occidens
3314 3719 3490 3787 ipsum

1929 3824 2205 3869 vacantem
2263 3830 2294 3868 a
2343 3812 2727 3868 lienel'aciendo
2761 3812 3043 3881 reperiret.
3080 3809 3314 3865 Videres
3338 3812 3492 3866 andi-

1928 3921 2124 3975 rcsque
2151 3907 2293 3963 circa
2324 3922 2445 3962 eum
2479 3921 2693 3975 semper
2713 3914 2805 3960 aut
2837 3906 2925 3973 qui
2948 3919 3141 3960 munus
3160 3905 3492 3974 acciperent,

1924 4008 2014 4051 aut
2043 3998 2131 4067 qui
2163 4006 2383 4066 accepto
2415 4002 2745 4059 recederent,
2782 3996 2872 4066 qui
2930 4012 3038 4050 non
3106 3997 3307 4050 frustra
3343 4007 3492 4065 pete-

1927 4097 2067 4153 rent,
2125 4088 2216 4158 qui
2279 4088 2421 4142 nacti
2453 4088 2595 4157 quod
2652 4087 2932 4141 voluerant
2990 4086 3195 4154 gratias
3244 4099 3489 4156 agerent.

1923 4182 2100 4249 Atque
2126 4180 2211 4235 hic
2241 4188 2417 4235 tamen
2449 4179 2570 4234 talis
2593 4193 2717 4234 cum
2750 4188 2893 4233 esset
2921 4178 3242 4248 imperator,
3306 4179 3486 4247 gravis

1925 4278 2041 4324 erat
2069 4268 2396 4338 primoribus
2425 4284 2732 4339 procerum,
2763 4270 2972 4324 idcirco
2997 4270 3142 4339 quod
3170 4270 3222 4324 in
3257 4269 3486 4324 deman-

1926 4361 2118 4414 dandis
2150 4361 2486 4430 praefecturis
2510 4376 2614 4416 non
2643 4361 2851 4429 patricii
2884 4362 3098 4431 generis
3125 4372 3219 4416 aut
3256 4363 3491 4417 necessi-

1927 4452 2128 4506 tudinis
2156 4467 2276 4505 cum
2310 4452 2589 4522 principali
2611 4454 2770 4508 domo
2807 4454 3070 4508 rationem
3110 4454 3361 4517 haberet;
3394 4454 3487 4507 sed

257 4550 579 4617 optimarum
608 4548 803 4601 artium
838 4548 1097 4611 intentus,
1130 4555 1185 4600 et
1218 4561 1325 4601 non
1370 4550 1543 4616 magis
1602 4549 1817 4602 institn-
1852 4541 1899 4600 D
1925 4556 2192 4612 qttetu‘quc
2235 4543 2435 4597 viritim
2479 4560 2546 4599 ex
2601 4545 2815 4614 propria
2867 4543 3182 4613 praestantia
3239 4545 3489 4612 verisque

258 4641 397 4691 tione
437 4653 601 4706 quam
662 4636 840 4693 indole
896 4652 1144 4707 magnam
1205 4637 1482 4704 eleganter
1547 4640 1819 4693 scribendi

258 4730 567 4784 facultatem
591 4740 893 4793 assecutus,
921 4738 978 4782 ut
1009 4728 1173 4782 mttlta
1220 4730 1422 4784 diserte
1471 4745 1817 4799 componeret

255 4823 466 4891 quoties
502 4822 633 4874 tanti
674 4821 897 4875 duceret
927 4822 978 4875 in
1010 4820 1063 4874 id
1122 4822 1451 4878 incumbere.
1504 4823 1673 4892 Cujus
1743 4826 1816 4878 rei

256 4913 639 4965 documentum
665 4911 855 4979 (multa
892 4912 1085 4965 similia
1128 4914 1379 4983 reticens)
1430 4914 1647 4968 unicum
1684 4930 1815 4983 pru~

254 5000 446 5055 feram.
501 5000 604 5056 Ubi
683 5002 982 5055 solemuius
1038 5004 1211 5057 sancti
1264 5004 1567 5073 cujnspiant
1621 5006 1815 5060 festum

256 5091 528 5154 illuxerat,
573 5107 676 5145 non
741 5092 846 5146 alia
908 5092 1144 5147 adhibita
1209 5096 1602 5162 prmparatiuue
1656 5114 1815 5166 quam

256 5182 571 5236 avocatione
604 5184 798 5236 mentis
830 5199 858 5235 a
892 5185 1143 5251 negotiis,
1168 5200 1274 5238 uno
1307 5187 1465 5239 modo
1494 5188 1816 5243 clericorum

253 5273 496 5328 sedatius
578 5273 998 5341 distinctinsqne
1090 5276 1469 5342 pronuntiante
1542 5281 1815 5332 senarium

253 5366 585 5433 psalmorum
635 5368 724 5434 qui
804 5368 1054 5433 pra-mitti
1105 5378 1502 5423 consueverunt
1556 5373 1819 5423 matutino

252 5458 461 5519 cantui,
508 5456 738 5525 elogium
792 5457 956 5520 beati,
990 5457 1128 5523 quod
1166 5467 1358 5512 vocant
1418 5474 1703 5523 canonem,
1751 5476 1814 5514 ex

254 5557 499 5615 tempore
523 5548 809 5616 paugebat,
840 5548 946 5617 37
975 5549 1022 5601 ei
1065 5550 1218 5619 cujus
1267 5551 1523 5604 memoria
1579 5552 1818 5606 celebra-

254 5638 413 5690 batur
439 5636 621 5691 laudes
653 5652 812 5705 quam
835 5639 1123 5693 scitissime
1148 5649 1442 5693 contexens
1464 5641 1811 5697 ornatissimo

254 5732 560 5798 prmeonio;
600 5731 742 5801 quod
778 5741 885 5783 tam
929 5730 1133 5785 liberali
1164 5731 1455 5802 largitione
1486 5735 1815 5799 cumulabat,

260 5832 313 5875 ut
347 5838 602 5893 spargere
657 5823 853 5893 passim
897 5823 949 5877 in
992 5823 1210 5892 quosvis
1263 5838 1324 5879 ac
1373 5840 1506 5894 pene
1554 5825 1817 5897 projicere

1924 4633 2137 4688 d0tibus
2170 4634 2469 4700 aasnimans,
2491 4635 2809 4689 admovebat
2843 4636 2917 4689 rei
2946 4634 3193 4705 gerenda:
3225 4634 3290 4690 ad
3322 4651 3483 4703 quam

1923 4736 2080 4794 apzus
2101 4736 2241 4791 erat,
2268 4742 2329 4781 ac
2358 4727 2565 4781 meritis
2600 4726 2957 4797 dignitatibus
2978 4727 3226 4781 ornabat.
3280 4726 3489 4794 Cogna-

1927 4816 1994 4870 tis
2032 4831 2160 4871 vero
2215 4833 2279 4872 ac
2327 4819 2741 4888 consanguineis
2783 4819 2895 4873 suis
2948 4821 3203 4872 censebat
3241 4817 3490 4871 sulliccre

1923 4907 2123 4961 debere
2147 4911 2309 4962 istum
2338 4909 2597 4962 natalium
2632 4909 2913 4974 honorem,
2937 4919 2991 4963 et
3014 4924 3164 4963 suam
3193 4919 3396 4963 sortem
3426 4924 3489 4962 ac

1922 4999 2298 5054 claritudinem
2326 5002 2589 5069 prosapiae
2610 5001 2824 5056 abunde
2846 5016 3053 5071 magna:
3073 5001 3349 5067 dignitatis
3371 5002 3488 5055 loco

1926 5090 2147 5146 ducere.
2179 5092 2234 5146 ld
2268 5103 2445 5148 autem
2487 5103 2541 5148 et
2582 5093 2847 5163 judicium
2882 5101 2938 5148 et
2994 5092 3193 5149 factum
3235 5102 3374 5156 erat,
3439 5094 3485 5145 si

1921 5188 2044 5255 quis
2082 5197 2227 5243 recte
2271 5189 2640 5245 consideraret
2669 5190 2927 5260 principis
2962 5190 3212 5245 virtutem
3266 5206 3490 5258 promo-

1926 5278 2119 5342 veatis,
2149 5289 2203 5331 et
2232 5281 2575 5348 provocantis
2600 5282 2845 5337 subditos
2906 5282 2974 5336 ad
3020 5280 3255 5335 studium
3308 5280 3514 5334 omnis

1927 5385 2064 5423 vera:
2090 5369 2288 5424 laudis.
2316 5370 2431 5426 Non
2464 5373 2607 5426 enim
2661 5382 3068 5427 auctoramenta
3121 5372 3352 5438 inertiae,
3387 5374 3485 5427 sed

1926 5462 2005 5515 vel
2033 5462 2203 5516 stadia
2231 5462 2313 5517 vel
2347 5465 2565 5531 prannia
2609 5464 2836 5518 heroicae
2861 5463 3072 5519 virtutis
3099 5463 3334 5518 illustres
3366 5478 3490 5519 csse

1926 5553 2308 5620 magistratus;
2333 5569 2470 5621 quos
2500 5556 2570 5607 ita
2597 5562 2651 5607 et
2678 5554 2783 5608 illis
2833 5555 3045 5608 demum
3093 5555 3288 5609 debere
3337 5570 3487 5609 com-

1924 5644 2060 5697 mitti
2082 5643 2404 5697 decernebat
2437 5648 2524 5712 qui
2557 5656 2609 5698 et
2632 5662 2688 5699 se
2718 5646 2828 5715 38
2858 5646 3113 5715 praeclare
3142 5646 3291 5715 ipsos
3321 5648 3372 5701 iu
3420 5648 3486 5702 iis

1922 5750 2110 5805 gerere
2138 5746 2191 5789 et
2226 5736 2362 5789 alios
2382 5738 2662 5790 cummode
2690 5738 3080 5806 salubriterque
3099 5752 3257 5806 posse
3287 5738 3485 5807 guber-

1927 5841 2053 5882 nare
2089 5824 2412 5894 iudicentur.
2441 5828 2613 5884 luerat
2649 5829 2765 5898 ejus
2807 5830 3045 5884 moribus
3081 5838 3133 5885 ct
3183 5830 3485 5884 terriﬁcum
