3952 6508
448 359 545 424 fil

446 570 478 638 ἢ
516 567 876 638 μὴνὲμπαλιν
905 572 964 623 τὸ
997 571 1350 642 κατόρῦωμα,
1385 575 1496 627 ἀλλ’
1522 577 1698 630 ὲκεξνο
1743 576 1841 646 μὲν
1862 577 2020 629 ἐκτο-

449 663 573 729 μίου
598 661 760 716 πάθει
793 663 1114 732 προσέοικεν
1153 664 1228 729 ὡς
1273 669 1338 737 τῇ
1373 667 1464 722 τοῦ
1501 668 1693 737 μορίου
1733 668 2020 738 ἀφαιρέσει

449 751 624 820 μέγαν
651 753 862 823 ἔχοντος
882 755 1040 824 λόγον
1077 761 1144 829 τῇ
1181 759 1340 826 φύσει
1378 759 1557 816 πάντα
1599 762 2021 832 συμπαρασπᾶ·

449 842 574 896 σθαι
611 844 704 897 καὶ
749 848 1222 916 παρατρέπεσθαι,
1267 852 1326 903 τὸ
1375 851 1430 904 δὲ
1463 853 1794 924 κατόρθωμα
1819 853 1898 924 τῷ
1927 853 2021 908 τοῦ

448 933 651 988 κύκλου
691 936 920 1009 κέντρῳ.
956 942 1282 1012 παμπόλλην
1318 943 1620 1012 ἀσφάλειαν
1669 949 1734 1014 τῇ
1788 962 2022 1017 περιφε-

449 1025 570 1096 ρείᾳ
602 1029 981 1098 προσνέμοντι,
1009 1032 1058 1084 εἰ
1104 1034 1244 1089 κατά
1283 1034 1467 1104 χώραν
1499 1038 1674 1090 ἐκείνο
1705 1039 1876 1107 μένει.
1912 1035 2022 1094 Καὶ

448 1117 566 1180 πῶς
581 1118 690 1188 γὰρ
715 1120 814 1175 οὐκ
842 1121 1065 1189 ἔμελλεν
1096 1124 1189 1196 τὴν
1207 1127 1379 1197 ἀρχὴν
1408 1127 1488 1199 [Ρ.
1512 1128 1604 1200 21]
1632 1129 1856 1186 διοικεῖν
1881 1131 2022 1185 κατά

446 1208 508 1268 τὸ
539 1209 836 1278 προσῆκον,
870 1214 1018 1277 ὅστις
1069 1215 1172 1269 ὑπὸ
1223 1218 1408 1287 τοιῷδε
1456 1221 1646 1290 πατρὶ,
1687 1224 1813 1294 μηδ’
1851 1225 2024 1294 ὄνομα

451 1302 728 1369 βασιλείας
762 1303 921 1374 ἔχων,
954 1305 1031 1358 ὢν
1054 1307 1113 1371 ἐξ
1143 1309 1353 1362 ἐκείνου
1383 1312 1476 1364 καὶ
1513 1313 1690 1380 μόνος,
1713 1314 1864 1385 ὅμως
1891 1318 2024 1385 ἀγε-

448 1392 631 1446 λατεῖν
661 1396 923 1464 ἀσφαλῶς
947 1399 1399 1468 προὺδιδάσκετος

449 1507 1143 1588 ιδπῗορτωςιέσςαιδεύεζο
1170 1517 1205 1588 (ξ
1241 1515 1550 1588 Αάσκαρις
1581 1523 1741 1588 παρὰ
1768 1520 1877 1575 τοῦ
1907 1535 2024 1576 πα-

555 1578 693 1645 τρὸς
741 1579 1024 1635 Ἰωάννου
1047 1585 1130 1648 εἰς
1154 1578 1486 1646 ,βασιλείαῦ
1511 1578 1903 1660 ἆναγῖόμενος.

524 1669 620 1731 Ὃς
651 1671 771 1723 ὲπεί
795 1689 923 1726 ποτε
949 1676 1413 1748 καὶχρυσοφορῶν
1438 1679 1584 1751 ἐξῄει
1619 1684 1701 1746 είς
1736 1685 2022 1753 κυνήγιον,

449 1755 763 1824 ὑπέστρεφε
791 1759 890 1828 μὲν
918 1763 1123 1826 ἐκεῖνος
1155 1765 1388 1830 ἐκεῖθεν,
1422 1771 1661 1840 συνήντα
1690 1772 1745 1826 δὲ
1778 1774 1922 1828 κατά
1961 1775 2023 1826 τὸ

446 1848 753 1938 προστυχὸν
807 1850 882 1921 τῷ
915 1855 1104 1924 πατρί.
1130 1858 1239 1911 Καὶ
1278 1859 1342 1929 δὴ
1393 1864 1835 1933 προσκυνήσαντι
1861 1867 1910 1919 oi
1945 1867 2022 1938 μὴ

451 1937 668 2006 βλέπειν
699 1941 910 2006 ἐκεῖνος
951 1946 1086 2015 μηδὲ
1138 1949 1426 2020 προσέχειν
1473 1957 1875 2023 προσεποιεῖτο,
1929 1959 2024 2012 καὶ

448 2031 768 2098 προσιόντος
797 2035 1010 2102 ἡμέλει.
1051 2039 1117 2091 ’0
1143 2039 1209 2106 δὴ
1246 2043 1339 2095 καὶ
1365 2043 1662 2112 συμϐαῖνον
1687 2046 1862 2116 ὀργῆς
1887 2048 2022 2119 πρὸς

450 2123 615 2176 αὐτὸν
651 2127 920 2198 πατρόθεν
977 2133 1222 2199 σημεῖον,
1258 2134 1397 2200 ὅπερ
1441 2135 1537 2188 καὶ
1561 2137 1760 2208 ἀληθὲς
1788 2136 1878 2210 ἦν,
1909 2141 2025 2195 εδο-

449 2215 561 2281 ξεν.
598 2217 762 2270 Ὅθεν
793 2218 1090 2274 duch-exul
1125 2223 1208 2274 ὅτι
1232 2223 1468 2294 ἁμάρτοι
1517 2227 1896 2295 διανοούμενος
1934 2231 2026 2283 καὶ

449 2307 627 2377 ζητῶν
661 2309 940 2380 πρόσεισιν
968 2315 1026 2365 οὐ
1060 2313 1203 2382 μάλα
1233 2315 1577 2387 θαρρούντως
1601 2319 1678 2388 τῷ
1702 2321 1871 2390 πατρὶ
1903 2321 2023 2374 κατ’

453 2400 608 2453 ἰδίαν.
655 2401 714 2454 '0
745 2402 790 2454 δ’
829 2403 954 2456 ἰδὼν
984 2404 1190 2469 εὐθέως
1239 2410 1334 2461 καὶ
1374 2409 1687 2480 ἀλαστήσας
1716 2413 1853 2482 πρὸς
1882 2415 2026 2467 ἐκεῖ·

452 2580 604 2648 quid,
641 2581 784 2635 vultu
811 2598 1170 2655 sermoneque
1201 2587 1600 2646 declarantibus
1626 2592 1770 2646 haud
1805 2593 2027 2664 impune

453 2670 661 2726 laturos
720 2674 810 2741 qni
870 2674 1028 2728 aliter
1050 2691 1112 2730 ac
1143 2688 1423 2748 oporteret
1462 2694 1706 2750 agerent,
1738 2686 1815 2740 uti
1849 2697 1926 2743 εει
1991 2704 2023 2744 e

460 2761 760 2828 contrario,
793 2763 882 2832 qui
917 2778 1072 2832 prout
1107 2783 1204 2835 par
1240 2778 1358 2823 erat
1399 2770 1583 2825 ofﬁcio
1643 2773 2022 2844 ittitgcrentur,

453 2865 795 2921 nequaquam
882 2859 1132 2911 mercede
1201 2859 1488 2916 carituros.
1555 2863 1796 2933 lugentis
1880 2870 2022 2923 enim

457 2945 719 2997 utramvis
744 2945 795 2998 in
836 2956 1041 3014 partem
1081 2950 1300 3004 omnino
1344 2957 1598 3008 momenti
1659 2968 1740 3011 est
1785 2959 2023 3014 hominis

453 3035 508 3088 in
535 3037 754 3090 civitate
786 3037 1027 3106 primarii
1057 3051 1203 3095 recte
1237 3054 1330 3096 aut
1379 3059 1535 3098 secus
1591 3047 1814 3112 factum,
1855 3067 2018 3118 prava

1012 429 1021 437 ,
1647 373 1973 435 GEORGII
2014 374 2495 439 PACHYMER/E

446 472 744 544 γετεῖσθαι.
769 475 843 529 Οὐ
877 475 984 547 γὰρ
1010 477 1203 549 μικρὸν
1233 479 1292 532 τὸ
1321 479 1414 532 τοῦ
1449 483 1772 548 μεγιστᾶνος
1795 482 2018 552 σφάλμα
2046 481 2096 543 Α
2121 501 2210 538 νον
2241 480 2355 542 οἷον
2375 490 2475 557 τὴν
2502 491 2605 561 τῆς
2633 491 2947 565 ἀμπεχόνης
2987 495 3246 567 ἀκαιρίαν
3293 495 3556 559 ὠνείδιζε,
3587 500 3702 562 καὶ,

3586 381 3699 446 472

2128 597 2144 628 ι
2173 578 2238 631 Τί
2262 579 2426 634 καλὸν
2446 582 2702 646 συνειδὼς
2731 585 2911 654 ἑαυτῷ
2932 585 3136 653 δράσας
3174 585 3536 654 Ῥωμαίους,»
3576 585 3706 656 ἔφη,

2125 670 2222 724 «τά
2250 669 2476 723 ἐκείνων
2527 672 2738 740 ὲκχέεις
2781 675 2839 725 ἐν
2873 674 3174 745 διατριϐαῖς
3222 674 3389 744 μηδὲν
3431 675 3493 726 τὸ
3535 677 3710 742 ἀναγ-

2121 765 2274 817 καῖον
2295 761 2576 833 ἐχούσαις
2609 763 2679 815 Ἢ
2713 762 2820 833 γὰρ
2851 766 2950 817 οὐκ
2975 761 3141 828 οἶδας,
3173 783 3191 816 ι
3227 765 3413 833 φησιν.
3443 784 3463 815 ι
3501 766 3710 833 αἵματα

2120 849 2258 908 εἶναι
2299 854 2586 922 Ῥωμαίων
2608 855 2674 908 τὰ
2704 855 2938 926 χρυσόση
2949 872 3025 924 μα
3052 855 3223 908 ταῦτα
3248 856 3340 909 καὶ
3362 856 3598 926 Σηρικά,
3627 850 3712 918 οἷς

2123 947 2261 1017 ὑπὲρ
2295 947 2518 1000 ικείνων
2549 947 2656 1000 ἔδει
2697 948 2930 1018 χρῆσθαι
2969 947 3192 1002 ἐκείνων
3225 965 3287 1015 γε
3317 943 3476 1014 οὖσις
3513 949 3712 1016 Ζητεῖς

2121 1038 2176 1090 δὲ
2213 1037 2404 1106 μαθεῖν
2432 1039 2526 1091 καὶ
2562 1038 2702 1106 ὑπὲρ
2730 1038 2954 1092 ἐκείνων
2990 1039 3156 1103 πότε;
3191 1039 3321 1091 Ὅτε
3351 1038 3554 1109 δηλαδὴ
3589 1038 3714 1090 ἑπι-

2125 1131 2286 1182 στᾶσι
2321 1129 2619 1199 πρέσϐεσιν
2648 1131 2708 1197 ἐξ
2740 1131 3046 1201 ἀλλοδαπῆς
3077 1131 3167 1187 τὸν
3220 1131 3444 1184 ἐκείνων
3475 1129 3715 1183 πλοῦτον

2122 1220 2657 1290 λαμπρειμονοῦντες
2688 1221 2880 1292 δηλοῦν
2918 1221 3161 1292 ἔχοιμεν.
3208 1221 3267 1274 ὐ
3299 1222 3409 1292 γὰρ
3440 1220 3714 1290 βασιλέων

2124 1312 2356 1376 πλοῦτος
2413 1314 2644 1378 πλοῦτος
2699 1314 2808 1368 τῶν
2860 1315 3116 1384 ὑπηκόων
3151 1313 3444 1381 λογίζεται,
3474 1313 3613 1382 παρ’
3644 1311 3714 1383 ἢν

2123 1405 2305 1459 αἰτίαν
2344 1407 2438 1459 καὶ
2471 1405 2531 1458 τὸ
2560 1406 2642 1468 είς
2690 1404 2934 1459 δουλείαν
2963 1405 3317 1458 καθυπείκειν
3349 1404 3560 1473 ἑτέροις
3591 1401 3714 1470 σφί-

2126 1513 2208 1550 σιν
2238 1497 2410 1559 οὖτως
2435 1495 2616 1567 ἔχουσι
2651 1496 2745 1549 καὶ
2774 1495 2894 1548 λίαν
2933 1494 3245 1562 ἀπώμοτον.
3287 1489 3382 1556 Οἷς
3428 1494 3493 1546 σὺ
3523 1493 3713 1545 διακει-

2124 1589 2220 1656 νῆς
2249 1589 2533 1660 χρώμενος
2589 1589 2650 1642 οὐ
2683 1589 2874 1659 λογίζῃ
2927 1588 2988 1640 τὸ
3045 1586 3364 1656 πλημμελὲς
3419 1584 3649 1638 ὁπόσον.
3687 1599 3708 1632 ι

2126 1680 2284 1734 Οὕτω
2300 1681 2394 1734 καὶ
2420 1680 2512 1733 ἐπὶ
2546 1678 2805 1744 τοιούτοις
2835 1680 2864 1732 ὁ
2894 1679 2975 1744 είς
3008 1675 3288 1745 βασιλείαν
3323 1673 3713 1746 ἀναχθησόμε-

2128 1789 2215 1835 νος
2249 1772 2588 1825 ἐπαιδεύετο.

2130 1881 2212 1939 ιε’.
2243 1884 2446 1948 Ὅπως
2481 1886 2513 1938 ό
2546 1883 3080 1950 πρωτοϐεστίαριος
3094 1881 3420 1942 Μουζὰλων
3439 1877 3552 1933 τοῦ
3580 1893 3712 1946 1&8!-

2112 1999 2114 2001 .
2189 1955 2493 2022 ρακίσκου
2521 1951 2832 2020 ,βασιλέως
2876 1952 3162 2008 Ἰωάννου
3199 1951 3638 2019 ἐπετρόπευεν.

2201 2044 2284 2117 [Ρ.
2315 2043 2406 2116 22]
2433 2045 2564 2098 Τότε
2589 2044 2645 2097 δὲ
2675 2043 2924 2106 Θανόντος
2955 2036 3188 2106 ἐκείνου,
3217 2043 3336 2094 ἐπεὶ
3371 2041 3465 2094 καὶ
3495 2042 3524 2093 ὁ
3555 2054 3712 2107 πρω-

2127 2137 2494 2206 τοσεστιάριος
2525 2134 2952 2208 Μομζάλωντὴν
2982 2135 3282 2205 ἐπιτροπὴν
3310 2133 3404 2185 seu
3438 2131 3715 2202 ἀφήλικος

2130 2228 2393 2299 βασιλέως
2421 2229 2564 2298 ἔχειν
2592 2228 2886 2298 ἠγγέλλετο
2916 2227 3067 2296 παρὰ
3095 2227 3188 2280 τοῦ
3243 2227 3448 2296 πατρὸς
3483 2225 3582 2278 καὶ
3619 2224 3715 2293 βα-

2131 2322 2320 2385 σιλέως
2349 2320 2442 2374 τὸν
2469 2319 2700 2393 μοναχὸν
2733 2319 3077 2380 ὑπελθόντος,
3116 2317 3194 2387 τῷ
3233 2317 3331 2386 μὲν
3361 2315 3715 2386 μειρακίσκῳ

2128 2413 2322 2481 ἐκείνῳ
2343 2413 2551 2474 ,ἄνακτι
2583 2414 2804 2483 Ἰωάννῃ
2837 2411 2937 2482 οὐχ
2968 2412 3067 2481 οἴῳ
3093 2410 3142 2463 τ’
3188 2409 3301 2462 ὄντι
3329 2409 3418 2462 διὰ
3449 2407 3550 2477 τὴν
3585 2405 3714 2474 ἡλι-

2129 2592 2536 2663 qui'quamdam
2587 2592 3012 2661 indignationem
3064 2605 3174 2659 pra:
3224 2604 3283 2645 se
3332 2590 3559 2652 ferrent,
3615 2603 3713 2642 ex-
3805 2598 3812 2604 '

2130 2686 2412 2755 probravit
2444 2685 2517 2738 illi
2550 2685 2726 2739 cultus
2755 2683 2914 2739 istius
2963 2697 3027 2737 ac
3072 2683 3301 2738 vestitus
3351 2682 3708 2736 insolentiam

2131 2778 2218 2832 tali
2249 2779 2534 2833 occasione
2563 2777 2674 2848 39
2702 2776 3062 2844 intempestivi
3092 2793 3106 2830 :
3150 2795 3167 2826 ι
3203 2773 3334 2828 Nam
3361 2775 3512 2844 quid,
3551 2793 3570 2825 ι
3612 2775 3712 2836 ait,

2133 2887 2151 2920 ι
2182 2869 2275 2922 tibi
2301 2870 2552 2923 conscius
2577 2883 2637 2924 es
2676 2866 2966 2936 perfecisse
2989 2879 3039 2922 te
3063 2867 3112 2919 in
3137 2866 3505 2920 Romanorum
3557 2881 3713 2919 com-

2128 2961 2365 3022 modum,
2397 2960 2595 3014 utinde
2625 2960 2717 3013 tibi
2737 2959 3006 3014 licentiam
3034 2969 3241 3026 partam
3261 2965 3418 3025 putes
3449 2955 3712 3013 abutemli

2127 3055 2322 3122 opibus
2369 3054 2588 3108 illorum
2643 3053 2693 3106 in
2737 3061 2858 3106 tuas
2895 3052 3244 3106 remissiones
3303 3051 3370 3104 ad
3430 3050 3709 3118 privatum

451 3127 718 3195 siquidem
751 3130 856 3183 vita
881 3139 936 3184 et
965 3132 1103 3184 mala
1135 3131 1379 3194 facinora
1411 3137 1670 3191 nobilium
1695 3155 1793 3208 par
1838 3143 2026 3197 vitium
2057 3148 2102 3208 C
2135 3147 2397 3200 duntaxat
2449 3145 2522 3198 tui
2585 3146 2753 3199 animi
2799 3143 3056 3210 fructum,
3118 3158 3223 3197 non
3260 3157 3391 3196 vero
3431 3140 3498 3194 ad
3543 3140 3710 3194 ullam

455 3221 771 3290 reipublicae
798 3222 1094 3292 important
1123 3242 1189 3281 ac
1225 3229 1460 3284 virilium
1513 3234 1752 3289 exsectio
1787 3235 2026 3295 humano

453 3315 689 3383 corpori,
715 3316 865 3384 quod
889 3316 1010 3370 inde
1033 3317 1340 3375 universum
1377 3324 1689 3380 debilitatur
1721 3343 2027 3400 encrveqne

453 3405 514 3458 tit
547 3421 610 3459 ac
650 3405 954 3463 ﬁaccidum.
986 3409 1183 3464 Contra
1209 3415 1380 3470 virtus
1431 3424 1487 3471 et
1539 3419 1685 3474 actio
1738 3419 2026 3478 laudabilis

455 3497 760 3566 principum
799 3499 1036 3554 virorum
1070 3503 1262 3559 similis
1289 3514 1372 3561 est
1413 3517 1601 3562 centre
1653 3511 1863 3576 circuli,
1916 3529 2025 3584 quo

457 3597 604 3644 recte
634 3598 920 3645 constante
951 3606 1012 3646 ac
1036 3594 1196 3648 situm
1223 3595 1573 3654 immobiliter
1589 3602 1871 3657 obtinente
1895 3619 2024 3673 pro-

454 3680 630 3748 prium
666 3689 840 3735 status
877 3683 1028 3737 orbis
1083 3698 1146 3740 ac
1190 3686 1641 3745 circumferentia
1690 3693 1854 3748 totius
1889 3693 2025 3749 ﬁxus

457 3787 524 3825 ac
555 3771 740 3825 ﬁrmus
766 3784 1065 3842 permanet.
1101 3777 1390 3832 Enimvero
1419 3781 1607 3849 quidni
1658 3785 1865 3853 sperari
1926 3787 2024 3840 de-

455 3864 571 3918 buit
601 3874 748 3922 tanta
778 3867 1124 3923 consiliorum
1156 3871 1431 3942 'sapieutia
1469 3889 1690 3929 usurum
1723 3879 2025 3935 moderate-

455 3969 560 4025 que
601 3972 663 4013 ac
696 3958 905 4013 utiliter
935 3961 1292 4030 praefuturum
1340 3966 1500 4020 rebus
1522 3966 1668 4022 illum
1703 3969 2022 4038 principem,

453 4050 936 4118 qulrudimentum
972 4054 1273 4125 imperandi
1307 4057 1408 4112 sub
1452 4058 1543 4112 tali
1596 4066 1851 4131 tantoque
1892 4059 2022 4126 justi

453 4143 736 4209 regimiuis
767 4145 1048 4215 magistro,
1081 4155 1235 4215 patre
1265 4147 1496 4216 optimo,
1527 4151 1786 4218 posuerit,
1828 4167 1857 4204 a
1920 4166 2026 4219 quo

453 4234 646 4288 unicus
675 4235 806 4290 licet
830 4247 885 4290 et
913 4237 1132 4292 adultus
1172 4239 1314 4294 ﬁlius
1355 4241 1407 4293 in
1453 4241 1677 4308 privatae
1717 4243 1884 4298 sortis
1931 4244 2028 4295 lut-

453 4327 683 4382 militate
717 4328 959 4393 relictus,
987 4329 1346 4400 exclusnsqne
1370 4334 1647 4386 consortio
1702 4348 1765 4387 ac
1811 4334 2028 4388 nomine

453 4418 688 4488 imperii,
715 4431 968 4475 accurate
1023 4421 1305 4491 otioseque
1342 4425 1790 4492 pratexercitatus
1840 4433 1923 4477 est
1968 4424 2022 4478 in

2134 3239 2470 3308 pertinentes
2520 3237 2809 3294 utilitatem
2866 3235 3178 3306 publicam?
3222 3236 3300 3290 An
3352 3233 3533 3289 neseis
3573 3234 3712 3287 istas

2138 3346 2272 3386 auro
2299 3331 2536 3400 insignes
2577 3339 2631 3385 et
2661 3330 2865 3385 sericas
2890 3339 3064 3382 vestes
3081 3329 3400 3398 sanguinem
3437 3341 3559 3382 esse
3599 3324 3711 3378 Ro-

2135 3439 2412 3479 manorum
2435 3440 2450 3488 ;
2472 3425 2666 3491 quibus
2689 3423 2889 3477 idcirco
2914 3422 2967 3476 iu
2987 3436 3172 3475 eorum
3195 3429 3401 3473 tantum
3420 3419 3710 3474 commoda

2131 3519 2387 3572 utendum
2413 3524 2517 3572 est.
2544 3530 2667 3570 cum
2697 3529 2783 3568 res
2805 3515 3039 3581 ipsorum
3071 3512 3224 3566 sint?
3255 3511 3476 3576 Quaeres
3511 3508 3709 3562 fortas-

2133 3623 2192 3664 se
2224 3606 2443 3678 quando
2465 3616 2518 3660 et
2538 3604 2811 3674 quomodo
2834 3605 2935 3660 illae
2962 3604 3016 3658 in
3047 3605 3288 3672 ipsorum
3313 3603 3514 3657 bonum
3548 3615 3707 3655 usur-

2133 3698 2373 3769 pentur?
2403 3696 2560 3750 Tunc
2586 3694 2833 3750 videﬂcet
2864 3697 3081 3764 quando
3114 3696 3353 3749 admissa
3387 3704 3707 3750 exterarum

2133 3790 2376 3858 gentium
2414 3789 2684 3857 legatione
2736 3788 2964 3843 Romani
3006 3787 3186 3856 populi
3245 3801 3378 3855 opes
3441 3783 3706 3839 ostentari

2133 3885 2186 3940 in
2211 3882 2355 3938 cultu
2381 3891 2434 3936 et
2465 3889 2660 3936 ornatu
2689 3881 2950 3950 principis
2980 3879 3178 3949 publici
3205 3879 3424 3934 honoris
3457 3877 3706 3938 interest,

2133 3973 2332 4028 divitiae
2365 3971 2629 4042 siquidem
2667 3987 2851 4042 regum
2893 3972 3095 4025 divitiae
3146 3971 3486 4024 subditorum
3543 3983 3708 4037 repu-

2133 4072 2335 4118 tantur.
2367 4063 2531 4118 Extra
2565 4078 2726 4133 quam
2758 4077 2974 4117 causam
3037 4061 3248 4131 publica
3272 4061 3502 4128 insignia
3538 4059 3710 4128 maje-

2132 4155 2287 4209 statis
2319 4155 2384 4208 ad
2419 4154 2659 4222 privatas
2701 4153 2865 4207 etiam
2913 4151 3272 4208 relaxationes
3301 4150 3581 4215 adbibere,
3656 4149 3706 4202 id

2135 4261 2264 4302 vero
2298 4247 2371 4300 sit
2409 4246 2687 4300 dominum
2710 4259 2770 4299 se
2826 4252 3152 4308 monstrare,
3221 4257 3328 4296 non
3379 4241 3704 4310 principem,

2135 4348 2190 4394 et
2219 4337 2374 4406 quasi
2399 4337 2718 4392 servitutem
2748 4336 2986 4391 indicere
3015 4337 3242 4399 civibus,
3277 4335 3368 4403 qui
3409 4349 3532 4389 cum
3567 4333 3706 4386 iibe-

2135 4445 2226 4484 ros
2254 4445 2312 4483 se
2331 4438 2520 4498 putent
2549 4437 2603 4482 et
2643 4428 2830 4482 haberi
2870 4427 3056 4489 velint,
3111 4429 3212 4480 ista
3243 4427 3468 4491 vestiti-tu
3517 4425 3705 4478 odiosa

451 4513 708 4568 omnibus
740 4514 1141 4568 meditamentis
1189 4515 1323 4579 artis
1367 4518 1552 4583 spissa:
1611 4533 1674 4570 ac
1717 4516 2028 4586 multiplicis
2058 4501 2104 4560 υ
2135 4519 2389 4590 superbia
2422 4535 2545 4574 sese
2579 4522 2726 4574 velut
2749 4519 2800 4572 in
2834 4517 3228 4587 mancipiorum
3257 4517 3500 4570 ordinem
3537 4513 3703 4581 redigi

454 4604 704 4660 homines
737 4606 955 4674 regendi
985 4606 1010 4658 ?

454 4720 543 4774 Η.
575 4717 644 4772 Ut
677 4719 923 4773 Lascaris
964 4738 994 4774 a
1017 4733 1166 4790 patre
1194 4721 1403 4776 Joanne
1439 4723 1507 4774 ad
1551 4722 1822 4788 imprrium
1854 4725 2031 4776 erudi-

1109 4801 1187 4846 tus
1219 4793 1394 4861 fuerit.

529 4877 665 4933 Huic
691 4879 984 4949 aliquando
1009 4895 1258 4934 venatum
1294 4898 1516 4952 egresso
1541 4899 1660 4938 cum
1693 4894 1840 4938 veste
1889 4899 2022 4939 auro

453 4981 624 5033 texta,
669 4973 904 5042 indeque
928 4975 1144 5029 domum
1174 4976 1441 5039 redeunti,
1472 4977 1710 5032 occurrit
1745 4980 1883 5030 forte
1930 4991 2025 5045 pa-

454 5074 624 5131 ter,et
649 5079 770 5119 eum
795 5080 852 5118 se
881 5066 1276 5123 demississime
1303 5079 1646 5123 venerantem
1676 5085 1772 5123 nec.
1799 5078 2024 5134 aspectu

454 5159 708 5228 dignatus
738 5161 877 5214 velut
919 5161 1319 5218 inobservatum
1378 5163 1664 5231 praeteriit,
1705 5176 1937 5230 moxque
1963 5161 2030 5214 ab

453 5252 690 5306 adeunte
727 5255 1084 5321 contemptim
1120 5273 1177 5312 se
1219 5260 1438 5313 avi-rtit.
1491 5259 1687 5328 Rapuit
1739 5257 1790 5312 id
1835 5255 2027 5323 frigus,

457 5357 557 5397 nec
595 5343 736 5398 male
773 5347 1148 5412 ratiocinatus,
1180 5352 1417 5419 prudens
1450 5351 1590 5404 ﬁlius
1634 5350 1686 5402 iu
1738 5363 2026 5419 argumen.

456 5443 568 5488 tum
595 5435 738 5489 haud
766 5437 986 5492 dubiutn
1020 5447 1253 5508 paternae
1279 5441 1328 5493 in
1348 5455 1406 5495 se
1425 5441 1534 5495 iras.
1562 5438 1715 5496 Unde
1744 5450 2028 5508 postquam

455 5537 744 5584 zestuasset
796 5531 1108 5600 aliquandiu
1162 5544 1215 5589 et
1276 5550 1466 5589 severe
1507 5549 1690 5590 secum
1747 5534 2029 5600 inquirens

452 5637 672 5675 causam
700 5623 1014 5681 oil‘ensionis
1049 5626 1247 5682 frustra
1286 5630 1338 5682 in
1375 5644 1468 5684 sua
1513 5627 1848 5682 conscientia
1878 5640 2028 5695 qum-

451 5715 656 5779 siisset,
684 5716 932 5782 privatim
965 5731 1169 5788 patrem
1208 5721 1454 5775 convenit
1487 5736 1616 5776 sane
1641 5718 1904 5774 sollicitus
1934 5731 2031 5771 nec

453 5817 598 5858 metu
638 5821 856 5862 \‘ﬂt‘ttIJS.
913 5809 1083 5875 Quem
1129 5810 1215 5864 iilc
1258 5812 1441 5867 statim
1495 5811 1560 5866 iis
1609 5812 1831 5865 intuens
1856 5808 2029 5864 oculis

2130 4610 2466 4664 detestantes
2501 4607 2952 4678 indignantesque
2985 4615 3405 4675 conquerentur.
3427 4602 3562 4658 Num
3590 4603 3700 4671 iam

2133 4703 2294 4772 igitur
2329 4700 2600 4771 inteiligis,
2631 4701 2728 4755 ista
2761 4699 2978 4758 levitate
3011 4698 3238 4752 traducti
3270 4699 3337 4750 ad
3364 4697 3698 4750 venatoriam

2132 4809 2284 4846 usum
2321 4793 2453 4862 regii
2511 4802 2736 4848 ornatus
2777 4801 3034 4861 quantum
3069 4789 3253 4856 ﬂagitii
3288 4786 3695 4842 consciveris?’

2131 4885 2438 4940 istiusmodi
2500 4885 2742 4946 monitis,
2793 4885 2892 4940 bac
2955 4882 3291 4938 institutione
3349 4891 3456 4934 tam
3514 4893 3700 4932 severa

2131 4978 2303 5031 lucres
2334 4974 2545 5044 imperii
2574 4989 2602 5028 a
2625 4982 2778 5041 patre
2795 4973 3001 5040 optimo
3021 4971 3085 5024 ad
3105 4970 3433 5023 moderatam
3460 4978 3513 5020 et
3539 4981 3702 5035 popu-

2133 5067 2298 5120 Iarem
2335 5064 2671 5133 principatus
2716 5059 3240 5116 administrationem
3286 5056 3699 5110 informabatur.

2135 5177 2219 5231 i5.
2251 5174 2316 5229 Ut
2344 5175 2773 5246 prolovestiarius
2797 5171 3047 5246 Μαχαίοη
3074 5171 3237 5246 pueri
3249 5167 3504 5236 principis
3531 5165 3699 5220 Joan-

2550 5247 2628 5299 nis
2689 5243 2906 5298 tutelam
2977 5242 3279 5310 susceperit.

2205 5341 2319 5394 Hoc
2349 5354 2510 5408 porro
2535 5353 2675 5392 nunc
2699 5348 2932 5400 mortuo,
2978 5335 3151 5405 palam
3177 5332 3446 5405 vulgatum
3470 5340 3554 5386 est
3583 5343 3700 5398 pro-

2133 5428 2507 5484 tovestiarium
2547 5436 2778 5482 tutorem
2812 5427 2960 5494 pueri
2991 5425 3249 5494 principis
3279 5438 3307 5474 a
3341 5433 3494 5490 patre
3538 5422 3698 5487 impe-

2135 5535 2314 5578 ratore
2346 5522 2678 5578 declaratum
2723 5537 2785 5574 eo
2819 5529 3060 5586 tempore
3090 5533 3197 5585 quo
3235 5517 3394 5570 morti
3430 5515 3700 5584 proximus

2135 5617 2380 5673 monachi
2413 5615 2649 5670 habitum
2684 5612 2874 5666 induit.
2913 5611 3056 5664 Sane
3102 5609 3407 5664 succedenti
3448 5608 3500 5660 in
3536 5607 3698 5674 impe-

2136 5709 2271 5762 rium
2327 5708 2450 5762 huic
2505 5705 2730 5774 puerulo
2781 5702 2986 5758 Joaunl-
3023 5717 3082 5756 ca
3140 5711 3322 5765 attatc,
3353 5699 3438 5752 cui
3493 5712 3588 5752 nec
3637 5693 3696 5746 ad

2133 5801 2519 5871 providendum
2556 5798 2658 5854 sibi
2695 5798 2858 5864 ratio,
2886 5811 3055 5865 neque
3085 5795 3150 5848 ad
3187 5808 3245 5848 se
3280 5795 3536 5848 tuendum
3565 5789 3698 5841 vires
