3952 6508
235 388 340 450 473

1201 378 1300 442 DE
1343 373 1736 439 MICHAELE
1776 365 2238 432 PALEOLOGO
2274 363 2425 426 LIB.
2468 360 2515 422 Ι.

3389 339 3491 404 474

235 499 358 552 κίαν
382 497 444 552 τὸ
471 495 714 568 ἀσφαλὲς
737 495 1042 568 περιποιεῖν
1068 491 1246 562 ἑαυτῷ
1271 489 1527 561 προνοίας
1558 487 1663 541 ἔδει
1689 483 1823 538 πάν·
1847 486 1895 542 Α
1921 479 1964 533 δ’
2004 481 2032 533 ὁ
2057 477 2271 568 πρῶτος
2297 475 2406 530 τῶν
2433 468 2840 568 Mennim-vam),
2873 461 2932 526 ὃς
2967 457 3081 568 καὶ.
3109 452 3313 568 τῷιτοῢ
3345 469 3498 568 ᾗρωῖ

235 606 340 650 τως
372 587 472 642 τοῦ
507 590 582 658 μή
606 606 658 642 τι
681 587 873 641 παθεῖν
905 584 1254 655 ἀπροόπτως,
1278 580 1490 636 πολλῶν
1512 577 1681 632 ὄντων
1708 574 1818 629 τῶν

236 680 718 742 ὲπιόουλευόντων,
750 680 853 735 κᾶν
879 695 931 731 τι
968 675 1161 746 μικρὸν
1195 673 1467 746 κινηθείη,
1496 671 1658 734 εὐθὺς
1689 668 1820 736 δρα-

239 771 496 823 σειόντων
524 771 592 824 τὰ
624 771 878 841 μέγιστα.
931 769 1022 822 Διὸ
1057 768 1150 822 καὶ
1175 767 1252 838 τῷ
1302 765 1444 819 κατὰ
1488 763 1578 820 τὸν
1617 761 1822 833 Ἕρμον

238 863 336 930 τῆς
389 863 717 934 Μαγνησίας
770 861 1016 932 φρουρίῳ
1069 861 1273 913 ἐκεῖνον
1327 857 1584 928 φέροντες
1628 855 1826 921 ἐγκατ-

243 955 513 1022 έστησαν,
548 933 774 1022 συχνοὺς
811 953 936 1014 τοὺς
964 950 1210 1019 ὀπτῆρας
1245 949 1336 1001 ἐπὶ
1364 945 1665 1018 βασιλικαῖς
1685 933 1826 1012 ὑπη-

245 1043 462 1110 ρεσίαις
501 1043 780 1107 τάξαντες.
814 1040 877 1092 Ol
909 1039 965 1092 δὲ
1020 1038 1368 1108 μεγιστᾶνες,
1409 1037 1458 1089 οἱ
1494 1033 1593 1105 μὲν
1620 1032 1678 1084 ἐν
1708 1033 1829 1094 ταῖς

242 1135 434 1201 τιμαῖς
455 1132 535 1184 ἔτι
565 1132 833 1201 μένοντες,
856 1132 907 1183 oi
941 1130 994 1182 δὲ
1024 1133 1116 1181 καὶ
1138 1128 1245 1181 τῶν
1270 1127 1377 1199 ὅπη
1397 1126 1526 1178 ποτὲ
1557 1125 1662 1194 γῆς
1689 1124 1830 1192 ἀκη-

245 1223 367 1284 δέες
425 1223 618 1292 ἔμενον
669 1223 726 1288 ἐξ
773 1222 939 1292 ὀργῆς
969 1220 1182 1286 γωνιῶν
1234 1219 1538 1288 ἐξάλμεναι,
1587 1215 1695 1272 τῶν
1731 1214 1830 1284 μὲν

249 1315 602 1384 πραγμάτων
643 1314 945 1383 ἐλευθέρως
983 1309 1151 1383 εἶχον,
1187 1312 1286 1380 τῆς
1319 1311 1374 1364 δὲ
1399 1309 1652 1379 γλώσσης
1682 1305 1835 1360 οὔπω

251 1404 589 1476 θαρροῦντες
609 1407 679 1474 (οί
707 1407 813 1476 γὰρ
839 1405 1198 1470 Μουζάλωνες
1217 1402 1652 1474 ἐφειστήκεισαν)
1678 1399 1835 1456 ὲὸυσ-⁹

251 1493 552 1562 σοὸόμευον
607 1494 706 1557 τὰς
765 1493 956 1564 ὀργὰς,
992 1493 1086 1546 καὶ
1146 1491 1346 1554 πάντες
1408 1488 1837 1560 προσεποιοῦντο

252 1587 389 1656 πρὸς
417 1587 658 1649 ἐκείνους
688 1589 747 1639 τὸ
775 1587 1022 1648 εὐπειθὲς
1057 1586 1131 1648 ὡς
1158 1585 1264 1638 ὑπὸ
1305 1583 1515 1653 βασιλεῖ
1547 1581 1709 1650 δῆθεν
1750 1597 1840 1632 τε-

250 1676 478 1740 λοῦντες
506 1678 583 1745 τῷ
649 1678 1015 1747 μειρακίσκῳ,
1081 1677 1131 1728 εί
1185 1675 1279 1729 καὶ
1320 1671 1450 1739 ὀδὰξ
1497 1674 1548 1725 oi
1579 1672 1842 1734 παθόντες

255 1767 414 1835 παρᾶ
468 1767 562 1820 τοῦ
599 1769 824 1836 πατρὸς,
860 1770 1125 1838 φαγόντος
1155 1769 1282 1832 τοὺς
1315 1766 1415 1836 τῆς
1445 1766 1613 1836 ὀργῆς
1656 1765 1838 1834 ὄμφα-

1919 544 2300 637 τοόεστιαρίου
2348 563 2610 634 τετίμητο
2656 555 2952 626 ἀξιώματι,
2981 547 3123 619 ὁρῶν
3167 547 3258 598 τὸν
3303 544 3498 637 φθόνον

1921 662 2088 716 πολὺν
2117 633 2212 715 καὶ
2231 657 2404 712 δεινὸν
2433 633 2770 725 ὑφέρποντα,
2806 646 2898 700 καὶ
2938 643 3010 705 ὼς
3045 638 3325 711 βασιλειᾷν
3348 633 3503 703 παρὰ

1924 751 2135 808 πολλῶν
2160 745 2538 808 ὑποπτεύοιτο,
2577 739 2873 796 κάντεῦθεν
2921 736 3014 788 τὸν
3055 733 3229 802 μέγαν
3255 728 3502 782 κίνδυνον

1925 841 2298 916 ὑφορώμενος,
2347 838 2487 906 ἔγνω
2521 830 2740 894 συνετὸς
2785 828 2860 880 ῶν
2907 827 3068 895 πείρᾳ
3093 821 3152 874 τὸ
3189 819 3506 888 στράτευμα

1925 910 2238 1005 δόκιμᾶσαι,
2297 931 2414 1001 ἅμα
2443 929 2500 981 δὲ
2532 925 2628 980 καὶ¹
2671 923 2797 986 τοὺς
2851 917 3180 987 μεγιστᾶνας
3231 910 3506 1005 γνωρίσαι

1927 1000 2073 1090 ὅπως
2110 1026 2283 1096 ἔχοιεν
2317 1000 2514 1090 ἐκείνῳ
2540 1016 2852 1076 διαθέσεως,
2883 1009 3051 1062 πολλᾶ
3086 1006 3351 1075 πρότερον
3379 1000 3512 1096 ὑπο-

1927 1119 2104 1189 ταγῆς
2137 1091 2232 1171 καὶ
2266 1113 2513 1175 δουλείας
2554 1107 2800 1180 σύμϐολα
2849 1105 2986 1174 πρὸς
3011 1099 3103 1152 τὸν
3151 1096 3396 1189 ἀφήλικα
3426 1091 3515 1142 δε-

1936 1184 2142 1282 σπότην
2174 1207 2490 1271 σπουδάζων
2524 1199 2606 1267 οἷς
2653 1202 2800 1268 λέγοι
2831 1196 2927 1251 καὶ
2954 1193 3188 1263 πράττοι
3233 1184 3519 1282 ἐνδείκνυ-

1939 1271 2110 1360 σθαι..
2137 1301 2272 1354 Τότε
2305 1297 2488 1351 τοίνυν
2540 1287 3023 1359 συγκαλεσάμενος
3076 1283 3199 1334 ὅσον
3230 1273 3298 1347 ἦν
3326 1276 3388 1328 τὸ
3416 1271 3517 1337 τῆς

1935 1394 2229 1469 γερουσίας
2282 1390 2377 1445 καὶ
2409 1389 2534 1442 ὅσον
2585 1383 2681 1437 τοῦ
2735 1378 3008 1452 βασιλείου
3058 1374 3253 1440 γένους
3305 1369 3429 1420 ὅσον
3461 1379 3522 1416 τε

1936 1490 2046 1544 τῶν
2073 1486 2347 1558 ἀρχόντων
2391 1480 2487 1534 καὶ
2539 1480 2665 1531 ὅσον
2721 1475 2819 1541 τῆς
2855 1464 3256 1540 στρατιωτικῆς
3289 1457 3518 1558 τάξεως,

1941 1580 2222 1654 παρόντων
2260 1577 2439 1629 ἐκεῖσε
2493 1571 2588 1624 καὶ
2620 1567 2728 1621 τῶν
2767 1563 2860 1618 τοῦ
2922 1557 3260 1630 προπάππου
3316 1545 3522 1654 [ἱϊῒό]

1941 1638 2035 1734 tot";
2071 1674 2336 1748 βασιλέως
2384 1668 2637 1734 Λάτκαρι
2667 1658 3043 1725 αὖταδέλφων,
3072 1653 3130 1715 ὃς
3161 1651 3226 1720 δὴ
3252 1649 3345 1748 καὶ
3369 1638 3526 1748 οὗτος

1944 1773 2005 1825 τὸ
2029 1737 2198 1822 παλαι
2241 1760 2518 1835 βασιλείας
2584 1755 2849 1825 διέπρεπε
2887 1747 3177 1835 διαδήματι
3209 1739 3305 1835 καὶ
3335 1737 3532 1835 rasili;

257 1826 358 1921 κας
388 1861 484 1912 καὶ
516 1859 670 1913 κόνδυ
703 1826 928 1928 πικρίας
948 1826 1190 1921 ὲκείνόυς
1220 1826 1843 1927 ποτίσἀντος,αίρ.ωδιᾷν
1875 1830 1917 1885 Β
1955 1826 2254 1932 Ῥωμαῖδος
2283 1852 2583 1923 πράγματα
2613 1841 2954 1914 συγχυθέντα
2981 1829 3225 1932 ὼς-εἳχεν
3251 1826 3533 1932 ἀνεκαλεῖ-

258 1947 540 2017 ὼρέγοντο
569 1949 662 2000 τὸν
689 1948 826 2002 υίόν.
853 1948 1001 2017 Πλὴν
1051 1947 1146 2000 καὶ
1175 1946 1347 2010 οὕτως
1401 1946 1618 2016 ἔχοντες
1646 1944 1845 2014 δυσμε-

258 2039 411 2102 νείας
440 2041 489 2092 oi
525 2039 622 2110 μὲν
655 2040 733 2110 τῷ
767 2041 1246 2110 ὲπιτροπευομένῳ
1280 2043 1373 2094 καὶ
1407 2039 1533 2109 νέῳ,
1559 2039 1607 2091 οἱ
1640 2036 1696 2092 δὲ
1731 2038 1845 2100 τοῖς

261 2133 615 2202 ἐφεστηκόσι,
651 2131 916 2192 παθόντες
944 2133 1043 2201 μέν
1075 2151 1126 2186 τι
1150 2133 1242 2185 καὶ
1269 2130 1326 2198 ἐξ
1355 2132 1584 2184 ἐκείνων
1612 2130 1672 2182 τὸ
1697 2128 1846 2198 πρὶν,

264 2224 323 2274 οὑ
364 2225 472 2292 μὴν
495 2224 538 2276 δ’
564 2222 678 2276 ἀλλ’
705 2222 859 2293 οὗδ’ἡ
889 2224 1112 2292 νέμεσις
1143 2225 1377 2294 ἠρεμεῖν
1404 2223 1491 2276 εῐα
1521 2221 1663 2275 οὕτω
1699 2223 1853 2292 παρὰ

263 2315 327 2371 sb
347 2315 500 2378 εἰκὸς
529 2315 874 2385 τιμηθέντων
902 2317 976 2385 μὴ
1006 2315 1460 2384 δυσμεναίνοντας
1493 2316 1854 2384 κακουργεῖν,

267 2407 346 2478 τῷ
374 2407 515 2475 πρὸς
560 2407 805 2472 ἐκείνους
829 2407 965 2471 τέως
1000 2408 1149 2479 φόϐῳ
1183 2407 1688 2476 συγκατεκλίνοντο.
1722 2406 1856 2460 Τότε

271 2528 646 2589 suppetereut,
676 2535 812 2586 epus
844 2522 1063 2574 omnino
1093 2532 1213 2576 erat
1247 2522 1442 2575 idoneo
1475 2520 1752 2589 praesidio,
1791 2532 1861 2572 ne

273 2612 406 2679 quid
453 2611 806 2679 improvisum
844 2620 1144 2679 pateretur.
1183 2612 1472 2664 Multorum
1514 2611 1712 2679 quippe
1758 2608 1857 2675 ipsi

276 2705 419 2758 clam
465 2702 838 2758 insidiantium
876 2705 1070 2760 infesta
1120 2703 1240 2758 odia
1281 2704 1637 2759 imminebant
1672 2703 1722 2754 iu
1770 2715 1864 2755 oc-

278 2796 556 2848 casionem
599 2795 646 2848 ei
681 2796 954 2861 nocendi;
991 2811 1124 2862 quos
1159 2809 1311 2862 sane,
1337 2797 1382 2850 si
1422 2797 1542 2864 quis
1571 2807 1745 2848 ructus
1778 2810 1863 2848 re-

280 2903 399 2940 rum
468 2888 550 2942 vel
607 2888 916 2942 levissimus
965 2889 1250 2942 chisteret
1305 2903 1410 2958 quo
1463 2887 1646 2956 aliqua
1705 2887 1866 2941 modo

282 2979 557 3048 quidpiam
591 2979 820 3034 novandi
865 2980 1242 3048 opportunitas
1267 2981 1508 3040 daretur,
1535 2977 1692 3032 avide
1719 2977 1865 3030 illam

285 3082 602 3140 Captatur-os
632 3082 684 3124 et
717 3077 796 3125 vel
831 3083 1073 3125 extrema
1113 3087 1338 3140 quaeque
1369 3070 1478 3142 ω
1508 3081 1730 3124 strenue
1769 3085 1868 3123 au-

1944 1915 2028 2018 τσ,
2062 1915 2182 2004 esse
2203 1915 2668 2015 τυφλῶν-ἐκεῖθεν
2700 1934 2947 1987 ἀπόντων
2968 1930 3017 2002 (ό
3050 1915 3536 1994 Στρατηγόπουλος

1945 2044 1991 2098 δ’
2015 2013 2162 2096 οὗτοι
2196 2013 2336 2110 ἦσαν
2364 2033 2462 2088 καὶ
2491 2032 2517 2084 6
2547 2026 2756 2096 Φιλῆς),
2795 2021 2887 2076 καὶ
2935 2017 3138 2078 παντὸς
3171 2013 3345 2110 αλλου.
3372 2021 3535 2110 μεγιῐ

1949 2139 2144 2198 στᾶνος
2179 2099 2631 2198 συμπληροῦντος
2685 2118 2776 2172 τὸν
2840 2112 3122 2178 σύλλογον,
3189 2104 3273 2198 ἐφ’
3323 2099 3533 2198 θιέηλοῢ

1953 2228 2105 2292 στὰς,
2137 2224 2212 2286 ὼς
2235 2222 2301 2276 ἂν
2326 2219 2443 2286 ἅμα
2469 2214 2604 2268 οἵτε
2635 2209 2842 2282 πρῶτοι
2887 2202 3137 2282 ἀκθιεν
3168 2197 3263 2251 καὶ
3289 2194 3341 2248 oi
3367 2190 3537 2244 ὕστα-

1953 2337 2062 2384 τοι,
2094 2318 2248 2385 ἐλεγε
2273 2312 2399 2368 τάδε
2434 2325 2450 2340 ·

1960 2537 2125 2592 quam
2175 2517 2321 2588 quod
2372 2516 2616 2582 optasset
2666 2517 2882 2575 passum
2933 2496 3274 2555 meminerat,
3317 2500 3546 2560 pronum

1958 2587 2202 2686 judicatu
2246 2617 2329 2662 est
2364 2603 2780 2670 haudquaquam
2824 2599 3242 2686 temperaturam
3273 2597 3304 2635 a
3351 2587 3548 2686 conatu

1963 2673 2192 2761 laedendi
2241 2695 2580 2763 noeendique
2609 2687 2883 2755 capitibus
2915 2679 3096 2736 exesis
3135 2673 3546 2730 multitudinem

1966 2793 2186 2860 iratam,
2219 2790 2320 2846 nisi
2358 2796 2537 2841 metus
2571 2778 2824 2850 potentiae
2865 2782 3088 2830 armatae
3118 2766 3402 2826 conscium
3447 2759 3552 2860 sibi

1967 2889 2286 2956 exiguarum
2323 2879 2520 2933 virium
2548 2874 2784 2928 furorem
2816 2869 3082 2936 privatum
3117 2863 3415 2917 coerceret.
3447 2852 3554 2906 Ne-

1970 2995 2076 3052 que
2109 2979 2195 3032 Iiic
2227 2983 2335 3029 tam
2361 2979 2648 3038 suspectus
2675 2972 2728 3018 et
2759 2962 2942 3014 minax
2970 2967 3147 3009 tumor
3180 2959 3555 3052 rerumquer-

1973 3036 2092 3126 sum
2144 3064 2359 3120 tandem
2390 3036 2701 3123 erumperet
2734 3065 2838 3104 non
2884 3045 3175 3101 verebatur
3213 3036 3557 3092 Muzalouum

287 3177 448 3215 suros
504 3163 821 3231 apparebat.
881 3163 1060 3228 Quare
1126 3162 1275 3216 illum
1335 3165 1388 3217 in
1456 3165 1941 3224 munitissimamc
1975 3170 2105 3216 natu
2166 3154 2457 3216 maximus,
2506 3140 2910 3218 pretovestiarii
2966 3137 3216 3192 eminens
3267 3129 3559 3197 dignitate.

289 3269 472 3308 arcem
523 3255 592 3308 ad
637 3253 894 3310 llermum
945 3254 1235 3325 Magnesiae
1277 3257 1702 3311 submovendum
1742 3272 1870 3314 cen-

292 3354 543 3410 suerunt,
599 3346 782 3400 addito
831 3346 1026 3401 idoneo
1071 3350 1334 3402 comitatu
1395 3358 1452 3401 et
1500 3349 1659 3404 solita
1709 3350 1872 3418 regite

294 3433 516 3489 familiae
562 3450 624 3490 ac
656 3435 880 3504 palatini
937 3436 1224 3496 ministerii
1266 3437 1593 3508 frequentia,
1635 3439 1874 3495 studiose

296 3528 506 3582 deleata
545 3541 612 3580 ex
644 3528 765 3582 fidis
797 3529 928 3582 viris
955 3537 1009 3584 et
1040 3527 1106 3582 ad
1139 3527 1532 3598 invigilandum
1569 3531 1732 3586 saluti
1766 3548 1868 3599 pu-

299 3621 410 3691 pilli
440 3621 700 3690 principis
721 3621 914 3691 gnavis
931 3631 984 3675 et
1011 3622 1258 3676 acribus.
1279 3621 1545 3677 Caeterum
1566 3623 1876 3692 optimates,

297 3715 414 3767 sive
434 3714 526 3782 qui
563 3713 615 3767 in
647 3727 744 3768 usu
780 3712 1044 3767 bonorum
1075 3723 1128 3767 et
1153 3711 1432 3768 functione
1464 3714 1877 3784 magistratuum

301 3806 637 3874 perstabant,
679 3804 792 3859 sive
844 3805 932 3872 qui
985 3805 1133 3858 varie
1181 3804 1438 3874 dispersi,
1481 3804 1713 3877 indeque
1741 3808 1882 3864 male

303 3897 527 3953 animati
575 3913 700 3966 erga
747 3899 922 3952 exsilii
964 3909 1219 3955 auctores
1259 3901 1359 3955 bac
1401 3901 1757 3955 conversione
1795 3916 1882 3956 re-

306 4008 424 4046 rum
467 3991 811 4061 prosilierant
856 4007 919 4046 ex
957 3991 1190 4062 angulis,
1238 3992 1405 4048 libere
1448 3992 1562 4062 jam
1607 4009 1766 4062 agere
1806 3995 1882 4049 illi

307 4086 520 4154 quidem
562 4084 858 4151 audebant,
910 4085 1261 4140 continebant
1310 4094 1490 4142 tamen
1548 4086 1782 4155 linguas,
1831 4098 1885 4142 et

310 4182 461 4229 metu
509 4174 906 4244 invigilantium
955 4175 1158 4229 acriter
1187 4185 1242 4232 et
1274 4175 1428 4243 quasi
1475 4191 1505 4230 e
1541 4177 1760 4244 specula
1791 4190 1887 4231 su-

311 4281 501 4323 surros
544 4282 733 4324 omnes
786 4281 919 4321 aure
965 4267 1125 4322 anxia
1172 4269 1504 4337 captantimn
1549 4267 1887 4323 Mttzalouum

314 4355 464 4411 taciti
508 4357 884 4426 ringebantur,
917 4359 996 4410 ira
1034 4357 1266 4427 odioque
1309 4359 1524 4427 penitus
1553 4359 1793 4413 conditis
1836 4367 1892 4412 et

316 4447 658 4501 simulatione
687 4447 932 4516 obsequii
964 4447 1178 4501 velatis.
1214 4447 1331 4502 Prae
1376 4462 1434 4502 se
1465 4447 1705 4503 ferebant
1746 4448 1890 4502 enim

1979 3253 2119 3323 Ergo
2163 3254 2210 3307 is
2260 3248 2425 3302 homo
2469 3255 2568 3296 nec
2615 3238 2783 3292 hebes
2819 3247 2918 3286 nec
2964 3229 3232 3290 incautus,
3283 3228 3564 3321 perspecta

1979 3312 2084 3403 non
2117 3343 2294 3399 dubiis
2327 3337 2496 3408 signis
2525 3330 2723 3387 invidia
2753 3334 2942 3383 contra
2974 3337 3034 3377 se
3066 3316 3292 3389 ingenti,
3316 3312 3566 3408 cognito-.-

1981 3401 2086 3510 que
2128 3435 2233 3508 41
2267 3401 2448 3487 tacitis
2498 3419 2906 3493 suspicionibus
2951 3414 3240 3469 multorum
3293 3401 3564 3510 designari

1982 3500 2042 3587 se
2069 3545 2133 3582 ac
2152 3500 2322 3580 meum
2356 3522 2441 3588 agi
2471 3514 2711 3574 aﬂectati
2742 3527 2836 3582 per
2861 3509 3042 3568 scelus
3065 3502 3301 3574 imperii,
3334 3500 3568 3564 indeque

1983 3627 2242 3690 quantmu
2275 3627 2373 3666 suo
2403 3608 2568 3678 capiti
2607 3601 2906 3674 perieulum
2945 3597 3302 3667 impenderet,
3335 3589 3571 3659 pruden-

1986 3683 2068 3768 ter
2099 3708 2394 3765 metimuns,
2433 3697 2662 3768 sapienti
2699 3693 2930 3752 consilio
2964 3689 3204 3745 decrevit
3227 3683 3571 3752 experimen-

1991 3806 2100 3860 tttin
2140 3812 2332 3868 capere
2379 3791 2671 3848 voluntatis
2725 3787 3001 3854 studiique
3048 3780 3277 3834 militum
3315 3791 3443 3842 erga
3490 3788 3570 3835 se,

1988 3894 2383 3964 explorareque
2413 3878 2870 3955 quemadmodum
2900 3875 2951 3929 in
2977 3889 3038 3928 se
3067 3870 3247 3925 allecti
3280 3867 3574 3961 optimates

1989 3959 2189 4041 essein.
2217 3979 2382 4050 lgitur
2411 3973 2594 4028 multis
2625 3970 2774 4040 prius
2799 3962 3149 4022 documentis
3176 3959 3349 4030 p'tlant
3387 3959 3576 4022 rxqui-

1991 4079 2083 4136 siti
2118 4047 2344 4130 affectus
2386 4068 2510 4123 fidei
2545 4079 2609 4119 ac
2650 4056 3022 4117 venerationis
3067 4065 3192 4120 erga
3241 4047 3579 4118 impuberem

1993 4179 2296 4243 Augustum
2341 4165 2503 4222 editis
2549 4162 2692 4217 dicto
2738 4155 3014 4220 factoque,
3046 4163 3110 4200 cx
3156 4142 3579 4243 quibusnomucs.

1995 4231 2358 4334 intelligerent
2389 4273 2446 4312 se
2473 4255 2540 4308 ab
2568 4248 2713 4306 omni
2738 4245 3067 4314 cogitatione
3097 4233 3239 4334 in-sid
3265 4231 3387 4284 andi
3417 4231 3581 4295 tapili

1998 4369 2092 4416 aut
2122 4327 2394 4424 majestati
2430 4347 2550 4416 ejus
2577 4357 2697 4399 esse
2732 4352 2894 4410 quam
2923 4327 3342 4387 alienissiu'ium,
3365 4334 3582 4422 convo-

2000 4452 2146 4508 cavit
2173 4422 2447 4517 quotquot
2478 4440 2706 4496 aderant
2733 4439 3015 4489 senatores
3047 4422 3429 4517 principesque
3459 4429 3585 4466 um-

319 4553 510 4610 pareie
541 4553 602 4592 se
643 4539 771 4607 ipsis
801 4538 935 4593 velle
970 4548 1028 4593 ut
1060 4539 1233 4593 vicem
1268 4538 1576 4608 gerentibus
1609 4539 1899 4609 imperato-
1928 4523 1972 4580 ι)
2005 4555 2192 4598 versos
2230 4536 2362 4608 regii
2389 4529 2691 4602 sanguinis,
2721 4531 3094 4594 quantumque
3142 4510 3586 4580 magistratuum,

324 4634 399 4687 ris
439 4633 669 4701 parvuli,
724 4633 809 4687 cui
860 4633 1021 4686 etiam
1080 4648 1174 4701 per
1223 4634 1513 4689 ministros
1565 4644 1619 4690 et
1665 4635 1900 4691 vicarios

323 4725 610 4795 imperanti
651 4725 881 4780 libenter
913 4726 1372 4788 obtemperarent.
1407 4725 1536 4784 Haec
1568 4726 1621 4781 in
1659 4727 1899 4795 speciem

327 4821 766 4884 ostentabantur,
816 4818 1028 4874 interim
1073 4818 1198 4870 dum
1247 4818 1282 4872 ii
1316 4819 1617 4888 praesertim
1669 4821 1760 4887 qui
1795 4835 1900 4873 nu-

325 4927 454 4982 pern
490 4910 793 4979 principatu
835 4910 978 4979 passi
1014 4911 1238 4963 adversa
1277 4907 1512 4971 fuerant,
1539 4910 1815 4965 mordicus
1848 4909 1901 4965 in

327 5002 603 5068 proposito
646 4999 923 5052 contrario
964 4999 1264 5063 haerebant,
1314 4997 1610 5052 ulciscendi
1658 4997 1904 5052 videlicet

332 5095 382 5146 in
411 5093 504 5147 lilii
537 5102 698 5160 caput
729 5102 978 5160 acceptas
1006 5107 1034 5144 a
1063 5100 1218 5160 patre
1248 5089 1496 5157 injurias,
1524 5104 1588 5146 ac
1619 5091 1905 5144 vehemen-

333 5196 412 5239 ter
439 5185 702 5252 optabant
730 5184 943 5239 etllcere
975 5192 1030 5236 ut
1063 5181 1258 5238 Joanui
1291 5181 1400 5238 ﬁlio
1426 5181 1618 5238 dentes
1648 5181 1904 5248 obstupe-

331 5286 547 5332 scerent
602 5292 668 5331 ex
714 5291 779 5332 co
821 5276 962 5345 quod
996 5275 1314 5334 Theodorus
1368 5285 1521 5343 pater
1569 5272 1688 5342 ejus
1747 5288 1906 5325 uvam

334 5369 590 5424 acerbam
624 5370 719 5422 irae.
760 5367 985 5422 immitis
1014 5378 1067 5422 et
1102 5368 1218 5436 ipse
1263 5365 1557 5421 mandissat
1597 5371 1650 5418 et
1689 5377 1908 5432 expres-

333 5477 453 5516 sum
483 5477 547 5516 ex
583 5476 644 5514 ea
688 5460 836 5516 succi
879 5459 1048 5513 amari
1091 5458 1344 5528 poculum
1379 5457 1510 5526 ipsis
1541 5455 1904 5525 prepinassct.

338 5555 513 5625 llujus
564 5555 777 5626 generis
829 5551 1041 5608 infestis
1099 5552 1354 5608 sensibus
1405 5559 1567 5619 atque
1624 5547 1908 5602 affectibus

339 5663 541 5703 arcano
603 5647 808 5718 passim
852 5645 1205 5716 gliscentibus
1250 5644 1445 5714 partim
1496 5643 1549 5696 in
1598 5639 1912 5694 adolesccn~

343 5739 510 5795 tulmu
536 5739 832 5808 principem
857 5747 1080 5807 paterna
1109 5737 1439 5794 laborantem
1468 5732 1688 5797 invidia,
1715 5731 1910 5801 partim

345 5830 397 5885 iu
429 5838 678 5900 potcntcs
709 5844 916 5896 rerum,
951 5838 1008 5883 ut
1049 5829 1276 5899 quisque
1311 5826 1374 5881 ab
1405 5826 1472 5882 iis
1504 5824 1639 5882 alias
1667 5838 1725 5880 se
1768 5822 1911 5877 aliud

2001 4644 2265 4704 quantum
2296 4604 2366 4683 ex
2400 4622 2622 4679 militari
2651 4617 2844 4674 ordine
2884 4611 3001 4680 cogi
3045 4623 3111 4663 ex
3146 4604 3448 4704 propinquo
3490 4611 3585 4664 po-

2003 4691 2128 4781 tuit.
2181 4723 2566 4776 Convenerunt
2617 4722 2830 4781 quoque
2867 4707 2918 4759 in
2969 4716 3090 4756 eum
3147 4705 3348 4750 coetum
3394 4691 3590 4744 fratres

2004 4817 2193 4891 proavi
2247 4808 2632 4881 imperatoris,
2693 4797 2962 4858 Lascaris,
3015 4791 3106 4860 qui
3173 4798 3230 4842 et
3283 4787 3400 4854 ipse
3459 4781 3588 4891 olim

2005 4875 2252 4980 inagnam
2280 4875 2382 4959 sibi
2413 4899 2626 4955 laudem
2654 4893 2864 4966 peperit
2892 4886 3101 4957 imperii
3134 4881 3395 4980 przeclare
3421 4875 3582 4974 admi-

2006 4973 2243 5065 nistrati,
2273 5012 2382 5051 rem
2419 4994 2718 5048 Romanam
2757 5001 2820 5040 ex
2847 4981 3042 5036 afflicta
3079 4989 3132 5033 et
3162 4987 3310 5031 retro
3352 4973 3498 5065 lapsa
3537 4973 3591 5016 in

2008 5093 2176 5148 multo
2210 5055 2487 5144 meliorem
2525 5092 2789 5136 revocans
2834 5083 3058 5128 statum.
3097 5067 3172 5121 Ne
3215 5061 3343 5117 czeci
3373 5055 3590 5135 quidem

2008 5180 2230 5237 abfuere
2257 5168 2672 5241 Stratrgopulus
2699 5175 2751 5220 et
2784 5161 2986 5225 Philes,
3017 5148 3600 5241 concurremib‘us-pro

2009 5289 2068 5329 se
2129 5281 2345 5342 quoque
2401 5235 2749 5334 magrtatibus
2797 5251 3052 5308 similiter
3096 5243 3330 5300 caneris.
3385 5235 3598 5303 Quibus

2011 5337 2224 5424 Cunctis
2263 5337 2531 5415 consessu
2560 5349 2807 5422 specioso
2841 5360 2902 5400 ac
2941 5337 3235 5396 venerabili
3266 5338 3596 5390 conventum

2012 5453 2336 5511 ornantibus
2365 5445 2616 5518 apparuit
2664 5450 2816 5496 stans
2855 5436 2906 5489 in
2954 5433 3075 5487 loco
3115 5425 3379 5497 superiori
3412 5430 3600 5492 proto-

2011 5546 2323 5607 vestiarius,
2373 5517 2513 5596 unde
2553 5532 2792 5601 conspici
2843 5527 3046 5599 pariter
3081 5523 3149 5576 ab
3184 5517 3440 5575 omnibus
3483 5519 3536 5568 et
3565 5525 3601 5564 a

2019 5637 2208 5710 primis
2256 5649 2363 5688 non
2406 5629 2586 5686 minus
2621 5638 2782 5695 quam
2818 5621 2884 5675 ab
2927 5617 3130 5671 ultimis
3169 5608 3344 5665 audiri
3391 5609 3610 5678 posset,

2027 5707 2317 5798 statimque
2349 5727 2402 5781 in
2429 5726 2570 5778 liuuc
2595 5717 2811 5775 modum
2840 5709 2983 5782 loqui
3023 5707 3182 5778 erepit
3218 5721 3234 5758 :

3373 6431 3416 6448 y—.-

3209 6463 3314 6493 “ar...
3347 6449 3508 6495 "in;
