3952 6512
374 389 482 455 475

1589 393 1911 455 GEORGII
1948 395 2428 464 PACHYMERrE

3515 401 3622 464 476

379 501 476 567 ις’.
511 504 848 572 Δημηιτυριά
900 500 1004 557 τοῦ
1045 504 1587 594 πρφτοὸεστιαρίου
1630 506 1944 568 Μουζάυιω·
1973 513 2014 568 Α
2047 513 2378 588 ὑπέρχεσθαι
2401 519 2492 574 τὸν
2521 521 2713 594 καιρὸν
2743 522 2837 577 καὶ
2871 523 2939 578 τὰ
2969 522 3027 586 ἐς
3059 523 3264 594 βλάϐην
3295 522 3407 576 τισὶ
3439 539 3621 593 πραγ-

1086 592 1212 640 νος.

455 701 474 735 ι
515 685 588 738 Τὸ
615 685 712 753 μὲν
757 685 824 740 τὰ
859 688 1098 759 ἡμέτερα
1125 690 1362 762 ἀρχῆθεν
1386 695 1522 765 πρὸς
1565 694 1707 764 ὑμᾶς
1742 696 1947 767 ἀρτίως

381 774 712 860 συντάττειν,
772 777 1012 846 εὐγενεῖς
1043 781 1235 852 ἄνδρες
1282 787 1375 838 καὶ
1407 788 1718 858 σύντροφοι,
1754 806 1945 860 περιτ-

373 864 485 931 τδν,
528 859 706 935 οἴμαι,
763 869 912 924 δοκεῖ
959 873 1051 926 καὶ
1101 874 1196 927 τοῦ
1249 876 1515 947 παρόντος
1547 873 1667 946 ἔξω
1713 859 1944 952 καιροῦο

376 959 591 1029 ἀνάγκη
614 961 725 1033 γὰρ
747 964 955 1032 ἐπείγει
985 966 1159 1020 ταῦτα
1187 970 1466 1041 παρέντας
1486 972 1578 1025 τοῦ
1612 973 1751 1026 κατὰ
1783 975 1948 1038 πόδας

374 1048 646 1115 δ;εξιέναι.
677 1054 827 1117 Τέως
881 1055 926 1107 δ’
958 1056 1052 1112 οὖν
1084 1059 1247 1128 μόνον
1280 1061 1339 1113 ού
1376 1063 1725 1133 γεννηθέντες
1757 1066 1814 1118 ἐν
1836 1068 1949 1130 τοῖς

377 1142 670 1210 βασιλείοις
703 1146 810 1200 ὑπὸ
853 1151 1014 1221 πατρὶ
1041 1151 1403 1221 ὑπηρετοῦντι
1442 1156 1679 1226 κάκείνῳ
1708 1161 1822 1219 τοῖς
1853 1157 1949 1227 βα-

377 1229 617 1284 σιλεῦσιν
647 1235 984 1305 ἐτράφημεν,
1035 1241 1129 1292 καὶ
1161 1239 1600 1311 προσληφθέντες
1629 1242 1948 1314 ἀνήχθημεν

376 1321 761 1394 παιδευόμενοι
815 1327 921 1381 ὑπὸ
965 1331 1058 1382 τοῦ
1111 1334 1415 1402 μακαρίτου
1470 1334 1736 1404 βασιλέως
1793 1337 1949 1408 ἡμῶν

378 1415 875 1487 ὑφηγεμονεύοντος
902 1421 978 1491 τῷ
1008 1425 1199 1496 πατρί.
1244 1426 1354 1480 Καὶ
1387 1427 1461 1490 ὡς
1497 1429 1705 1490 πιστῶς
1745 1429 1950 1500 ὑπηρε-

376 1512 561 1579 τοῖμεν
587 1514 996 1583 προσκείμενοι,
1015 1518 1100 1585 ἐφ’
1121 1513 1203 1579 οἷς
1229 1519 1292 1572 ἂν
1321 1522 1415 1573 καὶ
1441 1523 1793 1592 προστάσσοι,
1815 1525 1953 1594 ἀγά-

378 1617 485 1669 πην
507 1599 672 1675 φόϐῳ
706 1607 1018 1675 μιγνύντες,
1053 1610 1256 1674 πάντες
1288 1612 1354 1665 ἂν
1405 1617 1839 1684 μαρτυρήσοιτε.
1872 1619 1947 1673 Οὑ

376 1697 485 1768 γὰρ
512 1693 741 1770 ἦνήμᾶς
769 1701 898 1755 ἄλλο
925 1721 977 1756 τι
1010 1704 1310 1774 τρέπεσθαι
1335 1708 1364 1776 ἦ
1389 1709 1796 1777 καθυπουργεῖν
1818 1712 1950 1765 ,ἀδό-

376 1789 486 1853 λως
515 1791 593 1862 τῷ
625 1793 952 1863 κυριεύοντι,
994 1795 1095 1850 κᾶν
1135 1796 1264 1859 ίσως
1302 1799 1362 1851 τὸ
1397 1799 1707 1867 εὐδοκιμεῖν
1755 1803 1854 1854 οὐκ
1880 1798 1948 1874 ἦν

377 1882 462 1948 ἐφ’
492 1879 573 1947 οἷς
602 1886 1064 1957 προὺθυμούμεθα
1086 1905 1100 1920 ·
1135 1890 1318 1943 πίστιν
1354 1891 1410 1944 δὲ
1448 1894 1588 1962 μετά
1619 1894 1946 1964 προθυμίας,

375 1975 478 2029 κᾶν
513 1976 588 2048 μὴ
617 1977 755 2050 ἀνύῃ
787 1997 891 2044 τις,
928 1983 1019 2033 καὶ
1049 1981 1272 2034 δύσνουν
1310 1985 1468 2054 νικᾷν
1497 1985 1849 2058 εὐδοκίμησιν
1872 1988 1949 2042 of-

376 2067 567 2136 δαμεν.
635 2069 705 2121 Τὸ
735 2070 792 2122 δὲ
827 2072 922 2124 καὶ
950 2073 1111 2141 τιμὰς
1139 2073 1324 2127 λαϐεῖν
1357 2077 1504 2146 ἡμᾶς
1533 2076 1625 2131 καὶ
1653 2078 1760 2130 τῶν
1789 2079 1950 2145 ἀξιω-

379 2157 564 2223 μάτων
589 2158 722 2227 παρ’
747 2159 776 2211 δ
799 2162 1220 2236 προσεδοκῶμεν
1250 2164 1317 2218 τὰ
1336 2165 1569 2234 μέγιστα
1600 2167 1953 2236 βασιλεύσαν-

375 2265 466 2311 τος
483 2249 572 2302 τοῦ
597 2229 1131 2318 δεσπότου,ᾏιείνου
1177 2229 1428 2319 θέλοντος
1459 2253 1548 2330 ἦν.
1583 2229 1647 2311 'i‘i
1678 2263 1787 2332 γὰρ
1820 2262 1950 2329 ἡμῖν

376 2340 469 2391 καὶ
492 2335 558 2410 ἦν
583 2342 663 2404 είς
685 2344 746 2396 τὸ
777 2343 1109 2414 θαυμαστὸν,
1139 2346 1280 2400 ὥστε
1309 2350 1402 2401 καὶ
1429 2351 1725 2422 τιμηθῆναι
1756 2353 1946 2406 τοσαῦθ

374 2447 446 2484 τα
472 2448 487 2497 ;
515 2432 666 2501 ὅμως
695 2435 868 2488 ἐδόκει
897 2436 975 2506 τῷ
1011 2437 1369 2506 βασιλεύοντι,
1411 2443 1503 2493 καὶ
1534 2443 1690 2512 ἡμεῖς
1723 2445 1813 2497 ἐπὶ
1844 2445 1948 2497 τῶν

377 2523 703 2594 ἀξιωμάτων
746 2523 906 2598 ἦμεν,
945 2529 1004 2581 ού
1040 2531 1144 2601 μὴν
1185 2531 1237 2584 δὲ
1270 2530 1407 2585 ὥστε
1443 2534 1535 2586 καὶ
1566 2537 1948 2606 κακεντρεχῶς

643 2706 726 2760 16.
759 2707 952 2760 Concio
976 2711 1359 2772 protovastiarii
1381 2710 1701 2769 Muzalonis.

460 2816 478 2850 ι
524 2801 625 2854 lies
657 2812 868 2856 nostras
899 2817 925 2853 a
951 2803 1216 2869 principio
1242 2805 1378 2871 apud
1413 2820 1506 2861 vos
1533 2807 1795 2862 hodierna
1828 2823 1952 2863 ora-

379 2891 526 2945 tione
561 2900 821 2959 repetere,
857 2893 957 2945 viri
990 2894 1195 2947 nobiles
1224 2895 1462 2960 aequales
1491 2906 1546 2950 et
1582 2899 1792 2952 sodales
1825 2903 1948 2966 mei,

305 2988 316 2996 '
379 2982 704 3051 superfluum
758 2986 950 3052 opinor
1006 2983 1276 3038 videretur
1328 2997 1383 3039 et
1441 2986 1677 3042 alienum
1733 2989 1802 3043 ab
1852 2991 1953 3045 ltoc

387 3085 652 3142 tempore,
681 3090 787 3144 quo
815 3074 957 3127 aliud
993 3075 1146 3129 nobis
1186 3074 1441 3142 objicitur
1472 3079 1836 3132 necessarium
1873 3079 1954 3132 di-

2049 610 2402 677 ματεύεσθαι.
2458 611 2546 685 [Ρ.
2581 614 2673 687 24]
2710 611 2865 669 Οἶδεν
2921 615 3001 678 είς
3046 612 3204 667 τοῦτο
3258 611 3318 666 τδ
3344 613 3619 682 ἡμέτερον

2049 707 2305 770 συνειδός.
2353 707 2490 762 Οὔτε
2529 710 2637 780 γάρ
2669 710 2729 764 τὸ
2755 708 2995 764 τοιοῦτον
3023 706 3188 780 ἦρξεν
3220 710 3354 780 ἡμῖν
3381 710 3481 778 τῆς
3529 726 3617 761 τι·

2050 798 2176 869 μῆς,
2208 799 2302 852 καὶ
2331 799 2391 852 τὸ
2422 801 2560 866 μετά
2583 801 2756 855 ταῦτα
2786 803 3075 869 κρατύνειν
3103 799 3276 864 οὓτως
3296 800 3467 871 αὐτὴν
3495 799 3621 852 λίαν

2048 890 2326 961 ἡγούμεθα
2350 890 2458 944 τῶν
2486 893 2779 963 αἰσχίστων
2800 906 2814 922 ⁸
2838 894 2991 963 ἀνδρὶ
3023 893 3132 964 γὰρ
3171 892 3452 961 δυναμένῳ
3477 892 3631 960 μέγα

2049 983 2180 1050 παρ’
2220 981 2460 1052 ἄρχοντι,
2515 983 2562 1035 εί
2590 984 2718 1046 τοὺς
2745 983 2938 1048 ἄλλους
2970 983 3247 1055 πτερνίξοι
3303 982 3632 1037 ὑποδάλλων

2048 1072 2116 1125 τὰ
2154 1072 2229 1143 μὴ
2273 1072 2605 1143 καθήκοντα,
2660 1077 2760 1130 οὑκ
2794 1075 2945 1130 ἐστιν
2996 1075 3148 1138 ὅστις
3184 1075 3245 1128 οὑ
3292 1075 3517 1138 δικαίως
3558 1075 3630 1128 ἂν

2048 1165 2422 1234 νεμεσήσειεν.
2488 1166 2648 1221 Ἀλλά
2683 1168 2777 1221 καὶ
2824 1167 2885 1222 τὸ
2940 1165 3020 1236 μὴ
3057 1166 3323 1230 θωπείαις
3370 1166 3628 1232 ἀγεννέσι

2049 1256 2144 1310 καὶ
2175 1255 2553 1328 ἀνελευθέροις
2599 1259 2986 1331 ὑποποιήσεσιν
3039 1258 3360 1330 ὑποτρέχειν
3397 1258 3488 1311 τὸν
3523 1258 3629 1327 ἄρ-

2049 1366 2234 1417 χοντα,
2259 1351 2351 1404 καὶ
2386 1350 2523 1420 πρὸς
2554 1353 2785 1414 ἑαυτοὺς
2819 1351 3148 1421 ἐφέλκεσθαι
3182 1351 3280 1415 τὰς
3330 1348 3502 1420 θύρας
3528 1350 3628 1416 τῆς

2048 1438 2255 1491 ἐκείνου
2283 1440 2569 1509 εὐμενείας
2597 1444 2708 1504 τοῖς
2737 1440 2942 1511 ἑτέροις
2973 1440 3388 1507 ὲπιζυγοῦντας.
3412 1438 3628 1502 ἔδειξαν

2049 1529 2105 1581 at!
2132 1529 2323 1583 πολλαὶ
2349 1531 2457 1584 τῶν
2493 1533 2702 1586 ἐκείνου
2759 1532 2984 1602 πληγῶν
3014 1532 3292 1602 ἐπιφοραὶ,
3323 1531 3465 1586 ὥστε
3497 1530 3630 1582 πολε

2049 1619 2204 1685 λάκις
2235 1622 2380 1690 ἡμᾶς
2417 1621 2658 1690 ἐγγίζειν
2724 1621 2800 1692 τῷ
2853 1623 3069 1693 θανάτῳ
3131 1621 3628 1691 μαστιγουμένους.

2051 1711 2240 1775 Ὅπως
2265 1712 2320 1765 δὲ
2353 1715 2444 1765 καὶ
2474 1710 2608 1783 πρὸς
2636 1711 2792 1782 ὑμῶν
2842 1711 3074 1766 ἕκαστον
3128 1711 3348 1781 ἀγάπης
3379 1712 3570 1779 εἴχομκ
3587 1728 3632 1770 α,

2052 1802 2145 1854 καὶ
2171 1801 2245 1864 ὡς
2267 1801 2364 1872 τὴν
2385 1801 2659 1870 ὑμετέραν
2680 1802 2811 1872 παρ’
2846 1801 3041 1871 ἐκείνῳ
3063 1800 3334 1871 ἀποδοχὴν
3365 1801 3461 1852 τοῦ
3488 1815 3630 1852 παν-

2049 1894 2140 1957 τὸς
2174 1893 2760 1964 ὲτιμὼμεθα,πολλοὺς
2791 1890 2944 1961 οἶμαι
2977 1893 3346 1961 γινώσκοντας
3369 1891 3629 1956 ἐξειπεῖν.

2048 1987 2112 2040 Εἰ
2145 1985 2201 2039 δέ
2235 2003 2324 2040 ποι
2352 1985 2445 2039 καὶ
2472 1985 2546 2056 μὴ
2569 1985 2824 2054 ἀνύοιμεν
2855 1984 3287 2048 ἱκετεύοντες,ού
3321 1985 3456 2054 πρὸς
3478 1984 3629 2052 ἡμᾶς

2049 2072 2163 2127 οῖδα
2187 2074 2364 2128 τοῦτο.
2399 2074 2547 2146 Πλὴν
2581 2075 2640 2128 τὸ
2695 2073 2952 2128 δύσκολον
3006 2074 3100 2127 τοῦ
3134 2074 3329 2144 καιροῦ
3369 2075 3631 2144 περιϐάλι

2049 2167 2162 2219 λειν
2205 2166 2491 2237 μεγίσταις
2522 2167 2780 2236 ὑποψίαις
2819 2168 2912 2220 καὶ
2949 2161 3276 2236 τοῦςμηδὲν
3312 2165 3537 2228 δικαίως
3564 2165 3633 2218 ἂν

2050 2257 2580 2328 ἐγκληθησομένους,
2631 2259 2680 2311 εί
2714 2257 2890 2328 ὀρθῶς
2925 2275 3007 2319 τις
3039 2257 3214 2327 κρίνοι
3241 2295 3255 2320 ,
3288 2256 3441 2309 οὐδὲν
3470 2257 3633 2308 ἀπει-

2051 2350 2144 2413 κὸς
2184 2349 2332 2412 ἴσως.
2377 2349 2437 2402 Ἢ
2466 2351 2574 2420 γὰρ
2599 2348 2694 2402 τοῦ
2729 2349 2922 2420 καιροῦ
2953 2349 3210 2404 δυσκολία
3243 2349 3498 2418 ἁψαμένη
3530 2347 3628 2400 καὶ

2050 2439 2158 2491 τῶν
2187 2439 2480 2508 μεγίστων,
2541 2441 2629 2493 καὶ
2673 2434 2755 2502 οἷς
2784 2441 2885 2493 ούκ
2930 2435 2997 2510 ἦν
3051 2438 3244 2493 παθεῖν
3300 2440 3364 2491 ἐκ
3391 2439 3630 2500 δικαίου,

2053 2531 2280 2594 ἐκείνοις
2313 2529 2411 2602 μὲν
2443 2532 2753 2603 συμφορὰν,
2783 2531 2912 2600 ἡμῖν
2940 2529 2996 2583 δὲ
3026 2530 3261 2600 ὑποψίαν
3291 2530 3370 2600 (οὐ
3391 2531 3499 2600 γὰρ
3530 2546 3631 2582 κα-

2055 2709 2210 2764 nobis
2267 2711 2668 2777 possessionem
2731 2710 2996 2764 honorum
3048 2710 3418 2778 turpissimum
3483 2711 3627 2765 istud

2053 2815 2223 2868 genus
2256 2803 2489 2856 astutiae.
2524 2801 2736 2856 llomini
2779 2802 2977 2872 quippe
3016 2803 3156 2869 apud
3202 2802 3498 2872 principem
3536 2817 3629 2871 po-

2056 2895 2206 2958 tenti,
2250 2894 2293 2948 si
2328 2906 2554 2947 conetur
2588 2894 2940 2963 supplantare
2963 2895 3122 2956 alios,
3155 2909 3450 2963 suggerens
3485 2895 3627 2962 quod

2055 2988 2270 3042 irritare
2316 2988 2581 3040 adversus
2618 2985 2866 3039 innoxios
2897 2994 3207 3056 regnantem
3244 2986 3434 3054 possit,
3472 3001 3632 3040 nemo

2054 3091 2138 3135 est
2172 3079 2264 3149 qui
2309 3093 2412 3134 non
2458 3078 2604 3148 justo
2652 3086 2970 3134 succenseat
3015 3087 3068 3130 et
3107 3077 3226 3131 dira
3279 3078 3629 3146 imprecetur.

378 3166 532 3222 cendi
564 3175 962 3233 argumentum,
996 3165 1082 3219 isti
1121 3165 1304 3234 utique
1338 3168 1792 3235 praevertendum.
1823 3168 1951 3224 Obi-
1978 3190 2020 3246 ρ
2056 3172 2162 3228 Sed
2211 3185 2388 3239 neque
2434 3186 2535 3226 nos
2585 3169 2984 3224 adulationibus
3013 3169 3206 3223 vilibus
3241 3179 3296 3224 et
3341 3169 3508 3223 libero
3549 3169 3632 3223 in-

381 3267 464 3312 ter
495 3257 668 3311 solum
692 3257 912 3310 innuam
957 3271 1052 3311 nos
1086 3266 1294 3309 tantum
1331 3271 1436 3310 non
1477 3256 1528 3310 in
1561 3259 1762 3324 palatio
1806 3260 1958 3329 geni-

380 3359 464 3404 tos
489 3366 516 3403 a
565 3360 740 3417 patre,
775 3349 1024 3402 ministro
1061 3357 1113 3402 et
1144 3349 1260 3416 ipso
1303 3348 1710 3417 imperatorum,
1751 3351 1804 3405 in
1837 3352 1958 3406 aula

377 3440 486 3511 42
535 3442 794 3496 educatos
836 3457 979 3505 esse,
1029 3451 1084 3496 et
1134 3442 1188 3496 in
1242 3443 1537 3513 palatinum
1589 3447 1956 3517 paedagogium

379 3532 623 3588 adscitos
655 3535 754 3589 sub
788 3535 1133 3601 imperatore,
1175 3550 1333 3605 quem
1383 3536 1541 3591 modo
1575 3547 1846 3592 mortuum
1880 3539 1959 3592 lu-

379 3640 587 3693 genius,
634 3626 937 3680 rudimenta
986 3627 1208 3697 puerilis
1251 3627 1609 3683 institutionis
1643 3629 1814 3698 prima
1870 3645 1962 3698 po-

382 3716 584 3771 suisse.
620 3717 676 3771 ltt
708 3717 826 3786 ejus
851 3718 1114 3787 obsequio
1145 3718 1246 3773 sub
1277 3728 1428 3788 patre
1472 3721 1797 3776 dominantis
1825 3723 1960 3778 ado-

379 3807 650 3874 levimus;
689 3818 741 3863 et
799 3825 902 3877 qna
952 3811 1000 3863 ei
1042 3809 1144 3864 (ide
1185 3811 1536 3866 servierimns
1586 3813 1959 3869 incumbentes

376 3900 586 3970 inpetu
627 3903 932 3972 ali‘ectuqne
969 3913 1078 3957 toto
1107 3905 1160 3958 in
1192 3920 1252 3958 ca
1287 3922 1406 3978 qua:
1441 3904 1687 3973 jubebat,
1717 3923 1958 3961 amorem

378 4013 502 4050 cum
547 4006 690 4052 metu
742 3999 1052 4061 miscentes,
1088 3999 1271 4052 testari
1307 4000 1534 4069 poteSIis
1569 4001 1806 4055 universi
1841 4013 1957 4054 vos.

379 4090 664 4159 Nunquam
730 4091 872 4145 enim
931 4091 1013 4146 vel
1061 4091 1329 4146 tantillum
1367 4093 1686 4148 deﬂeximus
1734 4107 1763 4146 ιι
1812 4101 1955 4148 recta

384 4183 554 4239 lidelis
585 4185 830 4254 obsequii
863 4185 968 4249 via,
1003 4199 1102 4239 nec
1133 4183 1279 4238 aliud
1304 4184 1613 4240 studuimus
1652 4199 1812 4253 quam
1843 4185 1961 4241 sine

378 4277 569 4332 fraude
592 4292 655 4331 ac
686 4276 811 4331 fuco
839 4276 1052 4330 sincere
1081 4275 1301 4330 obedire
1325 4275 1562 4339 domino,
1594 4278 1757 4331 etiam
1791 4279 1843 4332 in
1875 4279 1961 4335 his

382 4367 471 4421 ubi
505 4366 662 4432 forte,
695 4367 836 4434 quod
861 4367 1039 4421 studio
1067 4382 1282 4421 summo
1318 4368 1672 4434 conabamur,
1702 4371 1766 4424 ad
1798 4370 1958 4427 linem

380 4460 454 4512 illi
488 4458 732 4527 placendi
764 4473 866 4512 non
897 4458 1246 4527 pertingeret.
1278 4459 1367 4514 Sic
1393 4459 1537 4512 enim
1565 4462 1956 4526 statuebamus,

383 4554 544 4606 Iidem
577 4568 700 4608 cum
741 4551 984 4606 ofﬁciosa
1016 4553 1315 4616 voluntate,
1348 4553 1471 4606 licet
1514 4568 1764 4607 successu
1795 4557 1956 4609 desti-
1985 4521 2038 4583 Β

387 4652 579 4710 tutam,
633 4643 879 4714 prmferri
946 4644 1143 4699 debere
1186 4645 1446 4714 obsequio
1490 4646 1632 4714 quod
1683 4662 1788 4700 non
1840 4654 1956 4699 stu-

383 4740 534 4793 diose
588 4752 686 4791 nec
744 4737 1004 4791 benevolo
1056 4737 1352 4805 suscipitur
1397 4735 1615 4802 affectu,
1673 4737 1798 4791 licet
1833 4753 1959 4807 pro—

384 4846 540 4900 spere
570 4845 631 4884 ac
674 4844 796 4884 cum
830 4831 1037 4898 agentis
1079 4828 1232 4884 laude
1271 4839 1633 4898 perpetretur.
1666 4829 1816 4898 Quod
1864 4848 1959 4886 au-

384 4935 488 4978 tem
530 4925 761 4977 honores
797 4921 1115 4976 admisimus
1149 4930 1202 4976 et
1235 4923 1526 4991 dignitates
1553 4925 1958 4993 exspectatione

384 5029 568 5072 nostra
625 5015 879 5084 nzajores,
937 5023 1101 5085 atque
1145 5015 1279 5068 adeo
1321 5017 1606 5080 maximas,
1658 5016 1959 5084 imperante

381 5111 602 5164 domino
629 5116 838 5174 nostro,
861 5108 1125 5162 voluntati
1151 5107 1268 5176 ejus
1295 5107 1666 5176 imputandum
1695 5116 1796 5162 est.
1817 5107 1956 5174 Quid

383 5203 526 5256 enim
556 5218 652 5256 nos
676 5199 886 5272 egimus
925 5209 1030 5254 tam
1057 5200 1333 5270 egregium
1367 5208 1423 5251 ttt
1459 5183 1670 5252 tantum
1704 5199 1956 5253 honorari

387 5294 773 5348 mererentur?
821 5293 1024 5346 Tamen
1069 5292 1137 5343 ita
1193 5293 1478 5359 imperanti
1515 5291 1710 5345 visum.
1765 5288 1829 5344 Et
1865 5305 1960 5344 nos

384 5389 438 5442 in
479 5387 835 5457 dignitatibus
869 5401 1076 5445 smnus,
1123 5400 1228 5437 non
1268 5395 1445 5438 tamen
1479 5391 1538 5437 ιιι
1589 5393 1764 5438 astuta
1802 5383 1960 5438 ntali-

386 5481 591 5554 gnitale
638 5479 1014 5533 immineamns
1063 5478 1442 5533 occasionibus
1500 5477 1749 5542 nocendi,
1800 5487 1854 5531 et
1907 5476 1960 5529 in

388 5573 706 5641 cujusquam
740 5571 991 5625 damnum
1035 5581 1299 5640 potestate
1330 5572 1634 5625 abutamur.
1664 5569 1880 5623 Testem
1908 5568 1960 5622 in

393 5665 446 5718 id
487 5664 680 5717 damus
731 5664 1114 5716 conscientiam
1155 5675 1416 5716 nostram.
1464 5661 1649 5731 Neque
1688 5661 1830 5714 enim
1871 5668 1963 5712 aut

394 5753 660 5822 ejusmodi
691 5753 954 5810 damnatae
978 5764 1122 5809 artes
1149 5755 1284 5807 viam
1329 5755 1486 5806 nobis
1517 5752 1580 5806 ad
1613 5749 1961 5806 cresccndnm

399 5848 729 5909 munierunt,
778 5857 866 5902 aut
904 5847 1201 5903 tonducct'c
1245 5859 1492 5906 putamus
1531 5845 1593 5900 ad
1646 5843 1960 5897 ﬁrmandam

2063 3263 2237 3333 dignis
2295 3260 2767 3318 assentatiuuculls
2829 3261 3254 3315 circumvenisse
3314 3261 3628 3314 facilitatem

2063 3355 2338 3426 principis,
2364 3362 2418 3409 et
2452 3355 2520 3408 ita
2557 3355 2607 3408 in
2645 3353 2764 3422 ejus
2798 3353 3083 3421 irrepsisse
3127 3352 3354 3419 grat'am
3397 3363 3453 3405 ut
3484 3353 3626 3406 fores

2061 3449 2177 3518 ejus
2208 3446 2594 3502 benevolentiae
2635 3460 2796 3515 supra
2831 3459 2931 3500 nos
2973 3444 3372 3499 attraheremus
3406 3444 3511 3516 43
3536 3459 3625 3498 ex-

2063 3540 2340 3595 cludendis
2367 3539 2506 3603 aliis,
2535 3539 2666 3592 satis
2698 3535 2938 3591 indicant
2972 3535 3187 3590 inflicta:
3227 3536 3382 3589 nobis
3422 3538 3488 3588 ab
3518 3538 3627 3604 ipso

2063 3629 2246 3683 liberis
2279 3627 2438 3682 dictis
2467 3624 2674 3679 oﬂenso
2703 3623 2884 3677 multae
2917 3636 3017 3677 nec
3063 3622 3206 3677 leves
3245 3623 3432 3692 plagze,
3473 3621 3543 3675 ita
3574 3634 3629 3674 ιιι

2063 3719 2128 3774 ad
2156 3717 2350 3773 mortis
2397 3729 2538 3784 saepe
2571 3713 2824 3767 viciniam
2860 3712 3069 3781 ﬂagella
3115 3728 3214 3767 nos
3239 3711 3352 3781 ejus
3382 3712 3632 3766 admove-

2067 3811 2195 3863 rint.
2227 3806 2436 3862 Cltaros
2475 3811 2662 3858 autem
2693 3803 2846 3858 nobis
2891 3817 2985 3857 vos
3039 3816 3226 3857 onmes
3271 3817 3415 3866 esse,
3466 3811 3523 3856 et
3575 3813 3635 3854 ut

2063 3910 2302 3954 vestram
2355 3897 2615 3966 cujusque
2649 3894 3107 3950 introductionem
3153 3895 3205 3947 itt
3252 3893 3370 3962 ejus
3402 3895 3631 3962 gratiam

2041 3991 2466 4063 .commodorum
2514 3989 2677 4044 etiam
2722 3994 3028 4041 nostrorum
3077 3999 3139 4040 ac
3171 3985 3400 4039 fortuna:
3439 3986 3637 4039 damno

2065 4083 2562 4156 procuraverimus,
2589 4079 2784 4134 multos
2809 4087 2937 4149 puto
2964 4079 3228 4144 dicturos,
3254 4077 3344 4148 qui
3377 4077 3636 4146 prmclare

2065 4175 2267 4232 norint.
2316 4173 2470 4240 Quod
2494 4171 2538 4227 si
2567 4171 2697 4242 quid
2746 4185 2814 4225 ex
2859 4169 3155 4238 cujuspiam
3190 4179 3313 4224 voto
3345 4169 3635 4236 impetrare

2063 4267 2414 4338 supplicando
2439 4263 2796 4334 nequivimus,
2831 4278 2937 4316 non
2967 4261 3018 4316 id
3053 4261 3420 4330 imputandum
3456 4261 3633 4321 nobis,

2065 4364 2252 4431 utique
2277 4357 2512 4414 consciis
2537 4355 2889 4412 sincerissimi
2919 4355 2974 4409 in
3002 4354 3268 4425 ejusmodi
3297 4353 3490 4407 ciliciis
3522 4365 3636 4406 stu-
3703 4382 3716 4398 ο

2065 4453 2160 4518 dii,
2193 4452 2288 4508 sed
2334 4449 2678 4506 tribuendum
2720 4447 3122 4502 diﬂicultatibus
3156 4454 3479 4514 temporum.
3509 4461 3638 4513 sug-

2063 4543 2376 4613 gerentibus
2430 4541 2594 4595 menti
2654 4537 2916 4608 principis
2967 4553 3123 4593 acres
3185 4531 3526 4607 s'uSpiciones
3586 4537 3636 4588 in

2061 4637 2321 4706 quosdam
2369 4633 2593 4690 omnino
2644 4631 2968 4699 incnlpatos,
3013 4630 3057 4685 si
3094 4638 3240 4683 recte
3279 4627 3635 4696 judicaretur.

2061 4729 2194 4795 Quis
2225 4727 2368 4780 enim
2404 4724 2570 4779 moris
2595 4725 2812 4778 humani
2847 4723 3025 4776 sciens
3055 4736 3159 4776 non
3199 4721 3270 4774 ita
3305 4720 3523 4774 evenire
3560 4733 3640 4770 so-

2065 4821 2174 4874 lere
2219 4818 2412 4872 novit?
2453 4815 2806 4886 Temporum,
2838 4814 3083 4882 inquam,
3140 4813 3306 4866 certis
3351 4811 3637 4864 momentis

2061 4910 2281 4967 confusa
2307 4910 2551 4980 quazdam
2579 4907 2814 4976 maligne
2847 4903 3180 4976 perplexitas
3220 4903 3446 4957 summis
3474 4902 3635 4954 etiam

2065 5003 2194 5056 viris
2237 5001 2580 5070 suspiciones
2626 4997 2998 5066 iniquissimas
3055 4995 3313 5064 aspergit,
3349 4994 3635 5062 importat-

2063 5111 2168 5165 qne
2193 5095 2528 5149 calamitates
2564 5091 2630 5146 iis
2670 5090 2762 5159 qni
2811 5088 3029 5144 multari
3074 5103 3140 5142 ex
3181 5085 3373 5139 merito
3407 5100 3512 5137 non
3547 5097 3635 5152 po-

2065 5196 2310 5249 tuerant;
2369 5184 2527 5238 nobis
2586 5190 2766 5236 autem
2817 5177 3186 5234 familiaribus
3233 5174 3495 5246 principis
3547 5188 3637 5225 sn-

2061 5278 2356 5346 spicionem
2417 5274 2788 5337 verisimilem,
2826 5287 2931 5326 non
2983 5269 3098 5324 veri
3163 5279 3339 5321 tamen
3396 5265 3634 5319 criminis

2065 5369 2314 5438 imponit,
2350 5368 2501 5436 quasi
2551 5365 2731 5420 causis
2773 5373 2830 5419 et
2877 5360 3189 5416 auctoribus
3224 5358 3486 5411 malorum
3521 5370 3635 5425 qua:

2066 5475 2388 5536 prtevertere
2431 5460 2794 5530 nequivimus.
2841 5456 3112 5512 Carterum
3166 5450 3476 5521 bnjnsmodi
3523 5464 3636 5500 om-

2066 5559 2215 5612 nium
2256 5556 2421 5624 jndex
2474 5555 2544 5609 sit
2584 5552 2800 5608 divinus
2832 5549 3044 5610 oculus,
3095 5546 3183 5613 qui
3229 5544 3332 5597 scit
3382 5541 3636 5594 malitiatu

2066 5651 2294 5720 punire;
2320 5665 2417 5705 nec
2461 5649 2511 5704 ei
2543 5646 2693 5701 fraus
2722 5643 3036 5714 cujusquam
3067 5641 3206 5693 valet
3230 5639 3512 5705 obrepere.
3542 5631 3638 5684 ιω.

2068 5759 2174 5813 que
2204 5746 2247 5798 si
2281 5757 2400 5811 qua:
2432 5740 2773 5808 contigerunt
2806 5735 2960 5798 talia,
2991 5732 3145 5788 nobis
3185 5730 3372 5783 invitis
3401 5737 3454 5782 et
3487 5725 3637 5794 plane

2073 5836 2303 5892 innoxiis
2339 5833 2704 5896 contigerunt.
2755 5829 2819 5883 Et
2867 5842 2986 5894 quan
3042 5839 3211 5893 pruna:
3265 5816 3636 5876 innocentibus
