3952 6560
334 425 434 486 477

1316 420 1413 483 DE
1453 420 1843 483 MICHAELE
1882 418 2350 482 PALIEOLOGO
2388 421 2538 482 LIB.
2580 422 2634 483 Ι.

3478 416 3585 480 473

336 542 457 595 κίαν
483 538 756 609 εἴποιμεν)
791 540 856 593 ὲκ
906 538 1001 594 τοῦ
1031 539 1238 598 είκότος
1267 537 1536 611 προσῆψε.
1573 536 1719 608 Πλὴν
1763 536 1897 590 ἑκά·
1924 538 1976 599 Α
2004 534 2090 607 [Ρ.
2117 536 2209 608 23]
2242 536 2464 608 Πρῶτον
2511 536 2612 607 μὲν
2639 535 2699 589 τὸ
2747 532 2896 597 νέαις
2931 534 3024 604 τῆς
3060 531 3275 604 ἡλικίας
3306 530 3585 601 φροντίσιν

336 649 455 685 στου
480 631 678 704 κριτὴς
700 632 759 686 τδ
790 633 933 686 θεῖον
958 633 1135 703 ὄμμα,
1166 632 1221 693 ὃς
1252 628 1358 686 οἶδε
1399 630 1601 685 κακίαν
1655 627 1905 693 κολάζειν

337 724 500 795 μηδὲν
527 724 761 793 ἑχόντων
811 723 1295 794 παραλογίζεσθαι.
1325 722 1513 785 Οὕτως
1560 722 1724 792 ἡμεῖς
1756 720 1908 774 ὲλεύ-

333 815 476 881 θεροι
498 814 607 866 τῶν
634 813 913 877 τοιούτων,
944 814 1010 867 ἀν
1039 830 1151 867 τισι
1180 814 1376 884 συνέϐη
1404 815 1497 866 καὶ
1522 812 1591 865 τά
1612 812 1901 881 ἀνήκεστα.

332 905 403 958 Τὸ
435 906 545 974 γαρ
570 906 779 958 ἐκείνου
806 906 1017 975 θέλημα
1037 904 1237 975 περιῆν
1262 904 1460 966 παντὸς
1479 902 1725 971 ἐμποδὼν
1750 903 1906 954 ἱστα-

336 997 520 1066 μένου.
554 990 599 1063 ᾧ
634 997 698 1066 δὴ
747 996 1146 1065 προσίστασθαι
1192 995 1267 1067 μὴ
1304 996 1400 1048 καὶ
1452 994 1701 1056 κίνδυνος
1748 989 1816 1063 ἦν
1846 993 1906 1058 ἐξ

332 1088 595 1158 ἀνάγκης,
629 1089 722 1140 κα)⁸
764 1090 795 1157 ἡ
824 1086 1047 1155 ἀκαιρία
1079 1089 1289 1157 προσῆν
1309 1103 1324 1119 ·
1377 1084 1651 1155 κρείσσων
1681 1084 1787 1153 γὰρ
1817 1084 1907 1154 βα-

334 1180 533 1242 σιλεὺς,
564 1177 643 1232 ὅτ’
670 1178 943 1246 ὀργίζοιτο
986 1178 1211 1247 χείρονι.
1257 1178 1367 1231 Καὶ
1393 1177 1565 1230 ταῦτα
1614 1177 1713 1244 μὲν
1761 1175 1902 1228 ὥστε

332 1267 500 1331 δεῖξαι
535 1268 670 1337 μήτε
690 1266 759 1320 τὰ
793 1264 1076 1335 ἀξιώματα
1120 1266 1524 1329 σπουδάσαντας
1558 1268 1727 1334 σχεῖν,
1762 1265 1902 1333 μήτε

332 1359 430 1426 τῆς
458 1359 551 1410 ὲπί
586 1374 734 1420 τινος
779 1357 886 1408 τῶν
917 1356 1255 1424 μεγιστάνων
1277 1358 1369 1409 τοῦ
1420 1356 1684 1423 βασιλέως
1712 1356 1904 1426 ”ὀργῆς

332 1447 554 1510 δικαίως
583 1446 728 1515 ἔχειν
780 1448 926 1516 ἡμᾶς
979 1445 1255 1499 αἰτιᾶσθαί
1306 1462 1480 1507 τινας.
1512 1445 1656 1498 Ἀλλ’
1702 1442 1772 1517 ἦν
1804 1445 1904 1513 μὲν

334 1541 462 1599 ῖσως
493 1539 587 1591 καὶ
632 1538 881 1605 πταῖσμά
908 1555 1035 1602 τινι,
1072 1534 1139 1608 ἦν
1170 1538 1215 1589 δ’
1244 1538 1422 1601 ἀλλοις
1446 1539 1536 1590 καὶ
1564 1540 1664 1590 οὐκ
1688 1540 1744 1589 ὲν
1770 1539 1905 1604 ἀγα-

333 1629 441 1691 θοῖς
478 1628 680 1698 ὑποψία
703 1669 718 1693 ,
761 1626 832 1699 ἦν
887 1630 941 1681 δὲ
986 1631 1079 1682 καὶ
1115 1627 1379 1691 βασιλέως
1410 1629 1502 1680 ἐπί
1533 1645 1645 1681 τισι
1691 1626 1903 1698 θέλημα

334 1719 491 1788 θυμῷ
540 1720 1031 1791 συγκροτούμενον.
1062 1721 1171 1773 Καὶ
1197 1721 1355 1780 ἄλλος
1384 1721 1588 1787 ἀγαθὸς
1619 1721 1693 1775 ὢν
1724 1721 1905 1775 ἀδόκι-

336 1828 433 1879 μος
463 1812 609 1876 ἔδοξε
654 1812 748 1865 καὶ
776 1810 1125 1879 παρώραται,
1147 1811 1328 1880 ἥκιστ’
1354 1810 1507 1876 ἄξιος
1548 1810 1640 1863 ὢν.
1670 1807 1779 1864 Ἦν
1810 1811 1905 1864 οὖν

2008 626 2291 681 ἀττάλλειν
2307 627 2399 681 καὶ
2426 628 2591 698 μηδὲν
2605 626 2931 699 ὑπορύττειν
2946 626 3035 680 τδν
3068 621 3423 695 βασιλεύοντα
3447 621 3583 690 πρὸς

2006 718 2073 773 τά
2120 720 2268 789 παρά
2307 718 2415 772 τῶν
2487 718 2806 790 ἀρχομένων
2860 717 3211 787 πραττόμενα
3264 713 3584 781 ὲφέλκοντός

2006 811 2155 865 ἐστιν
2184 811 2269 882 ἐφ’
2302 810 2496 865 ἑαυτὸν
2518 809 2747 876 εὔνοιαν,
2783 810 2949 881 μηδὲν
2980 806 3355 862 ὑπονοούντων
3402 804 3587 857 πείσε-

2009 904 2154 968 σθαι,
2181 903 2275 957 καὶ
2302 902 2396 957 τοῦ
2447 904 2612 972 φόϐου
2644 903 2875 966 ἀπόντος
2928 903 3001 973 μὴ
3043 902 3308 955 δειλιῶντι
3335 900 3428 953 καὶ
3457 917 3521 952 πε
3532 899 3585 967 pi

2007 995 2186 1065 ἑαυτῷ
2235 995 2453 1066 ἕτοιμος
2510 998 2717 1048 ὲσεῖται
2759 995 2825 1048 τά
2884 993 2979 1061 τῆς
3036 994 3254 1061 ἀγάπης
3316 992 3587 1045 ἐνδείκνυ-

2008 1086 2149 1150 σθαι,
2177 1087 2250 1138 Τὸ
2276 1086 2387 1156 γάρ
2418 1086 2727 1147 σπουδαῖον,
2762 1084 2847 1153 ἐφ’
2957 1101 3040 1146 τις
3074 1082 3398 1151 ύπηρετοίη,
3429 1080 3460 1150 ἢ
3495 1079 3589 1146 φό-

2008 1176 2102 1229 ϐου
2126 1177 2157 1248 ἢ
2185 1176 2290 1246 μὴν
2319 1177 2540 1247 ἀγάπης
2578 1176 2974 1241 συνιστὼντων,
3019 1174 3112 1226 καὶ
3154 1175 3286 1243 ἡμῖν
3338 1172 3587 1236 ἀνάγκης

2008 1268 2224 1331 πάντως
2276 1266 2443 1337 οὔσης
2500 1268 2820 1337 ὑπηρετεῖν,
2884 1266 3115 1327 ἀπόντος
3163 1261 3256 1315 τοῦ
3288 1261 3455 1329 φόῦου
3515 1262 3583 1328 τῇ

2007 1361 2193 1431 ἀγάπῃ
2223 1361 2279 1413 τὸ
2311 1361 2420 1413 πᾶν
2454 1361 2837 1430 περιστήσεται
2868 1373 2881 1387 ·
2914 1355 3196 1426 παρούσης
3246 1355 3302 1406 δὲ
3334 1352 3585 1417 καθαρᾶς

2007 1453 2104 1521 τῆς
2137 1452 2355 1521 ἀγάπης
2382 1453 2475 1504 καὶ
2506 1449 2776 1503 ἀθολώτου
2811 1449 2909 1502 οὐκ
2957 1447 3100 1500 ἔστιν
3149 1446 3296 1507 ὅστις
3340 1442 3586 1511 καθυφή-

2010 1560 2090 1595 σει
2113 1541 2206 1594 τοῦ
2233 1542 2367 1613 πρὸς
2397 1542 2491 1613 τὴν
2519 1542 2824 1611 ὑπηρεσίαν
2874 1538 3252 1599 ἐπιϐάλλοντος
3301 1534 3439 1589 ὥστε
3491 1533 3589 1586 καὶ

2008 1633 2247 1701 ἀμελεῖν.
2302 1633 2415 1686 Καὶ
2458 1632 2672 1703 πρῶτον
2732 1632 2828 1701 μὲν
2875 1629 3030 1684 τοῦτο
3059 1670 3073 1693 ,
3121 1627 3371 1697 δεύτερον
3405 1626 3461 1678 δὲ
3496 1623 3594 1677 καὶ

2008 1726 2089 1779 ὅτι
2141 1726 2246 1779 ὑπὸ
2321 1725 2423 1794 νέῳ
2485 1724 2866 1794 καθισταμένῳ
2936 1723 3171 1792 δεσπότῃ
3236 1718 3591 1790 βασιλευόμε-

2011 1834 2110 1879 νοι,
2175 1819 2254 1871 ὅτι
2312 1818 2407 1870 καὶ
2460 1816 2535 1888 μὴ
2567 1816 2870 1883 ἀναγκαίαν
2915 1814 3078 1867 οὖσαν
3122 1813 3219 1882 τὴν
3272 1810 3591 1880 εὐεργεσίαν

334 1901 561 1955 ἐκείνων
612 1904 801 1972 καιρὸς
823 1940 837 1964 ,
876 1902 1023 1954 οὕτω
1056 1901 1217 1966 δόξαν
1263 1901 1341 1971 τῷ
1403 1903 1695 1970 κρείττονι.
1748 1903 1907 1957 Ἀλλὰ
1937 1883 1979 1937 Β
2014 1908 2114 1978 τὴν
2145 1883 2472 1961 ἀπ’ὲκείνου
2502 1883 2637 1978 πρὸς
2665 1907 2721 1958 τὸ
2738 1906 3018 1975 ὑπήκοονὸ
3054 1905 3244 1972 καιρὸς
3284 1902 3591 1970 ἀναγκαίαν

332 1994 446 2053 νῦν,
475 1990 654 2061 οἶμαι,
685 1995 798 2045 ἐστι
830 1993 925 2046 καὶ
956 1995 1055 2061 τῆς
1095 1992 1351 2055 ἀνέσεως.
1396 1993 1529 2046 Ἰδοὺ
1564 1992 1673 2061 γὰρ
1714 1993 1742 2044 ὁ
1778 2010 1911 2063 κρα-

332 2088 443 2140 τῶν
476 2088 738 2151 ἐκποδὼν,
771 2087 866 2140 καὶ
886 2087 913 2138 ό
943 2087 1001 2151 ἐξ
1030 2085 1241 2139 ἐκείνου
1296 2086 1446 2151 ἄξιος
1482 2086 1671 2156 ἄρχειν
1718 2085 1916 2155 μεῖράξ

333 2182 502 2245 ιστιν,
531 2180 606 2243 ὡς
638 2182 823 2249 ὁρᾶτε.
876 2181 972 2233 καὶ
1001 2179 1090 2232 διὰ
1121 2178 1279 2232 τοῦτο
1310 2178 1515 2246 πολλῆς
1550 2179 1651 2247 μὲν
1698 2181 1916 2242 πιστοῖς

333 2264 453 2322 οὖσι
484 2273 581 2340 τῆς
600 2269 689 2323 ἐπ’
723 2269 872 2339 αὐτῷ
895 2270 975 2321 δεῖ
1007 2269 1306 2337 φροντίδος.
1342 2270 1548 2338 συχνῆς
1578 2269 1635 2321 δὲ
1667 2271 1767 2337 τῆς
1792 2270 1914 2321 ἔπι-

339 2360 581 2424 μελείας,
621 2359 695 2421 ὡς
719 2360 785 2412 ἂν
814 2362 908 2412 καλ⁵
944 2359 1083 2429 πρὸς
1121 2359 1248 2422 τοὺς
1282 2359 1432 2422 ἐντὸς
1486 2359 1581 2412 καὶ
1613 2359 1751 2429 πρὸς
1791 2362 1919 2423 τοὺς

338 2451 496 2512 ἐκτὸς
526 2452 828 2520 ἀγρυπνεῖν
874 2449 1170 2517 ὀφείλουσι,
1228 2450 1300 2518 μή
1354 2467 1473 2510 πως
1522 2449 1686 2502 λαθόν
1723 2452 1920 2504 τιτῶν

338 2543 655 2611 ἀνηκέστων
707 2540 958 2608 γένηται.
994 2540 1183 2602 Ὀπως
1235 2539 1290 2592 δὲ
1321 2541 1414 2591 καὶ
1464 2539 1643 2601 καλῶς
1674 2539 1788 2610 ἔχει
1823 2542 1920 2595 καὶ

337 2633 550 2687 δίκαιον
580 2632 908 2701 πιστοτέραν
938 2630 1034 2701 τὴν
1062 2629 1366 2700 ὑπηρεσίαν
1393 2629 1486 2684 νῦν
1510 2630 1542 2700 ἢ
1567 2632 1627 2683 τὸ
1655 2633 1921 2701 πρότερον

340 2726 629 2795 συντηρεῖν
653 2723 728 2795 τῷ
758 2723 1088 2789 δεσπόζοντι,
1104 2721 1255 2776 οὐδὲν
1282 2723 1739 2791 ὑποστειλάμενος
1757 2722 1916 2789 λέξω.

341 2907 541 2963 deinde
590 2906 964 2974 irreparabiles
1013 2905 1094 2961 sic
1138 2905 1356 2960 inﬂictae
1411 2912 1574 2970 sunt,
1627 2905 1745 2959 sine
1788 2919 1921 2960 con-

345 3011 534 3062 sensu,
561 2998 679 3053 sine
705 2996 858 3065 culpa
890 3005 1015 3051 sunt
1046 3004 1230 3049 nostra
1263 2994 1499 3061 inﬂictae,
1542 2995 1654 3049 sola
1685 3006 1740 3050 et
1770 2997 1924 3052 nobis

344 3090 675 3144 ineluctabili
727 3089 1004 3159 regnantis
1038 3088 1331 3143 voluntate.
1370 3090 1519 3143 Dicet
1552 3089 1790 3158 aliquis:
1819 3089 1923 3144 Po-

350 3182 453 3235 tuit
481 3180 683 3233 talibus
713 3193 950 3249 praesens
980 3179 1220 3248 obiicere
1257 3193 1316 3232 se
1346 3180 1581 3232 medium
1618 3190 1671 3234 et
1711 3179 1923 3246 injuria
1950 3216 1993 3272 α

345 3274 580 3327 obSIare.
602 3271 805 3337 Potuit,
830 3275 921 3327 sed
949 3272 1278 3342 patientibus
1298 3271 1582 3335 inutiliter,
1608 3272 1709 3326 sibi
1736 3272 1927 3342 noxie;

347 3380 504 3419 suam
533 3365 674 3417 enim
711 3365 791 3417 sic
819 3363 1092 3417 fortunam
1126 3365 1399 3433 perderet,
1440 3362 1633 3416 aliena:
1667 3377 1772 3416 non
1805 3377 1927 3433 pro-

347 3456 550 3509 desset.
603 3453 699 3509 Vis
730 3465 917 3509 contra
949 3456 1125 3523 major
1151 3463 1202 3508 et
1247 3455 1447 3509 invicta
1479 3454 1779 3509 necessitas
1810 3468 1932 3508 rue-

350 3547 461 3611 bat,
495 3546 764 3600 obstantia
820 3561 1047 3615 qumque
1081 3553 1426 3615 perruptura.
1474 3546 1739 3601 Prazvalet
1779 3547 1924 3601 enim

352 3649 468 3698 rex,
512 3650 634 3688 cum
684 3634 952 3688 imbecillo
1000 3635 1279 3690 irascitur.
1329 3634 1453 3690 Haec
1503 3637 1645 3689 dicta
1673 3633 1821 3702 lsint,
1873 3644 1933 3687 It

350 3725 752 3780 demonstretur
798 3741 973 3794 neque
1019 3727 1162 3796 quod
1216 3725 1541 3795 dignitates,
1591 3740 1696 3780 non
1750 3726 1931 3780 studia

349 3815 625 3884 quaesitas,
683 3818 1077 3887 acceperimus,
1116 3832 1289 3887 neque
1322 3818 1367 3872 si
1407 3833 1529 3887 qua:
1576 3818 1747 3873 iratus
1780 3819 1932 3887 prin-

349 3917 479 3972 eeps
503 3917 644 3957 saeve
677 3904 725 3955 in
758 3905 1017 3972 quosdam
1053 3906 1371 3973 optimatum
1404 3906 1705 3974 infesteque
1737 3906 1929 3960 decre-

349 3996 511 4060 verit,
550 3997 763 4050 crimini
798 3997 953 4052 nobis
990 3998 1133 4067 jnste
1179 4014 1209 4052 a
1251 4013 1521 4068 quoquam
1573 4000 1706 4052 verti
1750 4014 1925 4067 posse.

353 4085 460 4139 Sed
486 4088 566 4141 vel
608 4088 692 4141 his
723 4103 941 4143 causam
972 4089 1266 4158 praebuerit
1293 4091 1413 4159 quis
1438 4088 1548 4160 44
1593 4090 1742 4159 lapsu
1791 4103 1929 4157 quo-

351 4178 474 4232 dam
514 4194 611 4233 suo
639 4198 655 4247 ;
686 4181 822 4235 alios
854 4191 1111 4251 tamquam
1161 4197 1267 4236 non
1301 4183 1475 4236 bonos
1511 4184 1644 4235 l'alsa
1691 4182 1928 4249 suspicio

352 4269 693 4336 traduxerit;
724 4273 1021 4326 excesserit
1060 4273 1293 4342 denique
1334 4273 1387 4327 in
1432 4275 1643 4343 aliquos
1691 4274 1767 4326 ira
1797 4288 1929 4328 con-

353 4360 575 4417 sultrice
622 4378 728 4416 non
767 4365 905 4417 lideli
959 4380 1053 4419 usa
1104 4365 1356 4419 voluntas
1407 4366 1685 4435 principis.
1721 4362 1930 4434 Perque

354 4454 562 4509 similes
612 4455 696 4508 his
743 4471 935 4511 causas
969 4458 1212 4510 evenerit
1247 4468 1302 4510 ut
1342 4457 1432 4525 qui
1468 4455 1640 4510 bonus
1669 4465 1785 4510 erat
1832 4468 1928 4523 pro

2017 1999 2181 2059 ποιεῖ,
2213 1996 2310 2066 οὐχ
2347 1997 2494 2057 ὅπως
2531 1996 2863 2065 ἐκφύγοιμεν
2903 1996 3084 2055 κακῶς
3128 1993 3319 2046 παθεῖν
3371 1989 3591 2059 μέλλον⁹

2015 2105 2105 2149 τες
2129 2087 2486 2157 ζητήσαιμεν,
2516 2088 2629 2140 ἀλλ’
2674 2089 2818 2148 ὅπως
2865 2085 2924 2138 εὖ
2965 2085 3154 2138 παθεῖν
3199 2085 3330 2152 ἡμῖν
3386 2081 3595 2148 γένοιτο

2018 2179 2334 2248 ὲλπίζοιμεν
2386 2178 2810 2248 προσδοκῶντες.
2878 2178 3140 2245 Ἐτοίμως
3181 2175 3356 2228 δὲκαὶ
3406 2167 3591 2239 ὧνπερ

2016 2269 2244 2331 ἕκαστος
2277 2269 2441 2337 θέλει,
2478 2271 2525 2322 εί
2555 2271 2717 2339 μόνον
2755 2267 2904 2333 ἄξιος
2933 2267 3191 2338 κρίνοιτο,
3229 2265 3410 2332 τυχεῖν
3456 2261 3592 2323 ἐστι,

2018 2362 2114 2414 καὶ
2135 2362 2198 2414 τὸ
2225 2361 2445 2430 δαψιλὲς
2471 2361 2568 2430 τῆς
2605 2362 2921 2430 εὐεργεσίας
2956 2357 3270 2427 προσέσται.
3326 2354 3460 2414 Νέος
3487 2349 3597 2419 γὰρ

2019 2455 2094 2508 ὣν
2121 2456 2149 2506 ὁ
2179 2454 2394 2522 κρατῶν
2419 2455 2511 2506 καὶ
2532 2452 2637 2505 ὑπὸ
2665 2452 2925 2521 κηδεμόσι
2945 2450 3115 2502 τελῶν
3136 2450 3200 2517 τῇ
3228 2446 3325 2517 μὲν
3357 2443 3597 2513 σφετέρᾳ

2023 2544 2296 2616 βουλήσει,
2323 2544 2445 2596 ὅθεν
2472 2541 2730 2601 πολλάκις
2769 2539 2945 2592 καὶτὸ
2974 2537 3303 2605 σφάλλεσθαι
3353 2534 3485 2602 πρὸς
3532 2530 3595 2582 τὸ

2023 2636 2229 2705 πρέπον
2287 2635 2452 2698 ἐστὶν,
2507 2631 2829 2703 ἀρχοντικοῦ
2901 2630 3071 2695 τύφου
3128 2628 3251 2688 τοὺς
3303 2624 3599 2693 λογισμοὺς

2024 2726 2463 2795 ύπερὸαίνοντος,
2492 2726 2592 2795 οὐχ
2627 2724 2737 2789 ἔξει
2769 2722 2951 2793 χώραν
2979 2721 3199 2774 διδόναι.
3233 2719 3357 2780 Τοῖς
3410 2716 3465 2769 δὲ
3492 2731 3598 2783 κη-

2024 2916 2229 2958 navare
2257 2901 2530 2956 communi
2571 2899 2812 2965 domino,
2851 2898 2983 2952 nihil
3028 2897 3374 2953 dissimulans
3403 2894 3599 2948 dicam.

2027 2996 2270 3052 Primum
2308 2994 2394 3049 illa
2428 2993 2750 3063 simplicitas
2780 2992 3007 3056 domini,
3033 2990 3224 3060 puerili
3266 2988 3602 3049 sinceritate,

2026 3086 2143 3141 sine
2179 3095 2297 3140 arte
2340 3101 2403 3138 ac
2433 3085 2557 3139 fuco
2591 3083 2799 3152 quidvis
2834 3083 3057 3150 agentis,
3095 3080 3226 3134 nihil
3261 3079 3600 3140 occultando,

2026 3177 2162 3231 nihil
2206 3177 2511 3232 clanculum
2558 3185 2652 3230 aut
2692 3190 2888 3229 arcane
2922 3173 3296 3237 machinando,
3330 3171 3461 3225 nihil
3512 3186 3607 3223 su-

2034 3271 2263 3340 Spiciose
2316 3269 2602 3340 cogitando
2662 3269 2731 3322 de
2796 3269 2863 3321 iis
2926 3282 3046 3336 quae
3114 3265 3309 3319 subditi
3378 3262 3602 3325 faciunt,

2034 3364 2164 3433 quid
2201 3361 2345 3416 aliud
2378 3377 2538 3431 quam
2579 3361 2747 3416 trahit
2784 3370 2838 3414 et
2869 3359 3198 3414 incluctabili
3226 3356 3453 3426 quadam
3497 3352 3608 3419 pel-

2032 3456 2172 3511 lacia
2211 3456 2351 3524 rapit
2386 3455 2450 3508 ad
2486 3469 2611 3508 sese
2637 3454 2879 3509 omnium
2916 3451 3363 3514 benevolentiam,
3405 3447 3604 3507 studia,

2034 3546 2355 3599 tenerrinios
2393 3544 2639 3610 allectus,
2672 3546 2856 3616 utique
2885 3560 3009 3615 erga
3042 3543 3185 3598 omni
3216 3542 3326 3611 jam
3362 3557 3424 3594 ex
3460 3547 3608 3610 parte

2032 3638 2316 3694 amabilem
2364 3638 2683 3708 principem,
2730 3651 2759 3691 a
2790 3652 2895 3706 quo
2939 3651 3095 3689 nemo
3125 3634 3415 3704 quidquam
3462 3631 3604 3697 quod
3662 3636 3665 3637 '

2031 3729 2165 3783 nolit
2192 3745 2474 3797 passurum
2499 3744 2619 3783 sese
2638 3728 2721 3784 vel
2744 3730 3023 3796 cogitando
3048 3728 3215 3799 possit
3235 3722 3473 3792 lingere?
3499 3720 3604 3775 Ex-

2031 3822 2180 3877 clnso
2202 3831 2377 3877 autem
2404 3832 2545 3875 metu
2568 3823 2712 3876 omni
2740 3829 2905 3875 restat
2932 3836 3062 3888 pura
3083 3818 3320 3873 charitas
3343 3826 3396 3871 et
3416 3816 3606 3877 libera,

2036 3915 2194 3985 cujus
2224 3916 2390 3969 solius
2424 3928 2685 3980 generoso
2714 3928 2776 3966 ac
2812 3913 3064 3966 laudabili
3096 3911 3324 3981 impulsu
3366 3922 3595 3978 pronum

2031 4015 2112 4061 cst
2153 4005 2259 4076 45
2294 4014 2353 4059 ιιι
2396 4006 2632 4059 studium
2672 4003 2899 4073 quisque
2925 4004 3174 4057 ostendat
3205 4003 3253 4055 in
3283 4001 3607 4069 principem,

2029 4100 2172 4153 unde
2214 4098 2355 4167 quod
2391 4096 2494 4151 sibi
2535 4104 2737 4150 metuat
2771 4096 2926 4164 plane
2974 4094 3105 4147 nihil
3135 4102 3239 4148 est.
3275 4092 3419 4146 Sane
3448 4092 3611 4145 obsc-

2029 4190 2154 4261 quia
2203 4190 2402 4244 civium
2456 4190 2507 4241 in
2546 4203 2700 4258 reges
2740 4188 2928 4241 harum
2968 4185 3080 4241 fere
3117 4184 3284 4239 altera
3311 4199 3599 4239 causarum

2038 4290 2233 4345 movet,
2281 4281 2445 4334 timor
2471 4289 2560 4333 aut
2595 4279 2849 4333 cbaritas.
2873 4277 3048 4344 Quare
3077 4292 3199 4332 cum
3232 4290 3379 4330 nunc
3401 4277 3601 4329 consti-

2034 4372 2161 4425 terit
2212 4371 2393 4425 timori
2428 4369 2634 4425 nnllum
2685 4368 2859 4423 locum
2893 4383 3038 4432 esse,
3074 4367 3321 4436 sequitur
3355 4365 3404 4418 id
3439 4373 3609 4419 totum

2033 4462 2405 4532 imputandum
2436 4461 2713 4516 charitati.
2749 4460 2843 4517 Ubi
2876 4468 3053 4514 autem
3082 4461 3237 4513 adest
3272 4473 3393 4512 vera
3422 4467 3475 4511 et
3499 4458 3612 4510 sin-

355 4557 606 4614 30599010
634 4548 969 4613 reﬁceretur.
998 4549 1369 4616 praeteriretur
1396 4563 1499 4601 non
1527 4550 1705 4601 minus
1734 4548 1925 4618 dignus
1953 4562 2006 4621 Ῑ)
2033 4569 2157 4609 cera
2180 4554 2439 4617 Charitas,
2460 4553 2573 4608 ﬁeri
2592 4568 2702 4607 non
2728 4562 2904 4621 potest
2927 4562 2985 4607 ut
3006 4553 3298 4621 quidquam
3323 4551 3609 4619 quisquam

358 4649 665 4707 assumpto.
701 4642 790 4694 Sic
821 4651 931 4693 tum
966 4652 1122 4693 erant
1157 4650 1416 4711 tempora.
1465 4640 1556 4695 Sic
1601 4650 1729 4694 tunc
1758 4643 1933 4694 visum

358 4747 627 4785 summam
671 4731 887 4785 habenti
919 4740 1259 4801 potestatem.
1292 4733 1360 4784 At
1394 4732 1669 4801 praeterito
1703 4730 1772 4782 illi
1817 4729 1930 4799 jam

360 4821 587 4888 tempori
620 4820 761 4874 aliud
787 4822 1052 4875 successit
1085 4822 1241 4889 plane
1275 4822 1572 4884 diversum,
1605 4831 1811 4890 tempus
1843 4836 1932 4873 re-

361 4910 636 4965 missionis
685 4921 739 4962 et
778 4908 1105 4963 securitatis.
1166 4910 1306 4963 Ecce
1358 4910 1450 4977 qui
1504 4920 1631 4963 tunc
1680 4910 1934 4979 regnabat

360 5001 603 5055 sublatus
630 5016 658 5054 e
694 5002 866 5055 medio
898 5011 1025 5059 est:
1073 5000 1121 5055 ei
1179 5002 1439 5055 successit
1488 5016 1551 5054 ex
1603 5001 1691 5054 illo
1723 5002 1937 5070 genitus

363 5093 559 5161 dignus
596 5093 844 5160 imperio.
881 5093 1023 5145 Puer
1070 5100 1172 5155 esl,
1224 5101 1277 5144 ul
1316 5092 1528 5146 videtis.
1579 5090 1806 5160 Propter
1839 5093 1941 5146 hoc

358 5182 595 5236 {idorum
629 5185 857 5251 plurium
889 5192 1010 5252 eget
1042 5198 1193 5247 cura,
1228 5182 1491 5252 frequenti
1519 5184 1757 5237 etiamet
1788 5182 1938 5238 solli-

365 5277 471 5328 cita
520 5276 820 5345 diligentia.
847 5276 1171 5329 Custodibus
1202 5287 1306 5327 tam
1339 5276 1491 5329 chari
1538 5277 1730 5344 capitis
1767 5277 1941 5330 inten-

365 5368 543 5422 denda
575 5368 751 5435 vigilia
778 5376 879 5433 est,
917 5379 1022 5421 tam
1059 5366 1111 5420 in
1140 5382 1232 5422 eos
1259 5369 1346 5435 qui
1391 5368 1536 5423 intus
1569 5383 1728 5436 quam
1762 5355 1821 5420 in.
1849 5382 1942 5422 eos

365 5458 454 5526 qui
505 5458 641 5512 foris
692 5469 838 5523 sunt,
894 5474 960 5513 ne
1004 5460 1145 5528 quod
1196 5459 1244 5512 ei
1296 5459 1543 5512 alicunde
1598 5459 1796 5511 malum
1841 5459 1942 5511 im-

369 5548 690 5605 medicabile
744 5550 880 5604 clam
938 5551 1182 5618 obrepat.
1235 5548 1440 5603 Causas
1490 5565 1672 5620 porro.
1716 5564 1812 5602 cur
1862 5550 1943 5601 fas

368 5651 421 5694 et
449 5657 657 5711 aequum
703 5643 812 5712 juri
849 5653 903 5697 et
939 5644 1111 5697 cilicio
1148 5655 1571 5698 consentaneum
1623 5643 1694 5696 sit
1739 5642 1946 5695 ﬁdelius

372 5734 731 5788 ministerium
781 5737 1211 5802 obsequiumque
1261 5734 1597 5787 constantius
1649 5731 1850 5802 pariter
1891 5743 1944 5785 et

372 5823 604 5882 alacrius
646 5841 789 5880 nunc
818 5840 974 5896 qnam
1012 5834 1162 5880 antea
1194 5840 1425 5896 unquam
1458 5824 1712 5880 exhibere
1756 5840 1850 5881 uos
1884 5840 1944 5879 ac

2036 4654 2269 4710 recuset,
2317 4646 2613 4714 quidquam
2670 4644 2907 4714 negligat
2947 4660 3134 4698 eorum
3178 4660 3297 4712 qum
3349 4645 3412 4695 ad
3468 4641 3612 4695 illius

2035 4753 2194 4808 quem
2232 4752 2361 4792 vere
2404 4737 2576 4806 diligit
2610 4737 2926 4805 obsequium
2961 4738 3249 4805 pertinent.
3283 4736 3462 4789 Altera
3492 4750 3612 4803 qua:

2038 4829 2179 4897 quod
2228 4828 2481 4897 proposui
2521 4829 2710 4882 suadet
2745 4828 2903 4891 ratio,
2939 4828 3052 4881 htec
3076 4836 3181 4880 est.
3214 4826 3424 4880 Recens
3452 4825 3609 4879 insti-

2039 4926 2155 4971 tnto
2187 4917 2414 4985 principi
2450 4917 2800 4970 beneﬁcentia
2845 4916 2896 4969 in
2927 4918 3200 4981 subditos,
3225 4917 3331 4969 alio
3373 4926 3613 4983 tempore

2039 5008 2225 5072 libera,
2266 5008 2357 5061 tali
2388 5022 2566 5060 rerum
2600 5007 2829 5061 articulo
2858 5008 3164 5063 necessaria
3198 5009 3275 5059 tit.
3306 5005 3420 5059 Non
3456 5005 3615 5058 modo

2041 5101 2207 5170 igitur
2237 5108 2379 5152 metu
2416 5113 2691 5162 vacamus,
2718 5103 2811 5154 sed
2834 5100 2886 5153 in
2916 5116 3040 5167 spes
3065 5100 3297 5168 Optiutas
3323 5113 3613 5164 vocamur;

2042 5204 2142 5243 nec
2190 5198 2297 5241 tota
2348 5196 2533 5241 nostra
2574 5187 2628 5239 in
2684 5192 2975 5240 securitate
3025 5202 3054 5240 a
3099 5187 3236 5238 man
3258 5185 3488 5237 felicitas
3514 5186 3615 5235 sita

2042 5288 2150 5342 est,
2190 5277 2388 5344 quibus
2435 5284 2693 5345 praeterea
2739 5283 3045 5329 ostentetur
3073 5271 3434 5339 exspectanda
3465 5270 3615 5336 cupia

2045 5368 2332 5421 bonorum.
2373 5366 2429 5419 ln
2480 5377 2725 5435 promptu
2774 5375 2857 5420 est
2900 5366 3042 5435 quod
3077 5365 3255 5433 quivis
3275 5373 3441 5432 Optat.
3480 5362 3620 5415 Velit

2056 5460 2240 5523 modo,
2269 5461 2487 5513 accedat
2523 5475 2537 5509 :
2571 5458 2821 5526 accipiet,
2851 5459 2894 5510 si
2927 5442 3620 5526 dignusjndicetur{votis

2049 5552 2297 5620 quamvis
2364 5551 2537 5603 avidis
2583 5561 2830 5603 ocrurret
2884 5550 3106 5619 largitas
3154 5550 3375 5603 minime
3432 5550 3617 5611 avari,

2060 5645 2257 5710 quippe
2304 5642 2539 5708 juvenis,
2580 5640 2861 5709 principis,
2889 5639 3235 5709 ejusdemque
3269 5658 3371 5693 non
3406 5644 3623 5711 proprio

2049 5733 2274 5788 arbitrio
2325 5746 2409 5786 res
2439 5733 2822 5800 dispensantis.
2855 5733 3005 5800 Quod
3035 5733 3079 5787 si
3109 5743 3273 5797 esscl,
3299 5733 3473 5786 timeri
3507 5748 3620 5782 Ina-
3650 5764 3651 5767 η

2049 5824 2130 5894 gis
2176 5833 2355 5893 posset
2386 5840 2451 5879 uc
2512 5824 2587 5880 illi
2638 5839 2733 5881 sua
2787 5840 2881 5895 per
2934 5840 2993 5880 se
3050 5825 3301 5879 tractanti
3336 5824 3620 5893 obreperet
