3952 6540
399 381 505 448 4Τ9

1592 384 1919 448 GEORGII
1961 383 2442 452 PACHYMERIE

3541 403 3652 467 450

399 493 618 563 ὂεμόσιν
649 494 764 550 ιστι
793 494 884 550 καί
906 493 1224 564 προσελθετν
1249 495 1314 550 ἐκ
1335 494 1429 549 τοῦ
1469 495 1826 566 παραχρῆμα.
1877 492 1972 546 καὶ
1998 490 2046 550 Α
2076 501 2387 571 παρρησίας
2420 503 2514 559 καὶ
2540 503 2637 575 τῆς
2673 509 3054 579 προσηκούσης
3111 510 3426 583 ἐλευθερίας
3469 515 3653 567 εἰπεῖν

401 585 554 652 νύξαι
584 585 807 654 λέγοντα
841 586 1252 656 συνεχέστερον.
1302 585 1423 640 Τῶν
1458 585 1552 640 νῦν
1602 584 1842 649 ἐλπίζειν
1887 586 1972 647 ὲν-

398 675 588 730 τεῦθεν
616 676 814 748 ῥᾳδίως
859 681 1047 748 τυχεῖν
1092 671 1168 733 ὧν
1218 677 1410 748 ἐραταί
1446 695 1550 741 τις,
1593 677 1706 740 πῶς
1734 677 1796 730 οὐ
1831 676 1972 744 μετὰ

399 767 682 838 ῥᾳστώνης
718 768 936 840 ἀπάσης
961 769 1276 823 δουλευτέον
1293 769 1370 838 τῷ
1407 768 1652 839 βασιλεῖς
1693 769 1862 840 χωρὶς
1911 766 1972 820 δὲ

397 858 626 921 τούτων,
649 859 744 912 καὶ
779 861 970 914 σιωπῶ
997 861 1066 914 τὰ
1095 859 1346 922 πλεῖστα,
1378 861 1498 914 τότε
1559 860 1657 931 μὲν
1713 859 1821 930 γὰρ
1876 857 1972 914 καὶ

391 948 514 1023 *δέος
547 945 614 1020 ἦν
633 949 707 1020 μὴ
738 947 1088 1020 κατορθώσας
1119 953 1512 1023 παρακρουσθῇ
1537 970 1640 1017 τις,
1672 952 1847 1006 ἄλλων
1872 954 1970 1023 τὴν

399 1039 683 1110 βασιλικὴν
715 1042 1161 1111 ὑποποιουμένων
1182 1041 1359 1113 ὁρμὴν
1395 1041 1616 1110 τρόποις
1662 1036 1746 1104 οἷς
1785 1042 1969 1111 εκείνη

395 1134 608 1203 πέφυκε
658 1134 1007 1200 κλέπτεσθαι,
1042 1137 1136 1190 καὶ
1171 1137 1258 1190 διὰ
1297 1135 1454 1190 τοῦτο
1472 1135 1586 1189 οὔτ’
1630 1131 1698 1207 ἦν
1739 1136 1971 1190 σπουδά-

395 1226 507 1291 ζειν
563 1226 657 1280 ὲπὶ
713 1228 775 1281 τὸ
830 1228 1016 1298 μεῖζον
1065 1229 1098 1301 ἦ
1147 1230 1288 1284 κατά
1318 1229 1445 1292 τοὺς
1477 1229 1668 1291 ἄλλους
1705 1229 1968 1300 πράττειν

394 1317 715 1386 πειρᾶσθαι,
755 1317 850 1372 τοῦ
879 1319 1178 1390 δυνάμενου
1206 1320 1384 1388 λέγειν
1415 1320 1550 1392 πρὸς
1597 1318 1820 1389 βασιλέα
1873 1319 1968 1374 καὶ

397 1410 692 1480 μαρτυρεῖν
751 1409 1008 1476 καθαρῶς
1047 1411 1146 1466 οὐκ
1195 1411 1369 1475 ὄντος,
1429 1411 1525 1464 καὶ
1570 1411 1797 1481 μάταιος

395 1499 600 1569 σπουδὴ
629 1499 708 1570 τῷ
747 1501 1104 1564 σπουδάζοντι
1159 1501 1645 1574 παραλογιζομένῳ
1707 1500 1966 1567 πολλάκις

393 1592 488 1644 καὶ
518 1591 870 1664 ζημιουμένῳ
903 1593 1002 1663 τὴν
1032 1595 1116 1662 ἐφ’
1165 1589 1245 1657 οἷς
1288 1593 1525 1664 ἔπραξεν
1589 1593 1962 1664 εὐδοκίμησιν.

389 1682 506 1736 Νῦν
536 1684 581 1737 δ’
619 1684 736 1738 ἀλλ’
791 1685 883 1739 ἐπὶ
930 1686 1041 1740 τῶν
1097 1687 1409 1757 κηδεμόνων
1452 1685 1562 1740 τῶν
1622 1685 1966 1756 πραγμάτων

388 1774 726 1844 τελουμένων
752 1777 932 1841 καλῶς
960 1777 1026 1831 ἂν
1053 1777 1166 1848 ἔχοι
1192 1778 1290 1850 τὴν
1315 1778 1545 1832 ἑκάστου
1587 1778 1824 1848 σπουδὴν
1865 1794 1964 1846 φας

389 1866 553 1937 νεράν
589 1862 729 1921 εἶναι
758 1869 995 1934 καὶτοῖς
1046 1871 1325 1940 ἀμείνοσιν
1365 1869 1810 1941 ἀνταμιίδεσθαι.
1872 1870 1964 1922 Διδ

389 1960 485 2012 καὶ
523 1961 887 2014 σπουδαστέον
914 1963 1068 2032 ἡμῖν,
1104 1963 1226 2016 ἐπεὶ
1256 1963 1359 2016 οὐκ
1388 1964 1502 2016 ἐστι
1529 1962 1590 2016 τὺ
1613 1961 1704 2016 τὸν
1740 1960 1965 2032 βασιλέα

387 2049 638 2116 δεδιέναι,
659 2051 720 2104 τὸ
746 2051 884 2121 ὑπὲρ
901 2053 997 2106 τοῦ
1039 2053 1304 2123 βασιλέως
1326 2053 1640 2124 φοϐεῖσθαι,
1678 2055 1756 2116 ὡς
1781 2051 1966 2106 ἐντεῦ·

387 2141 536 2212 θενῆ
567 2135 653 2208 εὖ,
695 2145 742 2196 εἰ
790 2143 1003 2208 σώζοιτ’
1031 2148 1260 2213 ἐκεῖνος,
1297 2146 1564 2216 ἥκανῶς,
1623 2147 1672 2199 εί
1723 2145 1798 2218 μὴ
1860 2145 1966 2198 σώ-

387 2229 555 2297 ζοιτο,
620 2233 754 2302 ἡμῖν
795 2233 1036 2298 ἐλπίζειν
1077 2235 1424 2304 συμϐαίνειν.
1471 2236 1584 2288 Καὶ
1625 2233 1798 2287 ταῦτα
1864 2233 1966 2302 μὲν

386 2323 525 2394 πρὸς
547 2324 674 2386 τοὺς
721 2326 886 2395 ἐμοὺς
947 2326 1355 2398 συστρατιώτας
1402 2327 1545 2397 ὑμᾶς
1587 2328 1684 2380 καὶ
1742 2324 1966 2394 συντρό-

387 2431 524 2483 φους
545 2432 560 2445 “
591 2413 678 2486 [Ρ.
709 2415 802 2487 26]
855 2416 990 2486 πρὸς
1012 2417 1068 2470 δὲ
1100 2417 1226 2480 τοὺς
1257 2411 1337 2479 οἷς
1375 2417 1632 2488 ὑπερέχει
1689 2415 1750 2468 τὺ
1808 2416 1966 2481 γένος

387 2504 483 2556 καὶ
524 2504 816 2576 διαπρέπει
881 2509 950 2560 τὰ
1006 2504 1314 2577 ἀξιώματα,
1364 2506 1660 2576 ὑπέρχεται
1683 2522 1774 2577 μοι
1825 2505 1964 2576 μετὰ

386 2695 678 2739 consuetus
735 2698 922 2755 regum
976 2684 1150 2740 fastus
1199 2684 1268 2740 ad
1331 2684 1670 2755 spernendos
1719 2684 1966 2740 subditos

387 2777 676 2842 minusque
709 2776 976 2831 curandas
1001 2775 1350 2831 necessitates
1379 2792 1564 2830 eorum
1597 2785 1967 2842 ;metueretur

387 2865 549 2920 ctiam
601 2880 668 2920 ne
721 2879 828 2919 non
863 2865 999 2920 adiri
1054 2875 1253 2934 posset,
1294 2881 1360 2920 ne
1391 2880 1497 2920 non
1527 2866 1600 2920 illi
1636 2877 1852 2921 vacaret
1882 2875 1964 2920 at-

387 2957 629 3011 tendere.
679 2955 829 3009 Nunc
871 2955 1007 3010 nihil
1053 2957 1250 3010 oberit.
1307 2953 1528 3010 Habetis
1574 2957 1851 3026 expositos
1899 2958 1963 3010 ad

385 3052 593 3107 vestros
638 3059 768 3097 usus
802 3055 1080 3099 curatores
1109 3046 1258 3111 ejus;
1291 3044 1582 3100 convenire
1605 3045 1730 3100 licet
1751 3047 1964 3114 quando

2072 589 2148 654 ὡς
2186 593 2362 664 ἀληθῆ
2391 594 2616 660 λέξοντι.
2651 597 2795 667 Ἐγὼ
2831 599 2945 654 οὒτ’
2973 601 3132 665 ίδίαις
3161 603 3256 656 καὶ
3303 603 3654 668 αὐτοϐούλοις

2072 684 2456 752 προαιρέσεσιν
2480 685 2603 740 οὔτε
2635 689 2742 760 μὴν
2764 691 2952 762 σκοπῷ
2983 708 3091 746 τινι
3148 694 3243 746 καὶ
3279 692 3479 767 μελέτη
3525 695 3657 759 ταῖς

2071 773 2164 830 τοῦ
2197 774 2466 844 βασιλέως
2488 781 2842 853 προσανέχειν
2868 784 3192 854 έπιτροπαῖς
3215 785 3450 857 ῇρημαι.
3509 785 3658 840 ἀλλὰ

2073 866 2286 934 πρῶτον
2319 867 2420 936 μὲν
2456 869 2744 935 ἐπιστολὰς
2771 873 2994 944 πληρῶν
3021 876 3309 946 βασιλέως,
3342 879 3536 931 ἔπειτα
3568 875 3654 932 δέ.

2070 955 2212 1010 Ἀλλ’
2266 959 2327 1014 οὑ
2355 961 2611 1032 βούλομαι
2655 964 2855 1034 λέγειν.
2905 968 3049 1038 Πλὴν
3103 970 3196 1021 καὶ
3253 969 3407 1038 ὑμῶν
3458 969 3658 1022 θελόνο

2069 1063 2198 1114 των,
2223 1049 2366 1104 οὕτω
2399 1053 2491 1106 καὶ
2515 1055 2676 1123 μόνον
2709 1059 3065 1128 προσανέχειν
3091 1058 3188 1112 καὶ
3227 1057 3307 1112 ἔτι
3356 1061 3480 1123 ταῖς
3525 1060 3658 1112 ἑπι-

2069 1140 2300 1208 τροπαῖς
2330 1139 2614 1211 βούλομαι.
2643 1145 2708 1198 Ei
2737 1144 2780 1196 δ’
2799 1141 2913 1210 οὖν,
2937 1146 3053 1200 ἀλλ’
3078 1148 3239 1217 ὑμεῖς
3270 1149 3371 1218 μὲν
3396 1149 3491 1202 τὸν
3529 1149 3659 1202 ἑπι-

2068 1231 2435 1301 τροπεύσοντα
2464 1234 2744 1303 ἑφιστᾶτε,
2773 1237 2896 1303 ἐμοὶ
2924 1237 2970 1290 δ’
3001 1239 3224 1308 ἀρκέσει
3266 1238 3328 1292 τὸ
3359 1238 3452 1292 ἐπ’
3485 1239 3658 1308 ἐσχά-

2067 1338 2183 1382 τοις
2230 1321 2537 1377 τάττεσθαι.
2605 1323 2725 1378 Κάν
2769 1343 2851 1389 τις
2891 1327 2990 1398 τὴν
3047 1326 3331 1400 βασιλικὴν
3366 1329 3655 1398 σωτηρίαν

2069 1412 2386 1481 πρεπόντως
2433 1413 2764 1487 πολυωροίη,
2825 1417 2919 1471 καὶ
2992 1418 3310 1484 ίδιωτεΰσας
3352 1421 3654 1490 ἀγαπήσω,

2069 1501 2162 1552 καὶ
2193 1502 2626 1574 προσλιπαρήσω
2663 1505 2740 1579 μὴ
2782 1508 3100 1578 ὀργίζεσθαι
3142 1510 3234 1564 τὸν
3261 1511 3554 1581 δεσπότην,
3603 1512 3656 1563 εί

2066 1591 2260 1646 λυπεῖν
2282 1609 2435 1656 τινας
2457 1595 2610 1665 ὑμῶν
2636 1597 2815 1669 δοκοίη
2852 1599 2914 1653 τδ
2944 1601 3079 1670 ἀμὸν
3103 1601 3340 1670 ἀξίωμα.
3375 1603 3657 1672 Κρεζσσον

2066 1682 2173 1754 γὰρ
2194 1683 2270 1745 ὡς
2304 1685 2402 1740 ἕνα
2438 1687 2546 1740 τῶν
2593 1689 2940 1760 στρατιωτῶν
2977 1691 3414 1764 ίξυπηρετοῦντα
3466 1693 3658 1760 ἀσφα-

2067 1773 2176 1836 λῶς
2195 1774 2401 1842 διάγειν
2427 1776 2458 1847 ἢ
2487 1777 2636 1850 φόϐῳ
2679 1781 2775 1834 καὶ
2817 1780 3092 1844 ὑπονοίαις
3147 1785 3266 1851 μετ’
3328 1783 3656 1853 ἀξιώματος

2069 1863 2190 1936 ζῇν.
2235 1866 2363 1920 Ἰδοὺ
2402 1867 2585 1923 τοίνυν
2615 1869 2739 1924 κατ’
2777 1871 2988 1940 ἀγαθὴν
3010 1873 3230 1936 πάντως
3262 1873 3521 1943 πρόνοιαν
3552 1871 3651 1926 τοῦ
3721 1907 3725 1910 -

2065 1955 2204 2010 Θεοῦ
2232 1958 2328 2012 καὶ
2352 1958 2412 2011 τὸ
2444 1959 2682 2029 ὑπήκοον
2711 1961 2958 2015 εὐπειθεῖ
3002 1965 3096 2018 καὶ
3134 1964 3194 2018 τὸ
3251 1965 3656 2035 στρατιωτικὸν

2065 2045 2319 2100 εὐτακτεῐ
2343 2047 2528 2102 καὶτὰ
2552 2049 2662 2103 τῶν
2689 2048 2900 2120 ἐχθρῶν
2921 2052 3138 2122 ἠρεμεῖ.
3198 2053 3309 2107 Καὶ
3339 2053 3527 2106 πολλοί
3561 2069 3654 2106 τι·

2064 2154 2155 2201 νες
2180 2138 2337 2208 ὑμεῖς
2362 2141 2454 2192 καὶ
2479 2142 2732 2212 μεγάλοι,
2753 2145 2804 2196 oi
2841 2143 2938 2213 μὲν
2969 2145 3106 2216 πρὸς
3140 2145 3369 2214 αἵματος
3395 2144 3474 2213 τῷ
3505 2161 3653 2209 κρα-

2064 2228 2269 2296 τοῦντι,
2302 2230 2354 2282 oi
2391 2228 2567 2283 δὲκαὶ
2611 2233 2722 2295 τοῖς
2780 2232 3053 2303 ἀξιώμασι
3086 2233 3485 2301 διαπρέποντες
3551 2233 3652 2285 καὶ

2066 2322 2187 2377 καθ’
2220 2323 2248 2375 ὃ
2278 2337 2330 2375 τι
2358 2322 2425 2375 ἄν
2448 2340 2529 2385 τις
2574 2324 2719 2377 εἴποι
2751 2325 2916 2379 καλὸν
2971 2327 3066 2379 καὶ
3097 2327 3347 2393 γενναῖον
3403 2326 3652 2394 ὑπερτε-

2065 2413 2306 2486 ροῦντες.
2343 2413 2453 2466 Καὶ
2493 2413 2738 2484 ἀνάγκης
2757 2413 2930 2485 οὔσης
2956 2416 3335 2486 νεοκομείσθαι
3360 2415 3451 2468 τὸν
3483 2416 3651 2485 βασι-

2064 2503 2180 2569 λέα,
2205 2502 2510 2572 ὲκλεγέσθω
2534 2502 2682 2576 μὲνὸ
2713 2503 2792 2574 μὴ
2827 2505 3073 2575 ἀπᾴδων.
3114 2505 3314 2575 ἕψομαι
3370 2505 3431 2558 δὲ
3488 2500 3652 2571 κάγὼ

2064 2692 2120 2738 et
2167 2682 2530 2751 prosperitate
2577 2683 2723 2737 illius
2772 2683 3031 2752 pendent.
3089 2683 3215 2737 "ch
3264 2683 3536 2739 hactenus
3577 2682 3648 2738 ad

2065 2775 2462 2830 commilitones
2511 2782 2565 2830 et
2606 2775 2819 2830 sodales
2875 2790 3023 2830 meos
3063 2775 3172 2829 dixi
3216 2791 3232 2841 ;
3282 2775 3542 2844 deinceps
3580 2775 3647 2827 ad

2065 2881 2160 2922 eos
2217 2881 2445 2936 quorum
2488 2868 2694 2922 eminet
2740 2882 2931 2936 genus,
2983 2883 3212 2936 quorum
3262 2867 3562 2938 dignitates
3593 2867 3647 2920 in

2067 2960 2340 3030 republica
2381 2959 2720 3029 praefulgent,
2769 2958 2885 3015 haec
2935 2959 3162 3013 dicenda
3205 2959 3468 3028 judicavi,
3521 2973 3646 3013 cum

2065 3064 2126 3104 ea
2176 3050 2424 3104 libertate
2464 3063 2527 3102 ac
2565 3049 2760 3103 ﬁducia
2785 3065 2946 3119 quam
2979 3050 3211 3119 inspirat
3238 3051 3478 3116 loquenti
3507 3065 3647 3104 con-

387 3144 444 3187 et
475 3133 688 3204 quoties
722 3134 930 3198 libebit.
961 3134 1162 3188 instare
1199 3137 1326 3202 quin
1364 3134 1551 3200 etiam.
1585 3135 1782 3190 iterare
1823 3136 1961 3202 peti-
1992 3167 2035 3224 ο
2067 3141 2293 3199 scientia
2350 3141 2615 3196 veritatis.
2688 3140 2796 3212 Ego
2854 3157 2960 3195 non
3010 3141 3227 3209 propria
3292 3140 3646 3195 inclinatione

385 3225 580 3288 tiones,
628 3238 789 3291 quam
837 3225 1036 3278 crebro
1072 3233 1128 3277 et
1165 3238 1327 3292 quam
1379 3223 1596 3278 assidue
1638 3237 1774 3292 opus
1801 3223 1964 3279 fuerit
2011 3223 2020 3224 ί
2070 3231 2400 3302 privatisque
2442 3230 2686 3286 consiliis
2718 3233 2784 3285 ad
2837 3231 3056 3286 tutelam
3105 3231 3368 3299 principis
3413 3229 3646 3293 accessi,

385 3328 600 3382 urgere.
651 3313 846 3366 Annon
917 3313 1080 3380 igitur
1141 3311 1283 3382 justa
1333 3327 1496 3368 causa
1540 3321 1624 3368 est
1673 3313 1834 3369 facile
1899 3328 1962 3370 ac

383 3415 633 3474 prompta
679 3406 951 3460 voluntate
997 3403 1329 3474 obsequendi
1371 3404 1628 3475 principi,
1665 3419 1788 3474 spes
1813 3413 1960 3460 certa

383 3507 440 3551 et
483 3496 706 3550 fundata
757 3497 1080 3568 impetrandi
1124 3509 1180 3552 ct
1219 3498 1586 3567 consequendi
1637 3499 1706 3552 ab
1745 3513 1809 3552 eo
1841 3514 1962 3567 quae

385 3595 722 3663 quiscunque
765 3595 1138 3663 concupierit?
1195 3594 1319 3649 llaec
1370 3608 1475 3650 non
1513 3603 1738 3660 essent,
1780 3595 1824 3648 si
1876 3610 1962 3651 res

386 3701 494 3740 non
542 3687 978 3754 gubernarentur
1017 3701 1112 3755 per
1143 3686 1277 3742 ﬁdos
1309 3699 1363 3741 et
1395 3701 1619 3741 accessu
1645 3685 1788 3740 facili
1823 3701 1959 3741 cun-

383 3778 490 3833 etis
522 3779 800 3846 expositos
847 3778 1148 3832 ministros.
1183 3775 1317 3832 Nam
1361 3776 1596 3848 cogitate
1639 3791 1875 3844 nupera,
1907 3785 1962 3832 et

382 3867 626 3923 conferte
656 3885 778 3924 cum
823 3871 1199 3937 prasentibus.
1245 3869 1514 3924 Plurimas
1544 3869 1779 3924 reticebo
1808 3867 1961 3923 diﬂ‘e—

383 3960 611 4025 rentias,
657 3960 756 4012 has
800 3971 1005 4015 tantum
1050 3961 1320 4015 indicans.
1353 3959 1505 4014 Tunc
1538 3969 1715 4014 metus
1744 3967 1863 4014 erat
1895 3973 1961 4014 ne

380 4050 472 4120 qui
524 4051 684 4106 etiam
735 4051 1034 4106 rectissime
1082 4050 1304 4120 egisset,
1347 4049 1645 4106 offenderet
1673 4049 1960 4120 gratiaque

381 4143 682 4206 excideret,
710 4143 831 4198 aliis
856 4146 907 4200 in
933 4159 1054 4198 eum
1083 4144 1346 4213 principis
1369 4145 1501 4197 iram
1529 4143 1954 4208 concitantibus,

383 4237 449 4290 iis
487 4236 665 4289 modis
704 4233 815 4306 46
858 4251 1029 4304 eaque
1069 4245 1188 4290 arte
1229 4251 1392 4305 quam
1429 4250 1495 4290 ex
1543 4235 1828 4290 observata
1861 4250 1958 4289 na-

383 4336 503 4381 tura
535 4328 654 4396 ejus
680 4337 844 4395 atque
875 4327 1053 4383 indole
1082 4328 1195 4382 fore
1228 4327 1602 4397 intelligebant
1643 4327 1709 4382 ad
1733 4342 1956 4397 scopum

382 4420 649 4474 intentum
698 4419 998 4475 efﬁcacem.
1050 4418 1186 4474 Hinc
1235 4429 1356 4474 erat
1407 4419 1599 4474 inutile
1627 4419 1959 4474 contendere

2071 3341 2171 3380 nec
2219 3334 2336 3378 arte
2385 3332 2481 3379 aut
2518 3323 2723 3378 ambitu
2766 3322 2986 3377 incubui
3020 3333 3078 3376 ut
3104 3322 3176 3376 ab
3201 3322 3318 3390 ejus
3350 3331 3502 3388 patre
3539 3333 3646 3373 tam

2069 3417 2244 3470 arduo
2296 3416 2510 3485 negotio
2547 3416 2878 3484 praeﬁcerer,
2921 3414 3016 3468 sed
3058 3415 3291 3485 primum
3324 3427 3388 3466 eo
3419 3409 3647 3480 prosilui

2066 3507 2339 3576 supremis
2377 3505 2644 3562 mandatis
2675 3507 3021 3574 imperatoris
3067 3505 3389 3573 obsequens,
3423 3502 3644 3556 deinde.

2065 3629 2139 3642 —-—
2176 3601 2282 3654 Sed
2329 3614 2524 3655 revoco
2570 3614 2676 3663 me,
2712 3613 2885 3668 neque
2913 3597 3015 3652 isto
3052 3611 3251 3667 genere
3273 3596 3539 3650 orationis
3569 3593 3644 3658 uti

2068 3693 2211 3747 volo.
2258 3693 2316 3746 lii
2367 3693 2538 3748 solum
2591 3693 2731 3760 apud
2787 3706 2881 3744 vos
2931 3691 3210 3759 proﬁteor,
3270 3688 3342 3742 ita
3385 3701 3471 3741 me
3512 3687 3648 3741 velle

2068 3797 2419 3854 perseverare
2449 3783 2501 3836 in
2537 3782 2642 3837 hoc
2672 3796 2918 3846 munere,
2947 3781 2991 3835 si
3023 3795 3118 3834 vos
3144 3779 3405 3844 iubeatis.
3453 3779 3648 3832 Decer-

2067 3877 2182 3931 nite
2229 3877 2394 3945 igitur
2428 3874 2575 3945 quod
2623 3874 2816 3944 placet.
2863 3872 3128 3927 Praelicite
3166 3872 3253 3926 isti
3287 3886 3455 3934 cura»,
3485 3870 3533 3924 si
3568 3869 3647 3922 vi-

2067 3970 2246 4026 detur.
2281 3968 2446 4022 alium
2484 3984 2500 4020 :
2535 3965 2724 4020 cedam
2759 3964 3010 4030 libenter,
3043 3964 3318 4033 redigique
3350 3977 3436 4016 me
3467 3963 3640 4030 patiar

2069 4057 2121 4111 in
2159 4056 2427 4122 ordinem,
2466 4055 2586 4109 loco
2607 4053 2713 4126 47
2749 4054 2829 4108 vel
2856 4055 3039 4107 intimo
3071 4061 3394 4115 contentus;
3429 4052 3644 4105 videns-

2063 4162 2172 4218 que
2216 4162 2246 4201 a
2301 4147 2454 4202 vobis
2499 4146 2768 4202 delectum
2815 4145 2983 4199 alium
3033 4144 3286 4198 idoneum
3332 4143 3426 4210 qui
3458 4141 3642 4212 pupilli

2065 4237 2328 4307 principis
2374 4235 2558 4299 saluti,
2614 4242 2670 4287 ut
2719 4249 2815 4302 par
2857 4244 2980 4299 est,
3016 4233 3280 4303 invigilet,
3332 4232 3645 4300 aequissimo

2066 4330 2250 4384 animo
2300 4329 2528 4399 privata:
2581 4327 2780 4396 quietis
2831 4339 3033 4381 sortem
3083 4325 3403 4392 amplectar.
3471 4325 3640 4392 Agam

2066 4423 2195 4492 quin
2242 4421 2407 4476 etiam
2455 4421 2655 4474 inﬁmis
2699 4420 2954 4489 precibus
2984 4434 3105 4472 cum
3136 4418 3398 4486 principe,
3430 4432 3499 4470 ne
3532 4429 3647 4469 mo-

379 4511 622 4565 studium
677 4520 731 4565 et
780 4511 964 4565 conari
1022 4510 1174 4578 plura
1233 4526 1395 4581 quam
1449 4509 1606 4577 alios,
1640 4526 1765 4565 cum
1801 4524 1958 4564 nemo
1995 4526 2041 4583 ι)
2070 4515 2203 4568 leste
2229 4511 2368 4566 ferat
2399 4511 2656 4568 recedere
2691 4527 2774 4566 me
2801 4510 2870 4564 ab
2899 4509 3015 4577 ejus
3045 4525 3199 4577 cura,
3227 4507 3366 4576 quod
3400 4523 3463 4561 ea
3497 4517 3642 4560 tanta

381 4611 528 4656 esset
575 4603 668 4669 qui
729 4609 909 4668 posset
957 4602 1060 4656 hoc
1103 4603 1274 4671 ipsum
1314 4603 1628 4673 imperatori
1657 4601 1963 4672 signiﬁcare

381 4710 444 4748 ac
485 4693 729 4749 debitum
780 4695 967 4748 virtuti
1020 4695 1388 4750 testimonium
1439 4695 1687 4750 reddere.
1738 4693 1961 4761 Vanus,

381 4787 626 4856 inquam,
670 4796 786 4840 erat
825 4785 977 4840 labor
1006 4787 1316 4856 impendere
1347 4801 1405 4842 se
1432 4787 1645 4854 publico
1682 4793 1737 4840 et
1770 4803 1964 4857 magna

380 4876 436 4931 in
482 4891 595 4936 rem
644 4875 902 4944 principis
935 4875 1135 4940 moliri,
1171 4891 1290 4931 cum
1321 4891 1466 4946 saepe
1494 4877 1834 4946 cootingeret
1861 4877 1959 4930 de-

381 4973 555 5025 lusum
609 4980 663 5024 ct
709 4971 1162 5034 circumventum,
1195 4971 1285 5040 qui
1326 4972 1404 5026 sic
1438 4976 1646 5040 egerat,
1680 4985 1776 5037 pro
1807 4969 1966 5024 laude

381 5079 447 5119 ac
486 5064 658 5134 gratia
699 5066 892 5118 damna
933 5073 986 5118 et
1014 5065 1402 5118 contumeliam
1435 5063 1660 5118 referre.
1689 5061 1842 5117 Nunc
1877 5078 1962 5116 re—

381 5156 482 5210 bus
534 5156 902 5212 ministrorum
951 5156 1188 5209 ﬁdelium
1220 5171 1364 5209 cura:
1393 5155 1727 5219 commissis,
1755 5154 1959 5209 nullum

385 5257 529 5302 recte
581 5249 777 5304 laetum
827 5250 1038 5314 latebit,
1091 5249 1360 5318 cujusque
1407 5249 1581 5303 virtus
1610 5257 1961 5318 agnoscctur,

383 5341 618 5392 studium
673 5340 847 5407 palam
899 5340 1038 5400 erit,
1086 5338 1237 5394 labor
1285 5339 1725 5410 compensabitur
1776 5338 1968 5393 condi-

383 5433 502 5499 guis
539 5431 794 5499 prmmiis.
837 5431 1017 5498 Quare
1065 5433 1371 5501 augendum
1423 5432 1658 5486 studium
1704 5441 1809 5497 est,
1835 5445 1968 5486 con-

384 5521 650 5576 tendenda
710 5522 975 5577 industria
1025 5521 1080 5576 in
1135 5523 1455 5593 obsequium
1514 5524 1796 5593 principis,
1837 5531 1894 5577 et
1935 5538 1967 5578 a

381 5628 491 5683 quo
540 5613 674 5667 nihil
718 5615 989 5679 timemus,
1047 5617 1096 5669 ei
1148 5626 1345 5670 cuncta
1395 5617 1708 5672 timeamus.
1759 5615 1966 5670 Felices

324 5731 328 5736 ι
386 5709 592 5762 erimus
634 5709 678 5762 si
713 5699 897 5761 salvus
941 5708 1049 5771 sit,
1085 5711 1128 5762 si
1165 5709 1291 5778 quid
1323 5710 1396 5764 illi
1425 5709 1702 5773 acciderit,
1739 5709 1962 5776 perieri-

393 5819 509 5858 mus
555 5819 652 5856 nos
700 5818 932 5873 quoque.
972 5801 1116 5856 Bona
1159 5813 1208 5858 ct
1257 5803 1394 5856 mala
1431 5809 1617 5857 nostra
1653 5815 1713 5856 cx
1751 5800 1968 5858 fortuna

2071 4612 2289 4672 tantque
2349 4602 2646 4656 honoriﬁca
2699 4599 3022 4671 praefectura
3078 4609 3326 4654 ornatum
3386 4612 3509 4651 csse
3565 4610 3647 4650 me

2068 4695 2390 4766 quibusdam
2471 4706 2709 4751 vestrum
2770 4709 2877 4747 non
2943 4693 3222 4763 probetur.
3280 4689 3644 4744 l’rmstabilius

2069 4788 2214 4843 enim
2248 4787 2404 4857 longe
2433 4796 2517 4842 est
2547 4787 2600 4841 in
2642 4786 2828 4841 militis
2869 4785 2951 4840 vel
2981 4785 3211 4853 gregarii
3239 4784 3550 4839 conditione
3584 4796 3644 4834 ac
3701 4803 3717 4821 ι

2071 4879 2282 4933 fortuna
2337 4878 2646 4948 reipublicae
2694 4878 2917 4938 servire.
2975 4892 3137 4946 quam
3194 4885 3336 4928 metu
3379 4883 3435 4927 et
3473 4875 3646 4943 suspi-

2070 4971 2322 5026 cionibus
2373 4971 2592 5025 anxium
2627 4971 2680 5023 in
2715 4969 2979 5038 dignitate
3009 4969 3215 5023 vivere.
3260 4965 3335 5019 En
3366 4967 3528 5035 igitur
3557 4979 3648 5032 per

2073 5061 2373 5116 beneﬁcam
2424 5059 2820 5128 providentiam
2851 5058 3103 5114 Numinis
3133 5069 3186 5113 et
3216 5055 3413 5111 subditi
3449 5054 3647 5108 dociles

2072 5154 2140 5208 ad
2186 5154 2480 5222 parendum
2522 5160 2668 5217 sunt,
2711 5160 2766 5206 et
2801 5150 3142 5218 disciplinam
3175 5149 3376 5202 milites
3404 5155 3643 5207 servant,

2070 5255 2123 5302 et
2182 5249 2472 5316 quiescunt
2513 5245 2907 5314 quiescereque
2951 5257 3051 5298 nos
3104 5243 3290 5296 sinunt
3340 5242 3544 5303 hostes,
3595 5245 3648 5290 et

2072 5329 2174 5392 iste
2223 5350 2399 5392 vester
2424 5336 2559 5389 ordo
2583 5335 3044 5403 amplissimorum
3079 5333 3381 5401 principum
3409 5327 3646 5384 abundat

2072 5442 2326 5494 numero,
2363 5442 2592 5496 quorum
2619 5427 2837 5496 quidam
2875 5426 3217 5496 imperatoris
3237 5418 3641 5489 consanguinei,

2071 5522 2294 5594 quidam
2339 5520 2530 5590 primis
2569 5528 2698 5575 sunt
2727 5517 3081 5586 dignitatibus
3109 5516 3364 5580 illustres,
3403 5512 3644 5566 dotibus-

2075 5629 2180 5684 que
2223 5612 2400 5668 omnis
2451 5612 2668 5680 generis
2718 5610 3017 5678 przeclaris,
3055 5621 3176 5678 qua:
3205 5617 3476 5676 quemque
3499 5615 3644 5654 com-

2077 5707 2333 5762 mendare
2385 5706 2466 5761 vel
2521 5705 2755 5760 maxime
2803 5705 3048 5773 possint,
3089 5715 3302 5757 summe
3346 5691 3640 5764 conspicui.

2078 5798 2155 5854 Ex
2195 5800 2279 5855 Itis
2309 5798 2542 5869 eligatur
2573 5796 2683 5868 qui,
2717 5796 2859 5867 quod
2891 5810 2979 5852 res
3009 5794 3184 5863 poscit
3213 5803 3266 5848 ct
3298 5802 3519 5849 necesse
3545 5793 3642 5850 est,
