3952 6530
495 380 600 437 43

1725 389 2041 452 GEORGII
2086 394 2565 459 PACHYMERB

3628 421 3722 486 48l

497 487 693 555 ἐκείνῳ
721 485 864 540 οὕτω
891 487 983 540 καὶ
1018 489 1114 559 τῆς
1152 487 1306 559 δόξης
1339 491 1608 564 οἰόμενος,
1642 497 1674 568 ἢ
1709 499 1816 570 μὴν
1844 504 1935 554 καὶ
1967 503 2071 557 θω·
2102 514 2142 562 Α
2173 506 2370 578 νοῦμεν
2399 525 2412 540 ’
2446 510 2519 572 ὡς
2546 512 2652 583 γάρ
2674 513 2792 566 ἐκεῖ
2817 512 2875 566 τὸ
2903 516 3082 585 χρεὼν
3116 518 3409 588 ἀναγκαῖον
3451 527 3556 581 κᾶν
3583 533 3721 599 νόσος

496 575 766 639 πευτικῶς
795 575 930 647 πρὸς
960 575 1051 629 τὸν
1098 577 1288 647 καιρὸν
1335 580 1724 652 ὑπερχόμενος,
1786 589 1923 657 μετὰ
1969 591 2068 662 τὴν

494 667 600 721 τῶν
629 667 803 720 ἄλλων
829 667 1120 735 ἀπολογίαν
1149 670 1241 720 καὶ
1263 668 1360 738 τὴν
1390 675 1794 748 ἐμφαινομένην
1815 681 2064 737 ὑπόπτω-

495 775 579 810 σιν
613 759 1226 832 παρρησιαστικώτερον
1266 767 1400 834 πρὸς
1435 766 1560 827 τοὺς
1624 767 1814 836 λόγους
1860 773 2058 828 ἀπελο-

492 850 639 916 γεῖτο
663 863 678 879 ⁸
716 847 804 920 [Ρ.
835 847 929 920 28]
969 867 986 898 ι
1025 853 1134 904 Καὶ
1168 855 1219 904 τί
1265 872 1394 908 ποτε
1441 858 1546 928 ἄρα
1605 862 1828 915 τοιαῦτα
1877 864 2056 929 λέγειν

489 937 734 1009 παρέστη
782 957 863 992 σοι
895 941 1030 1012 πρὸς
1062 943 1207 1012 ἡμᾶς
1234 946 1458 1015 ἀρτίως,
1492 950 1519 1001 ὁ
1547 953 1666 1014 ταῖς
1691 953 1866 1018 ἀξίαις
1896 957 2063 1028 brep-

490 1030 628 1097 έχων
651 1032 741 1082 καὶ
771 1031 880 1084 τῶν
901 1031 1278 1102 ἇλλων’,κρίσει
1317 1036 1574 1110 βασιλείῳ
1593 1043 2054 1116 ὑπερφερόμενοςς

487 1122 538 1171 τί
570 1121 626 1173 δέ
653 1139 733 1173 σοι
768 1124 862 1174 καὶ
895 1123 1023 1192 περὶ
1046 1125 1202 1193 ἡμῶν
1229 1127 1489 1196 ἥκουσται
1519 1131 1592 1192 ὡς
1617 1135 1862 1201 ἐγκοτεῖν
1897 1138 2056 1207 δῇθεν

485 1209 784 1263 δοκούντων
821 1211 1106 1265 διοικοῦντι
1159 1214 1224 1268 τὰ
1265 1217 1562 1286 βασιλέως
1609 1225 1690 1288 τίς
1747 1225 1802 1278 δέ
1853 1245 1910 1280 σε
1963 1231 2058 1283 καὶ

488 1303 796 1354 αἰτιάσαιτο
851 1303 1072 1367 δικαίως
1112 1298 1186 1358 ὧν
1232 1306 1572 1378 ὀργισθέντος
1634 1314 1726 1367 τοῦ
1793 1317 2056 1385 βασιλέως

491 1387 686 1460 ξυνέϐη
729 1394 778 1462 pt
832 1394 1060 1459 παθεῖνς
1119 1396 1291 1461 οὐδεὶς
1340 1401 1421 1462 είς
1479 1402 1631 1456 τόσον
1701 1409 2052 1477 προεληλύθει

490 1480 711 1546 ἀγνοίας
728 1480 867 1534 ὥστε
893 1485 984 1537 καὶ
1009 1486 1270 1555 βασιλέως
1293 1491 1458 1561 ὀργὴν
1478 1495 1691 1560 ἀγνοεῖν
1723 1498 1814 1550 καὶ
1832 1499 1928 1570 τὴν
1960 1500 2050 1553 τοῦ

488 1571 680 1640 καιροῦ
742 1573 816 1642 μὴ
869 1573 1066 1627 εἰδέναι
1118 1578 1359 1646 πικρίαν,
1423 1583 1595 1649 ὁπόση
1645 1581 1713 1656 ἦν
1756 1589 1850 1640 κα)⁸
1899 1591 2048 1654 ὅπως

481 1656 723 1725 ἐφῆπται
769 1663 924 1724 πᾶσι,
989 1663 1311 1734 καὶμᾶλλον
1367 1672 1476 1731 τοῖς
1529 1671 1901 1742 πλησιάζουσι.
1943 1681 2050 1732 Καὶ

479 1761 560 1805 τις
596 1752 789 1814 γαρ,εί
825 1751 898 1820 μὴ
934 1755 1120 1824 πορῤω
1148 1757 1254 1810 τῶν
1284 1761 1567 1832 ἡμετέρων
1616 1765 1802 1836 ἔτυχεν
1831 1767 1905 1822 ὢν
1942 1772 2049 1823 κάκ

479 1835 667 1900 γένους
698 1839 1035 1910 ἁλλοδαπός;
1073 1846 1218 1917 Πλὴν
1257 1852 1380 1903 ἐπεὶ
1413 1851 1698 1923 ξυμϐαίνει
1731 1835 2046 1915 δουλοῦσθαι
2081 1861 2119 1916 Β
2149 1835 2349 1940 ἄδολονςν
2381 1835 2724 1943 ’ξίξέξςῖαι

478 1928 657 1996 ὅρκοις
681 1933 773 1982 καὶ
808 1936 1099 2004 συνθήκαις
1124 1941 1213 1992 ἐπὶ
1243 1943 1419 1996 πίστει
1456 1950 1906 2018 συνισχημένους,
1939 1954 2040 2005 οὐ·

475 2019 564 2070 δὲν
605 2023 830 2085 ἀπεικὸς
866 2027 960 2079 καὶ
1002 2029 1231 2100 πάσχειν
1260 2035 1531 2105 ἀνήκεστα
1587 2041 1776 2094 δοκοῦν
1829 2046 2042 2116 ἐκείνῳ,

477 2106 581 2160 κᾶν
623 2111 811 2178 μηδεὶς
878 2116 1148 2189 ἐποτρύνῃ
1207 2122 1528 2192 ἐπηρεάζων
1584 2129 1662 2196 τῷ
1711 2106 2038 2205 πεισομένιρξ

477 2198 649 2254 Ὅπου
680 2205 859 2256 τοίνυν
885 2207 982 2274 τῆς
1010 2213 1187 2274 αἰτίας
1213 2217 1306 2267 καὶ
1332 2219 1359 2268 ὁ
1409 2217 1610 2288 δράσας
1645 2198 1886 2290 ἀφεῖται-
1928 2198 2040 2290 τοῖς

472 2290 539 2342 τὰ
588 2292 684 2362 τῆς
741 2299 1039 2367 μοναρχίας
1105 2304 1485 2376 ἐπισταμένοις
1523 2311 1648 2375 ἴδια,
1691 2316 1850 2386 σχολῇ
1893 2319 1946 2377 γ’
1973 2319 2040 2374 ἂν

471 2380 644 2450 ἁὶῷεν
670 2384 817 2438 ἄλλοι
852 2395 1207 2458 συκοφαντεῖν
1242 2397 1624 2469 ὑπονοούμενοι
1661 2406 1751 2457 καὶ
1783 2407 2037 2471 ἐξάπτειν

467 2476 534 2528 τὰ
584 2480 682 2546 τῆς
739 2482 930 2551 ὀργῆς.
987 2486 1183 2554 Γέγονε
1231 2491 1525 2548 ταῦτακαὶ
1560 2499 1826 2571 παρῆλθε,
1862 2505 1954 2556 καὶ
1975 2506 2036 2558 τὸ

469 2569 594 2638 περὶ
623 2571 881 2624 τοιούτων
912 2577 1107 2645 ἀρτίως
1137 2579 1390 2644 διεξιέναι
1433 2586 1619 2655 ὅμοιον
1667 2589 1856 2664 ὥσπερ
1890 2595 1956 2649 ἂν
1986 2599 2032 2650 εί

468 2662 598 2731 περὶ
625 2664 833 2734 νεκρῶν
865 2667 1012 2730 ὅπως
1041 2670 1294 2735 ἐντεῦθεν
1341 2676 1582 2747 ἀπῆλθον
1615 2662 1923 2756 ἐπολυπραγ
1937 2705 2030 2758 μο-

461 2839 799 2894 occasionem
839 2841 1143 2900 insinuandi
1179 2863 1236 2904 se
1278 2850 1328 2904 in
1375 2855 1605 2920 gratiam
1649 2869 1777 2917 tunc
1801 2865 2028 2934 praepol-

459 2930 708 2998 lentium,
741 2943 861 3004 post
917 2951 1010 2993 eas
1054 2955 1190 3009 quas
1235 2943 1592 3004 indicavimus
1645 2957 2027 3024 responsiones

458 3021 686 3078 aliorum
739 3035 794 3080 et
859 3028 1214 3097 significatam
1266 3037 1704 3108 submissionem,
1735 3021 1920 3102 altius
1973 3060 2027 3104 et

457 3117 608 3184 quasi
639 3116 859 3176 liberius
904 3137 1089 3176 vocem
1124 3125 1338 3194 tollens,
1377 3129 1455 3184 sic
1486 3132 1550 3185 ad
1575 3135 1886 3189 concionem
1937 3155 2022 3193 re-

459 3206 672 3273 apnndit
698 3225 711 3261 :
747 3226 766 3260 ι
797 3209 897 3278 Qui
925 3211 1019 3266 tibi
1049 3215 1286 3278 tandem,
1312 3234 1331 3268 ι
1367 3216 1636 3286 inquiens,
1662 3239 1680 3273 ι
1711 3222 1766 3276 in
1794 3219 2025 3280 mentem

457 3297 605 3349 venit
659 3298 797 3352 hanc
845 3316 1005 3367 quam
1062 3305 1222 3358 modo
1251 3309 1558 3375 explicuisti
1599 3311 1667 3366 ad
1702 3327 1801 3369 nos
1827 3316 2028 3372 oratio-

457 3401 575 3441 nem
615 3388 854 3444 habere?
896 3391 1060 3457 Quasi
1101 3410 1203 3448 non
1232 3396 1440 3454 meritis
1491 3409 1545 3453 et
1593 3401 1852 3470 dignitate
1887 3421 2025 3475 pra:-

453 3480 692 3535 emineas
736 3482 937 3548 judicio
1001 3487 1343 3556 imperatoris
1395 3493 1714 3562 praepositus
1789 3497 2020 3552 cunctis.

448 3569 578 3632 Qua:
628 3587 788 3640 porro
842 3591 942 3630 nos
995 3579 1134 3646 apud
1189 3588 1241 3635 te
1291 3581 1422 3636 t'alsa
1477 3583 1760 3641 infamavit
1804 3589 2020 3656 delatio,

449 3667 702 3727 tanquam
755 3665 845 3733 qui
897 3666 1204 3722 videremur
1242 3671 1291 3726 ei
1344 3688 1461 3729 esse
1509 3674 1706 3732 infensi
1751 3680 1844 3747 qui
1875 3679 2022 3737 vices

445 3749 791 3818 imperatoris
819 3761 1086 3840 _gereret‘l
1131 3759 1262 3826 Quis
1289 3775 1469 3820 autem
1512 3767 1608 3822 tibi
1635 3767 1783 3838 jnste
1804 3771 2016 3840 culpam

446 3839 676 3911 imputet
731 3832 918 3902 eorum
961 3864 1082 3919 qua:
1125 3852 1193 3906 ab
1234 3854 1314 3908 ira
1355 3855 1494 3912 forte
1528 3861 1725 3915 mortui
1756 3863 2016 3933 principis

443 3934 542 4001 ipsi
598 3935 705 4004 pati
753 3939 1080 4007 contigerit?
1111 3939 1280 3999 Nemo
1313 3955 1420 4001 tam
1451 3948 1673 4016 ignarus
1701 3967 1879 4008 rerum
1908 3964 2012 4021 est,

441 4025 526 4078 cui
589 4037 712 4081 nota
750 4044 856 4084 non
883 4025 979 4085 sit
1027 4043 1220 4089 natura
1258 4036 1375 4107 ejus
1420 4040 1508 4108 qni
1552 4043 1701 4110 prius
1733 4026 2015 4113 imperavit

442 4112 771 4170 iracundior.
817 4117 948 4184 Quis
981 4122 1144 4176 etiam
1181 4125 1396 4194 ignoret
1431 4141 1631 4198 quanta
1671 4112 1832 4186 fuerit
1858 4150 2013 4190 acer-

440 4201 580 4259 bitas
628 4209 890 4276 temporis
937 4211 1100 4278 illius,
1148 4230 1267 4283 quas
1311 4218 1365 4270 in
1397 4235 1587 4274 omnes
1633 4235 1874 4291 grassata
1906 4235 2006 4289 est,

437 4301 493 4346 et
532 4297 703 4364 magis
736 4299 789 4351 in
827 4303 1410 4376 pr0pinqnioreslso
1443 4309 1607 4364 Plane
1634 4313 1791 4382 hujus
1817 4330 2009 4385 expers

439 4381 539 4437 fuit
587 4385 700 4440 fere
751 4404 929 4456 nemo,
961 4394 1062 4447 nisi
1096 4395 1236 4450 forte
1264 4381 1713 4456 remotissitnusa
1753 4405 1908 4459 nobis
1953 4414 2006 4461 et

2174 597 2419 670 ἐνσκήψῃ
2447 599 2552 653 κᾶν
2582 600 2680 673 μὴ,
2729 601 2901 667 οὕτως
2938 606 3174 662 ἐνταῦθα
3211 611 3273 665 τὸ
3327 614 3519 670 παθεῖν
3569 597 3719 689 ἐγγὺς

2170 687 2264 740 τοῦ
2287 689 2488 760 χρεὼν,
2523 691 2626 746 κᾶν
2684 689 2794 748 εἷεν
2843 698 2893 750 ot
2952 698 3142 766 λόγους
3192 704 3724 778 ὐποῗαλλόμυοικᾶν

2173 778 2248 848 μὴ
2284 780 2413 834 εἶεν.
2451 783 2561 835 Καὶ
2601 783 2660 836 cs
2695 787 3027 857 τεταγμένον
3065 791 3156 844 ὐπ’
3207 795 3349 864 ἄλλῳ
3394 800 3491 852 καὶ
3555 802 3721 857 δοῦλον

2166 870 2296 925 ὄντα
2319 874 2442 928 ὅσον
2475 879 2552 940 είς
2601 878 2781 948 λύπην
2816 881 3008 937 παθεῖν
3055 884 3302 954 δικαίως,
3353 893 3602 947 τοσοῦτον
3652 902 3721 962 εἰς

2169 964 2528 1032 παραμυθίαν
2569 969 2627 1021 τὸ
2655 969 2854 1032 ἀδίκως
2896 971 2997 1024 κᾶν
3021 973 3089 1026 τὰ
3125 978 3360 1045 μέγιστα
3389 981 3587 1051 πάσχοι
3630 1003 3720 1037 πα-

2167 1054 2300 1108 θεῖν.
2335 1056 2444 1109 Ποῦ
2477 1059 2657 1112 τοίνυν
2717 1062 2904 1132 καιρὸς
2935 1063 3043 1118 τῶν
3085 1069 3342 1123 τοιούτων
3387 1075 3520 1141 ἡμῖν
3566 1075 3719 1138 οὕτως

2165 1145 2346 1215 ἔχουσι
2414 1150 2524 1201 τῶν
2597 1155 2942 1222 πραγμάτων
3010 1159 3355 1226 μεμνῆσθαι,
3415 1165 3510 1215 καὶ
3567 1167 3718 1234 μηδὲν

2166 1238 2445 1305 προσῆκον
2475 1239 2602 1307 ὑμῖν
2651 1241 2900 1313 ἔγκλημα
2956 1248 3320 1316 περιάπτεινς
3362 1253 3422 1305 τὸ
3479 1250 3526 1304 δ’
3584 1255 3715 1322 ὑμᾶς

2159 1330 2308 1403 παρᾶ
2344 1331 2438 1383 τοῦ
2467 1331 2731 1399 βασιλέως
2753 1337 3018 1404 τιμᾶσθαι
3050 1342 3159 1401 τοῖς
3210 1341 3453 1408 μείζοσιν
3486 1345 3714 1414 ἀξιώμα-

2160 1435 2244 1470 σιν
2274 1421 2334 1471 οὐ
2359 1420 2569 1489 θέλημα
2604 1425 2766 1489 μόνον
2800 1422 2866 1498 ἦν
2908 1427 3169 1497 βασιλέως
3225 1435 3317 1487 καὶ
3357 1438 3546 1505 σχέσις
3600 1439 3715 1506 περὶ

2160 1511 2302 1582 ὑμᾶς
2337 1513 2560 1585 ἄκαιρος
2583 1519 2675 1570 καὶ
2715 1519 2856 1588 ὁρμή
2886 1537 2965 1578 τις
3015 1522 3200 1590 ἄλογός
3248 1543 3305 1577 τε
3346 1530 3440 1580 καὶ
3503 1535 3712 1604 περιττὴ

2158 1603 2428 1671 (μαίνοιτο
2450 1606 2517 1659 ἄν
2565 1624 2648 1670 τις
2678 1610 2726 1662 εί
2763 1609 2930 1672 οὕτως
2953 1611 3280 1684 ὑπονοοῖτο)·
3321 1617 3458 1671 ἀλλὰ
3488 1620 3556 1673 τὰ
3598 1623 3713 1688 ὑμῖν

2156 1695 2424 1762 προσόντα
2449 1698 2918 1769 πλεονεκτήματα,
2951 1706 3045 1756 καὶ
3085 1708 3145 1756 τὸ
3168 1708 3304 1779 ὑπὲρ
3340 1710 3466 1772 τοὺς
3499 1712 3711 1776 πολλοὺς

2153 1785 2350 1838 εἰδέναι
2379 1787 2472 1840 καὶ
2499 1789 2676 1857 λέγειν
2705 1793 2796 1843 καὶ
2827 1795 3105 1859 πράττειν,
3143 1798 3234 1849 καὶ
3259 1801 3291 1867 ὴ
3341 1801 3477 1869 πρὸς
3513 1803 3707 1856 ἐκεῖνον

2773 1886 3007 1953 καθαρὰ,
3047 1888 3139 1940 καὶ
3186 1890 3242 1941 τὸ
3286 1892 3397 1944 τῶν
3430 1892 3708 1961 βασιλείων

2123 1969 2488 2037 ,πραγμάτιον
2522 1972 2868 2042 ὑπερπονεῖν,
2893 1981 2988 2031 καὶ
3009 1979 3178 2036 τᾶλλα
3211 1977 3291 2044 οἷς
3315 1984 3383 2036 ἂν
3437 1988 3466 2038 ὀ
3516 1988 3706 2058 ἀληθὴς

2144 2056 2282 2126 ἀνὴρ
2305 2060 2625 2128 σεμνύνοιτο
2660 2066 2913 2137 τοιαύτην
2957 2069 3094 2140 ἔχων
3128 2074 3492 2142 κατάστασιν,
3541 2082 3700 2135 ταῦτα

2141 2145 2238 2218 τὴν
2270 2147 2533 2217 βασιλέως
2570 2153 2753 2210 ἔπειθε
2775 2159 2998 2232 γνώμην
3046 2165 3223 2227 καλῶς
3246 2167 3387 2237 ἔχειν
3449 2172 3575 2239 ὑμῖν
3616 2177 3701 2228 καὶ

2140 2241 2306 2309 τιμᾷν
2327 2244 2440 2306 τοῖς
2477 2247 2845 2316 προσήκουσι.
2875 2249 2938 2303 Τί
2979 2253 3038 2306 δὲ
3086 2258 3239 2327 παρὰ
3287 2260 3446 2312 τοῦτο
3490 2264 3580 2317 καί
3627 2283 3702 2328 τις

2139 2327 2389 2400 ἠδίκηται
2421 2333 2650 2404 ςῶσπερ
2684 2337 2750 2392 ἂν
2779 2339 2877 2392 οὐκ
2902 2341 3073 2406 ἄλλως
3111 2341 3178 2416 ἦν
3225 2349 3349 2412 τοὺς
3381 2352 3577 2417 ἄλλους
3630 2327 3702 2408 et;

2142 2420 2368 2487 μᾶσθαι,
2402 2424 2450 2476 εί
2489 2425 2564 2496 μὴ
2599 2426 2656 2477 ἐν
2685 2430 2889 2503 ἐσχάτῃ
2908 2433 3056 2498 τάξει
3097 2437 3251 2505 ὑμεῖς
3299 2441 3599 2500 τάττοισθε.
3648 2447 3701 2500 lit

2137 2509 2242 2577 μὲν
2263 2513 2372 2582 γὰρ
2393 2513 2562 2580 οὕτως
2599 2513 2666 2588 ἦν
2693 2521 2751 2573 τὸ
2783 2524 2908 2585 τοὺς
2947 2525 3138 2590 ἄλλους
3191 2533 3457 2600 τιμᾶςθαι
3508 2537 3570 2588 ἐκ
3615 2538 3699 2591 τοῦ

2135 2597 2280 2669 ὑμᾶς
2315 2606 2679 2674 παρορᾶσθαι,
2707 2609 2887 2676 καλῶς
2908 2614 2974 2667 ἂν
3013 2611 3159 2686 εῖχεν
3197 2597 3340 2687 ὑμᾶς
3389 2625 3451 2676 ἐν
3508 2627 3699 2691 αἰτίαις

2132 2686 2274 2746 εῐναι
2307 2709 2322 2724 ·
2349 2695 2473 2749 ἐπεὶ
2493 2697 2550 2751 δὲ
2574 2694 2639 2773 ἦν
2662 2698 2778 2772 ἅμα
2807 2704 2900 2757 καὶ
2949 2705 3091 2776 ὑμᾶς
3137 2686 3397 2780 τιμᾶσθαι
3458 2718 3546 2769 καῖ
3597 2686 3699 2782 τοῖς

2129 2875 2244 2930 sive
2283 2875 2531 2932 adferent
2583 2879 2699 2936 sive
2749 2883 2998 2941 del'orent
3055 2889 3271 2960 maligni
3334 2907 3692 2964 suggestorts.

2125 2965 2389 3023 Caeterum
2443 2971 2642 3027 homini
2687 2975 2789 3029 sub
2813 2975 2981 3032 aliena
3016 2989 3282 3046 potestate
3316 2991 3613 3042 constituto
3641 3002 3688 3044 et

2127 3071 2237 3110 sua:
2273 3061 2579 3119 conditione
2602 3061 2830 3122 fortuna:
2860 3070 3165 3138 mancipata
3187 3075 3434 3131 servituti
3462 3085 3688 3149 supremi

2053 3188 2096 3244 ο
2129 3147 2352 3216 domini,
2391 3163 2650 3221 quantum
2684 3158 2925 3214 dolorem
2959 3170 3118 3231 auget
3148 3165 3330 3222 inﬂicti
3366 3173 3493 3224 mali
3531 3147 3692 3242 culpa:

2128 3241 2480 3309 conscientia,
2526 3260 2629 3314 qua
2673 3264 2733 3304 se
2777 3250 2827 3304 id
2855 3251 3003 3320 juste
3051 3257 3399 3323 promeritttm
3433 3241 3689 3331 agnoscit,

2130 3341 2334 3387 tantum
2383 3337 2447 3391 ad
2478 3341 2901 3398 consolationem
2931 3345 3070 3400 valet
3095 3349 3255 3402 etiam
3289 3353 3524 3420 pessime
3558 3358 3687 3410 mulo

2134 3425 2263 3478 tatis
2292 3425 2618 3493 innocentia,
2647 3429 2799 3498 cujus
2834 3433 2936 3501 ipsi
2973 3443 3137 3492 testes
3163 3441 3263 3494 sibi
3291 3454 3440 3506 sunt,
3468 3455 3522 3500 et
3550 3458 3687 3500 certa

2126 3515 2248 3569 inde
2277 3528 2398 3571 nata
2419 3523 2698 3588 persuasio
2724 3538 2844 3579 sese
2879 3525 3076 3592 injuste
3110 3531 3216 3598 pati
3244 3547 3365 3602 qua
3393 3536 3685 3602 perferunt.

2123 3603 2259 3671 Quid
2297 3623 2427 3679 ergo
2469 3611 2654 3682 utique
2701 3615 2857 3671 nobis
2891 3629 3044 3672 vacat
3073 3619 3175 3675 hoc
3203 3624 3518 3694 reipublicae
3549 3639 3683 3682 stam

2122 3696 2384 3766 ejusmodi
2425 3709 2819 3759 transactarutn
2863 3707 2973 3777 jam
3013 3723 3190 3765 rerum
3219 3721 3272 3768 et
3302 3716 3684 3774 oblitteranda-

2121 3803 2238 3842 rum
2286 3792 2616 3858 meminisse,
2661 3797 2972 3866 crimenque
3014 3801 3166 3856 vobis
3211 3804 3474 3872 attingere
3519 3826 3546 3863 a
3583 3826 3684 3878 quo

2117 3881 2251 3935 estis
2299 3881 2660 3940 alienissimi?
2701 3887 2836 3942 Nam
2874 3892 3016 3960 quod
3045 3895 3112 3945 ab
3144 3895 3475 3965 imperatore
3506 3901 3678 3970 digni~

2119 3967 2317 4026 tatibus
2345 3973 2478 4028 estis
2503 3974 2849 4043 amplissimis
2873 3981 3071 4045 ornati,
3096 3996 3200 4036 non
3234 3985 3283 4036 id
3306 3967 3673 4055 imputandum

2113 4058 2283 4113 solum
2309 4063 2494 4130 gratia:
2513 4074 2570 4118 et
2597 4067 2853 4122 benevolo
2871 4069 2922 4123 in
2948 4085 3043 4125 vos
3059 4074 3236 4127 studio
3257 4073 3488 4132 faventis
3509 4079 3680 4149 Angit-

2112 4146 2203 4213 Sti,
2242 4151 2394 4217 quasi
2418 4152 2463 4204 is
2490 4153 2863 4230 intempestivo
2892 4157 2946 4212 in
2974 4174 3068 4213 vos
3087 4159 3370 4232 indulgens
3391 4146 3678 4222 aﬂecmiet

2112 4236 2366 4307 impetum
2403 4242 2610 4298 ratione
2651 4256 2922 4300 carentem
2975 4249 3198 4305 nimium
3236 4268 3468 4324 sequens
3509 4259 3557 4312 id
3601 4259 3674 4312 fe-

2108 4327 2264 4380 cerit.
2285 4326 2385 4398 51
2417 4329 2652 4385 lnsaniat
2678 4335 2921 4402 profecm
2947 4339 3036 4405 qui
3071 4341 3150 4394 sic
3175 4349 3389 4398 sentiat.
3419 4345 3524 4400 Sed
3556 4364 3669 4418 quze

2109 4415 2296 4473 insunt
2325 4422 2476 4475 vobis
2503 4423 2735 4488 exitnia',
2758 4426 2952 4494 quibus
2978 4443 3136 4498 supra
3164 4437 3369 4489 caeteris
3395 4440 3670 4504 excellitis,

2723 4480 2734 4488 ,
2775 4480 2791 4494 ,
2938 4480 2945 4481 ,
2983 4480 2998 4482 _
3043 4480 3136 4498 τη
3170 4480 3368 4489 ηπ..-
3397 4480 3670 4504 -η.ν.....,,

437 4481 559 4528 ortu
589 4489 827 4532 exteros.
865 4480 1057 4536 Verum
1085 4486 1152 4539 ab
1185 4502 1248 4541 eo
1277 4491 1364 4542 cui
1400 4491 1557 4545 ﬁdem
1586 4507 1930 4551 sacramento
1953 4508 2008 4553 et
2034 4509 2094 4582 Π
2113 4509 2286 4575 dotes,
2312 4509 2535 4565 facultas
2557 4513 3171 4587 iuteltigendi,toquendi
3197 4531 3251 4577 et
3273 4527 3464 4595 agendi
3491 4530 3674 4587 melius

437 4568 608 4635 pactis
652 4574 934 4627 conventis
986 4577 1282 4646 obligatam
1331 4592 1389 4636 ut
1437 4585 1664 4653 principi
1722 4588 2002 4657 habemus,

436 4659 598 4712 etiam
664 4661 1022 4720 intolerabilia
1075 4669 1298 4724 lerenda
1351 4682 1502 4739 sunt,
1558 4675 1601 4732 si
1652 4679 1700 4732 ei
1764 4679 2004 4750 libuerit,

435 4759 711 4820 utcunque
764 4770 920 4810 nemo
972 4773 1094 4812 eunt
1153 4763 1391 4832 impellat
1439 4776 1532 4819 aut
1567 4770 1814 4840 malignis
1860 4775 2005 4827 dela-

437 4842 668 4899 tionibus
721 4848 894 4902 irritet
937 4851 988 4904 in
1031 4853 1307 4918 miserum,
1356 4859 1443 4912 cui
1477 4869 1563 4913 est
1597 4861 1857 4918 infensus.
1902 4863 2001 4920 Ubi

433 4948 564 5004 ergo
617 4937 730 5006 ipse
776 4942 867 5003 qui
910 4945 1095 4998 nocuit
1143 4945 1352 5014 injuria:
1383 4950 1696 5016 absolvitur,
1723 4955 1846 5023 jure
1876 4973 1998 5026 pro-

435 5025 552 5092 prio
601 5029 746 5095 regni
783 5033 994 5088 cunctis
1025 5045 1184 5099 noto,
1212 5041 1444 5092 otiosum
1475 5056 1605 5097 sane
1637 5043 1797 5099 fuerit
1825 5047 2002 5102 inces-

434 5128 557 5172 sere
593 5119 731 5176 alios
778 5125 1179 5193 suspicionibus
1209 5130 1663 5188 calumniosarum
1701 5139 2002 5206 suggestio-

433 5217 586 5268 num,
635 5210 832 5276 quibus
873 5212 1008 5266 iram
1055 5215 1300 5271 videlicet
1327 5222 1483 5288 quasi
1510 5237 1615 5278 non
1653 5239 1752 5294 per
1779 5243 1838 5281 se
1865 5231 1997 5282 satis

432 5297 710 5354 ardentem
740 5306 1107 5361 acccnderint.
1133 5307 1369 5366 Fuerunt
1393 5313 1526 5379 haec,
1555 5326 1609 5370 et
1638 5320 1994 5386 transierunt;

431 5392 486 5436 et
529 5385 582 5437 in
625 5386 708 5442 bis
748 5393 904 5446 modo
935 5408 1185 5452 sermone
1219 5404 1889 5461 retractandisimmorari
1917 5407 1992 5461 si-

429 5475 556 5528 mile
601 5476 762 5532 fuerit
791 5494 855 5535 ac
903 5484 949 5538 si
984 5487 1050 5539 de
1081 5491 1310 5544 mortuis
1337 5506 1436 5545 cur
1461 5495 1795 5549 decesserint
1831 5499 1995 5552 anxia

427 5565 742 5623 instituatur
789 5573 1089 5643 inquisitio.
1166 5580 1416 5634 Ul‘ettilll
1469 5585 1538 5638 ibi
1580 5586 1762 5640 fatalis
1806 5603 1995 5644 neces-

425 5659 595 5724 sitas,
649 5662 762 5717 sive
805 5667 1022 5722 morbus
1074 5671 1338 5740 ingruerit
1395 5675 1634 5730 sonticus
1693 5679 1810 5733 sive
1864 5696 1989 5748 non,

427 5766 644 5807 causam
697 5754 946 5826 absolvit,
993 5761 1066 5815 ita
1114 5773 1168 5816 ct
1201 5764 1330 5820 hinc
1376 5783 1470 5821 nos
1513 5769 1621 5838 pati
1657 5768 1826 5824 fatum
1867 5772 1987 5841 fuit,

2111 4613 2271 4666 qttam
2316 4600 2578 4671 plerique,
2611 4605 2821 4658 sincera
2862 4609 2913 4660 in
2957 4610 3101 4663 illum
3140 4627 3202 4666 ac
3238 4613 3342 4668 l'uci
3379 4631 3572 4682 expers
3611 4623 3671 4672 ti-

2110 4689 2226 4752 dcs,
2253 4687 2464 4743 labores
2493 4691 2544 4742 in
2573 4691 3037 4749 administratione
3065 4699 3368 4767 reipublicae
3393 4703 3592 4758 assidui
3621 4713 3670 4758 et

2109 4779 2310 4844 magni,
2338 4790 2658 4849 caeteraqne,
2685 4798 2803 4851 quae
2829 4801 3097 4842 summum
3127 4792 3477 4859 ejus.ordinis
3502 4797 3666 4850 virum

2107 4871 2190 4923 vel
2221 4873 2451 4926 maxime
2481 4876 2876 4942 commendent,
2902 4877 3277 4947 imperatorem
3306 4883 3358 4936 in
3391 4884 3548 4939 istam
3576 4903 3664 4942 vos

2103 4965 2452 5032 promovendi
2503 4973 2557 5019 et
2600 4975 2656 5020 ut
2703 4982 2798 5036 par
2843 4980 2960 5022 erat
3005 4971 3302 5030 honorandi
3347 4981 3662 5033 sententiam

2104 5061 2406 5108 traxerunt.
2432 5055 2569 5120 Quid
2598 5064 2775 5111 autem
2810 5058 2931 5125 hoc,
2957 5076 3159 5130 quasso,
3184 5065 3433 5134 cuiquam
3460 5070 3664 5124 nocuit?

2102 5143 2267 5210 Quasi
2308 5160 2433 5200 vero
2477 5161 2580 5200 non
2622 5147 2779 5202 aliter
2816 5154 3089 5219 potuerint
3127 5155 3215 5209 alii
3259 5156 3532 5225 honorari,
3564 5162 3659 5216 nisi

2099 5248 2193 5286 vos
2233 5232 2286 5288 in
2327 5244 2529 5289 sortem
2572 5236 2816 5290 ultimam
2859 5241 3298 5300 detruderentini.
3336 5246 3466 5302 Nam
3509 5266 3657 5316 sane,

2098 5323 2142 5377 si
2181 5323 2253 5378 ita
2288 5338 2376 5379 res
2409 5325 2630 5381 haberet
2663 5337 2721 5381 ut
2751 5329 2874 5384 aliis
2907 5343 3150 5400 speratus
3182 5346 3461 5403 Optatusve
3493 5341 3659 5396 honor

2097 5431 2161 5470 ex
2195 5415 2360 5470 vestri
2395 5417 2649 5486 despectu
2683 5428 2738 5474 et
2763 5422 3108 5489 depressione
3141 5428 3414 5495 penderet,
3444 5441 3657 5498 possent

2095 5523 2219 5563 cum
2261 5507 2439 5577 aliqua
2481 5511 2660 5579 specie
2702 5511 2970 5581 imputare
3010 5514 3160 5570 vobis
3198 5517 3492 5586 neglectum
3533 5537 3655 5593 pro-

2096 5598 2296 5666 prium,
2327 5598 2418 5666 qui
2450 5614 2511 5652 se
2541 5603 2848 5669 praeteritos
2872 5616 3188 5672 queruntur.
3215 5607 3346 5664 Cum
3375 5626 3498 5666 vero
3525 5613 3653 5666 nihil

2093 5689 2431 5756 prohibuerit
2469 5692 2756 5761 quominus
2800 5704 2854 5750 et
2908 5711 3002 5750 vos
3044 5702 3396 5768 ornaremini,
3445 5716 3500 5758 et
3535 5705 3648 5758 aliis

2097 5780 2474 5848 contingerent
2504 5785 2708 5839 meritae
2739 5795 2830 5841 aut
2858 5791 3156 5860 concupita:
3190 5793 3498 5865 dignitates,
3528 5812 3645 5854 cum
