3952 6506
257 393 365 451 ἇδλ5

1241 401 1336 461 DE
1376 400 1767 462 MICHAELE
1811 400 2270 461 PALIEOI..0GO
2314 403 2462 463 LIB.
2507 405 2553 466 Ῑ.

3402 410 3505 472 4ξ6

256 509 442 570 ἄλλοις
474 509 624 563 οὐδὲν
650 506 810 581 ἦττον
836 512 905 565 τὰ
930 510 1036 565 τῶν
1059 512 1382 583 ἀξιωμάτων
1397 512 1469 575 ὡς
1499 516 1643 576 εῗκδς
1666 531 1831 583 προσ·
1868 524 1902 575 Α
1931 511 1989 565 δὲ
2031 515 2223 575 πάντες
2254 514 2556 568 ἐπιτάττειν
2578 514 2773 585 ἔχομεν
2812 533 2826 547 ο
2861 516 3098 588 ἄναρχον
3130 519 3240 588 γάρ
3286 521 3347 574 τὸ
3400 539 3505 576 πο-

252 602 655 668 νὲμεσθαι,καὶ
687 606 812 666 τοὺς
844 604 941 673 μὲν
971 605 1039 657 τα
1072 607 1243 657 οἰκεῖα
1272 605 1437 675 ἔχειν,
1468 604 1550 675 [Ρ.
1584 604 1675 675 29]
1711 608 1835 666 τυὺς

249 690 305 742 δὲ
338 694 437 743 καὶ
487 692 785 762 λαμϐάνειν
840 698 990 764 παρὰ
1023 695 1281 765 βασιλέως
1330 696 1395 747 τὰ
1465 697 1615 762 σφίσι
1673 713 1833 764 πρασ-

251 781 489 850 ήκοντα,
527 784 625 835 ποῦ
648 784 875 848 δίκαιον,
909 787 956 837 εί
988 784 1063 855 μὴ
1090 781 1155 855 ἦν
1191 787 1357 854 ἄμφω
1412 788 1504 838 καὶ
1553 786 1829 855 ἐνεχώρει.

249 872 395 926 οὕτω
418 875 617 928 δοκοῦν
655 876 884 945 βασιλεῖ,
924 880 1071 947 ὅμως
1117 879 1283 948 ὑμᾶς,
1342 880 1520 943 δεξιᾶς
1555 882 1832 949 πειρωμέ-

250 985 375 1029 νους
407 969 515 1035 τῆς
568 969 755 1040 τύχης.
806 972 1012 1033 αἰτίους
1069 975 1165 1037 τῆς
1222 974 1442 1026 ἐκείνων
1491 973 1832 1043 δἐσπραγίας

246 1058 575 1127 κρίνεσθαις
610 1062 812 1114 παῦσαι
846 1062 1024 1115 τοίνυν
1056 1064 1328 1127 τοιούτους
1358 1064 1651 1131 λογισμοὺς
1680 1068 1832 1134 στρέ-

247 1168 366 1216 φων
395 1153 458 1204 ὲν
484 1158 548 1221 τῇ
570 1156 737 1224 ψυχῇ,
761 1155 818 1219 ἐξ
848 1150 922 1209 ὧν
955 1158 1239 1224 συμόαίνει
1294 1159 1392 1210 οὐκ
1437 1159 1592 1225 ὀλίγα
1642 1159 1828 1211 λυπεῖ·

248 1240 375 1293 σθαι
412 1246 661 1307 καὶτοὺς
693 1246 1009 1311 ἀκούοντας,
1033 1247 1107 1312 ὡς
1141 1248 1313 1316 ἔγωγε
1338 1248 1504 1302 πολλὰ
1546 1250 1614 1303 ἂν
1657 1252 1829 1303 είπεῖν

246 1332 388 1400 ἔχων
420 1334 558 1403 περὶ
584 1336 839 1389 τοιούτων
866 1337 923 1389 ἒν
948 1339 1040 1390 καὶ
1068 1339 1228 1407 μόνον
1259 1340 1388 1407 ἐρῶ,
1419 1341 1494 1402 ὼς
1540 1341 1697 1410 εἴπερ
1744 1341 1829 1394 ἐπ’

244 1424 561 1495 ἀλλοδαπῆς
584 1421 675 1495 ἦτε
708 1428 936 1481 τοιοῦτοι
958 1429 1131 1495 ὄντες,
1170 1429 1341 1484 πολλὰ
1374 1429 1439 1484 ἂν
1468 1431 1732 1501 εὐξαίμψ
1762 1434 1827 1486 ἂν

245 1514 304 1565 ὲν
332 1515 562 1583 ἀκαρεῖ,
600 1518 758 1587 εἴπερ
795 1514 906 1572 οἷόν
941 1537 1019 1585 τε,
1067 1522 1176 1581 τοῖς
1201 1522 1508 1589 ἡμετέροις,
1563 1522 1705 1575 οὕτω
1736 1526 1829 1577 καὶ

249 1604 459 1671 μᾶλλον
489 1606 725 1676 ἔχουσιν,
761 1611 1069 1679 ἐπιστῆναι,
1113 1611 1281 1681 ἢάλλ’
1319 1612 1465 1679 ἡμᾶς
1506 1613 1698 1675 αὐτοὺς
1734 1617 1828 1670 καὶ

245 1694 505 1763 χρήμασι
540 1699 633 1751 καὶ
664 1700 883 1768 τρόποις
915 1703 1119 1772 ἑτέροις
1181 1701 1361 1765 ζητεῖν
1402 1702 1497 1769 τὴν
1556 1704 1825 1776 ὑμετέραν
1864 1721 1871 1727 ·

246 1787 381 1855 πρὸς
408 1788 563 1856 ἡμᾶς
602 1790 802 1858 ἄφιξιν,
821 1794 913 1844 καὶ
940 1792 1121 1857 ἀξιοῦν
1153 1797 1473 1863 ἐπιστάντας
1496 1801 1602 1855 τῶν
1634 1801 1826 1868 ἡμετέ-

1938 602 2190 673 λύαρχον.
2237 605 2387 657 Ἐπεὶ
2425 606 2468 657 δ’
2507 606 2602 658 ἕνα
2641 606 2891 677 προέχειν
2936 611 3072 677 μετά
3123 610 3345 679 βασιλέα
3398 615 3507 665 τῶν

1937 694 2249 761 ἀναγκαίων
2275 696 2409 759 ἐστὶ,
2433 696 2513 759 τίς
2541 697 2700 761 ἄλλος
2740 700 2833 751 καὶ
2856 702 3149 771 προάρχειν
3175 702 3323 765 ἄξιος
3352 706 3399 757 εί
3429 714 3505 775 μη

1938 785 1964 834 ὁ
1994 787 2113 847 ταῖς
2148 783 2324 849 ἀξάις
2382 787 2825 856 ὑπερφερόμενος
2862 807 2876 853 ;
2916 791 2987 843 Τὸ
3038 790 3169 859 γοῦν
3211 794 3342 861 ἐμὸν
3383 797 3507 850 ὅσον

1934 869 2001 944 ἦν
2032 878 2224 942 εἰπεῖν,
2252 880 2464 947 εἴρηται
2490 895 2504 907 ·
2548 880 2653 948 ὅτῳ
2676 880 2721 932 δ’
2744 881 2946 950 ἑτέρως
2972 883 3137 947 δοκεῖ,
3175 884 3338 937 καλὸν
3364 886 3506 951 ἔξει-

1935 968 2056 1047 πεῖν
2089 968 2224 1030 τέως
2260 981 2274 995 ·
2304 970 2364 1021 ού
2389 970 2496 1039 γὰρ
2532 970 2649 1034 δέος
2686 973 2938 1039 κωλύσει,
2994 978 3084 1027 καὶ
3134 978 3500 1047 ἀκουσόμεθα,

1934 1055 2001 1107 ἂν
2038 1057 2212 1121 ἄλλως
2244 1059 2379 1118 τέως
2414 1060 2510 1131 ἔχῃ
2541 1078 2624 1124 τις
2658 1062 2855 1130 λέγειν.
2902 1065 3060 1118 Ἀλλά
3095 1067 3230 1137 μηδὲ
3260 1086 3339 1129 tt;
3396 1070 3503 1121 τῶν

1932 1148 2171 1210 πάντων,
2202 1149 2274 1212 ὡς
2295 1152 2359 1202 ὲκ
2389 1152 2494 1203 τῶν
2518 1156 2855 1222 πραγμάτων
2878 1154 2991 1209 ἔστι
3024 1158 3201 1225 μανθά
3234 1176 3333 1222 ειν,
3368 1161 3505 1229 μᾶλα

1932 1236 2019 1287 λον
2050 1237 2105 1288 δὲ
2141 1240 2231 1290 καὶ
2271 1240 2329 1305 ἐξ
2355 1235 2427 1293 ὧν
2458 1243 2640 1296 ἀκούω
2664 1246 2949 1311 λεγόντων,
3013 1250 3502 1317 ἀμφιγνωμονήσοι

1932 1328 2067 1395 πρὸς
2088 1329 2152 1379 τὰ
2173 1330 2455 1400 λεγόμενα.
2490 1353 2507 1385 ι
2536 1335 2718 1388 Ταῦτα
2737 1336 2829 1390 τοῦ
2858 1338 3088 1405 μεγάλου
3113 1340 3501 1393 κοντοσταύλου

1927 1415 2302 1485 διεξελθόντος,
2326 1425 2373 1473 oi
2414 1426 2470 1475 ὲν
2500 1424 2640 1477 τέλει
2668 1433 2867 1490 πάντες
2890 1429 2963 1493 ὡς
2986 1431 3093 1482 ἀπδ
3154 1432 3279 1499 μιᾶς
3312 1430 3500 1503 ὥσπερ

1928 1509 2105 1577 ὁρμῆς
2128 1514 2219 1563 καὶ
2248 1514 2577 1582 προθέσεως,
2616 1518 2690 1580 ὼς
2749 1518 2911 1587 δῆθεν
2953 1522 3028 1590 μὴ
3080 1524 3240 1575 πὶέον
3288 1524 3502 1593 ἔχοντες

1927 1598 2128 1666 λέγειν,
2182 1605 2443 1673 ἐμφανεῖς
2487 1604 2626 1677 ἦσαν
2674 1610 3043 1681 συντιθέμενοι
3102 1620 3211 1677 τοῖς
3263 1616 3498 1685 ῥηθεῖσι,

1932 1692 2131 1759 μᾶλλον
2167 1695 2265 1762 μὲν
2294 1692 2385 1749 οὖν
2417 1697 2671 1768 ὥχθησάν
2703 1718 2761 1753 τε
2791 1704 2884 1755 καὶ
2909 1704 3295 1774 βαρυνομένοις
3329 1706 3500 1775 ἐῴκε-

1932 1800 2029 1833 σαν
2067 1787 2421 1857 παραχρῆμα,
2456 1792 2501 1840 εἰ
2530 1790 2657 1843 ἄλλο
2674 1809 2724 1844 τι
2754 1794 2904 1861 παρὰ
2930 1796 2997 1847 τὰ
3030 1797 3289 1867 λεχθέντα
3322 1800 3499 1866 λέγειν

248 1893 356 1945 ρων
380 1879 907 1950 ἀντιλαμβάνεσθαι,
940 1886 1009 1937 Σὺ
1036 1887 1114 1951 δὲ,
1164 1886 1353 1958 ὥσπερ
1406 1892 1470 1944 ἂν
1528 1892 1820 1961 ἀξιώτερος
1858 1886 1895 1938 Β
1928 1875 2201 1930 ὑπονοοίτό
2235 1896 2314 1941 τις
2338 1882 2515 1933 ἐκεῖσε
2551 1884 2761 1952 παρών.
2794 1886 2956 1939 Ὅθεν
2986 1891 3079 1940 καὶ
3139 1890 3498 1960 προύλάμόα-

245 1967 403 2031 ἄλλος
443 1965 516 2040 ἦν
544 1972 620 2033 είς
681 1973 1004 2043 κηδεμονίαν
1046 1975 1348 2047 βασιλικὴν,
1396 1981 1494 2050 τὴν
1550 1982 1821 2049 ἡμετέραν

245 2056 509 2126 βούλησιν
542 2065 851 2133 ἀναμένεις.
880 2067 974 2129 Τίς
1010 2069 1185 2131 τοίνυν
1222 2070 1401 2134 ἱκανὸς
1438 2073 1687 2125 ἀναλύειν
1718 2073 1819 2141 ψῆ-

244 2168 341 2217 φον
408 2154 722 2221 βασῦειονς
773 2158 853 2220 τίς
910 2159 967 2210 δὲ
1022 2162 1172 2230 παρὰ
1206 2163 1263 2214 σὲ
1295 2162 1352 2215 τὸ
1384 2164 1644 2231 ἐχέγγυον
1681 2164 1821 2232 ἔχων

245 2244 534 2306 φανεῖσθαι
568 2246 661 2298 ἐπὶ
686 2248 914 2319 μεγίστῃ
946 2247 1164 2321 τοιᾶύτῃ
1218 2253 1541 2324 προσεδρεὶᾳ
1591 2256 1683 2307 καὶ
1721 2254 1817 2324 βα-

247 2332 483 2396 σιλικοῖς
519 2337 805 2405 πράγμασι
828 2356 841 2402 ;
877 2340 940 2392 σὺ
967 2341 1075 2412 γὰρ
1102 2342 1193 2394 καὶ
1220 2346 1338 2405 ταῖς
1358 2344 1533 2407 ἀξίαις
1567 2346 1819 2415 προέχεις

246 2423 338 2475 καὶ
373 2428 597 2477 συνέσει
626 2426 697 2489 ὡς
740 2428 891 2482 οἰδὲν
939 2431 1201 2486 ἐλλείπων
1253 2435 1590 2505 ύπερτερεῖς.
1648 2440 1819 2507 Ἀρχε

243 2514 444 2581 τοίνυν,
509 2521 602 2571 καὶ
648 2522 864 2589 προνόει
916 2525 1017 2592 μὲν
1062 2524 1348 2593 βασιλέως,
1384 2529 1598 2595 προνόει
1628 2528 1684 2581 δὲ
1728 2530 1820 2582 καὶ

243 2604 340 2673 τῆς
362 2608 480 2661 τῶν
515 2609 799 2679 Ῥωμαίων
828 2614 1121 2683 ἡγεμονίας
1146 2618 1501 2685 πραγμάτων.
1532 2619 1641 2672 Καὶ
1662 2621 1820 2689 ἡμεῖς

245 2696 629 2764 εύπειθούντες
658 2702 899 2773 ἑψόμεθα
933 2721 947 2736 ·
975 2705 1036 2757 ού
1067 2706 1174 2777 γάρ
1203 2708 1398 2769 πάντες
1436 2710 1692 2779 ἄρξομεν,
1725 2710 1818 2762 οὐκ

246 2878 403 2933 simul
434 2880 557 2936 ﬁeri
588 2882 840 2950 potuerit,
865 2892 920 2938 ut
948 2894 998 2940 et
1031 2885 1065 2940 ii
1100 2886 1187 2955 qui
1212 2886 1319 2955 jam
1348 2898 1500 2942 erant
1525 2888 1576 2943 in
1600 2890 1820 2945 honori-

246 2970 344 3022 bus
372 2985 633 3039 possessa
661 2984 1064 3038 conscrvarent,
1089 2988 1141 3029 et
1163 2979 1250 3044 qui
1281 2977 1421 3048 digni
1446 2992 1599 3032 erant
1627 2981 1820 3036 nihilo-

250 3060 424 3113 minus
457 3072 583 3128 apta
611 3061 740 3129 ipsis
766 3063 834 3117 ab
862 3063 1184 3133 imperatore
1206 3066 1531 3134 acciperent,
1550 3078 1818 3138 quomodo

242 3150 447 3219 justum
490 3153 561 3206 sit
600 3154 871 3207 Contraria
905 3165 958 3208 et
987 3170 1045 3209 se
1080 3155 1307 3211 invicem
1344 3160 1681 3215 eacludcntia
1716 3163 1816 3217 lin-

247 3256 371 3311 gere
401 3258 530 3311 quae
565 3243 720 3297 simul
757 3260 879 3299 esse
916 3248 1233 3313 potuerunt?
1266 3249 1332 3302 Et
1366 3264 1469 3317 quo
1498 3249 1620 3319 jure
1653 3252 1813 3321 aliqui

249 3337 498 3403 repulsas
532 3336 579 3390 si
612 3352 744 3405 quas
777 3347 900 3391 sunt
935 3342 1107 3407 passi,
1141 3349 1191 3393 et
1229 3339 1272 3393 si
1312 3355 1429 3409 qua:
1469 3342 1597 3406 ipsis
1637 3344 1817 3397 dolent

246 3429 590 3491 exclusiones
638 3430 703 3481 ab
748 3430 1065 3493 honoribus,
1099 3430 1267 3483 favori
1311 3431 1651 3498 imperatoris
1690 3449 1812 3501 pro-

247 3535 410 3587 penso
446 3519 501 3573 in
530 3535 626 3573 vos
658 3529 711 3572 et
737 3530 928 3574 vestrae
960 3521 1182 3588 propria.
1212 3522 1436 3574 fortuna:
1466 3523 1815 3591 assiguandas

244 3622 299 3663 ut
323 3625 469 3664 vera:
493 3624 667 3663 causa:
692 3607 1058 3662 arbitrantur?
1082 3607 1274 3661 Desine
1303 3609 1463 3678 igitur
1486 3609 1614 3663 tales
1638 3610 1812 3679 suspi-

242 3703 422 3756 ciones
464 3702 645 3755 animo
686 3714 920 3763 versare,
954 3697 1167 3768 quibus,
1198 3714 1318 3751 cum
1366 3714 1458 3753 eas
1500 3700 1679 3753 verbis
1716 3715 1813 3754 ex-

243 3790 451 3861 primis,
483 3792 757 3847 auditores
787 3806 892 3844 non
922 3792 1131 3845 modice
1162 3791 1469 3844 contristas.
1489 3791 1667 3860 Atque
1689 3806 1811 3859 ego,

244 3901 360 3938 cum
414 3885 483 3937 de
538 3884 620 3937 his
677 3882 899 3936 habeam
958 3884 1119 3935 multa
1170 3897 1289 3951 quae
1342 3896 1552 3949 possem
1604 3883 1811 3945 dicere,

246 3992 404 4030 unum
438 3976 598 4029 modo
624 3977 814 4029 addam
849 3992 863 4029 :
897 3975 938 4027 si
964 3990 1080 4038 vos,
1110 3990 1231 4028 eum
1267 3976 1395 4027 tales
1422 3973 1561 4037 sitis,
1594 3989 1815 4043 peregre

244 4069 292 4120 in
334 4070 517 4134 aliqua
564 4077 746 4121 extera
797 4067 1013 4136 regione
1058 4065 1355 4133 degeretis,
1387 4066 1526 4119 votis
1570 4076 1810 4131 optarem

242 4160 559 4214 ardentibus
585 4159 865 4212 transferri
894 4158 995 4211 huc
1021 4172 1113 4211 vos
1136 4156 1390 4210 divinitus
1414 4156 1518 4225 52
1546 4168 1814 4210 momento

245 4252 501 4320 temporis
524 4260 577 4303 et
598 4248 971 4319 gubernationi
996 4264 1172 4302 rerum
1198 4258 1521 4311 nostrarum,
1545 4264 1650 4316 quo
1673 4259 1811 4302 statu

242 4355 364 4396 sunt
399 4344 589 4405 hodie,
618 4343 888 4411 praeponi,
919 4342 1111 4395 nedum
1148 4350 1205 4393 ut
1238 4341 1458 4393 moleste
1492 4340 1685 4395 ferrem
1722 4356 1813 4395 vos

245 4432 383 4500 ipsos
416 4432 674 4500 impensis
699 4432 974 4498 modisque
996 4430 1113 4484 aliis
1134 4439 1366 4483 vestrum
1396 4432 1499 4484 huc
1523 4431 1808 4484 adventum

1924 1982 2011 2015 νεν
2040 1964 2195 2029 ἄλλος
2227 1966 2384 2020 ἄλλου
2416 1970 2580 2033 λέξων
2600 1975 2665 2023 τὰ
2695 1973 2829 2043 πρὸς
2858 1977 3041 2045 χάριν,
3077 1978 3171 2029 καὶ
3200 1979 3386 2045 δείξων
3419 1982 3496 2045 ὡς

1921 2056 1979 2108 ca
2015 2057 2104 2109 ὑπ’
2135 2060 2328 2130 ἐκείνῳ
2374 2062 2663 2117 τάττεσθαι
2688 2065 2778 2117 τοῦ
2846 2068 3035 2137 ἄρχειν
3074 2070 3234 2123 αὐτὸν
3288 2073 3496 2125 ἐκεῖνον

1924 2151 2049 2217 περὶ
2072 2150 2314 2215 πλείονος
2349 2153 2492 2220 άγοι.
2530 2156 2609 2208 Τά
2653 2156 2697 2208 δ’
2721 2152 2860 2227 ἦσαν
2889 2161 3086 2229 σκῆψις
3132 2164 3223 2214 καὶ
3284 2166 3496 2234 κόμπος

1920 2236 2116 2303 ἄλλως,
2172 2240 2247 2302 ὡς
2305 2240 2493 2307 ἔδειξε.
2557 2244 2686 2297 Τότε
2726 2247 2854 2313 γοῦν
2900 2249 2992 2301 τοῦ
3029 2251 3285 2318 συλλόγου
3315 2252 3493 2306 διαλυ-

1923 2326 2125 2392 θέντος,
2157 2331 2223 2383 τά
2259 2335 2425 2385 πιστά
2458 2333 2636 2387 λαϐὼν
2665 2338 2913 2391 ἐντεῦθεν
2975 2342 3002 2393 ὁ
3085 2345 3490 2412 πρωτοὸεστιά-

1922 2435 2035 2487 ριος
2068 2420 2159 2471 τοῦ
2196 2424 2288 2473 καὶ
2313 2423 2544 2476 ἑκόντων
2570 2426 2729 2493 δῆθεν
2781 2429 2887 2480 τῶν
2946 2435 3284 2499 μεγιστάνων
3340 2436 3493 2503 βασι-

1921 2508 2059 2572 λέως
2090 2510 2174 2582 [Ρ.
2204 2513 2294 2585 50]
2324 2517 2414 2567 καὶ
2449 2517 2554 2570 τῶν
2593 2522 2933 2589 πραγμάτων
2954 2525 3115 2576 αὑτὸν
3178 2525 3271 2577 καὶ
3329 2528 3491 2594 μόνον

1920 2602 2125 2653 ἐκεῖνον
2152 2599 2289 2657 εἶναι
2314 2606 2673 2674 διαφερόντως
2708 2611 2799 2663 τὸν
2830 2617 3171 2683 φριντιστὴν,
3208 2618 3492 2671 ἀναλαϐὼν

1918 2691 2016 2761 τὴν
2055 2695 2234 2748 πᾶσαν
2262 2696 2492 2767 δύναμιν
2520 2700 2610 2752 ἐπὶ
2642 2702 2959 2771 Μαγνησίας
2995 2706 3210 2775 ἐχώρεε.
3268 2710 3374 2761 Και
3426 2710 3490 2779 δὴ

1924 2889 2113 2927 omnes
2160 2890 2467 2943 possumus.
2499 2876 2614 2932 Non
2663 2893 2879 2944 omnes,
2914 2882 3161 2953 inquam,
3198 2900 3383 2956 regere
3426 2904 3489 2944 ac

1922 2968 2209 3036 praecipere
2246 2970 2495 3022 convenit
2542 2980 2633 3024 aut
2675 2970 2755 3026 fas
2795 2984 2877 3027 est
2914 2990 2937 3029 ι
2983 2974 3073 3029 ubi
3115 2976 3256 3030 enim
3301 2993 3489 3033 oinnes

1919 3071 2184 3125 pra-sunt,
2217 3060 2393 3113 nullus
2422 3071 2637 3129 praeest.
2666 3063 2926 3128 Quoniam
2958 3082 3085 3135 ergo
3117 3068 3214 3121 sub
3246 3070 3487 3139 principe

1925 3162 2086 3199 nnutn
2120 3148 2384 3216 imperare
2416 3156 2778 3205 necessarium
2808 3162 2909 3218 est,
2936 3158 3057 3222 quis
3077 3156 3212 3211 alius
3240 3158 3340 3211 isto
3371 3158 3488 3215 loco

1922 3237 2132 3304 dignior
2171 3255 2330 3307 quam
2374 3242 2461 3311 qui
2512 3243 2716 3297 meritis
2758 3255 2810 3298 et
2853 3248 3109 3315 dignitate
3134 3251 3487 3317 pra-eminet?

1916 3328 2116 3396 Aperui
2153 3346 2367 3386 sensum
2407 3351 2582 3389 meum
2603 3377 2617 3402 ,
2650 3345 2703 3390 et
2733 3337 2893 3392 eﬂ‘udi
2925 3349 3186 3408 quantum
3220 3342 3275 3397 in
3307 3346 3486 3399 animo

1921 3421 2204 3479 habebam.
2237 3425 2408 3489 Dicat,
2441 3427 2483 3479 si
2522 3429 2604 3481 cui
2641 3428 2784 3482 aliud
2819 3431 3046 3486 videtur.
3082 3432 3271 3489 Nullus
3305 3436 3486 3490 obstat

1918 3522 2111 3576 metus,
2137 3530 2326 3568 set-ure
2360 3518 2502 3573 licet.
2534 3518 2731 3572 Omnes
2762 3520 2988 3576 libenter
3014 3524 3311 3589 audiemus,
3339 3529 3487 3595 quis-

1916 3602 2039 3669 quis
2078 3604 2211 3668 erit,
2242 3607 2324 3660 cui
2362 3608 2503 3676 quod
2544 3612 2934 3677 prmlerendum
2977 3622 3130 3684 putet
3161 3616 3212 3669 in
3252 3628 3482 3672 mentem

1917 3696 2114 3749 veniat.
2153 3696 2347 3751 Verum
2390 3701 2565 3754 rmllus
2609 3711 2689 3755 est
2726 3704 2997 3764 omnium,
3032 3714 3182 3773 prout
3228 3722 3311 3760 res
3354 3706 3484 3777 ipsae

1919 3798 2244 3854 monstrant,
2270 3800 2323 3843 et
2351 3806 2486 3859 quas
2521 3793 2680 3845 audio
2716 3794 3005 3846 multorum
3039 3810 3218 3861 νοιοε,
3252 3798 3339 3865 qni
3376 3815 3479 3849 non

1915 3881 2100 3933 eadem
2151 3881 2427 3935 nobiscum
2475 3881 2679 3951 judicet
2725 3891 2778 3935 et
2824 3882 2980 3952 plane
3032 3887 3357 3939 assentiatur
3400 3886 3483 3942 his

1913 3987 2031 4041 quae
2052 3970 2162 4039 jam
2190 3971 2330 4025 dicta
2359 3982 2504 4027 sunt.
2537 3992 2555 4025 ι
2585 3973 2708 4028 llaec
2739 3990 2859 4029 cum
2890 3990 3112 4043 magnus
3142 3978 3483 4031 t'onostaulus

1919 4072 2242 4129 perorasset,
2265 4064 2353 4132 qui
2383 4064 2604 4119 aderant
2630 4066 2680 4119 in
2709 4066 2936 4121 concilio
2964 4066 3060 4119 viri
3090 4068 3353 4136 primarii,
3378 4086 3482 4123 uno

1918 4155 2059 4207 velut
2101 4170 2289 4210 omnes
2329 4157 2505 4210 studio
2549 4172 2611 4211 ac
2655 4157 2926 4226 proposito
2967 4173 3077 4227 pra:
3116 4174 3174 4212 se
3222 4160 3477 4227 tulerunt,

1916 4245 2019 4315 53
2053 4247 2203 4316 quasi
2236 4246 2444 4301 scilicet
2474 4246 2603 4300 nibil
2638 4248 2896 4301 baberent
2926 4246 3065 4315 quod
3095 4248 3294 4317 auditis
3320 4249 3481 4302 adde-

1917 4349 2056 4401 rent,
2089 4353 2205 4391 sese
2237 4340 2395 4393 dictis
2426 4338 2701 4394 assentiri.
2732 4339 2869 4406 Quin
2903 4341 3080 4408 potius
3110 4339 3483 4410 signiﬁcarurt

1916 4444 2080 4496 grave
2118 4428 2216 4482 s.bi
2252 4443 2314 4481 ac
2351 4430 2631 4483 molestum
2670 4430 2812 4492 fore,
2845 4431 2890 4484 si
2930 4431 3048 4498 quis
3094 4432 3200 4484 illic
3242 4446 3480 4499 praesen-

243 4534 537 4588 procurare
561 4531 614 4574 et
638 4520 842 4589 dignari
871 4526 1054 4573 curam
1080 4520 1347 4575 diﬂicilem
1375 4521 1681 4590 reipublica:
1709 4522 1809 4576 hoc
1838 4541 1886 4599 ι)
1916 4523 2046 4575 tium
2079 4521 2444 4591 suspicaretur
2471 4520 2741 4575 diversum
2775 4523 2870 4591 ipsi
2894 4536 2920 4577 s
2948 4524 3237 4592 quidquam
3267 4540 3293 4575 a
3328 4526 3484 4576 modo

247 4620 489 4680 tempore
539 4621 735 4663 nostra:
784 4612 1080 4679 suscipere.
1120 4609 1199 4663 Tu
1246 4625 1373 4663 vero
1417 4612 1525 4677 jam
1573 4600 1809 4677 scilicet,

246 4703 395 4770 quasi
444 4702 657 4769 dignior
695 4711 745 4754 te
783 4702 919 4755 alius
959 4703 1031 4755 sit
1072 4703 1155 4754 cui
1197 4716 1376 4755 rerum
1418 4703 1813 4758 administratio

246 4795 509 4857 tradatur,
532 4802 742 4857 nutum,
768 4804 824 4847 ut
854 4794 953 4855 ais,
978 4794 1044 4847 ad
1080 4794 1129 4846 id
1169 4803 1406 4846 nostrum
1445 4804 1497 4849 et
1526 4796 1813 4851 voluntatis

246 4884 690 4954 signiﬁcationem
732 4886 1020 4953 opperiris.
1054 4884 1184 4949 Quis
1218 4896 1395 4940 autem
1431 4896 1674 4941 nostrum
1709 4888 1809 4942 sibi

245 4981 450 5025 tantum
492 4982 707 5040 arroget
741 4983 798 5025 ut
824 4974 1089 5043 judicium
1123 4976 1186 5028 de
1222 4982 1273 5028 te
1308 4975 1649 5042 imperatoris
1685 4975 1810 5029 irri-

248 5071 354 5114 tum
392 5064 600 5116 furiat?
630 5066 799 5129 Quem
837 5075 1015 5118 autem
1052 5075 1248 5132 praeter
1282 5071 1333 5119 te
1366 5066 1703 5120 inveniemus
1743 5066 1810 5119 ad

245 5167 390 5209 recte
440 5156 814 5209 sustinendam
855 5154 1013 5210 istius
1058 5156 1295 5225 supremi
1340 5154 1443 5209 loci
1490 5157 1807 5224 dignitatem

243 5259 439 5316 resque
468 5246 704 5314 imperii,
733 5258 788 5300 ut
817 5248 1031 5318 dignum
1067 5256 1169 5312 est,
1201 5249 1467 5315 gerendas
1502 5248 1731 5314 idoneis,
1756 5257 1811 5304 et

242 5336 437 5403 quibus
466 5336 660 5390 conlidi
694 5352 800 5391 non
832 5347 1031 5391 temere
1058 5339 1239 5406 possit,
1269 5337 1585 5390 instruetum
1619 5338 1811 5408 Opibus

242 5435 295 5481 et
339 5428 592 5494 dotibus;
638 5429 731 5497 qui
775 5438 829 5482 et
875 5430 1083 5483 meritis
1126 5443 1188 5484 ac
1238 5428 1527 5496 dignitate,
1565 5429 1811 5499 idemque

245 5517 595 5573 nihilominus
621 5520 907 5590 prudentia
931 5529 984 5574 et
1008 5520 1271 5590 sapientia
1298 5521 1597 5590 prazcellis?
1640 5520 1810 5591 Perge

246 5607 407 5678 igitur
446 5620 499 5664 et
541 5611 841 5679 gubernare
885 5612 1200 5680 imperium,
1233 5620 1285 5664 et
1326 5614 1609 5665 consulere
1649 5621 1810 5679 atque

247 5701 526 5771 invigilare
552 5705 779 5772 principi
805 5703 1164 5773 Romanaeque
1196 5704 1269 5757 rei
1300 5717 1361 5757 ac
1389 5702 1615 5771 negotiis
1641 5701 1807 5770 publi-

246 5795 343 5848 cis.
367 5793 472 5851 Nos
500 5796 811 5851 obedienter
834 5795 1210 5864 obsequemur.
1235 5792 1350 5850 Non
1374 5797 1516 5849 enim
1545 5794 1809 5863 imperare

1916 4613 2199 4680 propositis
2230 4613 2430 4666 sentire
2459 4624 2551 4666 aut
2581 4611 2819 4667 dit'llll‘OS
2850 4611 2987 4667 fore.
3020 4611 3170 4667 Unde
3200 4621 3254 4666 et
3282 4628 3484 4682 praeoc-

1914 4702 2183 4771 cupabant
2214 4716 2273 4756 se
2304 4703 2534 4756 invicem
2569 4701 2835 4757 allectatis
2866 4706 2928 4755 ad
2960 4704 3186 4771 gratiam
3220 4704 3483 4756 sermoni-

1914 4793 2014 4846 bus
2046 4794 2245 4861 passim
2281 4793 2697 4857 assentabundi,
2731 4809 2792 4845 ac
2828 4810 2922 4862 pro
2956 4808 3013 4848 se
3044 4798 3272 4862 quisque
3303 4802 3481 4847 certa-

1916 4884 2011 4937 tim
2035 4893 2369 4939 ostentantes
2397 4885 2550 4953 longe
2574 4888 2743 4955 pluris
2772 4886 2868 4937 sibi
2898 4900 3016 4939 esse
3040 4899 3101 4937 ae
3129 4885 3295 4939 multo
3323 4884 3483 4938 malle

1914 4976 2326 5045 protovestiario
2376 4976 2570 5045 subjici
2620 4991 2780 5045 quam
2830 4976 2975 5043 ipsos
3024 4976 3313 5043 imperare.
3358 4973 3482 5028 llaec

1914 5077 2091 5120 autem
2126 5066 2259 5120 nihil
2297 5065 2439 5119 aliud
2469 5082 2627 5134 quam
2660 5066 2814 5120 lucus
2846 5079 2896 5119 et
2924 5069 3153 5120 mendax
3192 5067 3485 5118 Ostentatio

1915 5166 2091 5221 erant,
2125 5169 2182 5211 ut
2215 5166 2440 5211 eventus
2478 5157 2890 5210 demenstravit.
2923 5158 3075 5211 Tunc
3115 5158 3274 5225 igitur
3306 5156 3482 5207 soluto

1912 5262 2177 5304 conventu
2207 5250 2365 5319 plane
2390 5264 2709 5318 persuasum
2741 5249 3153 5317 protovestiario
3177 5249 3316 5317 quod
3342 5252 3486 5299 νοις.-

1912 5342 2003 5395 bat
2033 5353 2147 5407 est,
2175 5340 2310 5395 velle
2343 5342 2595 5395 nimirum
2632 5350 2685 5395 et
2718 5352 2926 5409 gratum
2963 5342 3161 5395 habere
3193 5342 3481 5409 optimates

1911 5440 1965 5485 et
1997 5447 2083 5486 res
2118 5432 2328 5501 imperii
2362 5443 2416 5486 et
2450 5433 2669 5485 tutelam
2706 5433 2968 5501 principis
3000 5447 3109 5484 sua:
3146 5432 3305 5484 unius
3338 5447 3481 5484 tuta:

1911 5522 2242 5593 arbitrioque
2285 5523 2544 5591 permitti.
2582 5525 2758 5589 Quare
2802 5539 3027 5578 securus
3071 5524 3181 5592 jam
3231 5534 3284 5576 et
3332 5534 3478 5576 terta

1912 5616 2266 5671 conlirmatus
2301 5616 2493 5671 ﬁducia
2531 5618 2800 5671 universis
2834 5631 3015 5670 secum
3061 5618 3229 5685 copiis
3268 5631 3480 5669 assum-

1912 5708 2018 5777 ptis
2061 5706 2390 5777 Magnesiam
2435 5708 2826 5778 proﬁciscitur;
2864 5709 3044 5778 ibique
3077 5709 3139 5761 ad
3178 5708 3477 5763 custodiam

1918 5798 2258 5867 imperatoris
2284 5811 2429 5855 certa
2458 5799 2839 5856 ﬁdissimorum
2870 5800 2971 5857 sibi
3005 5799 3229 5855 militum
3257 5797 3481 5854 cohorte
