3952 6520
212 414 309 477 489

1197 424 1292 482 DE
1338 416 1728 486 MlCllAELE
1771 417 2228 485 I‘AL/EOLOGO
2269 422 2415 485 LIB.
2464 418 2507 487 Ι.

3360 420 3468 491 490

221 528 301 584 til'.
340 529 539 591 Ὅπως
576 516 734 595 παρὰ
760 530 865 605 τοῦ
897 534 1158 605 captator)
1189 536 1490 605 ἐτολμήθη
1527 539 1558 590 ὀ
1602 537 1786 605 φόνος
1821 545 1858 598 Α
1892 536 1985 587 καὶ
2010 536 2086 603 μὴ
2109 535 2422 604 φαινομένῳ
2450 531 2525 603 τῷ
2556 530 2791 602 βασιλεῖ,
2818 534 2910 587 καὶ
2934 533 3300 587 ἐπενεκά).ουν
3324 541 3466 590 κατὰ

720 601 846 666 τοῖς
875 602 1282 662 Μοινζάλωσιν.

284 715 431 776 Τέως
464 714 508 767 δ’
538 710 633 767 οὖν
659 715 691 783 ἠ
726 715 819 767 ἐπὶ
847 716 923 786 τῷ
947 719 1299 789 ἀποιχομένῳ
1324 721 1519 789 ἐννάτη
1550 722 1789 791 κειμένῳ

215 807 414 875 παρῆν,
453 807 544 858 καὶ
587 806 696 857 εἰει
738 806 840 876 τὴν
871 806 1095 879 μνήμην
1128 811 1284 877 ἄγειν
1325 812 1523 882 ἐκείνῳ
1561 814 1703 866 κατὰ
1728 815 1789 865 τὸ

216 898 463 969 σύνηθες.
523 899 870 967 Ἀνέρχονται
926 901 1106 953 τοίνυν
1152 904 1232 966 είς
1281 902 1381 975 τὴν
1420 903 1530 957 τῶν
1574 904 1791 957 Σωσάν-

214 992 351 1059 δρων
416 990 624 1061 μονὴν,
681 990 816 1042 ὅπου
874 992 967 1042 καὶ
1033 995 1061 1044 δ
1123 975 1318 1065 νεκρὸς
1370 994 1464 1049 τοῦ
1525 995 1790 1066 βασιλέως

216 1085 449 1154 ἐχόμενα.
478 1083 573 1137 τοῦ
613 1084 817 1155 πατρὸς
850 1084 1109 1151 τέθαπτο,
1150 1088 1260 1140 τῶν
1318 1089 1632 1159 ἱερωμένων
1674 1091 1788 1143 ὅσοι

214 1179 468 1246 παρῆσαν
518 1179 718 1233 ἐκεῖσε.
784 1181 1129 1251 Ἀνὲρχονται
1184 1180 1240 1233 δὲ
1298 1182 1391 1233 καὶ
1443 1182 1493 1234 oi
1538 1183 1595 1234 ἐν
1646 1182 1788 1235 τέλει

215 1273 432 1333 πάντες,
493 1274 664 1343 χωρὶς
720 1273 765 1324 δ’
819 1275 1043 1326 ἐκείνων
1077 1274 1169 1326 καὶ
1217 1274 1328 1325 τῶν
1393 1274 1672 1343 γυναικῶν
1732 1275 1789 1327 αἱ

217 1361 550 1431 προύχουσαι
586 1364 892 1433 ματρώναι,
924 1366 1019 1417 καὶ
1060 1366 1168 1417 πᾶν
1195 1367 1318 1417 ὅσον
1355 1361 1423 1436 ἧν
1456 1366 1789 1436 ὑπηρετικὶν

214 1458 318 1515 τοῖς
348 1457 638 1523 κρατοῦσι.
673 1457 747 1509 Τὸ
794 1459 978 1526 μέντοι
1012 1476 1072 1526 γε
1120 1459 1514 1530 στρατιωτικὸν
1557 1461 1619 1510 ἐκ
1659 1476 1791 1528 προ-

216 1547 353 1608 νοίας
387 1550 483 1600 καὶ
518 1550 718 1618 μᾶλλον
759 1553 909 1605 κάτω
936 1553 1062 1622 περὶ
1092 1553 1182 1604 τὶν
1225 1552 1449 1621 βασιλέα
1491 1551 1791 1619 ἐγκαταλέ-

216 1642 415 1693 λειπτο.
461 1642 551 1703 Ὠς
587 1643 717 1709 γοῦν
752 1646 972 1696 πανοικὶ
1004 1646 1097 1696 καὶ
1128 1646 1175 1695 οἱ
1209 1644 1571 1708 Μουζάλωνες
1601 1644 1788 1714 ᾔεσαν,

218 1733 348 1785 ἰδίαν
385 1736 541 1802 παρὰ
572 1738 697 1798 τοὺς
735 1735 930 1798 ἄλλους
968 1737 1202 1807 στοργὴν
1243 1737 1381 1806 πρὸς
1420 1739 1514 1790 τὸν
1558 1737 1788 1790 θανόντα

216 1824 668 1894 ἐπιδεικνύμενοι,
710 1830 832 1880 τότε
880 1829 940 1880 τὸ
982 1829 1395 1899 στρατιωτικὸν,
1423 1829 1787 1898 διαφερόντως

1891 627 1999 677 τῶν
2033 626 2199 703 δῆθεν
2228 626 2495 691 ἀπίστων,
2534 625 2661 690 τοὺς
2683 625 2888 691 Μουζάῖ
2909 644 3052 690 ωνας
3078 628 3464 699 αἰνιττόμενοι,

1892 717 2055 788 ζῆλον
2110 719 2249 790 ὑπὲρ
2290 717 2455 772 αὑτοῦ
2509 719 2604 772 καὶ
2652 718 2747 772 τοῦ
2799 719 2991 787 γένους
3034 719 3468 790 ὲνδεικνυμένοις

1891 812 2126 876 ἐοικότες
2160 813 2382 883 θερμόν.
2426 813 2534 867 Καὶ
2573 812 2659 866 ἴνα
2700 811 2773 882 μὴ
2823 812 3089 881 φθάσειαν
3124 813 3322 866 ἐκεῖνοι
3358 814 3466 883 πρὸ

1889 901 1987 956 τοῦ
2028 896 2234 956 παθεῖν
2282 902 2883 973 δράσαντες,ξδεδιύτες
2937 903 3095 972 δῆθεν
3133 904 3468 957 ἐπέσπευδον

1889 995 1990 1065 τὴν
2019 995 2108 1047 ἐπ’
2157 994 2398 1059 ἐκείνους
2439 994 2533 1049 τοῦ
2580 995 2850 1063 βασιλέως
2881 994 3211 1067 ἐγχώρησιν,
3243 995 3337 1049 καὶ
3369 994 3465 1065 ἅμ’

1891 1086 2113 1156 ἐδήλουν
2142 1086 2215 1149 ὡς
2245 1089 2404 1157 εἴπερ
2453 1090 2480 1140 ὁ
2524 1086 2826 1157 βασιλεύων
2867 1087 3100 1157 ἐφήσει’
3149 1087 3196 1138 εἰ
3247 1088 3291 1139 δ’
3329 1084 3424 1139 οῦν
3451 1126 3465 1151 ,

1890 1177 2006 1230 ἀλλ’
2036 1180 2235 1232 ἐκεῖνοι
2262 1180 2358 1232 καὶ
2379 1177 2549 1240 οὕτως
2584 1177 3015 1249 ἐπιδραμοῦνται
3050 1179 3142 1229 καὶ
3174 1179 3464 1247 καταπρόι·

1895 1270 2096 1334 ξονται.
2133 1270 2319 1322 Ταῦτα
2350 1269 2618 1336 λεγόντων
2650 1269 2767 1337 ἅμα
2814 1271 2909 1320 καὶ
2953 1268 3365 1339 θορυϐούντων,
3417 1268 3467 1318 oi

1894 1362 1990 1429 τὴν
2043 1360 2333 1430 βασιλικὴν
2376 1359 2624 1429 φυλακὴν
2667 1360 3169 1430 ἐπιτετραμμένοι,
3228 1358 3468 1429 δηλωθὲν

1892 1454 2165 1515 κάκείνοις
2195 1451 2257 1505 τὸ
2281 1454 2571 1522 τόλμημα,
2606 1452 2639 1523 ἢ
2671 1453 2764 1505 καὶ
2793 1452 2945 1519 παρὰ
2964 1451 3123 1505 τοῦτο
3155 1452 3421 1521 πρότερον
3450 1489 3466 1516 ,

1892 1544 1924 1613 ἢ
1960 1545 2065 1616 μὴν
2111 1546 2227 1615 ἅμα
2257 1544 2335 1614 τῷ
2371 1544 2622 1613 θορυϐεῖν
2662 1545 2907 1607 ἐκείνους
2945 1545 3223 1607 δείσαντες
3263 1544 3466 1615 δῆθεν,,

1893 1640 2179 1707 ἐξάγουσιν
2209 1640 2371 1701 εὐθὺς
2400 1640 2459 1693 τὸ
2487 1640 2702 1693 παιδίον
2723 1677 2741 1705 ,
2774 1640 2916 1692 κατὰ
2944 1639 3225 1692 δυσωπίαν
3256 1639 3469 1703 ἐλπιζοι-

1897 1734 2068 1801 μένην
2092 1731 2167 1795 ὡς
2199 1732 2443 1793 ἐκείνους
2486 1730 2777 1802 ἐμφαίνειν
2808 1733 3095 1796 ποιοῦντας
3128 1733 3344 1801 ἐμφανῆ
3378 1731 3469 1785 τ’ὸν

1896 1825 2225 1895 κρατοῦντα.
2280 1825 2367 1888 Ὠς
2408 1824 2462 1877 δὲ
2506 1825 2762 1893 φανέντος
2821 1825 2914 1877 τοῦ
2960 1824 3081 1879 νέου
3121 1826 3215 1878 καὶ
3260 1824 3464 1892 μείζων

215 1915 354 1967 δὲτὸ
416 1891 683 1971 Ἰταλικόν
744 1936 804 1971 τε
855 1923 950 1973 καὶ
1021 1891 1247 1983 ξενικὸν,
1313 1891 1664 1989 ἁρπάσαντες
1692 1891 1784 1974 τὸν
1825 1891 1862 1943 Β
1896 1891 2060 1985 ᾔρετο
2116 1916 2149 1985 ἡ
2197 1916 2348 1984 φωνὴ
2391 1916 2484 1969 καὶ⁵
2518 1891 2903 1986 -ἀτακτότερον
2952 1891 3479 1985 ἐθορύϐουν,ξχεορὶ⁷

217 2006 425 2074 καιρὸν,
464 2008 513 2059 οἱ
547 2008 646 2077 μὲν
696 2008 1003 2079 ἀμύνεσθαι
1044 2012 1169 2073 τοὺς
1207 2010 1558 2080 ὶυπήσαντας
1598 2012 1789 2081 ὀρεγό-

218 2114 379 2166 μενοι,
418 2100 466 2150 οἱ
502 2099 547 2149 δ’
580 2100 908 2171 ἐφηδόμενοι
942 2105 1076 2165 τοῖς,
1132 2104 1179 2154 εἰ
1234 2102 1517 2171 δυνηθεῖεν
1561 2105 1782 2169 ἐκεῖνοι,

215 2190 725 2260 τοῖμηοησομένοις
773 2192 913 2262 (ταῖς
962 2193 1071 2263 γὰρ
1102 2196 1480 2265 καινοτομίαις
1526 2195 1612 2249 ἀεί
1660 2214 1789 2250 ποτε

217 2283 501 2352 χαίρουσιν
558 2283 873 2352 ἄνθρωποι,
940 2287 1036 2337 καὶ
1089 2286 1219 2356 ῥᾷόν
1288 2303 1374 2350 τις
1431 2286 1555 2340 ίδὼν
1604 2290 1792 2342 καινὸν

219 2374 377 2457 κακὸν
430 2375 685 2428 τελεσθὲν
740 2375 1005 2447 ἔφην-θείη
1034 2380 1145 2441 τοῖς
1177 2377 1447 2432 παθοῦσιν
1502 2379 1534 2449 ἢ
1585 2381 1792 2449 ἀγαθὸν

220 2468 517 2538 συνησθείη
554 2470 666 2529 τοῖς
697 2468 1084 2534 ἀπολαύσασι),
1134 2474 1431 2541 συμμιγεῖς
1470 2471 1533 2545 [Ρ
1579 2472 1670 2543 52]
1715 2472 1791 2541 τῷ

221 2560 415 2629 πλήθει
442 2560 725 2631 γενόμενοι
761 2562 945 2629 (ptech
978 2560 1175 2629 ὴφίουν
1197 2562 1378 2626 δεινὰς
1400 2563 1647 2619 κάτωθεν
1681 2566 1792 2618 ἄνω

324 2744 415 2797 l9.
450 2743 519 2798 Ut
560 2736 865 2799 illuzalones
907 2747 971 2797 ab
999 2746 1229 2800 exercitu
1267 2744 1527 2810 interfecti
1558 2747 1682 2800 sint.
1714 2774 1747 2786 -

289 2834 443 2889 Tunc
474 2836 817 2889 commodum
852 2850 1027 2891 nonus
1064 2837 1314 2891 illuxerat
1347 2853 1373 2890 a
1416 2846 1586 2892 morte
1622 2837 1789 2905 impe-

227 2928 423 2981 ratoris
456 2930 603 2991 dies,
638 2942 744 2997 quo
780 2929 898 2998 ejus
932 2929 1192 2983 memoria
1228 2931 1503 2984 consuetis
1539 2928 1789 2984 honorati

228 3019 421 3074 ritibus
454 3021 705 3074 debebat.
737 3018 1078 3075 Conveniunt
1111 3020 1274 3090 igitur
1303 3021 1355 3075 in
1394 3020 1790 3076 Sosandrorum

228 3112 650 3177 monasterium,
682 3112 771 3166 ubi
803 3126 1002 3181 corpus
1033 3112 1374 3177 imperatoris
1397 3111 1551 3180 juxta
1584 3118 1791 3180 patrem

1897 2007 2217 2061 κατανεύειν
2263 2008 2313 2061 οἱ
2359 2006 2498 2077 ἀμφ’
2548 2009 2757 2060 ἐκεῖνον
2806 2007 3139 2062 διδάσκουσι.
3185 2007 3259 2060 Τὸ
3309 2007 3352 2060 δ’
3400 2004 3468 2078 ἦν

1895 2100 2013 2170 ἅμα
2049 2100 2246 2171 κροῦον
2290 2100 2384 2153 καὶ
2431 2101 2566 2169 πρὸς
2595 2100 2884 2170 ἀμφότερα
2906 2139 2919 2163 ,
2955 2099 3035 2153 ὃτι
3062 2116 3121 2151 τε
3153 2098 3467 2153 ἀναστέλλοι

1894 2193 1984 2245 τὸν
2021 2192 2251 2264 Θὸρυϐον
2285 2193 2380 2245 καὶ
2409 2193 2491 2245 ὅτι
2531 2193 2803 2263 ἐκχωροίη
2844 2191 3040 2255 διδούς.
3077 2193 3182 2243 Καὶ
3216 2194 3328 2253 τοῖς
3365 2191 3466 2261 μὲν

1897 2291 2023 2360 περὶ
2055 2288 2146 2343 τὸν
2178 2289 2297 2342 νέον
2327 2287 2565 2356 ἄρχοντα
2592 2284 2777 2338 ἱκανὸν
2802 2286 2880 2347 είς
2904 2282 3201 2352 ἀπολογίαν
3223 2284 3281 2345 ἐς
3313 2283 3470 2335 ὔστε-

1900 2402 1990 2453 ρον
2031 2383 2170 2453 πρὸς
2213 2383 2337 2443 τοὺς
2376 2382 2641 2451 ἄρχοντας
2686 2379 2719 2448 ἠ
2766 2376 2867 2447 τῆς
2912 2377 3094 2448 χειρὸς
3142 2376 3467 2439 κατάνευσις

1898 2476 2291 2541 ὑπολέλειπτο,
2338 2473 2413 2537 ὡς
2466 2473 2628 2543 δῆθεν
2675 2473 2922 2541 ἐπισχεῖν
2971 2469 3319 2538 οίκονομοῦσι
3372 2471 3467 2524 τὸν

1898 2567 2162 2639 θόρυϐον,
2202 2570 2314 2632 τοῖς
2355 2566 2411 2619 δέ
2455 2568 2550 2621 καὶ
2580 2565 2705 2619 λίαν
2746 2558 2959 2636 ἀρκοῦν
2995 2562 3281 2633 ἐνομίζετο
3330 2562 3466 2636 πρὸς

1900 2747 2128 2818 impelli,
2175 2745 2420 2815 nihilque
2470 2745 2691 2798 studere
2739 2738 2881 2795 aliud
2939 2742 3038 2793 nisi
3088 2755 3467 2810 praeoccupare

1896 2840 2163 2896 destinata
2196 2838 2305 2908 jam
2349 2836 2417 2891 ab
2455 2836 2575 2889 istis
2610 2834 2722 2887 dira
2767 2836 2818 2887 in
2862 2834 3156 2901 principem
3199 2832 3468 2893 facinora,

1898 2938 2138 3003 dareque
2199 2945 2416 3001 operam
2476 2939 2535 2983 ut
2582 2927 2773 2983 nefarii
2828 2926 3066 2979 latrones
3126 2925 3274 2993 prius
3326 2925 3471 2993 justc

1897 3028 2172 3097 patiantur
2210 3039 2271 3080 ea
2322 3022 2519 3093 quibus
2562 3020 2707 3091 digni
2755 3028 2912 3084 sunt,
2950 3033 3110 3086 quam
3160 3018 3301 3069 imm:
3328 3019 3472 3071 niter

1897 3127 2263 3186 exsequantur
2297 3130 2414 3184 quae
2454 3114 2507 3166 in
2545 3112 2805 3183 principis
2844 3121 2897 3164 et
2936 3111 3245 3177 reipubliezc
3287 3113 3470 3179 perni-o

228 3206 490 3274 sepultum
515 3204 723 3269 fuerat,
755 3217 1017 3272 quantum
1051 3213 1172 3257 erat
1202 3202 1271 3258 ibi
1306 3217 1587 3258 sacrorum
1621 3204 1793 3257 homi-
1821 3239 1863 3294 ϐ
1900 3214 2039 3265 ciem
2075 3212 2340 3281 cogitant.
2370 3207 2485 3261 Hac
2521 3206 2774 3260 benevola
2814 3206 2877 3258 de
2915 3203 3086 3257 salute
3123 3204 3468 3272 imperatoria

228 3313 383 3363 num;
430 3297 761 3352 conveniunt
802 3306 855 3350 et
899 3295 1244 3364 magistratus
1279 3309 1498 3359 omnes,
1540 3293 1794 3349 mulieres

230 3404 439 3458 quoque
468 3388 658 3457 prima:
685 3386 961 3456 dignitatis
992 3402 1054 3442 ac
1086 3398 1364 3450 matronae,
1393 3396 1504 3440 tum
1532 3384 1792 3455 quidquid

232 3483 280 3533 in
316 3480 580 3548 obsequio
616 3480 918 3547 principum
954 3489 1093 3533 erat.
1121 3478 1191 3530 At
1225 3478 1483 3533 militares
1524 3477 1694 3546 copia:
1728 3477 1792 3531 de

228 3573 485 3626 industria
513 3570 674 3633 infra,
696 3571 848 3639 quasi
880 3570 947 3624 ad
975 3572 1271 3624 custodiam
1303 3570 1445 3622 circa
1472 3568 1788 3638 principem,

227 3672 346 3716 sunt
374 3661 597 3715 relictze.
625 3658 695 3714 Ut
724 3670 904 3713 autem
940 3660 1035 3728 ipsi
1072 3674 1284 3728 quoque
1318 3657 1632 3712 Muzaloues
1665 3673 1789 3713 cum

228 3755 490 3807 universis
520 3754 757 3821 ipsorum
784 3750 1003 3805 familiis
1028 3753 1211 3805 eodem
1237 3751 1593 3805 astcntlerant
1613 3761 1794 3804 osten-

232 3848 402 3899 lauda:
432 3847 613 3900 studio
643 3844 799 3915 quasi
835 3844 1119 3913 principum
1149 3842 1425 3912 cujusdam
1462 3844 1700 3913 ipsorum
1738 3844 1790 3896 in

226 3936 534 3991 defunctum
558 3935 863 3999 cbaritatis,
888 3943 1014 3987 tunc
1039 3935 1330 3999 exercitus,
1352 3934 1650 4002 praesertim
1666 3950 1792 3988 vero

228 4026 421 4083 Italica:
462 4039 517 4084 et
555 4028 847 4082 auxiliares
893 4036 1094 4081 exterae
1136 4027 1335 4096 copiae,
1368 4036 1580 4095 captata
1626 4042 1789 4081 ocea-

227 4123 398 4185 sione,
418 4125 613 4190 partim
644 4122 859 4175 ultionis
890 4120 957 4174 ab
986 4122 1051 4174 iis
1079 4122 1168 4189 qui
1204 4121 1455 4173 laeserant
1477 4120 1792 4188 expetendae

227 4212 491 4266 desiderio
528 4213 822 4273 instincta},
856 4211 1049 4281 partim
1088 4211 1438 4265 conuiventes
1471 4212 1791 4265 audentibus

226 4308 454 4373 quadam
501 4305 607 4375 56
648 4306 929 4359 dulcedine
960 4304 1212 4357 novitatis
1242 4313 1296 4356 et
1325 4304 1643 4358 curiositate
1676 4305 1790 4373 spei

228 4398 378 4451 tuista
412 4412 535 4451 mox
567 4398 776 4449 videndi
813 4400 933 4463 quis
961 4398 1309 4464 reSponderet
1330 4410 1616 4451 successus
1641 4398 1790 4449 anci-

228 4491 419 4555 pitibus
452 4489 679 4540 aliorum
711 4489 924 4556 coeptis,
946 4495 999 4540 et
1026 4502 1093 4540 an
1127 4503 1234 4540 non
1266 4487 1403 4541 forte
1428 4486 1629 4554 aliquid
1662 4486 1791 4554 ipsis

1896 3304 2261 3360 sollicitudine
2300 3299 2649 3355 monstranda
2694 3298 2742 3351 id
2783 3297 3041 3366 agebant,
3084 3306 3144 3349 ut
3185 3313 3467 3353 assensum

1896 3397 2014 3467 ejus
2045 3397 2096 3450 in
2127 3396 2231 3449 vim
2264 3409 2424 3464 quam
2461 3390 2721 3462 parabant
2746 3390 3033 3457 elicerent,
3065 3394 3215 3463 quasi
3244 3394 3470 3461 cupien-

1896 3498 1976 3541 tes
2021 3503 2143 3541 cum
2189 3487 2329 3540 bona
2370 3483 2485 3551 ejus
2523 3485 2674 3537 venia
2720 3484 2860 3550 quod
2904 3485 3257 3537 decreverant
3303 3487 3470 3553 [et-ti-

1895 3594 2048 3640 cere.
2078 3576 2239 3632 simul
2276 3575 2714 3638 subiudicantcs,
2747 3574 2787 3625 si
2827 3573 3076 3642 princeps
3107 3575 3385 3627 remissior
3414 3577 3467 3628 in

1897 3668 2230 3734 indulgentia
2282 3674 2577 3735 perstaret,
2624 3679 2681 3716 se
2727 3672 2904 3716 tamen
2957 3680 3317 3732 procursuros
3362 3682 3470 3733 quo

1896 3760 2273 3821 intenderent,
2308 3768 2361 3812 et
2403 3757 2669 3810 destinata
2718 3768 3144 3825 perpetraturos.
3176 3757 3324 3810 Talia
3368 3758 3470 3811 illis

1894 3850 2346 3915 vociferantibus,
2380 3849 2541 3903 simul
2585 3858 2639 3904 et
2679 3835 3160 3917 tumultuantibus,
3195 3851 3226 3904 ii
3273 3853 3470 3918 quibus

1894 3944 2184 3999 commissa
2218 3941 2471 4010 principis
2502 3940 2742 3995 custodia
2772 3941 2976 4005 fuerat,
3010 3943 3122 3995 sive
3155 3958 3182 3995 a
3214 3944 3466 4012 quopiam

1893 4034 1957 4088 de
1996 4048 2052 4087 re
2083 4047 2202 4102 quae
2238 4034 2499 4102 agebatur
2530 4031 2680 4100 prius
2716 4034 2923 4097 edocti,
2959 4039 3073 4087 sive
3106 4033 3205 4087 sibi
3246 4033 3375 4102 ipsis
3412 4035 3465 4088 in

1898 4134 2044 4179 tanto
2086 4124 2317 4177 tumultu
2365 4132 2700 4188 metuentes,
2736 4122 2975 4177 educunt
3014 4139 3239 4193 puerum
3282 4126 3463 4195 Augu-

1895 4225 2071 4280 stum,
2100 4229 2210 4282 pra:
2237 4230 2294 4269 se
2327 4213 2563 4269 ferentes
2594 4215 2644 4268 id
2676 4230 2733 4268 se
2759 4229 2921 4284 agere
2947 4230 3041 4283 spe
3070 4216 3345 4284 placanda;
3377 4233 3466 4272 se-

1896 4307 2113 4361 ditionis
2134 4317 2354 4376 aspectu
2381 4315 2434 4359 et
2457 4308 2757 4362 reverentia
2784 4306 3060 4375 principis,
3083 4311 3469 4376 componendi-

1893 4414 1996 4468 quc
2024 4409 2153 4453 nutu
2183 4400 2301 4468 ejus
2328 4399 2380 4452 in
2413 4399 2732 4453 modestiam
2766 4401 3032 4468 inquietos
3059 4398 3271 4455 furores
3296 4401 3467 4470 plebis

1895 4489 1999 4558 57
2031 4489 2283 4543 etfraznis.
2308 4487 2378 4542 Ut
2401 4498 2578 4543 autem
2601 4489 2813 4558 objeclo
2831 4489 3062 4559 publicis
3084 4492 3467 4560 conspectibus

228 4580 354 4631 utile
386 4578 638 4647 privatim
673 4592 703 4629 e
735 4580 912 4631 statim
946 4578 1430 4645 perturbandarum
1472 4576 1788 4631 confusione
1822 4573 1865 4629 Ι)
1893 4580 2289 4635 adolescentulo
2334 4581 2504 4651 major
2539 4581 2782 4635 sublatus
2818 4591 2903 4635 est
2944 4582 3152 4636 clamor
3186 4590 3242 4637 et
3291 4585 3464 4653 impo-

228 4685 399 4722 rertttn
442 4671 677 4720 oriretur
718 4668 1036 4737 (inopinatis
1071 4669 1212 4720 enim
1254 4667 1641 4721 mutationibus
1679 4668 1789 4721 fere

225 4778 431 4830 semper
454 4762 789 4814 delectantur
820 4765 1097 4825 ltontittcs;
1131 4774 1183 4812 et
1212 4763 1417 4813 lucilius
1448 4762 1570 4829 quis
1602 4759 1789 4812 vidrns

170 4840 185 4845 γ’
227 4869 412 4905 novum
448 4852 737 4921 quodpiam
776 4852 827 4903 in
862 4851 1068 4917 aliquos
1104 4850 1300 4902 malum
1332 4850 1604 4917 ingruere,
1630 4851 1785 4902 malie

226 4960 381 5011 gnum
424 4945 490 4995 de
532 4945 706 4995 aliena
750 4943 1054 4996 ealatnitnte
1094 4942 1292 4994 sentiat
1325 4940 1582 5011 gaudium
1625 4957 1783 5008 quam

228 5037 358 5087 bouu
390 5033 693 5087 frueutibus
722 5033 1059 5102 collwtetur),
1084 5043 1227 5094 tunc,
1256 5032 1494 5100 inquam.
1526 5033 1788 5085 militares

226 5127 501 5193 utriusque
545 5126 761 5191 generis
807 5127 1004 5195 copim,
1053 5126 1246 5192 partim
1297 5125 1562 5187 furentes,
1591 5124 1784 5192 partim

227 5215 462 5269 faventes
511 5215 839 5279 furentibus,
886 5218 1021 5285 plebi
1084 5216 1248 5269 nihilo
1303 5216 1483 5269 mitius
1536 5217 1787 5269 animata:

228 5309 420 5375 passim
459 5306 660 5368 mistze,
693 5310 909 5360 insanos
942 5307 1260 5360 attollebant
1290 5307 1551 5362 clamores
1581 5325 1644 5361 ex
1682 5310 1787 5361 imo

226 5410 273 5453 et
299 5399 451 5452 atriis
484 5398 667 5467 palatii
698 5414 914 5453 sursum
948 5410 999 5450 et
1032 5396 1302 5452 fenestras
1330 5413 1533 5459 versus.
1566 5401 1651 5453 tibi
1685 5402 1785 5452 im-

228 5500 547 5558 peratorem,
570 5492 659 5556 qui
694 5506 795 5542 non
831 5490 1140 5557 apparebat,
1169 5504 1288 5543 esse
1313 5491 1591 5559 putabant,
1620 5493 1785 5561 depo-

223 5594 432 5637 scentes
460 5583 526 5634 ad
560 5595 770 5650 paruam
808 5580 1066 5650 perfidos,
1093 5597 1200 5650 quo
1233 5584 1445 5636 nomine
1478 5583 1786 5639 analunes

224 5678 534 5739 inuncbant,
563 5678 734 5730 zelum
768 5676 820 5729 in
849 5677 1143 5743 Augustum
1180 5688 1228 5727 et
1256 5693 1424 5746 genus
1455 5677 1570 5744 ejus
1600 5690 1786 5732 osten-

224 5776 387 5821 lenlcs
429 5784 475 5821 el
522 5771 736 5837 egregie
776 5766 1089 5819 simulantes
1128 5770 1435 5830 ardentem,
1469 5785 1529 5818 ac.
1576 5770 1783 5833 signiti-

224 5876 399 5915 τείνει
459 5872 600 5913 metu
661 5874 717 5908 se
776 5857 1031 5911 malnrt'un
1083 5858 1321 5923 Augusto
1390 5861 1781 5912 imminentium

537 5953 803 6012 l‘at‘ttnL.
840 5950 945 6009 Gtt.
994 5950 1223 6010 i.};l.lil

1901 4671 2099 4725 lentius
2132 4671 2557 4735 bacchabantur,
2584 4680 2880 4742 suggerunt
2902 4673 2952 4727 ei
2987 4674 3077 4740 qui
3108 4674 3255 4730 circa
3290 4667 3463 4744 ipsum

1897 4770 2050 4815 erant
2072 4772 2300 4816 utmanu
2325 4762 2590 4817 iunueret.
2614 4762 2937 4818 Eratautem
2954 4765 3007 4818 id
3032 4764 3245 4835 signum
3269 4781 3467 4838 auceps

1897 4860 1951 4904 et
1989 4851 2043 4904 in
2090 4851 2364 4905 contraria
2401 4851 2601 4921 pariter
2635 4852 2971 4922 ambiguum,
3020 4870 3141 4907 cum
3193 4864 3246 4909 et
3295 4857 3463 4910 videri

1897 4953 2077 5012 posset
2109 4945 2466 5013 comprimere
2501 4946 2788 4998 tumultum
2819 4959 2884 4998 eo
2920 4957 3075 5013 gestu
3112 4949 3369 5013 voluisse,
3415 4960 3470 5004 et

1898 5037 2342 5105 imerpretatiOne
2392 5051 2496 5090 non
2547 5037 2890 5090 ini-erisimili
2934 5038 3070 5090 trahi
3114 5052 3298 5107 posset
3325 5044 3464 5094 idem

1895 5128 1947 5180 in
1984 5127 2239 5180 indicium
2273 5140 2544 5181 concessae
2569 5140 2599 5178 ε
2632 5126 2943 5194 priueipein
2979 5142 3168 5195 parum
3197 5129 3294 5196 ipsi
3333 5130 3467 5183 [ldos

1896 5218 2150 5272 saeviendi
2183 5217 2474 5272 facultatis.
2514 5216 2699 5284 Neque
2735 5218 2785 5270 id
2828 5218 3109 5285 ignorasse
3148 5218 3469 5273 videbantur

1894 5313 1984 5379 qui
2017 5309 2241 5378 principi
2273 5307 2503 5362 aderant
2535 5324 2549 5361 :
2584 5308 2675 5362 sed
2710 5308 2833 5373 sibi,
2866 5309 2911 5361 si
2947 5310 3047 5362 ltoc
3092 5309 3335 5375 periculo
3384 5312 3468 5364 iu-

1896 5401 2054 5453 uoxie
2083 5397 2504 5467 defungeremur
2529 5399 2619 5464 qui
2655 5396 2815 5450 rebus
2844 5402 3146 5464 praeerant,
3188 5403 3463 5462 receptum

1895 5491 1949 5543 in
1984 5489 2336 5543 excttsatioue
2367 5487 2631 5554 parabant
2679 5496 2930 5554 tanquam
2974 5486 3041 5538 ab
3073 5485 3207 5553 ipsis
3242 5501 3307 5539 eo
3344 5494 3469 5539 tan-

1897 5596 2006 5640 tnm
2041 5585 2219 5637 animo
2245 5598 2403 5637 suasa
2430 5582 2517 5635 illa
2546 5584 2887 5649 protentioue
2920 5596 3130 5645 manus,
3171 5589 3230 5634 ut
3272 5581 3469 5634 seditio

1894 5692 1993 5747 per
2054 5692 2173 5729 eam
2238 5675 2708 5743 comprimeretur.
2768 5672 2837 5724 At
2888 5672 3278 5726 tumultuantes
3330 5674 3467 5727 satis

1896 5770 2040 5823 clare
2072 5766 2173 5822 sibi
2202 5780 2513 5821 concessam
2561 5780 2623 5818 eo
2666 5773 2817 5833 gestu
2853 5764 2992 5831 quod
3041 5763 3235 5817 vellent
3270 5764 3463 5831 agendi

1896 5860 2162 5915 licentiam
2194 5860 2559 5915 crediderunt.
2593 5858 2784 5914 Statim
2822 5858 2982 5927 igitur
3012 5854 3223 5910 sublata
3252 5871 3347 5910 vos
3380 5866 3464 5910 est

3018 5949 3091 6008 t6
