3952 6508
477 393 576 459 4€ll

1698 396 2012 458 GEOll‘J‘l-l
2056 396 2532 458 PACllYMERE

3616 397 3727 460 492

480 502 814 573 έκκώρησιν.
872 501 1044 565 Εὐθὺς
1091 500 1186 555 οὖν
1216 501 1314 573 βοὴ
1362 501 1506 574 ἤρθη
1548 504 1624 567 ὡς
1675 502 2126 575 ικχωροῦντοςΔ
2154 504 2348 573 φέρει,
2407 504 2552 575 μάλα
2606 503 2826 577 θερμῶς
2879 504 3251 573 εἰσηγοῦνται.
3284 506 3345 557 Οἱ
3400 504 3445 558 δ’
3486 505 3726 573 ἠμέλουν

477 595 573 650 τοῦ
609 593 871 664 βασιλέως
892 631 905 656 .
940 593 1035 647 καὶ
1068 593 1183 664 ἅμα
1216 594 1433 663 ἐχέοντο
1462 595 1785 666 παμπληθεὶ
1805 635 1819 660 ,
1850 596 1945 650 καλ⁸
1975 595 2050 659 ὡς

477 685 718 757 τιμωρὸς
749 686 844 754 τῆς
881 683 1167 755 βασιλικῆς
1198 684 1479 756 σωτηρίας
1513 686 1765 742 συνέθεεν
1796 686 2047 750 ἕκαστος,

476 781 549 842 ὡς
581 779 677 832 καὶ
729 776 1243 848 προσκινδυνεύσοι,
1276 778 1324 831 εί
1346 777 1474 831 δέοι.
1521 779 1631 832 Καὶ
1670 777 1934 848 ἀλλήλους
1972 778 2050 849 τῷ

479 873 695 943 θορύϐῳ
750 872 1233 944 παρακροτοῦντες
1279 873 1375 925 ἐπὶ
1410 873 1508 943 τῆς
1558 873 1725 943 μονῆς
1757 873 2051 943 ἠπείγοντο

475 968 584 1021 τῶν
626 968 959 1037 Σωσάνδρων
983 1006 997 1032 ,
1042 967 1112 1021 τὰ
1147 967 1353 1038 ἔσχατα
1404 966 1549 1020 κακὰ
1583 967 1709 1030 τοὺς
1734 1005 1750 1033 ,
1787 966 1863 1030 ὡς
1898 968 2051 1022 αὐτοὶ

475 1062 699 1126 ελεγον,
743 1060 973 1125 δύσνους
1023 1060 1101 1131 τῷ
1138 1059 1394 1132 βασιλείῳ
1434 1060 1627 1132 κράτει
1679 1059 2048 1131 πραξείοντες.

477 1149 602 1204 Εἰσὶ
627 1149 671 1202 δ’
704 1151 754 1204 οἲ
786 1150 878 1204 καὶ
905 1149 1098 1219 ἔμενον
1127 1150 1204 1221 μὴ
1239 1152 1591 1213 συναπιόντες
1613 1190 1628 1215 ,
1664 1150 2052 1220 προμηθέστε-

479 1256 572 1306 ρον
601 1239 882 1303 ποιοῦντες
921 1239 954 1309 ἢ
996 1239 1422 1309 τολμηρότερον,
1448 1240 1546 1292 καὶ
1574 1239 1692 1308 ἅμα
1729 1240 1778 1291 εἰ
1804 1238 2051 1293 ἐκποδὼν

476 1329 803 1401 γενομένους
844 1329 971 1392 τοὺς
1023 1330 1145 1384 καθ’
1191 1324 1268 1384 ὦν
1303 1332 1555 1384 συνέθεον
1588 1329 1845 1401 μάθοιεν,
1878 1331 2053 1386 αύθα-

471 1422 730 1493 δέστερον
774 1423 1117 1495 δρασείοντες
1177 1424 1269 1478 ἐπὶ
1319 1426 1443 1489 ταῖς
1509 1427 1737 1494 σκηναῖς
1797 1425 1934 1496 πρὸς
1991 1426 2051 1480 τὺ

474 1517 731 1586 ἐκφορεῖν
764 1517 837 1571 τὰ
864 1515 1125 1586 κειμήλια
1147 1531 1161 1546 σ
1196 1516 1270 1587 μὴ
1301 1516 1409 1586 γὰρ
1439 1514 1579 1570 εἶναι
1608 1518 1700 1570 τὸν
1736 1518 2049 1572 κωλύσοντα

474 1608 618 1662 οὕτω
666 1608 773 1662 τῶν
829 1607 1189 1678 κεκτημένων
1244 1608 1628 1664 ἀπολωλότων.
1686 1609 1776 1673 Ὠς
1822 1608 1954 1677 γοῦν
2001 1613 2049 1664 οἱ

480 1698 579 1769 μὲν
627 1698 847 1770 σύναμα
889 1699 984 1753 καί
1033 1717 1143 1754 τισι
1186 1699 1297 1753 τῶν
1339 1702 1397 1753 ὲν
1441 1699 1586 1753 τέλει
1632 1701 1733 1770 τῆς
1776 1701 2049 1772 ύμνῳδίας

475 1790 808 1861 τελουμένης
838 1791 989 1855 εντδς
1018 1782 1371 1862 εἱστήκεισαν
1402 1794 1495 1846 τοῦ
1533 1793 1697 1858 ναοῦ,
1731 1793 1782 1846 οἱ
1815 1794 1871 1847 δὲ
1924 1810 2047 1846 συν-

2154 594 2448 659 ἀκούοντες
2502 596 2680 667 (μηδὲ
2728 596 2836 666 γὰρ
2871 595 3015 667 ἔχειν
3061 595 3362 665 συμϐαλεῖν
3397 595 3595 649 ὁπόθεν
3634 598 3730 649 ἐπὶ

2154 685 2405 757 σφετέρῳ
2454 688 2611 757 κακῴ
2661 688 2793 741 ἴοιεν
2840 688 2892 740 οί
2946 686 3336 756 συνθέοντες),
3376 687 3637 756 ἔρχεσθαι
3674 688 3732 740 δὲ

2152 778 2440 843 κάκείνους
2471 780 2550 842 εἰς
2591 780 2686 843 τὰς
2720 779 2910 843 κοινὰς
2960 779 3177 841 ἐκείνας
3209 779 3436 841 τελετὰς
3488 779 3736 846 ὑπελαμ-

2153 870 2339 927 ϐανον.
2390 872 2478 933 Ὠς
2506 872 2562 926 δὲ
2594 873 2690 926 καὶ
2735 870 2893 935 αὖθις
2923 872 3230 938 ἐξελθόντες
3266 871 3462 925 ἐκεῖνοι
3494 871 3734 940 πλησιαο

2153 965 2368 1019 σάντων
2399 965 2493 1019 καὶ
2533 964 2737 1035 μᾶλλον
2771 966 2830 1019 τὸ
2871 964 3177 1034 θορυϐῶδες
3204 964 3299 1017 καὶ
3336 965 3575 1017 ἄτακτον
3640 964 3720 1015 ὑπ

2164 1057 2355 1112 ενόουν
2379 1097 2393 1121 ,
2427 1055 2509 1110 ἔτι
2540 1057 2742 1126 μᾶλλον
2772 1056 3168 1127 κατωρρώδουν
3186 1057 3282 1119 κα).
3325 1055 3461 1125 μετὰ
3493 1057 3739 1125 σπουδῆς

2152 1147 2507 1217 εἰσήγγελλον
2556 1147 2624 1200 τὰ
2649 1146 2987 1216 γιγνόμενα,
3042 1148 3135 1201 καὶ
3171 1145 3273 1200 ἐπ’
3306 1147 3534 1215 ἐκείνοις
3583 1148 3738 1200 ἄλλοι

2151 1238 2642 1315 ταχυδρομοῦντες,
2670 1242 2766 1292 καὶ
2793 1239 2953 1303 αὖθις
2972 1240 3159 1293 ἄλλοι·
3191 1239 3312 1293 οὐδὲ
3341 1240 3452 1310 γὰρ
3482 1235 3551 1308 ἦν
3580 1241 3738 1302 ὅστις

2150 1329 2271 1382 τότε
2319 1329 2530 1399 βλέπων
2590 1331 2668 1400 μὴ
2712 1330 2806 1384 ἐπὶ
2857 1330 3012 1400 κακῷ
3056 1331 3302 1401 μεγίστῳ
3353 1336 3451 1400 τὴν
3505 1332 3736 1385 ἐκείνων

2153 1419 2337 1487 ἄφιξιν
2384 1421 2627 1474 ὑπενόει.
2663 1420 2828 1474 Ὅθεν
2866 1421 2962 1475 καὶ
2989 1421 3173 1474 πολλοὶ
3207 1422 3310 1491 μὲν
3343 1421 3472 1491 περὶ
3517 1423 3736 1484 ἑαυτοῖς

2150 1515 2380 1579 δεδιότες
2433 1517 2498 1568 ἑκ
2536 1514 2646 1568 τῶν
2686 1514 2747 1567 οὺ
2780 1514 2964 1568 καλῶν
3008 1514 3235 1567 ἐκείνων
3276 1513 3523 1581 ὑποψιῶν
3572 1513 3739 1574 ἄλλος

2150 1606 2385 1676 ἀλλαχοῦ
2423 1606 2746 1660 κατεδύοντο
2768 1625 2782 1638 ·
2819 1603 2902 1670 οἷς
2930 1606 2974 1660 δ’
3004 1606 3167 1675 ἔμελε
3200 1608 3308 1660 τῶν
3347 1605 3739 1669 Μουζαλὼνων

2151 1698 2312 1751 πλέον
2340 1698 2447 1752 τῶν
2470 1698 2668 1766 ἄλλων,
2699 1688 3018 1770 προσιόντες
3050 1700 3144 1752 καὶ
3171 1698 3329 1763 αὖθις
3360 1699 3585 1770 ἀτάκτῳ
3610 1699 3740 1767 ἤθει

2150 1790 2247 1843 καὶ
2274 1789 2552 1862 προσώπῳ
2582 1792 2685 1863 τὴν
2747 1791 2999 1861 εἰσϐολὴν
3028 1792 3138 1844 τῶν
3188 1790 3398 1861 ἀνδρῶν
3426 1791 3742 1861 ὑπεμίμνη·

477 1855 926 1955 έθεοννπανδημεὶ
977 1855 1334 1956 θορυϐόῦντες
1371 1888 1523 1957 παρὰ
1569 1888 1630 1940 τὸ
1674 1855 1903 1959 σύνηθες
1955 1887 2047 1941 καὶ
2077 1855 2121 1915 Β
2153 1855 2442 1948 σκονίκαὶ
2474 1855 2736 1953 ὲιρεκτέον
2765 1884 2826 1937 τὸ
2851 1855 3012 1954 τάχος
3043 1883 3228 1952 ἔλεγον
3258 1855 3740 1954 προκαταλαϐοῦσι

476 1976 575 2045 ἢδη
606 1977 719 2039 τοῖς
747 1977 896 2038 ἐντὸς
925 1977 1189 2047 ἐμφανεῖς
1213 1973 1352 2048 ἦσαν
1376 1977 1504 2033 εὐθὺ
1534 1981 1633 2049 τῆς
1661 1980 1839 2051 μονῆς.
1857 1980 2051 2048 ίόντες,

473 2069 621 2132 τινὲς
667 2070 776 2143 τῶν
808 2070 966 2133 ἐκτὸς
1005 2070 1178 2125 ὄντων
1215 2071 1507 2141 ὑπηρετῶν
1538 2071 1629 2125 τὸν
1660 2073 1888 2128 ἐκείνων
1916 2075 2052 2129 ὑπο-

472 2160 810 2225 τοτξάσαντες
843 2163 1114 2235 θόρυϐον,
1164 2164 1238 2235 μή
1283 2162 1337 2217 τί
1384 2182 1487 2218 που
1534 2165 1627 2219 καὶ
1661 2166 1769 2219 τῶν
1813 2169 2051 2239 ἀπειρη-

476 2253 655 2320 μένων
706 2253 967 2324 δράοθαιεν
1016 2255 1205 2326 σχεδὶν
1239 2256 1532 2329 αὐτόνομοί
1578 2256 1769 2321 ὄντες,
1830 2258 1949 2328 ἅμα
1993 2259 2050 2312 δὲ

474 2336 569 2396 καὶ
624 2345 719 2399 τὸν
761 2347 1131 2418 νεωτερισμὸν
1180 2348 1621 2414 ὑποπτεύοντες,
1673 2348 1894 2419 δηλοῦσι
1952 2350 2050 2404 σὺν

473 2438 638 2509 ὠχρῷ
670 2437 749 2509 τῷ
783 2440 1065 2511 προσώπῳ
1092 2442 1203 2505 τοῖς
1241 2441 1408 2496 ἔνδον.
1442 2443 1507 2495 Οἱ
1532 2442 1590 2496 δὲ
1625 2442 1826 2511 σπουδῇ
1862 2442 1925 2513 [Ρ
1952 2442 2045 2515 35]

473 2534 588 2594 τοῖς
619 2530 833 2601 κυρίοις
863 2531 924 2585 τὸ
952 2530 1191 2602 δηλωθὲν
1230 2532 1635 2601 ἀπαγγέλλουσι
1654 2575 1669 2597 ,
1699 2535 1793 2587 καὶ
1821 2535 1899 2598 ὠς
1927 2537 2049 2589 ἐπι-

475 2624 720 2687 ζυγῶσαι
755 2625 854 2687 τὰς
887 2624 989 2695 τῆς
1023 2626 1191 2696 μονῆς
1220 2625 1395 2689 πύλας
1421 2629 1535 2690 τοῖς
1557 2626 1877 2697 ἐρχομένοις
1910 2645 2049 2697 συμ-

476 2805 729 2861 assentiri
772 2805 1073 2875 Augustum
1115 2814 1170 2861 et
1214 2814 1491 2860 auctorem
1545 2805 1681 2860 fieri.
1731 2804 1868 2860 Tum
1919 2822 2045 2862 vero

474 2913 572 2966 pro
608 2914 667 2953 se
720 2899 952 2967 quisque
1003 2911 1351 2969 procurrere,
1408 2897 1638 2966 singulis
1676 2897 1877 2952 viritim
1919 2913 2043 2953 sese

474 2990 677 3045 ultores
710 2989 1031 3059 injuriat'um
1059 2998 1115 3043 et
1138 2990 1385 3044 ,vindices
1421 2989 1616 3044 salutis
1642 2990 1901 3059 principis
1928 2990 2047 3060 upi-

474 3083 752 3149 nantibus,
778 3089 832 3136 et
856 3080 1002 3134 velut
1031 3080 1084 3134 in
1117 3080 1296 3135 studio
1320 3080 1393 3135 rei
1416 3081 1697 3150 prteclara:
1720 3089 2045 3150 praevertere

474 3175 704 3229 invicem
732 3173 1076 3229 festinatione
1108 3174 1243 3227 mira
1266 3174 1621 3241 certantibus,
1658 3189 1720 3228 ac
1743 3176 2040 3243 periculum

470 3281 855 3337 praeoccupare
877 3266 1031 3335 quasi
1059 3265 1264 3320 heroici
1294 3265 1555 3321 facinoris
1575 3267 2045 3336 perturbatissimo

469 3360 716 3415 discursu
781 3367 835 3412 et
888 3366 1073 3413 mutua
1140 3358 1451 3414 extrusione
1525 3358 1792 3412 ruentium
1844 3361 2042 3428 impetu

469 3452 713 3508 maximo
749 3465 939 3507 versus
988 3451 1383 3506 monasterium
1432 3450 1829 3506 Sosandrornm
1851 3492 1867 3514 ,
1900 3452 2044 3507 fero-

469 3542 623 3595 cibus
645 3547 1012 3595 extremorum
1044 3540 1307 3594 malorum
1340 3540 1500 3594 minis
1519 3541 1585 3594 iis
1612 3538 2041 3608 inferendorum,

467 3650 607 3705 quos
660 3632 942 3689 invidiosis
976 3633 1251 3688 vocabulis
1282 3630 1569 3695 infidorum
1599 3632 1853 3701 Augusta:
1888 3643 2044 3699 pote-

468 3728 595 3782 stati
622 3724 985 3795 principisque
1015 3724 1248 3778 hostium
1282 3723 1664 3793 designabant.
1707 3722 1821 3779 Non
1855 3733 2038 3779 tamen

469 3818 686 3871 deluere
735 3816 829 3886 qni
875 3814 1259 3879 subsisterent,
1301 3815 1645 3870 continentes
1685 3828 1807 3868 sese
1853 3813 1909 3868 in
1953 3814 2043 3869 illo

469 3907 640 3963 eilnso
672 3906 901 3960 aliorum
926 3920 1114 3970 cursu,
1149 3905 1233 3959 vel
1263 3904 1407 3973 quod
1444 3904 1658 3958 cautius
1683 3918 1845 3972 qnam
1872 3905 2042 3958 auda-

470 3999 585 4053 cius
637 4012 799 4067 agere
846 3998 1155 4053 consultum
1201 3998 1464 4051 ducerent
1493 4033 1509 4060 ,
1565 3995 1646 4050 vel
1690 3995 1833 4064 quod
1879 3995 2042 4051 simul

465 4091 626 4144 etiam
656 4097 967 4158 sperarent,
998 4097 1117 4157 post
1167 4088 1439 4157 negotium
1466 4102 1496 4142 a
1519 4088 1871 4143 currentibus
1905 4102 2039 4142 con-

467 4186 667 4236 fectum
698 4182 1051 4252 sublatosque
1082 4190 1326 4249 potentes
1356 4195 1563 4247 rerum,
1591 4179 2038 4250 quastuosiorem

465 4274 569 4329 sibi
600 4273 1009 4342 relinquendam
1031 4285 1248 4340 cperam
1281 4268 1617 4339 irrumpendi
1652 4269 1706 4322 iu
1727 4268 1870 4323 aedes
1898 4270 2041 4337 ipso-

468 4383 586 4421 rmn
643 4376 700 4421 et
767 4363 1160 4434 pretiosissima
1231 4361 1359 4416 inde
1410 4374 1637 4431 quaeque
1678 4359 2035 4429 exportandi;

465 4459 671 4529 quasin
701 4459 911 4527 opimas
955 4456 1168 4524 pradas
1215 4454 1403 4510 utilius
1446 4462 1828 4523 expromerent
1870 4461 2036 4508 totam

2146 1975 2249 2049 τὴν
2278 1976 2507 2033 ἐκείνων
2534 1978 2712 2048 ὁρμὴν
2746 1977 2835 2030 διὰ
2869 1977 2968 2045 τῆς
3006 1976 3115 2028 τῶν
3155 1977 3342 2029 πυλῶν
3391 1977 3735 2041 ἐπιθέσεως,

2155 2073 2230 2142 μή
2274 2090 2391 2135 πως
2435 2074 2530 2127 καὶ
2567 2073 2853 2142 φθάσωσιν
2904 2071 3245 2134 εἰσελθόντες
3270 2087 3285 2104 ⁸
3324 2072 3457 2142 μηδὲ
3496 2072 3605 2141 γὰρ
3636 2072 3738 2124 ἐπὶ

2150 2163 2305 2234 καλῷ
2339 2181 2449 2218 τινι
2491 2164 2585 2218 τὸν
2621 2166 2879 2217 τοσοῦτον
2926 2163 3156 2232 θόρυϐον
3197 2161 3366 2228 εἶναι,
3401 2164 3522 2217 ἀλλ’
3556 2164 3634 2227 εἰς
3686 2181 3738 2216 τι

2150 2254 2330 2321 λήξειν
2361 2256 2551 2310 κακόν.
2567 2258 2630 2310 Ol
2649 2256 2707 2309 δὲ
2731 2256 2839 2309 τῶν
2859 2256 3053 2325 φόϐους
3074 2257 3340 2325 λεγόντων
3355 2259 3455 2312 οὐκ
3483 2259 3736 2328 1ἥκουσαν

2150 2349 2285 2412 ὅλως
2306 2366 2321 2381 ·
2356 2345 2459 2419 ἦγε
2485 2348 2616 2419 γὰρ,
2649 2344 2827 2418 οἶμαι,
2859 2349 3085 2411 τούτους
3115 2349 3175 2400 τὸ
3213 2349 3506 2419 μόρσιμον,
3544 2351 3636 2401 καί
3673 2349 3738 2399 τὸ

2149 2442 2442 2511 λεγόμενον
2490 2442 2725 2512 ἀληθὲς,
2771 2443 2845 2506 ὼς
2889 2443 3207 2513 ἀφαιρεῖται
3247 2441 3345 2505 τὰς
3401 2443 3606 2512 φρένας
3656 2436 3741 2495 ὧν

2149 2534 2415 2587 ἀπολέσαι
2456 2532 2639 2603 μέλλει
2663 2534 2723 2586 ea
2770 2533 2945 2586 Θεῖον.
2974 2535 3049 2584 Οὐ
3092 2534 3199 2603 μὴν
3225 2532 3280 2586 δὲ
3308 2532 3422 2585 ἀλλ’
3462 2532 3586 2586 οὐδὲ
3617 2534 3739 2595 τοτς

2150 2626 2389 2697 παροῦσι
2427 2627 2533 2680 τῶν
2569 2626 2914 2694 μεγιστάνων
2956 2624 3117 2694 ἔμελε
3153 2625 3213 2678 τὸ
3241 2623 3523 2695 δρώμενον
3561 2626 3738 2679 ἀκού-

2149 2806 2304 2863 diose
2338 2814 2717 2876 snggessernnt
2746 2822 2776 2861 e
2810 2821 2869 2861 re
2909 2803 3074 2860 videri
3115 2805 3296 2875 templi
3318 2804 3499 2859 valvas
3515 2804 3735 2859 occludi

2151 2899 2528 2967 venientibus;
2587 2900 2747 2968 idque
2806 2899 3004 2953 ardore
3053 2899 3293 2953 maximo
3352 2898 3621 2968 urgebant
3673 2907 3737 2951 nt

2148 2994 2332 3049 statim
2354 3004 2657 3050 curaretur.
2683 2996 2750 3049 At
2778 2994 2851 3049 illi
2884 2995 3169 3049 audientes
3191 2992 3553 3061 negligebant,
3580 2990 3735 3046 nulla

2149 3087 2342 3141 idonea
2374 3087 2686 3155 conjectura
2720 3086 2835 3140 fieri
2874 3085 3172 3140 verisimile
3202 3086 3411 3139 causati
3454 3085 3523 3139 ad
3555 3084 3733 3139 ullum

2150 3179 2384 3248 ipsorum
2411 3179 2707 3248 periculum
2727 3179 2886 3233 istmn
2904 3193 3123 3233 cursum
3140 3178 3410 3246 pertinere
3430 3193 3442 3227 :
3467 3177 3733 3233 nimirnm

2147 3270 2511 3340 opinabantur
2541 3271 2627 3340 agi
2679 3270 2941 3339 religione
2983 3277 3076 3322 aut
3121 3268 3305 3323 studio
3331 3270 3733 3323 rolnonestandi

2147 3364 2405 3433 principis
2433 3364 2644 3417 turbam
2678 3364 2846 3428 illam,
2872 3370 2927 3416 et
2958 3362 3091 3416 nihil
3116 3361 3263 3415 aliud
3290 3378 3451 3430 quam
3473 3376 3737 3431 spectare

2147 3467 2239 3510 aut
2275 3455 2699 3525 frequentiorem
2734 3455 2960 3510 reddere
3003 3453 3283 3509 funebrem
3314 3454 3540 3524 Augusti
3576 3466 3731 3509 mor-

2147 3549 2221 3602 tui
2252 3546 2566 3617 panegyritn
2599 3562 2816 3615 cupere.
2853 3547 2924 3602 Ut
2955 3558 3136 3600 autem
3157 3549 3247 3615 qui
3280 3548 3396 3601 lucc
3435 3548 3729 3603 nuntiarem

2147 3651 2267 3694 rant
2301 3656 2511 3694 rursum
2541 3642 2743 3708 egressi
2791 3642 3010 3711 propius
3035 3640 3144 3706 jam
3178 3640 3418 3706 appulsa:
3474 3640 3728 3694 innititu-

2145 3732 2290 3786 dinis
2322 3730 2551 3786 furentis
2586 3730 2864 3787 fremitum
2899 3747 2931 3787 e
2960 3732 3141 3786 vicino
3174 3732 3555 3786 terribiliorem
3586 3733 3726 3784 ιιειιι-

2141 3839 2265 3880 sere
2324 3824 2601 3888 sensibus,
2654 3840 2719 3878 eo
2781 3824 2900 3893 plus
2950 3823 3405 3878 coborrescentes
3451 3823 3725 3877 iterarunt

2144 3914 2398 3969 indicium
2429 3915 2727 3968 crescentis
2764 3914 2912 3979 mali,
2944 3913 3273 3976 nuntiantes,
3307 3923 3361 3966 ut
3389 3913 3563 3983 prius,
3601 3928 3725 3981 qna:

2142 4003 2412 4058 recentius
2435 4010 2751 4073 cognorant.
2777 4004 2929 4068 Quod
2972 4019 3097 4057 mox
3142 4004 3533 4058 confirmarunt
3555 4018 3722 4058 cursu

2141 4096 2336 4150 anhelo
2386 4094 2710 4151 festinantes
2769 4096 2860 4151 alii
2898 4111 3064 4166 super
3109 4096 3267 4150 alios.
3320 4094 3508 4164 Neque
3572 4099 3717 4150 enim

2140 4185 2253 4256 jam
2310 4187 2426 4251 ulli,
2463 4188 2555 4256 qui
2585 4198 2827 4243 uteretur
2859 4190 3018 4244 modo
3045 4172 3327 4252 sensibus,
3356 4188 3576 4242 dubium
3604 4198 3721 4242 erat

2140 4280 2265 4348 quin
2315 4280 2366 4334 in
2414 4281 2676 4350 tragicum
2726 4282 2928 4335 exitum
2982 4280 3254 4336 fanaticus
3309 4281 3411 4337 iste
3456 4297 3723 4337 accursus

2138 4380 2466 4439 erumperet.
2517 4370 2697 4437 Quare
2748 4371 2903 4426 multi
2950 4370 3054 4426 sibi
3096 4372 3348 4438 privatim
3410 4382 3717 4426 metuentes

2139 4463 2419 4518 admonitu
2478 4464 2800 4520 indiciorum
2871 4465 3170 4532 ingruentis
3221 4464 3347 4518 tnali
3401 4463 3541 4518 alius
3588 4463 3717 4516 alibi

468 4553 575 4607 vim
601 4548 980 4606 audacissimae
1004 4548 1336 4617 rapacitatis,
1374 4550 1595 4603 nemine
1642 4559 1752 4603 tum
1798 4550 2035 4619 proliibi-
2069 4561 2111 4615 ι)
2143 4554 2545 4610 abscondebam
2602 4570 2742 4610 sese.
2806 4554 3012 4619 Quibus
3077 4564 3258 4609 autem
3317 4554 3488 4625 major
3545 4558 3717 4623 qutun

468 4655 627 4711 turo,
699 4642 899 4712 quippe
954 4641 1066 4711 jam
1120 4642 1350 4698 mortuis
1408 4642 1814 4712 possessoribus
1877 4658 2039 4712 opera

464 4752 651 4791 eorum
688 4749 826 4804 quos
851 4734 905 4789 in
955 4734 1009 4788 id
1054 4747 1388 4803 praecurrere
1416 4733 1691 4788 sinebant.
1728 4732 1861 4788 Cum
1886 4749 2036 4804 ergo,

466 4831 592 4883 dum
633 4827 926 4899 liytnnodia
945 4825 1335 4891 celebraretur,
1359 4824 1673 4881 Muzalones
1691 4842 1812 4879 cum
1839 4827 2036 4896 primo—

2142 4648 2353 4702 caeteris
2383 4646 2721 4701 Muzalonum
2757 4662 2886 4701 cura
2920 4657 3059 4713 erat,
3105 4648 3283 4701 denuo
3313 4645 3520 4716 trepido
3549 4661 3711 4699 cursu

2143 4739 2399 4808 vultuque
2423 4739 2639 4795 turbato
2665 4739 2811 4807 ipsos
2833 4739 3072 4804 adibant,
3097 4741 3355 4810 impetum
3378 4751 3709 4793 armatorum

2142 4828 2467 4881 irruentium
2527 4827 2846 4894 indicantes,
2903 4840 2959 4884 et
3009 4843 3336 4899 magnopere
3388 4831 3708 4893 suadebant,

465 4921 617 4977 ribus
673 4921 992 4992 optimatum
1072 4920 1213 4974 intra
1286 4918 1541 4989 templum
1627 4926 1893 4984 starent,
1929 4917 2041 4988 58
2134 4921 2394 4990 juberent
2420 4921 2615 4990 opponi
2649 4918 2956 4976 furentibus
2986 4930 3259 4989 portarum
3312 4920 3494 4975 obices
3523 4919 3634 4991 59
3657 4932 3709 4976 et

462 5030 664 5081 ruens,
698 5025 758 5070 ut
793 5014 990 5070 dictum
1040 5022 1123 5067 est
1147 5052 1163 5079 ,
1199 5012 1426 5068 tumultu
1481 5012 1697 5067 insolito
1757 5011 2039 5068 multitudo

360 5126 367 5131 '
464 5109 806 5163 adventabat.
840 5105 910 5160 Et
936 5106 1047 5176 jam
1071 5107 1161 5174 qui
1194 5106 1337 5161 intus
1358 5116 1515 5160 erant
1540 5106 1836 5175 intelligere
1858 5120 2039 5173 caspe-

466 5212 587 5256 rant
615 5217 736 5255 eam
766 5200 977 5253 turbam
1021 5214 1166 5253 recta
1196 5199 1247 5252 in
1301 5197 1687 5257 monasterium
1736 5198 1887 5277 ferri,
1912 5212 2035 5251 cum

463 5294 732 5365 quidame
762 5292 1019 5346 ministris
1062 5292 1407 5346 Muzalonum
1433 5290 1565 5345 furis
1611 5291 2036 5361 opperientibus,

465 5382 619 5438 veriti
650 5396 757 5452 quo
785 5391 1076 5453 tempestas
1104 5393 1370 5452 suspectae
1399 5381 1652 5436 novitatis
1670 5382 2032 5444 incumberet,

462 5483 514 5529 et
548 5489 653 5526 non
679 5475 800 5527 sine
825 5487 985 5527 causa
1031 5484 1337 5528 metuentes
1390 5488 1458 5528 ne
1499 5484 1709 5526 armata
1755 5482 1809 5526 et
1856 5473 2033 5541 l‘gutn

462 5576 654 5620 secura
686 5563 880 5617 seditio
911 5564 963 5617 in
1003 5562 1205 5617 finitum
1237 5563 1455 5632 aliquod
1488 5562 1760 5618 desineret
1802 5563 2029 5625 facinus,

464 5653 660 5725 pallido
695 5656 840 5709 vultu
867 5656 1166 5725 periculum
1207 5659 1524 5711 nuntiarunt
1555 5658 1620 5711 iis
1645 5657 1735 5725 qui
1776 5671 1840 5709 ex
1886 5656 2031 5708 inte-

464 5749 594 5804 riori
620 5749 880 5802 comitatu
914 5749 1254 5803 Muz'alonnm
1285 5749 1424 5801 intra
1452 5749 1708 5817 templum
1737 5751 2032 5800 Vt‘fSnlmll-

465 5848 569 5895 tur.
624 5839 686 5895 lli
714 5845 825 5897 rem
857 5843 1042 5898 statim
1075 5844 1142 5896 ad
1174 5842 1422 5896 dominos
1471 5841 1777 5895 detulerunt
1835 5853 1882 5894 et
1921 5850 2033 5894 stu-

518 6084 557 6123 κ

2142 5011 2400 5079 templum
2430 5013 2612 5067 statim
2646 5012 2821 5067 claudi
2848 5012 3074 5083 jamjam
3116 5014 3260 5066 intro
3324 5013 3633 5081 irrupturis.
3662 5012 3705 5065 si

2141 5112 2349 5172 pateret
2380 5117 2396 5157 :
2433 5116 2555 5156 nam
2589 5110 2797 5156 tantum
2833 5104 3119 5156 tutnultum
3158 5103 3292 5156 lllllll
3322 5102 3446 5158 boni
3485 5114 3703 5173 porten-

2138 5196 2288 5248 dere.
2315 5191 2691 5248 Narrabantur
2723 5209 2787 5249 ea
2814 5196 3016 5250 surdis.
3048 5194 3369 5249 Pcrstabant
3403 5196 3455 5248 in
3491 5210 3705 5249 summo

2139 5286 2383 5354 periculo
2422 5294 2624 5343 temere
2659 5287 2863 5341 securi.
2893 5286 3098 5356 Agebat
3130 5287 3328 5355 quippe
3369 5286 3490 5341 illos
3527 5286 3705 5339 fatalis

2139 5387 2265 5447 puto
2287 5379 2504 5434 caacitas
2532 5378 2586 5432 in
2621 5379 2900 5433 decretum
2932 5378 3062 5447 ipsis
3092 5379 3473 5433 infortunium.
3502 5377 3696 5433 Verum

2137 5470 2347 5524 scilicet
2367 5481 2449 5524 est
2476 5469 2623 5538 quod
2658 5469 2767 5523 dici
2791 5469 2949 5533 solet,
2979 5485 3116 5538 quos
3146 5469 3373 5538 perdere
3395 5470 3507 5524 vult
3538 5467 3697 5533 Dens,

2140 5562 2206 5615 iis
2243 5572 2370 5615 ante
2403 5564 2585 5615 omnia
2625 5573 2862 5616 mentem
2899 5562 3132 5631 eripere.
3178 5561 3284 5614 Sed
3332 5576 3431 5615 nee
3486 5563 3573 5628 qui
3603 5561 3698 5613 ad-

2135 5666 2290 5711 ezant
2322 5670 2595 5725 proceres,
2630 5660 2852 5710 multum
2885 5670 3078 5711 curare
3104 5653 3421 5710 videbantur
3445 5668 3695 5724 quorsum

2136 5760 2445 5816 spectarent
2475 5767 2594 5820 qua:
2621 5751 2916 5805 audiebant
2943 5749 3083 5815 fieri,
3113 5750 3196 5804 vel
3225 5749 3460 5819 quadam
3492 5762 3694 5817 pramo—

2141 5845 2283 5900 tione
2313 5844 2693 5913 gerendorum,
2727 5842 2812 5896 vel
2838 5841 2903 5897 ad
2938 5841 3084 5911 ipsos
3118 5838 3263 5895 haud
3299 5840 3401 5895 rati
3432 5836 3693 5908 pertinere
