3952 6518
492 374 585 435 ἱῧέ)

1690 375 1837 434 GEO
1849 375 1943 434 RG
1959 376 2009 434 ll
2052 375 2529 439 PACllYMEﬂxE
3611 392 3701 455 436

486 493 617 561 φθαι
641 508 653 521 ·
703 489 870 552 οὕτως
908 487 1145 552 ὥπλιζεν
1180 485 1378 550 αὐτοὺς
1409 485 1635 557 ἡκακία
1657 528 1673 552 ,
1706 490 1802 542 καὶ
1837 491 1863 543 ό
1891 489 2062 560 θυμὸς
2092 493 2133 547 Δ
2167 488 2350 544 δύσνοι
2384 492 2497 556 τοῖς
2531 491 2849 563 βασιλεῦσιν
2870 531 2886 559 ,
2931 496 2979 549 oi
3027 495 3439 567 βασιλειῶντες,
3471 500 3520 553 oi
3564 508 3704 558 παντὶ

486 582 796 655 μεμηνότας
826 580 1000 653 θῆρας
1046 580 1282 638 ἐδείκνυ.
1323 580 1427 634 Τὸν
1464 581 1651 649 μέντοι
1685 597 1748 649 γε
1779 581 2058 653 πρωτοϐεο

484 675 727 744 στιάριον
774 670 1054 743 Κάρουλός
1095 686 1177 734 τις
1218 669 1326 723 τῶν
1375 669 1586 724 ἀδύτων
1638 670 2057 741 κατατολμήσας

482 766 575 819 καὶ
606 764 675 819 τά
708 762 879 817 πολλὰ
912 761 1427 832 διερευνησάμενος,
1471 761 1595 815 ἐπεὶ
1627 764 1725 832 οὐχ
1764 760 2054 833 εὕρισκεν,

480 854 729 910 ἀπειπὼν
772 852 996 924 ἔμελλεν
1044 852 1433 924 ὑποστρέφειν.
1497 852 1701 923 Ἀλλ’ή
1740 855 1906 923 μοῖρα
1943 853 2054 908 οὐδ’

480 949 686 1002 ἐκεῖνον
731 946 819 1000 εία
863 944 957 999 τοῦ
994 944 1213 1007 ίπάθους
1250 944 1444 1007 ἐκτός·
1498 944 1599 1015 τὴν
1641 945 1748 1016 γὰρ
1796 944 2055 1016 πρόθεσιν

478 1038 739 1093 εἰσελθὼν
791 1039 887 1092 καὶ
946 1038 1074 1109 τῇδε
1130 1038 1353 1091 κάκεῖσε
1414 1036 1891 1108 περιϐλεψάμενος
1961 1038 2057 1091 ἐπὶ

478 1132 670 1197 γόνασι
702 1129 1052 1194 συνιζάνοντα
1085 1127 1333 1182 κάτωθεν
1368 1121 1476 1181 εἶδε
1503 1129 1594 1181 τὸν
1624 1129 1929 1194 οἴκτιστον,
1960 1132 2056 1185 καὶ

482 1223 607 1278 ἰδὼν
650 1224 796 1296 ὁρμᾷ
845 1221 1132 1291 καθαιρεῖν
1178 1220 1426 1291 ἀπηνῶς.
1468 1220 1580 1274 Καὶ
1621 1220 1679 1284 ὃς
1711 1220 1955 1275 δυσωπεῖ
1997 1222 2057 1275 τὸ

477 1317 680 1369 οἰκεῖον
719 1307 859 1384 αἷμα
894 1311 1088 1366 πολλοῦ
1123 1328 1271 1374 τινος
1300 1308 1695 1380 ἐξωνούμενος.
1752 1308 1813 1365 Ὀ
1842 1310 1899 1364 δὲ
1929 1309 2055 1365 οὔτε

478 1408 615 1477 πρὸς
644 1405 707 1459 τὸ
738 1406 923 1476 σχῆμα
955 1407 1052 1474 τῆς
1083 1402 1318 1465 ἱκετείας
1348 1401 1568 1455 ἀπεῖδεν
1600 1400 1722 1455 οὔτε
1788 1402 1899 1474 μὴν
1961 1403 2059 1456 ύπ-

480 1498 721 1568 εκλάσθη
768 1498 880 1559 τοῖς
904 1494 1333 1565 ὲπηγγελμὲνοις
1357 1533 1372 1557 ,
1396 1492 1509 1546 ἀλλ’
1556 1493 1719 1556 εὐθὺς
1769 1495 2057 1566 κατασχὼν

479 1591 695 1658 ἀναιρεῖ
723 1589 957 1658 ξιφιδίῳ.
995 1586 1058 1660 [Ρ
1089 1584 1180 1658 ’55]
1213 1585 1320 1640 Καὶ
1350 1584 1509 1656 δῆλον
1539 1586 1762 1654 γεγονὸς
1808 1592 1871 1640 τὸ
1910 1604 2054 1658 πραο

476 1682 607 1754 χθὲν
627 1680 728 1735 οὐκ
750 1675 819 1751 ἦν
841 1681 988 1744 ὅστις
1016 1678 1165 1749 ἀπῆν
1187 1677 1418 1743 ἐκεῖθεν,
1442 1677 1556 1731 ἀλλ’
1576 1677 1808 1743 ἕκαστος
1830 1680 2057 1746 ἐπιστάς

482 1774 557 1834 ὡς
592 1766 740 1841 εῖχεν
791 1771 1037 1836 οὐτάζων
1084 1770 1179 1823 καὶ
1221 1768 1343 1840 μεθ’
1371 1768 1582 1838 ὕϐρεων
1622 1769 1812 1840 ᾕκιζε,
1862 1773 1954 1826 καὶ
1999 1775 2055 1837 ἐς

2162 581 2373 652 τρόπῳ,
2403 584 2451 637 εί
2489 583 2564 655 μὴ
2591 584 2924 650 κεκώλυντο,
2950 582 3121 642 οἷοίτ’
3146 591 3330 660 ἄρξαι,
3361 593 3411 645 oi
3441 592 3531 646 τοῦ
3560 613 3705 666 στρα-

2159 674 2416 728 τιωτικοῦ
2447 676 2753 747 ἀλιτήριοι,
2788 680 2838 733 οί
2875 682 3238 749 μαγγανείαις
3272 685 3371 753 μὲν
3400 687 3489 739 τὸν
3516 692 3706 761 πατέρα

2164 763 2288 835 μεθ’
2315 767 2682 837 ὐπουλότητος
2710 770 3070 837 ὑπελθόντες,
3112 775 3359 846 φυλακῆς
3387 779 3446 830 δὲ
3483 780 3602 854 δόξῃ
3627 785 3708 837 καὶ

2158 858 2461 926 ἀσφαλείας
2520 859 2601 931 τῷ
2655 863 2758 932 υἱῷ
2819 865 3205 936 ἐφεδρεύοντες
3239 909 3254 932 ,
3307 870 3384 933 ὡς
3439 871 3709 930 δεδώκασιν

2162 949 2317 1015 ἀξίας
2351 952 2447 1006 καὶ
2476 952 2553 1017 ὡς
2576 953 2685 1008 ἔδει
2715 956 2813 1020 τὰς
2845 957 3003 1020 δίκας
3022 998 3038 1019 ,
3064 958 3140 1017 ὡς
3170 961 3397 1025 εἰκότως
3423 962 3708 1037 διαπεπράς

2159 1061 2356 1114 χαται,
2390 1046 2483 1099 καὶ⁵
2521 1047 2598 1110 ὡς
2624 1048 2890 1115 εὐνοϊκῶς
2918 1051 3013 1104 τοῦ
3038 1052 3229 1106 λοιποῦ
3259 1054 3612 1127 δουλεύσομεν
3644 1061 3711 1129 τῷ

2157 1136 2394 1210 δεσπότῃ
2427 1138 2537 1192 τῶν
2570 1140 2782 1194 ἐκεῖθεν
2812 1142 3229 1212 ἀπαλλαγέντες
3271 1147 3479 1202 κακῶν.
3515 1168 3533 1201 ι
3564 1150 3710 1204 Ταῦτ’

2159 1228 2346 1297 ἔλεγον
2366 1270 2382 1296 ,
2425 1234 2520 1285 καὶ
2560 1230 2712 1287 λείαν
2741 1234 2949 1288 Μυσῶν
2971 1236 3233 1290 τάκείνων
3270 1239 3490 1292 ἐποίουν
3512 1282 3526 1304 ,
3551 1240 3709 1311 ἀμφο-

2156 1324 2346 1389 τέραις
2387 1324 2769 1389 ὲξαντλοῦντες
2814 1325 2907 1379 τὸν
2947 1327 3182 1382 πλοῦτον
3229 1330 3294 1382 ὲκ
3330 1331 3442 1384 τῶν
3492 1334 3707 1403 σκηνῶν.

2160 1413 2378 1467 Τούτων
2409 1414 2503 1469 οὖν
2528 1416 2673 1472 οὓτω
2706 1418 3074 1473 τελεσθέντων
3094 1459 3109 1481 .
3147 1421 3379 1489 μηδενὸς
3416 1424 3528 1475 οἴου
3558 1442 3613 1476 τε
3639 1425 3689 1476 δ)

2158 1504 2382 1571 κοῦντος
2445 1509 2732 1578 μαργῶντι
2783 1510 2981 1580 πλήθει
3037 1517 3131 1565 καὶ
3194 1513 3432 1584 ἀναρχίᾳ
3485 1515 3711 1583 ἐμποδὼν

2160 1596 2409 1654 ἵστασθαι
2431 1639 2446 1664 ,
2482 1600 2593 1655 τῶν
2624 1602 2725 1671 μὲν
2753 1604 2871 1665 ταῖς
2915 1603 3200 1667 ἀληθεία-ς
3224 1604 3501 1672 δεδιότων,
3534 1608 3635 1659 τῶν
3665 1608 3711 1661 Es

2158 1691 2257 1745 καὶ
2304 1693 2445 1746 κατὰ
2495 1693 2863 1762 προσποίησιν
2895 1696 3161 1766 (σημεῖον
3194 1697 3289 1750 δέ’
3342 1699 3441 1752 καὶ
3483 1698 3589 1769 γὰρ
3624 1699 3714 1765 τῆς

2158 1781 2252 1835 τοῦ
2296 1783 2806 1854 πρωτοϐεστιαρίου
2862 1784 3100 1854 συζύγου
3148 1788 3269 1840 ἐκεῖ
3303 1788 3585 1857 παρούσης
3633 1792 3747 1868 aut.

478 1863 732 1917 τοσοῦτον
778 1860 1021 1949 μελεϊστὶ
1070 1861 1438 1916 κατεδάσαντο
1472 1860 1612 1916 ὥστε
1650 1864 1744 1915 καὶ
1789 1863 1917 1927 τοὺς
1967 1864 2054 1916 ὲν-
2091 1844 2130 1900 Β
2161 1874 2313 1929 δεινά
2343 1844 2613 1947 ’ποιούσης
2651 1844 2747 1931 xei,
2776 1844 3047 1947 λεγούσης
3076 1879 3170 1933 ἐπὶ
3201 1881 3318 1943 τοῖς
3346 1844 3711 1951 τολμηθεῖσιν,

476 1955 779 2025 ταφιαστάς
801 1946 1027 2024 ὕστερον
1052 1955 1245 2025 σάκκῳ
1267 1953 1336 2008 τά
1361 1953 1497 2024 μέλη
1524 1953 1863 2018 καταθέντας
1881 1953 2056 2019 οὕτως

480 2043 787 2117 ἐκφορῆσαι
819 2046 914 2098 καὶ
949 2044 1106 2115 τάφῳ
1137 2042 1345 2097 δοῦναι.
1392 2043 1545 2097 Ἐπεὶ
1577 2042 1623 2098 δ’
1651 2046 1733 2108 είς
1762 2043 1911 2108 τέλος
1944 2048 2059 2108 τοῖς

477 2139 779 2211 ἀνημέροις
805 2137 1034 2200 ἐκείνοις
1063 2137 1313 2207 ἐπράχθη
1345 2135 1405 2190 τὸ
1433 2135 1691 2209 τόλμημα
1713 2176 1729 2202 ,
1777 2138 1903 2201 συὸς
1934 2136 2059 2208 τρό-

474 2248 577 2285 πον
609 2228 873 2302 θήξαντες
895 2229 1023 2291 τοὺς
1047 2228 1266 2292 ὀδόντας
1292 2228 1367 2292 ὡς
1396 2227 1533 2298 μηδὲ
1561 2229 1656 2283 καὶ
1680 2229 1807 2294 τοὺς
1834 2231 1891 2285 ἐν
1911 2230 2057 2285 τέλει

476 2322 792 2386 κατωπαδὶς
838 2321 1067 2375 ἐκείνων
1117 2320 1263 2391 ἔχειν
1310 2320 1563 2374 ἵστασθαι
1610 2321 1705 2374 καὶ
1726 2322 1972 2393 ἐλέγχειν
2020 2324 2053 2395 ἢ

477 2415 587 2486 μὴν
612 2414 823 2485 ἐρωτᾷν
839 2415 890 2465 τί
914 2412 1180 2476 παθόντες
1198 2413 1293 2465 καὶ
1314 2412 1455 2476 τίνος
1473 2413 1816 2483 ὁρμήσαντος
1831 2414 1984 2468 τοιαῦ
1997 2434 2055 2470 τα

475 2504 788 2577 πράττοιεν,
824 2504 920 2558 ἐπὶ
947 2507 1045 2569 τὰς
1076 2505 1285 2571 σκηνάς
1308 2505 1471 2569 εὐθὺς
1496 2503 1700 2575 ὥρμων
1728 2506 1836 2560 τῶν
1859 2523 2051 2576 φονευ-

467 2597 677 2652 θέντων
702 2638 718 2661 ,
754 2598 850 2652 καὶ
891 2589 937 2666 ᾧ
977 2596 1340 2669 προστετύχει
1378 2596 1609 2660 ἕκαστος
1646 2596 1769 2668 μεθ’
1799 2598 1884 2654 ὅτι
1926 2616 2054 2668 γεν-

472 2691 626 2744 ναίου
658 2689 753 2744 τοῦ
794 2692 1262 2761 παραστήματος,
1293 2690 1369 2755 ὡς
1403 2691 1619 2756 οὐδενὸς
1654 2691 1847 2746 καινοῦ
1895 2708 2057 2763 γεγο-

474 2780 650 2846 νότος,
683 2779 971 2851 ὲξεφόρουν
997 2779 1434 2850 ἑπεγγελῶντες,
1466 2780 1563 2836 καὶ
1592 2780 1653 2836 τὸ
1682 2782 1776 2836 ἐπὶ
1803 2781 2054 2855 γλώσσης

472 2870 729 2942 ἔγκλημα
781 2871 1044 2941 συχνάκις
1087 2871 1380 2941 λεγόμενον
1417 2866 1519 2944 ἦν,
1578 2890 1600 2926 ι
1640 2872 1705 2927 Οἱ
1743 2871 1928 2945 ἐχθροὶ
1960 2876 2054 2929 καὶ

478 2984 697 3041 modum
758 2983 930 3040 ferina
992 2999 1219 3053 prorsus
1273 2985 1425 3041 rabie
1483 2995 1731 3044 ruerent.
1791 2988 2053 3056 Querens

466 3079 711 3149 denique
735 3077 1216 3147 protovestiarium
1244 3076 1478 3135 Carolus
1501 3081 1722 3149 quidam
1763 3090 2053 3152 penetrare

2150 1966 2586 2046 ,ἐμϐριθέστερον
2624 1970 2652 2024 ό
2677 1969 2852 2038 μέγας
2878 1970 3239 2033 avonculo;
3268 1972 3365 2025 καὶ
3401 1973 3542 2036 θεῖος
3570 1973 3714 2026 αὐτό·

2158 2058 2250 2113 θεν
2297 2062 2516 2131 ἐπεῖχεν
2539 2101 2557 2127 ,
2613 2062 2916 2116 ἐπιτάττων
2958 2065 3136 2139 σιγᾷν
3183 2064 3496 2137 φοϐουμένη
3534 2068 3605 2138 μὴ
3634 2070 3714 2121 καὶ

2157 2152 2297 2223 αὑτὴ
2328 2153 2494 2207 πάθοι
2514 2191 2529 2217 ,
2572 2156 2622 2208 εί
2656 2154 2733 2227 μὴ
2765 2154 2938 2227 σιγῴη
2961 2195 2978 2218 .
3009 2158 3081 2209 τὰ
3110 2156 3312 2227 ὃμοια)
3339 2197 3357 2221 .
3393 2188 3465 2200 -
3493 2159 3566 2222 ὡς
3601 2160 3714 2228 γοῦν

2158 2246 2535 2317 συνεχύθησαν
2565 2246 2805 2312 ἀπαντες
2829 2290 2847 2315 ,
2878 2250 2972 2302 καὶ
3008 2251 3189 2320 κύριοι
3218 2250 3312 2304 καὶ
3345 2249 3611 2322 ὑπηρέται
3638 2251 3713 2303 ἐπ’

2159 2337 2280 2407 ῐσης
2313 2333 2463 2408 εῐχον
2483 2338 2593 2392 τῶν
2632 2338 2908 2410 φοϐερῶν,
2934 2340 3170 2395 ἑκάστου
3208 2341 3505 2411 ζητοῦντος
3533 2343 3592 2394 τὸ
3626 2342 3717 2392 σώ-

2155 2428 2345 2495 ζεσθαι
2372 2467 2390 2493 ,
2428 2429 2765 2503 ἀπαίρουσιν
2813 2432 3025 2486 ἐκεῖθεν
3081 2432 3280 2497 εὐθὺς,
3336 2434 3428 2500 ἐφ’
3466 2434 3495 2486 ὅ
3538 2450 3590 2485 τι
3632 2433 3713 2485 καὶ

2156 2519 2558 2590 παραγένοιντο
2583 2519 2658 2590 μὴ
2681 2519 3092 2590 φροντίσαντες,
3117 2521 3211 2575 καὶ
3228 2523 3326 2575 σὺν
3341 2522 3518 2575 οὐδενὶ
3542 2524 3711 2592 κόσμῳ

2156 2606 2473 2677 φεύγοντες.
2508 2607 2600 2677 Τῷ
2641 2609 2741 2678 μὲν
2780 2608 2991 2679 βασιλεῖ
3020 2609 3239 2681 ἀσφαλῆ
3284 2612 3448 2666 πλέον
3474 2612 3507 2681 ἧ
3538 2612 3712 2684 πρό-εξ.

2156 2716 2251 2772 ρον
2277 2700 2346 2754 τὰ
2371 2700 2471 2770 τῆς
2502 2700 2753 2772 φυλακῆς
2780 2702 3066 2771 δφιστῶσι,
3095 2702 3173 2774 μή
3198 2718 3252 2756 τι
3276 2704 3377 2757 καὶ
3400 2703 3707 2776 νεωτερισιῇ

2156 2792 2341 2846 πλέον.
2397 2792 2557 2847 Οὕτω
2608 2793 2991 2864 συγχυθέντων
3040 2795 3330 2861 ἀπάντων,
3384 2795 3605 2859 ἕκαστος
3650 2780 3713 2857 τὶ

2155 2882 2277 2937 καθ’
2310 2883 2536 2952 ἑαυτὸν,
2560 2882 2635 2949 ὡς
2668 2882 2782 2956 εἶχε
2804 2926 2820 2952 ,
2853 2885 3317 2957 κατησφαλίζετο.

2156 2996 2496 3076 all'ectantes,
2523 3007 2579 3051 et
2602 2998 2799 3068 quovis
2830 3001 3011 3063 modo,
3047 3000 3148 3053 nisi
3177 2998 3257 3054 sic
3291 2998 3711 3068 prohiberemir,

2155 3089 2223 3143 ad
2252 3089 2591 3160 tyrannidem
2625 3089 2962 3159 perventuri,
2999 3088 3248 3144 militaris
3276 3090 3486 3144 ordinis
3507 3104 3715 3158 oppres-

472 3186 638 3228 ausus
667 3171 721 3226 in
749 3171 935 3242 adyta,
968 3179 1024 3225 et
1054 3170 1125 3224 ibi
1157 3170 1325 3226 multa
1359 3173 1724 3243 nequidquam
1754 3185 2051 3244 scrutatus,
2081 3198 2126 3257 α
2157 3195 2311 3236 sores
2352 3180 2702 3238 detestabiles
2722 3219 2738 3246 ,
2790 3181 3123 3251 magicarum
3165 3181 3368 3237 artium
3401 3183 3716 3237 clandestino

464 3268 762 3333 desperata
793 3262 1105 3318 inventione
1142 3264 1399 3319 recedere
1441 3264 1691 3333 parabat.
1730 3265 1837 3323 Sed
1878 3268 2049 3324 fatum

469 3374 578 3414 non
610 3356 740 3413 sirit
763 3356 913 3412 illum
942 3355 1173 3412 evadere
1210 3357 1505 3413 immunem
1538 3360 1721 3415 damni
1758 3377 1773 3416 :
1814 3377 1939 3417 nam
1963 3378 2054 3418 re-

467 3458 687 3517 sumpta
750 3455 978 3517 repente
1028 3445 1258 3502 Carolus
1314 3449 1591 3504 scrutandi
1654 3464 1784 3507 cura
1837 3465 2049 3508 sacram

472 3554 715 3595 mensam
756 3538 1003 3600 subiens,
1045 3547 1103 3592 et
1157 3537 1266 3594 huc
1307 3538 1545 3611 illucque
1573 3554 1801 3598 versans
1837 3544 2048 3614 oculos,

470 3634 790 3704 depressum
840 3631 1038 3688 subtus
1092 3632 1147 3686 iu
1201 3646 1380 3703 genua
1437 3634 1805 3690 miserrimum
1857 3638 2051 3707 depre-

472 3709 685 3791 hendit,
731 3738 835 3782 nec
862 3725 1072 3781 distulit
1114 3726 1167 3780 in
1201 3739 1328 3781 eum
1374 3728 1749 3785 trucidaturus
1793 3730 2046 3799 irruere,

485 3817 692 3873 frustra
723 3818 814 3874 illo
842 3817 1194 3890 deprecante,
1229 3828 1285 3873 et
1314 3830 1580 3888 quantum
1614 3822 1774 3878 vellet
1806 3825 1892 3877 sui
1923 3839 2049 3879 san-

472 3912 651 3983 guinis
675 3910 940 3969 oﬂ‘erente
970 3912 1229 3980 pretium,
1251 3912 1522 3983 siquidem
1551 3913 1692 3970 latro
1725 3929 1828 3969 nec
1860 3916 2048 3972 habitu

469 4004 731 4073 supplicis
763 4003 960 4069 ﬂexus,
992 4019 1093 4060 nec
1120 4004 1299 4074 rigore
1330 4003 1495 4058 animi
1529 4006 1899 4075 magnitudine
1924 4021 2051 4076 pro-

472 4098 764 4151 missorum
801 4095 887 4152 vel
924 4096 1199 4151 tantillum
1233 4095 1490 4162 infracto,
1522 4100 1711 4152 statim
1745 4099 2049 4168 apprehen-

469 4205 588 4245 sum
617 4187 850 4257 pugione
889 4186 1148 4242 confecit.
1185 4185 1341 4251 Quod
1372 4201 1497 4240 cum
1539 4203 1661 4241 mox
1689 4198 1842 4244 esset
1870 4190 2050 4255 publi-

464 4288 657 4334 catum
678 4318 702 4345 ,
733 4278 914 4333 nullus
951 4276 1062 4332 fuit
1090 4278 1182 4346 qui
1212 4292 1280 4331 eo
1306 4291 1414 4331 non
1439 4288 1753 4333 aceurreret
1776 4294 1842 4333 ac
1886 4296 2048 4349 supra

466 4382 621 4426 stans
640 4370 871 4426 caederet
895 4384 1130 4438 cumque
1146 4367 1471 4423 contumelia
1487 4369 1868 4426 conscinderet
1903 4388 2048 4426 mor-

471 4474 643 4518 tuum.
661 4461 915 4530 Adeoque
940 4460 1086 4516 illum
1108 4459 1450 4514 membratim
1476 4460 1854 4526 conciderunt,
1874 4470 1932 4517 ut
1954 4464 2047 4533 qui

2159 3272 2431 3329 malelicio
2467 3274 2518 3327 in
2550 3280 2760 3345 patrem
2804 3273 3112 3343 Augustum
3156 3276 3419 3343 grassati,
3468 3274 3575 3327 ﬁlio
3626 3291 3714 3341 pn-

2157 3365 2289 3436 pillo
2340 3365 2523 3435 specie
2584 3363 2849 3421 custodiae
2926 3375 2981 3420 et
3044 3364 3368 3436 praestandae
3428 3367 3715 3420 securitatis

2160 3457 2500 3522 insidiantes,
2524 3464 2584 3511 ut
2597 3471 2789 3527 pmnas
2809 3457 3073 3511 dederunt
3091 3438 3664 3527 proutoportuitdigra
3696 3456 3710 3509 ί

2157 3561 2215 3606 ιιι
2244 3553 2367 3621 jure
2395 3566 2459 3605 ac
2486 3550 2681 3605 merito
2705 3548 2848 3618 quod
2872 3548 3055 3603 decuit
3087 3548 3291 3603 factum
3321 3551 3439 3604 est!
3483 3561 3540 3602 ut
3581 3552 3659 3601 tuti
3678 3547 3711 3598 li

2157 3656 2219 3697 ac
2246 3643 2442 3697 devoto
2471 3641 2682 3696 alacres
2719 3640 2923 3705 animo,
2963 3640 3079 3695 dira
3124 3640 3481 3697 scelestarqu
3518 3638 3711 3694 libera'i

2156 3734 2487 3803 tyrannide,
2552 3732 2790 3788 Domino
2850 3732 3105 3802 deinceps
3179 3733 3558 3787 serviemus!»
3606 3731 3713 3784 llrec

2156 3825 2319 3880 simul
2371 3824 2754 3893 loquebantur,
2816 3824 2980 3878 simul
3031 3824 3252 3893 impune
3298 3824 3447 3879 velut
3491 3840 3522 3878 e
3568 3823 3713 3894 My~is

2156 3919 2390 3988 praedam
2412 3916 2804 3986 congerebant,
2841 3924 3065 3985 agentes
3110 3899 3456 3986 [brentesque
3489 3930 3572 3972 res
3602 3917 3712 3984 cpi-

2158 4023 2273 4064 mas
2296 4025 2327 4065 e
2357 4010 2516 4078 plena
2540 4006 2880 4061 Muzalonum
2910 4008 3091 4063 domo.
3117 4005 3241 4062 llaec
3263 4008 3319 4062 in
3343 4007 3487 4062 hunc
3510 4006 3708 4061 modum

2155 4111 2283 4157 sunt
2329 4111 2488 4164 acta,
2549 4101 2766 4154 nemine
2819 4098 2919 4154 sibi
2975 4106 3183 4154 tantum
3235 4090 3711 4154 auctoritatis’aut

2157 4195 2351 4248 virium
2416 4193 2593 4245 inesse
2650 4196 2912 4259 putante,
3001 4199 3209 4258 quanto
3264 4201 3411 4246 esset
3469 4205 3601 4259 opus
3651 4187 3710 4242 ad

2156 4286 2557 4356 reprimendum
2610 4281 2851 4337 furorem
2893 4281 3172 4336 ell‘renatae
3216 4281 3598 4344 multitudinis,
3625 4277 3714 4334 ob-

2155 4376 2444 4447 standique
2467 4373 2823 4429 contumaciae
2844 4372 3018 4445 legum
3039 4383 3092 4426 et
3114 4372 3322 4441 imperii
3350 4374 3575 4439 victrici,
3601 4371 3711 4424 aliis

2157 4483 2343 4523 revera
2379 4464 2718 4529 timentibus,
2749 4464 2873 4518 aliis
2897 4462 3284 4518 simulantibus
3319 4462 3586 4517 timorem.
3619 4462 3710 4514 Ar-

471 4554 664 4609 ueinde
686 4553 915 4623 sepelire
944 4551 1251 4616 voluerunt,
1284 4564 1506 4607 necesse
1529 4552 2049 4611 babuerintlaceros
2081 4562 2124 4618 D
2153 4571 2408 4632 gumento
2456 4557 2528 4614 sit
2563 4558 2705 4626 quod
2740 4553 3140 4625 protovestiarii
3181 4566 3403 4609 uxorem
3438 4552 3546 4607 illic
3589 4544 3737 4618 νινε-⁸

472 4657 529 4704 et
545 4646 614 4701 ab
631 4646 858 4701 invicem
880 4645 1140 4700 discissos
1159 4652 1312 4699 artus
1340 4642 1396 4698 in
1422 4657 1640 4699 saccum
1662 4644 1918 4716 colligere
1945 4663 2054 4718 quo

472 4739 541 4795 ad
590 4738 922 4807 sepulturam
962 4733 1157 4793 elferre
1182 4743 1430 4807 possent.
1461 4737 1757 4808 Postquam
1791 4752 1920 4793 vero
1948 4740 2052 4794 ini-

473 4843 659 4885 manes
687 4829 1020 4899 sauguinarii
1053 4829 1161 4885 voti
1182 4843 1244 4884 se
1268 4838 1550 4898 computes
1594 4838 1906 4898 perpetrato
1949 4847 2047 4886 an-

471 4910 764 4979 dacissixno
788 4919 995 4977 scelere
1022 4919 1301 4986 viderunt,
1339 4929 1452 4975 tum
1481 4932 1609 4975 vero
1650 4921 1881 4976 stridere
1912 4922 2050 4978 den-

471 5015 616 5071 tibus
662 5015 834 5070 instar
866 5027 1122 5084 aprorum
1165 5011 1553 5078 frendentium,
1593 5024 1654 5069 ut
1693 5029 1855 5071 nemo
1884 5017 2047 5072 etiam

469 5108 786 5174 optimatum
806 5107 1334 5178 autmagistratuum
1350 5106 1462 5178 62
1489 5121 1656 5178 prope
1700 5107 1831 5175 ipsis
1867 5118 2048 5166 astare

470 5199 806 5263 sustineret,
858 5197 1030 5253 multo
1073 5199 1257 5253 minus
1314 5199 1737 5267 reprehendere,
1783 5210 1875 5254 aut
1918 5201 2045 5270 quid

472 5288 619 5357 passi
646 5302 820 5355 quove
858 5287 1151 5358 instigante
1174 5287 1303 5344 talia
1330 5287 1577 5344 facerent
1601 5306 1813 5361 rogare.
1855 5290 2049 5348 Subito

470 5378 667 5434 deinde
712 5378 768 5433 in
812 5379 957 5435 aedes
1010 5382 1327 5449 irruperunt
1370 5379 1818 5446 interfectorum,
1867 5382 2049 5452 ibique

472 5468 739 5538 quidquid
788 5471 984 5541 cuique
1036 5472 1179 5540 quod
1230 5470 1493 5541 placeret,
1539 5484 1888 5539 occurrerat,
1938 5485 2046 5528 tum

469 5577 663 5618 secura
696 5561 979 5618 ludibundi
1027 5578 1091 5618 ac
1120 5564 1357 5619 ridentes
1390 5562 1685 5619 elIerebant
1720 5566 1948 5619 audacia
1983 5581 2047 5621 ac

457 5656 520 5714 si
556 5653 689 5708 nihil
736 5657 862 5710 novi
890 5657 1229 5727 contigisset,
1271 5657 1324 5709 in
1353 5670 1447 5711 ore
1479 5657 1740 5711 habentes
1768 5672 1831 5711 ac
1858 5659 2046 5713 crebro

475 5745 740 5802 iterantes
775 5757 1113 5803 mortuorum
1141 5762 1353 5803 crimen
1387 5744 1473 5801 his’
1491 5763 1810 5819 expressum
1834 5752 2040 5803 Vtrrlrs:

479 5855 502 5893 ι
542 5837 736 5896 Hostes
775 5846 828 5895 et
871 5840 1176 5911 proditores
1204 5840 1638 5913 imperatorum,
1678 5839 2042 5910 primipttunt

2156 4663 2383 4716 sentem,
2413 4660 2469 4705 et
2498 4664 2616 4719 qua:
2645 4662 2745 4718 par
2777 4657 2895 4701 erat
2941 4644 3240 4700 videntem~
3261 4642 3389 4698 talia
3435 4642 3709 4712 deploran-

2158 4755 2261 4800 lem
2290 4758 2354 4798 ac
2377 4744 2710 4813 loquentem,
2737 4752 2961 4808 magnus
2985 4737 3335 4793 conostaulus
3355 4735 3476 4807 ejus
3500 4746 3705 4804 patruus

2156 4836 2392 4905 graviter
2436 4832 2757 4901 increpitam
2789 4829 3053 4898 corripuit
3082 4838 3139 4883 et
3172 4830 3337 4884 silere
3358 4828 3545 4897 jussit,
3574 4833 3703 4877 metu

2155 4942 2222 4983 ne
2248 4920 2522 4995 pateretur
2542 4923 2659 4979 viro
2683 4921 2908 4985 similia,
2941 4921 2989 4975 si
3021 4920 3202 4975 verbis
3237 4920 3456 4974 irritare
3480 4918 3704 4972 {urentes

2154 5024 2422 5088 pergeret.
2446 5013 2591 5084 Ergo
2610 5014 2864 5070 cohibitis
2888 5012 2943 5066 in
2963 5011 3178 5081 direpta
3204 5012 3363 5067 domo
3392 5011 3508 5081 pari
3531 5009 3706 5062 timore

2150 5110 2259 5181 63
2295 5108 2509 5166 cunctis
2563 5121 2715 5177 eque
2746 5105 2979 5161 dominis
3023 5113 3079 5159 et
3126 5102 3367 5168 famulis,
3396 5108 3705 5169 unoquoque

2153 5204 2206 5258 in
2232 5204 2382 5257 lucro
2410 5209 2646 5270 ponente
2676 5198 2720 5253 si
2750 5197 2934 5251 salvus
2952 5196 3232 5259 evaderet,
3258 5194 3553 5249 abscedunt
3585 5188 3697 5242 inde

2153 5294 2391 5357 tandem,
2441 5290 2575 5345 nihil
2626 5288 2779 5359 pensi
2836 5289 3098 5347 habentes
3142 5301 3251 5356 quo
3307 5285 3595 5345 ferrentur,
3646 5291 3704 5330 ac

2149 5384 2301 5456 quasi
2333 5382 2601 5454 fugientes
2634 5379 2782 5435 nullo
2830 5378 3040 5443 ordine,
3065 5376 3297 5447 principi
3331 5376 3545 5444 quidem
3573 5367 3698 5423 val-

2150 5477 2356 5531 diorem
2391 5488 2555 5544 quam
2600 5471 2754 5542 prius
2801 5469 3108 5525 custodiam
3144 5474 3444 5538 apponunt,
3483 5478 3546 5518 ne
3583 5456 3700 5529 quid

2148 5583 2215 5622 ex
2244 5582 2308 5622 eo
2331 5580 2486 5622 nove
2526 5566 2604 5619 rei
2639 5571 2827 5634 posset
2852 5574 3171 5631 exsurgere.
3203 5558 3295 5614 Sic
3312 5556 3554 5613 confusis
3572 5566 3689 5605 run-

2153 5662 2278 5727 ctis,
2307 5659 2685 5729 unusquisque
2711 5655 2992 5712 securitati
3023 5668 3088 5709 ac
3106 5652 3267 5710 saluti
3297 5650 3530 5723 propriae
3544 5654 3694 5717 quam

2152 5763 2366 5822 poterat
2395 5750 2815 5821 diligentissime
2844 5745 3089 5802 cavebat.
3504 5748 3505 5755 ‘
