3952 6542
229 499 328 562 497

1177 502 1274 563 DE
1316 502 1704 562 MICHAELE
1742 478 2198 565 estcomm
2239 505 2382 570 Lm.
2429 509 2476 569 i.

3365 506 3475 565 50%

229 618 294 666 κ’.
326 610 530 676 ’Θέτιος
561 610 679 684 τῶν
737 611 1116 684 μεγιστάνων
1145 609 1240 662 διὰ
1274 610 1465 684 *ταῦτά
1501 627 1660 674 τινες
1695 613 1804 664 ὺπ-
1837 620 1876 675 Α
1909 614 2012 667 κα’.
2048 614 2245 680 ’Ὅπως
2289 614 2708 682 ἐφιλονείκουν
2752 619 2805 669 οἱ
2845 616 3133 684 ἄρχοντες
3185 615 3314 683 περὶ
3363 617 3474 681 rip-

548 680 836 748 εχώρουν,
864 685 917 734 cl
937 681 1006 732 δὲ
1031 680 1518 748 διεφυλάττοντο.

291 794 354 867 [Ρ
383 792 477 864 56]
512 795 620 846 Καὶ
668 794 713 846 οἱ
760 793 857 862 μὲν
904 794 1040 861 ἀμφὶ
1094 793 1187 846 τὸν
1239 795 1586 865 Καρυανῗτην
1650 811 1799 862 πρω-

223 888 341 940 τοεε
355 889 637 956 στιαρίτην
670 886 790 940 τότε
821 889 1180 956 τυγχάνοντα.
1215 888 1386 958 ἀνδρα
1431 886 1669 957 γεραρὸν
1703 889 1798 940 καὶ

227 979 416 1032 πολόὖ
478 997 628 1042 τινος
686 979 870 1043 ἀξιον,
917 983 1064 1049 φυγῇ
1113 981 1352 1051 ἐχρῶντο
1397 980 1533 1050 πρὸς
1588 980 1799 1047 Πέρσας

223 1071 655 1138 αὖτομολοῦντες
674 1112 689 1134 ,
721 1073 782 1126 ού
822 1071 1032 1142 βασιλεῖ
1062 1072 1412 1138 ἐγκοτοῦντες
1439 1113 1453 1136 ,
1495 1071 1802 1140 ἀλλάοπερ)⁸

225 1165 434 1225 ἑαυτοῖς
460 1163 759 1226 δεδοικότες
785 1164 870 1217 διά
897 1163 996 1234 τὴν
1021 1164 1129 1216 τῶν
1151 1163 1492 1234 πραγμάτων
1518 1161 1798 1233 σύγχυσιν.

229 1257 344 1309 Εἴτε
375 1257 485 1325 γὰρ
519 1257 860 1316 αὐτοῦούλως
889 1256 1091 1326 ὥρμων
1118 1257 1166 1308 οἱ
1201 1256 1516 1324 ἐπιθέμενοι
1554 1255 1626 1325 μή
1659 1271 1804 1316 τινος

228 1349 623 1417 παρορμῶντος
649 1389 662 1407 .
708 1347 851 1418 ἔχειν
892 1349 987 1400 καὶ
1028 1347 1192 1399 πάλιν
1237 1347 1412 1410 οὕτως
1457 1349 1640 1420 ὁρμᾷν
1677 1347 1802 1418 μηδ’

227 1440 397 1491 ίτιοῦν
427 1439 793 1503 κολασθέντας
816 1455 829 1469 ·
867 1440 975 1494 εἴτε
1005 1439 1096 1494 καὶ
1125 1439 1276 1493 ἄλλοι
1329 1441 1469 1508 σφᾶς
1511 1441 1803 1510 ὁρμῶντας

230 1532 622 1601 παρώτρυναν,
657 1535 902 1595 ἐκείνους
935 1536 1032 1586 καὶ
1061 1531 1182 1585 κατ’
1219 1529 1400 1585 αὐτῶν
1442 1531 1804 1604 παροτρύνειν

230 1627 417 1692 ἔχειν,
478 1627 774 1678 κάντειῖὒεν
842 1625 1177 1678 κινῖυνεύειν
1247 1625 1320 1692 μὴ
1387 1624 1803 1696 προσδοκῶντας

227 1717 449 1778 πολλοὺς
482 1757 498 1784 ,
536 1717 630 1770 καὶ
664 1717 864 1785 μᾶλλον
900 1717 1028 1780 τοὺς
1072 1717 1158 1770 ἐπ’
1191 1715 1440 1780 ἐξουσίας
1484 1716 1677 1780 ὄντας,
1722 1713 1804 1780 οἷς

227 1815 251 1862 ὁ
283 1808 480 1878 φθόνος
511 1810 741 1878 ύφεῖρπε
775 1809 942 1870 πολὺς
984 1809 1079 1861 καὶ
1105 1808 1300 1870 δεινός.
1349 1807 1411 1860 Οἱ
1457 1808 1558 1876 μὲν
1588 1807 1681 1861 οὖν
1718 1807 1806 1860 διὰ

227 1900 392 1954 ταῦτα
424 1901 719 1969 αύτονυχεὶ
751 1899 879 1953 εύΘῦ
910 1899 1171 1970 Περσίδος
1199 1900 1301 1953 ἀνὰ
1326 1901 1525 1972 κράτος
1552 1900 1804 1971 ἤλαυνον,

229 1992 368 2047 ἄλλοι
400 1992 444 2045 δ’
484 1991 716 2062 ἀλλαχοῦ
747 1991 1056 2061 ἀνεχώρουν
1079 2034 1092 2055 ,
1141 1991 1423 2053 κινδύνους
1455 1992 1798 2061 ὑφορώμενοι

228 2087 344 2149 τοὺς
380 2086 710 2156 μεγίστους,
746 2085 895 2138 ἄλλοι
928 2085 985 2138 δὲ
1016 2085 1109 2137 καὶ
1151 2085 1224 2148 ὡς
1252 2079 1351 2138 οἷοί
1379 2085 1422 2138 τ’
1453 2079 1592 2155 ἦσαν
1615 2085 1789 2153 διεφυ-

228 2180 500 2233 λάττοντο.
572 2179 630 2230 '0
685 2177 867 2248 μέντοι
924 2193 987 2245 γε
1042 2176 1216 2246 μέγας
1261 2177 1624 2240 κονοσταύλος
1673 2177 1799 2239 τοὺς

229 2270 493 2340 ἀδελφοὺς
530 2270 834 2335 ἐπιστήσας
855 2310 869 2334 ,
901 2269 1056 2332 νέους
1084 2269 1243 2332 ὄντας
1266 2269 1358 2322 καὶ
1388 2269 1641 2330 συνετοὺς
1667 2307 1680 2330 ,
1724 2261 1800 2320 ὧν

232 2360 416 2429 ἅτερος
455 2359 555 2429 μὲν
615 2359 893 2428 Ἰωάννης,
948 2361 976 2411 ὁ
1018 2358 1072 2411 δὲ
1119 2357 1369 2429 δεύτερος
1425 2358 1543 2428 μετ’
1595 2360 1802 2412 ἐκεῖνον

232 2452 640 2513 Κωνσταντῖνος
675 2450 958 2517 ἐλέγοντο.
1014 2448 1288 2517 ὸφφικίοις
1341 2447 1492 2502 οῠπω
1542 2465 1803 2517 σεμνυνο-

237 2540 459 2607 μένους,
525 2542 625 2602 ti;
673 2539 991 2610 πρεπούσας
1031 2537 1208 2609 ὲαυτῷ
1249 2539 1497 2608 φυλακάς
1545 2538 1800 2610 καθίστη.

243 2626 524 2684 Ἐντεῦθεν
567 2631 666 2696 μὲν
702 2631 795 2682 καὶ
841 2629 1230 2700 συνεχέστερον
1275 2629 1503 2696 ἐφοίτων
1533 2630 1668 2698 πρὸς
1703 2629 1804 2698 βα-

239 2720 411 2786 σιλέα,
452 2721 551 2775 καὶ
593 2721 922 2791 διημέρευον
963 2721 1059 2774 σὺν
1108 2719 1336 2790 ἐκείνῳ,
1384 2719 1432 2772 oi
1482 2720 1701 2782 πλείους
1747 2719 1804 2772 δὲ

237 2813 323 2865 καὶ
355 2811 788 2882 διενυκτέρευον.
827 2810 909 2864 Τὰ
941 2811 997 2863 δὲ
1040 2811 1138 2879 τῆς
1181 2810 1317 2880 προς
1352 2810 1558 2862 ἐκεῖνον
1588 2809 1803 2872 εὐνοίας

241 2903 330 2955 καὶ
363 2903 600 2968 πίστεως
630 2903 724 2956 καὶ
754 2903 952 2974 μᾶλλον
981 2901 1430 2972 φιλοτιμούμενοι
1465 2901 1602 2970 πρὸς
1637 2901 1804 2969 ἀλλή-

238 2994 353 3056 λους
385 2991 780 3048 ὲνεδεικνύοντο
802 2991 864 3064 [Ρ
886 2990 976 3064 57]
1025 2994 1242 3063 ἐμφανῆ
1272 2993 1366 3046 καὶ
1397 2989 1471 3054 ὡς
1498 2991 1598 3044 οὐκ
1629 2989 1802 3056 ἄλλως

238 3102 294 3154 γε
330 3085 574 3154 μείζονα.

241 3194 324 3247 90.
375 3192 442 3248 Ut
477 3193 694 3264 quidam
727 3203 1027 3263 magnotum
1069 3201 1279 3262 propter
1301 3193 1413 3246 lucc
1469 3193 1801 3260 recesserint,

658 3265 752 3317 alii
792 3266 950 3318 aliter
975 3264 1074 3317 sibi
1125 3265 1381 3317 caverint.

308 3377 372 3432 At
414 3377 731 3448 Caryauites
770 3377 984 3448 quidem
1035 3387 1166 3434 tunc
1212 3378 1692 3448 protovestiarites,
1728 3379 1812 3434 vir

243 3479 392 3524 actate
432 3470 546 3540 jam
599 3479 810 3524 matura
862 3471 1184 3525 venerabilis
1230 3471 1515 3541 meritique
1568 3472 1809 3537 maximi,

243 3575 356 3613 cum
411 3561 734 3616 necessariis
768 3569 820 3616 et
856 3560 1210 3616 familiaribus
1253 3561 1365 3631 ipsa
1403 3571 1561 3616 nocte
1591 3562 1814 3616 recessit

247 3651 604 3722 transfugiens
643 3652 707 3705 ad
754 3651 968 3714 Persas,
1004 3667 1111 3705 non
1156 3653 1298 3720 quod
1349 3651 1657 3721 imperatori
1687 3666 1813 3705 suc-

245 3753 507 3808 ceaseret,
537 3747 628 3799 sed
655 3745 796 3814 quod
830 3745 932 3799 sibi
967 3753 1230 3798 metueret
1253 3746 1322 3798 ob
1353 3742 1808 3812 perturbationem

249 3845 440 3886 rerum.
474 3830 600 3888 Sive
627 3835 770 3888 enim
806 3833 856 3887 id
889 3849 984 3902 per
1013 3848 1071 3887 se
1107 3831 1323 3887 nemine
1352 3833 1642 3902 instigante
1669 3835 1812 3889 sedi-

250 3922 359 3977 tiosi
405 3925 523 3976 ausi
559 3933 731 3986 erant,
775 3924 897 3992 jure
949 3923 1122 3978 timeri
1171 3925 1318 3994 paria
1371 3938 1560 3978 rursus
1593 3925 1810 3978 eosdem

248 4025 604 4070 attentaturos
641 4015 880 4082 impune,
914 4031 1126 4070 summo
1169 4016 1482 4070 discrimine
1512 4015 1812 4084 gerenlium

250 4107 611 4176 magistratus,
636 4107 688 4160 iu
710 4123 847 4184 quos
867 4109 1043 4178 gravis
1065 4107 1411 4163 incumbebat
1439 4107 1634 4161 invidia
1661 4124 1674 4160 :
1700 4107 1814 4164 sive

249 4198 383 4265 ipsos
414 4198 504 4251 alii
539 4199 882 4266 impulerant,
901 4198 1064 4254 etiam
1089 4199 1284 4253 iterum
1309 4197 1681 4263 concitandam
1705 4199 1812 4252 vim

251 4289 528 4342 militarem
580 4289 646 4342 ab
687 4288 874 4343 iisdem
925 4289 978 4342 in
1029 4287 1250 4343 m‘nime
1295 4288 1579 4358 opinantes
1617 4289 1814 4342 multus

245 4379 357 4446 jure
406 4380 708 4436 formidari.
755 4381 854 4434 Alii
908 4382 1158 4436 similiter
1202 4382 1309 4436 alio
1361 4397 1419 4437 se
1468 4391 1811 4450 receperunt,

251 4462 472 4525 maxima
506 4489 732 4542 qumque
784 4473 882 4528 rati
922 4473 1067 4528 dOmi
1115 4469 1457 4529 manentibus
1506 4474 1814 4544 impendere

250 4564 496 4624 pericula.
535 4566 702 4619 Porro
736 4565 820 4618 alii
857 4566 907 4618 in
942 4573 1142 4620 attenta
1181 4566 1259 4621 sui
1291 4565 1527 4633 ipsorum
1567 4565 1809 4620 custodia

2259 684 2367 738 τοῦ
2391 685 2700 751 ,βασιλέως
2730 687 3113 755 κηδεμονίαν.

1979 796 2171 866 Ὅμως
2248 797 2342 850 καὶ
2424 797 2558 868 πρὸς
2622 798 2881 868 ἀλλήλους
2942 799 3309 866 ἐφιλονείκουν
3378 803 3472 853 καὶ

1906 889 2108 958 ἐρίζειν
2145 891 2474 960 ἀπήρχοντο.
2521 891 2584 943 ’11
2616 891 2672 944 δὲ
2717 891 3017 958 φιλονεικία
3050 893 3113 944 ἐκ
3155 893 3469 961 φιλοτιμίας

1906 982 2088 1047 σφίσιν
2136 982 2466 1051 ἐτύγχανεν·
2516 983 2896 1052 ἠμφισὸἡτουν
2940 983 3048 1054 γὰρ
3086 984 3338 1054 ἀλλήλοις
3374 985 3472 1052 τῆς

1905 1077 2034 1146 περὶ
2074 1076 2163 1128 τὸν
2199 1075 2426 1146 βασιλέα
2459 1076 2737 1145 φροντίδος
2760 1118 2773 1138 ,
2808 1075 3038 1129 ἑκάστου
3066 1077 3172 1129 τῶν
3214 1077 3270 1129 ὲν
3307 1076 3474 1140 ἀξιώ-

1909 1184 2037 1236 ματι
2070 1166 2240 1220 ὄντων
2287 1168 2362 1236 μὴ
2397 1166 2656 1237 φέροντος
2696 1170 2807 1240 τοῖς
2838 1166 3043 1236 ὁμοίο·ς
3083 1167 3472 1236 ὑποτετάχθαι.

1905 1255 2085 1312 ἿῙσαν
2123 1260 2229 1327 γάρ
2263 1259 2416 1312 ἐνθεν
2466 1259 2566 1328 μὲν
2618 1260 2666 1310 οἱ
2719 1259 2782 1312 ἐκ
2833 1259 3166 1328 Λασκαρίων
3212 1259 3474 1329 Τζαμάν-

1905 1367 2124 1419 τουροι,
2179 1351 2328 1420 γήρα
2378 1369 2435 1402 τε
2491 1351 2585 1402 καὶ
2636 1349 2850 1402 συνέσει
2909 1351 3357 1419 κεκοσμημένοι,
3415 1351 3476 1400 ού

1910 1439 2018 1511 μὴν
2051 1440 2106 1493 δὲ
2133 1440 2268 1493 ἀλλά
2299 1440 2479 1493 καὶτὸ
2514 1440 2652 1510 πρὸς
2679 1439 2767 1493 τὸν
2791 1443 2910 1492 νέον
2943 1439 3168 1509 βασιλέα
3202 1440 3478 1507 συγγενῶς

1907 1531 2050 1600 ἔχειν
2089 1533 2182 1584 καλ¹
2222 1531 2522 1594 παππικῶς
2557 1531 2758 1601 πολλὴν
2795 1533 3030 1584 ἐνεποίει
3055 1533 3153 1599 τὴν
3180 1530 3276 1584 τοῦ
3305 1530 3478 1583 ταῦτα

1909 1621 2091 1691 ζητεῖν
2131 1621 2484 1694 παρρησίανο
2538 1622 2689 1688 ἔνθεν
2743 1623 2798 1674 δὲ
2849 1625 2898 1675 οἱ
2955 1625 3018 1676 ἐκ
3071 1623 3374 1692 Τορνικῗων
3421 1623 3480 1673 τδ

1910 1713 2064 1782 γένος
2086 1713 2354 1777 ἕλκοντες,
2387 1707 2462 1766 ὧν
2489 1717 2514 1766 ὁ
2543 1714 2753 1783 πρῶτος
2787 1715 2880 1766 καὶ
2907 1717 3076 1783 μέγας
3115 1715 3476 1784 πριμικήριος

1907 1799 1995 1874 ἦν.
2023 1800 2184 1873 Εἶχον
2215 1804 2344 1872 γοῦν
2375 1805 2470 1857 καὶ
2492 1797 2636 1858 οὗτοι
2663 1806 2722 1858 τὺ
2749 1806 2884 1874 πρὸς
2911 1806 2970 1857 τὸ
2999 1807 3481 1874 ἀμφιϐαλλὸμενον
3545 1827 3548 1838 =

1915 1897 2130 1967 ἰσχυρὸν
2175 1897 2236 1949 τὸ
2283 1897 2391 1949 ἀπὸ
2443 1899 2648 1968 πατρὸς
2693 1899 2894 1950 οἰκεῖον
2934 1899 3030 1950 καὶ
3077 1897 3364 1962 ἀδελφικὸν
3425 1901 3482 1949 ὲν

1911 1990 2202 2058 γράμματι
2247 1991 2385 2062 πρὸς
2426 1989 2519 2042 τὸν
2557 1989 2650 2044 τοῦ
2694 1990 2816 2042 νέου
2859 1989 3082 2042 πάππον
3128 1991 3224 2042 καὶ
3258 1989 3483 2058 βασιλέα

1923 2081 2175 2152 Ἰωάννην
2216 2083 2308 2135 τὸν
2349 2081 2580 2136 Δούκαν.
2613 2081 2860 2135 Ἐκεῖθεν
2893 2082 2942 2134 οἱ
2979 2081 3484 2151 Στρατηγόπουὶοι,

1909 2163 1985 2224 ὧν
2030 2173 2123 2226 τοῦ
2170 2176 2360 2242 γένους
2409 2174 2654 2239 ἐπίδοξος
2698 2176 2726 2228 ὁ
2759 2175 3030 2239 Ἀλέξιος,
3065 2173 3268 2244 πολλὴν
3301 2175 3483 2242 φέρων

1909 2265 2006 2334 τὴν
2070 2264 2206 2318 αἰδῶ
2256 2265 2332 2329 ὼς
2383 2265 2624 2337 εὓγερως
2671 2264 2778 2320 ἀπὸ
2831 2265 3052 2318 πάντων
3111 2267 3207 2318 καὶ
3257 2264 3484 2317 πλεῖστα

1916 2356 2139 2425 προσέτι
2168 2356 2577 2428 κατωρθωκώς.
2613 2350 2689 2409 Ob
2725 2355 2821 2409 καὶ
2849 2356 2878 2408 ὁ
2907 2358 3037 2420 παῖς
3074 2355 3488 2417 Κωνσταντῖνος

1911 2449 2159 2519 γαμϐρὸς
2225 2450 2313 2502 ἐπ’
2364 2449 2620 2518 ἀδελφιδῇ
2670 2448 2766 2501 τοῦ
2824 2447 3090 2518 βασιλέως
3130 2447 3378 2503 Ἰωάννου
3428 2446 3486 2511 ἐξ

1912 2542 2194 2611 ἀριστείας
2230 2541 2419 2610 φανεὶς
2449 2541 2679 2612 ’ὕστερον
2711 2544 2988 2613 στερεϊται
3019 2541 3126 2594 τῶν
3159 2540 3486 2610 ὀφθαλμῶν,

1915 2633 2040 2700 ἄρτι
2073 2631 2352 2702 Θεοδώρου
2381 2630 2478 2684 τοῦ
2510 2632 2761 2704 Λάσκαρι
2793 2633 3265 2703 μοναρχήσαντος.
3298 2631 3487 2684 Αίτίαν

1913 2722 1958 2775 δ’
2012 2720 2170 2790 ἔσχεν
2207 2721 2284 2783 ὡς
2331 2720 2920 2792 καθυπερηφανεύοιτο
2971 2720 3067 2774 τοῦ
3119 2720 3485 2790 κρατοῦντος,

1916 2810 2302 2875 ὑπεροπτικῶς
2347 2809 2484 2880 προς
2537 2810 2748 2862 ἐκεῖνον
2799 2808 2940 2878 ἒχων
2983 2811 3180 2863 νεωστὶ
3225 2809 3364 2878 μετά
3399 2809 3500 2861 τὶν

1916 2903 2131 2972 πατέρα
2177 2900 2286 2954 τῶν
2348 2901 2645 2971 σκήπτρων
2692 2901 3119 2970 ἐπειλημμένον.
3174 2899 3284 2953 Καὶ
3331 2900 3380 2952 οἱ
3425 2901 3488 2950 ὲκ

1915 2993 2008 3047 τοῦ
2052 2991 2246 3048 Ῥαοὺλ
2283 2991 2527 3059 εὐγενεῖς
2576 2989 2766 3064 ἄλλοι,
2813 2991 2954 3060 μετά
2997 2991 3214 3062 πατέρα
3261 2989 3356 3044 τὸν
3393 2989 3488 3042 τοῦ

1919 3082 2232 3153 ἀξιώματος
2263 3079 2570 3134 ἐκπεσόντα
2596 3118 2612 3143 ,
2649 3079 2726 3141 ὡς
2759 3079 3066 3149 φθάσαντες
3107 3081 3370 3149 εἴπομεν,
3409 3079 3488 3132 ἔτι

1917 3199 2144 3253 habebat
2167 3196 2438 3252 renmlatio
2471 3191 2740 3250 sollicitos
2775 3193 3119 3262 invicemque
3151 3193 3492 3257 commissos.
3522 3237 3534 3264 ,

1831 3302 1877 3363 ο
1918 3305 2241 3360 unoquoque
2273 3289 2378 3344 sibi
2411 3288 2688 3344 ambiente
2719 3302 2820 3342 nec
2851 3287 2939 3340 ulli
2975 3286 3062 3340 alii
3091 3287 3282 3341 cedere
3307 3296 3493 3355 parato

1918 3398 2106 3440 curam
2158 3380 2487 3452 peculiarem
2535 3395 2601 3434 ac
2655 3380 2878 3435 tutelam
2928 3379 3271 3449 imperatoris
3318 3378 3491 3432 adhuc

1917 3476 2094 3547 pueri.
2131 3475 2262 3530 Erat
2307 3491 2368 3531 ea
2401 3474 2742 3543 singulorum
2776 3473 3030 3527 nobilitas
3061 3487 3122 3524 ac
3151 3471 3407 3540 dignitas,
3439 3480 3494 3524 ct

1916 3586 1982 3625 cx
2009 3571 2200 3624 harum
2229 3567 2560 3623 cousc'remia
2587 3569 2670 3621 sui
2697 3565 2898 3635 opinio,
2930 3574 2988 3618 ut
3015 3564 3211 3634 subjici
3242 3564 3491 3632 cuiquam

1917 3675 2107 3716 eorum
2161 3659 2360 3728 quibus
2408 3672 2466 3713 se
2517 3671 2676 3727 pares
2717 3653 3101 3711 existimabant
3153 3669 3307 3710 nemo
3339 3670 3493 3708 'unus

1917 3767 2074 3821 aequo
2102 3751 2284 3804 animo
2317 3763 2579 3818 passurus
2612 3746 2902 3802 videretur.
2941 3745 3074 3800 llinc
3107 3760 3166 3798 se
3195 3743 3495 3798 offerebant

1917 3864 1948 3905 ο
1993 3848 2343 3903 Lascaridum
2395 3855 2555 3916 gente
2599 3843 2974 3906 Tzamanluri,
3012 3843 3103 3910 qui
3144 3842 3292 3912 gravi
3337 3856 3494 3896 senc-

1918 3950 2068 3996 ctute
2111 3937 2446 3993 venerabiles
2472 3945 2526 3992 et
2558 3937 2698 3991 fama
2731 3935 3025 4004 prudentiae
3057 3934 3357 4003 conspicui,
3380 3935 3496 3988 eiii-

1919 4031 2122 4087 caciter
2149 4029 2248 4084 sibi
2294 4028 2574 4099 suffragari
2610 4027 2954 4083 confidebant
2989 4030 3053 4080 ad
3096 4025 3490 4096 impetrandam

1920 4123 2355 4193 procurationem
2411 4121 2592 4191 pupilli
2650 4119 2906 4189 principis
2955 4127 3008 4172 et
3061 4119 3490 4173 communionem

1920 4227 2041 4266 cum
2087 4225 2153 4266 eo
2197 4211 2438 4266 intimam
2489 4209 2771 4279 sanguinis
2814 4219 2868 4265 et
2919 4211 3296 4263 auctoritatem
3341 4211 3491 4277 quasi

1919 4314 2197 4372 paternam
2229 4318 2258 4356 a
2310 4311 2502 4356 natura
2548 4301 2680 4370 ipsis
2730 4302 2908 4356 datam
2957 4302 3008 4354 iu
3057 4312 3182 4355 natu
3232 4301 3511 4354 minorem‘

1919 4409 2032 4450 suae
2076 4393 2296 4449 familia
2348 4392 2648 4448 alumnum.
2699 4392 2743 4446 E
2787 4393 3003 4448 diverso
3049 4409 3110 4449 se
3153 4393 3498 4449 ostentabant

1919 4485 2024 4540 orti
2055 4500 2085 4540 e
2114 4483 2490 4540 Torniciorum
2522 4499 2740 4552 genere,
2772 4500 3003 4554 quorum
3036 4486 3239 4554 primus
3271 4502 3494 4554 magnus

1921 4584 2038 4630 erat
2070 4575 2436 4646 primicerius.
2475 4574 2572 4633 His
2606 4574 2854 4629 fiduciam
2883 4574 3161 4629 auferemli
3194 4592 3300 4643 pra:
3326 4577 3499 4627 omni-

251 4657 578 4722 νοιειιιὺοιιι.
618 4656 683 4707 At
719 4672 945 4725 magnus
976 4656 1323 4711 conostaulus
1356 4656 1612 4709 fratribus
1658 4657 1807 4724 (quo-

1922 4669 2020 4722 bus
2040 4645 2228 4720 ambiti
2249 4667 2462 4721 caateris
2484 4666 2703 4720 honoris
2725 4665 2885 4721 dabat
2909 4667 3075 4734 patris
3095 4665 3331 4733 ipsorum
3356 4668 3500 4730 apud.

255 4763 362 4800 rum
401 4759 526 4802 natu
557 4749 728 4819 major
753 4748 1008 4814 Joannes,
1048 4749 1221 4802 minor
1247 4747 1630 4804 Constantinus
1661 4764 1816 4800 voca-

254 4839 440 4910 batur)
496 4842 562 4894 ad
613 4856 954 4895 communem
1009 4839 1226 4894 tutelam
1263 4838 1519 4893 adhibitis
1568 4839 1814 4893 idoneam

251 4934 436 5000 cuique
466 4931 697 5002 subjecit
728 4932 1185 5001 przesidiariorum
1220 4947 1460 4985 manum.
1492 4931 1817 4984 Adolescen-

255 5033 327 5077 tes
354 5024 461 5096 64
503 5025 552 5078 bi
589 5023 882 5094 prudentes
918 5032 1093 5086 erant,
1127 5023 1362 5078 nondum
1410 5023 1474 5074 ad
1520 5022 1814 5077 ofﬁciorum

253 5117 473 5184 promoti
523 5117 804 5181 honorem,
841 5130 1034 5185 eoque.
1080 5123 1262 5184 utpote
1309 5115 1412 5168 alia
1464 5115 1615 5168 vacui
1663 5129 1814 5180 cura,

254 5209 382 5276 apud
415 5209 794 5278 imperatorem
827 5207 996 5276 magis
1029 5207 1256 5268 assidui.
1303 5221 1365 5264 ac
1409 5223 1530 5261 cum
1577 5221 1641 5261 eo
1675 5207 1814 5262 Soliti

256 5314 351 5353 non
390 5300 505 5354 dies
554 5299 728 5355 solum
763 5308 905 5354 lotos
946 5301 1186 5368 exigere,
1211 5300 1302 5352 sed
1348 5299 1507 5353 etiam
1555 5313 1656 5352 non
1695 5313 1817 5352 raro

259 5402 587 5458 pernoctare,
634 5393 698 5447 de
747 5393 850 5446 fide
895 5390 949 5445 in
988 5392 1135 5444 illum
1167 5406 1229 5445 ac
1251 5391 1519 5445 charitate
1547 5400 1818 5447 certantes

258 5483 390 5540 inter
439 5501 534 5551 se,
584 5486 898 5555 nullamque
949 5486 1288 5540 occasionem
1342 5487 1820 5556 prretermittcntes

257 5576 556 5633 declarandi
585 5594 745 5649 quam
794 5579 1024 5635 maxime
1068 5587 1311 5648 poterant
1341 5581 1424 5635 sui
1459 5595 1584 5650 erga
1616 5579 1818 5650 princi-

259 5682 364 5734 pem
403 5671 569 5724 studii
607 5670 934 5740 praestantis.

321 5782 409 5838 2|.
451 5783 724 5836 Contentio
761 5785 900 5836 inter
936 5784 1193 5866 principes
1223 5784 1286 5839 de
1311 5783 1472 5839 tutela
1497 5784 1748 5853 principis

947 5869 1122 5922 pum.

328 5943 523 6000 Verum
579 5961 765 6001 omnes
795 5946 886 6016 qui
940 5956 1316 6004 remanserant
1364 5947 1630 6018 principes
1681 5945 1822 6002 acris

1919 4775 2076 4812 avum
2098 4758 2441 4827 imperatoris
2459 4755 2721 4812 Joannem
2742 4756 2942 4812 Ducam
2963 4756 3260 4825 Augustum
3281 4772 3456 4810 summ
3481 4778 3501 4805 i-

1920 4850 2095 4917 gratia
2144 4849 2519 4906 familiaritate
2566 4850 2754 4906 intima
2789 4848 3094 4916 conjuncta.
3129 4849 3501 4905 Occurrebant

1920 4941 2140 4997 aliunde
2195 4940 2604 5012 Strategopuli,
2667 4941 2718 4996 in
2773 4941 2967 5009 quibus
3019 4955 3218 5008 genere
3277 4943 3500 4994 illustris

1921 5033 2162 5099 Alexius,
2187 5033 2347 5102 cujus
2368 5047 2561 5087 omnes
2584 5031 2635 5086 in
2660 5032 2857 5086 canitie
2883 5032 3076 5085 decora
3103 5031 3308 5098 magnis
3339 5030 3497 5083 rebus

1920 5127 2088 5198 gestis
2114 5126 2370 5182 virtutem
2405 5141 2469 5180 ac
2497 5125 2698 5180 famam
2731 5125 3132 5180 reverebantur.
3168 5122 3332 5189 llujus
3360 5123 3499 5175 tilins
3549 5141 3556 5153 -

1919 5214 2305 5271 Constantinus
2343 5215 2656 5285 Gregorius,
2691 5215 2862 5272 affinis
2908 5213 3245 5282 imperatoris
3275 5209 3500 5264 Jtmnnis

1921 5309 2082 5362 ducta
2131 5308 2253 5378 ejus
2297 5318 2453 5379 nepte
2495 5323 2558 5362 ac
2607 5308 2770 5362 claris
2819 5305 2974 5360 factis
3023 5305 3276 5374 inclytus,
3316 5314 3498 5372 postea

1923 5400 2164 5469 privatus
2211 5400 2318 5471 65
2370 5401 2542 5456 oculis
2590 5398 2767 5456 fuerat
2815 5395 3097 5454 Theodoro
3147 5395 3364 5448 Lascari
3417 5409 3500 5447 rc-
3547 5454 3549 5456 _

1921 5501 2143 5560 gnante,
2170 5492 2321 5561 gravi
2353 5491 2676 5560 arrogantim
2709 5505 2865 5558 pwtta
2896 5503 3001 5556 qua
3031 5486 3382 5555 superciliose
3407 5484 3500 5537 de-

1923 5585 2168 5652 spexisse
2204 5585 2582 5652 imperatorem
2629 5584 2774 5636 visus
2824 5589 2959 5646 erat,
3008 5595 3130 5634 cum
3170 5579 3215 5634 is
3247 5585 3364 5646 post
3402 5590 3500 5647 pa-

1923 5675 2022 5729 tris
2078 5683 2305 5729 mortem
2368 5688 2546 5726 rerum
2613 5671 2854 5724 habenas
2915 5671 2969 5724 in
3035 5685 3224 5725 ntanus
3283 5684 3501 5724 sumere

1923 5760 2582 5832 cmpisset.-Accedebant
2627 5771 2682 5814 ct
2728 5755 2818 5813 lilii
2867 5759 3074 5826 Baulis,
3124 5761 3212 5814 alii
3261 5760 3496 5828 patricii.

1869 5915 1874 5921 _
1925 5857 2014 5924 qui
2047 5865 2167 5926 post
2211 5853 2414 5907 obitum
2445 5850 2668 5907 Joannis
2699 5851 2922 5922 AuguSti
2970 5851 3318 5920 dignitatibus
3350 5849 3501 5903 exci-

1929 5951 2146 6011 derant;
2209 5945 2361 6000 alteri
2430 5931 2688 6012 praztcrea
2758 5942 3077 6011 l‘ala‘ologi,
3140 5950 3188 5994 et
3245 5954 3371 6017 cum
3422 5939 3503 5994 his
