3952 6560
451 450 559 533 499
611 443 615 447 ’

1661 475 1978 536 GEORGII
2022 479 2498 542 ΓΑΩΙΞΥΜΕΠΕ

3554 486 3645 549 5Εο
3684 542 3687 543 ν

447 585 745 649 νεάζοντες.
772 584 864 637 καὶ
887 585 1259 653 Παλαιολὸγοι.
1285 588 1389 641 Σὺν
1407 583 1487 652 οἷς
1509 596 1598 643 καὶ
1625 589 1896 653 Βατάτζαι
1922 591 2015 644 καὶ
2043 601 2087 653 Α
2115 591 2219 662 κβ¹.
2253 594 2451 660 Ὅπως
2488 592 2851 662 προετιηήθη
2885 582 2971 657 εἷς
3013 594 3187 648 τοῦτο
3237 593 3353 647 τῶν
3398 594 3587 651 ἄλλων
3615 600 3644 652 ὁ

447 679 498 731 οἱ
526 675 617 728 τοῦ
635 674 789 740 Φιλῆ,
810 668 883 727 ὧν
905 674 932 726 ὀ
962 676 1146 747 πατὴρ
1167 677 1441 750 Θεόδωρος
1463 680 1770 749 τετύφλωτο
1792 680 1887 735 καὶ
1915 680 2013 733 αὐ-

446 769 536 827 τὸς
568 768 667 819 σὺν
696 765 771 836 τῷ
802 766 1269 840 Στρατηγοπούλῳ
1294 772 1391 838 τῆς
1422 772 1593 838 αὐτῆς
1636 774 1828 844 ἐκείνῳ
1854 772 2021 843 χάριν

448 860 647 921 αἰτίας,
673 860 768 911 σὺν
800 859 1198 928 Καϐαλλαρίοις
1220 880 1277 915 τε
1305 865 1354 917 οἱ
1375 864 1675 931 Νοστόγγοι
1700 863 1797 917 καὶ
1825 865 1873 916 οἱ
1896 865 2014 916 Κα-

450 951 672 1021 μῦτξαι,
702 949 801 1006 σύν
824 968 882 1002 τε
910 956 1004 1008 καὶ
1032 956 1319 1022 Ἀπρηνοῖς
1344 954 1438 1007 καὶ
1462 953 1737 1020 Ἀγγὲλοις
1764 954 1814 1006 οἰ
1844 954 2014 1009 Λιϐα-

446 1043 643 1115 δάριοι,
671 1047 1100 1116 Ταρχχνειῶται,
1118 1046 1562 1118 Φιλανθρωπηνοὶ
1586 1047 1681 1100 καὶ
1706 1048 1754 1100 οἱ
1776 1046 2016 1115 εὐγενεῖς

446 1135 927 1206 Καντακουζηνοὶ,
959 1138 1053 1190 καὶ
1082 1137 1199 1190 ὅσοι
1248 1137 1399 1191 ἄλλοι
1431 1132 1510 1199 οἷς
1558 1137 1591 1205 ἡ
1642 1135 2013 1206 μεγαλογενὴς

448 1229 604 1296 σειρᾶ
627 1228 718 1279 καὶ
740 1246 841 1298 χρυ
853 1231 913 1294 τῆ
936 1229 1366 1299 συγκεκρότητο.
1401 1229 1459 1281 ⁹()
1483 1229 1665 1299 μέντοι
1693 1245 1752 1296 γε
1772 1229 2012 1297 Νοστὸγ-

445 1334 540 1386 γος
573 1320 671 1371 Γειῖ
689 1337 840 1388 ργιος
877 1322 974 1373 καὶ
1003 1321 1536 1391 προσεφιλοτιμεῖτο·
1574 1318 1864 1389 ὲκυδροῦτο
1904 1320 2013 1390 γὰρ

445 1410 555 1464 τῶν
582 1411 755 1465 ἄλλων
790 1413 869 1474 εἰς
900 1411 1057 1480 κῆδος
1095 1411 1372 1481 βασιλικὸν
1399 1409 1855 1482 προτιμώμενοςμ
1882 1412 1993 1463 Καὶ

447 1502 555 1573 γὰρ
587 1503 666 1556 ἔτι
700 1504 808 1569 ζῶν
836 1505 864 1556 ὁ
887 1505 1102 1575 κρατῶν
1135 1503 1398 1574 ἁρμόζειν
1420 1506 1500 1566 εἰς
1522 1506 1699 1572 γάμον
1728 1503 1878 1573 αὐτῷ
1912 1503 2013 1572 τὴν

446 1593 613 1647 παῖδα
640 1595 729 1648 διὰ
759 1594 957 1664 βδυλῆς
991 1595 1129 1666 ἔχων
1159 1595 1375 1660 πολλοῖς
1406 1596 1498 1649 καὶ
1533 1594 1714 1658 ἄλλοις
1759 1597 2010 1649 ὲπῖστευε

446 1688 547 1757 τὴν
582 1686 779 1758 βουλὴν
808 1726 824 1749 ,
861 1686 967 1740 κᾶν
1007 1687 1249 1757 ἐπλήρου
1288 1689 1380 1739 καὶ
1423 1686 1484 1739 τὸ
1520 1686 1877 1756 συνάλλαγμα
1899 1725 1914 1750 ,
1962 1688 2010 1739 εἰ

451 1775 529 1846 μή
565 1791 627 1843 γε
660 1772 742 1847 j[P
766 1773 859 1845 58]
911 1774 1141 1838 θάνατος
1181 1774 1258 1845 τῷ
1307 1775 1518 1846 βασιλεῖ
1556 1775 1800 1829 ἐπελθὼν
1835 1779 2009 1845 ἐμπο-

448 1866 555 1921 δὼν
605 1866 734 1939 ἔστη
776 1870 842 1940 τῇ
888 1869 1106 1939 πράξει.
1155 1869 1290 1923 Τότε
1342 1868 1387 1922 δ’
1412 1865 1568 1932 αὖθις
1606 1867 2011 1941 ἔπιθαῤῥοῦντα

2674 665 3105 732 Παλαιολόγος.

2186 772 2336 836 Τέως
2360 789 2424 840 γε
2456 775 2584 843 μὴν.
2614 773 2737 827 ἐπεὶ
2765 774 2865 827 οὐκ
2898 769 2965 844 ἦν
2997 773 3452 846 ἀνεπιτρόπευτον
3480 775 3645 845 μένειν

2114 863 2204 914 τὸν
2250 862 2506 933 βασιλέα,
2551 865 2609 917 ἐν
2649 864 2869 934 ἀφήλιξι
2906 865 3304 934 γνωριζόμενον
3340 865 3431 918 καλ.
3464 866 3648 920 ἁπαλὸν

2114 950 2248 1024 ἦτορ
2299 954 2570 1025 φέροντα,
2627 955 2975 1018 συνελθόντες
3022 955 3136 1025 ἅμα
3176 956 3224 1008 οἱ
3275 956 3332 1006 ὲν
3377 957 3513 1008 τέλει
3564 955 3648 1010 καὶ

2116 1045 2538 1116 βουλευσάμενοι
2565 1046 2640 1110 ὡς
2670 1046 2768 1099 οὐκ
2800 1047 3038 1116 ἀσφαλὲς
3066 1047 3188 1116 δίχα
3216 1048 3315 1116 τῆς
3348 1046 3651 1115 Ἑκκλησίας

2116 1138 2210 1190 καὶ
2242 1136 2335 1191 τοῦ
2373 1137 2575 1209 ταύτης
2606 1139 2950 1209 προεστῶτος
2981 1138 3281 1209 (Ἀρσένιος
3313 1137 3357 1190 δ’
3382 1132 3528 1201 οὗτος
3562 1134 3650 1208 ἦν)

2116 1226 2379 1298 καθιστᾷν
2405 1227 2474 1281 τὰ
2504 1228 2729 1281 τοιαῦτα
2748 1267 2763 1292 ,
2796 1229 2932 1298 προς
2961 1228 3062 1298 μὲν
3089 1228 3178 1281 τὸν
3204 1224 3263 1291 ἐξ
3290 1227 3652 1297 Αὑτωρειανῶν

2116 1318 2462 1389 πατριάρχην
2519 1317 2797 1389 πέμπουσι
2853 1319 2953 1387 τὴν
3006 1320 3266 1388 ταχίστην
3342 1320 3653 1387 μετακαλού-

2119 1426 2270 1479 μενοι
2320 1411 2622 1482 Νικαίηθεν
2676 1410 2904 1471 τοῦτον.
2952 1411 3133 1464 αὐτῶν
3169 1410 3226 1464 δὲ
3281 1411 3404 1463 καθ’
3452 1412 3653 1473 ἑαυτοὺς

2113 1500 2200 1572 ἐφ’
2260 1501 2499 1572 ἡμέραις
2557 1502 3035 1575 διασκεπτομένων
3075 1543 3090 1568 ,
3161 1502 3322 1556 ἄλλον
3379 1502 3533 1557 ἄλλον
3587 1504 3656 1564 ei;

2114 1593 2448 1662 κηδεμονίαν
2480 1594 2574 1646 τοῦ
2619 1594 2888 1665 βασιλέως
2927 1594 3312 1666 προκρίνοντος
3338 1638 3353 1659 ,
3389 1594 3535 1657 τέλος
3576 1594 3657 1648 ἐπὶ

2111 1683 2191 1753 τῷ
2221 1686 2439 1754 ῥηθέντι
2472 1686 2828 1756 ῐΙαλαιολόγῳ
2858 1688 2890 1759 ὴ
2932 1686 3086 1757 κοινὴ
3130 1686 3293 1758 βουλὴ
3325 1687 3561 1757 καταντᾷ
3595 1686 3658 1748 ὡς

2113 1778 2283 1832 αὑτοῦ
2312 1795 2376 1846 γε
2404 1778 2499 1832 καὶ
2534 1778 2697 1848 μόνου
2730 1781 2883 1851 παρὰ
2921 1779 3047 1841 τοὺς
3077 1779 3272 1845 ἄλλους
3318 1778 3502 1832 ἱκανοῦ
3542 1777 3662 1847 πρὸς

2113 1872 2273 1926 τοῦτο
2306 1872 2565 1940 φανέντος
2587 1889 2601 1901 ⁸
2655 1875 2818 1944 εἴπερ
2843 1874 2954 1942 γὰρ
2986 1874 3145 1928 ἄλλον
3167 1913 3183 1936 ,
3229 1870 3663 1942 στρατηγικώτα-

447 1961 564 2022 τοῖς
606 1961 968 2030 ἐγνωσμένοις
999 1960 1076 2023 ὡς
1113 1964 1210 2014 καὶ
1249 1961 1410 2015 πάλιν
1440 1964 1625 2030 τυχεῖν
1657 1960 1806 2013 ἔσται
1838 1960 1889 2013 οἱ
1918 1957 2013 2011 τοῦ
2048 1941 2086 1993 Β
2118 1979 2212 2035 τον
2260 1957 2400 2015 εἶναι
2438 1962 2529 2015 τὸν
2575 1961 2745 2035 ἄνδρα
2768 1941 2797 2028 ,i
2821 1941 2998 2015 καίῗοὶ
3036 1964 3100 2015 ὲκ
3148 1961 3381 2015 παλαιοῦ
3412 1959 3663 2027 αὔταρκες

401 2100 407 2112 ,
449 2051 644 2122 κήδους
675 2052 818 2121 μέγα
848 2054 1062 2122 φρονεῖι
1098 2054 1130 2123 ἡ
1161 2053 1315 2115 ἐλπὶς
1358 2055 1551 2115 ἐποίει,
1584 2055 1678 2107 κατ⁶
1712 2052 2014 2118 κατηλαζο-

449 2145 637 2198 νεύετο
679 2145 815 2214 πρὸς
858 2147 984 2208 τοὺς
1015 2146 1240 2211 ἄλλους,
1275 2147 1368 2200 καὶ
1403 2147 1606 2217 μᾶλλον
1650 2145 1742 2198 τὸν
1788 2145 2018 2198 αὐτανέ-

449 2236 609 2304 ψιον,
650 2235 710 2299 ὃς
750 2232 819 2307 ἦν
862 2237 891 2291 ὁ
938 2238 1111 2306 μέγας
1164 2237 1559 2300 κονοσταῦλος,
1613 2234 2016 2305 διαφιλοτιμού-

454 2344 639 2395 μενος.
671 2328 835 2382 Ὄοεν
861 2329 967 2380 κάν
996 2331 1107 2392 τοῖς
1142 2327 1442 2397 βασιλικοῖς
1476 2326 1791 2397 προαυλίοις
1821 2325 2017 2395 ἀνέδην

449 2418 705 2491 inﬂuat,
745 2420 840 2471 καὶ
876 2417 999 2473 καθ’
1042 2418 1239 2490 ἡδονὴν
1280 2417 1568 2488 διατριϐῆς
1620 2416 2015 2485 ἱππαζομένοις

448 2512 563 2572 τοῖς
609 2511 864 2581 ἄρχουσιν
919 2511 1012 2563 ἐπὶ
1068 2510 1274 2563 κοντῶν
1329 2509 1586 2579 συντριϐῇ
1639 2508 1670 2579 ἢ
1724 2509 1821 2561 καὶ
1874 2508 2016 2560 κατά

452 2602 704 2670 παίγνιον
741 2601 969 2672 σύνηθες
992 2602 1143 2671 σφίσι
1178 2602 1277 2671 τῆς
1309 2602 1544 2671 σφαίρας
1567 2603 1630 2655 ἐκ
1648 2601 1886 2670 μεγάλου
1921 2600 2014 2653 τοῦ

454 2695 691 2767 θάρρους
737 2694 1103 2759 συνιππάζετο
1149 2695 1242 2747 καὶ
1272 2695 1616 2759 συνέπαιζεν,
1666 2693 1833 2762 ἐγγὺς
1869 2695 2018 2746 ἱστα-

456 2785 646 2855 μέναις
687 2787 780 2839 καὶ
824 2785 1058 2857 ὁρώσαις
1104 2790 1222 2849 ταῖς
1254 2786 1522 2857 ﬂectitis»
1552 2784 2014 2855 ἐπιδεικνύμενος.

455 2961 686 3016 Batatzte
714 2970 769 3017 et
817 2962 985 3017 Philis
1016 2961 1144 3024 lilii,
1190 2976 1418 3031 quorum
1467 2977 1658 3031 parens
1704 2961 2019 3017 Theodorus

451 3068 572 3108 cum
600 3053 977 3123 Strategopulo
998 3053 1239 3109 eamdem
1265 3057 1331 3110 ob
1347 3052 1568 3110 'causam
1594 3064 1895 3111 ext-meatus
1916 3065 2020 3122 est,

451 3153 661 3198 etcum
701 3143 1018 3199 Caballariis
1057 3143 1312 3215 Nostongi
1363 3160 1425 3202 ac
1468 3147 1757 3215 Camytzze,
1804 3157 1855 3200 et
1899 3161 2018 3200 cmn

451 3235 684 3305 Aprenis
715 3247 876 3303 atque
905 3236 1123 3307 Angelis
1153 3236 1448 3303 Libadarii,
1477 3236 1868 3305 Tarcbaniota‘,
1900 3237 2022 3294 Plii-

458 3330 799 3395 lanthropeni
842 3340 894 3383 et
923 3330 1129 3385 nobiles
1154 3329 1547 3395 Cantacuzeni;
1582 3341 1690 3385 tum
1723 3331 1766 3385 si
1796 3333 1884 3402 qui
1908 3333 2021 3397 alii,

454 3421 652 3491 quibus
684 3418 769 3473 illa
805 3421 1089 3489 magniﬁca
1134 3422 1305 3476 series
1335 3433 1386 3476 et
1419 3424 1571 3492 quasi
1611 3440 1770 3478 aurea
1803 3426 2023 3482 nobilis-

454 3512 712 3564 simorum
767 3526 1050 3579 procerum
1110 3527 1307 3567 corona
1362 3502 1663 3571 constabat.
1720 3514 2025 3589 Nostongus

456 3603 720 3673 inter_eos
751 3601 1015 3673 Georgius
1061 3605 1422 3660 mmnlationis
1465 3609 1769 3664 communis
1805 3612 2020 3664 modum

456 3664 667 3765 peculia
678 3695 717 3748 ri
736 3694 1047 3749 ambitionis
1063 3697 1367 3767 arrogantia
1391 3699 1697 3767 superabat,
1713 3714 1775 3756 eo
1794 3702 2023 3757 maxime

458 3786 512 3839 in
563 3784 867 3854 superbiam
905 3784 1074 3839 elatus
1106 3788 1246 3855 quod
1294 3786 1586 3855 imperator
1629 3790 1805 3844 adhuc
1840 3791 2024 3847 vivens

457 3872 618 3929 ﬁliam
669 3873 740 3927 illi
789 3872 1053 3930 collocztre
1100 3875 1150 3928 in
1203 3878 1545 3932 matrimonio
1594 3880 1922 3945 decreverat,
1969 3893 2023 3936 et

456 3966 656 4019 tnttlzos
689 3965 841 4020 istius
875 3966 956 4020 sui
988 3966 1198 4022 consilii
1237 3969 1531 4038 participes
1563 3973 1785 4037 fecerat,
1815 3983 1863 4024 et
1909 3986 2023 4026 om-

457 4058 585 4109 nino
618 4056 969 4110 mandaturus
998 4058 1330 4113 cxsecutionl
1364 4074 1475 4113 rem
1524 4075 1641 4114 eam
1679 4061 1872 4128 fuerat,
1920 4063 2022 4117 nisi

457 4158 632 4202 morte
692 4148 881 4202 fuisset
936 4159 1363 4220 prmoccupatus.
1425 4151 1595 4206 Porro
1649 4162 1776 4209 tune
1844 4153 2024 4209 adhuc

457 4238 716 4310 Georgius
750 4241 804 4293 in
841 4256 901 4293 ea
938 4249 1187 4310 perstans
1233 4242 1422 4297 ﬁducia
1473 4242 1813 4311 perﬁciendae
1864 4243 2023 4313 hujus

460 4331 734 4386 aiiioitatis
760 4331 871 4400 jam
906 4341 1029 4387 ante
1060 4334 1360 4397 destinatae,
1406 4333 1507 4388 ista
1550 4335 1664 4421 ἱρέα
1708 4350 1802 4404 spe
1851 4334 1902 4390 iu
1941 4346 2025 4390 tu-

461 4436 666 4474 morem
705 4436 808 4474 non
843 4422 1109 4476 modicum
1152 4420 1457 4487 inﬂabatur,
1487 4420 1608 4476 cum
1643 4423 1774 4478 alios
1795 4428 2025 4495 superbe

457 4513 784 4584 despiciens,
829 4524 940 4566 tum
976 4512 1147 4582 ipsum
1196 4514 1426 4568 maxime
1463 4523 1707 4583 nepotem
1740 4529 1804 4569 ex
1836 4530 2023 4571 sorore

455 4618 707 4673 maguum
740 4603 1112 4658 eonostaulnm
1145 4605 1492 4670 impotentius
1520 4606 1801 4661 a-mulans.
1844 4608 2020 4672 Quare
2053 4632 2097 4687 υ

455 4696 514 4750 in
544 4696 697 4750 atriis
721 4696 1050 4765 imperatorii
1080 4695 1265 4766 palatii
1286 4710 1424 4750 vane
1444 4711 1507 4751 ac
1537 4697 1876 4767 impudenter
1902 4712 2024 4754 sese

450 4785 709 4855 iactabat,
741 4789 876 4841 adeo
906 4794 963 4840 ut
1007 4800 1112 4842 non
1144 4785 1418 4842 dubitaret
1456 4788 1755 4857 puerilibus
1798 4789 2023 4861 Augusti

455 4876 600 4932 ludis
632 4891 692 4932 se
740 4877 1065 4941 lmmiscere,
1107 4877 1425 4933 collusorem
1474 4891 1534 4933 se
1579 4879 1808 4951 principi
1841 4881 2025 4937 obtru-

366 5022 373 5031 ι
455 4972 611 5036 deus,
636 4980 691 5025 et
718 4985 841 5024 cum
872 4985 939 5025 eo
978 4969 1137 5025 simul
1180 4971 1427 5040 equitans
1457 4969 1509 5024 in
1557 4972 1844 5039 arundine,
1876 4975 2025 5043 pari-

369 5085 375 5134 ί
457 5068 667 5128 terque,
722 5069 780 5114 ut
833 5060 1047 5114 solitum
1103 5059 1229 5125 illis,
1287 5060 1396 5129 pila
1443 5061 1554 5134 66
1603 5062 1820 5129 ludens,
1871 5074 1924 5117 et
1970 5065 2022 5118 in

370 5130 375 5155 ί
454 5149 661 5205 similes
706 5150 823 5219 ejus
854 5151 1032 5205 atatis
1062 5149 1410 5207 remissiones
1443 5130 1563 5208 sese
1592 5153 1841 5223 ingerens
1869 5152 2026 5208 fami-

453 5240 691 5297 liaritate
728 5243 890 5296 nimis
919 5243 1129 5307 audaci,
1156 5243 1340 5312 sicque
1364 5258 1485 5301 sese
1517 5246 1715 5317 reginis
1747 5247 2024 5303 sororibus

455 5333 799 5402 imperatoris
829 5348 1009 5388 coram
1043 5349 1072 5388 e
1113 5338 1412 5405 propinquo
1445 5337 1814 5407 spectantibus
1838 5339 2022 5394 vendi-

454 5434 576 5481 tans
601 5441 737 5481 vano
763 5425 998 5496 gloriolae
1024 5430 1253 5496 pruritu.

453 5579 544 5635 2‘2.
606 5578 675 5635 Ut
696 5582 949 5660 pratum:
980 5586 1179 5660 ueteris
1210 5584 1537 5660 Palmologus
1575 5591 1759 5659 fuerit,
1806 5590 2021 5644 demana

828 5654 954 5707 data
993 5657 1041 5709 ei
1098 5662 1257 5710 tutela
1294 5654 1638 5728 impefatoris.

530 5782 719 5840 Verum
747 5788 1022 5844 enimvero
1053 5805 1173 5845 cum
1204 5791 1402 5846 diutius
1433 5807 1536 5847 non
1565 5804 1745 5861 posset
1768 5793 2019 5853 parvulus

452 5875 746 5933 inmoratur
792 5879 842 5934 in
891 5888 998 5935 tam
1043 5881 1307 5941 imbecilla
1353 5899 1415 5939 ac
1456 5892 1638 5941 tenera
1674 5894 1833 5939 aetate
1880 5888 2017 5942 certi

2121 2049 2261 2108 εἶναι
2293 2054 2352 2106 τὸ
2380 2053 2630 2122 εὐγενὲς,
2660 2054 2754 2107 καὶ
2785 2053 2969 2125 τρίτον
2996 2053 3058 2107 τδ
3086 2053 3221 2124 πρὸς
3253 2052 3345 2106 τὸν
3378 2048 3664 2121 κρατοῦντα

2125 2144 2387 2213 συγγενὲς
2422 2143 2539 2213 ἅμα
2573 2143 2671 2215 μὲν
2716 2144 2963 2209 αὐτόθεν,
3000 2144 3115 2214 ἅμα
3147 2143 3204 2197 δὲ
3236 2143 3331 2195 καὶ
3365 2144 3428 2194 ὲκ
3454 2141 3550 2207 τῆς
3581 2158 3664 2191 ou-

2123 2235 2291 2304 ζῠγου
2329 2235 2461 2306 (τῆς
2498 2235 2599 2306 μὲν
2634 2234 2741 2307 γὰρ
2773 2235 3028 2306 δεύτερος
3068 2235 3394 2305 αὐτανέψιος
3440 2230 3540 2304 ἧν,
3582 2231 3666 2284 τοῦ

2121 2329 2179 2382 δὲ
2211 2328 2467 2397 δευτέρου
2501 2327 2830 2398 αὐτανεψίου
2856 2327 3003 2392 υἱὸς)
3034 2327 3234 2397 πολλὴν
3262 2327 3508 2397 ἐμποιεῖν
3535 2324 3668 2393 αὐτῷ

2121 2416 2219 2487 τὴν
2267 2420 2347 2478 εἰς
2390 2417 2450 2469 τὸ
2498 2418 2858 2487 κηδεμονικὸν
2905 2416 3001 2470 τοῦ
3049 2416 3313 2485 βασιλέως
3360 2416 3507 2486 παρὶ
3556 2417 3668 2474 τοὶς

2124 2507 2316 2571 ἄλλους
2365 2508 2690 2580 ἐκχώρησιν.
2724 2509 2888 2562 Ἀλλὰ
2934 2509 3000 2563 τὰ
3046 2510 3147 2579 μὲν
3194 2508 3404 2561 ἐκείνου
3445 2507 3574 2577 πρὸς
3619 2506 3671 2557 τὸ

2125 2599 2495 2670 προτιμᾶσθαι
2532 2602 2636 2653 τῶν
2685 2600 2861 2653 ἄλλων
2891 2599 3077 2652 δίκαια
3105 2598 3255 2651 ταῦτ’
3287 2594 3432 2669 ἦσαν
3458 2637 3472 2659 ,
3521 2596 3609 2649 καὶ
3648 2596 3672 2645 ὁ

2126 2692 2268 2762 ὑπὲρ
2324 2691 2532 2743 ἐκείνου
2578 2691 2754 2761 λέγων
2800 2690 2974 2744 ταῦτα
3020 2689 3425 2758 προῦϐἀλλετο’
3463 2688 3672 2758 παρέχει

2126 2781 2181 2833 δὲ
2235 2783 2328 2834 καὶ
2376 2784 2434 2834 τδ
2482 2781 2626 2844 εἰκὸς
2671 2781 2872 2834 ἐννοεῖν
2921 2780 2997 2843 ὡς
3045 2781 3298 2843 κάκεῖνος
3349 2778 3412 2832 τὸ
3458 2779 3671 2849 πρᾶγμα

2127 2960 2324 3014 tutoris
2367 2957 2703 3026 providentia
2752 2957 3040 3012 destitutus
3084 2957 3334 3027 relinqui.
3366 2956 3432 3010 ad
3467 2956 3675 3011 electio-

2128 3064 2249 3103 nem
2299 3048 2407 3120 apti
2458 3048 2524 3103 ad
2570 3048 2623 3103 id
2675 3064 2871 3104 munus
2920 3058 3179 3104 coeuntes
3230 3063 3426 3118 magno
3472 3062 3678 3102 numero

2129 3140 2380 3209 praecipui
2425 3140 2623 3211 quique
2661 3139 3011 3211 magistratus
3053 3147 3214 3207 atque
3259 3140 3402 3194 aula'.
3444 3151 3681 3208 proceres

2129 3241 2255 3286 ante
2283 3232 2459 3285 omnia
2492 3233 2839 3285 decreverunt
2874 3230 3282 3300 haudquaquam
3316 3241 3489 3286 tutum
3521 3229 3677 3285 videri

2130 3333 2274 3376 tanta
2307 3324 2372 3377 de
2404 3337 2461 3377 re
2498 3330 2733 3377 statuere
2758 3323 2876 3377 sine
2902 3322 3032 3376 eleri
3060 3332 3115 3377 et
3141 3322 3396 3378 Ecclesiae
3429 3310 3679 3377 censeas“

2126 3415 2348 3485 ejusque
2397 3413 2624 3469 consilio
2669 3428 2734 3469 ac
2788 3422 2919 3468 nutu
2968 3414 3060 3484 qui
3100 3415 3260 3469 rebus
3310 3413 3680 3470 ecclesiasticis

2127 3515 2254 3561 tunc
2306 3516 2535 3575 prmerat
2576 3504 2644 3576 (is
2677 3514 2795 3562 erat
2825 3504 3131 3577 Arsenius).
3166 3507 3350 3576 Itaque
3399 3523 3492 3575 per
3514 3508 3680 3561 Exau-

2127 3597 2456 3652 torianorum
2486 3598 2847 3667 patriarcham
2879 3598 3029 3653 illum
3063 3612 3127 3654 ex
3159 3599 3290 3654 urbe
3323 3597 3498 3654 Nicaea
3520 3599 3681 3654 curri-

2124 3689 2247 3746 culo
2286 3698 2592 3745 accersunt.
2620 3689 2724 3760 lpsi
2753 3704 2880 3745 vero
2912 3690 3128 3745 interim
3159 3691 3303 3745 serio
3340 3691 3395 3746 in
3434 3689 3682 3745 delibera.

2128 3780 2328 3836 tionem
2376 3781 2606 3852 ingressi
2634 3789 2757 3852 post
2793 3781 3013 3836 multam
3048 3790 3100 3836 et
3134 3790 3399 3840 attentam
3445 3783 3679 3855 disquisi-

2127 3872 2328 3926 tionem
2363 3871 2894 3941 diseeptationesque
2938 3872 3141 3937 varias,
3176 3874 3282 3929 alio
3308 3875 3473 3928 alium
3503 3872 3680 3943 praeie-

2127 3978 2298 4031 rente,
2334 3968 2547 4023 tandem
2599 3968 2650 4022 in
2701 3982 2819 4022 eam
2869 3970 3186 4024 sententiam
3219 3970 3407 4041 majori
3438 3986 3503 4026 ex
3545 3978 3680 4039 parte

2125 4059 2452 4113 conveniunt
2510 4074 2633 4126 quae
2697 4074 2883 4114 curam
2941 4059 3283 4130 imperatoris
3337 4076 3403 4116 ac
3475 4059 3680 4113 tutelam

2126 4147 2319 4215 saepius
2346 4156 2645 4204 memorato
2669 4164 2861 4219 magno
2883 4149 3194 4205 conostanlo
3220 4149 3522 4219 Palzeologo
3542 4162 3682 4203 com-

2128 4238 2445 4293 mittendam
2493 4240 2748 4295 censebat
2776 4254 2792 4294 :
2820 4239 2990 4295 videri
3019 4241 3161 4296 enim
3197 4241 3346 4296 illum
3390 4259 3554 4297 unum
3583 4256 3683 4312 pra:

2124 4329 2333 4385 cunctis
2356 4329 2576 4398 reliquis
2596 4328 2660 4384 ad
2679 4344 2792 4384 eam
2817 4345 2927 4385 rem
2956 4330 3204 4386 idoneum
3233 4333 3487 4397 maxime,
3509 4342 3681 4404 utpote

2125 4421 2299 4474 virum
2358 4419 2552 4475 fortem
2605 4428 2661 4475 et
2709 4420 2789 4474 rei
2841 4420 3090 4476 militaris
3132 4422 3681 4491 experientissimum,

2126 4513 2317 4583 cuique
2345 4510 2544 4567 aﬂ'atim
2576 4521 2888 4584 suppeteret
2919 4515 3153 4584 antiquas
3183 4515 3497 4569 nobilitatis.
3527 4516 3683 4569 Acce-

2126 4604 2287 4659 debat
2327 4604 2488 4659 tertio
2533 4604 2653 4658 loco
2697 4603 2993 4659 domestica
3035 4605 3315 4674 sanguinis
3356 4605 3683 4661 necessitudo

2127 4708 2248 4749 cum
2278 4694 2697 4764 imperatoribus
2727 4709 2828 4747 avo
2848 4703 2901 4749 et
2932 4705 3085 4765 patre
3109 4696 3367 4766 principis
3398 4699 3681 4767 regnantis,

2124 4799 2189 4840 er
2218 4794 2450 4853 utraque
2479 4785 2645 4854 stirpe
2689 4796 2909 4854 paterna
2948 4796 3316 4857 maternaque.
3347 4788 3483 4843 Nam
3513 4792 3683 4858 Augu-

2126 4888 2225 4933 stas
2246 4877 2459 4945 quidem
2482 4892 2767 4947 pronepos,
2791 4892 2859 4932 ex
2885 4878 3232 4948 imperatoris
3253 4894 3382 4935 vero
3403 4889 3683 4951 pronepote

2125 4977 2287 5025 natus
2313 4976 2449 5023 erat.
2482 4968 2578 5024 llis
2608 4984 2736 5024 vere
2780 4969 3135 5027 ﬁrmamentis
3177 4971 3458 5027 nitebatur
3486 4972 3681 5027 Palaeo-

2125 5060 2229 5130 logi
2281 5074 2440 5130 spes,
2489 5050 2660 5131 eaque
2716 5060 2982 5132 allegabat
3031 5062 3368 5132 potissimum
3433 5066 3523 5133 qui
3576 5064 3683 5131 ejus

2124 5150 2446 5207 electionem
2495 5152 2757 5207 suadebat
2798 5163 3002 5209 orator.
3043 5152 3347 5210 Verisimile
3392 5164 3568 5210 tamen
3606 5163 3682 5210 est

2124 5241 2265 5297 haud
2296 5243 2457 5312 plane
2481 5242 2565 5297 bis
2589 5243 2922 5314 argumentis
2947 5247 3207 5301 confisum
3234 5262 3380 5311 eum,
3411 5259 3606 5318 praeter
3625 5260 3680 5299 ea

2121 5349 2242 5401 qua:
2287 5334 2465 5403 palam
2505 5336 2804 5406 agebantur
2847 5336 2955 5408 67
3003 5338 3452 5408 dicebanturque,
3505 5339 3681 5391 admo-

2121 5426 2265 5480 visse
2308 5428 2618 5480 clanculum
2674 5442 2904 5484 arcanas
2948 5438 3093 5483 artes
3139 5431 3493 5499 corrugandis
3541 5429 3679 5482 varia

2123 5517 2387 5571 industria
2420 5512 2692 5587 Sull‘ragiis
2727 5517 3024 5587 studiisque
3065 5519 3320 5574 veliﬁcari
3363 5521 3484 5591 ejus
3515 5517 3680 5573 ambi-

2123 5609 2253 5663 tioni
2308 5608 2635 5673 valentium,
2692 5611 2931 5679 qualium
2982 5612 3178 5667 multos
3229 5620 3451 5681 putatur
3495 5610 3679 5679 amplis

2120 5703 2222 5758 sibi
2267 5702 2713 5773 promissionibus
2762 5703 3105 5772 adjunxisse,
3154 5704 3455 5773 praesertim
3504 5717 3570 5757 ex
3618 5700 3680 5753 iis

2121 5796 2214 5863 qui
2259 5796 2482 5863 nuperis
2515 5794 2650 5847 aula:
2695 5796 3401 5865 tempestatibusjacturam
3450 5792 3679 5862 dignita-

2124 5899 2238 5944 tum
2268 5885 2525 5940 fecerant.
2560 5885 2626 5938 Et
2654 5886 2878 5941 suberat
2899 5903 3059 5946 causa
3086 5904 3182 5944 cur
3203 5889 3545 5945 occasionem
3575 5898 3675 5938 ηυυ
3755 5885 3764 5894 '
