3952 6510
443 379 548 443 503

1661 393 1972 453 GEORGII
2021 394 2428 470 PACHYJEER
2457 400 2498 459 E

3655 411 3686 473 .t

433 481 628 556 ’μόρας
662 488 720 542 τὸ
760 488 1040 585 βασιλικὸν
1077 492 1261 558 ἔλεος,
1303 497 1361 551 τδ
1413 497 1598 553 λοιπὸν
1651 503 1760 555 τῶν
1800 505 2015 574 χρημά-
2050 513 2087 562 Α
2119 506 2172 558 τί
2206 507 2312 576 γάρ
2346 509 2373 559 6
2407 508 2502 562 τοῦ
2533 508 2774 578 Χριστοῦ
2809 511 2970 580 νόμος
3001 512 3131 566 ἀλλο
3165 512 3418 585 βούλεται
3441 516 3688 571 ὁδιδόναι

443 595 554 631 των
601 584 714 644 τοῖς
771 583 1046 650 ταμιείοις
1103 587 1587 660 ἐντεοησαύριστο.
1647 591 1721 645 Τὸ
1763 594 1872 665 γὰρ
1921 597 2016 668 ἐπὶ

447 670 632 741 Κύρου
663 674 757 725 καὶ
789 676 1023 746 Δαρείου
1054 677 1116 731 τὸ
1145 680 1314 734 πάλαι
1347 681 1643 753 λεγόμενον
1674 686 1761 738 ἐπ’
1788 687 2018 750 ἐκείνοις

439 761 704 851 ἄντικρυς
729 760 828 834 ἦν,
867 767 958 821 καὶ
990 772 1016 822 6
1054 771 1154 840 μὲν
1199 773 1449 844 Ἰωάννης
1482 778 1668 847 πατὴρ
1703 779 2015 851 Ῥωμαίων,

439 855 466 904 6
567 850 634 907 αὖ
663 856 938 932 Θεόδωρος
967 863 1233 934 δεσπότης
1263 866 1702 936 ἐπωνομάζοντο.
1743 850 1835 934 Είς
1863 873 2017 926 τόσον

443 949 533 1000 καὶ
567 950 675 1018 γὰρ
706 952 732 1004 6
766 952 864 1021 μὲν
900 955 1155 1028 Ἰωάννης
1181 961 1640 1030 προμηθευτικῶς
1671 966 1781 1028 τοῖς
1813 964 2018 1020 ἅπασιν

442 1035 608 1110 εἶχεν,
646 1040 787 1096 ὥστε
825 1046 920 1098 καὶ
954 1048 1095 1102 ἰδίαν
1123 1051 1380 1120 πρόνοιαν
1415 1054 1517 1124 τῆς
1547 1054 1834 1128 βασιλικῆς
1864 1057 2017 1124 ἐξου-

441 1129 562 1192 σίας
621 1134 688 1186 τὰ
755 1135 1028 1207 λεγόμενα
1085 1141 1443 1211 ζευγελατεία
1510 1147 1819 1219 ἡγούμενος
1883 1153 2017 1221 παρ’

441 1224 674 1280 ἕκαστον
719 1228 958 1300 κάστρον
1002 1235 1096 1289 καὶ
1144 1237 1404 1307 φρούριον
1444 1239 1636 1311 κώμας
1674 1243 1766 1296 ἐπὶ
1807 1242 2018 1307 τούτοις

443 1317 676 1389 καθίστη
698 1362 712 1387 ,
748 1324 834 1393 ἐφ’
861 1317 1015 1396 ᾧπερ
1059 1331 1122 1384 ἐκ
1161 1330 1263 1400 τῆς
1294 1333 1518 1386 ἐκείνων
1549 1336 1889 1408 ἐπικαρπίας
1921 1343 2018 1392 καὶ

443 1411 703 1481 είσφορᾶς
737 1421 1054 1486 σιταρκοῖτο
1075 1421 1175 1488 μὲν
1197 1423 1292 1476 καὶ
1324 1425 1383 1477 τὸ
1413 1429 1827 1497 παρακείμενον
1855 1428 2020 1499 φρού-

443 1519 559 1570 ριον
589 1543 602 1565 ,
642 1503 754 1576 ἔχοι
788 1507 842 1560 δέ
878 1527 942 1577 γε
989 1513 1084 1564 καὶ
1115 1514 1143 1565 6
1177 1517 1396 1584 κρατῶν
1435 1519 1689 1574 ἐντεῦθεν
1731 1522 1948 1585 πολλοῖς
1982 1523 2016 1593 ἢ

443 1595 538 1684 καὶ
583 1599 753 1652 πᾶσιν
794 1601 1072 1666 ἐξαντλεῖν
1121 1607 1218 1671 τὰς
1263 1609 1364 1678 τῆς
1411 1613 1738 1683 εὐεργεσέας
1772 1615 2017 1684 ἀμάρας·

451 1683 512 1736 '0
551 1687 606 1738 δέ
638 1705 701 1756 γε
727 1689 999 1765 Θεόδωρος
1038 1699 1083 1750 εί
1117 1701 1209 1751 καὶ
1251 1700 1692 1775 δραστικώτερον
1724 1683 2018 1775 ἐχρυσολόο

439 1795 526 1846 γει
559 1781 624 1834 ἐκ
652 1785 847 1838 κοινῶν
888 1790 1214 1854 συνδόσεων,
1247 1793 1365 1846 ἀλλ’
1405 1798 1484 1856 είς
1511 1797 1571 1849 τὸ
1612 1799 2018 1855 πολλαπλάσιον

441 1873 692 1938 ἐξεκένου
728 1879 956 1952 γνώμης
991 1885 1281 1956 ἁπλότητι,
1325 1889 1382 1955 ἐξ
1413 1883 1487 1942 ὧν
1523 1891 1838 1962 ἀμπώτιδες
1872 1911 2018 1958 τινες

440 1969 535 2023 καὶ
583 1972 874 2041 χαρύσδεις
914 1975 988 2040 ὡς
1020 1978 1137 2031 ἐκεῖ
1168 1979 1280 2050 τῆς
1311 1981 1589 2054 θαλάσσης
1629 1985 1867 2040 ἐνταῦθα
1907 1987 2020 2043 τῶν

439 2065 742 2134 χρημάτων
772 2067 1082 2123 ἐδείκνυντο
1101 2085 1116 2100 °
1148 2071 1211 2126 τὸ
1250 2075 1361 2146 γὰρ
1407 2077 1816 2148 ἀφαιρούμενον
1846 2081 2018 2152 exh]-

441 2153 604 2225 ροῦτο
638 2157 804 2211 πάλιν
853 2162 918 2214 ἐκ
963 2164 1056 2216 τοῦ
1104 2165 1336 2237 ῥᾳδίως,
1393 2171 1486 2222 καὶ
1535 2166 1603 2241 ἦν
1648 2172 1681 2242 ή
1719 2171 1816 2227 τοῦ
1865 2174 2016 2238 ὄντος

437 2249 730 2320 ἀφαίρεσις
756 2253 849 2307 τοῦ
878 2259 1315 2328 προσγινομένου
1347 2264 1459 2326 τοῖς
1481 2263 1828 2334 ἀφαιρεθεῖσι
1847 2267 2017 2337 πρόσο

439 2339 590 2405 θεσις
624 2342 827 2398 πλείων
861 2384 877 2409 ,
917 2347 1154 2401 ἑκάστου
1219 2353 1372 2418 μεῖον
1419 2353 1520 2422 μὲν
1557 2355 1895 2422 συνδιδόντος
1927 2358 2019 2413 διὰ.

434 2433 536 2501 τὴν
563 2434 754 2505 κοινὴν
777 2436 1087 2508 εἴσπραξιν,
1114 2440 1276 2495 πλέον
1298 2444 1345 2497 δ’
1368 2443 1585 2515 ἔχοντος
1609 2442 1779 2520 οὗπερ
1805 2451 2020 2523 ἀφῄρη-

438 2541 527 2578 ται
572 2527 638 2580 ἐκ
684 2527 778 2581 τοῦ
833 2532 1043 2595 πάντας
1083 2535 1146 2586 ἐκ
1189 2534 1458 2604 βασιλέως
1499 2540 1682 2610 ἔχειν,
1722 2543 2018 2599 κάντεῦθεν

441 2617 537 2670 καὶ
569 2619 922 2690 ἐπιχορηγεῖν
951 2624 1073 2676 ὅτου
1108 2625 1278 2680 δέοιτό
1317 2647 1399 2692 τις
1433 2633 1495 2686 ἐκ
1535 2634 1629 2687 τοῦ
1678 2635 1978 2706 προχείρου
2001 2678 2014 2701 ,

437 2709 540 2762 κάν
565 2709 644 2777 τῷ
667 2711 867 2768 διδόναι
897 2717 1099 2784 μᾶλλον
1131 2720 1343 2790 χαίρειν
1373 2721 1406 2792 ἢ
1440 2723 1518 2793 τῷ
1549 2723 1874 2794 λαμϐάνειν.
1910 2729 2018 2781 Καὶ

439 2892 526 2947 nia
571 2891 790 2949 ﬂumina
827 2898 1210 2956 redundarent.
1229 2902 1507 2975 Quod69
1542 2922 1669 2962 vero
1689 2910 1808 2964 istis
1828 2925 2018 2980 snper-

437 2991 552 3037 erat
619 2987 948 3054 sumptibus,
977 2992 1162 3049 sedulo
1195 3001 1644 3054 eonservabatur.
1672 2999 1825 3066 Quod
1870 3006 2015 3059 enim

439 3079 506 3132 de
536 3077 675 3147 Cyro
710 3077 978 3148 Darioqne
1021 3084 1327 3152 dicebatur,
1361 3090 1511 3146 hisce
1553 3107 1768 3161 quoque
1797 3097 2019 3151 omnino

438 3170 792 3225 conveniebat
823 3174 1176 3272 prii—tripibus.
1203 3177 1280 3233 Ac
1305 3178 1544 3272 Iouines
1567 3185 1781 3252 quidem
1818 3185 2009 3240 Roma-
2048 3217 2088 3272 η

441 3274 634 3314 norum
680 3271 853 3330 pater,
897 3263 1212 3321 Theodorus
1245 3285 1375 3325 vero
1409 3271 1658 3330 dominus
1704 3279 2017 3336 vocabatur.

444 3349 577 3406 Tam
611 3355 830 3422 provida
878 3373 1112 3427 namque
1141 3375 1268 3414 cura
1313 3361 1551 3420 Joannes
1579 3367 1794 3436 quidem
1829 3382 2020 3428 cuneta

440 3443 797 3514 gubernabat,
831 3458 889 3504 ut
922 3466 1021 3506 nec
1056 3453 1331 3521 imlignurn
1366 3455 1513 3525 regio
1547 3457 1764 3528 fastigio
1801 3461 2023 3520 duceret

443 3535 508 3588 ad
556 3538 992 3610 procurationem
1026 3539 1284 3595 humilem
1317 3545 1642 3601 descendere
1680 3550 2020 3607 instrumenti

441 3627 604 3680 etiam
651 3630 833 3684 rustici
881 3644 942 3685 ac
968 3632 1334 3702 jumentorum
1365 3636 1431 3690 ad
1473 3640 1820 3708 agricultura:
1865 3647 2026 3699 mini-

443 3720 632 3788 steria,
682 3723 767 3776 vel
818 3735 997 3779 aratra
1049 3725 1131 3781 vel
1179 3743 1399 3785 sarraca
1453 3733 1816 3803 trahentium;
1867 3737 2022 3806 cujus

445 3814 662 3883 generis
695 3817 1001 3884 provisores
1035 3833 1097 3872 ac
1147 3822 1432 3889 praalectos
1463 3839 1560 3893 per
1593 3837 1767 3880 castra
1814 3829 2021 3898 singula

444 3907 825 3975 constituerat,
856 3910 1130 3966 attributis
1160 3914 1355 3981 cuique
1387 3917 1496 3970 arci
1528 3917 1750 3987 ejusque
1776 3921 2026 3988 praesidio

440 3997 608 4053 certis
638 4001 809 4069 pagis,
840 4003 978 4057 unde
1011 4003 1326 4059 suﬂicientis
1362 4021 1591 4062 annonae
1616 4009 1771 4077 copia
1804 4025 1908 4064 non
1934 4025 2022 4066 so-

442 4090 554 4144 lum
594 4093 854 4148 militibus
903 4107 1236 4165 suppeteret,
1268 4100 1361 4152 sed
1407 4115 1470 4154 ex
1520 4103 1815 4157 abundanti
1860 4104 2021 4157 etiarn

446 4187 568 4242 inde
606 4189 860 4258 princeps
889 4187 1111 4244 haberet
1141 4190 1281 4258 quod
1311 4190 1458 4260 larga
1496 4193 1547 4247 in
1580 4195 1778 4250 niultos
1823 4197 2023 4249 beneli-

444 4281 619 4336 rentia
650 4281 1018 4350 profunderet.
1054 4282 1371 4339 Theodorus
1415 4303 1576 4355 porro
1613 4290 1712 4343 etsi
1755 4287 2026 4344 efﬁcacior

445 4374 499 4425 in
532 4387 666 4426 auro
693 4387 757 4426 ex
789 4371 1062 4427 communi
1089 4373 1378 4430 collatione
1411 4381 1810 4448 congregando,
1849 4388 2024 4435 tamen

445 4463 586 4516 idem
617 4472 734 4518 erat
767 4478 875 4532 pra:
907 4464 1252 4534 simplicitate
1285 4468 1656 4523 mentishaud
1689 4470 1822 4524 satis
1852 4482 2026 4526 cauta:

2123 599 2291 650 πᾶσιν
2331 599 2638 654 ἐπιτάττων
2667 601 2911 656 αἰτοῦσιν
2943 603 2975 672 ἢ
3011 605 3152 658 ὥστε
3187 607 3399 670 πάντας
3425 608 3567 678 ἔχειν
3596 615 3688 664 καὶ

2123 690 2516 760 ἐξαπορεῖσθαι
2539 693 2765 762 μηδένα,
2787 696 2970 749 κοινοῦ
2999 700 3363 768 προκειμένου
3381 701 3478 754 τοῦ
3501 701 3688 770 νόμου,

2121 783 2197 846 ὼς
2236 783 2399 838 ἄλλου
2433 785 2768 854 παρέξοντος
2798 789 3042 858 ἐτοίμου,
3077 792 3191 858 εῖγε
3232 793 3392 856 ἄλλος
3425 795 3696 864 ἀπορήσει

2120 875 2316 940 διδούς.
2354 878 2478 942 Τοῖς
2517 879 2573 930 δέ
2607 896 2671 948 γε
2709 881 3073 953 μικροψύχοις
3106 885 3201 938 καὶ
3237 885 3298 938 τὸ
3332 886 3454 939 κατ’
3488 888 3694 957 ἐγγύην

2120 970 2283 1038 χρέος
2335 970 2418 1032 είς
2467 970 2876 1026 πολλαπλάσιον
2909 975 3216 1044 πρόσεστι,
3268 975 3364 1029 καὶ
3416 978 3695 1049 ἐγγυητὴς

2095 1062 2286 1137 βιὸς,
2317 1063 2379 1115 τὸ
2413 1063 2740 1134 θαυμάσιον,

2121 1174 2218 1229 κδ’.
2252 1176 2453 1241 Ὅπως
2482 1179 2764 1252 νοσήσας
2795 1184 2828 1234 ὀ
2854 1181 3161 1248 βασιλεὺς
3184 1183 3471 1252 Ἰωάννης
3493 1185 3696 1238 πολλὰ

2493 1249 2620 1316 τοῖς
2643 1251 2907 1318 πένησιν
2931 1253 3329 1322 ἐχορήγησεν.

2193 1341 2255 1413 [Ρ
2287 1342 2401 1413 ιηο
2434 1341 2709 1412 Βούλομαι
2738 1343 2922 1398 τοίνυν
2952 1343 3046 1397 καὶ
3075 1344 3205 1398 ἄλλο
3246 1364 3299 1400 τι
3326 1347 3698 1416 διηγήσασθαι

2122 1436 2519 1505 περὶτούτων,
2557 1435 2935 1506 παραιτοῦμαι
2974 1437 3030 1491 δὲ
3057 1481 3071 1501 ,
3117 1440 3198 1493 ὅτι
3236 1441 3332 1492 καὶ
3360 1444 3387 1493 6
3416 1441 3576 1508 λόγος
3611 1442 3698 1493 διὰ

2120 1530 2183 1582 τδ
2237 1530 2509 1598 χρήσιμον
2574 1527 3011 1597 παραϐέϐασται.
3076 1530 3248 1595 Νόσος
3297 1533 3568 1604 ἐνέσκηψε
3625 1533 3700 1600 τῷ

2125 1623 2338 1693 βασιλεῖ
2382 1621 2602 1691 Ἰωάννῃ
2645 1621 2778 1674 ποτὲ
2815 1622 3172 1692 ἀφαιρεθέντι
3205 1625 3306 1693 τὴν
3351 1625 3438 1676 ἐπ’
3473 1625 3701 1691 ἀγαθοῖς

2125 1716 2320 1785 βοηθὸν
2350 1715 2585 1782 σύζυγον
2606 1753 2621 1776 ,
2666 1714 2760 1783 τὴν
2794 1714 2896 1766 οὐκ
2931 1711 3029 1768 οἷδ’
3053 1715 3081 1768 ὅ
3111 1732 3164 1768 τι
3193 1719 3290 1768 καὶ
3315 1716 3401 1784 φῶ
3425 1717 3537 1770 τῶν
3565 1718 3698 1772 θαυ-

2126 1807 2339 1877 μασίων
2363 1806 2648 1875 ὀνομάτων
2682 1806 2943 1876 Εἰρήνην,
2975 1806 3070 1860 καὶ
3094 1808 3126 1878 ή
3159 1807 3312 1869 νόσος
3338 1809 3414 1870 ὡς
3439 1809 3659 1878 χαλεπή
3682 1824 3700 1844 ⁶

2124 1900 2428 1970 ἐπείληπτο
2457 1901 2565 1970 γὰρ
2594 1899 2682 1953 διὰ
2716 1898 2776 1952 τὸ
2813 1899 3031 1968 γῆρας,
3063 1896 3241 1970 οἶμαι.
3273 1901 3397 1954 Τῶν
3441 1901 3577 1969 γοῦν
3624 1905 3705 1955 ία-

2119 1990 2265 2062 τρῶν
2289 1991 2643 2064 ἀπορούντων
2670 1990 2756 2059 ἐφ’
2789 1991 2817 2044 ὅ
2851 2009 2904 2044 τι
2936 1991 3031 2045 καὶ
3062 1993 3380 2062 τράποιντο,
3418 1993 3706 2054 mortem

2118 2083 2252 2137 Θεὸν
2283 2082 2656 2152 καταφεύγει,
2692 2082 2787 2137 καὶ
2820 2082 2880 2136 τὸ
2909 2084 3124 2137 ἐκείνου
3156 2085 3289 2153 πρὸς
3319 2085 3532 2147 πάντας
3555 2085 3707 2147 ἔλεος

2120 2175 2261 2228 κατὰ
2292 2175 2354 2228 τὸ
2403 2175 2628 2230 δυνατὸν
2677 2176 3016 2246 ἐκμιμεῖται.
3071 2177 3297 2244 Ὠριστο
3333 2177 3559 2242 τοίνυν,
3612 2179 3705 2230 καὶ

2121 2269 2348 2330 σάκκοις
2378 2268 2406 2320 6
2435 2265 2638 2336 χρυσὸς
2667 2266 3010 2332 ἐξαντλεῖται
3033 2306 3048 2330 ,
3073 2269 3168 2321 καὶ
3196 2267 3305 2321 ἀνὰ
3333 2268 3391 2332 ἓξ
3417 2268 3514 2322 καὶ
3539 2270 3704 2338 τριά-

2119 2375 2286 2412 κοντα
2355 2359 2465 2411 τῶν
2525 2358 2831 2429 ἀκιόδήλων
2889 2361 3246 2430 νομισμάτων
3305 2360 3524 2432 ἑκάστῳ
3592 2361 3706 2413 τῶν

2118 2447 2458 2519 ὁπουδήποτε
2489 2447 2714 2518 ἀπόρων
2744 2448 2983 2512 δίδοται,
3034 2450 3207 2520 χωρὶς
3234 2451 3344 2502 τῶν
3390 2450 3470 2511 εἰς
3522 2449 3706 2512 θείους

2120 2543 2285 2606 ναοὺς
2317 2546 2414 2595 καὶ
2447 2543 2614 2612 μονὰς
2643 2543 2736 2594 καὶ
2777 2540 3044 2610 θεοφιλεῖς
3093 2541 3293 2612 ἄνδρας
3345 2542 3708 2609 ἐξαντληθέν-

2117 2652 2229 2689 των
2250 2674 2265 2699 ,
2300 2634 2780 2706 ἐπιμετρουμένου
2810 2633 2904 2687 τοῦ
2934 2634 3120 2698 ἐλέους
3147 2634 3421 2698 πλείστοις
3458 2636 3709 2703 ἡμιόνων

2121 2728 2420 2798 σάγμασιν.
2473 2725 2613 2778 Ἀλλ’
2645 2727 3026 2796 ἐπιμετρεῖται
3059 2725 3138 2797 τῷ
3175 2725 3311 2778 ἐλέει
3341 2726 3402 2778 τὸ
3441 2726 3537 2779 τοῦ
3567 2726 3708 2778 Θεο]

2119 2923 2278 2979 quam
2321 2881 2634 2976 acciperet:
2667 2905 2801 2974 quid
2846 2908 2988 2960 enim
3029 2907 3136 2977 7o
3173 2905 3314 2960 aliud
3367 2903 3570 2959 Christi
3622 2904 3706 2958 lex

2122 3001 2442 3072 praescribit,
2477 3001 2610 3056 dare
2661 3000 2833 3056 cuivis
2880 3000 3085 3070 petenti
3140 2997 3494 3069 pra'eipiens?
3545 2996 3708 3066 cujus

2123 3094 2312 3148 beatus
2355 3093 2567 3148 fructus
2590 3101 2672 3147 est
2702 3092 2984 3147 abundare
3011 3093 3312 3156 universris,
3342 3106 3500 3160 egere
3534 3091 3710 3144 nemi-

2125 3203 2268 3252 nem,
2322 3195 2714 3255 eompensante
2764 3184 3138 3239 vicissitudine
3185 3181 3550 3238 communiter
3591 3181 3708 3235 utili

2127 3287 2342 3332 mutuos
2371 3276 2640 3341 defectus,
2685 3277 2810 3330 dum
2855 3283 3050 3344 przesto
3091 3284 3175 3328 est
3215 3272 3306 3342 qui
3357 3271 3610 3326 relundat
3643 3285 3707 3324 ex

2125 3370 2339 3441 publico
2368 3379 2628 3439 quantum
2657 3384 2721 3422 ex
2752 3368 2965 3436 privato
2988 3366 3212 3435 quilibet
3240 3364 3483 3420 emuniit.
3522 3364 3566 3415 Δ
3599 3376 3712 3431 quo

2127 3479 2194 3518 ne
2228 3463 2560 3518 abhorreant
2591 3461 2919 3516 commercio
2954 3460 3118 3514 animi
3178 3457 3378 3529 pusilli,
3419 3457 3712 3521 ﬁdeiusso-

2127 3569 2264 3617 rem,
2321 3552 2463 3620 quod
2512 3550 2707 3605 mirum
2749 3557 2851 3613 est,
2905 3562 2966 3603 se
3009 3546 3153 3602 Deus
3199 3545 3391 3609 oﬁ‘ert,
3446 3543 3711 3612 pollicens

2125 3663 2184 3704 se
2235 3657 2587 3714 repensurum
2647 3638 3000 3708 multiplicato
3049 3638 3260 3696 {tenore
3314 3637 3458 3708 quod
3519 3635 3709 3689 datum

2127 3738 2309 3793 fuerit.

2125 3847 2218 3903 ΞΜ.
2255 3847 2322 3902 Ut
2368 3854 2634 3918 a-grotans
2669 3845 2955 3918 imperator
2987 3839 3223 3918 Joannes
3264 3837 3430 3893 multa
3457 3833 3710 3905 pauperi-

2725 3916 2818 3968 bus
2847 3913 3160 3983 eragaven’t.

2201 4008 2337 4064 Volo
2365 4015 2421 4062 et
2472 4004 2621 4059 aliud
2665 4003 2828 4072 bujus
2882 4001 3100 4072 generis
3150 4013 3419 4063 narrare,
3475 4003 3710 4065 petoque

2130 4101 2363 4163 veniam,
2415 4097 2459 4152 si
2502 4095 2806 4164 argumenti
2865 4092 3102 4147 utilitate
3162 4099 3373 4145 tractus
3409 4087 3710 4158 digressio-

2130 4195 2288 4248 nibus
2321 4189 2592 4259 indulgeo.
2635 4187 2825 4243 Morbo
2852 4193 3136 4252 correptus
3167 4183 3458 4252 aliquando
3491 4190 3574 4235 est
3598 4179 3706 4232 ini-

2129 4294 2346 4355 perator
2365 4283 2606 4338 Joannes
2637 4295 2826 4336 recens
2860 4279 3116 4333 viduatus
3155 4277 3412 4347 praeclara
3450 4274 3504 4329 in
3543 4272 3707 4326 rebus

2129 4379 2286 4434 bouis
2321 4375 2589 4445 adjutrice
2618 4375 2874 4444 conjuge,
2929 4372 3045 4434 illa,
3099 4369 3342 4438 inquam,
3393 4365 3702 4420 admirabili

2129 4472 2302 4534 lrene,
2331 4472 2418 4524 cui
2453 4483 2551 4537 pro
2584 4467 2781 4522 merito
2813 4463 3098 4520 laudandae
3131 4461 3295 4516 verba
3325 4461 3544 4514 desunt.
3576 4455 3619 4509 Ε
3653 4466 3708 4508 at

447 4555 501 4606 in
548 4554 734 4608 eodem
773 4555 998 4624 prodige
1033 4556 1408 4636 dispergendol
1425 4559 1731 4628 profusior,
1783 4571 1839 4615 ut
1883 4567 2022 4628 quod
2058 4555 2102 4612 0
2133 4573 2316 4616 autent
2380 4561 2601 4614 morbus
2651 4573 2783 4614 sane
2840 4557 3086 4612 sonticus
3138 4564 3191 4610 et
3241 4552 3438 4624 gravis,
3503 4550 3707 4619 quippe

449 4647 500 4700 in
532 4646 818 4702 maritimis
847 4648 1066 4703 testibus
1098 4649 1418 4720 Euriporum
1451 4666 1515 4706 ac
1543 4651 1909 4721 Charybdnm,
1940 4656 2026 4710 hic

446 4752 662 4808 quoque
693 4742 922 4809 quadam
951 4739 1156 4794 alterna
1191 4742 1615 4810 reciprocatione
1644 4743 1910 4800 cﬂlucnlis
1942 4762 2026 4800 reo

447 4832 769 4902 ﬂuentisque
819 4832 1057 4901 pecuniae
1101 4844 1434 4898 cerneretur,
1482 4835 1732 4889 exhausti
1775 4851 1869 4904 per
1918 4837 2023 4890 lar-

448 4925 681 4995 gitiones
705 4923 881 4978 aerarii
909 4924 1120 4979 damnis
1146 4927 1288 4980 facili
1323 4943 1444 4980 mox
1471 4927 1844 4997 corrogatione
1875 4945 2028 4998 repo-

362 5027 364 5035 ‘
449 5017 592 5081 sitis,
618 5017 727 5071 imo
745 5017 885 5085 quod
911 5031 1205 5085 expensum
1233 5027 1348 5072 erat
1371 5018 1734 5074 abundantius
1769 5021 2028 5074 redeunte

451 5124 547 5175 per
576 5109 815 5164 modicas
850 5107 976 5163 licet
1006 5109 1254 5178 singulis,
1287 5120 1538 5164 caeterum
1574 5120 1793 5178 propter
1843 5112 2028 5166 multi-

452 5197 689 5252 tudinem
752 5199 1144 5254 conferentium
1209 5202 1261 5256 in
1324 5215 1567 5256 summas
1624 5202 1707 5256 vel
1768 5201 2030 5255 maximas

451 5291 776 5347 excedentes
847 5295 1277 5351 contributiones
1327 5295 1701 5359 subditorum;
1757 5309 1854 5348 nec
1908 5294 2032 5348 inde

451 5381 714 5437 exhausta
772 5385 980 5452 privata
1031 5401 1478 5456 quorumcunqne
1511 5387 1788 5452 facultate,
1843 5387 2031 5454 utique

453 5489 613 5541 quam
639 5473 746 5530 late
771 5477 836 5530 ad
864 5492 1051 5532 omnes
1079 5489 1462 5546 promauantes
1480 5489 1535 5535 et
1559 5479 1706 5534 varie
1732 5480 1784 5533 in
1813 5481 2028 5534 dornmn

456 5581 520 5619 ac
554 5565 822 5622 fortunam
872 5586 1141 5641 quamque
1171 5574 1390 5641 perenni
1433 5575 1664 5642 quodam
1701 5588 1860 5627 cursu
1904 5582 2032 5641 pro-

455 5658 684 5714 ﬂuentes
749 5663 1059 5732 principalis
1136 5666 1503 5721 beneﬁcentiae
1580 5665 1784 5720 alerent
1849 5667 2030 5720 rivuli.

455 5750 710 5822 Prompta
738 5756 935 5824 quippe
962 5770 1162 5826 praesto
1197 5762 1385 5812 aderat
1414 5759 1654 5812 omnium
1691 5758 2029 5812 necessitati-

457 5843 725 5918 buslarga
779 5849 1083 5920 benignitas
1133 5851 1390 5922 principis
1439 5850 1693 5908 libentius
1741 5850 2027 5906 tribuentis

2128 4670 2290 4710 casus
2323 4653 2616 4708 inducebat
2665 4650 2968 4720 epilepticis
3013 4645 3420 4702 accessionibus
3471 4643 3702 4700 similes.

2128 4749 2229 4803 ιιιδί
2267 4747 2404 4800 forte
2436 4746 2489 4800 hi
2531 4743 2797 4798 debilitati
2848 4740 3022 4794 astatis
3066 4739 3177 4807 jam
3208 4746 3474 4807 provecta:
3501 4733 3704 4798 justius

2131 4837 2385 4908 imputari
2424 4837 2754 4905 potuissent.
2809 4831 3038 4887 Incertis
3073 4829 3296 4884 medicis
3327 4843 3438 4896 quo
3485 4840 3544 4880 se
3575 4839 3700 4878 ver-

2132 4944 2326 4995 tereut,
2359 4945 2500 5000 mger
2533 4928 2596 4980 ad
2633 4927 2802 4982 Deum
2837 4923 3103 4993 cenl'ugit,
3159 4931 3216 4975 et
3261 4920 3380 4990 ejus
3408 4919 3611 4988 largam
3646 4917 3700 4971 in

2131 5038 2318 5077 omnes
2347 5019 2773 5076 misericordiam
2807 5025 2962 5087 prout
2996 5023 3207 5085 poterat
3270 5014 3536 5066 imitatur.
3561 5007 3703 5074 Ergo

2131 5115 2252 5183 ejus
2285 5114 2543 5166 mandato
2597 5107 2850 5164 hauritur
2898 5123 2930 5160 e
2966 5104 3236 5162 thesauris
3286 5115 3481 5154 aurum
3535 5097 3704 5167 plenis

2132 5204 2327 5268 saccis,
2363 5211 2418 5258 et
2445 5201 2511 5256 ad
2537 5215 2630 5256 sex
2654 5208 2709 5253 et
2743 5199 2964 5268 triginta
2997 5196 3175 5267 probra
3225 5203 3453 5246 monetae
3499 5189 3698 5243 nummi

2130 5309 2427 5366 egenorum
2453 5292 2676 5348 cuilibet
2698 5293 3006 5359 ubicunque
3026 5287 3336 5356 degentium
3368 5283 3527 5337 divisi
3557 5291 3701 5339 sunt,

2133 5399 2329 5456 praeter
2355 5401 2417 5442 ea
2448 5400 2567 5456 qua:
2596 5385 2649 5438 in
2679 5398 2834 5438 sacra
2885 5383 2974 5436 Dei
3025 5379 3244 5449 templa,
3289 5379 3339 5430 in
3379 5374 3702 5430 monasteria

2134 5491 2191 5534 et
2220 5481 2367 5534 viros
2397 5477 2506 5533 Deo
2537 5477 2762 5532 devotos
2793 5484 2920 5529 sunt
2959 5487 3217 5541 expensa,
3271 5469 3601 5524 liberalitate
3644 5479 3704 5518 ea

2132 5586 2231 5641 per
2264 5569 2460 5624 multos
2481 5576 2708 5623 onustos
2749 5567 2920 5621 mulos
2953 5580 3058 5634 quo
3088 5563 3330 5633 oportuit
3362 5562 3552 5614 missa.
3587 5558 3703 5612 Haec

2136 5661 2369 5729 Augusti
2426 5658 2804 5713 misericordia
2865 5658 3104 5710 divinam
3167 5658 3219 5709 in
3275 5670 3398 5707 enm
3459 5659 3699 5704 attraxit.

2135 5756 2276 5823 Ergo
2326 5756 2371 5808 is
2404 5755 2723 5822 aegritudine
2763 5753 2994 5820 primum
3051 5749 3188 5804 facta
3244 5747 3458 5807 leviori,
3518 5746 3701 5798 deinde

2138 5851 2294 5920 plane
2332 5847 2628 5912 convaluit,
2659 5845 2852 5915 gaudio
2878 5843 2994 5912 ejus
3023 5849 3075 5899 et
3108 5840 3281 5899 fructu
3310 5840 3498 5904 animi,
3531 5851 3696 5908 quano
