3952 6572
518 422 545 441 Δ

285 434 392 497 50'.)

1267 426 1364 497 ΠΕ
1408 437 1796 498 ΜΞΟΗΑςΕῐιΕ
1837 439 2302 501 PALxEOLOGO
2340 442 2491 503 LIB.
2535 444 2579 506 ί.

3438 447 3542 507 5'0

284 546 649 617 σεμνύνεσθαι
699 547 793 601 καὶ
844 546 1107 618 βασιλικῷ
1156 544 1448 616 ἀξιώματι.
1492 549 1609 600 Ἐπὶ
1654 549 1707 600 τί
1759 548 1864 617 γὰρ
1898 554 1935 607 Α
1971 552 2165 621 μενοῦν
2196 552 2255 606 οὐ
2288 553 2618 609 συνέϐαινον.
2653 555 2715 608 Οἱ
2750 556 2847 626 μὲν
2877 557 3005 628 γὰρ,
3038 559 3129 611 καὶ
3167 557 3367 629 μᾶλλον
3397 562 3444 613 οἱ
3476 563 3540 612 ὲκ

281 640 380 690 καὶ
414 640 719 709 φροντίζων
750 640 1019 708 ὁσημέραι
1054 638 1243 709 πονοὶη
1278 641 1371 692 καὶ
1403 639 1564 707 φὸὗον
1594 639 1652 691 ὲν
1687 639 1863 708 ἐαυτῷ

277 731 374 783 τὸν
411 730 672 801 μέγιστον
706 731 855 784 ἕλκοι
880 772 894 795 ,
930 736 978 785 si
1015 733 1090 803 μή
1125 750 1179 785 τι
1212 736 1305 785 xa‘.
1337 731 1645 801 κερδαίνειν
1681 731 1792 801 ἔχοι
1835 732 1864 783 ὁ

274 825 439 878 τόσον
476 823 633 893 ὄχλον
675 824 1104 893 ἀναδεξάμενος;
1149 825 1244 877 καὶ
1286 824 1459 884 ἄλλως
1502 823 1672 889 οὕτως
1717 824 1864 893 αὐτῷ

276 915 374 968 καὶ
408 913 470 968 τὸ
503 914 603 983 τῆς
638 915 904 985 ἐπιταγῆς
939 915 1203 973 ἀνυστὸν.
1240 916 1399 983 εἴπερ
1434 915 1575 985 ὑπὲρ
1608 916 1734 978 τοὺς
1766 916 1863 968 ἄλ-

276 1005 406 1069 λους
454 1005 531 1058 ὣν
581 1007 879 1061 ἐπιτάττει.
928 1008 1108 1061 Καλὸν
1158 1008 1522 1077 σεμνύνεσθαι
1571 1007 1862 1079 δεσποτεία
1897 1018 1908 1025 '

275 1098 369 1148 τὸν
411 1098 505 1150 τοῦ
554 1097 818 1169 βασιλέως
858 1098 1185 1168 ἐπίτροπον
1226 1098 1371 1151 οὕτω
1418 1100 1508 1152 καὶ
1551 1098 1658 1168 γὰρ
1702 1099 1862 1162 αὐτὸς

276 1190 515 1260 τηρήσει
542 1189 608 1242 τὰ
634 1191 735 1260 τῆς
762 1192 973 1254 εὐνοίας
1001 1191 1268 1254 dedam,
1298 1191 1435 1262 πρὸς
1460 1193 1550 1242 τὸν
1575 1192 1638 1242 ὲκ
1670 1191 1862 1257 γένους

280 1280 641 1348 βασιλεύοντα
685 1281 842 1347 ἀξίαν
875 1283 1109 1351 νομίζων
1144 1282 1379 1352 ἀμοιϐὴν
1411 1284 1471 1335 τὸ
1512 1282 1753 1353 ἀξίωμα.
1794 1284 1861 1337 Τί

277 1373 337 1425 δὲ
380 1375 476 1426 καὶ
517 1371 665 1437 ξένον
704 1373 1004 1442 κεκλῆσθαι
1043 1375 1299 1446 δεσπότῃ.
1341 1369 1385 1443 ᾦ
1423 1374 1488 1444 δὴ
1527 1377 1623 1429 καὶ
1661 1379 1687 1428 ὁ
1726 1376 1863 1447 πρὸς

288 1464 497 1539 μητρὸς
526 1465 751 1527 πάππος
778 1465 1047 1535 δεσπότης
1073 1465 1147 1518 ὢν
1176 1466 1299 1520 κατ’
1326 1467 1543 1520 Ἰταλῶν
1574 1469 1859 1541 κατώρθου

280 1555 348 1607 τὰ
382 1556 614 1624 μέγιστα
636 1571 653 1622 ;
680 1557 749 1608 Ἢ
782 1557 891 1627 γὰρ
919 1556 1018 1610 οὐκ
1046 1557 1269 1626 οἴδαμεν
1295 1557 1484 1612 τοῦτον
1512 1559 1587 1621 ὡς
1616 1560 1860 1631 θεοφιλῆ,

280 1647 359 1707 ὼς
393 1643 552 1713 ζῆλον
587 1647 777 1716 ἔχοντα
811 1646 907 1700 τοῦ
939 1647 1131 1715 καλοῦ,
1167 1649 1242 1713 ὡς
1275 1649 1633 1722 φιλομὸναχον
1667 1653 1763 1705 καὶ
1795 1654 1863 1706 τὰ

279 1738 386 1806 τῆς
410 1738 735 1809 Ἐκκλησίας
759 1740 1008 1805 ἐκτόπως
1034 1741 1291 1808 σέϐοντας
1314 1745 1585 1813 μαρτυρεί
1605 1743 1663 1798 τὺ
1693 1761 1859 1813 προσο

280 1829 342 1880 ὸν
380 1830 529 1902 αὐτῷ
589 1833 845 1886 ταπεινὸν
911 1834 1006 1887 καὶ
1043 1834 1337 1903 δημοτικὸν
1375 1835 1468 1888 καὶ
1506 1835 1687 1906 ίλαρὸν
1724 1835 1861 1905 πρὸς

280 1921 563 1985 ἅπαντας,
596 1924 656 1974 τὸ
686 1922 744 1977 δέ
778 1941 840 1992 γε
877 1924 1171 1995 φιλόδωρον
1202 1943 1259 1978 τε
1295 1927 1389 1981 ml.
1423 1914 1773 1997 μεταδοτικὸν
1802 1930 1862 1982 τὸ

278 2012 382 2084 τῆς
408 2015 727 2085 περιουσίας
756 2018 1085 2071 πενέστατον
1112 2021 1479 2092 παραστήσει,
1507 2020 1647 2075 ὥστε
1682 2023 1861 2087 καλῶς

280 2104 351 2158 ἂν
387 2104 502 2177 ἔχοι
544 2109 638 2161 val.
679 2109 1067 2179 συμφερόντως
1098 2113 1212 2174 τοῖς
1250 2112 1594 2182 πράγμασιν,
1633 2117 1681 2167 εί
1726 2114 1862 2183 πρὸς

278 2198 348 2268 τῇ
382 2197 856 2271 βασιλεωπατορίσ.
884 2201 978 2255 καὶ
1005 2201 1171 2267 ἀξίως
1196 2204 1403 2275 τιμῷτο
1429 2208 1456 2258 ὁ
1484 2208 1862 2275 ἐπιτροπεύων

278 2289 382 2345 τοῦ
410 2290 801 2359 βασιλεύοντος.
830 2293 1018 2350 Ταῦτά
1043 2313 1207 2350 τινων
1230 2297 1646 2367 προτεινόντων,
1679 2299 1863 2354 πολλοὶ⁸

282 2381 389 2452 μὲν
419 2381 529 2434 τῶν
564 2384 869 2453 ἀρχιερέων
902 2383 976 2448 ὡς
1014 2386 1243 2449 δικαίοις
1285 2385 1501 2440 δοκοῦσι
1534 2389 1645 2448 τοῖς
1685 2387 1863 2456 λόγοις

281 2472 549 2545 συνῄνουν
567 2512 582 2537 ,
610 2475 705 2528 καὶ
734 2475 842 2528 τῶν
875 2479 932 2529 ὲν
962 2477 1102 2529 τέλει
1131 2477 1243 2531 τισὶ
1277 2479 1621 2534 συνεδέδοκτο
1643 2494 1659 2509 ·
1690 2480 1737 2531 οί
1770 2479 1862 2532 ἅλ-

277 2565 369 2620 λοι
407 2566 465 2620 δὲ
502 2566 923 2637 διεφιλονείκονν
957 2571 1051 2623 καὶ
1087 2572 1184 2634 τὰς
1221 2570 1444 2642 γνώμας
1482 2571 1731 2641 ἀλλήλοις
1769 2573 1861 2623 ού-

281 2749 592 2818 pmditum,
626 2750 815 2803 eadem
852 2749 1022 2804 teneri
1055 2748 1372 2804 conditione
1402 2763 1507 2819 qua
1547 2748 1736 2819 vulgus
1761 2749 1860 2802 ho-

280 2841 517 2907 minum,
548 2840 642 2894 sed
665 2839 925 2895 eximium
953 2850 1004 2894 et
1027 2841 1354 2895 eminentem
1380 2854 1542 2909 supra
1571 2841 1861 2911 plerosque

283 2935 524 2988 maxima
559 2943 615 2987 et
653 2933 803 3005 regia
834 2932 1168 2988 venerationi
1223 2931 1453 2999 publica:
1494 2932 1860 2987 commendari

279 3026 566 3097 dignitate.
606 3027 717 3082 Cur
747 3027 901 3082 enim
934 3036 1011 3081 tot
1052 3041 1109 3081 se
1132 3026 1377 3094 quotidie
1410 3027 1556 3080 curis
1583 3035 1858 3091 attereret,

283 3128 495 3173 tantum
524 3133 787 3187 angorem
819 3134 883 3172 ex
914 3127 1061 3172 metu
1110 3118 1330 3173 assiduo
1363 3117 1729 3189 periculorum
1763 3118 1862 3171 im-

1964 646 2073 698 τῶν
2116 645 2444 718 Λασκαρίων
2486 647 2918 718 Τξαμάντουροι,
2962 652 3059 703 σὺν
3098 646 3180 714 οἷς
3226 652 3320 704 καὶ
3366 654 3395 704 ὁ
3437 651 3546 705 Νο-

1968 737 2191 806 στόγγος
2225 739 2529 810 Γεὼργιος,
2567 741 2627 792 τὸ
2662 743 2761 809 μὲν
2798 741 3234 811 βασιλεοπάτορα
3266 744 3359 796 καὶ
3396 737 3541 797 εἶναι

1965 832 2058 883 καὶ
2087 829 2447 898 ὀνομάζεσθαι
2483 831 2635 901 μόλις
2670 832 2769 900 μὲν
2801 831 2914 884 ἀλλ’
2939 833 3088 900 ὅμως
3119 833 3212 886 καὶ
3247 833 3321 903 μὴ
3351 834 3541 887 θέλον·

1962 940 2056 985 τες
2099 924 2393 986 ἐνεδίδουν,
2437 924 2620 977 ἱκανὸν
2658 924 2703 976 δ’
2734 917 2872 976 εἶναι
2906 924 2985 992 τῷ
3029 923 3308 993 ἐπιτρόπῳ
3343 925 3404 977 τὸ
3443 924 3542 992 τῆς

1962 1013 2219 1084 δουκικῆς
2251 1016 2534 1083 μεγαλεῖον
2563 1013 2718 1079 ἀξίας
2746 1014 3157 1083 διισχυρίζοντο.
3188 1016 3458 1084 Ὀφφικίῳ
3486 1015 3542 1068 δὲ

1967 1102 2243 1172 βασιλείας
2298 1105 2518 1173 φέροντι
2569 1105 2740 1173 ὄνομα
2794 1103 3157 1171 σεμνύνεσθαι
3209 1103 3399 1156 τοῦτον
3447 1104 3541 1156 καὶ

1963 1195 2242 1260 τοιαύταις
2276 1197 2457 1262 ἀξίαις
2488 1195 2752 1265 τιμᾶσθαι
2785 1196 3097 1267 κρείττοσιν
3129 1195 3162 1266 ἦ
3197 1198 3318 1249 κατ’
3345 1198 3410 1250 αύ
3425 1197 3540 1260 τὸν,

1967 1288 2044 1358 μὴ
2077 1289 2170 1341 καὶ
2200 1290 2291 1341 ἐπὶ
2319 1292 2432 1352 τοῖς
2465 1289 2751 1358 μεγίστοις
2779 1306 2837 1341 τε
2870 1290 2963 1343 καὶ
2994 1289 3197 1357 τιμίοις
3227 1289 3544 1358 παράϐασις

1963 1382 2071 1451 είη.
2105 1380 2261 1435 Εῗναι
2293 1381 2402 1451 γὰρ
2434 1381 2707 1451 βασιλίδας
2736 1382 2945 1452 ὡραίας
2977 1382 3202 1450 γάμων,
3231 1381 3295 1443 ἃς
3325 1381 3541 1450 ἀνάγκη

1963 1469 2263 1538 γαμεῖσθαι
2291 1474 2400 1533 τοῖς
2428 1470 2681 1540 προέχειν
2706 1470 2952 1523 δοκοῦσιν
2976 1485 2989 1499 ο
3017 1472 3064 1523 εἰ
3097 1470 3142 1523 δ’
3165 1469 3280 1534 οὖν,
3309 1471 3424 1523 ἀλλ’
3448 1470 3545 1522 αὐ-

1962 1563 2083 1624 ταῖς
2116 1562 2175 1628 ὲξ
2205 1562 2385 1614 αὐτῶν
2422 1562 2565 1631 μέγα
2597 1561 2655 1613 τὸ
2688 1561 2897 1616 δίκαιον
2926 1562 3072 1631 ἔχειν
3100 1561 3368 1624 τοιούτοις
3404 1561 3543 1629 μετὰ
3633 1557 3641 1562 ’

1961 1653 2072 1705 τῶν
2107 1652 2357 1720 συζύγων
2393 1655 2751 1722 σεμνύνεσθαι
2794 1652 3107 1722 ἀξιώμασιν
3130 1691 3144 1711 ,
3178 1651 3543 1718 αὐτςδέλφαις

1964 1745 2228 1815 βασιλέως
2268 1745 2459 1807 οὔσαις
2501 1748 2591 1799 καὶ
2633 1745 2906 1821 βασιλίσιν
2944 1749 3006 1796 ὲκ
3042 1743 3324 1814 τριγονίας
3372 1742 3403 1810 ἢ
3451 1741 3546 1794 καὶ

1962 1838 2316 1907 τετραγονίσις
2349 1837 2548 1904 μᾶλλον
2580 1836 2887 1907 βασιλικῆς.
2920 1836 2981 1888 Οἱ
3014 1836 3155 1902 ἀμφὶ
3181 1834 3271 1886 τὸν
3299 1834 3548 1902 Στρατηη

1964 1929 2231 1997 γόπουλον
2256 1929 2311 1982 δὲ
2346 1929 2579 1991 “mg.ng
2608 1931 2701 1982 καὶ
2730 1931 2778 1980 οἱ
2805 1927 2898 1979 τοῦ
2929 1926 3088 1997 Φιλῆ,
3120 1927 3212 1977 καὶ
3240 1924 3334 1977 σὺν
3362 1925 3544 1987 αὐτοῖς

1964 2022 2015 2073 οἱ
2048 2019 2322 2090 Τορνίκιοι
2355 2021 2448 2073 καὶ
2477 2022 2525 2073 οἱ
2556 2019 2748 2085 τυφλοὶ
2780 2018 2978 2087 μᾶλλον
3003 2060 3017 2080 ,
3048 2019 3097 2071 οἳ
3128 2017 3191 2087 δὴ
3222 2017 3314 2070 καὶ
3344 2016 3544 2068 παθόν-

1964 2130 2053 2175 τες
2090 2111 2315 2182 ἁμύνειν
2355 2112 2565 2182 ἤθελον.
2611 2110 2672 2183 [Ρ
2701 2111 2799 2182 ιίὸ]
2847 2112 2942 2163 σὺν
2986 2110 3032 2163 δ’
3077 2111 3260 2171 αὐτοῖς
3301 2110 3394 2162 καὶ
3430 2108 3544 2160 ὅσοι

1964 2203 2106 2257 κατὰ
2135 2203 2452 2271 συγγένειαν
2481 2202 2512 2273 ἢ
2539 2202 2703 2255 οὖσαν
2728 2204 2760 2271 ἢ
2789 2202 3150 2271 ἐλπιζομένην
3172 2201 3285 2258 τοῖς
3313 2199 3547 2251 Παλαισ-

1963 2294 2144 2362 λὸγοις
2170 2296 2542 2366 προσέκειντο.
2576 2294 2814 2364 ἰσχυρῶς
2841 2293 3144 2355 ἀντέσπων,
3171 2291 3375 2344 δίκαιον
3403 2284 3545 2341 εἶναι

1962 2387 2211 2455 λέγοντες
2256 2388 2349 2441 καὶ
2391 2387 2567 2449 ἄλλως
2614 2388 2894 2457 συμφέρον
2934 2386 3025 2438 τὸν
3068 2385 3235 2453 ἐγγὺς
3282 2382 3542 2454 βασιλέως

1963 2477 2091 2531 ὅντα
2118 2479 2213 2532 καὶ
2239 2482 2447 2550 πατρὸς
2473 2480 2646 2549 ὄνομα
2671 2478 2906 2550 φέροντα
2934 2476 3197 2547 τιμᾶσθαι
3225 2478 3321 2528 καὶ
3348 2475 3547 2527 δεσπο-

1962 2571 2102 2642 τείᾳ.
2138 2568 2296 2625 Οὕτω
2328 2570 2436 2642 γὰρ
2472 2565 2613 2624 εἶναι
2646 2570 2706 2623 τὸ
2747 2568 3174 2640 συγκεχωρηκὸς
3206 2565 3357 2636 αύτῷ
3392 2564 3546 2635 παρὰ

1964 2751 2181 2806 ratoris.
2251 2748 2377 2805 Haec
2433 2747 2836 2819 proferentihus
2898 2746 3222 2818 quibusdam
3289 2747 3439 2802 multi
3513 2761 3544 2801 e

1961 2840 2216 2898 Patrihus
2265 2841 2623 2897 ecclesiastici
2671 2855 2961 2897 consessus
2998 2840 3316 2910 prmsidibns
3359 2854 3550 2894 sacro—

1964 2951 2084 2991 rum
2107 2933 2523 3005 applaudebant,
2560 2944 2618 2988 ut
2641 2932 2804 3002 justis
2833 2943 2887 2988 et
2916 2933 3109 2987 rationi
3142 2933 3545 2998 consentaneis,

1963 3037 2123 3099 prout
2175 3026 2306 3097 ipsis
2346 3026 2671 3082 videbatur:
2705 3025 2949 3079 nonnulli
2999 3025 3125 3093 quin
3173 3024 3335 3079 etiam
3392 3039 3550 3079 sena-

1968 3132 2114 3177 tores
2140 3127 2194 3175 et
2222 3134 2289 3173 ex
2322 3101 2638 3189 gerentibus
2676 3116 2885 3185 primos
2938 3115 3283 3186 magistratus
3311 3129 3548 3170 consen-
3613 3171 3617 3176 ,

280 3209 634 3280 pendentium
664 3208 894 3272 subiret,
921 3208 965 3262 si
1006 3208 1208 3261 nullum
1260 3208 1364 3278 ipsi
1411 3208 1622 3263 lucrum
1655 3209 1856 3264 rediret
1881 3208 1925 3267 ϐ
1963 3213 2188 3270 tiebant.
2223 3211 2327 3266 Alii
2354 3218 2539 3265 contra
2573 3209 2881 3272 tendebant,
2901 3202 3182 3262 sententiis
3208 3216 3384 3261 tamen
3406 3206 3549 3263 inter

282 3314 354 3355 ex
418 3310 528 3355 tam
606 3284 935 3355 tumultuosa
1001 3301 1388 3371 procuratione
1457 3302 1511 3355 in
1578 3302 1858 3373 publicum

282 3400 537 3463 suscepta
568 3391 911 3447 commodum
933 3428 949 3454 ,
985 3393 1286 3462 praesertim
1313 3407 1436 3448 cum
1473 3394 1571 3447 ista
1618 3408 1778 3463 quam
1811 3395 1859 3448 ei

282 3493 535 3553 optamus
584 3500 744 3552 supra
809 3495 1038 3541 eazteros
1100 3485 1418 3541 excellentia
1486 3484 1861 3541 emcacitatrm

276 3573 589 3642 reipublicae
620 3574 802 3627 utilem
842 3573 1158 3643 adjunctura
1189 3575 1260 3630 sit
1301 3575 1568 3630 mandatis
1599 3574 1865 3644 imperiis-

280 3681 391 3736 que
434 3666 762 3733 saluhribus,
791 3668 996 3737 absque
1028 3666 1220 3735 majori
1270 3682 1432 3737 quam
1463 3682 1582 3737 qum
1603 3684 1747 3727 nunc
1779 3678 1864 3723 est

282 3757 521 3827 jnbentis
563 3759 889 3813 auctoritate
935 3759 1094 3814 facile
1131 3759 1476 3828 impuneque.
1505 3758 1864 3830 negligendis?

287 3850 514 3922 Dignum
546 3867 771 3922 prorsus
805 3866 1128 3921 aequumque
1179 3861 1262 3906 est
1302 3851 1488 3905 ornari
1536 3850 1736 3905 domini
1770 3867 1867 3922 ap-

285 3945 576 4013 pellatione
611 3956 842 3999 tutorem
876 3944 1223 4014 imperatoris
1253 3960 1268 3997 :
1300 3944 1381 3998 sic
1416 3944 1559 3998 enim
1601 3942 1717 4013 ipse
1754 3944 1866 3997 sin-

285 4052 468 4093 cerum
508 4035 758 4091 affectum
813 4048 1050 4105 paterna:
1083 4037 1367 4098 charitatis
1424 4050 1551 4108 erga
1601 4050 1746 4103 cum,
1778 4040 1863 4091 cui

282 4144 403 4185 sors
435 4130 693 4184 nascendi
739 4127 827 4198 jus
875 4128 1086 4201 imperii
1133 4128 1383 4194 contulit,
1433 4128 1690 4190 tuebitur,
1742 4142 1863 4182 eam

282 4224 457 4279 vicem
495 4223 656 4278 ollicii
690 4232 932 4277 mutuam
992 4221 1192 4277 debere
1246 4236 1306 4277 se
1347 4222 1588 4277 sentiens
1619 4220 1669 4274 ei
1713 4218 1867 4288 cujus

281 4331 449 4371 causa
499 4325 554 4370 et
603 4330 829 4371 assensu
884 4315 987 4369 isto
1031 4328 1092 4369 se
1123 4314 1316 4368 viderit
1349 4314 1563 4380 honore
1613 4321 1862 4367 auctum.

283 4410 426 4475 Quid
458 4407 567 4479 75
600 4422 762 4477 porro
784 4406 1277 4462 extraordinarium
1319 4414 1373 4460 et
1402 4419 1596 4459 novum
1625 4415 1710 4459 est
1741 4419 1864 4459 eum

280 4501 387 4557 dici
439 4502 743 4569 dcspotam,
800 4500 953 4568 cujus
1007 4507 1285 4553 maternus
1332 4513 1467 4552 avus
1517 4498 1707 4552 eadem
1760 4496 1861 4550 ista

280 4595 527 4665 desporae
554 4594 784 4662 insignis
826 4602 1097 4663 potestate
1130 4592 1404 4661 praeclaris
1434 4606 1493 4646 se
1531 4591 1865 4646 facinoribus

280 4685 569 4756 permultis
599 4685 739 4739 bello
770 4694 957 4739 contra
998 4683 1163 4739 Italos
1203 4684 1465 4755 inclytum
1513 4684 1744 4739 fecerit?
1794 4699 1862 4737 an

282 4779 559 4834 nescimus
599 4785 800 4846 quanta
840 4776 969 4830 insit
995 4775 1045 4830 ei
1077 4776 1330 4831 .charitas
1380 4778 1432 4830 in
1461 4773 1653 4842 Deum,
1702 4790 1863 4844 quam

284 4876 487 4930 ardens
520 4872 758 4928 studium
812 4886 994 4926 rerum
1030 4872 1405 4933 honestarum,
1449 4880 1682 4939 quantus
1712 4876 1868 4921 amor

283 4969 338 5023 in
369 4967 731 5023 rnouasticum
763 4964 1036 5031 ordinem,
1067 4978 1156 5019 res
1178 4962 1411 5031 denique
1439 4976 1627 5016 omnes
1654 4971 1710 5013 et
1742 4974 1867 5030 per-

283 5073 447 5113 sonas
482 5055 878 5111 ecclcsiastieas
907 5070 1066 5125 quam
1088 5054 1327 5122 impense
1355 5052 1680 5107 veneretur?
1712 5053 1866 5105 testis

284 5167 406 5220 quae
438 5151 581 5204 inest
614 5150 717 5219 ipsi
750 5149 1152 5204 modestissima
1196 5146 1477 5209 demissio,
1507 5156 1560 5200 et
1588 5144 1867 5215 populiri-

287 5253 372 5298 tas
426 5242 616 5297 hilaris
668 5241 735 5297 ad
787 5256 997 5295 omnes.
1048 5239 1402 5310 Benignitatis
1445 5254 1608 5309 porro
1656 5238 1774 5306 ejus
1813 5246 1867 5292 et

288 5334 618 5404 profusinnis
647 5334 700 5388 in
733 5334 983 5389 donando
1034 5333 1295 5387 indicium
1349 5332 1488 5386 idem
1538 5331 1868 5401 efl'ectusque

289 5434 394 5490 est,
432 5439 644 5479 summa
680 5433 972 5493 paupertas
1020 5438 1198 5476 rerum
1246 5436 1408 5488 supra
1462 5435 1616 5475 usum
1665 5419 1862 5472 redun-

292 5514 559 5580 dantium,
596 5529 758 5584 quam
809 5511 987 5568 sciens
1035 5511 1327 5581 volensque
1378 5512 1431 5564 in
1482 5524 1540 5563 se
1588 5509 1757 5563 ambit
1804 5523 1871 5565 ac

294 5614 545 5674 procurat
583 5605 960 5660 liberalissima
1010 5604 1296 5671 largitione
1335 5603 1599 5657 bonorum
1656 5601 1863 5655 talium.

296 5698 556 5765 Quocirca
606 5704 661 5753 et
700 5697 907 5768 justum
952 5705 1005 5751 ct
1042 5695 1351 5765 reipublicae
1403 5695 1532 5749 utile
1584 5694 1768 5762 fuerit,
1822 5694 1867 5749 si

297 5797 487 5858 praeter
512 5788 925 5861 appellationem
980 5788 1148 5859 patris
1183 5787 1438 5857 principis
1482 5786 1602 5840 aliis
1649 5786 1871 5857 insuper

302 5884 553 5952 congruis
585 5884 676 5939 tali
697 5881 947 5952 dignitati
976 5881 1143 5937 titulis
1176 5882 1477 5937 honoretur
1516 5886 1667 5935 tutor
1698 5879 1869 5947 impc-

1962 3321 2085 3362 sese
2115 3305 2476 3360 discordibus.
2515 3302 2649 3357 Nam
2689 3304 2744 3357 bi
2779 3303 3031 3371 quidem.
3064 3301 3298 3355 maxime
3347 3299 3551 3356 Lasca-

1966 3400 2096 3453 ridae
2128 3397 2499 3465 Tzamanturi,
2554 3413 2674 3452 cum
2705 3395 2904 3466 quibus
2936 3402 2991 3449 et
3024 3391 3332 3462 Nostongus
3379 3390 3551 3445 Geor-

1965 3492 2108 3563 gius,
2140 3490 2319 3545 vocari
2354 3498 2552 3544 etesse
2609 3487 2972 3558 Palaeolognm
3024 3490 3231 3554 patrem
3286 3482 3555 3554 principis

1963 3597 2105 3653 aegre
2137 3582 2261 3638 licet
2314 3597 2377 3637 ac
2427 3581 2683 3637 subiuviti
2741 3567 3155 3645 concedebant;
3191 3587 3367 3632 tamen
3417 3575 3554 3630 illud

1965 3676 2220 3730 tenebant
2247 3675 2521 3730 mordicus
2567 3673 2966 3744 prmfracteque
3002 3669 3405 3725 contendebant
3435 3666 3557 3722 suf-l

1971 3769 2132 3824 ﬁcere
2180 3770 2376 3824 debere
2425 3767 2590 3821 tutori
2642 3765 2991 3834 imperatoris
3045 3761 3555 3832 prmstantissimam

1966 3861 2283 3934 dignitatem
2331 3861 2483 3915 ducis
2513 3860 2738 3929 magni:
2772 3857 2947 3913 oﬂieio
2995 3852 3318 3920 vernregni
3367 3862 3421 3905 et
3460 3866 3554 3904 su-

1966 3952 2138 4021 premi
2174 3951 2396 4007 dominii
2449 3965 2643 4005 nomen
2680 3949 2912 4003 habente
2958 3946 3219 4015 insignire
3273 3945 3446 4012 ipsum
3496 3951 3581 3995 et.

1966 4043 2269 4100 istiusmodi
2299 4043 2600 4098 honoribus
2623 4041 2895 4111 privatum
2925 4038 3139 4093 modum
3162 4033 3552 4092 excedentibus

1966 4134 2184 4196 efferre.
2221 4132 2349 4204 quid
2395 4133 2598 4199 minus,
2637 4131 2872 4195 aiebant,
2921 4143 3080 4199 quam
3121 4126 3172 4180 in
3223 4125 3472 4178 maximis
3500 4132 3555 4178 et

1971 4226 2167 4282 summi
2224 4224 2484 4281 momenti
2555 4223 2719 4280 rebus
2778 4220 3124 4291 pracvaricari
3184 4219 3383 4272 fuerit?
3433 4232 3554 4272 esse

1967 4317 2110 4371 enim
2172 4314 2347 4384 regias
2393 4313 2647 4383 virgines,
2685 4326 2901 4366 sorores
2954 4305 3340 4375 imperatoris,
3388 4312 3551 4357 aetate

1967 4407 2078 4477 jam
2114 4406 2308 4470 nubili,
2333 4420 2453 4474 qum
2484 4404 2714 4457 honeste
2763 4417 2827 4456 ac
2870 4410 3235 4455 eonsentanee
3286 4395 3556 4449 natalibus

1968 4514 2154 4555 earum
2183 4497 2441 4552 collocari
2488 4495 2597 4565 76
2627 4508 2734 4547 non
2781 4500 3003 4561 possent
3049 4489 3153 4542 nisi
3197 4485 3330 4540 viris
3372 4484 3557 4539 excel-

1969 4593 2100 4647 lenti
2132 4591 2393 4661 dignitate
2423 4588 2759 4656 conspieuis,
2811 4599 2971 4653 quam
3007 4582 3321 4650 dignitatem
3356 4576 3437 4630 vel
3486 4589 3555 4628 ex

1972 4701 2032 4741 se
2056 4685 2168 4754 jam
2210 4684 2445 4737 habeant
2475 4682 2555 4736 vel
2586 4681 2639 4734 in
2668 4679 2790 4732 talis
2831 4673 3163 4729 matrimonii
3192 4672 3431 4726 favorem
3474 4683 3559 4721 ac-

1973 4776 2198 4844 cipiant.
2243 4773 2426 4841 Quare
2475 4773 2628 4827 hisce
2677 4768 2974 4824 servandos
3010 4765 3192 4819 titulos
3235 4765 3389 4829 istos,
3419 4776 3563 4830 quos

1973 4869 2193 4939 quidam
2220 4866 2579 4923 cumulandos
2613 4864 2668 4918 in
2698 4877 2860 4917 unum
2913 4859 3022 4925 iam
3054 4857 3266 4912 abunde
3299 4864 3562 4911 ornatum

1974 4960 2501 5025 contenderent,/ne
2529 4954 2810 5025 occupatis
2843 4956 3058 5007 eunetis
3100 4949 3358 5020 gradibus
3388 4944 3562 4999 subli-

1973 5049 2162 5106 mioris
2189 5046 2410 5102 honoris
2435 5046 2595 5112 regia:
2622 5043 2876 5113 virgines,
2911 5053 3013 5094 non
3054 5051 3119 5090 ex
3150 5044 3301 5105 patre
3348 5031 3555 5092 solum,

1975 5145 2067 5199 sed
2100 5157 2200 5195 avo
2228 5141 2417 5204 etiam,
2444 5152 2644 5209 proavo
2667 5145 2720 5190 et
2747 5136 2917 5189 abavo
2945 5127 3293 5201 regnantibus
3337 5125 3559 5195 genitaz,

1976 5233 2207 5304 deprimi
2235 5232 2438 5302 nuptiis
2471 5229 2636 5284 nimis
2667 5224 2968 5297 imparibus
3013 5232 3070 5277 et
3114 5220 3313 5274 misere
3355 5219 3410 5269 in
3459 5230 3556 5268 or-

1979 5329 2158 5384 dinem
2198 5340 2263 5379 ex
2299 5330 2531 5394 augusto
2566 5319 2785 5388 fastigio
2820 5315 2988 5385 redigi
3023 5326 3244 5368 necesse
3295 5307 3554 5363 habeant.

1977 5420 2020 5474 Ε
2068 5418 2348 5474 contrario
2381 5412 2794 5482 Strategopulus
2843 5407 3066 5462 Alexius
3115 5414 3172 5456 et
3218 5402 3387 5456 Philae
3437 5399 3556 5461 lilii,

1976 5527 2208 5581 cumque
2269 5509 2351 5563 his
2401 5505 2677 5570 Tornicii,
2739 5511 2795 5556 et
2847 5499 3083 5554 maxime
3142 5496 3234 5567 qui
3299 5493 3558 5550 exeaerati

1979 5602 2215 5666 fuerant,
2275 5607 2464 5668 utpote
2508 5596 2760 5664 injuriam
2818 5591 3005 5662 passi,
3054 5590 3304 5644 vindicta:
3348 5586 3556 5655 cupidi,

1983 5696 2293 5766 pariterque
2345 5706 2466 5747 cum
2504 5689 2624 5744 istis
2671 5687 2978 5757 quicunque
3022 5683 3345 5754 cognatione
3393 5690 3559 5751 atque

1980 5788 2236 5843 aﬂinitate
2269 5783 2518 5855 prasenti
2567 5791 2660 5836 aut
2688 5790 2902 5852 sperata
2953 5779 3018 5834 ad
3060 5775 3388 5844 Palmulugos
3436 5786 3563 5843 pro-

1981 5876 2303 5945 pendebant,
2350 5888 2545 5944 magno
2597 5873 2717 5929 nisu
2770 5870 3026 5927 aliorsum
3083 5883 3194 5924 rem
3244 5865 3558 5928 trahebant,
