3952 6566
379 456 474 518 ξ-ιι

1602 454 1917 517 GEORGII
1962 456 2367 517 racm'uen
2394 418 2459 514 EI

3394 388 3442 427 ἱ.

3526 458 3641 521 5ἷὲ

376 570 619 633 πάντων,
659 567 752 622 καὶ
785 566 926 621 οὕτω
958 566 1024 619 τὰ
1064 566 1366 637 πράγματα
1400 563 1755 619 διιῦύνεσθαι.
1794 566 1953 620 Παιδί
1983 580 2025 634 Α
2056 568 2257 631 ταῦτα;
2285 567 2425 621 Ἀλλ’
2450 569 2601 637 ὅμως
2637 566 2710 636 τῷ
2753 567 2829 640 μὴ
2871 569 3013 622 κατὰ
3047 570 3247 640 τρὲπον
3278 570 3555 641 ἄρχεσθαι
3594 574 3657 638 ἐξ

377 662 484 728 γὰρ
514 661 586 729 μὴ
612 658 708 729 οἴῳ
733 675 791 711 τε
821 658 1039 727 φρονεῖν
1063 656 1146 719 τίς
1172 656 1236 710 ἂν
1263 656 1358 710 ναὶ
1388 656 1669 728 προσέξεις
1695 658 1757 710 El
1783 656 1841 709 δὲ
1867 657 1959 709 καὶ

377 750 407 802 ὁ
432 748 545 801 ἀντ’
567 749 773 801 ἐκείνου
803 749 1160 816 προτάσεων
1187 746 1405 817 ἰδιώτης
1430 747 1536 815 εἴη.
1563 746 1716 798 οὐδὲν
1738 746 1797 817 τὸ
1821 749 1960 818 πρὸς

379 844 623 908 ἀνάγκην
664 840 852 893 πεῖθον
893 841 1123 894 ὲσεῖται.
1160 840 1442 909 Μιμητέον
1482 842 1661 893 τοίνυν
1702 840 1828 902 τοὺς
1869 840 1960 894 ἐπὶ

379 934 485 983 ab;
532 932 690 984 νεῶν.
731 932 959 985 Ἐκεῖνοι
1007 932 1118 1000 γὰρ
1166 931 1516 993 καθἀὑτοὺς
1562 930 1623 983 τὸ
1672 930 1961 1002 ὲλεύῧερον

380 1026 595 1091 Egon—:5;
628 1026 717 1076 καὶ
751 1025 1125 1094 αὑτόγνωμον,
1156 1024 1299 1077 κατὰ
1332 1022 1497 1076 πλοῦν
1528 1024 1827 1091 ἀναγκαῖον
1857 1025 1959 1092 ἑμ-

381 1116 576 1179 61ντες
620 1116 917 1186 ἐπίτροπον
959 1114 1317 1183 ἐκλεξάμενοι
1361 1115 1617 1183 ἐφιστᾶσι
1655 1116 1767 1178 τοῖς
1811 1113 1961 1182 σφῶν

382 1210 724 1276 πράγμασιν,
759 1202 804 1276 ᾧ
842 1208 905 1279 δὴ
947 1207 1042 1260 καὶ
1084 1206 1362 1258 πεὶθονται
1402 1204 1765 1268 δουλωθέντες
1807 1205 1962 1257 ἑκόν-

378 1315 490 1358 τες,
530 1300 581 1352 ei
612 1317 663 1353 τι
699 1299 887 1367 λέγοιο
926 1301 953 1352 ὁ
994 1297 1051 1351 δέ
1093 1296 1145 1364 γ’
1170 1296 1412 1349 ἀπειθῶν
1451 1295 1632 1349 δίδωσι
1670 1296 1768 1359 τὰς
1806 1295 1961 1358 δίκας

381 1391 538 1455 ἀξίας
573 1390 648 1454 ὼς
689 1393 768 1451 είς
810 1390 1075 1460 δεσπότην
1106 1391 1173 1444 τὰ
1218 1391 1452 1460 μέγιστα
1492 1387 1776 1457 ἁμαρτών.
1819 1385 1962 1455 Πλὴν

380 1483 439 1532 οὺ
476 1482 595 1534 καθ’
619 1483 815 1545 αὐτοὺς
844 1484 934 1535 καὶ
961 1483 1034 1546 ὼς
1059 1482 1157 1536 ἕνα
1184 1482 1400 1536 πάντων
1426 1480 1588 1534 αὑτὸν
1615 1476 1959 1540 καθιστᾶσιν,

383 1572 518 1625 ἀλλὰ
552 1550 685 1642 πρὸς
717 1574 776 1626 τὸ
812 1573 1133 1644 σεμνότερον
1167 1569 1728 1641 μετασχηματίζουσι,
1761 1571 1854 1622 καὶ
1883 1565 1961 1635 τῷ

380 1665 481 1731 τῆς
510 1665 901 1727 καταστάσεως
933 1664 1332 1735 μεγαλειοτὲρῳ
1362 1664 1423 1717 τὸ
1453 1663 1588 1732 πρὸς
1617 1659 1743 1722 τοὺς
1769 1658 1961 1724 ἄλλους

385 1756 479 1808 ἀπ’
507 1756 668 1809 αὑτοῦ
698 1757 929 1827 φοϐερὸν
958 1756 1349 1827 σχεδιάζουσιν.
1380 1755 1538 1810 Οὕτω
1564 1756 1660 1808 καὶ
1690 1754 1842 1815 πόλις
1867 1753 1961 1806 καὶ

383 1851 526 1921 ἀρχὴ
567 1851 966 1922 συσταθήσεται
1006 1852 1153 1904 πᾶσα
1188 1848 1279 1903 τοῦ
1318 1849 1622 1919 ἐφεστῶτος
1659 1846 1800 1916 ὑπὲρ
1834 1845 1958 1907 τοὺς

386 1941 614 2003 πολλοὺς
642 1941 814 2002 δντος.
847 1942 910 1993 Ol.
939 1939 998 1994 δέ
1024 1957 1089 2008 γε
1116 1940 1308 2009 τυξλοὶ
1338 1939 1431 1993 καὶ
1465 1936 1966 2007 ἡλευθεροστόμουν

386 2033 479 2082 καὶ
509 2032 1148 2103 παρρησιαστικώτερον.
1186 2051 1206 2084 ι
1243 2034 1328 2099 Μὴ
1361 2032 1449 2085 διὰ
1480 2031 1678 2102 βρέφος
1707 2028 1821 2094 ἕνῃ
1852 2029 1968 2081 ἐλε-

386 2139 505 2189 γον.
547 2145 564 2177 ι
606 2124 748 2196 ἀρχὴ
781 2126 1016 2196 τοσαύτη
1061 2126 1155 2178 καὶ
1186 2126 1317 2179 τόσα
1345 2126 1647 2196 πράγματα
1690 2122 1968 2177 κινδυνεύ.

390 2235 572 2282 σειαν,
606 2219 741 2272 ἀλλὰ
774 2219 1149 2273 καταστατέον
1181 2220 1258 2282 είς
1294 2218 1469 2289 ἀρχὴν
1501 2217 1568 2271 τὰ
1603 2217 1882 2288 παρόντα,
1917 2217 1966 2269 εἰ

393 2328 403 2377 ί
433 2308 553 2360 mo
582 2326 680 2379 μεν
717 2309 1092 2373 millesimum
1127 2313 1226 2364 οὐκ
1259 2311 1482 2379 οἴδαμεν
1515 2311 1571 2372 ὲς
1607 2310 1807 2362 ὁπόσον
1842 2306 1969 2373 δυσ-

391 2400 579 2471 τυχίας
624 2405 655 2471 ἡ
694 2403 804 2456 τῶν
836 2388 1125 2473 Ῥωμαίων
1167 2403 1439 2473 προῆλθεν
1480 2403 1647 2473 ἀρχὴ,
1690 2403 1830 2455 ὥστε
1872 2401 1968 2455 καὶ

390 2492 729 2563 ἀπελαθῆναι
766 2497 866 2565 τῆς
903 2496 1160 2566 πατρίδος
1203 2496 1298 2548 καὶ
1336 2498 1394 2548 τὸ
1434 2496 1541 2548 πᾶν
1575 2494 1841 2550 ἀπολέσαι
1881 2513 1967 2565 μι-

389 2587 544 2655 κροῖς
584 2588 1078 2659 περιγραφομὲνην
1118 2588 1320 2659 ὁρίοις,
1363 2588 1628 2659 βασιλέων
1669 2588 1839 2641 ὄντων
1874 2586 1967 2641 καὶ

387 2779 597 2833 aequum
630 2780 752 2822 esse
774 2767 989 2823 'aicntes
1018 2777 1068 2823 ct
1105 2767 1304 2838 alioqui
1334 2768 1483 2833 utile,
1516 2770 1691 2824 virum
1723 2768 1968 2840 proxime

388 2859 663 2911 admotum
700 2859 1038 2927 imperatori,
1074 2871 1129 2915 et
1165 2861 1335 2929 patris
1361 2875 1487 2930 erga
1537 2876 1661 2915 eum
1692 2869 1742 2916 et
1776 2875 1968 2916 neces-

387 2948 497 3001 sitn
520 2946 677 3001 licem
703 2956 980 3018 gerentem
1005 2956 1058 3002 et
1090 2964 1308 3016 nomen,
1354 2952 1612 3007 honorari
1651 2952 1807 3008 titulo
1842 2953 1968 3009 des-

388 3049 546 3108 potaa.
581 3038 709 3094 Cedi
736 3040 879 3094 enim
935 3041 1060 3097 huic
1092 3041 1160 3097 ab
1188 3042 1441 3099 omnibus
1478 3045 1795 3110 convenire,
1850 3059 1970 3114 qu£

387 3132 627 3187 omnium
656 3144 851 3197 praztcr
879 3133 1177 3203 principem
1228 3136 1318 3190 uni
1368 3136 1635 3207 subjectio
1687 3138 1793 3192 isto
1845 3138 1972 3192 des-

2064 660 2320 724 εὖπλοίας
2349 660 2431 715 ὅτι
2461 658 2781 730 θαυμαστῆς
2810 661 3174 728 ἐναυάγησαν.
3207 662 3270 729 Ei
3298 662 3429 729 γοῦν
3456 662 3538 733 τῷ
3580 664 3658 736 μὴ

2062 751 2242 814 καλῶς
2267 752 2333 813 -ὲς
2369 750 2427 804 τὸ
2462 751 2689 821 exples;
2726 751 2988 820 ἄρχεσθαι
3023 753 3155 806 τόσα
3192 753 3389 823 συνέϐη
3423 754 3488 808 τὰ
3527 755 3661 809 δυσ-

2063 845 2235 913 χερῆ,
2285 843 2345 895 τὸ
2398 843 2473 912 μὴ
2519 842 2658 903 ὅλως
2705 842 2970 912 ἄρχεσθαι
3023 844 3190 897 πόσον
3239 845 3321 908 είς
3366 846 3657 914 κίνδυνον;

2073 934 2235 1002 Ἡμῖν
2271 933 2370 1002 μὲν
2398 927 2491 986 οὖν
2521 932 2685 985 καλδν
2721 932 2820 1000 μὲν
2854 934 2946 985 καὶ
2978 932 3039 985 τὸ
3073 934 3210 1004 πρὸς
3238 935 3339 1005 τὴν
3372 934 3659 1006 βασιλείαν

2065 1024 2255 1076 πιστὸν
2282 1022 2505 1093 ἥγηται,
2534 1020 2699 1074 καλὸν
2727 1020 2783 1074 δὲ
2816 1022 2913 1075 καὶ
2942 1021 3002 1073 τὸ
3029 1025 3158 1085 τοῖς
3171 1024 3355 1093 ὅρκοις
3386 1026 3661 1095 ἐμμένον-

2060 1131 2160 1177 τας
2206 1112 2515 1177 σώζεσθαι·
2566 1113 2672 1166 κᾶν
2716 1113 2827 1183 ἀπῇ
2871 1114 2931 1166 τὸ
2975 1113 3266 1178 σώζεσθαι,
3317 1115 3550 1184 μάταιον
3595 1117 3660 1170 τδ

2063 1206 2273 1262 πιστόν.
2310 1205 2466 1258 Κατὰ
2496 1204 2549 1257 τί
2583 1204 2639 1258 δὶ
2674 1205 2770 1258 καὶ
2807 1204 3132 1274 λυμανεῖται
3165 1209 3233 1275 τῇ
3277 1207 3528 1278 βασιλείᾳ
3552 1248 3568 1270 ,
3608 1209 3659 1261 εί

2063 1300 2361 1368 προσέσται
2390 1298 2466 1367 τῷ
2499 1299 2793 1369 φροντιστῇ
2823 1296 2883 1350 τὸ
2912 1297 3162 1367 ἁξίωμα;
3200 1298 3400 1368 μᾶλλον
3431 1300 3531 1366 μὲν
3561 1298 3659 1351 οὖν

2063 1392 2159 1446 καὶ
2188 1390 2423 1459 συνοίσει
2453 1390 2522 1443 τὰ
2553 1390 2803 1443 πλεῖστα.
2833 1392 3045 1460 ὀνομα
3076 1391 3184 1459 γὰρ
3213 1388 3393 1458 τίμιον
3426 1389 3656 1461 περιθέ-

2067 1500 2229 1554 μενος
2270 1481 2357 1535 ἐπ’
2384 1481 2565 1535 αὐτῶν
2605 1481 2713 1535 τῶν
2756 1481 3099 1550 πραγμάτιον
3142 1484 3407 1550 κρατυνεῖ
3449 1481 3657 1551 μᾶλλον

2061 1573 2161 1645 τὴν
2187 1573 2361 1643 ἀρχὴν
2387 1571 2467 1643 τῷ
2493 1572 2787 1644 κρατοῦντι
2812 1588 2825 1603 ·
2856 1575 2919 1626 ἐκ
2949 1573 3059 1642 γὰρ
3088 1573 3282 1628 πολλοῦ
3310 1574 3406 1627 τοῦ
3436 1591 3503 1628 πε
3515 1576 3660 1643 916v-

2062 1682 2153 1727 τος
2182 1664 2448 1734 πρέσϐεσι
2479 1665 2578 1734 μὲν
2605 1665 2965 1736 χρηματίσοι,
2990 1666 3138 1729 λαοῖς
3163 1667 3208 1720 δ’
3231 1666 3507 1737 ὁμιλήσοι,
3539 1671 3661 1720 in:-

2062 1756 2212 1820 τάξοι
2243 1756 2298 1809 δὲ
2331 1755 2696 1828 στρατιώταις
2723 1758 2816 1810 καὶ
2846 1759 3096 1829 ἄρχουσι,
3127 1760 3221 1812 καὶ
3248 1759 3401 1812 οὐδὲν
3431 1760 3459 1812 ὅ
3490 1777 3545 1812 τι
3580 1761 3656 1829 μὴ

2063 1849 2140 1913 ὡς
2168 1848 2316 1911 είκδς
2341 1848 2698 1925 καταστήσω,
2726 1848 3165 1920 δυσωπουμένων
3188 1850 3249 1904 τὸ
3275 1851 3493 1919 ἀξίωμα
3524 1827 3663 1905 πὰνε

2067 1958 2197 1995 των.
2230 1940 2295 1994 El
2329 1940 2388 1994 δέ
2419 1958 2505 2003 τις
2533 1942 2647 2003 τοῖς
2677 1938 2739 2005 ἐξ
2768 1942 2884 1994 ῖσου
2916 1942 3019 1995 κᾶν
3051 1941 3210 2013 ἄρχοι
3247 1943 3657 2013 προσφέροιτο,

2068 2030 2129 2086 οὗ
2163 2034 2343 2086 πείσει
2375 2033 2579 2105 ῥαδίως
2607 2035 2635 2089 ὃ
2665 2052 2719 2088 τι
2750 2034 3107 2103 προστάσσοι,
3144 2034 3309 2105 μηδὲν
3337 2034 3396 2097 ἐξ
3424 2035 3661 2104 ὑπερτέ-

2070 2137 2172 2192 ρας
2218 2122 2404 2192 χειρὸς
2474 2123 2748 2192 ἐπιτιμῶν
2795 2126 2906 2187 τοῖς
2957 2123 3391 2195 ἀνθισταμένοις.
3447 2123 3511 2197 [Ρ
3566 2122 3660 2196 46]

2079 2212 2369 2282 Ῥωμαίων
2404 2213 2461 2268 δὲ
2500 2214 2776 2268 πολιτείαν
2808 2218 2856 2269 εξ
2892 2216 3066 2281 ἄλλως
3100 2216 3131 2285 ἥ
3172 2217 3311 2270 κατὰ
3352 2217 3660 2288 μοναρχίαν

2066 2304 2291 2359 διοικεῖν
2323 2304 2497 2360 ἐθέλοι
2528 2324 2642 2373 τις,
2675 2307 3053 2379 Θαυμάζοιμεν
3083 2308 3170 2364 ἄν.
3205 2310 3421 2381 ’Ᾱμέλει
3449 2327 3531 2362 τοι
3564 2310 3660 2363 καὶ

2070 2397 2422 2469 προηγείσθω
2452 2398 2573 2467 μὲν,
2598 2399 2701 2453 κᾶν
2723 2399 2917 2471 ἀτελὴς
2943 2402 2971 2454 ὁ
2996 2402 3216 2468 κςατῶν
3239 2402 3343 2471 εἴη,
3370 2402 3427 2453 τὸ
3458 2420 3589 2471 μονα
3603 2420 3662 2472 ρ-

2070 2494 2185 2561 χεῖν
2207 2508 2222 2521 ⁸
2256 2493 2413 2560 μενεῖ
2443 2492 2552 2561 γὰρ
2585 2492 2682 2544 καὶ
2712 2490 2883 2552 οὕτω,
2919 2493 3022 2544 κᾶν
3053 2492 3271 2561 δἰκοίη,
3305 2493 3364 2543 τὺ
3400 2491 3656 2555 σύνηθες.

2083 2583 2573 2657 Ἀρισταρχήσεται
2604 2584 2660 2638 δὲ
2696 2583 2816 2639 κατ’
2843 2585 3089 2656 ἀνάγκην
3121 2583 3181 2637 τὸ
3212 2585 3333 2638 καθ’
3362 2586 3509 2655 ἡμᾶς
3548 2604 3656 2654 μα-

2072 2764 2367 2833 scriptumi
2399 2763 2462 2819 Et
2492 2764 2606 2819 hmc
2639 2762 2954 2819 acciderunt
2994 2764 3408 2832 imperatoribus
3439 2765 3510 2818 ibi
3558 2767 3655 2818 do-

2074 2840 2434 2911 minantibus.
2462 2856 2565 2912 Sed
2611 2858 2752 2925 quod
2781 2857 2813 2910 ii
2848 2866 2993 2911 reete
3021 2871 3124 2910 non
3172 2858 3558 2926 gubernarent,
3593 2873 3655 2909 ex

2073 2963 2284 3003 summa
2319 2946 2583 3002 felicitate
2616 2948 2976 3019 navigationis
3017 2946 3067 3001 in
3120 2948 3378 3003 miserqu
3432 2948 3655 3001 naufra-

2074 3038 2219 3108 gium
2274 3039 2595 3094 decidimus.
2644 3038 2700 3093 Si
2756 3053 2886 3108 ergo
2930 3046 3077 3091 tanta
3138 3039 3193 3092 in
3233 3053 3334 3094 nos
3375 3038 3656 3093 Calan-itas

2078 3130 2324 3187 incubuit
2376 3146 2442 3186 ex
2491 3145 2557 3186 eo
2588 3131 2732 3199 quod
2780 3146 2890 3185 non
2942 3131 3080 3185 bene
3133 3133 3475 3197 regebantur,
3528 3131 3654 3198 quid

390 3234 527 3291 pone
574 3224 820 3293 signatur
877 3226 1158 3282 vocabulo.
1215 3226 1308 3281 Sic
1355 3243 1573 3283 cursum
1628 3228 1855 3297 publica}
1892 3230 1968 3283 rei
1996 3264 2041 3325 ο
2075 3236 2183 3276 non
2232 3221 2527 3275 timendum
2587 3219 2745 3276 nobis
2799 3221 3063 3276 malorum
3120 3220 3298 3287 inierit,
3352 3222 3395 3277 si
3438 3223 3659 3277 omnino

390 3330 701 3385 prosperum
759 3315 895 3371 fore.
951 3316 1126 3373 Puero
1177 3318 1324 3374 enim
1378 3319 1590 3376 ratione
1647 3320 1824 3376 adhuc
1875 3335 1970 3390 per

389 3411 602 3458 aetatem
627 3407 702 3461 uti
738 3423 843 3461 non
873 3410 1072 3465 valenti
1103 3412 1227 3482 quis
1252 3410 1650 3468 obaudiendum
1685 3415 1873 3484 putet?
1904 3416 1963 3470 Si

389 3510 520 3553 vero
544 3500 633 3566 qui
667 3500 785 3569 ejus
810 3501 928 3556 vice
963 3501 1193 3572 imperat
1245 3504 1495 3575 privatus
1528 3505 1620 3572 sit,
1673 3522 1832 3563 nemo
1869 3509 1973 3564 erit

390 3587 483 3656 qui
518 3603 621 3641 non
661 3598 813 3659 putet
861 3591 1018 3661 plane
1071 3594 1421 3650 arbitrarium
1470 3611 1680 3667 parere,
1724 3598 1868 3654 nulla
1918 3598 1971 3654 vi

393 3677 616 3747 majoris
674 3684 1017 3738 auctoritatis
1070 3683 1400 3754 obsequendi
1440 3689 1818 3743 necessitatem
1870 3689 1975 3743 im-

394 3778 645 3833 ponente.
671 3768 963 3826 lmilaudos
994 3772 1153 3842 igitur
1179 3789 1301 3830 esse
1326 3785 1570 3831 vectores
1590 3777 1643 3832 in
1676 3780 1805 3832 navi
1846 3795 1861 3832 :
1895 3778 1974 3833 illi

392 3860 537 3914 enim
590 3873 869 3932 utcunque
941 3865 1256 3933 singillatim
1315 3866 1475 3923 liberi
1528 3878 1582 3923 et
1637 3871 1722 3927 sui
1774 3871 1977 3940 quique

389 3953 551 4019 juris.
588 3955 729 4022 quod
753 3955 1004 4011 erunibus
1031 3958 1292 4027 expedire
1343 3962 1706 4016 communiter
1738 3962 1977 4017 sentiant

391 4046 460 4098 ad
498 4044 656 4099 linem
686 4048 896 4103 cunctis
930 4063 1081 4118 mque
1106 4050 1443 4118 propositum
1487 4051 1803 4108 l'ortunandi
1848 4069 1973 4109 cur-

392 4152 488 4191 ειις
555 4137 610 4191 in
660 4139 815 4209 cujus
870 4141 1046 4196 aleam
1099 4158 1158 4198 se
1219 4143 1505 4210 dederunt,
1560 4146 1975 4216 gubernatorem

392 4229 603 4297 eligunt
631 4230 841 4301 sibique
876 4233 1194 4302 praeficiunt,
1221 4236 1376 4304 cujus
1405 4248 1459 4292 et
1487 4235 1655 4305 jussis
1681 4249 1737 4294 et
1760 4240 1977 4295 nutibus

393 4322 772 4391 obtemperant
803 4327 1065 4380 servitute
1092 4327 1428 4396 voluntaria;
1470 4326 1563 4401 qui
1608 4345 1738 4386 vero
1786 4345 1977 4388 contra

394 4412 516 4482 ejus
580 4415 894 4485 prmscripta
952 4416 1164 4485 fecerit,
1224 4420 1418 4491 dignas
1478 4422 1571 4477 dat
1625 4437 1854 4492 pmnas.
1922 4434 1979 4479 ut

396 4504 488 4573 qui
550 4506 784 4559 maxime
817 4505 868 4560 iu
895 4507 1173 4563 dominum
1202 4512 1529 4580 peccaverit.
1577 4512 1839 4568 Caeterum
1873 4529 1976 4567 non

2074 3323 2180 3364 non
2237 3309 2518 3379 r'egiumr?
2545 3308 2786 3366 Honesta
2822 3312 2943 3367 sine
2979 3312 3141 3367 dubio
3176 3322 3228 3367 et
3259 3312 3522 3368 laudanda
3571 3327 3656 3368 res

2074 3399 2304 3456 habetur
2359 3401 2492 3456 fides
2548 3401 2599 3455 lu
2657 3402 3017 3473 principatum
3065 3421 3079 3458 :
3141 3403 3238 3458 sed
3292 3412 3402 3456 tum
3442 3404 3654 3458 demum

2076 3495 2301 3550 hauesta
2336 3507 2461 3548 cum
2516 3493 2664 3548 salus
2694 3493 2745 3547 iu
2776 3492 2954 3561 jurata
3008 3494 3112 3549 ﬁde
3155 3496 3509 3566 perstantiuni
3537 3495 3658 3550 inde

2075 3585 2449 3656 consequitur.
2504 3585 2575 3640 At
2633 3586 2676 3641 si
2727 3583 2936 3641 fructus
2995 3585 3115 3640 lidei
3182 3590 3327 3641 satus
3387 3586 3653 3647 abfuerit,

2076 3679 2244 3733 stulta
2289 3678 2424 3734 lides
2464 3688 2564 3734 est.
2613 3677 2752 3745 Quid
2784 3688 2963 3732 autem
2999 3678 3210 3731 nocebit
3237 3678 3581 3746 principatui,
3614 3676 3657 3729 si

2077 3771 2194 3843 ejus
2223 3771 2459 3826 curatori
2491 3771 2791 3826 accesserit
2829 3769 3105 3840 dignitas?
3144 3770 3286 3837 Quin
3321 3772 3500 3839 potius
3537 3770 3660 3824 inde

2073 3861 2356 3933 juvabitur
2388 3860 2701 3931 plurimum.
2749 3859 2979 3915 Nomine
3024 3862 3220 3930 quippe
3248 3860 3542 3915 Venerabili
3575 3875 3660 3912 as-

2078 3962 2294 4023 sumpto
2327 3949 2444 4019 ejus
2471 3951 2881 4006 administrator
2908 3953 3079 4020 magis
3106 3950 3348 4005 lirmabit
3378 3951 3655 4020 imperium
3684 3952 3689 3955 ’

2078 4045 2333 4118 principi.
2376 4044 2466 4100 Sic
2502 4047 2647 4100 enim
2698 4045 3196 4115 incomparabiliter
3251 4045 3658 4100 convenientius

2077 4146 2131 4195 et
2168 4138 2437 4193 elficacius
2465 4137 2671 4206 l-gatos
2716 4139 2917 4205 amliet,
2969 4138 3219 4193 tractabit
3253 4120 3377 4194 cuni
3430 4138 3656 4208 populis,

2080 4228 2341 4285 militibus
2384 4244 2446 4285 ac
2479 4230 2589 4300 78
2626 4230 3031 4299 magistratibus
3082 4231 3398 4300 pruascribet
3448 4230 3586 4300 quod
3628 4244 3657 4282 e

2081 4336 2141 4376 rc
2174 4320 2358 4386 l'uerit,
2392 4321 2523 4376 nihil
2555 4337 2660 4377 non
2691 4325 2922 4393 denique
2948 4334 3092 4377 recte
3120 4323 3436 4388 constituet,
3470 4337 3656 4376 vereu-

2083 4412 2228 4468 tihus
2271 4413 2587 4483 dignitatem
2629 4417 2861 4469 cunctis.
2897 4415 2953 4469 Si
2988 4430 3114 4470 vero
3144 4417 3267 4486 quis
3296 4415 3457 4469 simul
3491 4415 3657 4484 impe-

2083 4515 2185 4567 ret,
2216 4505 2377 4560 simul
2411 4507 2461 4559 iu
2495 4506 2612 4576 pari
2640 4522 2761 4561 cum
2801 4506 3329 4561 subditis-consistat
3362 4508 3548 4577 gradu.
3580 4520 3656 4558 ua:

395 4611 519 4650 cum
542 4598 625 4651 sic
649 4598 959 4664 instituunt,
991 4609 1049 4654 ut
1074 4616 1138 4656 eo
1164 4578 1453 4672 provectus
1477 4603 1672 4660 similis
1704 4604 1977 4659 nihilomi.
2009 4613 2055 4671 β
2084 4598 2131 4652 is
2176 4600 2317 4652 haud
2370 4607 2693 4667 assequetu'r
2724 4598 2885 4654 facile
2920 4608 2979 4653 ut
3013 4578 3303 4653 mandetur
3327 4595 3653 4653 exsccutiuni

401 4704 503 4743 tum
557 4689 810 4759 deinceps
849 4705 970 4744 cum
1012 4694 1226 4748 caeteris
1279 4694 1444 4750 sortis
1483 4695 1575 4757 sit.
1627 4694 1722 4750 sed
1764 4696 1831 4751 ad
1884 4712 1976 4751 ve-

406 4779 746 4835 nerationem
788 4781 895 4851 77
930 4784 1159 4851 quodam
1200 4783 1347 4840 illum
1380 4786 1565 4841 habitu
1613 4786 1853 4843 induunt.
1899 4790 1983 4841 in-

400 4870 654 4941 signioris
683 4874 1055 4941 auctoritatis;
1089 4884 1144 4930 et
1173 4884 1230 4929 ut
1249 4890 1372 4930 eum
1399 4875 1637 4932 universi
1669 4889 1979 4943 vereantur,

400 4966 634 5036 quodam
667 4966 767 5035 ipsi
798 4967 940 5021 velut
974 4972 1236 5036 impresso
1263 4970 1459 5025 minaci
1495 4970 1814 5025 charactere
1863 4987 1983 5025 ma-

398 5058 609 5128 jestatis
663 5071 1043 5128 assequuntur.
1081 5061 1171 5115 Sic
1205 5071 1259 5116 et
1289 5062 1442 5128 urbs,
1473 5071 1526 5117 et
1574 5064 1860 5132 imperium
1905 5073 1985 5116 10-

406 5159 515 5203 tum
572 5162 722 5205 recte
764 5152 1130 5219 ordinabitur,
1170 5153 1215 5209 si
1265 5153 1358 5222 Qui
1408 5164 1602 5223 praeest
1651 5170 1776 5208 vere
1822 5170 1984 5222 supra

401 5237 799 5294 multitudinem
874 5240 1131 5294 emineat.
1199 5241 1413 5297 Fortior
1474 5243 1804 5314 liberiorque
1862 5254 1981 5298 erat

404 5347 670 5387 caacorum
700 5330 894 5396 oratio,
931 5349 950 5383 ι
979 5330 1062 5388 Ne
1089 5342 1308 5403 propter
1351 5335 1631 5405 puerulum
1671 5352 1695 5390 ι
1729 5336 1985 5391 aientium

409 5442 429 5476 ι
486 5430 694 5477 tantum
749 5423 1036 5492 imperium
1095 5433 1279 5495 totque
1311 5440 1397 5480 res
1450 5426 1843 5495 periclitentur.
1881 5425 1987 5482 Sed

400 5514 816 5570 constituendus
852 5517 904 5568 in
950 5515 1061 5570 veri
1109 5516 1335 5571 formam
1367 5518 1579 5588 imperii
1627 5534 1870 5589 praesens
1903 5535 1989 5575 re-

406 5622 524 5662 rum
564 5616 758 5674 status,
792 5609 836 5662 si
863 5608 994 5661 saivi
1026 5623 1145 5663 esse
1177 5609 1442 5665 volumus.
1481 5612 1564 5666 An
1590 5610 1901 5680 ignoramus
1937 5613 1989 5665 in

410 5710 668 5769 quantam
724 5698 1093 5755 infelicitatem
1158 5700 1462 5757 Romanum
1520 5704 1805 5772 imperium
1869 5718 1991 5770 pro-

404 5788 613 5859 lapsum
654 5794 745 5859 sit,
781 5794 916 5848 adeo
962 5806 1016 5847 ut
1064 5799 1236 5864 patria
1284 5799 1397 5867 ipsa
1438 5798 1898 5852 cxterminarctur
1937 5808 1994 5852 et

409 5895 590 5937 rerum
643 5897 907 5939 summam
952 5887 1201 5955 perderet
1237 5888 1482 5958 angttStis
1519 5887 1713 5946 ﬁnibus
1756 5890 1991 5945 circum-

2082 4689 2223 4761 quod
2247 4690 2466 4761 jusserit
2490 4708 2505 4758 ;
2533 4691 2731 4761 quippe
2761 4693 2916 4762 cujus
2948 4707 3138 4746 manus
3166 4692 3449 4762 principali
3482 4704 3658 4746 aucto-

2083 4780 2244 4836 ritate
2277 4784 2417 4836 nuda
2446 4790 2500 4837 et
2529 4783 2936 4852 quodammodo
2975 4784 3195 4837 inermis
3225 4783 3501 4838 vindicare
3532 4796 3656 4837 con-

2088 4873 2380 4927 tumaciam
2410 4876 2663 4929 mandata
2697 4874 3070 4943 spernentium
3108 4882 3362 4943 nequeat.
3406 4871 3658 4928 Miremur

2084 4976 2264 5019 autent
2320 4965 2364 5019 si
2401 4966 2523 5035 quis
2569 4966 2869 5036 Speraverit
2926 4965 3227 5020 Romanam
3278 4965 3658 5034 rempublicam

2087 5058 2191 5113 alio
2245 5077 2403 5124 quam
2445 5061 2789 5114 monarchico
2837 5059 3249 5128 gubernationis
3309 5075 3507 5129 genere
3554 5058 3659 5127 regi

2086 5167 2267 5223 posse.
2305 5151 2471 5221 Igitur
2519 5161 2644 5206 ante
2691 5152 2870 5205 omnia
2914 5165 3009 5205 sua
3060 5165 3268 5204 summa
3309 5162 3663 5205 conservetur

2088 5243 2385 5298 auctoritas
2418 5244 2768 5309 monarchim,
2810 5244 2910 5297 etsi
2948 5242 3038 5310 qni
3072 5256 3194 5295 eam
3233 5240 3448 5295 interim
3481 5241 3656 5322 admi-

2090 5339 2282 5390 nistrat
2310 5337 2470 5392 homo
2503 5334 2745 5405 privatus
2772 5334 2839 5389 sit
2878 5351 2894 5388 :
2927 5335 3018 5389 illo
3046 5333 3189 5389 enim
3223 5332 3347 5386 dum
3379 5330 3662 5402 principali

2092 5425 2337 5499 iungitur
2392 5442 2656 5492 munere,
2717 5427 3103 5481 convenienter
3159 5434 3373 5491 ornato,
3427 5425 3665 5477 manebit

2090 5537 2257 5592 regno
2298 5531 2561 5576 consueta
2613 5535 2712 5576 sua
2766 5519 2997 5589 species.
3042 5517 3279 5589 Populus
3328 5528 3508 5572 autem
3541 5518 3668 5569 obc-

2091 5613 2307 5667 dieuter
2353 5612 2583 5681 parebit,
2640 5613 2730 5665 uni
2759 5611 2983 5680 obsequi
3031 5611 3241 5677 solitus,
3276 5594 3665 5678 unoxprael‘ecto

2092 5708 2326 5771 caeteris,
2358 5705 2447 5774 qui
2479 5704 2639 5759 simul
2680 5711 2948 5773 pmestate
2991 5702 3298 5773 przevaleat,
3339 5702 3499 5756 simul
3528 5716 3662 5768 ιιι-ερ-

2094 5797 2256 5854 cellat
2290 5798 2569 5869 dignitate.
2598 5794 2700 5863 Oui
2731 5796 2947 5866 quidem
2994 5810 3061 5849 eo
3106 5792 3250 5863 quod
3286 5809 3424 5848 unus
3456 5793 3525 5846 sit
3552 5808 3661 5844 mo-

2097 5889 2332 5945 narchia:
2366 5888 2652 5959 imaginem
2682 5884 2895 5959 praefert
2927 5904 2939 5940 :
2967 5884 3107 5954 quod
3136 5893 3316 5941 autem
3353 5899 3414 5939 cx
3446 5884 3662 5952 privata:
