  <div class='ocr_page' id='page_1' title='image "/cluster/home/n/w/nwhite01/storage/ocr_20150623/143/hvd.32044019208321/277.png"; bbox 0 0 3952 6524; ppageno 0'>
   <div class='ocr_carea' id='block_1_1' title="bbox 523 384 628 445">
    <p class='ocr_par' dir='ltr' id='par_1_1' title="bbox 523 384 628 445">
     <span class='ocr_line' id='line_1_1' title="bbox 523 384 628 445; baseline -0.038 1"><span class='ocrx_word' id='word_1_1' title='bbox 523 384 628 445; x_wconf 67' lang='lat' dir='ltr'><strong>{s15</strong></span> 
     </span>
    </p>
   </div>
   <div class='ocr_carea' id='block_1_2' title="bbox 1743 374 3730 457">
    <p class='ocr_par' dir='ltr' id='par_1_2' title="bbox 1743 374 3730 457">
     <span class='ocr_line' id='line_1_2' title="bbox 1743 374 3730 457; baseline 0.006 -14"><span class='ocrx_word' id='word_1_2' title='bbox 1743 374 2059 443; x_wconf 70' lang='lat' dir='ltr'><strong>GEORGII</strong></span> <span class='ocrx_word' id='word_1_3' title='bbox 2104 374 2589 444; x_wconf 51' lang='lat' dir='ltr'><strong>l‘ACliYNiEllﬁ</strong></span> <span class='ocrx_word' id='word_1_4' title='bbox 3474 396 3508 425; x_wconf 67' lang='grc' dir='ltr'><strong>δ</strong></span> <span class='ocrx_word' id='word_1_5' title='bbox 3644 386 3730 457; x_wconf 62' lang='lat'><strong>516</strong></span> 
     </span>
    </p>
   </div>
   <div class='ocr_carea' id='block_1_3' title="bbox 522 494 3733 579">
    <p class='ocr_par' dir='ltr' id='par_1_3' title="bbox 522 494 3733 579">
     <span class='ocr_line' id='line_1_3' title="bbox 522 494 3733 579; baseline 0.002 -31"><span class='ocrx_word' id='word_1_6' title='bbox 522 499 651 548; x_wconf 76' lang='grc' dir='ltr'>τίκα</span> <span class='ocrx_word' id='word_1_7' title='bbox 680 494 1041 547; x_wconf 71' lang='grc' dir='ltr'><strong>κινδυνεύσων</strong></span> <span class='ocrx_word' id='word_1_8' title='bbox 1069 496 1115 546; x_wconf 83' lang='grc' dir='ltr'>εἰ</span> <span class='ocrx_word' id='word_1_9' title='bbox 1147 495 1223 565; x_wconf 74' lang='grc' dir='ltr'>μὴ</span> <span class='ocrx_word' id='word_1_10' title='bbox 1258 494 1531 568; x_wconf 79' lang='grc' dir='ltr'>προσέχοι.</span> <span class='ocrx_word' id='word_1_11' title='bbox 1601 494 1661 547; x_wconf 85' lang='grc' dir='ltr'><strong>ὐ</strong></span> <span class='ocrx_word' id='word_1_12' title='bbox 1703 495 1759 548; x_wconf 82' lang='grc' dir='ltr'>δὲ</span> <span class='ocrx_word' id='word_1_13' title='bbox 1812 494 2099 563; x_wconf 70' lang='grc' dir='ltr'><strong>φυλάττειν</strong></span> <span class='ocrx_word' id='word_1_14' title='bbox 2129 501 2175 557; x_wconf 76' lang='grc' dir='ltr'><strong>Α</strong></span> <span class='ocrx_word' id='word_1_15' title='bbox 2203 494 2466 567; x_wconf 82' lang='grc' dir='ltr'>δεσπότης</span> <span class='ocrx_word' id='word_1_16' title='bbox 2495 498 2587 550; x_wconf 78' lang='grc' dir='ltr'>καὶ</span> <span class='ocrx_word' id='word_1_17' title='bbox 2618 495 2710 552; x_wconf 79' lang='grc' dir='ltr'>τοῦ</span> <span class='ocrx_word' id='word_1_18' title='bbox 2741 496 2988 567; x_wconf 74' lang='grc' dir='ltr'><strong>μείζονος</strong></span> <span class='ocrx_word' id='word_1_19' title='bbox 3044 495 3384 569; x_wconf 63' lang='grc' dir='ltr'>ἐπιλήψαιτο.</span> <span class='ocrx_word' id='word_1_20' title='bbox 3442 501 3597 554; x_wconf 64' lang='grc' dir='ltr'>Αὑτὸν</span> <span class='ocrx_word' id='word_1_21' title='bbox 3645 509 3733 579; x_wconf 72' lang='grc' dir='ltr'>γὰρ</span> 
     </span>
    </p>
   </div>
   <div class='ocr_carea' id='block_1_4' title="bbox 526 585 2100 655">
    <p class='ocr_par' dir='ltr' id='par_1_4' title="bbox 526 585 2100 655">
     <span class='ocr_line' id='line_1_4' title="bbox 526 585 2100 655; baseline -0.003 -15"><span class='ocrx_word' id='word_1_22' title='bbox 526 587 683 640; x_wconf 82' lang='grc' dir='ltr'>ἄλλον</span> <span class='ocrx_word' id='word_1_23' title='bbox 714 588 1055 655; x_wconf 74' lang='grc' dir='ltr'>ἐπιτραπεὶς,</span> <span class='ocrx_word' id='word_1_24' title='bbox 1095 586 1257 649; x_wconf 64' lang='grc' dir='ltr'>αὐτὸς</span> <span class='ocrx_word' id='word_1_25' title='bbox 1295 585 1524 650; x_wconf 74' lang='grc' dir='ltr'>πολλοὺς</span> <span class='ocrx_word' id='word_1_26' title='bbox 1554 585 1973 655; x_wconf 76' lang='grc' dir='ltr'><strong>φυλαττόμενος,</strong></span> <span class='ocrx_word' id='word_1_27' title='bbox 1999 586 2100 636; x_wconf 86' lang='grc' dir='ltr'>οὐκ</span> 
     </span>
    </p>
   </div>
   <div class='ocr_carea' id='block_1_5' title="bbox 524 675 2100 750">
    <p class='ocr_par' dir='ltr' id='par_1_5' title="bbox 524 675 2100 750">
     <span class='ocr_line' id='line_1_5' title="bbox 524 675 2100 750; baseline -0.001 -21"><span class='ocrx_word' id='word_1_28' title='bbox 524 679 761 747; x_wconf 71' lang='grc' dir='ltr'>ἔμμονον</span> <span class='ocrx_word' id='word_1_29' title='bbox 798 675 912 741; x_wconf 76' lang='grc' dir='ltr'>ἕξει</span> <span class='ocrx_word' id='word_1_30' title='bbox 945 678 1022 748; x_wconf 83' lang='grc' dir='ltr'>τῷ</span> <span class='ocrx_word' id='word_1_31' title='bbox 1074 678 1461 750; x_wconf 76' lang='grc' dir='ltr'><strong>φυλαττομένῳ</strong></span> <span class='ocrx_word' id='word_1_32' title='bbox 1490 678 1588 749; x_wconf 81' lang='grc' dir='ltr'><strong>τὴν</strong></span> <span class='ocrx_word' id='word_1_33' title='bbox 1645 675 1918 749; x_wconf 86' lang='grc' dir='ltr'>ἀσχολίαν,</span> <span class='ocrx_word' id='word_1_34' title='bbox 1972 677 2100 747; x_wconf 71' lang='grc' dir='ltr'>περὶ</span> 
     </span>
    </p>
   </div>
   <div class='ocr_carea' id='block_1_6' title="bbox 523 768 2101 840">
    <p class='ocr_par' dir='ltr' id='par_1_6' title="bbox 523 768 2101 840">
     <span class='ocr_line' id='line_1_6' title="bbox 523 768 2101 840; baseline -0.001 -19"><span class='ocrx_word' id='word_1_35' title='bbox 523 771 698 840; x_wconf 81' lang='grc' dir='ltr'>ἑαυτῷ</span> <span class='ocrx_word' id='word_1_36' title='bbox 722 770 974 833; x_wconf 77' lang='grc' dir='ltr'>δεδοικὼς</span> <span class='ocrx_word' id='word_1_37' title='bbox 1000 770 1067 822; x_wconf 76' lang='grc' dir='ltr'>τὰ</span> <span class='ocrx_word' id='word_1_38' title='bbox 1104 771 1350 825; x_wconf 77' lang='grc' dir='ltr'>πλεῖστα.</span> <span class='ocrx_word' id='word_1_39' title='bbox 1388 772 1556 824; x_wconf 77' lang='grc' dir='ltr'>Παντὶ</span> <span class='ocrx_word' id='word_1_40' title='bbox 1583 770 1627 824; x_wconf 81' lang='grc' dir='ltr'>δ’</span> <span class='ocrx_word' id='word_1_41' title='bbox 1681 770 1940 840; x_wconf 75' lang='grc' dir='ltr'>ἐγχωρεῖν</span> <span class='ocrx_word' id='word_1_42' title='bbox 1967 768 2101 839; x_wconf 81' lang='grc' dir='ltr'>μᾶλ-</span> 
     </span>
    </p>
   </div>
   <div class='ocr_carea' id='block_1_7' title="bbox 522 861 1419 933">
    <p class='ocr_par' dir='ltr' id='par_1_7' title="bbox 522 861 1419 933">
     <span class='ocr_line' id='line_1_7' title="bbox 522 861 1419 933; baseline 0.003 -20"><span class='ocrx_word' id='word_1_43' title='bbox 522 862 664 933; x_wconf 81' lang='grc' dir='ltr'><strong>λονῆ</strong></span> <span class='ocrx_word' id='word_1_44' title='bbox 704 861 901 930; x_wconf 74' lang='grc' dir='ltr'>φύλακι</span> <span class='ocrx_word' id='word_1_45' title='bbox 929 863 1136 915; x_wconf 86' lang='grc' dir='ltr'>δεῖσθαι</span> <span class='ocrx_word' id='word_1_46' title='bbox 1162 861 1419 930; x_wconf 78' lang='grc' dir='ltr'>φύλακος.</span> 
     </span>
    </p>
   </div>
   <div class='ocr_carea' id='block_1_8' title="bbox 523 973 2098 1046">
    <p class='ocr_par' dir='ltr' id='par_1_8' title="bbox 523 973 2098 1046">
     <span class='ocr_line' id='line_1_8' title="bbox 523 973 2098 1046; baseline -0.001 -18"><span class='ocrx_word' id='word_1_47' title='bbox 523 974 627 1031; x_wconf 86' lang='grc' dir='ltr'>κθ’.</span> <span class='ocrx_word' id='word_1_48' title='bbox 657 976 860 1041; x_wconf 81' lang='grc' dir='ltr'>’Ὅπως</span> <span class='ocrx_word' id='word_1_49' title='bbox 914 979 1399 1046; x_wconf 80' lang='grc' dir='ltr'>ὑποποιούμενος</span> <span class='ocrx_word' id='word_1_50' title='bbox 1449 980 1482 1031; x_wconf 85' lang='grc' dir='ltr'><strong>ό</strong></span> <span class='ocrx_word' id='word_1_51' title='bbox 1517 977 1927 1044; x_wconf 76' lang='grc' dir='ltr'>Παλαιολόγος</span> <span class='ocrx_word' id='word_1_52' title='bbox 1956 973 2098 1040; x_wconf 85' lang='grc' dir='ltr'>τοὺς</span> 
     </span>
    </p>
   </div>
   <div class='ocr_carea' id='block_1_9' title="bbox 592 1046 2023 1117">
    <p class='ocr_par' dir='ltr' id='par_1_9' title="bbox 592 1046 2023 1117">
     <span class='ocr_line' id='line_1_9' title="bbox 592 1046 2023 1117; baseline -0.001 -17"><span class='ocrx_word' id='word_1_53' title='bbox 592 1046 864 1111; x_wconf 78' lang='grc' dir='ltr'>πολλοὺς</span> <span class='ocrx_word' id='word_1_54' title='bbox 897 1048 1110 1117; x_wconf 77' lang='grc' dir='ltr'><strong>ἀπῄτει</strong></span> <span class='ocrx_word' id='word_1_55' title='bbox 1136 1048 1211 1102; x_wconf 82' lang='grc' dir='ltr'>δι’</span> <span class='ocrx_word' id='word_1_56' title='bbox 1247 1048 1445 1102; x_wconf 75' lang='grc' dir='ltr'>αὐτῶν</span> <span class='ocrx_word' id='word_1_57' title='bbox 1478 1049 1575 1102; x_wconf 81' lang='grc' dir='ltr'><strong>καὶ</strong></span> <span class='ocrx_word' id='word_1_58' title='bbox 1616 1051 1685 1100; x_wconf 81' lang='grc' dir='ltr'>τὸ</span> <span class='ocrx_word' id='word_1_59' title='bbox 1713 1048 2023 1115; x_wconf 80' lang='grc' dir='ltr'>μέγιστον.</span> 
     </span>
    </p>
   </div>
   <div class='ocr_carea' id='block_1_10' title="bbox 591 1135 2099 1210">
    <p class='ocr_par' dir='ltr' id='par_1_10' title="bbox 591 1135 2099 1210">
     <span class='ocr_line' id='line_1_10' title="bbox 591 1135 2099 1210; baseline 0.001 -21"><span class='ocrx_word' id='word_1_60' title='bbox 591 1139 777 1191; x_wconf 79' lang='grc' dir='ltr'>Ταῦτα</span> <span class='ocrx_word' id='word_1_61' title='bbox 804 1140 897 1193; x_wconf 70' lang='grc' dir='ltr'>καὶ</span> <span class='ocrx_word' id='word_1_62' title='bbox 924 1140 993 1192; x_wconf 77' lang='grc' dir='ltr'>τὰ</span> <span class='ocrx_word' id='word_1_63' title='bbox 1016 1140 1242 1195; x_wconf 78' lang='grc' dir='ltr'>τοιαῦτα</span> <span class='ocrx_word' id='word_1_64' title='bbox 1272 1141 1570 1210; x_wconf 79' lang='grc' dir='ltr'>προτείνων</span> <span class='ocrx_word' id='word_1_65' title='bbox 1600 1139 1766 1202; x_wconf 79' lang='grc' dir='ltr'>πολὺς</span> <span class='ocrx_word' id='word_1_66' title='bbox 1812 1135 1882 1209; x_wconf 79' lang='grc' dir='ltr'>ἦν</span> <span class='ocrx_word' id='word_1_67' title='bbox 1912 1137 2007 1191; x_wconf 79' lang='grc' dir='ltr'><strong>καὶ</strong></span> <span class='ocrx_word' id='word_1_68' title='bbox 2037 1137 2099 1190; x_wconf 80' lang='grc' dir='ltr'><strong>τὸ</strong></span> 
     </span>
    </p>
   </div>
   <div class='ocr_carea' id='block_1_11' title="bbox 525 1228 2099 1301">
    <p class='ocr_par' dir='ltr' id='par_1_11' title="bbox 525 1228 2099 1301">
     <span class='ocr_line' id='line_1_11' title="bbox 525 1228 2099 1301; baseline -0.001 -20"><span class='ocrx_word' id='word_1_69' title='bbox 525 1230 709 1300; x_wconf 75' lang='grc' dir='ltr'>μεῖζον</span> <span class='ocrx_word' id='word_1_70' title='bbox 738 1231 1147 1300; x_wconf 82' lang='grc' dir='ltr'>προσαπαιτῶν.</span> <span class='ocrx_word' id='word_1_71' title='bbox 1195 1232 1411 1301; x_wconf 78' lang='grc' dir='ltr'>’Δμέλει</span> <span class='ocrx_word' id='word_1_72' title='bbox 1434 1248 1516 1283; x_wconf 75' lang='grc' dir='ltr'><strong>τοι</strong></span> <span class='ocrx_word' id='word_1_73' title='bbox 1542 1229 1638 1283; x_wconf 70' lang='grc' dir='ltr'><strong>κα)⁸</strong></span> <span class='ocrx_word' id='word_1_74' title='bbox 1667 1230 1813 1292; x_wconf 83' lang='grc' dir='ltr'>ὅσοις</span> <span class='ocrx_word' id='word_1_75' title='bbox 1843 1228 2099 1290; x_wconf 83' lang='grc' dir='ltr'><strong>ὑπόπτως</strong></span> 
     </span>
    </p>
   </div>
   <div class='ocr_carea' id='block_1_12' title="bbox 520 1316 2103 1393">
    <p class='ocr_par' dir='ltr' id='par_1_12' title="bbox 520 1316 2103 1393">
     <span class='ocr_line' id='line_1_12' title="bbox 520 1316 2103 1393; baseline -0.001 -21"><span class='ocrx_word' id='word_1_76' title='bbox 520 1316 633 1389; x_wconf 75' lang='grc' dir='ltr'>εἶχε</span> <span class='ocrx_word' id='word_1_77' title='bbox 665 1321 757 1373; x_wconf 84' lang='grc' dir='ltr'>καὶ</span> <span class='ocrx_word' id='word_1_78' title='bbox 790 1321 924 1391; x_wconf 76' lang='grc' dir='ltr'>πρὸς</span> <span class='ocrx_word' id='word_1_79' title='bbox 961 1321 1021 1374; x_wconf 82' lang='grc' dir='ltr'><strong>τὸ</strong></span> <span class='ocrx_word' id='word_1_80' title='bbox 1050 1322 1223 1393; x_wconf 83' lang='grc' dir='ltr'>παρὸν</span> <span class='ocrx_word' id='word_1_81' title='bbox 1253 1320 1698 1391; x_wconf 69' lang='grc' dir='ltr'>δυσχεραίνοντας</span> <span class='ocrx_word' id='word_1_82' title='bbox 1731 1320 1824 1373; x_wconf 73' lang='grc' dir='ltr'><strong>καὶ</strong></span> <span class='ocrx_word' id='word_1_83' title='bbox 1873 1320 2008 1389; x_wconf 79' lang='grc' dir='ltr'>πρὸς</span> <span class='ocrx_word' id='word_1_84' title='bbox 2041 1316 2103 1370; x_wconf 82' lang='grc' dir='ltr'><strong>τὸ</strong></span> 
     </span>
    </p>
   </div>
   <div class='ocr_carea' id='block_1_13' title="bbox 523 1411 2102 1483">
    <p class='ocr_par' dir='ltr' id='par_1_13' title="bbox 523 1411 2102 1483">
     <span class='ocr_line' id='line_1_13' title="bbox 523 1411 2102 1483; baseline -0.001 -19"><span class='ocrx_word' id='word_1_85' title='bbox 523 1413 716 1482; x_wconf 74' lang='grc' dir='ltr'>μέλλον</span> <span class='ocrx_word' id='word_1_86' title='bbox 750 1415 1248 1483; x_wconf 67' lang='grc' dir='ltr'>προστησομένους,</span> <span class='ocrx_word' id='word_1_87' title='bbox 1285 1416 1437 1481; x_wconf 71' lang='grc' dir='ltr'>ἰσχὺν</span> <span class='ocrx_word' id='word_1_88' title='bbox 1485 1411 1734 1465; x_wconf 73' lang='grc' dir='ltr'>ἐντεῦθεν</span> <span class='ocrx_word' id='word_1_89' title='bbox 1776 1411 1959 1465; x_wconf 74' lang='grc' dir='ltr'>λαϐὼν</span> <span class='ocrx_word' id='word_1_90' title='bbox 2008 1411 2102 1463; x_wconf 80' lang='grc' dir='ltr'>καὶ</span> 
     </span>
    </p>
   </div>
   <div class='ocr_carea' id='block_1_14' title="bbox 521 1501 2105 1576">
    <p class='ocr_par' dir='ltr' id='par_1_14' title="bbox 521 1501 2105 1576">
     <span class='ocr_line' id='line_1_14' title="bbox 521 1501 2105 1576; baseline -0.003 -18"><span class='ocrx_word' id='word_1_91' title='bbox 521 1506 719 1576; x_wconf 77' lang='grc' dir='ltr'>κράτος</span> <span class='ocrx_word' id='word_1_92' title='bbox 758 1505 895 1575; x_wconf 80' lang='grc' dir='ltr'>ἔχων</span> <span class='ocrx_word' id='word_1_93' title='bbox 924 1507 983 1557; x_wconf 70' lang='grc' dir='ltr'><strong>τὸ</strong></span> <span class='ocrx_word' id='word_1_94' title='bbox 1030 1506 1285 1574; x_wconf 79' lang='grc' dir='ltr'>μέγιστον</span> <span class='ocrx_word' id='word_1_95' title='bbox 1321 1503 1562 1557; x_wconf 76' lang='grc' dir='ltr'>ἐκποδὼν</span> <span class='ocrx_word' id='word_1_96' title='bbox 1594 1501 1789 1569; x_wconf 75' lang='grc' dir='ltr'>ἐποίει,</span> <span class='ocrx_word' id='word_1_97' title='bbox 1839 1504 1963 1564; x_wconf 67' lang='grc' dir='ltr'>τοὺς</span> <span class='ocrx_word' id='word_1_98' title='bbox 2004 1502 2105 1571; x_wconf 76' lang='grc' dir='ltr'><strong>μὲν</strong></span> 
     </span>
    </p>
   </div>
   <div class='ocr_carea' id='block_1_15' title="bbox 521 1594 2104 1668">
    <p class='ocr_par' dir='ltr' id='par_1_15' title="bbox 521 1594 2104 1668">
     <span class='ocr_line' id='line_1_15' title="bbox 521 1594 2104 1668; baseline -0.004 -18"><span class='ocrx_word' id='word_1_99' title='bbox 521 1598 803 1660; x_wconf 73' lang='grc' dir='ltr'>ἑκουσίους</span> <span class='ocrx_word' id='word_1_100' title='bbox 836 1595 1363 1668; x_wconf 82' lang='grc' dir='ltr'>ὑποχωροῦντας’[Ρ</span> <span class='ocrx_word' id='word_1_101' title='bbox 1423 1594 1514 1667; x_wconf 68' lang='grc'><strong>48]</strong></span> <span class='ocrx_word' id='word_1_102' title='bbox 1566 1596 1658 1649; x_wconf 69' lang='grc' dir='ltr'><strong>καλ⁵</strong></span> <span class='ocrx_word' id='word_1_103' title='bbox 1714 1595 1837 1648; x_wconf 83' lang='grc' dir='ltr'>καθ’</span> <span class='ocrx_word' id='word_1_104' title='bbox 1878 1594 2104 1654; x_wconf 78' lang='grc' dir='ltr'>ἑαυτοὺς</span> 
     </span>
    </p>
   </div>
   <div class='ocr_carea' id='block_1_16' title="bbox 521 1684 2107 1759">
    <p class='ocr_par' dir='ltr' id='par_1_16' title="bbox 521 1684 2107 1759">
     <span class='ocr_line' id='line_1_16' title="bbox 521 1684 2107 1759; baseline -0.004 -16"><span class='ocrx_word' id='word_1_105' title='bbox 521 1692 825 1758; x_wconf 71' lang='grc' dir='ltr'>διάγοντας,</span> <span class='ocrx_word' id='word_1_106' title='bbox 854 1692 975 1752; x_wconf 79' lang='grc' dir='ltr'>τοὺς</span> <span class='ocrx_word' id='word_1_107' title='bbox 1007 1691 1063 1743; x_wconf 77' lang='grc' dir='ltr'>δὲ</span> <span class='ocrx_word' id='word_1_108' title='bbox 1092 1691 1182 1743; x_wconf 75' lang='grc' dir='ltr'>καὶ</span> <span class='ocrx_word' id='word_1_109' title='bbox 1207 1691 1367 1753; x_wconf 76' lang='grc' dir='ltr'>αὐτὸς</span> <span class='ocrx_word' id='word_1_110' title='bbox 1397 1687 1748 1759; x_wconf 80' lang='grc' dir='ltr'>καθειργνὺς,</span> <span class='ocrx_word' id='word_1_111' title='bbox 1785 1685 1880 1740; x_wconf 71' lang='grc' dir='ltr'><strong>καὶ</strong></span> <span class='ocrx_word' id='word_1_112' title='bbox 1913 1684 2107 1753; x_wconf 76' lang='grc' dir='ltr'>ἄλλους</span> 
     </span>
    </p>
   </div>
   <div class='ocr_carea' id='block_1_17' title="bbox 527 1764 2096 1852">
    <p class='ocr_par' dir='ltr' id='par_1_17' title="bbox 527 1764 2096 1852">
     <span class='ocr_line' id='line_1_17' title="bbox 527 1764 2096 1852; baseline -0.002 -19"><span class='ocrx_word' id='word_1_113' title='bbox 527 1764 623 1851; x_wconf 76' lang='grc' dir='ltr'><strong>μὲν</strong></span> <span class='ocrx_word' id='word_1_114' title='bbox 648 1782 900 1852; x_wconf 79' lang='grc' dir='ltr'><strong>ἀλλαχοῦ,</strong></span> <span class='ocrx_word' id='word_1_115' title='bbox 937 1784 1027 1837; x_wconf 73' lang='grc' dir='ltr'>τὸν</span> <span class='ocrx_word' id='word_1_116' title='bbox 1052 1783 1108 1836; x_wconf 81' lang='grc' dir='ltr'><strong>δὲ</strong></span> <span class='ocrx_word' id='word_1_117' title='bbox 1147 1783 1571 1852; x_wconf 61' lang='grc' dir='ltr'>Τςαμάντουρῡν</span> <span class='ocrx_word' id='word_1_118' title='bbox 1604 1781 1684 1843; x_wconf 87' lang='grc' dir='ltr'>εἰς</span> <span class='ocrx_word' id='word_1_119' title='bbox 1710 1780 1961 1851; x_wconf 74' lang='grc' dir='ltr'>Προῦσαν</span> <span class='ocrx_word' id='word_1_120' title='bbox 2010 1780 2096 1845; x_wconf 76' lang='grc' dir='ltr'><strong>ἐξ·</strong></span> 
     </span>
    </p>
   </div>
   <div class='ocr_carea' id='block_1_18' title="bbox 2205 586 3732 662">
    <p class='ocr_par' dir='ltr' id='par_1_18' title="bbox 2205 586 3732 662">
     <span class='ocr_line' id='line_1_18' title="bbox 2205 586 3732 662; baseline 0.008 -21"><span class='ocrx_word' id='word_1_121' title='bbox 2205 586 2344 643; x_wconf 76' lang='grc' dir='ltr'>εἶναι</span> <span class='ocrx_word' id='word_1_122' title='bbox 2383 590 2475 643; x_wconf 71' lang='grc' dir='ltr'><strong>καὶ</strong></span> <span class='ocrx_word' id='word_1_123' title='bbox 2498 590 2657 660; x_wconf 90' lang='grc' dir='ltr'>μόνον</span> <span class='ocrx_word' id='word_1_124' title='bbox 2673 590 2763 645; x_wconf 74' lang='grc' dir='ltr'><strong>τὸν</strong></span> <span class='ocrx_word' id='word_1_125' title='bbox 2794 590 2930 660; x_wconf 73' lang='grc' dir='ltr'>μετὰ</span> <span class='ocrx_word' id='word_1_126' title='bbox 2950 590 3041 644; x_wconf 84' lang='grc' dir='ltr'><strong>τδν</strong></span> <span class='ocrx_word' id='word_1_127' title='bbox 3066 592 3130 644; x_wconf 80' lang='grc' dir='ltr'>ὲκ</span> <span class='ocrx_word' id='word_1_128' title='bbox 3168 593 3353 660; x_wconf 80' lang='grc' dir='ltr'>γένους</span> <span class='ocrx_word' id='word_1_129' title='bbox 3386 592 3593 662; x_wconf 78' lang='grc' dir='ltr'>βισιλέα</span> <span class='ocrx_word' id='word_1_130' title='bbox 3612 599 3732 662; x_wconf 75' lang='grc' dir='ltr'>ἄξιον</span> 
     </span>
    </p>
   </div>
   <div class='ocr_carea' id='block_1_19' title="bbox 2204 679 3736 756">
    <p class='ocr_par' dir='ltr' id='par_1_19' title="bbox 2204 679 3736 756">
     <span class='ocr_line' id='line_1_19' title="bbox 2204 679 3736 756; baseline 0.006 -22"><span class='ocrx_word' id='word_1_131' title='bbox 2204 679 2394 752; x_wconf 81' lang='grc' dir='ltr'>ἄρχειν</span> <span class='ocrx_word' id='word_1_132' title='bbox 2426 681 2518 734; x_wconf 80' lang='grc' dir='ltr'><strong>καὶ</strong></span> <span class='ocrx_word' id='word_1_133' title='bbox 2544 681 2643 737; x_wconf 75' lang='grc' dir='ltr'><strong>σὺν</strong></span> <span class='ocrx_word' id='word_1_134' title='bbox 2671 682 2885 753; x_wconf 77' lang='grc' dir='ltr'>ἐκείνῳ,</span> <span class='ocrx_word' id='word_1_135' title='bbox 2917 684 3013 738; x_wconf 76' lang='grc' dir='ltr'><strong>καὶ</strong></span> <span class='ocrx_word' id='word_1_136' title='bbox 3059 683 3170 737; x_wconf 82' lang='grc' dir='ltr'>δεῖν</span> <span class='ocrx_word' id='word_1_137' title='bbox 3212 683 3377 747; x_wconf 79' lang='grc' dir='ltr'>οὕτως</span> <span class='ocrx_word' id='word_1_138' title='bbox 3420 684 3587 754; x_wconf 71' lang='grc' dir='ltr'>ἔχουσι</span> <span class='ocrx_word' id='word_1_139' title='bbox 3614 687 3736 756; x_wconf 80' lang='grc' dir='ltr'>βασι-</span> 
     </span>
    </p>
   </div>
   <div class='ocr_carea' id='block_1_20' title="bbox 2204 770 3737 845">
    <p class='ocr_par' dir='ltr' id='par_1_20' title="bbox 2204 770 3737 845">
     <span class='ocr_line' id='line_1_20' title="bbox 2204 770 3737 845; baseline 0.007 -23"><span class='ocrx_word' id='word_1_140' title='bbox 2204 770 2339 833; x_wconf 80' lang='grc' dir='ltr'>λέως</span> <span class='ocrx_word' id='word_1_141' title='bbox 2362 770 2609 836; x_wconf 73' lang='grc' dir='ltr'>ἐντελοῦς</span> <span class='ocrx_word' id='word_1_142' title='bbox 2635 774 2692 832; x_wconf 80' lang='grc' dir='ltr'>ἐς</span> <span class='ocrx_word' id='word_1_143' title='bbox 2726 772 2753 825; x_wconf 81' lang='grc' dir='ltr'>ὃ</span> <span class='ocrx_word' id='word_1_144' title='bbox 2788 791 2840 826; x_wconf 82' lang='grc' dir='ltr'><strong>τι</strong></span> <span class='ocrx_word' id='word_1_145' title='bbox 2888 773 2981 827; x_wconf 77' lang='grc' dir='ltr'>καὶ</span> <span class='ocrx_word' id='word_1_146' title='bbox 3004 772 3221 845; x_wconf 77' lang='grc' dir='ltr'>πράξοι.</span> <span class='ocrx_word' id='word_1_147' title='bbox 3250 775 3322 827; x_wconf 84' lang='grc' dir='ltr'>Τὸ</span> <span class='ocrx_word' id='word_1_148' title='bbox 3353 775 3447 844; x_wconf 75' lang='grc' dir='ltr'><strong>μὲν</strong></span> <span class='ocrx_word' id='word_1_149' title='bbox 3493 775 3576 829; x_wconf 73' lang='grc' dir='ltr'>οὖν</span> <span class='ocrx_word' id='word_1_150' title='bbox 3625 782 3737 836; x_wconf 78' lang='grc' dir='ltr'>ανα-</span> 
     </span>
    </p>
   </div>
   <div class='ocr_carea' id='block_1_21' title="bbox 2210 861 3739 937">
    <p class='ocr_par' dir='ltr' id='par_1_21' title="bbox 2210 861 3739 937">
     <span class='ocr_line' id='line_1_21' title="bbox 2210 861 3739 937; baseline 0.006 -24"><span class='ocrx_word' id='word_1_151' title='bbox 2210 861 2393 931; x_wconf 81' lang='grc' dir='ltr'>μένειν</span> <span class='ocrx_word' id='word_1_152' title='bbox 2446 864 2545 933; x_wconf 80' lang='grc' dir='ltr'><strong>τὴν</strong></span> <span class='ocrx_word' id='word_1_153' title='bbox 2593 862 2684 921; x_wconf 81' lang='grc' dir='ltr'>τοῦ</span> <span class='ocrx_word' id='word_1_154' title='bbox 2715 864 2979 935; x_wconf 76' lang='grc' dir='ltr'><strong>ἀφήλικος</strong></span> <span class='ocrx_word' id='word_1_155' title='bbox 3027 866 3260 935; x_wconf 76' lang='grc' dir='ltr'>ἡλικίαν,</span> <span class='ocrx_word' id='word_1_156' title='bbox 3317 868 3388 936; x_wconf 83' lang='grc' dir='ltr'>μὴ</span> <span class='ocrx_word' id='word_1_157' title='bbox 3440 868 3524 920; x_wconf 71' lang='grc' dir='ltr'>καὶ</span> <span class='ocrx_word' id='word_1_158' title='bbox 3578 870 3739 937; x_wconf 80' lang='grc' dir='ltr'>φθάσει</span> 
     </span>
    </p>
   </div>
   <div class='ocr_carea' id='block_1_22' title="bbox 2206 951 3741 1030">
    <p class='ocr_par' dir='ltr' id='par_1_22' title="bbox 2206 951 3741 1030">
     <span class='ocr_line' id='line_1_22' title="bbox 2206 951 3741 1030; baseline 0.003 -25"><span class='ocrx_word' id='word_1_159' title='bbox 2206 969 2289 1016; x_wconf 86' lang='grc' dir='ltr'><strong>τις</strong></span> <span class='ocrx_word' id='word_1_160' title='bbox 2316 951 2642 1021; x_wconf 77' lang='grc' dir='ltr'>κηδεμονίας</span> <span class='ocrx_word' id='word_1_161' title='bbox 2674 953 2929 1024; x_wconf 76' lang='grc' dir='ltr'>δεόμενος</span> <span class='ocrx_word' id='word_1_162' title='bbox 2959 955 3209 1024; x_wconf 76' lang='grc' dir='ltr'>ἐμποδὼν</span> <span class='ocrx_word' id='word_1_163' title='bbox 3248 956 3481 1023; x_wconf 83' lang='grc' dir='ltr'>γεγονὼς</span> <span class='ocrx_word' id='word_1_164' title='bbox 3507 961 3621 1026; x_wconf 79' lang='grc' dir='ltr'>πρὶν</span> <span class='ocrx_word' id='word_1_165' title='bbox 3668 961 3741 1030; x_wconf 70' lang='grc' dir='ltr'><strong>ἢὸ</strong></span> 
     </span>
    </p>
   </div>
   <div class='ocr_carea' id='block_1_23' title="bbox 2206 1043 3740 1118">
    <p class='ocr_par' dir='ltr' id='par_1_23' title="bbox 2206 1043 3740 1118">
     <span class='ocr_line' id='line_1_23' title="bbox 2206 1043 3740 1118; baseline 0.005 -22"><span class='ocrx_word' id='word_1_166' title='bbox 2206 1043 2267 1097; x_wconf 71' lang='grc' dir='ltr'><strong>εὖ</strong></span> <span class='ocrx_word' id='word_1_167' title='bbox 2295 1046 2516 1116; x_wconf 77' lang='grc' dir='ltr'>πράξων</span> <span class='ocrx_word' id='word_1_168' title='bbox 2546 1048 2754 1100; x_wconf 78' lang='grc' dir='ltr'>ἐκεῖνον</span> <span class='ocrx_word' id='word_1_169' title='bbox 2784 1046 2998 1099; x_wconf 84' lang='grc' dir='ltr'>τελείαν</span> <span class='ocrx_word' id='word_1_170' title='bbox 3036 1046 3177 1118; x_wconf 78' lang='grc' dir='ltr'>λάϐῃ</span> <span class='ocrx_word' id='word_1_171' title='bbox 3210 1046 3308 1113; x_wconf 69' lang='grc' dir='ltr'><strong>τὴν</strong></span> <span class='ocrx_word' id='word_1_172' title='bbox 3336 1046 3542 1116; x_wconf 77' lang='grc' dir='ltr'>ἡλικίαν</span> <span class='ocrx_word' id='word_1_173' title='bbox 3575 1065 3587 1078; x_wconf 87' lang='grc'><strong>·</strong></span> <span class='ocrx_word' id='word_1_174' title='bbox 3629 1050 3681 1102; x_wconf 75' lang='grc' dir='ltr'><strong>τὸ</strong></span> <span class='ocrx_word' id='word_1_175' title='bbox 3704 1050 3740 1103; x_wconf 75' lang='grc' dir='ltr'>δ’</span> 
     </span>
    </p>
   </div>
   <div class='ocr_carea' id='block_1_24' title="bbox 2208 1137 3740 1209">
    <p class='ocr_par' dir='ltr' id='par_1_24' title="bbox 2208 1137 3740 1209">
     <span class='ocr_line' id='line_1_24' title="bbox 2208 1137 3740 1209; baseline 0.005 -21"><span class='ocrx_word' id='word_1_176' title='bbox 2208 1137 2299 1189; x_wconf 69' lang='grc' dir='ltr'>ἐπὶ</span> <span class='ocrx_word' id='word_1_177' title='bbox 2322 1138 2430 1190; x_wconf 82' lang='grc' dir='ltr'><strong>τῶν</strong></span> <span class='ocrx_word' id='word_1_178' title='bbox 2456 1139 2798 1209; x_wconf 80' lang='grc' dir='ltr'>πραγμάτων</span> <span class='ocrx_word' id='word_1_179' title='bbox 2833 1139 2962 1192; x_wconf 74' lang='grc' dir='ltr'>ὄντα</span> <span class='ocrx_word' id='word_1_180' title='bbox 2984 1139 3074 1191; x_wconf 85' lang='grc' dir='ltr'><strong>τὸν</strong></span> <span class='ocrx_word' id='word_1_181' title='bbox 3106 1137 3376 1208; x_wconf 83' lang='grc' dir='ltr'>κηδεμόνα</span> <span class='ocrx_word' id='word_1_182' title='bbox 3408 1140 3481 1208; x_wconf 74' lang='grc' dir='ltr'>μὴ</span> <span class='ocrx_word' id='word_1_183' title='bbox 3510 1139 3579 1203; x_wconf 82' lang='grc' dir='ltr'>ὡς</span> <span class='ocrx_word' id='word_1_184' title='bbox 3614 1141 3740 1209; x_wconf 66' lang='grc' dir='ltr'>βιαι-</span> 
     </span>
    </p>
   </div>
   <div class='ocr_carea' id='block_1_25' title="bbox 2208 1228 3743 1301">
    <p class='ocr_par' dir='ltr' id='par_1_25' title="bbox 2208 1228 3743 1301">
     <span class='ocr_line' id='line_1_25' title="bbox 2208 1228 3743 1301; baseline 0.001 -19"><span class='ocrx_word' id='word_1_185' title='bbox 2208 1230 2305 1283; x_wconf 83' lang='grc' dir='ltr'><strong>λέα</strong></span> <span class='ocrx_word' id='word_1_186' title='bbox 2340 1230 2621 1296; x_wconf 77' lang='grc' dir='ltr'>πράττειν,</span> <span class='ocrx_word' id='word_1_187' title='bbox 2653 1230 2729 1301; x_wconf 82' lang='grc' dir='ltr'>μὴ</span> <span class='ocrx_word' id='word_1_188' title='bbox 2759 1232 2853 1284; x_wconf 78' lang='grc' dir='ltr'><strong>καὶ</strong></span> <span class='ocrx_word' id='word_1_189' title='bbox 2890 1230 3146 1293; x_wconf 76' lang='grc' dir='ltr'>ἀϐἐὸαιος</span> <span class='ocrx_word' id='word_1_190' title='bbox 3170 1231 3204 1301; x_wconf 83' lang='grc' dir='ltr'>ἠ</span> <span class='ocrx_word' id='word_1_191' title='bbox 3235 1228 3391 1300; x_wconf 73' lang='grc' dir='ltr'>χάρις</span> <span class='ocrx_word' id='word_1_192' title='bbox 3435 1230 3520 1283; x_wconf 75' lang='grc' dir='ltr'><strong>καὶ</strong></span> <span class='ocrx_word' id='word_1_193' title='bbox 3548 1232 3743 1295; x_wconf 61' lang='lat' dir='ltr'><strong>detrito;</strong></span> 
     </span>
    </p>
   </div>
   <div class='ocr_carea' id='block_1_26' title="bbox 2207 1317 3745 1394">
    <p class='ocr_par' dir='ltr' id='par_1_26' title="bbox 2207 1317 3745 1394">
     <span class='ocr_line' id='line_1_26' title="bbox 2207 1317 3745 1394; baseline 0.002 -20"><span class='ocrx_word' id='word_1_194' title='bbox 2207 1317 2263 1394; x_wconf 82' lang='grc' dir='ltr'><strong>ᾗ.</strong></span> <span class='ocrx_word' id='word_1_195' title='bbox 2300 1320 2466 1376; x_wconf 75' lang='grc' dir='ltr'>Ταῦτ’</span> <span class='ocrx_word' id='word_1_196' title='bbox 2492 1321 2676 1390; x_wconf 81' lang='grc' dir='ltr'>ελεγον</span> <span class='ocrx_word' id='word_1_197' title='bbox 2699 1324 2745 1374; x_wconf 86' lang='lat' dir='ltr'><strong>oi</strong></span> <span class='ocrx_word' id='word_1_198' title='bbox 2769 1324 2828 1377; x_wconf 71' lang='grc' dir='ltr'>ἐν</span> <span class='ocrx_word' id='word_1_199' title='bbox 2850 1322 3015 1383; x_wconf 83' lang='grc' dir='ltr'>τέλει.</span> <span class='ocrx_word' id='word_1_200' title='bbox 3048 1325 3141 1374; x_wconf 77' lang='grc' dir='ltr'>καὶ</span> <span class='ocrx_word' id='word_1_201' title='bbox 3186 1322 3278 1375; x_wconf 71' lang='grc' dir='ltr'>τὸν</span> <span class='ocrx_word' id='word_1_202' title='bbox 3316 1324 3636 1393; x_wconf 71' lang='grc' dir='ltr'>πατριάρχην</span> <span class='ocrx_word' id='word_1_203' title='bbox 3659 1341 3745 1392; x_wconf 85' lang='grc' dir='ltr'>μα-</span> 
     </span>
    </p>
   </div>
   <div class='ocr_carea' id='block_1_27' title="bbox 2209 1411 3745 1484">
    <p class='ocr_par' dir='ltr' id='par_1_27' title="bbox 2209 1411 3745 1484">
     <span class='ocr_line' id='line_1_27' title="bbox 2209 1411 3745 1484; baseline -0.001 -18"><span class='ocrx_word' id='word_1_204' title='bbox 2209 1413 2563 1484; x_wconf 74' lang='grc' dir='ltr'>λακιζόμενόν</span> <span class='ocrx_word' id='word_1_205' title='bbox 2592 1412 2807 1466; x_wconf 73' lang='grc' dir='ltr'>ἔπειθον</span> <span class='ocrx_word' id='word_1_206' title='bbox 2837 1429 2849 1442; x_wconf 79' lang='grc'><em>’</em></span> <span class='ocrx_word' id='word_1_207' title='bbox 2876 1412 2994 1465; x_wconf 61' lang='grc' dir='ltr'>οῦδὲ</span> <span class='ocrx_word' id='word_1_208' title='bbox 3028 1412 3136 1481; x_wconf 76' lang='grc' dir='ltr'><strong>γὰρ</strong></span> <span class='ocrx_word' id='word_1_209' title='bbox 3188 1411 3297 1464; x_wconf 74' lang='grc' dir='ltr'>οὐδ’</span> <span class='ocrx_word' id='word_1_210' title='bbox 3330 1412 3531 1474; x_wconf 76' lang='grc' dir='ltr'>ἐκεῖνος</span> <span class='ocrx_word' id='word_1_211' title='bbox 3582 1411 3745 1480; x_wconf 73' lang='grc' dir='ltr'>ἠμέλει</span> 
     </span>
    </p>
   </div>
   <div class='ocr_carea' id='block_1_28' title="bbox 2206 1498 3746 1574">
    <p class='ocr_par' dir='ltr' id='par_1_28' title="bbox 2206 1498 3746 1574">
     <span class='ocr_line' id='line_1_28' title="bbox 2206 1498 3746 1574; baseline 0 -17"><span class='ocrx_word' id='word_1_212' title='bbox 2206 1506 2315 1558; x_wconf 83' lang='grc' dir='ltr'><strong>τῶν</strong></span> <span class='ocrx_word' id='word_1_213' title='bbox 2346 1507 2693 1574; x_wconf 71' lang='grc' dir='ltr'>καθηκόντων</span> <span class='ocrx_word' id='word_1_214' title='bbox 2719 1498 2935 1566; x_wconf 64' lang='grc' dir='ltr'>καιοῖ,</span> <span class='ocrx_word' id='word_1_215' title='bbox 2971 1506 2999 1556; x_wconf 82' lang='grc' dir='ltr'>ὁ</span> <span class='ocrx_word' id='word_1_216' title='bbox 3029 1504 3173 1573; x_wconf 73' lang='grc' dir='ltr'>ἱερὸς</span> <span class='ocrx_word' id='word_1_217' title='bbox 3221 1503 3545 1573; x_wconf 79' lang='grc' dir='ltr'>μαλάσσοιτο</span> <span class='ocrx_word' id='word_1_218' title='bbox 3593 1504 3746 1557; x_wconf 74' lang='grc' dir='ltr'>σύλλο-</span> 
     </span>
    </p>
   </div>
   <div class='ocr_carea' id='block_1_29' title="bbox 2209 1592 3746 1669">
    <p class='ocr_par' dir='ltr' id='par_1_29' title="bbox 2209 1592 3746 1669">
     <span class='ocr_line' id='line_1_29' title="bbox 2209 1592 3746 1669; baseline 0 -20"><span class='ocrx_word' id='word_1_219' title='bbox 2209 1616 2323 1665; x_wconf 81' lang='grc' dir='ltr'>γος.</span> <span class='ocrx_word' id='word_1_220' title='bbox 2359 1599 2580 1669; x_wconf 83' lang='grc' dir='ltr'>Ὦριστο</span> <span class='ocrx_word' id='word_1_221' title='bbox 2610 1598 2707 1666; x_wconf 80' lang='grc' dir='ltr'><strong>μὲν</strong></span> <span class='ocrx_word' id='word_1_222' title='bbox 2744 1592 2837 1650; x_wconf 75' lang='grc' dir='ltr'>οὖν</span> <span class='ocrx_word' id='word_1_223' title='bbox 2866 1599 2899 1666; x_wconf 78' lang='grc' dir='ltr'>ὴ</span> <span class='ocrx_word' id='word_1_224' title='bbox 2935 1597 3119 1667; x_wconf 75' lang='grc' dir='ltr'>ἡμέρα</span> <span class='ocrx_word' id='word_1_225' title='bbox 3178 1597 3277 1665; x_wconf 77' lang='grc' dir='ltr'><strong>τῆς</strong></span> <span class='ocrx_word' id='word_1_226' title='bbox 3327 1595 3675 1667; x_wconf 74' lang='grc' dir='ltr'>ἀναρρήσεως,</span> <span class='ocrx_word' id='word_1_227' title='bbox 3719 1598 3746 1667; x_wconf 75' lang='grc' dir='ltr'><strong>ἠ</strong></span> 
     </span>
    </p>
   </div>
   <div class='ocr_carea' id='block_1_30' title="bbox 2207 1687 3747 1767">
    <p class='ocr_par' dir='ltr' id='par_1_30' title="bbox 2207 1687 3747 1762">
     <span class='ocr_line' id='line_1_30' title="bbox 2207 1687 3747 1762; baseline 0 -19"><span class='ocrx_word' id='word_1_228' title='bbox 2207 1690 2264 1743; x_wconf 76' lang='grc' dir='ltr'>δὲ</span> <span class='ocrx_word' id='word_1_229' title='bbox 2294 1687 2357 1761; x_wconf 78' lang='grc' dir='ltr'>ἦν</span> <span class='ocrx_word' id='word_1_230' title='bbox 2382 1691 2414 1762; x_wconf 77' lang='grc' dir='ltr'>ἡ</span> <span class='ocrx_word' id='word_1_231' title='bbox 2446 1691 2540 1745; x_wconf 80' lang='grc' dir='ltr'><strong>τοῦ</strong></span> <span class='ocrx_word' id='word_1_232' title='bbox 2587 1689 3058 1761; x_wconf 77' lang='grc' dir='ltr'>Ἑκατομϐαιῶνος</span> <span class='ocrx_word' id='word_1_233' title='bbox 3080 1688 3366 1760; x_wconf 74' lang='grc' dir='ltr'>νουμηνία,</span> <span class='ocrx_word' id='word_1_234' title='bbox 3398 1692 3493 1760; x_wconf 81' lang='grc' dir='ltr'>τῆς</span> <span class='ocrx_word' id='word_1_235' title='bbox 3514 1688 3622 1742; x_wconf 75' lang='grc' dir='ltr'>τότε</span> <span class='ocrx_word' id='word_1_236' title='bbox 3645 1706 3747 1759; x_wconf 79' lang='grc' dir='ltr'>τρε-</span> 
     </span>
    </p>
   </div>
   <div class='ocr_carea' id='block_1_31' title="bbox 2211 1782 3134 1854">
    <p class='ocr_par' dir='ltr' id='par_1_31' title="bbox 2211 1782 3134 1854">
     <span class='ocr_line' id='line_1_31' title="bbox 2211 1782 3134 1854; baseline 0 -18"><span class='ocrx_word' id='word_1_237' title='bbox 2211 1783 2411 1853; x_wconf 78' lang='grc' dir='ltr'>χούσης</span> <span class='ocrx_word' id='word_1_238' title='bbox 2439 1784 2697 1854; x_wconf 79' lang='grc' dir='ltr'>δευτέρας</span> <span class='ocrx_word' id='word_1_239' title='bbox 2732 1782 3134 1851; x_wconf 75' lang='grc' dir='ltr'>ἐπινεμήσεως.</span> 
     </span>
    </p>
   </div>
   <div class='ocr_carea' id='block_1_32' title="bbox 522 1868 3751 1963">
    <p class='ocr_par' dir='ltr' id='par_1_32' title="bbox 522 1868 3751 1963">
     <span class='ocr_line' id='line_1_32' title="bbox 522 1868 3751 1963; baseline 0.001 -40"><span class='ocrx_word' id='word_1_240' title='bbox 522 1876 846 1940; x_wconf 64' lang='grc' dir='ltr'>ατξοστείλας</span> <span class='ocrx_word' id='word_1_241' title='bbox 878 1875 970 1928; x_wconf 85' lang='grc' dir='ltr'><strong>καί</strong></span> <span class='ocrx_word' id='word_1_242' title='bbox 995 1877 1043 1927; x_wconf 79' lang='grc' dir='ltr'>οἱ</span> <span class='ocrx_word' id='word_1_243' title='bbox 1083 1875 1327 1945; x_wconf 78' lang='grc' dir='ltr'>φυλακὴν</span> <span class='ocrx_word' id='word_1_244' title='bbox 1369 1873 1445 1936; x_wconf 79' lang='grc' dir='ltr'>ὡς</span> <span class='ocrx_word' id='word_1_245' title='bbox 1495 1871 1811 1943; x_wconf 80' lang='grc' dir='ltr'>κατακρίτῳ</span> <span class='ocrx_word' id='word_1_246' title='bbox 1870 1874 2104 1939; x_wconf 60' lang='grc' dir='ltr'>ἔγκατα*</span> <span class='ocrx_word' id='word_1_247' title='bbox 2133 1868 2181 1927; x_wconf 89' lang='grc' dir='ltr'><strong>Β</strong></span> <span class='ocrx_word' id='word_1_248' title='bbox 2209 1894 2274 1953; x_wconf 51' lang='grc' dir='ltr'><strong>λυ.</strong></span> <span class='ocrx_word' id='word_1_249' title='bbox 2307 1899 2502 1963; x_wconf 68' lang='grc' dir='ltr'><em>Ὅπως</em></span> <span class='ocrx_word' id='word_1_250' title='bbox 2537 1898 2569 1951; x_wconf 76' lang='grc' dir='ltr'><em>δ</em></span> <span class='ocrx_word' id='word_1_251' title='bbox 2593 1896 2665 1949; x_wconf 71' lang='grc' dir='ltr'><strong>ἐν</strong></span> <span class='ocrx_word' id='word_1_252' title='bbox 2693 1893 2767 1962; x_wconf 73' lang='grc' dir='ltr'><strong>τῇ</strong></span> <span class='ocrx_word' id='word_1_253' title='bbox 2815 1894 2990 1949; x_wconf 65' lang='grc' dir='ltr'><strong>δύσει</strong></span> <span class='ocrx_word' id='word_1_254' title='bbox 3042 1893 3353 1963; x_wconf 70' lang='grc' dir='ltr'><strong>δεσπότης</strong></span> <span class='ocrx_word' id='word_1_255' title='bbox 3382 1890 3751 1963; x_wconf 64' lang='grc' dir='ltr'><strong>Μιχαὴλ-κατ,</strong></span> 
     </span>
    </p>
   </div>
   <div class='ocr_carea' id='block_1_33' title="bbox 523 1963 2165 2038">
    <p class='ocr_par' dir='ltr' id='par_1_33' title="bbox 523 1963 2165 2038">
     <span class='ocr_line' id='line_1_33' title="bbox 523 1963 2165 2038; baseline -0.002 -24"><span class='ocrx_word' id='word_1_256' title='bbox 523 1968 748 2035; x_wconf 75' lang='grc' dir='ltr'>στήσας.</span> <span class='ocrx_word' id='word_1_257' title='bbox 787 1967 849 2019; x_wconf 84' lang='lat' dir='ltr'><strong>0i</strong></span> <span class='ocrx_word' id='word_1_258' title='bbox 875 1967 933 2019; x_wconf 84' lang='grc' dir='ltr'>δέ</span> <span class='ocrx_word' id='word_1_259' title='bbox 962 1983 1023 2035; x_wconf 86' lang='grc' dir='ltr'><strong>γε</strong></span> <span class='ocrx_word' id='word_1_260' title='bbox 1055 1969 1447 2038; x_wconf 81' lang='grc' dir='ltr'>προσκείμενοι</span> <span class='ocrx_word' id='word_1_261' title='bbox 1496 1964 1672 2036; x_wconf 82' lang='grc' dir='ltr'>τούτῳ</span> <span class='ocrx_word' id='word_1_262' title='bbox 1729 1964 1825 2017; x_wconf 73' lang='grc' dir='ltr'>καὶ</span> <span class='ocrx_word' id='word_1_263' title='bbox 1874 1963 1995 2018; x_wconf 81' lang='grc' dir='ltr'>λίαν</span> <span class='ocrx_word' id='word_1_264' title='bbox 2045 1965 2103 2016; x_wconf 79' lang='grc' dir='ltr'>ὲν</span> <span class='ocrx_word' id='word_1_265' title='bbox 2164 2008 2165 2011; x_wconf 45' lang='grc' dir='ltr'><strong>η</strong></span> 
     </span>
    </p>
   </div>
   <div class='ocr_carea' id='block_1_34' title="bbox 523 2051 2104 2131">
    <p class='ocr_par' dir='ltr' id='par_1_34' title="bbox 523 2051 2104 2131">
     <span class='ocr_line' id='line_1_34' title="bbox 523 2051 2104 2131; baseline 0.001 -26"><span class='ocrx_word' id='word_1_266' title='bbox 523 2056 735 2107; x_wconf 75' lang='grc' dir='ltr'>ἐλπίσιν</span> <span class='ocrx_word' id='word_1_267' title='bbox 760 2051 902 2126; x_wconf 80' lang='grc' dir='ltr'>ἦσαν</span> <span class='ocrx_word' id='word_1_268' title='bbox 936 2060 1200 2131; x_wconf 81' lang='grc' dir='ltr'>χρησταῖς</span> <span class='ocrx_word' id='word_1_269' title='bbox 1266 2058 1363 2109; x_wconf 68' lang='grc' dir='ltr'>καὶ</span> <span class='ocrx_word' id='word_1_270' title='bbox 1415 2056 1611 2125; x_wconf 85' lang='grc' dir='ltr'>ἀνέδην</span> <span class='ocrx_word' id='word_1_271' title='bbox 1681 2058 1985 2126; x_wconf 73' lang='grc' dir='ltr'>συνήργουν</span> <span class='ocrx_word' id='word_1_272' title='bbox 2048 2056 2104 2117; x_wconf 76' lang='grc' dir='ltr'>ἐς</span> 
     </span>
    </p>
   </div>
   <div class='ocr_carea' id='block_1_35' title="bbox 521 2144 2103 2219">
    <p class='ocr_par' dir='ltr' id='par_1_35' title="bbox 521 2144 2103 2219">
     <span class='ocr_line' id='line_1_35' title="bbox 521 2144 2103 2219; baseline -0.002 -20"><span class='ocrx_word' id='word_1_273' title='bbox 521 2147 605 2199; x_wconf 80' lang='grc' dir='ltr'>ὃτι</span> <span class='ocrx_word' id='word_1_274' title='bbox 637 2148 895 2218; x_wconf 84' lang='grc' dir='ltr'>μάλιστα.</span> <span class='ocrx_word' id='word_1_275' title='bbox 929 2150 1169 2219; x_wconf 81' lang='grc' dir='ltr'>Θάτερον</span> <span class='ocrx_word' id='word_1_276' title='bbox 1186 2149 1243 2201; x_wconf 87' lang='grc' dir='ltr'>δὲ</span> <span class='ocrx_word' id='word_1_277' title='bbox 1286 2149 1394 2201; x_wconf 75' lang='grc' dir='ltr'><strong>τῶν</strong></span> <span class='ocrx_word' id='word_1_278' title='bbox 1420 2146 1663 2217; x_wconf 77' lang='grc' dir='ltr'>ἀδελφῶν</span> <span class='ocrx_word' id='word_1_279' title='bbox 1708 2145 1966 2215; x_wconf 83' lang='grc' dir='ltr'>Ἰωάννην</span> <span class='ocrx_word' id='word_1_280' title='bbox 2026 2144 2103 2215; x_wconf 84' lang='grc' dir='ltr'>τῷ</span> 
     </span>
    </p>
   </div>
   <div class='ocr_carea' id='block_1_36' title="bbox 522 2238 2106 2311">
    <p class='ocr_par' dir='ltr' id='par_1_36' title="bbox 522 2238 2106 2311">
     <span class='ocr_line' id='line_1_36' title="bbox 522 2238 2106 2311; baseline 0.002 -22"><span class='ocrx_word' id='word_1_281' title='bbox 522 2238 616 2289; x_wconf 74' lang='grc' dir='ltr'><strong>τοῦ</strong></span> <span class='ocrx_word' id='word_1_282' title='bbox 648 2239 882 2306; x_wconf 82' lang='grc' dir='ltr'>μεγάλου</span> <span class='ocrx_word' id='word_1_283' title='bbox 905 2240 1227 2311; x_wconf 83' lang='grc' dir='ltr'>δομεστίκου</span> <span class='ocrx_word' id='word_1_284' title='bbox 1255 2240 1543 2310; x_wconf 80' lang='grc' dir='ltr'>ἀξιώματι,</span> <span class='ocrx_word' id='word_1_285' title='bbox 1604 2239 1697 2293; x_wconf 81' lang='grc' dir='ltr'><strong>τοῦ</strong></span> <span class='ocrx_word' id='word_1_286' title='bbox 1731 2238 1996 2309; x_wconf 79' lang='grc' dir='ltr'>βασιλέως</span> <span class='ocrx_word' id='word_1_287' title='bbox 2028 2238 2106 2292; x_wconf 88' lang='grc' dir='ltr'>δι·</span> 
     </span>
    </p>
   </div>
   <div class='ocr_carea' id='block_1_37' title="bbox 522 2329 2102 2404">
    <p class='ocr_par' dir='ltr' id='par_1_37' title="bbox 522 2329 2102 2404">
     <span class='ocr_line' id='line_1_37' title="bbox 522 2329 2102 2404; baseline 0.001 -22"><span class='ocrx_word' id='word_1_288' title='bbox 522 2329 702 2392; x_wconf 69' lang='grc' dir='ltr'>δόντες</span> <span class='ocrx_word' id='word_1_289' title='bbox 732 2331 909 2401; x_wconf 65' lang='grc' dir='ltr'>δῆθεν,</span> <span class='ocrx_word' id='word_1_290' title='bbox 948 2334 1223 2402; x_wconf 81' lang='grc' dir='ltr'>περιφανῆ</span> <span class='ocrx_word' id='word_1_291' title='bbox 1255 2332 1489 2404; x_wconf 80' lang='grc' dir='ltr'>καθιστᾷ</span> <span class='ocrx_word' id='word_1_292' title='bbox 1518 2331 1613 2385; x_wconf 79' lang='grc' dir='ltr'>καὶ</span> <span class='ocrx_word' id='word_1_293' title='bbox 1658 2333 1750 2384; x_wconf 72' lang='grc' dir='ltr'>ἐπὶ</span> <span class='ocrx_word' id='word_1_294' title='bbox 1800 2330 1910 2384; x_wconf 84' lang='grc' dir='ltr'>τῶν</span> <span class='ocrx_word' id='word_1_295' title='bbox 1959 2347 2102 2401; x_wconf 78' lang='grc' dir='ltr'>πρα-</span> 
     </span>
    </p>
   </div>
   <div class='ocr_carea' id='block_1_38' title="bbox 526 2422 2104 2496">
    <p class='ocr_par' dir='ltr' id='par_1_38' title="bbox 526 2422 2104 2496">
     <span class='ocr_line' id='line_1_38' title="bbox 526 2422 2104 2496; baseline -0.001 -21"><span class='ocrx_word' id='word_1_296' title='bbox 526 2423 756 2492; x_wconf 77' lang='grc' dir='ltr'>γμάτων</span> <span class='ocrx_word' id='word_1_297' title='bbox 797 2424 937 2493; x_wconf 77' lang='grc' dir='ltr'>μέγα</span> <span class='ocrx_word' id='word_1_298' title='bbox 964 2424 1280 2496; x_wconf 83' lang='grc' dir='ltr'>δυνάμενον.</span> <span class='ocrx_word' id='word_1_299' title='bbox 1316 2424 1450 2477; x_wconf 83' lang='grc' dir='ltr'>Τότε</span> <span class='ocrx_word' id='word_1_300' title='bbox 1501 2425 1680 2477; x_wconf 71' lang='grc' dir='ltr'>τοίνυν</span> <span class='ocrx_word' id='word_1_301' title='bbox 1734 2424 1832 2477; x_wconf 69' lang='grc' dir='ltr'><strong>καὶ</strong></span> <span class='ocrx_word' id='word_1_302' title='bbox 1892 2422 2104 2493; x_wconf 75' lang='grc' dir='ltr'>μείζοσι</span> 
     </span>
    </p>
   </div>
   <div class='ocr_carea' id='block_1_39' title="bbox 527 2512 2105 2587">
    <p class='ocr_par' dir='ltr' id='par_1_39' title="bbox 527 2512 2105 2587">
     <span class='ocr_line' id='line_1_39' title="bbox 527 2512 2105 2587; baseline 0.002 -24"><span class='ocrx_word' id='word_1_303' title='bbox 527 2512 919 2581; x_wconf 68' lang='grc' dir='ltr'>θερμανθέντες</span> <span class='ocrx_word' id='word_1_304' title='bbox 944 2514 1144 2580; x_wconf 75' lang='grc' dir='ltr'>ἐλπίσι,</span> <span class='ocrx_word' id='word_1_305' title='bbox 1181 2515 1330 2584; x_wconf 77' lang='grc' dir='ltr'>παρὰ</span> <span class='ocrx_word' id='word_1_306' title='bbox 1374 2517 1465 2568; x_wconf 76' lang='grc' dir='ltr'><strong>τὸν</strong></span> <span class='ocrx_word' id='word_1_307' title='bbox 1491 2516 1837 2587; x_wconf 81' lang='grc' dir='ltr'>πατριάρχην</span> <span class='ocrx_word' id='word_1_308' title='bbox 1881 2515 2105 2583; x_wconf 80' lang='grc' dir='ltr'>γενόμε-</span> 
     </span>
    </p>
   </div>
   <div class='ocr_carea' id='block_1_40' title="bbox 525 2605 2105 2678">
    <p class='ocr_par' dir='ltr' id='par_1_40' title="bbox 525 2605 2105 2678">
     <span class='ocr_line' id='line_1_40' title="bbox 525 2605 2105 2678; baseline 0.004 -21"><span class='ocrx_word' id='word_1_309' title='bbox 525 2620 606 2657; x_wconf 79' lang='grc' dir='ltr'><strong>νοι</strong></span> <span class='ocrx_word' id='word_1_310' title='bbox 639 2605 732 2657; x_wconf 73' lang='grc' dir='ltr'>καὶ</span> <span class='ocrx_word' id='word_1_311' title='bbox 766 2606 864 2675; x_wconf 80' lang='grc' dir='ltr'>τὴν</span> <span class='ocrx_word' id='word_1_312' title='bbox 883 2607 1099 2660; x_wconf 80' lang='grc' dir='ltr'>σύνοδον</span> <span class='ocrx_word' id='word_1_313' title='bbox 1130 2608 1230 2661; x_wconf 81' lang='grc' dir='ltr'>οὐκ</span> <span class='ocrx_word' id='word_1_314' title='bbox 1255 2609 1478 2678; x_wconf 79' lang='grc' dir='ltr'>ἀνήσειν</span> <span class='ocrx_word' id='word_1_315' title='bbox 1502 2609 1762 2678; x_wconf 75' lang='grc' dir='ltr'>ἔφασκον,</span> <span class='ocrx_word' id='word_1_316' title='bbox 1803 2611 1851 2660; x_wconf 79' lang='grc' dir='ltr'>εἰ</span> <span class='ocrx_word' id='word_1_317' title='bbox 1885 2608 1959 2678; x_wconf 79' lang='grc' dir='ltr'>μή</span> <span class='ocrx_word' id='word_1_318' title='bbox 1990 2606 2042 2676; x_wconf 80' lang='grc' dir='ltr'>γ’</span> <span class='ocrx_word' id='word_1_319' title='bbox 2078 2607 2105 2658; x_wconf 85' lang='grc' dir='ltr'><strong>ὀ</strong></span> 
     </span>
    </p>
   </div>
   <div class='ocr_carea' id='block_1_41' title="bbox 524 2783 2107 2854">
    <p class='ocr_par' dir='ltr' id='par_1_41' title="bbox 524 2783 2107 2854">
     <span class='ocr_line' id='line_1_41' title="bbox 524 2783 2107 2854; baseline -0.001 -13"><span class='ocrx_word' id='word_1_320' title='bbox 524 2786 593 2841; x_wconf 90' lang='lat' dir='ltr'><strong>cii</strong></span> <span class='ocrx_word' id='word_1_321' title='bbox 651 2783 847 2852; x_wconf 81' lang='lat' dir='ltr'><strong>publici</strong></span> <span class='ocrx_word' id='word_1_322' title='bbox 874 2793 928 2839; x_wconf 89' lang='lat' dir='ltr'><strong>et</strong></span> <span class='ocrx_word' id='word_1_323' title='bbox 956 2783 1282 2854; x_wconf 88' lang='lat' dir='ltr'><strong>privatormn</strong></span> <span class='ocrx_word' id='word_1_324' title='bbox 1315 2784 1692 2839; x_wconf 88' lang='lat' dir='ltr'><strong>discriminum</strong></span> <span class='ocrx_word' id='word_1_325' title='bbox 1727 2799 1922 2851; x_wconf 87' lang='lat' dir='ltr'><strong>curas;</strong></span> <span class='ocrx_word' id='word_1_326' title='bbox 1964 2784 2107 2840; x_wconf 88' lang='lat' dir='ltr'><strong>unde</strong></span> 
     </span>
    </p>
   </div>
   <div class='ocr_carea' id='block_1_42' title="bbox 525 2876 2107 2947">
    <p class='ocr_par' dir='ltr' id='par_1_42' title="bbox 525 2876 2107 2947">
     <span class='ocr_line' id='line_1_42' title="bbox 525 2876 2107 2947; baseline 0 -17"><span class='ocrx_word' id='word_1_327' title='bbox 525 2877 673 2931; x_wconf 87' lang='lat' dir='ltr'><strong>illum</strong></span> <span class='ocrx_word' id='word_1_328' title='bbox 715 2877 806 2947; x_wconf 83' lang='lat' dir='ltr'><strong>qui</strong></span> <span class='ocrx_word' id='word_1_329' title='bbox 857 2882 1065 2931; x_wconf 75' lang='lat' dir='ltr'><strong>eleCtus</strong></span> <span class='ocrx_word' id='word_1_330' title='bbox 1116 2876 1184 2930; x_wconf 90' lang='lat' dir='ltr'><strong>ad</strong></span> <span class='ocrx_word' id='word_1_331' title='bbox 1231 2876 1332 2930; x_wconf 84' lang='lat' dir='ltr'><strong>hoc</strong></span> <span class='ocrx_word' id='word_1_332' title='bbox 1376 2878 1450 2932; x_wconf 86' lang='lat' dir='ltr'><strong>sit</strong></span> <span class='ocrx_word' id='word_1_333' title='bbox 1495 2888 1551 2931; x_wconf 90' lang='lat' dir='ltr'><strong>ut</strong></span> <span class='ocrx_word' id='word_1_334' title='bbox 1601 2876 1830 2931; x_wconf 89' lang='lat' dir='ltr'><strong>salutem</strong></span> <span class='ocrx_word' id='word_1_335' title='bbox 1890 2888 2107 2932; x_wconf 84' lang='lat' dir='ltr'><strong>tueatur</strong></span> 
     </span>
    </p>
   </div>
   <div class='ocr_carea' id='block_1_43' title="bbox 521 2967 2106 3039">
    <p class='ocr_par' dir='ltr' id='par_1_43' title="bbox 521 2967 2106 3039">
     <span class='ocr_line' id='line_1_43' title="bbox 521 2967 2106 3039; baseline 0 -18"><span class='ocrx_word' id='word_1_336' title='bbox 521 2970 801 3038; x_wconf 83' lang='lat' dir='ltr'><strong>principis,</strong></span> <span class='ocrx_word' id='word_1_337' title='bbox 836 2968 1077 3023; x_wconf 89' lang='lat' dir='ltr'><strong>omnium</strong></span> <span class='ocrx_word' id='word_1_338' title='bbox 1110 2967 1349 3039; x_wconf 86' lang='lat' dir='ltr'><strong>undique</strong></span> <span class='ocrx_word' id='word_1_339' title='bbox 1379 2968 1499 3023; x_wconf 83' lang='lat' dir='ltr'><strong>telis</strong></span> <span class='ocrx_word' id='word_1_340' title='bbox 1534 2979 1587 3022; x_wconf 84' lang='lat' dir='ltr'><strong>et</strong></span> <span class='ocrx_word' id='word_1_341' title='bbox 1619 2968 2106 3025; x_wconf 74' lang='lat' dir='ltr'><strong>iunumerabiLbus</strong></span> 
     </span>
    </p>
   </div>
   <div class='ocr_carea' id='block_1_44' title="bbox 523 3041 2155 3132">
    <p class='ocr_par' dir='ltr' id='par_1_44' title="bbox 523 3041 2155 3132">
     <span class='ocr_line' id='line_1_44' title="bbox 523 3041 2155 3132; baseline 0.001 -17"><span class='ocrx_word' id='word_1_342' title='bbox 523 3061 737 3131; x_wconf 77' lang='lat' dir='ltr'><strong>insidiis</strong></span> <span class='ocrx_word' id='word_1_343' title='bbox 787 3063 1094 3131; x_wconf 78' lang='lat' dir='ltr'><strong>expositum</strong></span> <span class='ocrx_word' id='word_1_344' title='bbox 1143 3060 1226 3114; x_wconf 85' lang='lat' dir='ltr'><strong>vel</strong></span> <span class='ocrx_word' id='word_1_345' title='bbox 1279 3063 1513 3115; x_wconf 78' lang='lat' dir='ltr'><strong>maxime</strong></span> <span class='ocrx_word' id='word_1_346' title='bbox 1557 3062 1730 3132; x_wconf 78' lang='lat' dir='ltr'><strong>ipsum</strong></span> <span class='ocrx_word' id='word_1_347' title='bbox 1776 3062 2025 3131; x_wconf 62' lang='lat' dir='ltr'><strong>praesidio</strong></span> <span class='ocrx_word' id='word_1_348' title='bbox 2052 3041 2155 3116; x_wconf 47' lang='lat' dir='ltr'><strong>et‘</strong></span> 
     </span>
    </p>
   </div>
   <div class='ocr_carea' id='block_1_45' title="bbox 524 3153 2104 3225">
    <p class='ocr_par' dir='ltr' id='par_1_45' title="bbox 524 3153 2104 3225">
     <span class='ocr_line' id='line_1_45' title="bbox 524 3153 2104 3225; baseline 0.001 -18"><span class='ocrx_word' id='word_1_349' title='bbox 524 3155 768 3209; x_wconf 77' lang='lat' dir='ltr'><strong>excubiis</strong></span> <span class='ocrx_word' id='word_1_350' title='bbox 813 3169 991 3225; x_wconf 75' lang='lat' dir='ltr'><strong>egere.</strong></span> <span class='ocrx_word' id='word_1_351' title='bbox 1052 3156 1231 3221; x_wconf 81' lang='lat' dir='ltr'><strong>Quare</strong></span> <span class='ocrx_word' id='word_1_352' title='bbox 1295 3154 1657 3223; x_wconf 63' lang='lat' dir='ltr'><strong>prastabilius</strong></span> <span class='ocrx_word' id='word_1_353' title='bbox 1707 3155 1876 3208; x_wconf 85' lang='lat' dir='ltr'><strong>videri</strong></span> <span class='ocrx_word' id='word_1_354' title='bbox 1928 3153 2104 3209; x_wconf 86' lang='lat' dir='ltr'><strong>locum</strong></span> 
     </span>
    </p>
   </div>
   <div class='ocr_carea' id='block_1_46' title="bbox 522 3220 2176 3316">
    <p class='ocr_par' dir='ltr' id='par_1_46' title="bbox 522 3220 2176 3316">
     <span class='ocr_line' id='line_1_46' title="bbox 522 3220 2176 3316; baseline -0.001 -16"><span class='ocrx_word' id='word_1_355' title='bbox 522 3246 719 3300; x_wconf 82' lang='lat' dir='ltr'><strong>cedere</strong></span> <span class='ocrx_word' id='word_1_356' title='bbox 765 3220 988 3300; x_wconf 74' lang='lat' dir='ltr'><strong>cuilibet</strong></span> <span class='ocrx_word' id='word_1_357' title='bbox 1032 3220 1231 3301; x_wconf 89' lang='lat' dir='ltr'><strong>volenti</strong></span> <span class='ocrx_word' id='word_1_358' title='bbox 1267 3220 1432 3316; x_wconf 79' lang='lat' dir='ltr'><strong>quam</strong></span> <span class='ocrx_word' id='word_1_359' title='bbox 1466 3246 1523 3299; x_wconf 90' lang='lat' dir='ltr'><strong>in</strong></span> <span class='ocrx_word' id='word_1_360' title='bbox 1557 3258 1624 3300; x_wconf 89' lang='lat' dir='ltr'><strong>eo</strong></span> <span class='ocrx_word' id='word_1_361' title='bbox 1669 3259 1873 3314; x_wconf 79' lang='lat' dir='ltr'><strong>angore</strong></span> <span class='ocrx_word' id='word_1_362' title='bbox 1900 3259 1965 3300; x_wconf 86' lang='lat' dir='ltr'><strong>ac</strong></span> <span class='ocrx_word' id='word_1_363' title='bbox 1997 3254 2107 3300; x_wconf 86' lang='lat' dir='ltr'><strong>tor-</strong></span> <span class='ocrx_word' id='word_1_364' title='bbox 2128 3220 2176 3279; x_wconf 62' lang='grc' dir='ltr'><strong>(ἶ</strong></span> 
     </span>
    </p>
   </div>
   <div class='ocr_carea' id='block_1_47' title="bbox 523 3341 935 3394">
    <p class='ocr_par' dir='ltr' id='par_1_47' title="bbox 523 3341 935 3394">
     <span class='ocr_line' id='line_1_47' title="bbox 523 3341 935 3394; baseline 0.002 -2"><span class='ocrx_word' id='word_1_365' title='bbox 523 3347 709 3394; x_wconf 82' lang='lat' dir='ltr'><strong>mento</strong></span> <span class='ocrx_word' id='word_1_366' title='bbox 733 3341 935 3393; x_wconf 77' lang='lat' dir='ltr'><strong>vivere.</strong></span> 
     </span>
    </p>
   </div>
   <div class='ocr_carea' id='block_1_48' title="bbox 523 3449 2109 3522">
    <p class='ocr_par' dir='ltr' id='par_1_48' title="bbox 523 3449 2109 3522">
     <span class='ocr_line' id='line_1_48' title="bbox 523 3449 2109 3522; baseline -0.001 -16"><span class='ocrx_word' id='word_1_367' title='bbox 523 3452 616 3509; x_wconf 75' lang='lat'><strong>9.9.</strong></span> <span class='ocrx_word' id='word_1_368' title='bbox 651 3449 718 3507; x_wconf 86' lang='lat' dir='ltr'><strong>Ut</strong></span> <span class='ocrx_word' id='word_1_369' title='bbox 745 3452 977 3506; x_wconf 82' lang='lat' dir='ltr'><strong>detinitis</strong></span> <span class='ocrx_word' id='word_1_370' title='bbox 1004 3449 1341 3521; x_wconf 73' lang='lat' dir='ltr'><strong>Palwologus</strong></span> <span class='ocrx_word' id='word_1_371' title='bbox 1366 3450 1625 3522; x_wconf 73' lang='lat' dir='ltr'><strong>plerisque</strong></span> <span class='ocrx_word' id='word_1_372' title='bbox 1646 3451 1942 3522; x_wconf 75' lang='lat' dir='ltr'><strong>principum</strong></span> <span class='ocrx_word' id='word_1_373' title='bbox 1963 3467 2109 3507; x_wconf 72' lang='lat' dir='ltr'><strong>suin-</strong></span> 
     </span>
    </p>
   </div>
   <div class='ocr_carea' id='block_1_49' title="bbox 885 3522 1750 3578">
    <p class='ocr_par' dir='ltr' id='par_1_49' title="bbox 885 3522 1750 3578">
     <span class='ocr_line' id='line_1_49' title="bbox 885 3522 1750 3578; baseline 0.003 -3"><span class='ocrx_word' id='word_1_374' title='bbox 885 3538 1029 3575; x_wconf 85' lang='lat' dir='ltr'><strong>mum</strong></span> <span class='ocrx_word' id='word_1_375' title='bbox 1053 3523 1303 3575; x_wconf 68' lang='lat' dir='ltr'><strong>[tonarent</strong></span> <span class='ocrx_word' id='word_1_376' title='bbox 1331 3522 1632 3576; x_wconf 70' lang='lat' dir='ltr'><strong>eblanditur</strong></span> <span class='ocrx_word' id='word_1_377' title='bbox 1661 3524 1750 3578; x_wconf 73' lang='lat' dir='ltr'><strong>sit.</strong></span> 
     </span>
    </p>
   </div>
   <div class='ocr_carea' id='block_1_50' title="bbox 601 3612 2108 3683">
    <p class='ocr_par' dir='ltr' id='par_1_50' title="bbox 601 3612 2108 3683">
     <span class='ocr_line' id='line_1_50' title="bbox 601 3612 2108 3683; baseline -0.001 -15"><span class='ocrx_word' id='word_1_378' title='bbox 601 3612 729 3669; x_wconf 84' lang='lat' dir='ltr'><strong>llaec</strong></span> <span class='ocrx_word' id='word_1_379' title='bbox 758 3622 814 3667; x_wconf 91' lang='lat' dir='ltr'><strong>et</strong></span> <span class='ocrx_word' id='word_1_380' title='bbox 855 3612 972 3682; x_wconf 89' lang='lat' dir='ltr'><strong>ejus</strong></span> <span class='ocrx_word' id='word_1_381' title='bbox 1001 3614 1219 3683; x_wconf 63' lang='lat' dir='ltr'><strong>generis</strong></span> <span class='ocrx_word' id='word_1_382' title='bbox 1245 3614 1410 3668; x_wconf 89' lang='lat' dir='ltr'><strong>multa</strong></span> <span class='ocrx_word' id='word_1_383' title='bbox 1450 3615 1732 3683; x_wconf 79' lang='lat' dir='ltr'><strong>proferens</strong></span> <span class='ocrx_word' id='word_1_384' title='bbox 1760 3613 2108 3669; x_wconf 77' lang='lat' dir='ltr'><strong>Vehementer</strong></span> 
     </span>
    </p>
   </div>
   <div class='ocr_carea' id='block_1_51' title="bbox 523 3704 2107 3777">
    <p class='ocr_par' dir='ltr' id='par_1_51' title="bbox 523 3704 2107 3777">
     <span class='ocr_line' id='line_1_51' title="bbox 523 3704 2107 3777; baseline -0.001 -14"><span class='ocrx_word' id='word_1_385' title='bbox 523 3707 873 3763; x_wconf 91' lang='lat' dir='ltr'><strong>incumbebat</strong></span> <span class='ocrx_word' id='word_1_386' title='bbox 901 3709 955 3760; x_wconf 91' lang='lat' dir='ltr'><strong>in</strong></span> <span class='ocrx_word' id='word_1_387' title='bbox 984 3707 1300 3777; x_wconf 90' lang='lat' dir='ltr'><strong>petitionem</strong></span> <span class='ocrx_word' id='word_1_388' title='bbox 1354 3708 1592 3777; x_wconf 81' lang='lat' dir='ltr'><strong>supremi</strong></span> <span class='ocrx_word' id='word_1_389' title='bbox 1641 3706 1889 3764; x_wconf 80' lang='lat' dir='ltr'><strong>honoris.</strong></span> <span class='ocrx_word' id='word_1_390' title='bbox 1938 3704 2107 3761; x_wconf 83' lang='lat' dir='ltr'><strong>Porro</strong></span> 
     </span>
    </p>
   </div>
   <div class='ocr_carea' id='block_1_52' title="bbox 528 3798 2107 3872">
    <p class='ocr_par' dir='ltr' id='par_1_52' title="bbox 528 3798 2107 3872">
     <span class='ocr_line' id='line_1_52' title="bbox 528 3798 2107 3872; baseline -0.003 -16"><span class='ocrx_word' id='word_1_391' title='bbox 528 3801 747 3857; x_wconf 89' lang='lat' dir='ltr'><strong>interim</strong></span> <span class='ocrx_word' id='word_1_392' title='bbox 782 3816 918 3871; x_wconf 90' lang='lat' dir='ltr'><strong>quos</strong></span> <span class='ocrx_word' id='word_1_393' title='bbox 949 3811 1233 3872; x_wconf 88' lang='lat' dir='ltr'><strong>suspectos</strong></span> <span class='ocrx_word' id='word_1_394' title='bbox 1273 3801 1533 3866; x_wconf 83' lang='lat' dir='ltr'><strong>habebat,</strong></span> <span class='ocrx_word' id='word_1_395' title='bbox 1577 3800 1883 3871; x_wconf 84' lang='lat' dir='ltr'><strong>quibusque</strong></span> <span class='ocrx_word' id='word_1_396' title='bbox 1913 3798 2107 3854; x_wconf 88' lang='lat' dir='ltr'><strong>intelli-</strong></span> 
     </span>
    </p>
   </div>
   <div class='ocr_carea' id='block_1_53' title="bbox 528 3893 2107 3964">
    <p class='ocr_par' dir='ltr' id='par_1_53' title="bbox 528 3893 2107 3964">
     <span class='ocr_line' id='line_1_53' title="bbox 528 3893 2107 3964; baseline 0.001 -16"><span class='ocrx_word' id='word_1_397' title='bbox 528 3893 693 3963; x_wconf 74' lang='lat' dir='ltr'><strong>gebat</strong></span> <span class='ocrx_word' id='word_1_398' title='bbox 714 3894 1000 3961; x_wconf 73' lang='lat' dir='ltr'><strong>displicere</strong></span> <span class='ocrx_word' id='word_1_399' title='bbox 1026 3894 1336 3964; x_wconf 70' lang='lat' dir='ltr'><strong>praesentia,</strong></span> <span class='ocrx_word' id='word_1_400' title='bbox 1377 3895 1525 3949; x_wconf 91' lang='lat' dir='ltr'><strong>cordi</strong></span> <span class='ocrx_word' id='word_1_401' title='bbox 1551 3909 1671 3951; x_wconf 89' lang='lat' dir='ltr'><strong>esse</strong></span> <span class='ocrx_word' id='word_1_402' title='bbox 1702 3908 1860 3961; x_wconf 66' lang='lat' dir='ltr'><strong>nova,</strong></span> <span class='ocrx_word' id='word_1_403' title='bbox 1900 3895 1952 3949; x_wconf 90' lang='lat' dir='ltr'><strong>in</strong></span> <span class='ocrx_word' id='word_1_404' title='bbox 1981 3908 2107 3963; x_wconf 86' lang='lat' dir='ltr'><strong>spes</strong></span> 
     </span>
    </p>
   </div>
   <div class='ocr_carea' id='block_1_54' title="bbox 518 3981 2104 4053">
    <p class='ocr_par' dir='ltr' id='par_1_54' title="bbox 518 3981 2104 4053">
     <span class='ocr_line' id='line_1_54' title="bbox 518 3981 2104 4053; baseline 0.001 -18"><span class='ocrx_word' id='word_1_405' title='bbox 518 3981 828 4039; x_wconf 71' lang='lat' dir='ltr'><strong>futurorum</strong></span> <span class='ocrx_word' id='word_1_406' title='bbox 854 3985 1124 4053; x_wconf 80' lang='lat' dir='ltr'><strong>inquietas</strong></span> <span class='ocrx_word' id='word_1_407' title='bbox 1148 3985 1580 4051; x_wconf 75' lang='lat' dir='ltr'><strong>imminentibus,</strong></span> <span class='ocrx_word' id='word_1_408' title='bbox 1606 3999 1700 4039; x_wconf 90' lang='lat' dir='ltr'><strong>eos</strong></span> <span class='ocrx_word' id='word_1_409' title='bbox 1730 3999 1862 4039; x_wconf 89' lang='lat' dir='ltr'><strong>sane</strong></span> <span class='ocrx_word' id='word_1_410' title='bbox 1893 3998 2104 4037; x_wconf 89' lang='lat' dir='ltr'><strong>summa</strong></span> 
     </span>
    </p>
   </div>
   <div class='ocr_carea' id='block_1_55' title="bbox 516 4075 2106 4144">
    <p class='ocr_par' dir='ltr' id='par_1_55' title="bbox 516 4075 2106 4144">
     <span class='ocr_line' id='line_1_55' title="bbox 516 4075 2106 4144; baseline -0.001 -16"><span class='ocrx_word' id='word_1_411' title='bbox 516 4087 687 4143; x_wconf 87' lang='lat' dir='ltr'><strong>quam</strong></span> <span class='ocrx_word' id='word_1_412' title='bbox 735 4075 1016 4131; x_wconf 76' lang='lat' dir='ltr'><strong>obtinebat</strong></span> <span class='ocrx_word' id='word_1_413' title='bbox 1064 4084 1329 4144; x_wconf 82' lang='lat' dir='ltr'><strong>potestate</strong></span> <span class='ocrx_word' id='word_1_414' title='bbox 1380 4085 1602 4132; x_wconf 85' lang='lat' dir='ltr'><strong>strenue</strong></span> <span class='ocrx_word' id='word_1_415' title='bbox 1639 4087 1794 4130; x_wconf 89' lang='lat' dir='ltr'><strong>utens</strong></span> <span class='ocrx_word' id='word_1_416' title='bbox 1840 4075 2044 4129; x_wconf 80' lang='lat' dir='ltr'><strong>amovit</strong></span> <span class='ocrx_word' id='word_1_417' title='bbox 2073 4088 2106 4127; x_wconf 91' lang='lat' dir='ltr'><strong>e</strong></span> 
     </span>
    </p>
   </div>
   <div class='ocr_carea' id='block_1_56' title="bbox 525 4154 2103 4236">
    <p class='ocr_par' dir='ltr' id='par_1_56' title="bbox 525 4154 2103 4236">
     <span class='ocr_line' id='line_1_56' title="bbox 525 4154 2103 4236; baseline 0.001 -16"><span class='ocrx_word' id='word_1_418' title='bbox 525 4166 722 4230; x_wconf 89' lang='lat' dir='ltr'><strong>medio,</strong></span> <span class='ocrx_word' id='word_1_419' title='bbox 759 4167 958 4236; x_wconf 81' lang='lat' dir='ltr'><strong>partim</strong></span> <span class='ocrx_word' id='word_1_420' title='bbox 991 4166 1188 4235; x_wconf 79' lang='lat' dir='ltr'><strong>injecm</strong></span> <span class='ocrx_word' id='word_1_421' title='bbox 1220 4177 1428 4222; x_wconf 89' lang='lat' dir='ltr'><strong>terrore</strong></span> <span class='ocrx_word' id='word_1_422' title='bbox 1459 4154 1702 4222; x_wconf 80' lang='lat' dir='ltr'><strong>eﬂicicns</strong></span> <span class='ocrx_word' id='word_1_423' title='bbox 1730 4177 1786 4219; x_wconf 91' lang='lat' dir='ltr'><strong>ut</strong></span> <span class='ocrx_word' id='word_1_424' title='bbox 1817 4176 2007 4235; x_wconf 85' lang='lat' dir='ltr'><strong>sponte</strong></span> <span class='ocrx_word' id='word_1_425' title='bbox 2036 4165 2103 4221; x_wconf 82' lang='lat' dir='ltr'><strong>ad</strong></span> 
     </span>
    </p>
   </div>
   <div class='ocr_carea' id='block_1_57' title="bbox 522 4259 2103 4331">
    <p class='ocr_par' dir='ltr' id='par_1_57' title="bbox 522 4259 2103 4331">
     <span class='ocr_line' id='line_1_57' title="bbox 522 4259 2103 4331; baseline -0.003 -13"><span class='ocrx_word' id='word_1_426' title='bbox 522 4275 623 4318; x_wconf 81' lang='lat' dir='ltr'><strong>sua</strong></span> <span class='ocrx_word' id='word_1_427' title='bbox 664 4276 723 4316; x_wconf 89' lang='lat' dir='ltr'><strong>se</strong></span> <span class='ocrx_word' id='word_1_428' title='bbox 772 4262 1076 4331; x_wconf 89' lang='lat' dir='ltr'><strong>reciperent</strong></span> <span class='ocrx_word' id='word_1_429' title='bbox 1125 4272 1180 4317; x_wconf 89' lang='lat' dir='ltr'><strong>et</strong></span> <span class='ocrx_word' id='word_1_430' title='bbox 1221 4261 1367 4316; x_wconf 88' lang='lat' dir='ltr'><strong>domi</strong></span> <span class='ocrx_word' id='word_1_431' title='bbox 1417 4275 1477 4315; x_wconf 88' lang='lat' dir='ltr'><strong>se</strong></span> <span class='ocrx_word' id='word_1_432' title='bbox 1507 4270 1770 4326; x_wconf 90' lang='lat' dir='ltr'><strong>tenerent,</strong></span> <span class='ocrx_word' id='word_1_433' title='bbox 1807 4259 2002 4329; x_wconf 89' lang='lat' dir='ltr'><strong>partim</strong></span> <span class='ocrx_word' id='word_1_434' title='bbox 2052 4260 2103 4313; x_wconf 89' lang='lat' dir='ltr'><strong>vi</strong></span> 
     </span>
    </p>
   </div>
   <div class='ocr_carea' id='block_1_58' title="bbox 516 4351 2106 4425">
    <p class='ocr_par' dir='ltr' id='par_1_58' title="bbox 516 4351 2106 4425">
     <span class='ocr_line' id='line_1_58' title="bbox 516 4351 2106 4425; baseline -0.001 -15"><span class='ocrx_word' id='word_1_435' title='bbox 516 4354 735 4425; x_wconf 76' lang='lat' dir='ltr'><strong>publica</strong></span> <span class='ocrx_word' id='word_1_436' title='bbox 789 4368 1065 4409; x_wconf 86' lang='lat' dir='ltr'><strong>coercens.</strong></span> <span class='ocrx_word' id='word_1_437' title='bbox 1127 4355 1244 4419; x_wconf 79' lang='lat' dir='ltr'><strong>Quo</strong></span> <span class='ocrx_word' id='word_1_438' title='bbox 1298 4353 1353 4407; x_wconf 89' lang='lat' dir='ltr'><strong>in</strong></span> <span class='ocrx_word' id='word_1_439' title='bbox 1403 4367 1597 4421; x_wconf 74' lang='lat' dir='ltr'><strong>genere</strong></span> <span class='ocrx_word' id='word_1_440' title='bbox 1648 4366 1769 4406; x_wconf 89' lang='lat' dir='ltr'><strong>cum</strong></span> <span class='ocrx_word' id='word_1_441' title='bbox 1823 4351 1954 4406; x_wconf 82' lang='lat' dir='ltr'><strong>alios</strong></span> <span class='ocrx_word' id='word_1_442' title='bbox 1997 4352 2106 4408; x_wconf 88' lang='lat' dir='ltr'><strong>alio</strong></span> 
     </span>
    </p>
   </div>
   <div class='ocr_carea' id='block_1_59' title="bbox 516 4442 2104 4513">
    <p class='ocr_par' dir='ltr' id='par_1_59' title="bbox 516 4442 2104 4513">
     <span class='ocr_line' id='line_1_59' title="bbox 516 4442 2104 4513; baseline -0.001 -12"><span class='ocrx_word' id='word_1_443' title='bbox 516 4444 860 4509; x_wconf 76' lang='lat' dir='ltr'><strong>amandavit,</strong></span> <span class='ocrx_word' id='word_1_444' title='bbox 906 4453 1016 4498; x_wconf 91' lang='lat' dir='ltr'><strong>tum</strong></span> <span class='ocrx_word' id='word_1_445' title='bbox 1050 4442 1476 4497; x_wconf 86' lang='lat' dir='ltr'><strong>Tzamanturum</strong></span> <span class='ocrx_word' id='word_1_446' title='bbox 1526 4442 1821 4513; x_wconf 76' lang='lat' dir='ltr'><strong>relegatum</strong></span> <span class='ocrx_word' id='word_1_447' title='bbox 1876 4442 2104 4499; x_wconf 88' lang='lat' dir='ltr'><strong>Prusatu</strong></span> 
     </span>
    </p>
   </div>
   <div class='ocr_carea' id='block_1_60' title="bbox 2600 1962 3378 2035">
    <p class='ocr_par' dir='ltr' id='par_1_60' title="bbox 2600 1962 3378 2035">
     <span class='ocr_line' id='line_1_60' title="bbox 2600 1962 3378 2035; baseline -0.005 -15"><span class='ocrx_word' id='word_1_448' title='bbox 2600 1967 2832 2035; x_wconf 73' lang='grc' dir='ltr'>επήρθη</span> <span class='ocrx_word' id='word_1_449' title='bbox 2850 1964 2970 2018; x_wconf 80' lang='grc' dir='ltr'><strong>τῶν</strong></span> <span class='ocrx_word' id='word_1_450' title='bbox 2996 1962 3378 2033; x_wconf 76' lang='grc' dir='ltr'>πραγμάτων.</span> 
     </span>
    </p>
   </div>
   <div class='ocr_carea' id='block_1_61' title="bbox 2293 2058 3751 2133">
    <p class='ocr_par' dir='ltr' id='par_1_61' title="bbox 2293 2058 3751 2133">
     <span class='ocr_line' id='line_1_61' title="bbox 2293 2058 3751 2133; baseline -0.003 -17"><span class='ocrx_word' id='word_1_451' title='bbox 2293 2062 2380 2116; x_wconf 84' lang='grc' dir='ltr'>Ἐν</span> <span class='ocrx_word' id='word_1_452' title='bbox 2405 2061 2643 2133; x_wconf 65' lang='grc' dir='ltr'>τοσούτῳ</span> <span class='ocrx_word' id='word_1_453' title='bbox 2672 2063 2729 2116; x_wconf 77' lang='grc' dir='ltr'><strong>δὲ</strong></span> <span class='ocrx_word' id='word_1_454' title='bbox 2764 2065 2858 2118; x_wconf 71' lang='grc' dir='ltr'>καὶ</span> <span class='ocrx_word' id='word_1_455' title='bbox 2887 2064 2915 2117; x_wconf 90' lang='grc' dir='ltr'><strong>ό</strong></span> <span class='ocrx_word' id='word_1_456' title='bbox 2946 2065 3006 2116; x_wconf 76' lang='grc' dir='ltr'>ἐν</span> <span class='ocrx_word' id='word_1_457' title='bbox 3038 2064 3106 2133; x_wconf 80' lang='grc' dir='ltr'>τῇ</span> <span class='ocrx_word' id='word_1_458' title='bbox 3165 2060 3315 2114; x_wconf 79' lang='grc' dir='ltr'>δύσει</span> <span class='ocrx_word' id='word_1_459' title='bbox 3368 2058 3618 2127; x_wconf 81' lang='grc' dir='ltr'>δεσπότης</span> <span class='ocrx_word' id='word_1_460' title='bbox 3660 2059 3751 2112; x_wconf 71' lang='grc' dir='ltr'><strong>Μι-</strong></span> 
     </span>
    </p>
   </div>
   <div class='ocr_carea' id='block_1_62' title="bbox 2211 2146 3751 2222">
    <p class='ocr_par' dir='ltr' id='par_1_62' title="bbox 2211 2146 3751 2222">
     <span class='ocr_line' id='line_1_62' title="bbox 2211 2146 3751 2222; baseline -0.013 -16"><span class='ocrx_word' id='word_1_461' title='bbox 2211 2151 2372 2222; x_wconf 75' lang='grc' dir='ltr'>χαὴλ,</span> <span class='ocrx_word' id='word_1_462' title='bbox 2404 2153 2432 2205; x_wconf 82' lang='grc' dir='ltr'><strong>ό</strong></span> <span class='ocrx_word' id='word_1_463' title='bbox 2464 2151 2559 2204; x_wconf 83' lang='grc' dir='ltr'><strong>τοῦ</strong></span> <span class='ocrx_word' id='word_1_464' title='bbox 2611 2150 3167 2221; x_wconf 72' lang='grc' dir='ltr'>προόεὸασιλευκότος</span> <span class='ocrx_word' id='word_1_465' title='bbox 3213 2146 3492 2218; x_wconf 79' lang='grc' dir='ltr'>Θεοδώρου</span> <span class='ocrx_word' id='word_1_466' title='bbox 3541 2148 3751 2215; x_wconf 61' lang='grc' dir='ltr'>ἀνεψιὸς,</span> 
     </span>
    </p>
   </div>
   <div class='ocr_carea' id='block_1_63' title="bbox 2211 2240 3751 2312">
    <p class='ocr_par' dir='ltr' id='par_1_63' title="bbox 2211 2240 3751 2312">
     <span class='ocr_line' id='line_1_63' title="bbox 2211 2240 3751 2312; baseline -0.004 -13"><span class='ocrx_word' id='word_1_467' title='bbox 2211 2243 2451 2307; x_wconf 80' lang='grc' dir='ltr'>ἀκούσας</span> <span class='ocrx_word' id='word_1_468' title='bbox 2480 2245 2549 2296; x_wconf 81' lang='grc' dir='ltr'>τὰ</span> <span class='ocrx_word' id='word_1_469' title='bbox 2572 2244 2693 2297; x_wconf 85' lang='grc' dir='ltr'>κατ’</span> <span class='ocrx_word' id='word_1_470' title='bbox 2745 2244 3012 2312; x_wconf 75' lang='grc' dir='ltr'>ἀνατολὴν</span> <span class='ocrx_word' id='word_1_471' title='bbox 3044 2241 3120 2303; x_wconf 85' lang='grc' dir='ltr'>ὼς</span> <span class='ocrx_word' id='word_1_472' title='bbox 3155 2241 3322 2312; x_wconf 82' lang='grc' dir='ltr'>εἶχον,</span> <span class='ocrx_word' id='word_1_473' title='bbox 3352 2240 3445 2292; x_wconf 75' lang='grc' dir='ltr'>καὶ</span> <span class='ocrx_word' id='word_1_474' title='bbox 3489 2241 3564 2294; x_wconf 84' lang='grc' dir='ltr'>ὅτι</span> <span class='ocrx_word' id='word_1_475' title='bbox 3614 2240 3751 2293; x_wconf 76' lang='grc' dir='ltr'>ἔκπο-</span> 
     </span>
    </p>
   </div>
   <div class='ocr_carea' id='block_1_64' title="bbox 2209 2332 3748 2405">
    <p class='ocr_par' dir='ltr' id='par_1_64' title="bbox 2209 2332 3748 2405">
     <span class='ocr_line' id='line_1_64' title="bbox 2209 2332 3748 2405; baseline -0.003 -16"><span class='ocrx_word' id='word_1_476' title='bbox 2209 2336 2316 2389; x_wconf 87' lang='grc' dir='ltr'><strong>δὼν</strong></span> <span class='ocrx_word' id='word_1_477' title='bbox 2348 2334 2630 2404; x_wconf 80' lang='grc' dir='ltr'>γεγονότος</span> <span class='ocrx_word' id='word_1_478' title='bbox 2662 2334 2757 2387; x_wconf 78' lang='grc' dir='ltr'><strong>τοῦ</strong></span> <span class='ocrx_word' id='word_1_479' title='bbox 2779 2333 3032 2405; x_wconf 81' lang='grc' dir='ltr'>Λάσκαρι</span> <span class='ocrx_word' id='word_1_480' title='bbox 3086 2335 3144 2386; x_wconf 81' lang='grc' dir='ltr'>ὲν</span> <span class='ocrx_word' id='word_1_481' title='bbox 3188 2332 3582 2403; x_wconf 83' lang='grc' dir='ltr'>μειρακυλλίοις</span> <span class='ocrx_word' id='word_1_482' title='bbox 3617 2333 3701 2400; x_wconf 83' lang='grc' dir='ltr'>μὲν</span> <span class='ocrx_word' id='word_1_483' title='bbox 3720 2333 3748 2385; x_wconf 79' lang='grc' dir='ltr'>ὂ</span> 
     </span>
    </p>
   </div>
   <div class='ocr_carea' id='block_1_65' title="bbox 2211 2421 3751 2495">
    <p class='ocr_par' dir='ltr' id='par_1_65' title="bbox 2211 2421 3751 2495">
     <span class='ocr_line' id='line_1_65' title="bbox 2211 2421 3751 2495; baseline -0.004 -15"><span class='ocrx_word' id='word_1_484' title='bbox 2211 2428 2271 2493; x_wconf 73' lang='grc' dir='ltr'><strong>ἐξ</strong></span> <span class='ocrx_word' id='word_1_485' title='bbox 2300 2428 2514 2480; x_wconf 68' lang='grc' dir='ltr'>ἐκείνου</span> <span class='ocrx_word' id='word_1_486' title='bbox 2566 2424 2822 2495; x_wconf 81' lang='grc' dir='ltr'>Ἰωάννης</span> <span class='ocrx_word' id='word_1_487' title='bbox 2846 2424 3011 2490; x_wconf 86' lang='grc' dir='ltr'>τελεῖ,</span> <span class='ocrx_word' id='word_1_488' title='bbox 3037 2428 3117 2489; x_wconf 86' lang='grc' dir='ltr'>εἰς</span> <span class='ocrx_word' id='word_1_489' title='bbox 3144 2427 3425 2495; x_wconf 80' lang='grc' dir='ltr'>προνομὴν</span> <span class='ocrx_word' id='word_1_490' title='bbox 3484 2425 3538 2477; x_wconf 82' lang='grc' dir='ltr'>δὲ</span> <span class='ocrx_word' id='word_1_491' title='bbox 3590 2425 3619 2493; x_wconf 86' lang='grc' dir='ltr'>ἠ</span> <span class='ocrx_word' id='word_1_492' title='bbox 3662 2421 3751 2475; x_wconf 79' lang='grc' dir='ltr'>τῶν</span> 
     </span>
    </p>
   </div>
   <div class='ocr_carea' id='block_1_66' title="bbox 2223 2513 3752 2590">
    <p class='ocr_par' dir='ltr' id='par_1_66' title="bbox 2223 2513 3752 2590">
     <span class='ocr_line' id='line_1_66' title="bbox 2223 2513 3752 2590; baseline -0.005 -16"><span class='ocrx_word' id='word_1_493' title='bbox 2223 2520 2509 2590; x_wconf 82' lang='grc' dir='ltr'>Ῥωμαίων</span> <span class='ocrx_word' id='word_1_494' title='bbox 2539 2519 2788 2590; x_wconf 85' lang='grc' dir='ltr'>βασιλεία</span> <span class='ocrx_word' id='word_1_495' title='bbox 2823 2520 3002 2571; x_wconf 84' lang='grc' dir='ltr'>κεῖται</span> <span class='ocrx_word' id='word_1_496' title='bbox 3028 2518 3106 2589; x_wconf 85' lang='grc' dir='ltr'>τῷ</span> <span class='ocrx_word' id='word_1_497' title='bbox 3128 2517 3394 2588; x_wconf 81' lang='grc' dir='ltr'>βουλομέν</span> <span class='ocrx_word' id='word_1_498' title='bbox 3411 2542 3460 2583; x_wconf 80' lang='lat'><strong>;-,</strong></span> <span class='ocrx_word' id='word_1_499' title='bbox 3485 2515 3657 2582; x_wconf 81' lang='grc' dir='ltr'>ἀνάγει</span> <span class='ocrx_word' id='word_1_500' title='bbox 3679 2513 3752 2568; x_wconf 73' lang='grc' dir='ltr'><strong>τὸν</strong></span> 
     </span>
    </p>
   </div>
   <div class='ocr_carea' id='block_1_67' title="bbox 2210 2606 3752 2684">
    <p class='ocr_par' dir='ltr' id='par_1_67' title="bbox 2210 2606 3752 2684">
     <span class='ocr_line' id='line_1_67' title="bbox 2210 2606 3752 2684; baseline -0.006 -16"><span class='ocrx_word' id='word_1_501' title='bbox 2210 2613 2336 2668; x_wconf 82' lang='grc' dir='ltr'>νοῦν</span> <span class='ocrx_word' id='word_1_502' title='bbox 2365 2612 2502 2684; x_wconf 78' lang='grc' dir='ltr'>πρὸς</span> <span class='ocrx_word' id='word_1_503' title='bbox 2530 2613 2619 2666; x_wconf 82' lang='grc' dir='ltr'><strong>τὸν</strong></span> <span class='ocrx_word' id='word_1_504' title='bbox 2638 2610 2782 2665; x_wconf 81' lang='grc' dir='ltr'>θεῖον</span> <span class='ocrx_word' id='word_1_505' title='bbox 2803 2611 3097 2682; x_wconf 78' lang='grc' dir='ltr'>Θεόδωρον,</span> <span class='ocrx_word' id='word_1_506' title='bbox 3129 2612 3273 2674; x_wconf 83' lang='grc' dir='ltr'>ὅπως</span> <span class='ocrx_word' id='word_1_507' title='bbox 3291 2612 3539 2672; x_wconf 77' lang='grc' dir='ltr'>κάκεῖνος</span> <span class='ocrx_word' id='word_1_508' title='bbox 3561 2606 3752 2678; x_wconf 68' lang='grc' dir='ltr'>εὐγενὴς</span> 
     </span>
    </p>
   </div>
   <div class='ocr_carea' id='block_1_68' title="bbox 2212 2784 3750 2864">
    <p class='ocr_par' dir='ltr' id='par_1_68' title="bbox 2212 2784 3750 2864">
     <span class='ocr_line' id='line_1_68' title="bbox 2212 2784 3750 2864; baseline -0.005 -17"><span class='ocrx_word' id='word_1_509' title='bbox 2212 2807 2332 2864; x_wconf 88' lang='lat' dir='ltr'><strong>pem</strong></span> <span class='ocrx_word' id='word_1_510' title='bbox 2392 2792 2745 2862; x_wconf 64' lang='lat' dir='ltr'><strong>praerogativa</strong></span> <span class='ocrx_word' id='word_1_511' title='bbox 2785 2789 3044 2846; x_wconf 83' lang='lat' dir='ltr'><strong>nascendi</strong></span> <span class='ocrx_word' id='word_1_512' title='bbox 3090 2788 3180 2860; x_wconf 86' lang='lat' dir='ltr'><strong>jus</strong></span> <span class='ocrx_word' id='word_1_513' title='bbox 3216 2788 3491 2858; x_wconf 82' lang='lat' dir='ltr'><strong>adeptum,</strong></span> <span class='ocrx_word' id='word_1_514' title='bbox 3529 2784 3750 2857; x_wconf 75' lang='lat' dir='ltr'><strong>dignissi-</strong></span> 
     </span>
    </p>
   </div>
   <div class='ocr_carea' id='block_1_69' title="bbox 2214 2878 3752 2952">
    <p class='ocr_par' dir='ltr' id='par_1_69' title="bbox 2214 2878 3752 2952">
     <span class='ocr_line' id='line_1_69' title="bbox 2214 2878 3752 2952; baseline -0.005 -14"><span class='ocrx_word' id='word_1_515' title='bbox 2214 2898 2334 2938; x_wconf 85' lang='lat' dir='ltr'><strong>mus</strong></span> <span class='ocrx_word' id='word_1_516' title='bbox 2383 2883 2614 2952; x_wconf 85' lang='lat' dir='ltr'><strong>imperio</strong></span> <span class='ocrx_word' id='word_1_517' title='bbox 2660 2883 2772 2948; x_wconf 89' lang='lat' dir='ltr'><strong>sit;</strong></span> <span class='ocrx_word' id='word_1_518' title='bbox 2830 2881 3058 2950; x_wconf 89' lang='lat' dir='ltr'><strong>ideoque</strong></span> <span class='ocrx_word' id='word_1_519' title='bbox 3104 2880 3370 2949; x_wconf 78' lang='lat' dir='ltr'><strong>collegam</strong></span> <span class='ocrx_word' id='word_1_520' title='bbox 3398 2879 3448 2935; x_wconf 93' lang='lat' dir='ltr'><strong>ei</strong></span> <span class='ocrx_word' id='word_1_521' title='bbox 3493 2878 3752 2948; x_wconf 74' lang='lat' dir='ltr'><strong>adiungen-</strong></span> 
     </span>
    </p>
   </div>
   <div class='ocr_carea' id='block_1_70' title="bbox 2212 2967 3747 3044">
    <p class='ocr_par' dir='ltr' id='par_1_70' title="bbox 2212 2967 3747 3044">
     <span class='ocr_line' id='line_1_70' title="bbox 2212 2967 3747 3044; baseline -0.005 -16"><span class='ocrx_word' id='word_1_522' title='bbox 2212 2974 2365 3029; x_wconf 86' lang='lat' dir='ltr'><strong>dum.</strong></span> <span class='ocrx_word' id='word_1_523' title='bbox 2415 2972 2587 3044; x_wconf 77' lang='lat' dir='ltr'><strong>Egere</strong></span> <span class='ocrx_word' id='word_1_524' title='bbox 2645 2972 2895 3041; x_wconf 81' lang='lat' dir='ltr'><strong>profecto</strong></span> <span class='ocrx_word' id='word_1_525' title='bbox 2952 2970 3344 3041; x_wconf 85' lang='lat' dir='ltr'><strong>rempublicam</strong></span> <span class='ocrx_word' id='word_1_526' title='bbox 3405 2978 3609 3025; x_wconf 82' lang='lat' dir='ltr'><strong>maturo</strong></span> <span class='ocrx_word' id='word_1_527' title='bbox 3653 2967 3747 3037; x_wconf 83' lang='lat' dir='ltr'><strong>jam</strong></span> 
     </span>
    </p>
   </div>
   <div class='ocr_carea' id='block_1_71' title="bbox 2211 3062 3752 3138">
    <p class='ocr_par' dir='ltr' id='par_1_71' title="bbox 2211 3062 3752 3138">
     <span class='ocr_line' id='line_1_71' title="bbox 2211 3062 3752 3138; baseline -0.006 -16"><span class='ocrx_word' id='word_1_528' title='bbox 2211 3068 2458 3136; x_wconf 83' lang='lat' dir='ltr'><strong>principe</strong></span> <span class='ocrx_word' id='word_1_529' title='bbox 2485 3077 2539 3123; x_wconf 89' lang='lat' dir='ltr'><strong>et</strong></span> <span class='ocrx_word' id='word_1_530' title='bbox 2565 3067 2631 3123; x_wconf 83' lang='lat' dir='ltr'><strong>ad</strong></span> <span class='ocrx_word' id='word_1_531' title='bbox 2655 3081 2753 3138; x_wconf 87' lang='lat' dir='ltr'><strong>per</strong></span> <span class='ocrx_word' id='word_1_532' title='bbox 2791 3081 2852 3121; x_wconf 91' lang='lat' dir='ltr'><strong>se</strong></span> <span class='ocrx_word' id='word_1_533' title='bbox 2890 3065 3153 3134; x_wconf 80' lang='lat' dir='ltr'><strong>agendum</strong></span> <span class='ocrx_word' id='word_1_534' title='bbox 3198 3064 3345 3134; x_wconf 83' lang='lat' dir='ltr'><strong>quod</strong></span> <span class='ocrx_word' id='word_1_535' title='bbox 3389 3062 3609 3130; x_wconf 87' lang='lat' dir='ltr'><strong>sitopus</strong></span> <span class='ocrx_word' id='word_1_536' title='bbox 3630 3071 3752 3129; x_wconf 78' lang='lat' dir='ltr'><strong>apto,</strong></span> 
     </span>
    </p>
   </div>
   <div class='ocr_carea' id='block_1_72' title="bbox 2214 3150 3753 3230">
    <p class='ocr_par' dir='ltr' id='par_1_72' title="bbox 2214 3150 3753 3230">
     <span class='ocr_line' id='line_1_72' title="bbox 2214 3150 3753 3230; baseline -0.006 -16"><span class='ocrx_word' id='word_1_537' title='bbox 2214 3176 2314 3215; x_wconf 88' lang='lat' dir='ltr'><strong>nec</strong></span> <span class='ocrx_word' id='word_1_538' title='bbox 2340 3160 2645 3229; x_wconf 79' lang='lat' dir='ltr'><strong>exspectari</strong></span> <span class='ocrx_word' id='word_1_539' title='bbox 2673 3174 2831 3230; x_wconf 80' lang='lat' dir='ltr'><strong>posse</strong></span> <span class='ocrx_word' id='word_1_540' title='bbox 2861 3158 2987 3212; x_wconf 89' lang='lat' dir='ltr'><strong>dum</strong></span> <span class='ocrx_word' id='word_1_541' title='bbox 3021 3156 3274 3225; x_wconf 85' lang='lat' dir='ltr'><strong>puerulus</strong></span> <span class='ocrx_word' id='word_1_542' title='bbox 3312 3155 3370 3210; x_wconf 93' lang='lat' dir='ltr'><strong>in</strong></span> <span class='ocrx_word' id='word_1_543' title='bbox 3406 3156 3573 3210; x_wconf 87' lang='lat' dir='ltr'><strong>virum</strong></span> <span class='ocrx_word' id='word_1_544' title='bbox 3597 3150 3753 3208; x_wconf 85' lang='lat' dir='ltr'><strong>adole-</strong></span> 
     </span>
    </p>
   </div>
   <div class='ocr_carea' id='block_1_73' title="bbox 2210 3245 3754 3324">
    <p class='ocr_par' dir='ltr' id='par_1_73' title="bbox 2210 3245 3754 3324">
     <span class='ocr_line' id='line_1_73' title="bbox 2210 3245 3754 3324; baseline -0.006 -15"><span class='ocrx_word' id='word_1_545' title='bbox 2210 3256 2372 3318; x_wconf 85' lang='lat' dir='ltr'><strong>verit,</strong></span> <span class='ocrx_word' id='word_1_546' title='bbox 2402 3269 2469 3308; x_wconf 81' lang='lat' dir='ltr'><strong>ne</strong></span> <span class='ocrx_word' id='word_1_547' title='bbox 2494 3253 2737 3310; x_wconf 76' lang='lat' dir='ltr'><strong>Romana</strong></span> <span class='ocrx_word' id='word_1_548' title='bbox 2768 3269 2861 3309; x_wconf 86' lang='lat' dir='ltr'><strong>res</strong></span> <span class='ocrx_word' id='word_1_549' title='bbox 2906 3251 3159 3324; x_wconf 74' lang='lat' dir='ltr'><strong>praesenti</strong></span> <span class='ocrx_word' id='word_1_550' title='bbox 3188 3251 3423 3321; x_wconf 75' lang='lat' dir='ltr'><strong>vigentis</strong></span> <span class='ocrx_word' id='word_1_551' title='bbox 3447 3245 3754 3318; x_wconf 82' lang='lat' dir='ltr'><strong>imperatoris</strong></span> 
     </span>
    </p>
   </div>
   <div class='ocr_carea' id='block_1_74' title="bbox 2209 3338 3754 3417">
    <p class='ocr_par' dir='ltr' id='par_1_74' title="bbox 2209 3338 3754 3417">
     <span class='ocr_line' id='line_1_74' title="bbox 2209 3338 3754 3417; baseline -0.008 -15"><span class='ocrx_word' id='word_1_552' title='bbox 2209 3362 2316 3417; x_wconf 87' lang='lat' dir='ltr'><strong>ope</strong></span> <span class='ocrx_word' id='word_1_553' title='bbox 2345 3345 2595 3416; x_wconf 72' lang='lat' dir='ltr'><strong>indigens</strong></span> <span class='ocrx_word' id='word_1_554' title='bbox 2619 3344 2702 3399; x_wconf 88' lang='lat' dir='ltr'><strong>vel</strong></span> <span class='ocrx_word' id='word_1_555' title='bbox 2752 3345 3008 3410; x_wconf 66' lang='lat' dir='ltr'><strong>maxime,</strong></span> <span class='ocrx_word' id='word_1_556' title='bbox 3058 3353 3135 3399; x_wconf 89' lang='lat' dir='ltr'><strong>tot</strong></span> <span class='ocrx_word' id='word_1_557' title='bbox 3175 3344 3354 3397; x_wconf 84' lang='lat' dir='ltr'><strong>cincta</strong></span> <span class='ocrx_word' id='word_1_558' title='bbox 3390 3338 3650 3409; x_wconf 80' lang='lat' dir='ltr'><strong>periculis,</strong></span> <span class='ocrx_word' id='word_1_559' title='bbox 3675 3349 3754 3407; x_wconf 80' lang='lat' dir='ltr'><strong>per</strong></span> 
     </span>
    </p>
   </div>
   <div class='ocr_carea' id='block_1_75' title="bbox 2209 3431 3752 3507">
    <p class='ocr_par' dir='ltr' id='par_1_75' title="bbox 2209 3431 3752 3507">
     <span class='ocr_line' id='line_1_75' title="bbox 2209 3431 3752 3507; baseline -0.006 -14"><span class='ocrx_word' id='word_1_560' title='bbox 2209 3446 2419 3494; x_wconf 86' lang='lat' dir='ltr'><strong>tantam</strong></span> <span class='ocrx_word' id='word_1_561' title='bbox 2472 3452 2684 3493; x_wconf 76' lang='lat' dir='ltr'><strong>moram</strong></span> <span class='ocrx_word' id='word_1_562' title='bbox 2729 3438 2879 3506; x_wconf 86' lang='lat' dir='ltr'><strong>prius</strong></span> <span class='ocrx_word' id='word_1_563' title='bbox 2924 3445 3114 3507; x_wconf 78' lang='lat' dir='ltr'><strong>pereat</strong></span> <span class='ocrx_word' id='word_1_564' title='bbox 3152 3443 3485 3505; x_wconf 87' lang='lat' dir='ltr'><strong>corruatque</strong></span> <span class='ocrx_word' id='word_1_565' title='bbox 3521 3431 3752 3493; x_wconf 76' lang='lat' dir='ltr'><strong>funditus,</strong></span> 
     </span>
    </p>
   </div>
   <div class='ocr_carea' id='block_1_76' title="bbox 2209 3516 3754 3600">
    <p class='ocr_par' dir='ltr' id='par_1_76' title="bbox 2209 3516 3754 3600">
     <span class='ocr_line' id='line_1_76' title="bbox 2209 3516 3754 3600; baseline -0.008 -17"><span class='ocrx_word' id='word_1_566' title='bbox 2209 3546 2372 3600; x_wconf 87' lang='lat' dir='ltr'><strong>quam</strong></span> <span class='ocrx_word' id='word_1_567' title='bbox 2427 3530 2516 3600; x_wconf 87' lang='lat' dir='ltr'><strong>qui</strong></span> <span class='ocrx_word' id='word_1_568' title='bbox 2561 3544 2683 3583; x_wconf 89' lang='lat' dir='ltr'><strong>eam</strong></span> <span class='ocrx_word' id='word_1_569' title='bbox 2731 3528 3106 3583; x_wconf 70' lang='lat' dir='ltr'><strong>vindicaturus</strong></span> <span class='ocrx_word' id='word_1_570' title='bbox 3139 3524 3209 3581; x_wconf 84' lang='lat' dir='ltr'><strong>ab</strong></span> <span class='ocrx_word' id='word_1_571' title='bbox 3238 3525 3467 3580; x_wconf 77' lang='lat' dir='ltr'><strong>interitu</strong></span> <span class='ocrx_word' id='word_1_572' title='bbox 3498 3523 3584 3585; x_wconf 86' lang='lat' dir='ltr'><strong>sit,</strong></span> <span class='ocrx_word' id='word_1_573' title='bbox 3609 3521 3656 3574; x_wconf 91' lang='lat' dir='ltr'><strong>in</strong></span> <span class='ocrx_word' id='word_1_574' title='bbox 3681 3516 3754 3572; x_wconf 85' lang='lat' dir='ltr'><strong>llo-</strong></span> 
     </span>
    </p>
   </div>
   <div class='ocr_carea' id='block_1_77' title="bbox 2208 3618 3752 3684">
    <p class='ocr_par' dir='ltr' id='par_1_77' title="bbox 2208 3618 3752 3684">
     <span class='ocr_line' id='line_1_77' title="bbox 2208 3618 3752 3684; baseline -0.008 -8"><span class='ocrx_word' id='word_1_575' title='bbox 2208 3634 2418 3678; x_wconf 89' lang='lat' dir='ltr'><strong>reutem</strong></span> <span class='ocrx_word' id='word_1_576' title='bbox 2463 3620 2757 3677; x_wconf 78' lang='lat' dir='ltr'><strong>adoleverit</strong></span> <span class='ocrx_word' id='word_1_577' title='bbox 2802 3626 3039 3674; x_wconf 61' lang='lat' dir='ltr'><strong>aetatem.</strong></span> <span class='ocrx_word' id='word_1_578' title='bbox 3066 3618 3386 3684; x_wconf 85' lang='lat' dir='ltr'><strong>Impositum</strong></span> <span class='ocrx_word' id='word_1_579' title='bbox 3418 3623 3588 3671; x_wconf 85' lang='lat' dir='ltr'><strong>autem</strong></span> <span class='ocrx_word' id='word_1_580' title='bbox 3613 3625 3752 3667; x_wconf 86' lang='lat' dir='ltr'><strong>cura-</strong></span> 
     </span>
    </p>
   </div>
   <div class='ocr_carea' id='block_1_78' title="bbox 2208 3699 3753 3781">
    <p class='ocr_par' dir='ltr' id='par_1_78' title="bbox 2208 3699 3753 3781">
     <span class='ocr_line' id='line_1_78' title="bbox 2208 3699 3753 3781; baseline -0.01 -14"><span class='ocrx_word' id='word_1_581' title='bbox 2208 3722 2379 3767; x_wconf 89' lang='lat' dir='ltr'><strong>torem</strong></span> <span class='ocrx_word' id='word_1_582' title='bbox 2407 3710 2640 3781; x_wconf 72' lang='lat' dir='ltr'><strong>negntiis</strong></span> <span class='ocrx_word' id='word_1_583' title='bbox 2664 3726 2771 3764; x_wconf 86' lang='lat' dir='ltr'><strong>nnn</strong></span> <span class='ocrx_word' id='word_1_584' title='bbox 2803 3719 2860 3763; x_wconf 92' lang='lat' dir='ltr'><strong>ut</strong></span> <span class='ocrx_word' id='word_1_585' title='bbox 2884 3708 3178 3778; x_wconf 87' lang='lat' dir='ltr'><strong>principem</strong></span> <span class='ocrx_word' id='word_1_586' title='bbox 3207 3720 3391 3776; x_wconf 75' lang='lat' dir='ltr'><strong>agere,</strong></span> <span class='ocrx_word' id='word_1_587' title='bbox 3418 3705 3513 3761; x_wconf 88' lang='lat' dir='ltr'><strong>sed</strong></span> <span class='ocrx_word' id='word_1_588' title='bbox 3537 3699 3753 3774; x_wconf 81' lang='lat' dir='ltr'><strong>precaria</strong></span> 
     </span>
    </p>
   </div>
   <div class='ocr_carea' id='block_1_79' title="bbox 2206 3792 3752 3875">
    <p class='ocr_par' dir='ltr' id='par_1_79' title="bbox 2206 3792 3752 3875">
     <span class='ocr_line' id='line_1_79' title="bbox 2206 3792 3752 3875; baseline -0.011 -16"><span class='ocrx_word' id='word_1_589' title='bbox 2206 3806 2438 3875; x_wconf 87' lang='lat' dir='ltr'><strong>quadam</strong></span> <span class='ocrx_word' id='word_1_590' title='bbox 2472 3814 2526 3857; x_wconf 88' lang='lat' dir='ltr'><strong>et</strong></span> <span class='ocrx_word' id='word_1_591' title='bbox 2558 3799 2899 3857; x_wconf 80' lang='lat' dir='ltr'><strong>auctoritatis</strong></span> <span class='ocrx_word' id='word_1_592' title='bbox 2921 3797 3235 3870; x_wconf 83' lang='lat' dir='ltr'><strong>principalis</strong></span> <span class='ocrx_word' id='word_1_593' title='bbox 3276 3811 3448 3866; x_wconf 80' lang='lat' dir='ltr'><strong>egena</strong></span> <span class='ocrx_word' id='word_1_594' title='bbox 3488 3792 3752 3851; x_wconf 68' lang='lat' dir='ltr'><strong>intinctione.</strong></span> 
     </span>
    </p>
   </div>
   <div class='ocr_carea' id='block_1_80' title="bbox 2205 3888 3750 3961">
    <p class='ocr_par' dir='ltr' id='par_1_80' title="bbox 2205 3888 3750 3961">
     <span class='ocr_line' id='line_1_80' title="bbox 2205 3888 3750 3961; baseline -0.011 -8"><span class='ocrx_word' id='word_1_595' title='bbox 2205 3908 2260 3953; x_wconf 89' lang='lat' dir='ltr'><strong>et</strong></span> <span class='ocrx_word' id='word_1_596' title='bbox 2298 3898 2573 3953; x_wconf 74' lang='lat' dir='ltr'><strong>infirmum</strong></span> <span class='ocrx_word' id='word_1_597' title='bbox 2611 3904 2666 3950; x_wconf 91' lang='lat' dir='ltr'><strong>et</strong></span> <span class='ocrx_word' id='word_1_598' title='bbox 2708 3893 2960 3950; x_wconf 87' lang='lat' dir='ltr'><strong>instabile</strong></span> <span class='ocrx_word' id='word_1_599' title='bbox 3002 3891 3317 3961; x_wconf 74' lang='lat' dir='ltr'><strong>reipublicre</strong></span> <span class='ocrx_word' id='word_1_600' title='bbox 3353 3888 3605 3944; x_wconf 85' lang='lat' dir='ltr'><strong>solatium</strong></span> <span class='ocrx_word' id='word_1_601' title='bbox 3629 3898 3750 3940; x_wconf 76' lang='lat' dir='ltr'><strong>esse.</strong></span> 
     </span>
    </p>
   </div>
   <div class='ocr_carea' id='block_1_81' title="bbox 2207 3984 3753 4056">
    <p class='ocr_par' dir='ltr' id='par_1_81' title="bbox 2207 3984 3753 4056">
     <span class='ocr_line' id='line_1_81' title="bbox 2207 3984 3753 4056; baseline -0.009 -14"><span class='ocrx_word' id='word_1_602' title='bbox 2207 3987 2359 4043; x_wconf 82' lang='lat' dir='ltr'><strong>Talia</strong></span> <span class='ocrx_word' id='word_1_603' title='bbox 2414 4002 2538 4043; x_wconf 89' lang='lat' dir='ltr'><strong>cum</strong></span> <span class='ocrx_word' id='word_1_604' title='bbox 2595 3985 2886 4056; x_wconf 85' lang='lat' dir='ltr'><strong>optimates</strong></span> <span class='ocrx_word' id='word_1_605' title='bbox 2930 3984 3196 4047; x_wconf 87' lang='lat' dir='ltr'><strong>dicerent,</strong></span> <span class='ocrx_word' id='word_1_606' title='bbox 3253 3986 3634 4051; x_wconf 88' lang='lat' dir='ltr'><strong>persuaserunt</strong></span> <span class='ocrx_word' id='word_1_607' title='bbox 3672 3989 3753 4046; x_wconf 81' lang='lat' dir='ltr'><strong>pa-</strong></span> 
     </span>
    </p>
   </div>
   <div class='ocr_carea' id='block_1_82' title="bbox 2210 4072 3751 4149">
    <p class='ocr_par' dir='ltr' id='par_1_82' title="bbox 2210 4072 3751 4149">
     <span class='ocr_line' id='line_1_82' title="bbox 2210 4072 3751 4149; baseline -0.01 -14"><span class='ocrx_word' id='word_1_608' title='bbox 2210 4081 2464 4135; x_wconf 62' lang='lat' dir='ltr'><strong>triarchae</strong></span> <span class='ocrx_word' id='word_1_609' title='bbox 2487 4094 2583 4149; x_wconf 89' lang='lat' dir='ltr'><strong>per</strong></span> <span class='ocrx_word' id='word_1_610' title='bbox 2603 4092 2682 4143; x_wconf 87' lang='lat' dir='ltr'><strong>se,</strong></span> <span class='ocrx_word' id='word_1_611' title='bbox 2705 4089 2766 4131; x_wconf 91' lang='lat' dir='ltr'><strong>ut</strong></span> <span class='ocrx_word' id='word_1_612' title='bbox 2790 4076 3044 4143; x_wconf 78' lang='lat' dir='ltr'><strong>diximus,</strong></span> <span class='ocrx_word' id='word_1_613' title='bbox 3071 4075 3313 4131; x_wconf 86' lang='lat' dir='ltr'><strong>cmollito</strong></span> <span class='ocrx_word' id='word_1_614' title='bbox 3331 4076 3388 4129; x_wconf 86' lang='lat' dir='ltr'><strong>in</strong></span> <span class='ocrx_word' id='word_1_615' title='bbox 3404 4072 3751 4138; x_wconf 69' lang='lat' dir='ltr'><strong>Palaeologuui.</strong></span> 
     </span>
    </p>
   </div>
   <div class='ocr_carea' id='block_1_83' title="bbox 2206 4161 3753 4240">
    <p class='ocr_par' dir='ltr' id='par_1_83' title="bbox 2206 4161 3753 4240">
     <span class='ocr_line' id='line_1_83' title="bbox 2206 4161 3753 4240; baseline -0.01 -12"><span class='ocrx_word' id='word_1_616' title='bbox 2206 4173 2316 4228; x_wconf 77' lang='lat' dir='ltr'><strong>Sed</strong></span> <span class='ocrx_word' id='word_1_617' title='bbox 2330 4186 2428 4227; x_wconf 91' lang='lat' dir='ltr'><strong>nec</strong></span> <span class='ocrx_word' id='word_1_618' title='bbox 2451 4171 2570 4239; x_wconf 89' lang='lat' dir='ltr'><strong>ipse</strong></span> <span class='ocrx_word' id='word_1_619' title='bbox 2591 4170 2750 4240; x_wconf 87' lang='lat' dir='ltr'><strong>cujus</strong></span> <span class='ocrx_word' id='word_1_620' title='bbox 2776 4184 2861 4225; x_wconf 84' lang='lat' dir='ltr'><strong>res</strong></span> <span class='ocrx_word' id='word_1_621' title='bbox 2881 4169 3141 4240; x_wconf 84' lang='lat' dir='ltr'><strong>agebatur</strong></span> <span class='ocrx_word' id='word_1_622' title='bbox 3158 4166 3408 4222; x_wconf 87' lang='lat' dir='ltr'><strong>cessabat</strong></span> <span class='ocrx_word' id='word_1_623' title='bbox 3422 4161 3753 4230; x_wconf 66' lang='lat' dir='ltr'><strong>Palicologus:</strong></span> 
     </span>
    </p>
   </div>
   <div class='ocr_carea' id='block_1_84' title="bbox 2206 4252 3754 4337">
    <p class='ocr_par' dir='ltr' id='par_1_84' title="bbox 2206 4252 3754 4337">
     <span class='ocr_line' id='line_1_84' title="bbox 2206 4252 3754 4337; baseline -0.01 -17"><span class='ocrx_word' id='word_1_624' title='bbox 2206 4269 2335 4337; x_wconf 92' lang='lat' dir='ltr'><strong>quin</strong></span> <span class='ocrx_word' id='word_1_625' title='bbox 2382 4265 2659 4333; x_wconf 75' lang='lat' dir='ltr'><strong>satagebat</strong></span> <span class='ocrx_word' id='word_1_626' title='bbox 2711 4262 2765 4316; x_wconf 91' lang='lat' dir='ltr'><strong>in</strong></span> <span class='ocrx_word' id='word_1_627' title='bbox 2796 4261 3006 4316; x_wconf 88' lang='lat' dir='ltr'><strong>cunctis</strong></span> <span class='ocrx_word' id='word_1_628' title='bbox 3044 4259 3111 4315; x_wconf 87' lang='lat' dir='ltr'><strong>ad</strong></span> <span class='ocrx_word' id='word_1_629' title='bbox 3142 4260 3255 4329; x_wconf 89' lang='lat' dir='ltr'><strong>spei</strong></span> <span class='ocrx_word' id='word_1_630' title='bbox 3291 4257 3545 4313; x_wconf 67' lang='lat' dir='ltr'><strong>allectum</strong></span> <span class='ocrx_word' id='word_1_631' title='bbox 3572 4252 3754 4310; x_wconf 50' lang='lat' dir='ltr'><strong>faciet».</strong></span> 
     </span>
    </p>
   </div>
   <div class='ocr_carea' id='block_1_85' title="bbox 2208 4350 3754 4425">
    <p class='ocr_par' dir='ltr' id='par_1_85' title="bbox 2208 4350 3754 4425">
     <span class='ocr_line' id='line_1_85' title="bbox 2208 4350 3754 4425; baseline -0.009 -13"><span class='ocrx_word' id='word_1_632' title='bbox 2208 4360 2379 4423; x_wconf 86' lang='lat' dir='ltr'><strong>tibus,</strong></span> <span class='ocrx_word' id='word_1_633' title='bbox 2410 4372 2462 4411; x_wconf 83' lang='lat' dir='ltr'><strong>in</strong></span> <span class='ocrx_word' id='word_1_634' title='bbox 2492 4355 2681 4425; x_wconf 89' lang='lat' dir='ltr'><strong>primis</strong></span> <span class='ocrx_word' id='word_1_635' title='bbox 2706 4353 2781 4411; x_wconf 87' lang='lat' dir='ltr'><strong>ad</strong></span> <span class='ocrx_word' id='word_1_636' title='bbox 2817 4352 2919 4409; x_wconf 90' lang='lat' dir='ltr'><strong>sibi</strong></span> <span class='ocrx_word' id='word_1_637' title='bbox 2954 4351 3293 4408; x_wconf 88' lang='lat' dir='ltr'><strong>deliniendos</strong></span> <span class='ocrx_word' id='word_1_638' title='bbox 3332 4350 3465 4407; x_wconf 86' lang='lat' dir='ltr'><strong>cleri</strong></span> <span class='ocrx_word' id='word_1_639' title='bbox 3496 4364 3558 4405; x_wconf 86' lang='lat' dir='ltr'><strong>ac</strong></span> <span class='ocrx_word' id='word_1_640' title='bbox 3592 4358 3754 4403; x_wconf 81' lang='lat' dir='ltr'><strong>sacro-</strong></span> 
     </span>
    </p>
   </div>
   <div class='ocr_carea' id='block_1_86' title="bbox 2208 4440 3753 4513">
    <p class='ocr_par' dir='ltr' id='par_1_86' title="bbox 2208 4440 3753 4513">
     <span class='ocr_line' id='line_1_86' title="bbox 2208 4440 3753 4513; baseline -0.008 -11"><span class='ocrx_word' id='word_1_641' title='bbox 2208 4465 2328 4504; x_wconf 90' lang='lat' dir='ltr'><strong>rum</strong></span> <span class='ocrx_word' id='word_1_642' title='bbox 2362 4450 2664 4503; x_wconf 87' lang='lat' dir='ltr'><strong>antistitum</strong></span> <span class='ocrx_word' id='word_1_643' title='bbox 2695 4447 2928 4500; x_wconf 88' lang='lat' dir='ltr'><strong>animos.</strong></span> <span class='ocrx_word' id='word_1_644' title='bbox 2960 4445 3201 4513; x_wconf 89' lang='lat' dir='ltr'><strong>Denique</strong></span> <span class='ocrx_word' id='word_1_645' title='bbox 3242 4444 3325 4499; x_wconf 85' lang='lat' dir='ltr'><strong>bis</strong></span> <span class='ocrx_word' id='word_1_646' title='bbox 3355 4444 3561 4498; x_wconf 89' lang='lat' dir='ltr'><strong>artibus</strong></span> <span class='ocrx_word' id='word_1_647' title='bbox 3604 4440 3753 4507; x_wconf 82' lang='lat' dir='ltr'><strong>impe-</strong></span> 
     </span>
    </p>
   </div>
   <div class='ocr_carea' id='block_1_87' title="bbox 517 4531 3753 4630">
    <p class='ocr_par' dir='ltr' id='par_1_87' title="bbox 517 4531 3753 4630">
     <span class='ocr_line' id='line_1_87' title="bbox 517 4531 3753 4630; baseline -0.003 -40"><span class='ocrx_word' id='word_1_648' title='bbox 517 4536 600 4591; x_wconf 78' lang='lat' dir='ltr'><strong>ibi</strong></span> <span class='ocrx_word' id='word_1_649' title='bbox 647 4534 893 4590; x_wconf 89' lang='lat' dir='ltr'><strong>custodia</strong></span> <span class='ocrx_word' id='word_1_650' title='bbox 947 4535 1118 4588; x_wconf 86' lang='lat' dir='ltr'><strong>teneri</strong></span> <span class='ocrx_word' id='word_1_651' title='bbox 1149 4534 1294 4589; x_wconf 85' lang='lat' dir='ltr'><strong>velut</strong></span> <span class='ocrx_word' id='word_1_652' title='bbox 1328 4548 1479 4596; x_wconf 85' lang='lat' dir='ltr'><strong>reum</strong></span> <span class='ocrx_word' id='word_1_653' title='bbox 1515 4532 1697 4601; x_wconf 87' lang='lat' dir='ltr'><strong>jussit.</strong></span> <span class='ocrx_word' id='word_1_654' title='bbox 1738 4531 1960 4588; x_wconf 88' lang='lat' dir='ltr'><strong>Interim</strong></span> <span class='ocrx_word' id='word_1_655' title='bbox 1989 4534 2099 4589; x_wconf 84' lang='lat' dir='ltr'><strong>ala-</strong></span> <span class='ocrx_word' id='word_1_656' title='bbox 2125 4569 2179 4630; x_wconf 67' lang='grc' dir='ltr'><strong><em>Β</em></strong></span> <span class='ocrx_word' id='word_1_657' title='bbox 2208 4551 2413 4599; x_wconf 74' lang='lat' dir='ltr'><strong>[ratum</strong></span> <span class='ocrx_word' id='word_1_658' title='bbox 2455 4551 2513 4597; x_wconf 82' lang='grc' dir='ltr'><strong>ιιι</strong></span> <span class='ocrx_word' id='word_1_659' title='bbox 2546 4543 2661 4597; x_wconf 80' lang='lat' dir='ltr'><strong>dies</strong></span> <span class='ocrx_word' id='word_1_660' title='bbox 2703 4541 2977 4595; x_wconf 81' lang='lat' dir='ltr'><strong>diceretur</strong></span> <span class='ocrx_word' id='word_1_661' title='bbox 3011 4536 3401 4609; x_wconf 82' lang='lat' dir='ltr'><strong>proclamando</strong></span> <span class='ocrx_word' id='word_1_662' title='bbox 3439 4537 3494 4590; x_wconf 89' lang='lat' dir='ltr'><strong>in</strong></span> <span class='ocrx_word' id='word_1_663' title='bbox 3520 4533 3753 4601; x_wconf 69' lang='lat' dir='ltr'><strong>collegam</strong></span> 
     </span>
    </p>
   </div>
   <div class='ocr_carea' id='block_1_88' title="bbox 514 4623 2099 4696">
    <p class='ocr_par' dir='ltr' id='par_1_88' title="bbox 514 4623 2099 4696">
     <span class='ocr_line' id='line_1_88' title="bbox 514 4623 2099 4696; baseline -0.002 -13"><span class='ocrx_word' id='word_1_664' title='bbox 514 4628 735 4683; x_wconf 82' lang='lat' dir='ltr'><strong>cresin</strong></span> <span class='ocrx_word' id='word_1_665' title='bbox 768 4626 967 4696; x_wconf 81' lang='lat' dir='ltr'><strong>spebus</strong></span> <span class='ocrx_word' id='word_1_666' title='bbox 997 4624 1217 4694; x_wconf 85' lang='lat' dir='ltr'><strong>optimis</strong></span> <span class='ocrx_word' id='word_1_667' title='bbox 1261 4623 1623 4693; x_wconf 83' lang='lat' dir='ltr'><strong>ﬂorentesque</strong></span> <span class='ocrx_word' id='word_1_668' title='bbox 1659 4624 1766 4694; x_wconf 71' lang='grc' dir='ltr'><strong>ει</strong></span> <span class='ocrx_word' id='word_1_669' title='bbox 1803 4625 2099 4681; x_wconf 76' lang='lat' dir='ltr'><strong>volitabant</strong></span> 
     </span>
    </p>
   </div>
   <div class='ocr_carea' id='block_1_89' title="bbox 515 4718 2095 4793">
    <p class='ocr_par' dir='ltr' id='par_1_89' title="bbox 515 4718 2095 4793">
     <span class='ocr_line' id='line_1_89' title="bbox 515 4718 2095 4793; baseline 0.003 -20"><span class='ocrx_word' id='word_1_670' title='bbox 515 4722 619 4792; x_wconf 82' lang='lat' dir='ltr'><strong>qui</strong></span> <span class='ocrx_word' id='word_1_671' title='bbox 679 4721 953 4777; x_wconf 75' lang='lat' dir='ltr'><strong>fortunam</strong></span> <span class='ocrx_word' id='word_1_672' title='bbox 1020 4720 1389 4793; x_wconf 86' lang='lat' dir='ltr'><strong>sequebantur</strong></span> <span class='ocrx_word' id='word_1_673' title='bbox 1442 4718 1769 4791; x_wconf 71' lang='lat' dir='ltr'><strong>Palzeologi,</strong></span> <span class='ocrx_word' id='word_1_674' title='bbox 1834 4722 2095 4789; x_wconf 84' lang='lat' dir='ltr'><strong>clientes,</strong></span> 
     </span>
    </p>
   </div>
   <div class='ocr_carea' id='block_1_90' title="bbox 519 4812 2098 4883">
    <p class='ocr_par' dir='ltr' id='par_1_90' title="bbox 519 4812 2098 4883">
     <span class='ocr_line' id='line_1_90' title="bbox 519 4812 2098 4883; baseline 0.001 -16"><span class='ocrx_word' id='word_1_675' title='bbox 519 4814 686 4869; x_wconf 78' lang='lat' dir='ltr'><strong>amici</strong></span> <span class='ocrx_word' id='word_1_676' title='bbox 747 4829 810 4869; x_wconf 89' lang='lat' dir='ltr'><strong>ac</strong></span> <span class='ocrx_word' id='word_1_677' title='bbox 886 4827 1215 4882; x_wconf 86' lang='lat' dir='ltr'><strong>quocunque</strong></span> <span class='ocrx_word' id='word_1_678' title='bbox 1269 4812 1488 4868; x_wconf 89' lang='lat' dir='ltr'><strong>nomine</strong></span> <span class='ocrx_word' id='word_1_679' title='bbox 1541 4814 1870 4880; x_wconf 84' lang='lat' dir='ltr'><strong>necessarii,</strong></span> <span class='ocrx_word' id='word_1_680' title='bbox 1928 4813 2098 4883; x_wconf 86' lang='lat' dir='ltr'><strong>parati</strong></span> 
     </span>
    </p>
   </div>
   <div class='ocr_carea' id='block_1_91' title="bbox 519 4906 2100 4981">
    <p class='ocr_par' dir='ltr' id='par_1_91' title="bbox 519 4906 2100 4981">
     <span class='ocr_line' id='line_1_91' title="bbox 519 4906 2100 4981; baseline -0.004 -13"><span class='ocrx_word' id='word_1_681' title='bbox 519 4926 743 4981; x_wconf 78' lang='lat' dir='ltr'><strong>semper</strong></span> <span class='ocrx_word' id='word_1_682' title='bbox 780 4911 849 4965; x_wconf 90' lang='lat' dir='ltr'><strong>ad</strong></span> <span class='ocrx_word' id='word_1_683' title='bbox 894 4918 1110 4976; x_wconf 87' lang='lat' dir='ltr'><strong>nutum,</strong></span> <span class='ocrx_word' id='word_1_684' title='bbox 1159 4907 1496 4977; x_wconf 81' lang='lat' dir='ltr'><strong>impigreque</strong></span> <span class='ocrx_word' id='word_1_685' title='bbox 1537 4913 1796 4960; x_wconf 85' lang='lat' dir='ltr'><strong>curantes</strong></span> <span class='ocrx_word' id='word_1_686' title='bbox 1839 4906 2100 4976; x_wconf 88' lang='lat' dir='ltr'><strong>quidquid</strong></span> 
     </span>
    </p>
   </div>
   <div class='ocr_carea' id='block_1_92' title="bbox 520 4997 2098 5069">
    <p class='ocr_par' dir='ltr' id='par_1_92' title="bbox 520 4997 2098 5069">
     <span class='ocr_line' id='line_1_92' title="bbox 520 4997 2098 5069; baseline -0.002 -11"><span class='ocrx_word' id='word_1_687' title='bbox 520 5004 594 5058; x_wconf 77' lang='lat' dir='ltr'><strong>ad</strong></span> <span class='ocrx_word' id='word_1_688' title='bbox 643 5014 959 5057; x_wconf 91' lang='lat' dir='ltr'><strong>communes</strong></span> <span class='ocrx_word' id='word_1_689' title='bbox 993 5002 1235 5057; x_wconf 89' lang='lat' dir='ltr'><strong>rationes</strong></span> <span class='ocrx_word' id='word_1_690' title='bbox 1278 4999 1534 5069; x_wconf 76' lang='lat' dir='ltr'><strong>expedire</strong></span> <span class='ocrx_word' id='word_1_691' title='bbox 1575 4998 1873 5052; x_wconf 85' lang='lat' dir='ltr'><strong>videretur.</strong></span> <span class='ocrx_word' id='word_1_692' title='bbox 1908 4997 1967 5053; x_wconf 87' lang='lat' dir='ltr'><strong>In</strong></span> <span class='ocrx_word' id='word_1_693' title='bbox 2013 5000 2098 5055; x_wconf 85' lang='lat' dir='ltr'><strong>his</strong></span> 
     </span>
    </p>
   </div>
   <div class='ocr_carea' id='block_1_93' title="bbox 510 5092 2101 5165">
    <p class='ocr_par' dir='ltr' id='par_1_93' title="bbox 510 5092 2101 5165">
     <span class='ocr_line' id='line_1_93' title="bbox 510 5092 2101 5165; baseline -0.001 -16"><span class='ocrx_word' id='word_1_694' title='bbox 510 5096 748 5151; x_wconf 70' lang='lat' dir='ltr'><strong>alterum</strong></span> <span class='ocrx_word' id='word_1_695' title='bbox 792 5097 1013 5150; x_wconf 80' lang='lat' dir='ltr'><strong>fratrem</strong></span> <span class='ocrx_word' id='word_1_696' title='bbox 1045 5092 1311 5151; x_wconf 82' lang='lat' dir='ltr'><strong>Joannem</strong></span> <span class='ocrx_word' id='word_1_697' title='bbox 1345 5095 1523 5165; x_wconf 80' lang='lat' dir='ltr'><strong>magni</strong></span> <span class='ocrx_word' id='word_1_698' title='bbox 1557 5093 1836 5149; x_wconf 90' lang='lat' dir='ltr'><strong>domestici</strong></span> <span class='ocrx_word' id='word_1_699' title='bbox 1866 5092 2101 5164; x_wconf 81' lang='lat' dir='ltr'><strong>amplis-</strong></span> 
     </span>
    </p>
   </div>
   <div class='ocr_carea' id='block_1_94' title="bbox 518 5186 2101 5258">
    <p class='ocr_par' dir='ltr' id='par_1_94' title="bbox 518 5186 2101 5258">
     <span class='ocr_line' id='line_1_94' title="bbox 518 5186 2101 5258; baseline -0.001 -17"><span class='ocrx_word' id='word_1_700' title='bbox 518 5191 661 5241; x_wconf 77' lang='lat' dir='ltr'><strong>sima</strong></span> <span class='ocrx_word' id='word_1_701' title='bbox 702 5189 964 5258; x_wconf 77' lang='lat' dir='ltr'><strong>dignitate</strong></span> <span class='ocrx_word' id='word_1_702' title='bbox 992 5187 1180 5242; x_wconf 80' lang='lat' dir='ltr'><strong>ornari</strong></span> <span class='ocrx_word' id='word_1_703' title='bbox 1211 5201 1307 5256; x_wconf 86' lang='lat' dir='ltr'><strong>per</strong></span> <span class='ocrx_word' id='word_1_704' title='bbox 1344 5186 1728 5257; x_wconf 87' lang='lat' dir='ltr'><strong>imperatorem</strong></span> <span class='ocrx_word' id='word_1_705' title='bbox 1758 5188 1979 5255; x_wconf 86' lang='lat' dir='ltr'><strong>despota</strong></span> <span class='ocrx_word' id='word_1_706' title='bbox 2006 5200 2101 5241; x_wconf 82' lang='lat' dir='ltr'><strong>cu-</strong></span> 
     </span>
    </p>
   </div>
   <div class='ocr_carea' id='block_1_95' title="bbox 514 5278 2100 5349">
    <p class='ocr_par' dir='ltr' id='par_1_95' title="bbox 514 5278 2100 5349">
     <span class='ocr_line' id='line_1_95' title="bbox 514 5278 2100 5349; baseline 0.001 -17"><span class='ocrx_word' id='word_1_707' title='bbox 514 5279 683 5343; x_wconf 66' lang='lat' dir='ltr'><strong>ratit,</strong></span> <span class='ocrx_word' id='word_1_708' title='bbox 706 5280 785 5332; x_wconf 89' lang='lat' dir='ltr'><strong>sic</strong></span> <span class='ocrx_word' id='word_1_709' title='bbox 814 5294 937 5332; x_wconf 90' lang='lat' dir='ltr'><strong>eum</strong></span> <span class='ocrx_word' id='word_1_710' title='bbox 972 5287 1029 5333; x_wconf 87' lang='lat' dir='ltr'><strong>et</strong></span> <span class='ocrx_word' id='word_1_711' title='bbox 1069 5278 1266 5333; x_wconf 90' lang='lat' dir='ltr'><strong>illustri</strong></span> <span class='ocrx_word' id='word_1_712' title='bbox 1310 5278 1516 5334; x_wconf 84' lang='lat' dir='ltr'><strong>honore</strong></span> <span class='ocrx_word' id='word_1_713' title='bbox 1548 5287 1604 5333; x_wconf 90' lang='lat' dir='ltr'><strong>et</strong></span> <span class='ocrx_word' id='word_1_714' title='bbox 1633 5278 1863 5333; x_wconf 81' lang='lat' dir='ltr'><strong>maxima</strong></span> <span class='ocrx_word' id='word_1_715' title='bbox 1905 5294 2100 5349; x_wconf 61' lang='lat' dir='ltr'><strong>geren-</strong></span> 
     </span>
    </p>
   </div>
   <div class='ocr_carea' id='block_1_96' title="bbox 512 5370 2098 5442">
    <p class='ocr_par' dir='ltr' id='par_1_96' title="bbox 512 5370 2098 5442">
     <span class='ocr_line' id='line_1_96' title="bbox 512 5370 2098 5442; baseline -0.001 -16"><span class='ocrx_word' id='word_1_716' title='bbox 512 5370 715 5426; x_wconf 83' lang='lat' dir='ltr'><strong>darum</strong></span> <span class='ocrx_word' id='word_1_717' title='bbox 768 5386 947 5425; x_wconf 88' lang='lat' dir='ltr'><strong>rerum</strong></span> <span class='ocrx_word' id='word_1_718' title='bbox 983 5380 1245 5442; x_wconf 82' lang='lat' dir='ltr'><strong>potestate</strong></span> <span class='ocrx_word' id='word_1_719' title='bbox 1291 5372 1586 5426; x_wconf 88' lang='lat' dir='ltr'><strong>instruens.</strong></span> <span class='ocrx_word' id='word_1_720' title='bbox 1634 5370 1750 5436; x_wconf 83' lang='lat' dir='ltr'><strong>Quo</strong></span> <span class='ocrx_word' id='word_1_721' title='bbox 1796 5370 1959 5425; x_wconf 80' lang='lat' dir='ltr'><strong>facto.</strong></span> <span class='ocrx_word' id='word_1_722' title='bbox 1985 5371 2098 5441; x_wconf 86' lang='lat' dir='ltr'><strong>jam</strong></span> 
     </span>
    </p>
   </div>
   <div class='ocr_carea' id='block_1_97' title="bbox 519 5460 2101 5533">
    <p class='ocr_par' dir='ltr' id='par_1_97' title="bbox 519 5460 2101 5533">
     <span class='ocr_line' id='line_1_97' title="bbox 519 5460 2101 5533; baseline -0.003 -13"><span class='ocrx_word' id='word_1_723' title='bbox 519 5462 823 5533; x_wconf 86' lang='lat' dir='ltr'><strong>majoribus</strong></span> <span class='ocrx_word' id='word_1_724' title='bbox 874 5463 1078 5517; x_wconf 89' lang='lat' dir='ltr'><strong>incensi</strong></span> <span class='ocrx_word' id='word_1_725' title='bbox 1133 5462 1335 5533; x_wconf 90' lang='lat' dir='ltr'><strong>spebus</strong></span> <span class='ocrx_word' id='word_1_726' title='bbox 1379 5460 1665 5531; x_wconf 72' lang='lat' dir='ltr'><strong>Palicoiogi</strong></span> <span class='ocrx_word' id='word_1_727' title='bbox 1721 5462 1961 5517; x_wconf 70' lang='lat' dir='ltr'><strong>fautores</strong></span> <span class='ocrx_word' id='word_1_728' title='bbox 2006 5478 2101 5530; x_wconf 61' lang='lat' dir='ltr'><strong>pa.</strong></span> 
     </span>
    </p>
   </div>
   <div class='ocr_carea' id='block_1_98' title="bbox 519 5554 2099 5625">
    <p class='ocr_par' dir='ltr' id='par_1_98' title="bbox 519 5554 2099 5625">
     <span class='ocr_line' id='line_1_98' title="bbox 519 5554 2099 5625; baseline -0.001 -13"><span class='ocrx_word' id='word_1_729' title='bbox 519 5558 821 5612; x_wconf 83' lang='lat' dir='ltr'><strong>triarcbam</strong></span> <span class='ocrx_word' id='word_1_730' title='bbox 865 5564 920 5612; x_wconf 90' lang='lat' dir='ltr'><strong>et</strong></span> <span class='ocrx_word' id='word_1_731' title='bbox 969 5572 1182 5613; x_wconf 82' lang='lat' dir='ltr'><strong>sacram</strong></span> <span class='ocrx_word' id='word_1_732' title='bbox 1235 5558 1502 5625; x_wconf 81' lang='lat' dir='ltr'><strong>synodum</strong></span> <span class='ocrx_word' id='word_1_733' title='bbox 1560 5555 1785 5620; x_wconf 86' lang='lat' dir='ltr'><strong>ambire,</strong></span> <span class='ocrx_word' id='word_1_734' title='bbox 1824 5570 1887 5611; x_wconf 89' lang='lat' dir='ltr'><strong>ac</strong></span> <span class='ocrx_word' id='word_1_735' title='bbox 1918 5554 2099 5610; x_wconf 87' lang='lat' dir='ltr'><strong>dicere</strong></span> 
     </span>
    </p>
   </div>
   <div class='ocr_carea' id='block_1_99' title="bbox 523 5647 2094 5721">
    <p class='ocr_par' dir='ltr' id='par_1_99' title="bbox 523 5647 2094 5721">
     <span class='ocr_line' id='line_1_99' title="bbox 523 5647 2094 5721; baseline -0.003 -16"><span class='ocrx_word' id='word_1_736' title='bbox 523 5651 728 5705; x_wconf 83' lang='lat' dir='ltr'><strong>nullam</strong></span> <span class='ocrx_word' id='word_1_737' title='bbox 757 5650 990 5721; x_wconf 88' lang='lat' dir='ltr'><strong>quietem</strong></span> <span class='ocrx_word' id='word_1_738' title='bbox 1022 5651 1182 5705; x_wconf 89' lang='lat' dir='ltr'><strong>rebus</strong></span> <span class='ocrx_word' id='word_1_739' title='bbox 1204 5647 1320 5704; x_wconf 81' lang='lat' dir='ltr'><strong>fore</strong></span> <span class='ocrx_word' id='word_1_740' title='bbox 1343 5659 1438 5702; x_wconf 89' lang='lat' dir='ltr'><strong>aut</strong></span> <span class='ocrx_word' id='word_1_741' title='bbox 1468 5650 1815 5703; x_wconf 88' lang='lat' dir='ltr'><strong>securitatem</strong></span> <span class='ocrx_word' id='word_1_742' title='bbox 1850 5647 2094 5717; x_wconf 89' lang='lat' dir='ltr'><strong>imperio,</strong></span> 
     </span>
    </p>
   </div>
   <div class='ocr_carea' id='block_1_100' title="bbox 519 5740 2097 5813">
    <p class='ocr_par' dir='ltr' id='par_1_100' title="bbox 519 5740 2097 5813">
     <span class='ocr_line' id='line_1_100' title="bbox 519 5740 2097 5813; baseline -0.002 -17"><span class='ocrx_word' id='word_1_743' title='bbox 519 5742 699 5813; x_wconf 88' lang='lat' dir='ltr'><strong>quoad</strong></span> <span class='ocrx_word' id='word_1_744' title='bbox 730 5741 949 5811; x_wconf 86' lang='lat' dir='ltr'><strong>despota</strong></span> <span class='ocrx_word' id='word_1_745' title='bbox 983 5741 1038 5796; x_wconf 90' lang='lat' dir='ltr'><strong>in</strong></span> <span class='ocrx_word' id='word_1_746' title='bbox 1086 5756 1251 5796; x_wconf 91' lang='lat' dir='ltr'><strong>unum</strong></span> <span class='ocrx_word' id='word_1_747' title='bbox 1299 5742 1474 5797; x_wconf 83' lang='lat' dir='ltr'><strong>adhuc</strong></span> <span class='ocrx_word' id='word_1_748' title='bbox 1502 5741 1725 5807; x_wconf 83' lang='lat' dir='ltr'><strong>gradum</strong></span> <span class='ocrx_word' id='word_1_749' title='bbox 1750 5740 2097 5810; x_wconf 59' lang='lat' dir='ltr'><strong>*proveliatur</strong></span> 
     </span>
    </p>
   </div>
   <div class='ocr_carea' id='block_1_101' title="bbox 522 5832 2130 5920">
    <p class='ocr_par' dir='ltr' id='par_1_101' title="bbox 522 5832 2130 5920">
     <span class='ocr_line' id='line_1_101' title="bbox 522 5832 2130 5920; baseline 0 -33"><span class='ocrx_word' id='word_1_750' title='bbox 522 5834 913 5911; x_wconf 53' lang='lat' dir='ltr'><strong>altius.\lpsum</strong></span> <span class='ocrx_word' id='word_1_751' title='bbox 943 5835 1119 5892; x_wconf 88' lang='lat' dir='ltr'><strong>solum</strong></span> <span class='ocrx_word' id='word_1_752' title='bbox 1149 5851 1272 5894; x_wconf 86' lang='lat' dir='ltr'><strong>esse</strong></span> <span class='ocrx_word' id='word_1_753' title='bbox 1302 5837 1544 5892; x_wconf 86' lang='lat' dir='ltr'><strong>omnium</strong></span> <span class='ocrx_word' id='word_1_754' title='bbox 1587 5832 1702 5902; x_wconf 90' lang='lat' dir='ltr'><strong>qui,</strong></span> <span class='ocrx_word' id='word_1_755' title='bbox 1746 5843 1866 5904; x_wconf 86' lang='lat' dir='ltr'><strong>post</strong></span> <span class='ocrx_word' id='word_1_756' title='bbox 1892 5834 2095 5904; x_wconf 86' lang='lat' dir='ltr'><strong>princi-</strong></span> <span class='ocrx_word' id='word_1_757' title='bbox 2118 5908 2130 5920; x_wconf 29' lang='grc' dir='ltr'>δ</span> 
     </span>
    </p>
   </div>
   <div class='ocr_carea' id='block_1_102' title="bbox 2205 4626 3757 4702">
    <p class='ocr_par' dir='ltr' id='par_1_102' title="bbox 2205 4626 3757 4702">
     <span class='ocr_line' id='line_1_102' title="bbox 2205 4626 3757 4702; baseline -0.008 -14"><span class='ocrx_word' id='word_1_758' title='bbox 2205 4633 2546 4701; x_wconf 85' lang='lat' dir='ltr'><strong>imperatoris</strong></span> <span class='ocrx_word' id='word_1_759' title='bbox 2573 4631 2889 4702; x_wconf 64' lang='lat' dir='ltr'><strong>Palmologo.</strong></span> <span class='ocrx_word' id='word_1_760' title='bbox 2926 4630 3001 4684; x_wconf 85' lang='lat' dir='ltr'><strong>Ea</strong></span> <span class='ocrx_word' id='word_1_761' title='bbox 3044 4628 3145 4683; x_wconf 77' lang='lat' dir='ltr'><strong>fuit</strong></span> <span class='ocrx_word' id='word_1_762' title='bbox 3174 4628 3456 4684; x_wconf 89' lang='lat' dir='ltr'><strong>neomenia</strong></span> <span class='ocrx_word' id='word_1_763' title='bbox 3493 4626 3757 4681; x_wconf 80' lang='lat' dir='ltr'><strong>Hecatom-</strong></span> 
     </span>
    </p>
   </div>
   <div class='ocr_carea' id='block_1_103' title="bbox 2203 4711 3754 4791">
    <p class='ocr_par' dir='ltr' id='par_1_103' title="bbox 2203 4711 3754 4791">
     <span class='ocr_line' id='line_1_103' title="bbox 2203 4711 3754 4791; baseline -0.009 -10"><span class='ocrx_word' id='word_1_764' title='bbox 2203 4727 2426 4791; x_wconf 87' lang='lat' dir='ltr'><strong>baeonis,</strong></span> <span class='ocrx_word' id='word_1_765' title='bbox 2453 4740 2548 4780; x_wconf 90' lang='lat' dir='ltr'><strong>seu</strong></span> <span class='ocrx_word' id='word_1_766' title='bbox 2581 4722 2838 4778; x_wconf 72' lang='lat' dir='ltr'><strong>Kalendae</strong></span> <span class='ocrx_word' id='word_1_767' title='bbox 2860 4711 3152 4785; x_wconf 78' lang='lat' dir='ltr'><strong>Januariae,</strong></span> <span class='ocrx_word' id='word_1_768' title='bbox 3175 4721 3466 4776; x_wconf 89' lang='lat' dir='ltr'><strong>indictione</strong></span> <span class='ocrx_word' id='word_1_769' title='bbox 3502 4728 3626 4773; x_wconf 90' lang='lat' dir='ltr'><strong>tunc</strong></span> <span class='ocrx_word' id='word_1_770' title='bbox 3649 4729 3754 4770; x_wconf 79' lang='lat' dir='ltr'><strong>cur-</strong></span> 
     </span>
    </p>
   </div>
   <div class='ocr_carea' id='block_1_104' title="bbox 2202 4811 2975 4873">
    <p class='ocr_par' dir='ltr' id='par_1_104' title="bbox 2202 4811 2975 4873">
     <span class='ocr_line' id='line_1_104' title="bbox 2202 4811 2975 4873; baseline -0.006 -1"><span class='ocrx_word' id='word_1_771' title='bbox 2202 4828 2352 4873; x_wconf 88' lang='lat' dir='ltr'><strong>rente</strong></span> <span class='ocrx_word' id='word_1_772' title='bbox 2382 4817 2638 4873; x_wconf 90' lang='lat' dir='ltr'><strong>secuuda.</strong></span> <span class='ocrx_word' id='word_1_773' title='bbox 2966 4811 2975 4819; x_wconf 87' lang='grc'><strong>’</strong></span> 
     </span>
    </p>
   </div>
   <div class='ocr_carea' id='block_1_105' title="bbox 2203 4927 3752 4999">
    <p class='ocr_par' dir='ltr' id='par_1_105' title="bbox 2203 4927 3752 4999">
     <span class='ocr_line' id='line_1_105' title="bbox 2203 4927 3752 4999; baseline -0.01 -8"><span class='ocrx_word' id='word_1_774' title='bbox 2203 4935 2292 4991; x_wconf 81' lang='lat'><strong>&#39;50.</strong></span> <span class='ocrx_word' id='word_1_775' title='bbox 2327 4933 2397 4989; x_wconf 85' lang='lat' dir='ltr'><strong>Ut</strong></span> <span class='ocrx_word' id='word_1_776' title='bbox 2432 4936 2486 4991; x_wconf 85' lang='lat' dir='ltr'><strong>in</strong></span> <span class='ocrx_word' id='word_1_777' title='bbox 2518 4933 2792 4989; x_wconf 83' lang='lat' dir='ltr'><strong>Occidente</strong></span> <span class='ocrx_word' id='word_1_778' title='bbox 2818 4937 3036 4999; x_wconf 80' lang='lat' dir='ltr'><strong>despcta</strong></span> <span class='ocrx_word' id='word_1_779' title='bbox 3069 4930 3293 4986; x_wconf 78' lang='lat' dir='ltr'><strong>Michael</strong></span> <span class='ocrx_word' id='word_1_780' title='bbox 3325 4931 3494 4984; x_wconf 73' lang='lat' dir='ltr'><strong>elatus</strong></span> <span class='ocrx_word' id='word_1_781' title='bbox 3531 4927 3583 4981; x_wconf 86' lang='lat' dir='ltr'><strong>in</strong></span> <span class='ocrx_word' id='word_1_782' title='bbox 3631 4937 3752 4993; x_wconf 73' lang='lat' dir='ltr'><strong>spem</strong></span> 
     </span>
    </p>
   </div>
   <div class='ocr_carea' id='block_1_106' title="bbox 2590 5002 3384 5074">
    <p class='ocr_par' dir='ltr' id='par_1_106' title="bbox 2590 5002 3384 5074">
     <span class='ocr_line' id='line_1_106' title="bbox 2590 5002 3384 5074; baseline -0.006 -16"><span class='ocrx_word' id='word_1_783' title='bbox 2590 5005 2845 5074; x_wconf 85' lang='lat' dir='ltr'><strong>majorem</strong></span> <span class='ocrx_word' id='word_1_784' title='bbox 2898 5019 3030 5057; x_wconf 72' lang='lat' dir='ltr'><strong>uoca</strong></span> <span class='ocrx_word' id='word_1_785' title='bbox 3061 5002 3274 5057; x_wconf 74' lang='lat' dir='ltr'><strong>molitus</strong></span> <span class='ocrx_word' id='word_1_786' title='bbox 3293 5002 3384 5054; x_wconf 73' lang='lat' dir='ltr'><strong>sit.</strong></span> 
     </span>
    </p>
   </div>
   <div class='ocr_carea' id='block_1_107' title="bbox 2272 5084 3750 5164">
    <p class='ocr_par' dir='ltr' id='par_1_107' title="bbox 2272 5084 3750 5164">
     <span class='ocr_line' id='line_1_107' title="bbox 2272 5084 3750 5164; baseline -0.009 -12"><span class='ocrx_word' id='word_1_787' title='bbox 2272 5099 2406 5152; x_wconf 85' lang='lat' dir='ltr'><strong>Dum</strong></span> <span class='ocrx_word' id='word_1_788' title='bbox 2439 5098 2555 5152; x_wconf 73' lang='lat' dir='ltr'><strong>haec</strong></span> <span class='ocrx_word' id='word_1_789' title='bbox 2595 5105 2878 5164; x_wconf 81' lang='lat' dir='ltr'><strong>geruntur,</strong></span> <span class='ocrx_word' id='word_1_790' title='bbox 2916 5095 3139 5163; x_wconf 86' lang='lat' dir='ltr'><strong>despota</strong></span> <span class='ocrx_word' id='word_1_791' title='bbox 3173 5093 3484 5150; x_wconf 86' lang='lat' dir='ltr'><strong>Occidentis</strong></span> <span class='ocrx_word' id='word_1_792' title='bbox 3524 5084 3750 5147; x_wconf 78' lang='lat' dir='ltr'><strong>Michael,</strong></span> 
     </span>
    </p>
   </div>
   <div class='ocr_carea' id='block_1_108' title="bbox 2209 5178 3750 5259">
    <p class='ocr_par' dir='ltr' id='par_1_108' title="bbox 2209 5178 3750 5259">
     <span class='ocr_line' id='line_1_108' title="bbox 2209 5178 3750 5259; baseline -0.012 -13"><span class='ocrx_word' id='word_1_793' title='bbox 2209 5188 2637 5259; x_wconf 74' lang='lat' dir='ltr'><strong>Tlteodori,82</strong></span> <span class='ocrx_word' id='word_1_794' title='bbox 2671 5188 2764 5259; x_wconf 82' lang='lat' dir='ltr'><strong>qui</strong></span> <span class='ocrx_word' id='word_1_795' title='bbox 2815 5187 2885 5241; x_wconf 92' lang='lat' dir='ltr'><strong>ibi</strong></span> <span class='ocrx_word' id='word_1_796' title='bbox 2934 5187 3314 5256; x_wconf 86' lang='lat' dir='ltr'><strong>imperaverat,</strong></span> <span class='ocrx_word' id='word_1_797' title='bbox 3369 5183 3552 5238; x_wconf 74' lang='lat' dir='ltr'><strong>fratris</strong></span> <span class='ocrx_word' id='word_1_798' title='bbox 3606 5178 3750 5237; x_wconf 81' lang='lat' dir='ltr'><strong>ﬁlius.</strong></span> 
     </span>
    </p>
   </div>
   <div class='ocr_carea' id='block_1_109' title="bbox 2201 5270 3752 5341">
    <p class='ocr_par' dir='ltr' id='par_1_109' title="bbox 2201 5270 3752 5341">
     <span class='ocr_line' id='line_1_109' title="bbox 2201 5270 3752 5341; baseline -0.01 -5"><span class='ocrx_word' id='word_1_799' title='bbox 2201 5283 2384 5337; x_wconf 85' lang='lat' dir='ltr'><strong>audito</strong></span> <span class='ocrx_word' id='word_1_800' title='bbox 2425 5297 2605 5337; x_wconf 89' lang='lat' dir='ltr'><strong>rerum</strong></span> <span class='ocrx_word' id='word_1_801' title='bbox 2640 5278 2987 5335; x_wconf 86' lang='lat' dir='ltr'><strong>orientalium</strong></span> <span class='ocrx_word' id='word_1_802' title='bbox 3023 5286 3192 5341; x_wconf 84' lang='lat' dir='ltr'><strong>statu,</strong></span> <span class='ocrx_word' id='word_1_803' title='bbox 3227 5275 3439 5331; x_wconf 82' lang='lat' dir='ltr'><strong>sublato</strong></span> <span class='ocrx_word' id='word_1_804' title='bbox 3469 5270 3752 5327; x_wconf 59' lang='lat' dir='ltr'><strong>videliccte</strong></span> 
     </span>
    </p>
   </div>
   <div class='ocr_carea' id='block_1_110' title="bbox 2201 5360 3750 5442">
    <p class='ocr_par' dir='ltr' id='par_1_110' title="bbox 2201 5360 3750 5442">
     <span class='ocr_line' id='line_1_110' title="bbox 2201 5360 3750 5442; baseline -0.012 -11"><span class='ocrx_word' id='word_1_805' title='bbox 2201 5377 2382 5431; x_wconf 88' lang='lat' dir='ltr'><strong>medio</strong></span> <span class='ocrx_word' id='word_1_806' title='bbox 2422 5373 2641 5429; x_wconf 85' lang='lat' dir='ltr'><strong>Lascari</strong></span> <span class='ocrx_word' id='word_1_807' title='bbox 2687 5372 2954 5428; x_wconf 77' lang='lat' dir='ltr'><strong>Joannem</strong></span> <span class='ocrx_word' id='word_1_808' title='bbox 2987 5372 3104 5442; x_wconf 86' lang='lat' dir='ltr'><strong>ejus</strong></span> <span class='ocrx_word' id='word_1_809' title='bbox 3138 5370 3301 5424; x_wconf 86' lang='lat' dir='ltr'><strong>tilium</strong></span> <span class='ocrx_word' id='word_1_810' title='bbox 3333 5382 3453 5422; x_wconf 85' lang='lat' dir='ltr'><strong>esse</strong></span> <span class='ocrx_word' id='word_1_811' title='bbox 3482 5366 3652 5419; x_wconf 78' lang='lat' dir='ltr'><strong>adhuc</strong></span> <span class='ocrx_word' id='word_1_812' title='bbox 3675 5360 3750 5414; x_wconf 85' lang='lat' dir='ltr'><strong>in-</strong></span> 
     </span>
    </p>
   </div>
   <div class='ocr_carea' id='block_1_111' title="bbox 2201 5458 3747 5533">
    <p class='ocr_par' dir='ltr' id='par_1_111' title="bbox 2201 5458 3747 5533">
     <span class='ocr_line' id='line_1_111' title="bbox 2201 5458 3747 5533; baseline -0.01 -12"><span class='ocrx_word' id='word_1_813' title='bbox 2201 5468 2492 5531; x_wconf 85' lang='lat' dir='ltr'><strong>t&#39;antulum,</strong></span> <span class='ocrx_word' id='word_1_814' title='bbox 2525 5465 2827 5519; x_wconf 79' lang='lat' dir='ltr'><strong>Romanum</strong></span> <span class='ocrx_word' id='word_1_815' title='bbox 2873 5477 3005 5519; x_wconf 86' lang='lat' dir='ltr'><strong>vero</strong></span> <span class='ocrx_word' id='word_1_816' title='bbox 3038 5463 3325 5533; x_wconf 87' lang='lat' dir='ltr'><strong>imperium</strong></span> <span class='ocrx_word' id='word_1_817' title='bbox 3367 5458 3540 5521; x_wconf 79' lang='lat' dir='ltr'><strong>cuivis</strong></span> <span class='ocrx_word' id='word_1_818' title='bbox 3573 5466 3747 5523; x_wconf 80' lang='lat' dir='ltr'><strong>rapere</strong></span> 
     </span>
    </p>
   </div>
   <div class='ocr_carea' id='block_1_112' title="bbox 2199 5543 3747 5628">
    <p class='ocr_par' dir='ltr' id='par_1_112' title="bbox 2199 5543 3747 5628">
     <span class='ocr_line' id='line_1_112' title="bbox 2199 5543 3747 5628; baseline -0.013 -15"><span class='ocrx_word' id='word_1_819' title='bbox 2199 5559 2400 5613; x_wconf 89' lang='lat' dir='ltr'><strong>volenti</strong></span> <span class='ocrx_word' id='word_1_820' title='bbox 2456 5559 2508 5612; x_wconf 93' lang='lat' dir='ltr'><strong>in</strong></span> <span class='ocrx_word' id='word_1_821' title='bbox 2555 5561 2794 5628; x_wconf 64' lang='lat' dir='ltr'><strong>praedam</strong></span> <span class='ocrx_word' id='word_1_822' title='bbox 2846 5557 3146 5624; x_wconf 82' lang='lat' dir='ltr'><strong>expositqu</strong></span> <span class='ocrx_word' id='word_1_823' title='bbox 3185 5555 3389 5624; x_wconf 84' lang='lat' dir='ltr'><strong>jacere,</strong></span> <span class='ocrx_word' id='word_1_824' title='bbox 3443 5559 3670 5604; x_wconf 88' lang='lat' dir='ltr'><strong>mentem</strong></span> <span class='ocrx_word' id='word_1_825' title='bbox 3701 5543 3747 5596; x_wconf 89' lang='lat' dir='ltr'><strong>in</strong></span> 
     </span>
    </p>
   </div>
   <div class='ocr_carea' id='block_1_113' title="bbox 2198 5631 3748 5719">
    <p class='ocr_par' dir='ltr' id='par_1_113' title="bbox 2198 5631 3748 5719">
     <span class='ocr_line' id='line_1_113' title="bbox 2198 5631 3748 5719; baseline -0.011 -15"><span class='ocrx_word' id='word_1_826' title='bbox 2198 5664 2325 5719; x_wconf 87' lang='lat' dir='ltr'><strong>spes</strong></span> <span class='ocrx_word' id='word_1_827' title='bbox 2346 5650 2552 5716; x_wconf 85' lang='lat' dir='ltr'><strong>amplas</strong></span> <span class='ocrx_word' id='word_1_828' title='bbox 2568 5647 2780 5714; x_wconf 82' lang='lat' dir='ltr'><strong>extulit,</strong></span> <span class='ocrx_word' id='word_1_829' title='bbox 2806 5648 3082 5716; x_wconf 86' lang='lat' dir='ltr'><strong>proposito</strong></span> <span class='ocrx_word' id='word_1_830' title='bbox 3102 5646 3205 5700; x_wconf 68' lang='lat' dir='ltr'><strong>sibi</strong></span> <span class='ocrx_word' id='word_1_831' title='bbox 3232 5641 3477 5711; x_wconf 80' lang='lat' dir='ltr'><strong>exeniplo</strong></span> <span class='ocrx_word' id='word_1_832' title='bbox 3499 5631 3748 5695; x_wconf 80' lang='lat' dir='ltr'><strong>Theodori</strong></span> 
     </span>
    </p>
   </div>
   <div class='ocr_carea' id='block_1_114' title="bbox 2198 5732 3748 5811">
    <p class='ocr_par' dir='ltr' id='par_1_114' title="bbox 2198 5732 3748 5811">
     <span class='ocr_line' id='line_1_114' title="bbox 2198 5732 3748 5811; baseline -0.009 -18"><span class='ocrx_word' id='word_1_833' title='bbox 2198 5741 2398 5811; x_wconf 85' lang='lat' dir='ltr'><strong>patrui.</strong></span> <span class='ocrx_word' id='word_1_834' title='bbox 2444 5741 2490 5792; x_wconf 91' lang='lat' dir='ltr'><strong>ls</strong></span> <span class='ocrx_word' id='word_1_835' title='bbox 2532 5739 2725 5793; x_wconf 87' lang='lat' dir='ltr'><strong>nobilis</strong></span> <span class='ocrx_word' id='word_1_836' title='bbox 2751 5748 2913 5808; x_wconf 88' lang='lat' dir='ltr'><strong>atque</strong></span> <span class='ocrx_word' id='word_1_837' title='bbox 2946 5736 3081 5792; x_wconf 90' lang='lat' dir='ltr'><strong>adeo</strong></span> <span class='ocrx_word' id='word_1_838' title='bbox 3105 5753 3169 5792; x_wconf 76' lang='lat' dir='ltr'><strong>ex</strong></span> <span class='ocrx_word' id='word_1_839' title='bbox 3202 5737 3376 5807; x_wconf 85' lang='lat' dir='ltr'><strong>prima</strong></span> <span class='ocrx_word' id='word_1_840' title='bbox 3414 5732 3699 5788; x_wconf 84' lang='lat' dir='ltr'><strong>nobilitate.</strong></span> <span class='ocrx_word' id='word_1_841' title='bbox 3720 5737 3748 5776; x_wconf 84' lang='lat' dir='ltr'><strong>e</strong></span> 
     </span>
    </p>
   </div>
   <div class='ocr_carea' id='block_1_115' title="bbox 2201 5814 3746 5903">
    <p class='ocr_par' dir='ltr' id='par_1_115' title="bbox 2201 5814 3746 5903">
     <span class='ocr_line' id='line_1_115' title="bbox 2201 5814 3746 5903; baseline -0.001 -18"><span class='ocrx_word' id='word_1_842' title='bbox 2201 5832 2377 5903; x_wconf 84' lang='lat' dir='ltr'><strong>priore</strong></span> <span class='ocrx_word' id='word_1_843' title='bbox 2396 5832 2484 5887; x_wconf 84' lang='lat' dir='ltr'><strong>illa</strong></span> <span class='ocrx_word' id='word_1_844' title='bbox 2514 5831 2879 5887; x_wconf 76' lang='lat' dir='ltr'><strong>llmnanarum</strong></span> <span class='ocrx_word' id='word_1_845' title='bbox 2909 5828 3311 5899; x_wconf 89' lang='lat' dir='ltr'><strong>perturbatione</strong></span> <span class='ocrx_word' id='word_1_846' title='bbox 3337 5841 3511 5885; x_wconf 89' lang='lat' dir='ltr'><strong>rerum</strong></span> <span class='ocrx_word' id='word_1_847' title='bbox 3540 5814 3746 5889; x_wconf 65' lang='grc' dir='ltr'>διιηιριίε</span> 
     </span>
    </p>
   </div>
  </div>
