3952 6538
2797 340 2921 354 ..θ’θ’

434 411 540 477 sto
1631 404 1954 473 GEORGII
1996 405 2472 473 PACHYMEile
3575 397 3677 476 520

431 531 490 593 ἐς
515 527 711 581 ταυτὸν
737 526 794 579 ai
826 524 1079 595 δυνάμεις
1118 524 1357 593 συνῆσαν
1404 525 1499 579 καὶ
1528 524 1630 597 ἤδη
1668 528 1801 598 πρὶς
1848 527 2003 580 πόλε-
2033 535 2080 590 Α
2107 528 2193 599 εῐη
2227 529 2417 598 φάναι,
2474 527 2567 582 τὸν
2601 526 2917 598 Νικηφόρον
2953 524 3152 591 δείξας,
3202 525 3230 578 ὁ
3259 524 3389 594 ἐμδις
3422 524 3678 593 ἁδελφὸς,

430 636 534 691 μον
564 617 920 688 ἡτοιμάζοντο
950 616 1093 688 (οὐδὲ
1124 616 1234 687 γὰρ
1288 616 1472 670 οὖδόί
1530 617 1826 688 στρατηγοὶ
1876 618 2043 688 ἦρεν
2111 620 2267 673 σὺδέ
2300 619 2536 687 σκότιος,
2603 618 2680 690 μὴ
2737 619 2834 688 οὐχ
2888 619 3040 679 ὅπως
3083 615 3376 687 ἐλεύθερος
3426 615 3570 670 ἀλλὰ
3591 619 3684 670 καὶ

433 713 556 780 μεῖν
605 705 774 781 εἶχον,
804 709 961 761 τόσον
997 707 1380 778 συνηθροῖσθαι
1411 708 1474 761 τὸ
1511 707 1765 763 Ἰταλικὸν
1801 708 2005 773 πυνθα·

429 802 667 871 νόμενοι,
696 800 832 854 ἀλλὰ
858 801 951 853 καὶ⁵
986 802 1141 853 αὐτοὶ
1173 799 1438 869 ἑτέρωθεν
1479 799 1904 869 εὐτρεπίζοντο),
1928 798 2005 862 ὡς

430 891 563 960 γοῦν
612 893 735 945 ὅσον
781 889 933 944 οὔπω
985 891 1429 962 όμαιχμήσαντες
1484 893 1532 945 oi
1581 889 1678 945 τοῦ
1738 891 2001 946 δεσπότου
2048 923 2059 934 -

429 982 656 1053 ἔμελλον
683 983 1030 1051 προσϐαλεῖν,
1064 985 1097 1052 ἡ
1154 982 1494 1053 μυθευομένη
1550 982 1706 1054 Ἔρις
1758 983 1942 1054 ἐκείνη
1970 986 2004 1054 ἡ

328 1100 339 1109 ·
435 1074 638 1143 μεταξὺ
663 1077 771 1128 τῶν
830 1074 995 1145 τριῶν
1029 1074 1256 1127 θεαινῶν
1303 1075 1363 1127 τὸ
1407 1074 1575 1145 μῆλον
1623 1074 1825 1144 ῥίψασα
1869 1075 2007 1144 πρὸς

432 1167 760 1234 φιλονεικίαν
791 1166 887 1235 τὴν
919 1168 1043 1236 περὶ
1065 1165 1313 1231 κάλλους,
1342 1166 1522 1235 ἐκείνη
1554 1166 1646 1219 καὶ
1668 1166 1877 1229 τούτοις
1901 1167 2004 1236 ἐμ-

433 1260 643 1311 πίπτει.
677 1259 786 1312 Καὶ
809 1260 843 1328 ὴ
871 1257 1015 1310 αἰτία
1044 1259 1193 1328 παρὰ
1224 1258 1420 1329 μικρὸν
1451 1256 1722 1328 ἐμφερής.

433 1419 541 1477 λα’.
575 1418 782 1482 ’Ὅπως
829 1416 941 1485 τῆς
1001 1418 1243 1541 “)3:qu
1291 1419 1323 1470 ό
1379 1415 1637 1485 πρῐγκιψ
1690 1415 2003 1486 Ῥωμαίοις

1139 1505 1191 1540 ,α
1238 1505 1301 1540 ω.
1970 1530 1979 1535 -

1139 1505 1301 1540 acuto.
1970 1530 1979 1535 _

500 1625 731 1693 Λέγεται
761 1624 869 1694 γὰρ
898 1624 1024 1685 τοὺς
1045 1625 1171 1691 περὶ
1212 1622 1304 1675 τὸν
1337 1622 1615 1693 πρίγκιπα
1650 1621 2004 1688 μεγιστᾶνας,

430 1718 523 1779 οὓς
567 1720 763 1770 ἐκεῖνοι
814 1716 1218 1782 καὸαλλαρίους
1270 1714 1511 1783 λέγουσι,
1566 1712 1778 1767 τούτων
1853 1714 2005 1778 τινάς

432 1806 862 1877 ἐποφθαλμίζειν
891 1808 1009 1859 κατ’
1045 1806 1252 1878 ἔρωτας
1291 1808 1359 1877 τῇ
1397 1804 1490 1858 τοῦ
1540 1804 1714 1858 Δούκα
1757 1804 2004 1858 Ἰωάννου

433 1870 693 1969 συζύγῳξ
727 1902 792 1970 ἣν
846 1900 939 1951 καὶ
1000 1870 1094 1951 τού
1140 1870 1379 1969 Ταρωνα
1440 1897 1716 1969 θυγατέρα
1767 1899 1795 1951 ὁ
1848 1898 2006 1962 λόγος
2039 1870 2081 1928 Β

432 1994 664 2047 ἐδείκνυ.
699 1991 871 2044 Τοῦτο
895 1992 941 2044 δ’
965 1987 1034 2060 ἦν
1064 1992 1172 2060 ἄρα
1199 1990 1276 2060 τῷ
1327 1990 1543 2060 ἐκείνης
1565 1989 1724 2059 άνδρὶ
1761 1991 1842 2053 είς
1876 2004 2010 2059 προ·

402 2062 413 2070 .
434 2085 577 2152 φανῆ
610 2101 736 2136 τινα
777 2082 935 2151 ὖεριν
968 2085 1061 2136 καὶ
1093 2082 1520 2152 καταφρόνησιν,
1554 2082 1652 2134 καὶ
1705 2079 1772 2151 δὴ
1823 2080 2010 2151 ὑϐριο-

432 2175 622 2228 παθῶν
669 2176 879 2237 ἐκεῖνος
935 2175 994 2225 ἐν
1045 2173 1256 2237 τούτοις
1311 2173 1461 2227 δεινά
1507 2173 1682 2227 ἐποίει
1739 2172 1834 2227 καὶ
1892 2174 2008 2235 τοῖς

433 2265 723 2336 ύὸρίσασιν
776 2264 1187 2334 ἀπαμύνεσθαι
1239 2264 1585 2335 κατηπείλει.
1622 2263 1732 2319 Καὶ
1778 2264 1897 2335 ἐρις
1935 2258 2008 2335 ἦν

432 2358 831 2430 ἀμφοτέρωθεν
879 2356 1077 2427 ισχυρὰ
1133 2358 1227 2409 καὶ
1258 2358 1339 2419 είς
1385 2355 1623 2425 πόλεμον
1656 2355 2007 2426 ἐκορύσσετο,

432 2450 531 2502 καὶ
578 2451 628 2501 οἱ
676 2451 756 2511 εἰς
825 2449 1130 2517 ὁμαιχμίαν
1188 2446 1482 2517 κληθέντες
1553 2446 1676 2499 κατ’
1761 2443 2008 2513 ἀλλήλων

434 2540 776 2593 συνίσταντο.
812 2538 944 2590 Τότε
970 2538 1192 2605 λέγεται
1219 2538 1311 2589 καὶ
1374 2536 1540 2589 αὑτὸν
1570 2536 1660 2588 τὸν
1728 2535 2008 2604 πρίγκιπα

433 2630 649 2699 δρῶντα
680 2627 778 2693 τὴν
841 2629 1029 2699 μάχην
1055 2628 1413 2696 ἀγανακτεῖν,
1473 2627 1570 2679 καὶ
1599 2628 1713 2689 τοῖς
1747 2626 1846 2695 μὲν
1880 2642 2010 2693 σφε-

433 2721 613 2791 τέροις
644 2720 721 2790 μὴ
778 2719 928 2790 ἔχειν
983 2720 1368 2790 ἐπιπλήττειν,
1404 2719 1557 2789 τῷδέ
1612 2735 1676 2786 γε
1707 2717 1887 2788 Δούκα
1911 2717 2008 2771 καὶ

432 2808 552 2861 λίαν
579 2810 1080 2879 ἐπιμωκησάμενον
1145 2808 1439 2878 χλευάσαι,
1480 2809 1575 2862 καὶ
1606 2807 1675 2861 τὰ
1711 2810 1794 2872 εἰς
1822 2809 2005 2876 γένος,

432 2899 509 2964 ὡς
543 2901 718 2967 νόθος,
748 2900 866 2955 λίαν
914 2900 1186 2972 λαμπρῶς
1232 2892 1522 2955 ἶινειδίσαι.
1582 2900 1694 2954 Καὶ
1737 2899 1813 2963 ὡς
1852 2891 2008 2961 οὗτος

434 3088 703 3133 conventu
751 3079 888 3133 haud
944 3078 1266 3133 cessandum
1316 3077 1452 3140 rati,
1503 3076 1567 3131 ad
1623 3091 1855 3145 pugnant
1910 3075 2009 3142 ipsi

2106 707 2294 772 δοῦλος
2325 708 2516 763 αὐτοῦ.
2551 707 2738 764 Ταῦτα
2773 706 2893 778 μετ’
2914 705 3242 779 ἐμδριθείας
3301 708 3558 770 είπόντος
3587 706 3681 760 τοῦ

2107 799 2420 870 Πρίγκιπος
2465 799 2748 871 Ἀχιλλεὺς
2778 797 2847 870 ἦν
2877 800 3035 864 ἄλλος
3058 800 3089 854 ὁ
3128 799 3387 869 Ἰωάννης
3417 799 3681 870 μηνίσας.

2108 891 2246 945 Τότε
2282 891 2451 946 θέλων
2490 891 2665 957 δεῖξαι
2697 891 2862 955 αὐτὸς
2915 894 2993 947 ὣν
3053 893 3113 946 τὸ
3141 893 3252 946 πᾶν
3279 890 3375 945 τοῦ
3411 888 3682 960 στρατοῦ,

2107 983 2201 1038 καὶ
2231 978 2312 1047 οἷς
2332 984 2400 1037 ἂν
2428 984 2772 1055 προσκέοιτο,
2822 987 3071 1048 ἐκείνους
3112 985 3403 1048 νικῶντας,
3457 981 3684 1052 πέμψας

2105 1075 2173 1128 δι’
2204 1075 2539 1146 ἀπορρήτων
2576 1074 2772 1138 νυκτὸς
2804 1077 2917 1136 τοῖς
2948 1075 3281 1144 στρατηγοῖς
3313 1071 3689 1142 διαμηνύεται

2107 1167 2183 1231 ὡς
2210 1166 2373 1228 αὐτὸς
2409 1167 2528 1236 μετ’
2568 1166 2752 1219 αὐτῶν
2789 1166 2942 1219 ἔσται
2967 1165 3063 1218 καὶ
3092 1165 3168 1228 ὡς
3214 1164 3539 1235 ἐπιθήσοιτο
3574 1167 3688 1227 τοῖς

2113 1261 2233 1330 μετ’
2285 1259 2455 1313 αὑτοῦ
2524 1259 2767 1323 Ἰταλοῖς,
2816 1258 2879 1330 [Ρ
2907 1256 2997 1329 5i]
3025 1256 3182 1326 βλαξι
3230 1255 3329 1309 καὶ
3384 1257 3689 1324 τρυφεροῖς

2107 1349 2284 1417 οὖσιν,
2345 1351 2397 1404 εί
2450 1350 2611 1414 μόνον
2663 1350 2861 1413 ἐκεῖνοι
2929 1347 3171 1419 ὁρμῷεν.
3225 1347 3372 1417 Πλὴν
3403 1346 3687 1401 καθιστών

2109 1443 2247 1513 πρὸς
2276 1446 2520 1506 ἐκείνους
2565 1442 2706 1504 ’τοὺς
2753 1442 2974 1512 ὅρκους,
3023 1442 3093 1494 τὰ
3132 1440 3299 1494 πιστὰ
3345 1440 3540 1509 ἐτήρει
3569 1440 3687 1501 τοῖς

2108 1536 2240 1605 περὶ
2284 1537 2378 1588 τὸν
2407 1534 2622 1606 πατέρα
2649 1534 2747 1589 καὶ
2762 1535 2853 1587 τὸν
2883 1532 3051 1587 αὑτοῦ
3072 1532 3303 1602 ἀδελφὺν
3330 1533 3682 1601 Νικηφόρον,

2107 1624 2249 1680 ὥστε
2303 1626 2621 1697 άλωϐήτους
2653 1626 2854 1689 αὐτοὺς
2907 1625 3364 1695 διατηρήσαντας,
3400 1627 3521 1688 τοῖς
3574 1625 3688 1677 λοι-

2108 1720 2231 1781 ποῖς
2272 1715 2497 1778 Ἰταλοῖς
2520 1712 2662 1781 οὖσι,
2691 1717 2789 1768 καὶ
2813 1715 3188 1786 διαφερόντως
3220 1716 3352 1782 τοῖς,
3384 1714 3479 1768 τοῦ
3516 1716 3689 1787 Πρίγ-

2109 1826 2292 1872 κιπος,
2322 1808 2492 1878 ὁμόσε
2519 1810 2745 1879 χωρεῖν.
2786 1806 2974 1862 Ταῦτα
3026 1806 3375 1877 συνθεμένων
3429 1809 3687 1874 ἐκείνων,

2112 1901 2204 1953 καὶ
2233 1898 2688 1965 άνταλλαξάντων
2703 1900 2787 1963 είς
2810 1900 2937 1962 τοὺς
2970 1900 3168 1970 ὅρκους
3196 1899 3265 1953 τά
3288 1900 3408 1969 ἱερὰ
3434 1901 3686 1970 περιάμ-

2108 2008 2279 2057 ματα,
2317 1992 2697 2062 συρρήγνυται
2728 1991 2876 2060 μάχη
2911 1990 3149 2061 μεγίστη
3212 1989 3369 2044 ἐνθεν
3401 1991 3504 2062 μὲν
3549 1990 3687 2045 Ῥω·-

2113 2084 2292 2152 μαίοις
2319 2084 2418 2135 σὺν
2451 2084 2690 2152 Πέρσαις
2719 2084 2814 2136 καὶ
2848 2083 3101 2152 Σκυθικῷ
3133 2082 3396 2154 πλείστῳ,
3467 2084 3688 2139 ἐκεῖθεν

2108 2175 2167 2228 δέ
2201 2177 2314 2237 τοῖς
2343 2173 2439 2227 τοῦ
2497 2174 2809 2245 Πρίγκιπος
2868 2173 3124 2238 Ἰταλοῖς·
3186 2174 3280 2229 τὸν
3308 2177 3417 2247 γάρ
3467 2178 3688 2249 πατέρα

2106 2267 2203 2320 καὶ⁷
2233 2266 2463 2336 ἀδελφὸν
2526 2266 2624 2320 σὺν
2653 2268 2765 2329 τοῖς
2791 2267 2923 2338 περὶ
2983 2268 3229 2331 ἐκείνους
3256 2268 3411 2337 σφίσι
3442 2269 3511 2322 τὰ
3536 2269 3686 2324 δεινά

2104 2356 2392 2421 ἐπισείσας
2444 2358 2771 2428 άποναρκᾷν
2825 2357 2965 2429 πρὸς
2992 2358 3093 2428 τὴν
3150 2360 3332 2429 μάχην
3355 2359 3561 2423 ἐποίει,
3593 2362 3687 2412 καὶ

2106 2451 2205 2519 οὐχ
2232 2450 2381 2513 ὅπως
2404 2448 2494 2502 τὸν
2521 2449 2762 2519 πόλεμον
2812 2449 3239 2516 ἀναϐάλλεσθαι,
3287 2450 3421 2505 ἀλλὰ
3452 2453 3554 2504 καὶ
3584 2451 3685 2505 ὑπὸ

2109 2541 2247 2593 πόδα
2281 2543 2612 2610 ἀναχωρεῖν,
2654 2540 2818 2603 αὐτὸς
2841 2541 2896 2594 δέ
2932 2540 3075 2603 κατὰ
3097 2540 3272 2594 νώτου
3305 2543 3420 2606 τοῖς
3457 2540 3687 2605 Ἰταλοῖς

2108 2631 2639 2702 προσεπιτιθέμενος
2665 2632 2817 2685 δεινὰ
2851 2633 3052 2687 ἐποίει.
3105 2635 3219 2688 Καὶ
3265 2637 3391 2689 τότε
3433 2633 3685 2703 ἔγνωσαν

2121 2724 2318 2778 Ἰταλοὶ
2341 2725 2793 2797 παραδεδομένοι,
2829 2727 2925 2779 καὶ
2971 2727 3387 2799 ἀπεδίδρασκον.
3439 2729 3515 2782 Οὐ
3580 2728 3685 2800 μὴν

2109 2818 2166 2871 δὲ
2195 2823 2291 2872 καὶ
2340 2819 2432 2873 τὸν
2484 2818 2731 2874 κίνδυνον
2763 2819 3129 2887 ὑπεξέφυγον,
3176 2821 3312 2875 ἀλλὰ
3369 2822 3560 2875 πολλοὶ
3609 2823 3684 2889 τῷ

2112 2906 2365 2979 Σκυθικῷ
2420 2906 2793 2980 στρατεύματι
2829 2910 3518 2981 συγκαταλαμὸανόμενοι,
3559 2928 3685 2981 συχ·

2112 3087 2190 3143 ait
2215 3088 2479 3155 Princeps
2513 3102 2645 3145 voce
2690 3087 2926 3153 sublata,
2974 3089 3133 3143 oculo
3159 3103 3279 3142 eum
3311 3101 3505 3145 eontew
3532 3102 3684 3160 ptnre

437 3186 653 3239 quoque
692 3170 954 3240 procincti
996 3186 1027 3225 e
1065 3170 1285 3240 regione
1325 3169 1588 3239 stabant),
1619 3167 1728 3230 le“,
1764 3156 2008 3237 inquam,

2113 3179 2319 3252 figens:
2369 3198 2388 3231 ι
2423 3178 2503 3234 Tu
2534 3181 2676 3234 enim
2717 3181 2934 3251 spurius
2981 3194 3078 3236 nec
3120 3179 3257 3234 Iber
3288 3180 3477 3235 tenebr
3499 3156 3554 3246 ο,
3602 3185 3683 3235 vix

441 3260 671 3317 articulo
707 3276 887 3315 rerum
920 3274 986 3315 ac
1016 3263 1308 3330 temporis,
1341 3274 1464 3316 cum
1501 3267 1707 3313 tantum
1745 3272 1850 3312 non
1892 3257 2012 3313 acie

2115 3287 2181 3325 eo
2198 3272 2321 3341 jure
2343 3272 2546 3342 aspires
2571 3282 2629 3325 ιιι
2659 3287 2851 3327 servus
2872 3273 2988 3338 ejus
3013 3272 3110 3328 sis.
3149 3291 3168 3323 ι
3212 3272 3309 3327 llis
3339 3274 3520 3329 verbis
3542 3273 3681 3327 haud

441 3352 692 3407 instructi
717 3352 953 3421 despota:
976 3350 1171 3405 milites
1199 3351 1409 3419 signum
1438 3348 1715 3404 conflictus
1740 3358 2017 3418 exspecta-

447 3453 589 3509 rent,
613 3442 845 3499 medium
874 3441 1167 3499 intervenit
1191 3440 1369 3496 simile
1395 3440 1647 3510 quiddam
1677 3439 1750 3494 illi
1782 3449 1924 3496 nota:
1946 3454 2013 3494 ex

437 3535 643 3592 fabulis
670 3534 956 3592 discordia:
975 3573 991 3599 ,
1018 3548 1137 3603 quae
1166 3532 1310 3589 inter
1339 3532 1468 3588 deos
1501 3543 1611 3593 tres
1640 3531 1838 3587 malum
1871 3546 2014 3602 prte-

442 3624 640 3681 stantis
664 3625 853 3680 forma:
885 3624 1166 3694 praemium
1196 3623 1406 3694 jaciens
1432 3622 1638 3693 tragica
1670 3637 1766 3677 eas
1790 3620 2015 3676 aemula-

441 3721 646 3776 latione
677 3717 968 3775 commisit.
996 3715 1090 3772 Sic
1117 3716 1261 3772 enim
1290 3723 1345 3769 et
1373 3728 1513 3769 nunc
1538 3712 1786 3768 fmderati
1817 3709 2016 3782 princi-

441 3829 538 3883 pes
580 3812 731 3876 rixa,
764 3811 854 3867 hic
886 3823 1102 3880 quoque
1134 3822 1241 3863 non
1276 3805 1524 3862 dissimili
1558 3820 1624 3860 ex
1656 3819 1819 3860 causa
1858 3813 2013 3867 nata,

442 3901 692 3957 distracti
727 3899 796 3955 ab
826 3899 1056 3954 invicem
1085 3905 1212 3952 sunt
1240 3894 1470 3952 discidio
1495 3893 1733 3950 funesto.

552 4058 639 4113 3|.
666 4053 733 4110 Ut
764 4053 977 4107 Achaia:
1003 4051 1241 4122 princeps
1276 4058 1460 4119 captus
1483 4064 1515 4101 a
1546 4044 1793 4101 Romanis
1817 4045 1906 4100 sit.

516 4196 678 4251 Aiunt
719 4193 862 4249 enint
899 4191 1159 4262 quosdam
1182 4203 1213 4244 e
1237 4188 1494 4245 comitatu
1531 4183 1798 4258 Principis
1823 4202 2014 4256 proce-

443 4304 555 4353 res,
577 4301 714 4358 quos
734 4283 1060 4343 caballarios
1088 4282 1163 4336 illi
1184 4288 1401 4345 vocant,
1418 4277 1731 4348 cupiditatis
1755 4278 2016 4348 adjecisse

441 4382 631 4436 oculos
678 4379 732 4433 in
776 4375 936 4430 ducis
980 4372 1207 4430 Joannis
1250 4369 1558 4442 coniugem,
1590 4383 1751 4437 quam
1787 4368 2015 4426 Taronm

443 4472 614 4528 fuisse
645 4469 810 4526 filiam
842 4466 1101 4530 diximus,
1133 4464 1188 4518 in
1219 4462 1559 4517 manifestam
1592 4461 1695 4516 viri
1739 4460 1856 4529 ejus
1878 4475 2015 4517 con-

2118 3360 2303 3413 mitius
2330 3375 2493 3429 quam
2533 3359 2623 3415 ille
2661 3369 2817 3415 vetus
2845 3360 3267 3429 Agamemnonis
3299 3361 3565 3415 conviciis
3588 3377 3682 3418 no-

2117 3468 2212 3507 vus
2241 3453 2479 3507 Achilles
2500 3451 2738 3509 Joannes
2758 3452 3086 3518 concitatus,
3116 3454 3170 3508 in
3201 3454 3337 3508 iram
3369 3469 3475 3507 non
3510 3455 3684 3509 minus

2115 3559 2412 3599 memorem
2452 3555 2509 3600 et
2549 3546 2696 3598 exitu
2741 3545 2956 3599 noxiam
2996 3545 3307 3599 excanduit.
3356 3544 3590 3616 Moxque
3630 3556 3685 3601 ut

2116 3638 2523 3692 demonstraret
2558 3635 2885 3707 praecipuam
2918 3650 2978 3691 se
3014 3648 3221 3704 partem
3272 3639 3465 3692 harum
3496 3641 3684 3707 copia-

2116 3741 2235 3780 rum
2271 3741 2415 3793 esse,
2457 3741 2522 3781 ac
2544 3742 2870 3797 quocunque
2932 3726 3250 3785 inclinasset
3298 3743 3483 3784 secum
3515 3732 3685 3786 victo~

2122 3819 2258 3873 riam
2307 3828 2628 3884 tracturum,
2683 3821 2867 3874 missis
2921 3821 3138 3876 arcanis
3182 3833 3342 3875 noctu
3390 3822 3587 3880 litteris
3619 3825 3683 3879 ad

2116 3911 2286 3967 duces
2326 3913 2562 3967 hostium
2603 3913 2875 3978 signiﬁcat
2899 3928 2958 3968 se
2989 3928 3112 3968 cum
3144 3914 3276 3981 ipsis
3313 3913 3450 3979 fore,
3496 3926 3549 3969 et
3583 3917 3684 3970 im-

2118 4011 2299 4074 petum
2345 4019 2467 4057 cum
2504 4004 2618 4059 suis
2661 4004 2934 4059 facturum
2981 4004 3036 4058 in
3076 4004 3329 4059 Italorum
3382 4008 3679 4061 multitudi-

2119 4108 2240 4150 nem
2273 4095 2518 4149 mollium
2553 4095 2977 4164 iutbelliumipie,
3015 4096 3057 4149 si
3081 4112 3174 4151 eos
3207 4097 3281 4151 illi
3315 4100 3679 4153 adorirentur.

2119 4191 2277 4246 Cavit
2308 4200 2509 4255 tamen,
2541 4180 2737 4243 exat-to
2767 4189 2819 4241 in
2856 4189 2905 4241 id
2934 4188 3003 4242 ab
3038 4187 3116 4242 eis
3142 4189 3519 4259 jurejurando,
3549 4190 3679 4261 patri

2116 4298 2219 4338 suo
2247 4283 2482 4354 despotte
2529 4297 2593 4336 ac
2635 4282 2789 4336 fratri
2823 4278 3148 4349 Nicephoro,
3184 4293 3241 4335 ut
3287 4283 3423 4336 salvi
3460 4295 3681 4352 uterque

2118 4376 2438 4445 innoxiique
2463 4374 2886 4429 dimitterentur.
2918 4373 2977 4428 In
3011 4375 3245 4441 reliquos
3298 4374 3481 4439 Italos,
3509 4374 3679 4429 maxi-

2119 4482 2312 4536 meque
2338 4468 2389 4520 in
2419 4465 2617 4520 milites
2648 4455 2934 4535 Principis,
2970 4466 3113 4519 omni
3142 4468 3191 4518 vi
3224 4465 3350 4520 belli
3380 4467 3678 4524 saeviretur.

443 4561 722 4617 tumeliam
753 4566 810 4612 et
839 4555 1120 4628 praesentis
1139 4560 1541 4621 contemptum;
1568 4550 1723 4620 cujus
1752 4549 1840 4606 ille
1869 4549 2009 4604 haud

2123 4557 2215 4612 llis
2246 4559 2385 4612 inter
2417 4572 2514 4611 eos
2544 4558 2848 4621 conventis,
2895 4567 2946 4609 et
2986 4559 3192 4611 firmata
3234 4559 3491 4623 utrinque
3537 4559 3681 4625 jure-

443 4651 800 4710 dissimulans
829 4647 1069 4702 dolorem
1098 4641 1420 4715 gravissime
1441 4652 1668 4711 questus
1700 4648 1804 4705 est,
1836 4639 2012 4694 mino-

2113 4649 2342 4718 jnraudo
2366 4648 2469 4703 fide
2489 4665 2583 4719 per
2605 4649 3136 4703 commmutationcm
3169 4664 3446 4704 snt-rerum
3476 4649 3678 4705 amule-

447 4758 537 4800 tns
585 4742 750 4798 etiam
800 4751 1021 4810 gravem
1088 4734 1348 4791 υιῑῖοιιθω
1402 4732 1716 4788 “ﬂoribus
1778 4730 2012 4804 iniuriae.
2119 4754 2317 4806 torum,
2352 4752 2505 4795 atrox
2556 4756 2728 4809 pugna
2760 4741 3142 4803 committitur,
3179 4739 3304 4794 hinc
3330 4742 3545 4810 quidem
3576 4741 3679 4796 Ro-

444 4834 640 4907 quibus
667 4831 735 4886 ad
762 4846 824 4886 ea
860 4827 1094 4896 superbe
1125 4824 1568 4894 responsantibus
1611 4833 1888 4880 certamen
1915 4839 2012 4880 Ic-
2118 4834 2295 4889 mauis
2347 4848 2467 4888 cum
2520 4831 2699 4887 Persis
2760 4841 2816 4886 et
2880 4831 3204 4903 Scytharum
3273 4848 3433 4887 manu
3493 4849 3677 4902 magna

445 4940 669 4983 censum
703 4930 787 4978 est
816 4920 1070 4989 utrinque
1104 4918 1419 4985 vehemens,
1449 4917 1651 4987 iraeque
1679 4918 2017 4987 ignescentes
2121 4922 2477 4987 irruentibus,
2510 4922 2780 4976 stantibus
2817 4934 3004 4976 contra
3052 4921 3225 4985 Italis,
3254 4923 3344 4992 qui
3388 4924 3491 4979 sub
3526 4923 3675 4978 Priuo

453 5022 505 5075 in
540 5018 740 5075 bellum
781 5015 1175 5071 internecivum
1205 5008 1701 5075 inflammabantur,
1731 5010 1869 5064 mira
1894 5010 2020 5066 bre-
2117 5016 2235 5080 cipe
2261 5013 2560 5069 merebant.
2587 5012 2722 5067 Nam
2754 5012 2891 5080 patri
2917 5022 2972 5068 et
3000 5012 3153 5067 fratri
3183 5012 3420 5071 Joannes
3459 5032 3677 5087 persua-

444 5113 526 5169 vis
559 5109 984 5167 commutatione
1016 5104 1297 5169 momenti,
1332 5114 1394 5158 ut
1417 5103 1509 5173 qui
1537 5102 1696 5174 paulo
1725 5112 1853 5159 ante
1881 5103 2015 5157 socii

444 5217 785 5260 communem
815 5201 986 5255 aciem
1018 5209 1211 5253 contra
1242 5197 1425 5252 hostes
1456 5212 1521 5251 ex
1554 5199 1783 5250 adverso
1815 5195 2017 5250 instru-

448 5305 566 5350 ctos
596 5292 925 5354 conﬂabant,
965 5304 1024 5344 se
1071 5288 1300 5367 invicem
1339 5287 1517 5343 infesti
1562 5295 1828 5356 peterent.
1865 5284 2015 5340 Tunc

449 5386 749 5455 principem
764 5386 879 5438 haec
896 5392 1207 5436 cernentem
1232 5378 1410 5435 ferunt
1425 5379 1756 5445 indignatum
1778 5377 2018 5447 graviter

450 5495 577 5534 suos
606 5477 824 5547 quidem
874 5474 1162 5543 obiurgare
1211 5488 1316 5527 non
1367 5470 1713 5534 sustinuisse,
1751 5467 1861 5538 85
1893 5467 2016 5521 dlici

448 5584 627 5625 autem
654 5579 713 5624 ut
744 5567 1002 5622 tumultus
1028 5565 1235 5621 auctori
1261 5572 1696 5627 succenseutem,
1731 5574 1855 5613 eum
1886 5575 2018 5614 con-

449 5662 731 5717 tumeliose
773 5659 1091 5729 appellasse,
1138 5656 1463 5725 exprobrato
1506 5654 1671 5709 etiam
1718 5651 2020 5706 luculenter

448 5771 509 5809 ac
541 5753 717 5825 palam
746 5754 1005 5808 dedecore
1042 5750 1320 5806 natalium.
1350 5747 1481 5804 Cum
1517 5746 1660 5802 enim
1687 5745 1731 5798 is
1751 5743 2018 5813 Nicepho-

449 5863 567 5901 rum
588 5845 879 5904 ostendens
904 5865 922 5899 t
954 5845 1122 5900 frater
1146 5860 1294 5902 meus
1321 5862 1340 5896 ι
1371 5842 1617 5907 dixisset,
1638 5847 1734 5890 -ι
1762 5838 1909 5908 Apag
1932 5854 1964 5902 λ,
1990 5856 2006 5889 ι

2116 5116 2282 5169 serat,
2334 5119 2497 5173 grave
2555 5103 2608 5157 ni
2647 5103 2885 5157 facerent
2930 5105 3226 5172 periculum
3280 5107 3576 5174 intentans,
3625 5120 3679 5163 ut

2117 5213 2224 5250 non
2273 5204 2478 5249 tantum
2536 5195 2872 5249 abstinerent
2922 5210 3123 5264 pugna,
3165 5197 3260 5250 sed
3299 5197 3489 5265 pedem
3521 5202 3674 5256 etiam

2120 5288 2391 5343 referrent
2428 5296 2592 5356 atque
2629 5293 2684 5340 in
2715 5295 2890 5340 tutum
2922 5301 2980 5340 se
3013 5288 3335 5355 reciperent.
3375 5289 3496 5359 Ipse
3527 5307 3679 5359 porro

2118 5396 2149 5434 a
2180 5392 2329 5447 tergo
2362 5378 2525 5434 Italos
2569 5380 2794 5432 adortus
2825 5391 3070 5446 magnam
3105 5394 3293 5432 eorum
3330 5389 3567 5450 stragem
3595 5384 3678 5436 de-

2118 5473 2218 5527 dit.
2265 5471 2400 5526 ‘l‘um
2459 5472 2673 5524 demum
2723 5485 2844 5525 sese
2885 5469 3000 5523 Itali
3071 5470 3315 5539 proditos
3362 5484 3676 5538 senserunt;

2117 5563 2400 5635 sparsique
2420 5564 2471 5615 in
2489 5562 2666 5630 fugam
2692 5563 2892 5631 μεθείω
2918 5577 3017 5616 nec
3053 5562 3132 5617 sic
3153 5561 3266 5635 86
3290 5565 3582 5633 periculum
3602 5564 3679 5619 fu-

2120 5661 2314 5722 gerunt
2384 5649 2737 5706 CiI‘CIlllIVeﬂli
2799 5663 2829 5704 a
2890 5648 3158 5720 Scythicis
3207 5653 3445 5707 maxime
3491 5653 3674 5723 οιορῑίξ,

2121 5757 2350 5811 quarum
2381 5740 2731 5795 creberrimis
2760 5738 2959 5795 conﬁxi
2994 5740 3192 5807 jaculis
3220 5743 3504 5802 cadebant,
3539 5743 3624 5794 alii
3650 5755 3675 5791 a

2121 5836 2299 5891 Persis
2348 5833 2717 5903 capiebantur.
2770 5833 2887 5903 Ipse
2951 5833 3015 5887 ad
3078 5841 3378 5888 extremum
3430 5831 3678 5900 Princeps
