3952 6524
322 422 416 483 521

1304 419 1403 479 DE
1437 416 1828 478 MlCIlAELE
1867 416 2322 476 PALASULUGU
2362 417 2503 476 LIB.
2551 417 2598 476 Ι.

3444 418 3550 484 5'32

320 532 428 592 νοῑς
464 529 576 590 τοῖς
605 524 806 590 ὀϊστοῖς
859 528 1289 597 τιτρωςκῦμενοι
1339 527 1594 592 ἔπιπτον,
1633 525 1784 580 ἄλλοι
1829 522 1886 576 δὲ
1913 525 1959 581 Α
1996 521 2092 584 δας
2122 521 2343 576 πίπτειν
2377 523 2590 592 βασιλεῖ
2617 541 2678 592 γε
2710 525 2822 578 ὄντι
2858 525 3071 596 τελείῳ.
3093 527 3155 582 Εἰ
3181 527 3544 605 δὲιβούλοιτο,

319 623 428 683 τοῖς
458 623 694 688 Πέρσαις
733 620 1039 690 ἡλίσκοντο.
1078 620 1185 674 Καὶ
1215 621 1366 683 τέλος
1398 620 1560 680 αὐτὸς
1591 619 1619 670 ὁ
1649 616 1884 688 πρίγκιψ

320 710 515 780 Θὰμνῳ
548 712 654 763 τινὶ
688 711 982 779 παρεισδὺς
1011 711 1225 764 ἐκεῖθεν
1249 710 1476 782 ὲθάρῤει
1528 710 1735 770 λαϐεῖν,
1766 706 1882 759 ἀλλ’

317 803 415 853 οὐκ
449 803 581 871 ἦνυε
639 801 702 854 τδ
751 802 1038 871 παράπαν*
1094 802 1421 864 ἐπιστάντες
1452 802 1562 870 γὰρ
1595 802 1690 852 καὶ
1718 798 1884 852 αὐτὸν

317 892 528 954 ἀκλεῶς
555 892 739 962 ᾕρουν.
768 894 876 946 Καὶ
909 893 1051 962 μέγα
1078 911 1130 946 τι
1161 895 1371 947 ἀκονιτὶ
1407 896 1464 946 ὲν
1491 893 1663 962 στενῷ
1681 893 1882 959 κατόρ-

318 983 482 1052 Θωμα
523 984 628 1037 τότ’
663 986 984 1053 ἐπράττετο,
1007 987 1064 1037 ἐν
1081 986 1245 1054 ὀλίγῳ
1299 987 1445 1055 πόνῳ
1481 985 1670 1055 κέρδος
1702 1002 1882 1038 νεανι-

326 1074 443 1127 κόν.
480 1075 616 1128 Τότε
650 1076 828 1128 τοίνυν
852 1076 921 1128 τὰ
961 1076 1252 1144 θαυμαστὰ
1289 1077 1382 1128 καὶ
1407 1076 1616 1146 μεγάλοι
1646 1078 1694 1128 οἱ
1717 1092 1885 1145 στρα-

313 1167 474 1233 τηγοὶ
512 1167 947 1237 ἀπενεγκάμενοι
974 1168 1215 1238 λάφυρα,
1248 1169 1333 1236 ἐφ’
1362 1164 1443 1230 οἷς
1474 1171 1569 1221 καὶ
1614 1170 1780 1221 αὐτὸν
1819 1169 1882 1238 δὴ

312 1256 404 1308 τὸν
437 1257 540 1325 τῆς
578 1257 801 1326 Ἀχαΐας
856 1259 1151 1328 πρίγκιπα,
1219 1258 1308 1310 ἐπ’
1343 1258 1612 1326 ἀνατολὴν
1660 1259 1882 1326 σύναμα

312 1349 405 1399 καὶ
427 1349 506 1419 τῷ
530 1367 595 1400 πε
607 1352 657 1418 pi.
681 1350 872 1413 αὐτοὺς
902 1349 1269 1419 στρατεύματι
1293 1352 1540 1421 ἤλαυνον,
1563 1353 1883 1420 κατοχυρὼ-

312 1455 506 1500 σαντες
562 1439 638 1501 ὡς
697 1435 809 1492 οἷόν
869 1459 926 1493 τε
965 1443 1232 1510 πρότερον
1259 1447 1356 1493 καὶ
1389 1445 1516 1504 τοὺς
1553 1447 1693 1495 κατὰ
1730 1445 1882 1496 δύσιν

309 1528 532 1591 τόπους,
581 1531 658 1593 ὡς
698 1535 789 1582 ἐπὶ
843 1533 1097 1584 πλεῖστον
1158 1535 1535 1601 φυλάττοιντο.
1606 1537 1695 1597 Ὠς
1751 1537 1882 1602 γοῦν

308 1621 588 1688 ἐπανῆκον
623 1623 759 1691 μετὰ
787 1625 1053 1694 λαμπρῶν
1071 1625 1179 1676 τῶν
1210 1627 1511 1694 τροπαίων,
1547 1627 1875 1697 κατειλήφει

314 1711 412 1776 μὲν
438 1714 535 1764 καὶ
564 1712 648 1766 ἕτι
694 1716 722 1767 ὁ
767 1714 1250 1784 Στρατηγόπθιυλος
1279 1719 1336 1768 ὲν
1401 1722 1784 1790 ἀκαταστασίαι¹
1815 1723 1882 1773 τὰ

1985 617 2078 666 καὶ
2108 615 2278 686 λύτρα
2315 617 2515 672 διδόναι
2540 620 2679 688 ὑπὲρ
2710 619 2876 672 αὑτοῦ
2905 615 2980 672 ὧν
3015 620 3129 690 ἔχει
3159 622 3229 674 τὰ
3259 623 3544 685 κάλλιστα,

1983 703 2020 759 ἃ
2045 707 2095 758 εἰ
2127 708 2199 776 μή
2233 722 2296 775 γε
2330 708 2432 761 ἀνὰ
2465 710 2653 778 χεῖρας
2681 711 2714 780 ἡ
2753 710 2902 772 πόλις
2929 710 3130 773 ἔκειτο,
3192 714 3292 766 οὐκ
3320 714 3385 766 ἂν
3437 715 3551 784 ήξί-
3639 775 3654 786 I

1983 813 2122 849 ωντο
2174 801 2283 861 τοῖς
2327 800 2619 870 Ῥωμαίοις
2667 802 2761 854 τοῦ
2810 803 3056 872 μηδενός·
3092 803 3176 874 [Ρ.
3214 804 3304 876 5%]
3358 805 3449 856 νῦν
3493 806 3548 856 δὲ

1985 887 2079 939 καὶ
2109 887 2292 941 λαϐεῖν
2335 892 2588 959 ἁσμένως
2634 894 2912 947 πιστεύειν
2963 900 3055 947 καὶ
3091 896 3315 964 ἔχοντας
3350 898 3549 958 ἱκανῶς

1989 981 2410 1048 μεγαλύνεσθαι.
2465 985 2524 1036 '0
2582 986 2678 1053 μὲν
2732 986 2968 1055 πρίγκιψ
3005 988 3200 1052 ταῦτα,
3258 990 3423 1052 ἀξιιιλν
3459 995 3550 1040 καὶ

1985 1068 2170 1131 δοῦλος
2220 1071 2278 1133 ὲς
2305 1071 2392 1122 ἀεὶ
2444 1071 2750 1140 κεκλῆσθαι
2798 1075 2891 1126 καί
2925 1093 2976 1127 τι
3033 1081 3258 1146 σημεῖον
3288 1078 3430 1147 ἔχειν
3486 1081 3551 1131 ὲκ

1988 1157 2270 1228 βασιλείας
2308 1163 2404 1232 τῆς
2437 1163 2684 1226 δουλείας
2737 1166 3028 1236 σύμϐολονο
3063 1171 3090 1219 ὁ
3116 1169 3171 1220 δέ
3206 1186 3267 1235 γε
3299 1169 3550 1238 βασιλεὺς

1986 1253 2228 1318 ἀκούσας
2289 1257 2390 1324 μὲν
2420 1259 2605 1310 καὶτὰ
2641 1259 2810 1326 λύτρα
2843 1263 2936 1313 καὶ
2957 1263 3208 1328 διαγνοὺς
3244 1264 3405 1315 ἱκανὰ
3435 1265 3553 1328 (πό-

1986 1345 2098 1408 λεις
2130 1349 2238 1416 γὰρ
2273 1349 2444 1401 ἐδίδου
2498 1351 2592 1402 καὶ
2639 1356 2826 1421 χώρας
2880 1355 3189 1424 ἀπόμοιραν
3251 1357 3447 1408 ἑαυτοῦ
3493 1360 3550 1409 ὲν

1989 1438 2376 1511 Πελοποννήσῳ
2413 1442 2598 1505 ἱκανὰς
2619 1449 2693 1503 εἰς
2717 1445 3034 1508 δεσποτείας
3060 1449 3324 1516 σέμνωμα
3359 1451 3549 1518 μέγαι,

1987 1529 2299 1599 ἀποϐλέψας
2355 1533 2411 1585 δὲ
2465 1536 2557 1586 καὶ
2596 1537 2728 1603 πρὸς
2752 1539 2848 1607 τὴν
2876 1539 3157 1591 είσέπειτα
3183 1541 3274 1592 τοῦ
3316 1541 3545 1594 Λατίνου

1985 1620 2250 1684 δουλείαν,
2281 1623 2354 1684 ὡς
2388 1625 2633 1679 ἐντεῦθεν
2661 1629 2755 1680 καὶ
2810 1629 3212 1696 μεγαλιύνεσοαι
3250 1634 3374 1695 τοὺς
3411 1631 3550 1684 Ῥω-

1989 1713 2177 1780 μαίοις
2212 1715 2306 1766 καί
2337 1732 2398 1782 γε
2423 1717 2746 1787 κερδαίνειν,
2770 1717 2909 1786 ἔγνω
2935 1721 3264 1774 σπείσασθαι
3315 1721 3384 1774 τὰ
3413 1724 3550 1792 πρὸς

311 1805 650 1873 πράγματα,
680 1808 781 1859 οὐκ
824 1808 978 1876 ὀλίγα
1010 1809 1066 1861 δὲ
1103 1811 1194 1862 καὶ
1227 1811 1391 1870 αὐτὸς
1421 1811 1498 1879 τῷ
1532 1813 1880 1881 [παλαιολάγῳ
1915 1821 1955 1876 Β
1984 1802 2192 1856 τοῦτον.
2243 1804 2366 1856 Ἐπὶ
2397 1808 2586 1875 ῥητοῖς
2621 1808 2750 1874 γοῦν
2809 1810 3059 1862 ἐκϐάλλει
3109 1810 3300 1864 τοῦτόν
3352 1829 3410 1864 τε
3452 1812 3550 1881 τῆς

310 1895 634 1962 συναίρεται
688 1897 784 1966 τῆς
831 1899 1086 1969 ὀρέξεως.
1127 1901 1230 1952 Τὸν
1287 1902 1469 1970 μέντοι
1508 1919 1572 1970 γε
1607 1921 1881 1972 πριγκιπα

308 1987 446 2037 κατὰ
487 1988 552 2039 τὸ
605 1987 894 2054 παρεστὼς
927 1989 1028 2059 μὲν
1088 1993 1212 2043 τότε
1266 1997 1332 2063 τῇ
1366 1993 1583 2065 φυλακῇ
1614 1996 1875 2048 ἐδίδοσανο

308 2078 615 2144 μετέπειτα
648 2079 702 2132 δὲ
749 2080 985 2150 ἁλούσης
1032 2083 1131 2150 τῆς
1157 2085 1366 2145 πόλεως
1393 2085 1487 2152 (ὡς
1513 2085 1578 2138 ἂν
1614 2085 1734 2138 καθ’
1762 2087 1878 2156 είρ⁴

307 2169 402 2235 μὸν
425 2171 525 2221 καὶ
557 2170 725 2222 ταῦτα
759 2173 950 2243 ῥηθείη
977 2178 1069 2226 καὶ
1099 2173 1172 2244 μὴ
1201 2176 1258 2226 τὸ
1292 2177 1383 2245 τῆς
1413 2177 1716 2246 διηγήσεως
1739 2195 1876 2232 συν-

305 2263 420 2330 εχὲς
453 2263 824 2327 διακάπτοιτο,
883 2268 930 2316 εἰ
996 2267 1088 2317 καὶ
1120 2265 1413 2331 ξυνέπεσεν
1470 2268 1720 2340 ὕστερον)
1782 2273 1878 2338 τῆς

307 2350 434 2412 γοῦν
469 2353 678 2415 πόλεως
710 2353 964 2422 ἁλούσης,
999 2357 1142 2408 ἐτοῖν
1205 2359 1677 2428 παραδραμόντων
1709 2363 1875 2427 δυοῖν,

306 2441 331 2492 ὁ
357 2429 467 2509 μὲν
517 2443 751 2512 πρίγκιψ
779 2445 869 2498 τὸν
898 2445 1127 2517 σαϐαρὸν
1174 2450 1374 2518 αὐχένα
1443 2450 1629 2514 κλίνας
1674 2454 1750 2523 τῷ
1784 2454 1879 2523 βα-

307 2533 443 2585 σιλεῖ
481 2537 572 2586 καὶ
601 2536 725 2604 ἄρτι
754 2537 975 2606 πρῶτον
1000 2539 1223 2608 βλέπειν
1246 2545 1454 2594 ἐκεῖνον
1479 2545 1695 2598 ἄνακτα
1738 2548 1875 2600 Ῥω-

309 2621 513 2688 μανίας
543 2623 730 2690 ἔλεγεν
784 2626 1188 2696 ἐπειλημμένον
1236 2627 1310 2690 ὡς
1343 2631 1510 2700 ἐχρῆν
1539 2633 1630 2684 τοῦ
1663 2633 1872 2701 θρόνου,

305 2713 397 2765 καί
425 2729 498 2781 γε
522 2715 716 2768 ἑαυτὸν
741 2717 952 2771 πείθειν
986 2719 1484 2774 καθυποκλίνεσθαι
1542 2727 1633 2776 καὶ
1671 2727 1746 2787 εἰς
1776 2727 1875 2778 πό-

313 2892 518 2946 sallum
550 2893 822 2962 ingressus
853 2897 1088 2952 arbustis
1122 2900 1349 2955 densum
1400 2902 1472 2956 ibi
1511 2915 1653 2958 tutas
1704 2923 1760 2960 se
1791 2909 1874 2961 itt-

305 2997 594 3038 vettturum
627 2987 860 3041 latebras
891 2991 1147 3058 sperabat
1201 2991 1395 3048 frustra
1427 3011 1440 3048 :
1477 3009 1602 3049 nam
1633 2995 1877 3051 detectus

313 3075 549 3144 inglorie
595 3091 784 3146 captus
825 3089 879 3132 et
910 3081 1022 3149 ipse
1059 3093 1162 3136 est.
1205 3084 1388 3152 Magna
1438 3095 1566 3138 tunc
1602 3101 1688 3140 res
1730 3087 1874 3142 brevi

1987 1894 2238 1961 φυλακῆς
2283 1897 2376 1949 καὶ
2423 1898 2532 1950 τῶν
2584 1900 2721 1968 ἀμφ’
2778 1901 2940 1954 αὐτὸν
2994 1903 3108 1954 ὅσοι
3170 1907 3440 1971 περιῆσαν
3491 1906 3550 1956 ἐν

1988 1985 2253 2054 φυλακαῖς
2281 1990 2947 2061 προσταλαιπωρούμενοι,
2981 1996 3116 2064 τιμᾷ
3148 1995 3204 2047 δὲ
3229 1998 3322 2048 καὶ
3345 1997 3549 2059 δεξιοῦ-

1985 2095 2074 2129 ται
2102 2083 2212 2142 τοῖς
2235 2082 2524 2148 πρέπουσι,
2561 2083 2652 2134 καὶ
2676 2081 2850 2144 οὕτως
2873 2083 3051 2153 ἑαυτῷ
3080 2085 3378 2138 οἰκειοῦται
3405 2087 3547 2140 ὥστε

1986 2171 2079 2222 καὶ
2137 2171 2396 2240 ἀνάδοχον
2446 2174 2608 2224 αὑτὸν
2659 2177 3002 2242 καταστῆσαι
3048 2176 3236 2240 παιδὸς
3292 2177 3426 2230 ἰδίου
3481 2179 3548 2232 ἐκ

1984 2259 2077 2312 τοῦ
2133 2262 2288 2328 ἁγίου
2341 2262 2723 2331 βαπτίσματος
2779 2267 2919 2319 κατά
2977 2283 3099 2318 τινα
3168 2268 3545 2338 πληροφορίαν

1989 2351 2270 2420 μεγίστην.
2330 2353 2620 2406 Συνέθεντό
2679 2372 2737 2407 τε
2795 2359 2934 2425 μετὰ
2961 2358 3140 2411 ταῦτα
3185 2360 3310 2421 τοὺς
3350 2361 3545 2428 ὅρκους

1986 2441 2268 2508 φρικτοὺς,
2320 2443 2392 2505 ὡς
2443 2443 2660 2512 λέγουσί
2709 2465 2874 2511 τινες,
2914 2449 3052 2501 ὥστε
3103 2451 3197 2503 καὶ
3243 2449 3547 2524 φρύκτωρα.

1984 2529 2293 2598 ἀνάψαντας
2327 2530 2442 2600 ἅμα
2475 2534 2586 2598 τοῖς
2623 2534 2889 2604 λεχθεῖσιν
2925 2539 3005 2600 εἰς
3039 2539 3238 2606 ὅρκους
3285 2544 3376 2592 καὶ
3406 2540 3545 2610 ἀρὰς

1986 2624 2083 2683 τὰς
2122 2623 2598 2692 παλαμναιοτατας
2635 2625 2828 2694 σϐἧναι
2878 2633 3121 2699 ποιῆσαι,
3170 2629 3197 2682 ὃ
3238 2631 3302 2701 δὴ
3337 2633 3431 2684 καὶ
3466 2633 3546 2694 είς

1984 2711 2222 2779 ἀσφαλὲς
2260 2715 2370 2776 τοῖς
2415 2715 2639 2779 Ἰταλοῖς
2673 2717 2782 2769 τῶν
2808 2717 2939 2789 παρ’
2957 2720 3186 2783 ἐκείνοις
3217 2721 3544 2791 ἁςορισμῶι

1981 2897 2042 2936 ea
2079 2885 2310 2938 libenter
2342 2895 2676 2954 accepturos,
2709 2897 2911 2944 etcum
2951 2891 3262 2954 habuerint,
3299 2909 3404 2948 non
3440 2911 3540 2965 pa-

1984 2987 2101 3026 rtttn
2148 2975 2272 3029 inde
2309 2979 2545 3032 crevisse
2575 2993 2728 3032 suam
2764 2982 3190 3048 magnitudinem
3246 3001 3533 3040 sensuros.

1982 3060 2225 3116 Addebat
2255 3079 2358 3119 non
2390 3082 2643 3123 recusare
2675 3085 2756 3133 se,
2787 3070 2915 3139 quin
2941 3073 3121 3127 etiatn'
3143 3075 3281 3129 ultro
3319 3091 3538 3146 cupere,

308 3178 585 3220 ntomettto
618 3184 679 3219 re.
708 3167 860 3222 facile
889 3181 1126 3237 peracta,
1152 3174 1437 3242 exiguique
1461 3174 1660 3228 laboris
1684 3176 1870 3244 ingens

1980 3152 2168 3219 subjici
2215 3158 2548 3224 imperatori,
2590 3170 2644 3214 et
2694 3161 2957 3216 clientelae
2990 3181 3129 3219 nexu
3157 3178 3433 3234 perpetuae
3480 3184 3542 3224 se

305 3270 401 3310 nec
462 3257 815 3324 prudentibus
863 3258 1133 3324 sperabile
1180 3260 1411 3326 pretium
1448 3259 1710 3313 conStitit.
1761 3259 1873 3314 Sub

313 3350 421 3400 ltzec
451 3346 676 3400 [hmani
725 3353 888 3402 duces
935 3349 1236 3402 incredibili
1280 3349 1572 3417 spoliorum
1614 3351 1657 3402 \i
1694 3350 1870 3414 dilati,

308 3441 583 3507 captivum
609 3439 826 3493 Achaiae
858 3439 1154 3507 principem
1186 3441 1442 3494 ducentes
1470 3455 1590 3493 cum
1627 3439 1872 3494 exercitu

306 3529 357 3581 itt
404 3528 685 3582 Orientem
735 3541 1091 3594 reverterunt,
1146 3531 1368 3584 ntuttitis
1413 3531 1562 3598 prius
1611 3540 1870 3596 quantum

311 3619 391 3674 las
426 3620 530 3672 fuit
573 3632 628 3672 et
676 3636 894 3675 necesse
927 3622 1102 3673 visum
1146 3630 1250 3686 est,
1301 3631 1359 3673 ut
1388 3633 1547 3688 quam
1576 3619 1874 3672 diutissime

305 3724 498 3764 secure
532 3719 862 3773 tenerentur,
891 3708 1112 3764 Occidui
1142 3709 1328 3762 limitis
1355 3709 1510 3761 locis.
1550 3707 1744 3760 liedux.
1774 3722 1868 3761 att-

308 3811 412 3855 tent
471 3811 593 3869 post
637 3802 720 3854 illa
751 3801 1028 3869 splendida
1068 3811 1264 3870 tropaea
1306 3798 1714 3867 Strategopulus
1749 3815 1872 3854 cum

307 3895 474 3947 sociis
501 3909 588 3946 res
617 3894 1035 3961 haudquaquam
1071 3893 1250 3946 adhuc
1287 3892 1337 3944 itt
1384 3892 1506 3944 aula
1534 3892 1742 3959 quietas
1787 3906 1872 3944 rc-

306 3987 466 4052 perit,
497 4001 560 4039 ac
605 3983 946 4051 perstudiose
975 3983 1275 4052 Palzeologo
1315 3985 1502 4036 lavens
1541 3983 1764 4035 multum
1810 3982 1875 4034 ad

305 4076 421 4142 ejus
456 4085 705 4127 vulorutu
761 4072 1011 4127 eliectum
1047 4073 1296 4127 contulit.
1329 4073 1397 4126 At
1445 4073 1741 4141 principem
1777 4088 1875 4125 cu-

309 4168 502 4221 s'todiae
541 4175 652 4218 tum
695 4165 910 4233 quidem
949 4165 1306 4218 tradiderunt.
1339 4163 1528 4217 Poetca
1565 4179 1691 4216 vero
1722 4175 1874 4233 capta

309 4260 526 4312 civitate
560 4257 670 4323 (ltic
711 4258 854 4309 enim
901 4254 1055 4322 juvat
1103 4271 1190 4308 res
1223 4254 1478 4324 principis
1509 4255 1725 4310 Achaiae
1769 4272 1873 4310 una

309 4349 468 4402 simul
516 4348 656 4400 serie
708 4349 908 4410 dicere,
958 4360 1024 4400 ne
1072 4346 1118 4400 si
1161 4349 1273 4399 suis
1322 4346 1556 4415 quidque
1588 4344 1873 4415 posterius

308 4455 516 4504 gestum
569 4441 906 4508 tenuioribus
944 4449 1214 4502 servetur,
1272 4440 1612 4493 incommode
1645 4440 1872 4510 abrupta

1978 3255 2245 3310 situmque
2297 3247 2659 3314 principattun
2704 3253 2751 3304 ei
2787 3253 3061 3323 obligare;
3097 3255 3339 3324 velleque
3382 3257 3543 3324 hujus

1981 3332 2337 3401 subjectionis
2369 3337 2578 3407 signum
2627 3352 2690 3394 ac
2737 3345 3035 3412 sytttbolum
3068 3362 3285 3401 sumere
3330 3349 3540 3403 titulum

1977 3425 2144 3478 ofﬁcii
2167 3427 2236 3481 ab
2262 3443 2326 3480 eo
2359 3429 2616 3497 impositi.
2649 3431 2744 3487 His
2768 3437 3060 3504 imperator
3083 3440 3302 3504 auditis,
3334 3453 3386 3494 et
3416 3459 3542 3510 proa

1978 3516 2104 3569 bato
2139 3520 2314 3586 pretio
2349 3536 2526 3575 rerum
2564 3525 2612 3575 itt
2650 3524 3067 3595 redemptionem
3097 3530 3360 3586 libertatis
3388 3534 3542 3586 obla-

1979 3619 2154 3660 tarum
2188 3625 2214 3662 a
2249 3611 2492 3680 principe
2523 3614 2700 3684 (erant
2732 3620 2812 3670 Ita:
2840 3621 3002 3674 urbes
3031 3630 3084 3674 et
3118 3625 3381 3691 regiones,
3416 3641 3542 3692 pars

1983 3713 2089 3751 non
2123 3702 2331 3756 modica
2368 3705 2698 3772 principatus
2729 3711 2846 3778 ejus
2870 3710 2922 3763 in
2950 3709 3341 3780 Peloponneso,
3372 3731 3543 3784 quau-

1987 3802 2095 3844 tam
2145 3793 2240 3860 qui
2277 3796 2578 3860 possideret
2613 3801 2807 3852 nterilo
2840 3799 2981 3854 ferre
3015 3804 3225 3856 tituluttt
3270 3823 3333 3859 ac
3379 3809 3541 3860 susti-

1979 3900 2105 3938 nere
2133 3887 2443 3955 dignitatem
2474 3890 2709 3956 despota:
2740 3891 2964 3960 posset),
2997 3893 3156 3946 simul
3205 3897 3366 3946 etiam
3399 3912 3536 3950 cott-

1980 3975 2212 4028 siderato
2239 3989 2397 4045 quant
2433 3981 2665 4048 atnpltttn
2699 3981 2772 4034 illi
2801 3997 2943 4036 esset
2972 3994 3177 4037 tantum
3212 3988 3351 4038 inter
3383 3986 3530 4042 Lati-

1981 4080 2078 4118 nos
2127 4067 2408 4136 dynastatn
2448 4070 2700 4124 clientem
2735 4074 2787 4126 itt
2839 4086 3114 4140 posterum
3165 4091 3227 4130 ac
3266 4065 3539 4134 subditum

1979 4153 2212 4232 habere,
2233 4159 2374 4211 unde
2407 4169 2461 4212 et
2491 4161 2652 4213 decus
2699 4161 2955 4217 Romanae
2994 4165 3068 4218 rei
3111 4177 3165 4220 et
3216 4166 3421 4220 luerunt
3450 4175 3538 4222 a'c-

1977 4255 2266 4308 cresceret,
2310 4250 2570 4317 optimum
2628 4251 2771 4306 factu
2824 4253 3086 4320 judicavit
3140 4257 3387 4326 accipere
3419 4275 3537 4328 quae

1975 4335 2356 4404 olferebantttr,
2389 4353 2440 4394 et
2473 4341 2647 4396 [uarius
2683 4347 2916 4401 ostensis
2941 4349 3344 4404 conditionibus
3372 4351 3535 4406 ic'ere.

1976 4423 2156 4482 Partis
2183 4431 2346 4497 igitur
2375 4435 2666 4486 secuudmn
2701 4438 2838 4490 dicta
2899 4437 3069 4504 initis,
3107 4425 3300 4496 educit
3335 4443 3536 4510 princi-

311 4536 424 4588 ltiet
454 4533 716 4602 narratio)
744 4531 981 4599 quando,
1015 4531 1256 4599 inquam,
1280 4531 1408 4584 urbs
1438 4548 1464 4580 ιι
1500 4529 1758 4584 Romanis
1790 4547 1860 4584 re.
1903 4514 1946 4569 D
1977 4532 2094 4586 pem
2147 4534 2178 4572 e
2222 4537 2462 4590 carcere,
2509 4537 2562 4578 et
2597 4541 2856 4598 quotquot
2897 4547 2959 4584 ex
3006 4531 3122 4601 ejus
3173 4533 3538 4590 familiaribus

307 4634 461 4692 cepta
513 4633 617 4686 est,
663 4621 818 4674 annis
871 4629 992 4688 post
1047 4622 1159 4672 haec
1203 4620 1433 4680 duobus,
1471 4617 1616 4673 ﬂexit
1655 4622 1867 4674 tandem

307 4715 596 4783 superbam
649 4711 915 4764 cervicem
977 4725 1038 4762 ea
1090 4725 1311 4762 suorum
1360 4710 1671 4762 Latinorum
1726 4713 1873 4765 clade

309 4805 512 4858 fractus
558 4803 772 4856 animus
816 4801 1094 4870 principis,
1137 4815 1187 4852 et
1227 4811 1355 4852 tunc
1410 4805 1640 4868 primum
1700 4818 1862 4870 agno.

307 4909 454 4950 scere
476 4895 576 4948 sibi
616 4895 761 4947 visus
793 4893 846 4946 itt
889 4892 1148 4946 Micltaele
1178 4907 1354 4944 veram
1384 4898 1616 4959 speciem
1651 4909 1712 4946 ac
1751 4910 1864 4944 uta-

304 4987 552 5056 jestatettt
616 4987 970 5052 imperatoris,
1045 5000 1164 5038 eum
1236 4985 1507 5036 Romaniae
1560 4988 1862 5054 principem

311 5079 468 5139 dixit,
498 5078 747 5130 eumdem
779 5075 1060 5144 professus
1093 5085 1170 5125 est
1217 5077 1315 5125 rite
1351 5091 1410 5125 ac
1446 5073 1680 5142 leg=titne
1718 5077 1870 5126 tltru-

310 5183 434 5222 Itttttt
463 5181 783 5235 occupasse.
821 5167 1059 5233 Denique
1086 5166 1368 5217 allit'tttavit
1396 5181 1453 5218 se
1499 5167 1604 5232 jatn
1652 5167 1870 5220 tttittttne

307 5260 672 5314 dubitaturum
698 5258 977 5325 procidere
1011 5254 1076 5308 ad
1111 5261 1270 5323 pedes
1293 5258 1429 5323 ejus,
1468 5273 1625 5323 etque
1655 5272 1710 5309 se
1737 5260 1867 5310 sub-

305 5352 469 5422 jtcere
501 5361 558 5404 ut
599 5352 744 5418 jttstu
774 5349 1107 5416 imperatori,
1147 5351 1196 5401 itt
1245 5363 1349 5415 quo
1381 5349 1605 5415 Augusti
1662 5349 1863 5418 fastigii

307 5457 474 5499 totum
510 5443 679 5496 instar
706 5452 869 5496 esset.
897 5439 1007 5510 87
1045 5439 1308 5494 Prmtetea
1347 5443 1388 5493 si
1422 5443 1637 5494 tractari
1667 5444 1732 5496 de
1770 5459 1864 5496 sua

304 5535 622 5590 liberatione
673 5534 853 5597 vellet,
916 5533 1090 5600 pretia
1143 5531 1409 5585 libertatis
1461 5534 1508 5585 ei
1567 5537 1862 5587 soluturum

304 5647 422 5700 qua:
458 5631 679 5684 haberet
713 5629 941 5695 Optima.
982 5626 1103 5679 ιιςυε
1158 5637 1426 5694 utcunque
1477 5624 1724 5690 Romani,
1763 5643 1863 5679 att-

309 5729 524 5792 tequam
575 5722 760 5773 urbem
817 5717 1152 5771 inmanibus
1208 5717 1467 5770 baberent
1517 5728 1864 5772 cuntcttntere

311 5815 444 5868 forte
483 5813 806 5884 potuissent,
842 5825 984 5862 nunc
1033 5818 1214 5861 tamen
1263 5810 1533 5862 conlidere
1574 5824 1630 5863 se
1660 5820 1712 5863 ct
1746 5811 1863 5865 illos

632 5903 898 5963 ΡΑτιιοι..
930 5903 1042 5960 Gtt.
1088 5901 1324 5960 (IXLlll

1977 4614 2304 4678 superstites
2356 4626 2483 4669 sunt
2535 4625 2771 4687 reperti:
2827 4638 2949 4674 nam
3011 4626 3222 4691 aliquos
3271 4627 3547 4682 diuturnae-

1973 4706 2230 4755 custotlia:
2258 4705 2487 4760 miseria:
2512 4710 2942 4778 absumpserant.
2969 4712 3363 4785 llonoravitque
3387 4719 3534 4772 illttttt

1975 4805 2028 4849 ct
2076 4800 2356 4866 splendide
2401 4807 2670 4867 tractavit,
2709 4815 2766 4858 ttt
2810 4808 3064 4870 decebat;
3098 4819 3408 4878 tantumque
3434 4812 3536 4866 sibi

1977 4890 2232 4948 admovit.
2263 4903 2320 4942 ttt
2351 4895 2547 4961 suscipi
2582 4897 2648 4949 ab
2685 4912 2748 4948 eo
2779 4913 2843 4949 ex
2874 4915 3026 4951 sacro
3057 4899 3380 4968 baptismate
3411 4917 3537 4971 pro-

1978 4982 2148 5046 prium
2199 4983 2362 5035 lilium
2415 4987 2571 5037 vellet
2623 4988 2673 5040 itt
2723 4989 2929 5058 signum
2967 5001 3019 5042 ct
3071 4993 3262 5057 pignus
3295 4996 3537 5046 certissio

1978 5085 2121 5122 munt
2177 5075 2536 5127 reconciliatae
2586 5077 2685 5128 fide
2732 5083 2936 5144 Optima
2988 5082 3196 5149 gratias.
3249 5082 3534 5138 Cclebrata

1975 5163 2170 5214 dende
2203 5169 2486 5217 conventio
2521 5176 2600 5218 est
2635 5180 2818 5221 tttutuo
2857 5169 3232 5237 jurejurando,
3268 5173 3536 5230 horrificis

1974 5250 2161 5315 etiam,
2198 5262 2253 5304 ut
2284 5254 2455 5316 aiunt,
2488 5257 2740 5325 utrinque
2767 5259 2979 5312 sancito
3013 5261 3244 5315 ritibus:
3279 5279 3400 5316 nam
3443 5264 3534 5319 fu.

1973 5343 2094 5393 nale
2129 5358 2414 5398 accensum
2461 5349 2828 5416 praeferentes,
2861 5350 2946 5404 ubi
2991 5366 3148 5406 suum
3179 5353 3407 5424 quisque
3445 5371 3535 5409 ca-

1971 5441 2085 5499 put.
2112 5434 2156 5486 si
2187 5449 2216 5486 a
2247 5448 2401 5503 pacto
2433 5439 2683 5506 rcsiliret,
2717 5439 3038 5510 diris‘quatu
3065 5447 3297 5500 maxime
3341 5445 3534 5502 fortnio

1972 5523 2172 5577 dolosis
2206 5526 2440 5591 devovit,
2475 5530 2602 5582 illud
2635 5532 3046 5600 exstinxerunt;
3090 5537 3387 5604 cujusmodi
3427 5553 3534 5592 ca:-

1969 5618 2212 5668 remunia
2237 5628 2420 5684 putant
2453 5616 2570 5672 ltali
2606 5623 3072 5679 exsecrationibus
3096 5639 3189 5680 seu
3221 5641 3533 5682 excommu-

1969 5712 2328 5768 nicationibus
2354 5731 2500 5769 more
2527 5709 2759 5783 ipsorum
2784 5717 2898 5788 88
2916 5719 2966 5773 in
3002 5722 3281 5791 quospiam
3317 5722 3534 5778 intortis

1970 5806 2338 5863 cllicacitatetu
2359 5819 2409 5863 et
2431 5810 2746 5866 llrntitaietn
2773 5810 2987 5881 adjungi
3011 5816 3326 5869 maximam.
3360 5813 3530 5870 Porro

3130 5907 3196 5967 17
