3952 6526
411 349 516 417 5Ξ3

1618 352 1939 416 GEORGII
1976 350 2456 415 PACHYMERA!

3538 348 3644 413 524

401 442 669 524 τελεῖται.
701 462 884 521 Ἦσαν
915 461 994 518 ’δέ
1048 477 1232 534 σφισιν
1258 462 1316 517 ei
1354 461 1654 529 συνθεσίαι,
1679 459 1714 535 ἧ
1742 463 1850 534 μὴν
1882 463 1975 517 τὸν
2002 484 2049 537 Α
2082 460 2374 534 μετέπειτα
2404 460 2643 532 συνεχεῖς
2665 460 2759 516 καὶ
2779 460 3005 533 μεγάλοι
3027 460 3176 531 σφίσι
3198 461 3293 516 καὶ
3316 457 3646 532 ἀμφοτέροις

411 559 514 632 μὲν
561 558 835 632 πρίγκιπα
897 556 1194 627 Ῥωμαίοις
1241 555 1424 611 δούναι
1483 559 1577 610 καὶ
1635 556 1848 628 βασιλεῖ
1916 555 1978 621 ἐξ

407 645 583 721 αὐτῆς
642 647 942 716 κατασχεῖν
995 645 1075 708 είς
1132 643 1452 699 δεσποτείαν
1514 643 1878 713 ἀναφαίρετον
1907 642 1976 695 τὰ

404 743 545 796 κατά
587 738 994 808 Πελοπόννησον
1057 733 1252 799 ταῦτα,
1303 733 1708 802 Μονεμδασίαν,
1736 732 1974 800 Μαΐνην,

416 832 685 903 Ίεράκιον
762 829 1069 899 Μυζηθρᾶν
1108 826 1428 899 (Ἀνάπλιον
1472 825 1649 880 δὲκαὶ
1684 826 1888 894 Ἀργος
1919 825 1976 876 ὲν

405 920 734 992 ἀμφισόλοις
791 919 985 986 ἐτίθει)
1038 921 1134 973 καὶ
1188 919 1306 989 ἅμα
1340 921 1449 972 πᾶν
1476 918 1536 970 τὸ
1560 918 1687 986 περὶ
1710 917 1809 985 τὴν
1838 917 1973 970 Κιν-

406 1013 641 1082 στέρναν
667 1011 809 1082 θέμα
826 1010 962 1064 πολύ
993 1026 1057 1078 γε
1084 1009 1144 1064 δν
1172 1009 1233 1063 rb
1261 1010 1433 1079 μῆκος
1446 1011 1540 1062 καὶ
1565 1007 1777 1072 πολλοῖς
1809 1006 1973 1077 βρύον

284 1178 287 1179 ν
401 1107 515 1167 τοῖς
567 1104 818 1172 ἀγαθοῖς,
861 1104 952 1158 καί
978 1120 1041 1172 γε
1073 1102 1234 1157 αὐτὸν
1263 1104 1320 1164 ὲς
1343 1101 1429 1154 ἀεὶ
1454 1100 1641 1154 δοῦλον
1667 1099 1968 1169 κεκλῆσθαι

410 1196 699 1265 Ῥωμαίων
766 1194 862 1248 καὶ
911 1195 1203 1264 βασιλέως,
1271 1194 1366 1247 καὶ
1417 1193 1671 1261 όφφίκιον
1718 1190 1971 1245 ἐντεῦθεν

398 1288 481 1349 είς
509 1286 755 1348 δουλείας
818 1287 1042 1355 σημεῖον
1071 1286 1508 1355 ἀποφερόμενον,
1539 1285 1633 1338 τὸν
1673 1285 1731 1338 δέ
1763 1302 1828 1355 γε
1867 1285 1970 1357 βα-

400 1378 553 1431 σιλέα
582 1395 637 1431 σε
649 1376 924 1448 μνύναντα
955 1378 1146 1433 τοῦτον
1206 1377 1284 1447 τῷ
1309 1376 1403 1430 τοῦ
1439 1377 1672 1447 μεγάλου
1699 1377 1970 1449 ἀξιώματι

396 1469 723 1539 δομεστίκου
784 1472 925 1542 μετά
978 1472 1145 1541 τιμῆς
1203 1470 1521 1524 ἀποστεῖλαι
1576 1470 1799 1540 σύναμα
1857 1472 1971 1534 τοῖς

397 1562 542 1631 ἀμφ’
599 1561 783 1628 αὐτὴν,
822 1562 938 1615 ὅσοι
970 1564 1065 1616 καὶ
1126 1562 1411 1632 περιόντες
1440 1557 1607 1633 ἦσαν,
1640 1562 1749 1616 Καὶ
1780 1562 1845 1633 δὴ
1877 1562 1970 1617 ἐπὶ

397 1655 612 1715 τούτοις
635 1652 939 1722 γεγονότων
964 1652 1212 1706 σπονδῶν
1237 1653 1397 1706 αὑτὸν
1427 1654 1525 1723 μὲν
1543 1653 1841 1707 ἀπέστελλε
1871 1654 1968 1706 σὺν

397 1747 580 1815 τιμαῖς
612 1744 974 1815 πρεπούσαις,
1012 1746 1137 1808 τοὺς
1162 1746 1219 1798 δέ
1248 1762 1311 1814 γε
1335 1745 1679 1815 ληψομένους
1701 1746 1769 1799 τὰ
1794 1744 1967 1815 λύτρα

2079 553 2424 625 ἀνερρὡασι
2449 553 2697 622 πόλεμοι.
2717 554 2828 608 Καὶ
2841 553 3014 609 ταῦτα
3041 554 3142 623 μὲν
3172 554 3473 626 ἐπράττετο
3498 553 3646 625 τῇδε.

2078 708 2179 780 λβθ.
2217 711 2417 778 Ὅπως
2448 713 2482 767 ό
2510 711 2754 780 Μιχαὴλ
2799 711 3105 780 δεσπότης
3140 711 3285 783 νικᾷ
3325 711 3649 783 Ῥωμαίους

2557 785 2656 837 καὶ
2686 783 2844 851 αἱρεῖ
2870 785 3164 852 Καίσαρα.

2157 916 2216 970 '0
2244 916 2423 986 μέντοι
2453 918 2716 990 δεσπότης
2763 918 2982 992 Μιχαὴλ
3014 919 3110 973 νῦν
3138 918 3240 990 μὲν
3268 921 3362 975 καὶ
3394 919 3503 974 ἀπὸ
3531 919 3653 974 τού-

2074 1022 2185 1060 των
2214 1007 2491 1072 κολουθεὶς
2512 1010 2609 1080 τῆς
2643 1010 2922 1080 δυνάμεως
2985 1010 3235 1083 (πλείστη
3290 1013 3400 1082 γὰρ
3453 1012 3654 1083 ἐχρᾶτο

2076 1101 2169 1155 καὶ
2200 1101 2349 1171 παρά
2379 1101 2472 1154 τοῦ
2496 1102 2596 1170 τῆς
2636 1102 2861 1172 Ἀχαΐας
2895 1104 3191 1173 πρίγκιπος
3222 1106 3287 1173 τῇ
3314 1104 3647 1177 συμμαχίᾳ).

2074 1192 2156 1248 ἔτι
2184 1192 2241 1247 δὲ
2271 1194 2364 1246 καὶ
2384 1196 2534 1265 παρὰ
2558 1191 2664 1247 τῶν
2686 1196 2828 1264 ἀμφὶ
2866 1195 2957 1247 τὸν
2990 1197 3110 1249 τότε
3168 1195 3652 1267 σεϐαστοκράτορα

2087 1282 2338 1355 Ἰωάννην
2358 1286 2451 1339 τὸν
2501 1284 2864 1353 Παλαιολόγον
2920 1285 3040 1357 μεθ’
3082 1285 3307 1357 ὕστερον
3350 1286 3418 1340 τά
3480 1286 3654 1341 πολλά

2072 1376 2361 1441 κακωθεὶς,
2387 1375 2461 1438 ὼς
2492 1375 2585 1428 καὶ
2619 1378 2676 1428 ὲν
2700 1375 2869 1447 στενῷ
2898 1378 3231 1447 καταστῆναι
3262 1381 3500 1449 πάμπαν
3538 1377 3651 1432 τῶν

2070 1481 2128 1517 τε
2153 1466 2347 1536 χωρῶν
2376 1468 2470 1519 καὶ
2495 1468 2699 1537 ταύτης
2731 1468 2829 1536 τῆς
2887 1469 3282 1539 στρατιωτικῆς
3342 1470 3650 1540 δυνάμεως,

2071 1557 2292 1626 πέμψας
2315 1557 2451 1627 πρὸς
2482 1559 2678 1628 Μαφρὲ
2710 1560 2800 1610 τὸν
2851 1558 2949 1628 τῆς
2983 1559 3215 1620 [leuitas
3268 1560 3415 1630 ρἧα
3452 1563 3546 1615 καί
3600 1562 3653 1631 γ’

2070 1649 2163 1701 ἐπὶ
2197 1648 2427 1719 θυγατρὶ
2442 1649 2691 1719 γαμϐρὸν
2728 1648 2943 1713 ἑαυτοῦ,
2968 1653 3062 1704 καὶ
3118 1651 3379 1724 πλείστην
3431 1670 3656 1723 συμμα-

2070 1740 2196 1808 χίαν
2223 1739 2424 1805 λαὸὼν,
2448 1740 2781 1811 παραδίδωσι
2810 1742 2910 1805 τάς
2939 1742 3201 1811 δυνάμεις
3217 1743 3297 1814 τῷ
3337 1742 3441 1815 υἱῷ
3486 1743 3653 1798 αὐτοῦ

397 1835 872 1907 προσεπεπόμφει.
906 1837 1016 1890 Καί
1052 1853 1115 1904 γε
1147 1840 1174 1890 ό
1209 1836 1443 1907 πρίγκιψ
1460 1837 1524 1889 τά
1559 1837 1663 1890 ῖδια
1697 1837 1965 1905 κατελάμ-
1996 1821 2035 1877 Β
2066 1831 2363 1903 Νικηφόρῳ
2400 1834 2805 1901 συμπράττοντι
2834 1834 3092 1902 κάκείνῳ,
3137 1832 3198 1896 ὃς
3234 1834 3329 1887 καὶ
3356 1833 3655 1904 συμϐαλὼν

397 1929 548 1993 Save,
583 1930 819 2002 πρίγκιψ
854 1931 1080 2001 ’Λχαῖας
1106 1931 1201 1984 καὶ
1234 1931 1408 1999 μέγας
1465 1930 1788 2000 δομέστικος
1821 1931 1960 1985 Ῥω-

397 2020 592 2090 μανίας
652 2022 1144 2092 ἐπιφημιζὸμενος,
1208 2022 1327 2079 καὶ.
1364 2021 1481 2094 ἅμα
1546 2023 1625 2094 τῷ
1674 2024 1961 2093 ἐπιστῆναι

396 2114 565 2182 μηδὲν
596 2113 869 2185 μελλήσας
900 2114 1156 2168 ἀπεδίδου
1172 2114 1241 2167 τά
1274 2113 1445 2185 λύτρα
1469 2114 1544 2178 ὡς
1572 2118 1953 2185 προϋπέσχετο

399 2205 515 2260 Κᾶν
545 2207 793 2275 ἐνέμεινε
852 2208 949 2260 καὶ
998 2208 1056 2270 ές
1104 2207 1259 2269 τέλος
1312 2206 1619 2272 ὲνσπόνδως
1648 2209 1787 2279 ἔχων
1824 2208 1963 2279 πρὸς

406 2300 720 2370 Ῥωμαίους
743 2298 822 2370 τῷ
849 2302 946 2370 τῆς
984 2299 1284 2368 Ῥωμαῖδος
1319 2299 1671 2371 κλεῖζόμενος
1700 2302 1961 2372 όφφικξῳ,

399 2392 444 2445 εἰ
472 2393 546 2462 μή
564 2407 628 2459 γε
656 2392 685 2444 ὁ
715 2391 948 2455 πάππας
974 2392 1233 2455 ἀκούσας,
1265 2392 1622 2463 παροξυνθεὶς
1672 2395 1764 2446 καὶ
1792 2394 1967 2447 ταῦτα

402 2484 532 2553 πρὸς
559 2483 654 2536 τοῦ
691 2484 885 2554 ρηγδς,
916 2484 1013 2537 καὶ
1045 2482 1210 2538 αὑτοῦ
1236 2501 1300 2554 γε
1365 2485 1812 2555 προσδραμόντος
1873 2489 1968 2543 καὶ

392 2572 786 2638 ’ἱκετεύσαντος
810 2574 893 2645 (οὐ
926 2576 1035 2645 γὰρ
1067 2576 1146 2638 είς
1193 2579 1441 2630 συνοῖσον
1501 2577 1676 2630 ἐδόκει
1704 2580 1755 2631 οί
1788 2579 1848 2633 τὸ
1879 2579 1968 2634 διὰ

406 2665 587 2730 τέλους
619 2668 940 2721 σπένδεσθαι
1002 2669 1139 2739 πρὸς
1181 2667 1533 2740 Ῥωμαίους),
1564 2670 1664 2735 τὰς
1693 2671 1970 2743 συνθήκας

403 2761 619 2823 ὲκείνας
638 2756 726 2832 [Ρ.
761 2759 852 2832 55]
885 2760 1063 2813 διέλυε
1122 2762 1214 2815 καὶ
1253 2763 1381 2824 τοὺς
1436 2763 1634 2833 ὅρκους
1662 2763 1792 2834 παρ’
1813 2764 1969 2817 οὐδὲν

402 2854 579 2908 mea
614 2854 691 2917 ὠς
713 2855 770 2907 ἐν
799 2854 1014 2925 φυλακῇ
1052 2856 1147 2907 καὶ
1186 2854 1451 2923 ἀφύκτοις
1491 2855 1730 2925 δεσμοῖς,
1762 2857 1855 2909 καὶ
1896 2855 1972 2927 μὴ

403 2946 688 3011 ἑκουσίως,
738 2945 813 3009 ὡς
836 2945 1004 3017 ὲχρῆν
1056 2946 1410 3015 πράττοντος.
1451 2946 1612 3003 Ὅθεν
1643 2948 1739 3002 καὶ⁵
1800 2948 1880 3013 είς
1908 2947 1971 3004 τὸ

403 3124 824 3181 conventionum
860 3124 1004 3180 inter
1035 3138 1130 3180 eos
1163 3126 1391 3180 istarum
1423 3125 1600 3197 capita
1650 3125 1763 3180 lia‘c
1790 3134 1973 3192 erant,

2064 1943 2128 1977 πε
2138 1927 2191 1995 pl.
2209 1925 2305 1995 τὴν
2315 1926 2657 1997 Τρικόρφυον
2670 1928 2778 1987 τοῖς
2794 1926 2937 1994 ἀμφὶ
2950 1925 3040 1979 τὸν
3058 1927 3332 1997 Καίσαρα,
3350 1926 3444 1979 καὶ
3472 1927 3659 1996 μάχην

2064 2012 2337 2089 συρράξας
2359 2017 2557 2089 δεινὴν,
2575 2017 2854 2081 πλείστους
2864 2034 2923 2071 τε
2941 2021 3124 2071 πεσεῖν
3134 2018 3242 2071 τῶν
3255 2017 3503 2071 Νικαέων
3522 2032 3660 2086 παρα

2063 2110 2345 2175 εσκεύασε,
2384 2108 2668 2172 πλείστους
2687 2125 2748 2164 τε
2775 2112 2868 2164 καὶ
2898 2111 3088 2174 ἀλλους
3116 2108 3209 2170 οὓς
3232 2109 3332 2181 μὲν
3361 2108 3658 2179 φονεύσαςρ

2062 2199 2155 2264 οὓς
2167 2201 2223 2255 δὲ
2253 2205 2525 2273 περισχὼν
2542 2203 2635 2256 καὶ
2663 2203 2825 2257 αὐτὸν
2855 2204 3001 2275 αίρεῖ
3022 2202 3296 2274 Καίσαρα.
3325 2201 3410 2265 Ὦς
3426 2200 3472 2254 δ’
3493 2198 3658 2266 αὖθις

2066 2294 2308 2347 σπονδῶν
2336 2296 2644 2365 γενομένων
2672 2294 2881 2357 ἐλύετο,
2908 2294 3029 2347 τότε
3065 2295 3163 2364 μὲν
3214 2293 3284 2347 τὰ
3341 2293 3484 2347 κατά
3544 2295 3651 2363 τὴν

2065 2386 2220 2439 πόλιν
2237 2387 2600 2456 συμπράττει,
2633 2387 2762 2456 περὶ
2795 2377 2872 2439 ὧν
2913 2384 3112 2439 αὐτίκα
3145 2384 3463 2455 ῥηθήσεται,
3491 2383 3658 2438 ὓστε-

2069 2495 2161 2549 ρον
2191 2477 2240 2532 δ’
2264 2478 2418 2541 αὖθις
2463 2480 2575 2542 τοῖς
2631 2478 2868 2542 δυτικοῖς
2896 2479 2992 2532 καὶ
3020 2476 3372 2545 προσϐάλλων
3415 2477 3659 2548 αἱρεῖται

2068 2570 2231 2624 πάλιν
2257 2570 2350 2624 καὶ
2379 2569 2499 2623 τότε
2528 2570 2678 2641 παρά
2699 2569 2791 2623 τοῦ
2819 2570 3079 2624 δεσπότου
3110 2569 3349 2641 Μιχαὴλ,
3383 2568 3480 2623 καὶ
3509 2570 3654 2622 ἀπο-

2071 2663 2350 2717 στέλλεται
2382 2663 2520 2733 πρδς
2549 2665 2639 2718 τὸν
2664 2664 2809 2736 ρἧα
2835 2665 3065 2729 Πουλίας
3092 2665 3185 2718 τὸν
3210 2665 3431 2735 Μαφρὲ,
3461 2665 3558 2719 καί
3584 2680 3654 2732 γε

2070 2759 2136 2825 τῇ
2171 2757 2303 2827 παρ’
2319 2756 2510 2825 ἐκείνῳ
2528 2755 2730 2810 δίδοται
2756 2755 2990 2828 φυλακῇ,
3026 2757 3200 2829 χρόνῳ
3222 2755 3267 2809 δ’
3300 2754 3529 2825 ὕστερον
3549 2758 3656 2824 τῆς

2072 2848 2357 2920 δεσποίνης
2388 2849 2590 2919 ’Δννης
2614 2848 2853 2919 ἀδελφῆς
2883 2848 3049 2919 ούσης
3074 2847 3278 2918 Μαφρὲ
3317 2845 3652 2917 ἀνταμείϐε-

2070 2957 2184 2996 ται.
2219 2941 2378 2995 ’Δλλά
2410 2942 2584 2996 ταῦτα
2608 2941 2707 3014 μὲν
2729 2940 2945 3006 ἐσαῦθις
2972 2940 3223 3013 ἐροῦμεν.

2078 3120 2317 3175 vinculis
2349 3121 2672 3190 constricto,
2712 3136 2775 3178 ac
2807 3136 2907 3192 per
2935 3121 3035 3176 hoc
3078 3134 3185 3175 non
3224 3118 3308 3175 sui
3345 3116 3513 3184 juris,
3547 3130 3653 3172 nec

403 3219 698 3289 principem
753 3216 948 3272 cedere
1012 3215 1273 3272 Romanis
1325 3226 1382 3273 et
1450 3186 1788 3288 imperatori,
1847 3186 2046 3288 jurec
2080 3213 2202 3284 eius
2248 3213 2529 3269 libertatis
2588 3186 2666 3270 aet
2703 3186 2907 3283 proprii
2976 3211 3191 3268 arbitrii
3239 3209 3652 3281 89compote,

404 3324 564 3379 quam
598 3308 803 3379 optimo
833 3307 1155 3378 possidenda
1184 3317 1237 3363 et
1270 3309 1324 3363 in
1370 3318 1684 3379 perpetuum
1720 3311 1839 3382 ejus
1872 3313 1971 3368 do-

405 3403 630 3455 minium
682 3417 748 3455 ex
801 3415 945 3455 nunc
981 3402 1299 3466 transitura,
1346 3401 1460 3457 inec
1495 3403 1549 3456 in
1596 3403 1968 3475 Peloponneso

404 3495 530 3560 sita,
583 3492 1031 3560 Mouembasiam,
1084 3491 1345 3563 Mainam,
1409 3492 1738 3564 llieracium,
1790 3495 1971 3571 Hyle-

324 3624 339 3645 ,
405 3586 606 3653 l‘nram.
638 3583 924 3654 Auaplium
958 3598 1085 3639 vero
1113 3593 1167 3640 et
1195 3583 1370 3658 Argos
1417 3594 1477 3640 ut
1517 3597 1869 3645 controversa
1917 3599 1974 3647 et

405 3676 540 3741 turis
566 3672 712 3730 dubii
744 3675 930 3729 relicta
957 3676 1010 3728 in
1042 3675 1217 3732 medio
1241 3686 1388 3744 sunt,
1419 3677 1494 3732 uti
1526 3689 1583 3733 et
1616 3690 1823 3737 tractus
1848 3684 1973 3736 unl-

408 3781 605 3821 versus
633 3766 777 3820 circa
806 3764 1150 3822 Cinsternam
1184 3767 1341 3824 valde
1367 3768 1425 3824 in
1448 3769 1671 3842 longum
1706 3782 1897 3842 patens
1916 3781 1973 3829 et

406 3857 591 3933 multis
623 3869 844 3913 scatens
879 3857 1055 3913 bonis.
1086 3856 1393 3930 Principem
1423 3869 1602 3915 autem
1635 3862 1810 3930 ipsum
1849 3876 1975 3933 per-

406 3961 621 4019 petuum
655 3950 767 4004 fore
798 3950 1164 4006 Romanorum
1207 3957 1262 4005 et
1303 3950 1643 4022 imperatoris
1684 3953 1966 4023 clientem,

406 4050 464 4096 et
490 4043 541 4095 in
567 4040 926 4113 subiectionis
956 4043 1167 4111 signum
1191 4042 1425 4098 ofﬁcium
1457 4043 1584 4098 inde
1607 4054 1972 4114 sumpturum.

408 4130 658 4193 Vicissim
687 4135 756 4188 ab
790 4134 1121 4203 imperatore
1153 4135 1452 4204 principem
1502 4145 1756 4191 ornatum
1800 4137 1978 4207 digni-

407 4234 521 4283 tate
558 4225 736 4295 magni
771 4225 1056 4281 domestici
1091 4225 1390 4281 honoriﬁce
1429 4226 1813 4282 dimittendum
1844 4228 1980 4284 libe-

408 4331 552 4380 rum,
591 4329 715 4371 cum
764 4315 832 4372 iis
895 4330 1117 4371 suorum
1151 4315 1240 4385 qui
1286 4325 1417 4370 tunc
1453 4316 1777 4385 superstites
1818 4329 1975 4386 repe-

408 4408 672 4462 rirentur.
726 4408 787 4461 in
843 4406 956 4461 lucc
987 4406 1194 4462 foedere
1244 4406 1388 4462 facto
1420 4406 1625 4462 dimisit
1673 4408 1976 4479 principem

2078 3319 2202 3375 quae
2244 3305 2663 3377 requirebantur
2692 3304 2760 3359 ad
2794 3305 2899 3359 hoc
2939 3311 3002 3359 ut
3030 3302 3319 3359 conventio
3346 3310 3466 3357 rata
3511 3299 3654 3356 vali-

2079 3397 2261 3466 daque
2286 3408 2455 3467 esset,
2492 3398 2637 3453 unde
2668 3395 2986 3452 consecutis
3010 3394 3134 3450 inde
3159 3391 3497 3464 temporibus
3520 3406 3655 3447 con-

2075 3491 2223 3545 tinua
2248 3498 2304 3546 et
2329 3504 2523 3561 magna
2560 3490 2701 3545 inter
2724 3500 2981 3560 utrosque
3009 3494 3262 3543 arserunt
3298 3484 3437 3542 bella
3461 3502 3477 3541 :
3505 3491 3563 3542 et
3583 3496 3652 3542 es

2074 3581 2294 3651 quidem
2325 3585 2409 3637 sic
2434 3596 2497 3638 se
2533 3579 2862 3638 habuerunt.

2073 3733 2163 3792 σε.
2198 3731 2268 3790 Ut
2294 3733 2524 3790 Michael
2551 3734 2769 3805 despota
2795 3731 3065 3856 Ront‘anos
3091 3730 3276 3787 uicerit
3294 3737 3347 3787 et
3378 3727 3650 3786 Casuram

2742 3819 2910 3856 ειυενι
2938 3839 2956 3856 ι

2742 3819 2956 3869 copem.

2143 3949 2215 4004 At
2238 3950 2459 4019 despota
2489 3948 2718 4006 Michael
2742 3948 2798 4004 in
2823 3963 3059 4020 praesens
3087 3948 3308 4020 quidem
3342 3947 3414 4004 ob
3450 3953 3649 4003 eventa

2075 4051 2295 4097 narrata
2327 4041 2572 4096 minutus
2590 4039 2780 4110 copiis,
2810 4055 2931 4111 quae
2979 4039 3054 4096 illl
3085 4039 3359 4110 pleraeque
3392 4051 3648 4093 accesse-

2075 4140 2202 4187 rant
2225 4132 2486 4187 societate
2531 4132 2795 4202 principis
2819 4132 3063 4198 Achaiae,
3108 4140 3370 4200 praeterea
3432 4144 3465 4184 ε
3492 4130 3652 4184 seba-

2076 4230 2380 4281 stocratore
2404 4221 2610 4279 Joanne
2637 4224 2933 4295 Palaeologo
2962 4222 3213 4295 plurimis
3269 4229 3455 4292 postea
3490 4223 3650 4277 dam-

2078 4318 2163 4372 nis
2194 4316 2445 4384 aﬂ'ectus,
2470 4318 2611 4373 adeo
2631 4325 2690 4371 ut
2717 4318 2949 4373 multum
2991 4318 3045 4374 in
3076 4326 3234 4373 arcto
3286 4315 3388 4388 ipsi
3447 4331 3536 4372 res
3562 4330 3648 4370 es-

2078 4416 2200 4464 sent
2228 4424 2351 4465 cum
2377 4409 2780 4481 provinciarum
2814 4418 2928 4464 tum
2952 4410 3251 4473 exercitus.
3281 4407 3462 4464 missis
3486 4421 3548 4463 ea
3579 4405 3648 4462 de

408 4503 704 4570 imperator
745 4512 811 4553 eo
865 4484 972 4568 quo
1014 4513 1111 4569 par
1149 4507 1267 4553 erat
1302 4497 1532 4564 honore,
1584 4498 1765 4554 missis
1807 4500 1971 4555 simul
2005 4521 2052 4582 υ
2083 4499 2356 4568 relegatis
2385 4503 2452 4556 ad
2480 4515 2662 4571 regem
2694 4500 2901 4570 Apuliae
2927 4498 3259 4555 Manfredum
3308 4513 3469 4555 suum
3493 4512 3648 4569 gene-

408 4609 529 4647 cnm
563 4592 653 4646 illo
697 4591 790 4660 qui
824 4591 994 4661 pretia
1044 4591 1337 4659 libertatis,
1368 4592 1435 4646 de
1478 4590 1677 4661 quibus
1709 4606 1976 4648 convene-

412 4695 516 4751 rat,
567 4685 890 4754 reciperent.
954 4682 1137 4738 Rediit
1190 4683 1351 4753 igitur
1402 4684 1622 4737 domum
1698 4684 1974 4753 princeps,

409 4777 630 4833 Achaia:
651 4776 913 4847 principis
943 4785 1000 4830 et
1028 4775 1207 4846 magni
1241 4774 1523 4830 domestici
1547 4773 1823 4830 Romaniae
1849 4778 1976 4830 titu-

408 4871 492 4925 los
519 4869 767 4926 referens
786 4909 803 4933 ,
836 4881 935 4922 nec
962 4867 1255 4936 quidquam
1280 4875 1564 4921 cunctatus
1585 4874 1705 4934 post
1738 4867 1970 4921 reditum

407 4973 606 5019 cuncta
630 4977 748 5033 qua:
768 4961 1090 5032 promiserat
1111 4958 1498 5028 redemptionis
1522 4961 1694 5028 pretia
1720 4959 1974 5015 exsolvit.

409 5054 807 5122 Mansissetque
854 5059 1111 5120 perpetuo
1168 5049 1222 5103 in
1257 5046 1361 5104 (ide
1413 5058 1718 5118 pactorum,
1770 5050 1976 5119 quippe

408 5154 728 5200 auctoratus
780 5139 1042 5197 Romanis
1104 5150 1406 5195 memorato
1457 5139 1634 5209 magni
1691 5141 1973 5196 domestici

413 5238 614 5301 cilicio,
643 5234 744 5291 nisi
795 5248 930 5305 papa
958 5247 1018 5287 re
1040 5231 1242 5296 audita,
1271 5244 1393 5286 cum
1424 5245 1519 5301 per
1548 5246 1607 5287 se
1644 5231 1977 5300 indignatus,

412 5310 526 5399 tun]:
556 5329 609 5384 in
645 5325 701 5399 id
744 5326 919 5395 ipsum
972 5322 1235 5392 impulsus
1264 5321 1514 5393 precibus
1562 5324 1704 5392 regis
1746 5322 1977 5393 Apuliae,

410 5394 643 5490 quorum
698 5394 947 5470 neutrius
995 5412 1296 5485 rationibus
1323 5415 1790 5469 accommodatum
1826 5411 1978 5467 vide-

410 5511 572 5565 batur
600 5515 810 5560 tantum
845 5518 1065 5558 suarum
1117 5502 1380 5558 hactenus
1407 5504 1643 5574 partium
1678 5504 1976 5573 principem

410 5580 827 5675 stipendiarium
881 5593 1143 5649 Romanis
1194 5608 1534 5664 permanere,
1580 5605 1796 5666 pactum
1848 5595 1985 5651 illud

349 5713 355 5718 ‘
411 5690 771 5767 dissolvisset,
809 5687 1230 5762 iuramentaque
1266 5685 1422 5743 irrita
1455 5687 1786 5743 declarasset
1819 5688 1974 5758 quasi

408 5788 624 5859 extorta
656 5778 989 5839 ineluctabili
1018 5774 1081 5834 vi
1101 5776 1445 5836 necessitatis
1495 5779 1563 5833 ab
1604 5777 1820 5835 homine
1844 5777 1981 5835 diris

2082 4603 2224 4652 rum,
2259 4599 2313 4644 et
2364 4605 2584 4657 magnas
2615 4588 2685 4643 ab
2725 4604 2789 4645 eo
2838 4589 3129 4645 auxiliares
3182 4589 3364 4659 copias
3397 4589 3646 4659 adeptus,

2076 4693 2169 4733 eas
2202 4678 2429 4734 tradidit
2492 4693 2595 4734 suo
2630 4678 2740 4734 ﬁlio
2789 4678 3116 4748 Nicephoro,
3153 4693 3278 4734 suas
3334 4686 3556 4734 strenue
3592 4678 3647 4733 in

2078 4768 2574 4839 idempmpositum
2605 4776 2659 4824 et
2679 4783 2811 4837 opes
2849 4780 2903 4824 et
2936 4784 3155 4839 operam
3188 4768 3517 4826 conferenti.
3547 4767 3647 4824 llic

2078 4874 2201 4914 cum
2239 4859 2453 4916 Caesare
2495 4860 2640 4915 circa
2672 4859 3063 4932 Tricorypltum
3117 4860 3235 4916 acri
3292 4862 3481 4932 praelio
3516 4876 3647 4915 con-

2078 4965 2296 5020 gressus
2324 4952 2614 5006 maximam
2641 4962 2875 5020 stragem
2908 4950 3267 5007 Niccensium
3305 4951 3478 5019 dedit,
3509 4951 3645 5006 alios

2078 5044 2341 5112 plurimos
2375 5044 2569 5114 partim
2605 5044 2830 5111 occidit,
2854 5045 3046 5115 partim
3081 5043 3245 5111 cepit,
3278 5042 3454 5112 ipsum
3489 5043 3644 5099 deni-

2078 5147 2185 5203 que
2217 5135 2488 5203 captivum
2537 5134 2759 5189 abduxit
2784 5135 3096 5202 Caesarem;
3155 5136 3248 5204 qui
3282 5148 3421 5203 pace
3454 5134 3645 5191 deinde

2078 5224 2221 5280 facta
2275 5226 2413 5281 liber
2465 5225 2724 5281 dimissus
2775 5240 2837 5281 ea
2886 5239 3007 5295 quae
3064 5239 3189 5280 mox
3240 5224 3541 5280 referemus
3578 5223 3645 5278 ad

2080 5317 2266 5370 urbem
2319 5316 2509 5385 gessit,
2544 5326 2599 5370 et
2660 5330 2871 5371 rursum
2910 5329 3032 5371 cum
3057 5359 3060 5362 .
3087 5312 3522 5371 Occidentalibus
3548 5327 3645 5383 pu-

2079 5422 2183 5478 gna
2213 5407 2346 5461 inita
2375 5418 2566 5476 captus
2596 5406 2794 5462 iterum
2822 5415 2907 5462 est
2956 5421 2987 5461 ε
3027 5406 3290 5462 Michaele
3321 5406 3567 5476 despota,
3592 5413 3645 5460 et

2079 5500 2146 5553 ad
2170 5513 2349 5568 regem
2380 5498 2585 5568 Apulia:
2602 5497 2936 5552 Matil'redum
2968 5498 3168 5552 missus
3200 5497 3269 5553 ab
3299 5510 3366 5553 eo
3390 5496 3645 5552 custodia:

2086 5591 2316 5647 traditus
2340 5600 2450 5653 est.
2476 5591 2722 5646 insecuto
2754 5589 2950 5646 deinde
2981 5599 3219 5661 tempore
3251 5603 3376 5646 cum
3433 5589 3647 5644 domina

2080 5686 2236 5742 Anna
2268 5700 2457 5742 sorore
2508 5684 2770 5777 llanfrcdi
2818 5694 3176 5757 permutatas.
3220 5684 3327 5743 Sed
3364 5685 3484 5744 hac
3537 5682 3648 5741 suis

2082 5777 2216 5835 locis
2241 5776 2435 5836 deinde
2474 5777 2795 5836 referemus.
