3952 6528
323 445 425 512 525
1273 449 1371 508 DE
1411 449 1798 510 Mlt‘IIAELE
1841 393 2296 512 PAL/EOLOGb
2334 452 2483 514 LIB.
2528 451 2614 517 It.
3473 447 3575 512 526

1975 569 1989 594 ο

1898 591 2028 675 Β.
2957 665 2983 691 ,

318 741 387 791 α’.
419 735 624 803 Ὅπως
664 738 699 791 ὁ
736 733 1442 808 πατριάρχης-Ἆρσέῂιος
1479 734 1549 788 ἐν
1575 735 1897 804 φροντίσι-ν
1923 742 1970 799 Α
1999 733 2369 806 ἐπιστήσομεν
2410 737 2477 807 τῇ
2533 736 2644 808 νηΐ.
2705 727 3052 790 Κινδυνεύὲιν
3094 733 3140 788 δ’
3168 733 3308 788 οὕτω
3338 732 3433 788 καί
3481 733 3576 788 τὸν

793 803 873 876 ἦν
899 803 1032 874 περὶ
1068 803 1430 876 τῆςήάρκῆςογ
1581 803 1588 804 7
2007 803 2207 894 μᾶλλον
2242 803 2558 900 καθάρσεως
2587 803 2688 881 εἴτ’
2710 823 2802 882 οὖν
2841 827 3174 888 παιδεύσεως
3201 827 3280 888 είς
3308 825 3368 879 τὸ
3393 825 3576 888 καλῶς

386 918 470 989 ῘΡ.
503 917 598 992 57]
672 918 932 989 Ἀρσενίῳ
986 917 1044 970 δὲ
1097 916 1175 988 τῷ
1235 917 1550 990 πατριάρχῃ
1582 917 1716 971 νέων
1739 911 1896 988 ζῆρξε
2007 921 2308 992 βασιλεύειν
2347 922 2596 990 δεόμενον
2629 920 2938 990 ἀκάθαρτον
2991 913 3132 971 εἶναι
3171 919 3426 988 μάλιστα,
3456 917 3574 986 ἅμα

315 1012 612 1079 φροντίδων
640 1013 674 1081 ὴ
707 1013 804 1079 τῆς
853 1009 946 1062 ἐπὶ
969 1012 1036 1080 τῇ
1066 1009 1320 1080 βασιλείᾳ
1351 1008 1744 1071 καταστάσεως
1799 1005 1893 1060 τοῦ
2003 1011 2336 1079 γεννηθέντα
2365 1011 2457 1062 καὶ
2487 1012 2602 1079 ἅμα
2636 1012 2870 1080 τρυφαῖς
2901 1010 2994 1061 καὶ
3045 1009 3347 1070 σπατάλαις
3398 1025 3581 1076 παρα-

317 1105 684 1170 Παλαιολόγου
719 1103 954 1171 ἀνάγκη,
989 1101 1200 1168 μεγάλη
1222 1117 1306 1161 τις
1355 1097 1488 1151 οὖσα
1517 1099 1609 1151 καὶ
1665 1100 1898 1168 ἀπαραί-
2007 1101 2281 1170 ληφθέντα
2313 1101 2642 1171 βασιλικαῖς,
2676 1100 3078 1171 ὑφεδρευούσης
3113 1099 3212 1167 μὲν
3265 1099 3575 1162 κολακείας,

313 1212 490 1264 τητος.
547 1195 696 1262 Πλὴν
745 1193 851 1262 γὰρ
902 1193 1120 1258 ὀλίγων,
1188 1189 1522 1243 καὶτούτων
1573 1189 1765 1260 καιρὸν
1798 1191 1898 1243 οὐκ
2004 1193 2248 1247 ἐκποδὼν
2278 1194 2323 1246 δ’
2350 1192 2514 1262 οὔσης
2547 1193 2830 1262 ἀληθείας,
2862 1194 2955 1244 καὶ
3014 1191 3122 1244 τῶν
3161 1193 3437 1245 κακίστων
3502 1191 3578 1255 ὡς

316 1287 546 1354 ἐχόντων
579 1285 666 1336 διὰ
692 1285 790 1352 τὴν
823 1283 932 1335 τῶν
956 1282 1131 1336 ἄλλων
1172 1280 1384 1334 πολλῶν
1405 1281 1499 1332 καὶ
1525 1281 1777 1349 μεγάλων
1803 1280 1893 1333 δν·
2005 1285 2311 1338 καλλίστων
2362 1286 2861 1354 ύποκοριζομένων,
2919 1283 2992 1346 ὡς
3051 1285 3079 1335 ὁ
3135 1283 3361 1342 παλαιός
3421 1283 3578 1350 λόγος

312 1394 414 1427 των
445 1375 704 1444 βούλησιν
733 1376 816 1443 ἐφ’
844 1368 887 1440 ᾧ
916 1373 1212 1442 ὲπίσχοιεν,
1239 1373 1486 1441 φανερῶς
1509 1372 1557 1422 οἱ
1580 1371 1728 1424 ἄλλοι
1762 1372 1899 1425 πάν·
2004 1373 2138 1444 ἔχει,
2165 1376 2254 1428 ὅτε
2284 1377 2374 1428 καὶ
2398 1376 2457 1427 τὸ
2483 1376 2715 1445 ἐμμελὲς
2749 1375 2964 1444 βήττειν
2983 1374 3202 1427 ἀκούειν
3232 1371 3298 1445 ἦν
3329 1378 3392 1428 ὲκ
3421 1376 3578 1429 κολά-

311 1484 397 1527 τες
423 1470 555 1534 μιᾶς
591 1465 785 1536 βουλῆς
818 1461 958 1536 ἦσαν
993 1465 1082 1517 καὶ
1111 1461 1355 1532 γνώμης,
1393 1464 1693 1531 ἀγαπητῶς
1748 1464 1896 1532 ἔχον·
2005 1486 2115 1522 κων
2143 1466 2220 1538 τῷ
2251 1467 2367 1537 ἅμα
2401 1467 2499 1536 μὲν
2523 1466 2879 1536 ἀρχοντιᾶμα
2903 1467 2958 1519 δὲ
3011 1468 3294 1535 πάσχοντι,
3353 1468 3455 1520 κάν
3495 1484 3578 1529 τις

313 1573 400 1616 τες
427 1558 474 1608 εἰ
501 1555 872 1625 βασιλεύοιντο
899 1555 990 1608 ὑπ’
1022 1556 1236 1624 ἐκείνῳ.
1307 1555 1560 1623 ’Λρίστην
1595 1553 1704 1625 γὰρ
1740 1553 1896 1625 βασι-
2002 1559 2268 1613 νουθετῶν
2327 1559 2631 1630 ὑπογρύξῃ,
2663 1559 2736 1621 ὡς
2781 1559 3003 1622 δύσνους
3059 1559 3154 1611 καὶ
3201 1561 3469 1622 κάκιστος·
3496 1559 3576 1612 δι-

313 1645 458 1697 λείαν
493 1643 635 1698 εἶναι
662 1646 723 1699 ού
756 1646 854 1716 τὴν
886 1647 1198 1714 κληρωτὴν,
1232 1645 1302 1716 ῆν
1333 1643 1532 1714 όλίσθῳ
1565 1645 1733 1715 τύχης
1789 1647 1896 1698 τινὶ
2003 1652 2281 1714 essum,
2313 1651 2388 1715 ὡς
2403 1651 2500 1722 τὴν
2539 1651 2860 1720 παραίνεσιν
2891 1650 3184 1721 πρόσταξιν
3215 1652 3466 1720 ἐχόντων.
3515 1651 3579 1705 υἱ

311 1739 421 1790 ἔστι
449 1737 746 1806 λαγχάνειν
777 1737 870 1790 καὶ
904 1737 995 1789 τὸν
1023 1737 1260 1801 ἀνάξιον,
1295 1736 1414 1788 οὐδὲ
1447 1752 1511 1804 γε
1540 1737 1639 1802 τὴν
1663 1737 1770 1789 ἀπὸ
1804 1738 1898 1806 γέ·
2002 1740 2056 1794 δὲ
2089 1742 2181 1794 καὶ
2208 1741 2277 1793 τὰ
2297 1741 2555 1810 γινόμενα
2577 1737 3016 1809 δυσχεραίνοντες
3051 1737 3201 1789 οὐδὲν
3230 1731 3391 1806 ἦττον
3413 1734 3578 1788 κολα-

312 1845 456 1892 νους,
495 1831 579 1891 είς
603 1829 672 1898 ἣν
700 1828 1204 1898 παρεισφθαρὲντες
1255 1827 1514 1890 πολλάκις
1573 1828 1896 1883 λανθάνουσι
2002 1832 2275 1896 κεύουσιν,
2335 1829 2798 1900 ἀποσεμνύνοντες
2847 1829 3011 1882 πλέον
3063 1828 3154 1880 τοῦ
3218 1828 3440 1896 μετρίου
3485 1830 3577 1880 τὸν

311 1921 401 1973 καὶ
445 1922 496 1972 οἱ
553 1921 826 1985 κάκιστοι,
891 1919 984 1982 οὓς
1021 1919 1086 1988 δὴ
1147 1919 1240 1972 καὶ
1262 1918 1718 1988 ἀποδοκιμάσειεν
1770 1921 1836 1974 ἂν
1869 1922 1936 2004 6’
2001 1923 2258 1993 ἄρχοντα,
2323 1923 2416 1978 καὶ
2475 1923 2567 1977 τὸν
2615 1921 2783 1990 τῦφον
2828 1921 3207 1985 συναύξουσιν.
3258 1920 3487 1972 Ἐκεῖνοι
3519 1921 3577 1973 δὲ

310 2012 518 2079 ἀγαθὸς
546 2015 729 2082 ἄρχων
761 2012 856 2066 καὶ
896 2014 953 2064 ἐν
995 2011 1251 2082 ὑπηκόων
1312 2009 1660 2078 ἐξετάζεσθαι
1711 2011 1894 2084 μοίρᾳ,
2002 2012 2189 2075 ὥσπερ
2223 2014 2315 2066 ἐπὶ
2377 2015 2584 2093 extum;
2643 2011 2877 2080 διάφορα
2926 2010 3250 2080 προσωπεῖα
3301 2008 3574 2078 περιτιθέο

309 2104 440 2156 ἀλλά
467 2104 574 2174 τὴν
603 2105 662 2168 ἐξ
688 2104 890 2172 ἀρετῆς
922 2104 1014 2156 καὶ
1044 2103 1368 2172 δοκιμασίας
1424 2104 1655 2174 ἀρίστης
1686 2098 1762 2158 ὧν
1797 2104 1896 2175 ἀρ·
1927 2103 1970 2158 Β
2001 2125 2171 2178 μενοι,
2199 2108 2334 2180 πρὸς
2359 2108 2422 2160 τὸ
2452 2109 2687 2178 ἀρίστως
2714 2104 3020 2176 βασιλεύειν
3045 2105 3105 2158 τὸ
3128 2105 3282 2172 γένος
3313 2104 3576 2173 ἐχέγγυον

308 2213 420 2266 χειν
456 2195 668 2265 μέλλει.
699 2194 848 2266 Αὕτη
871 2196 980 2265 γὰρ
1014 2197 1105 2249 καὶ
1139 2194 1420 2267 λυσιτελὴς
1444 2199 1558 2260 τοῖς
1609 2197 1892 2268 πλήθεσιν,
2000 2198 2223 2265 οἴονται,
2256 2198 2444 2271 ὥσπερ
2485 2201 2544 2252 ἐν
2587 2200 2707 2261 ταῖς
2772 2197 3016 2267 πρώταις
3068 2196 3176 2250 τῶν
3245 2195 3574 2265 σπερμάτων

309 2288 534 2340 εἰδότων
584 2288 692 2340 τῶν
735 2288 816 2349 είς
867 2286 1044 2358 ἀρχὴν
1093 2287 1482 2340 καταστάντων
1516 2287 1609 2340 ἐπὶ
1635 2287 1741 2341 τίνι
1799 2289 1894 2342 καὶ
2001 2288 2329 2352 καταϐολαῖς
2361 2289 2658 2360 βασιλικῶν
2681 2303 2844 2341 τινων
2886 2286 3166 2357 δυνάμεων
3217 2289 3297 2349 είς
3342 2286 3575 2355 ἀρίστην

310 2366 791 2448 προσεκλήθησαῗν.
825 2377 1028 2447 ’ἰατρόν
1054 2377 1163 2446 γάρ
1196 2375 1321 2430 οὗτε
1343 2378 1432 2430 τὸν
1479 2379 1544 2431 ὲκ
1583 2377 1756 2450 τύχης
1774 2378 1898 2434 οὔτε
1995 2383 2292 2452 ἡγεμονίαν
2321 2381 2576 2436 ένουσῶν.
2611 2381 2798 2435 Ταῦτα
2819 2380 3068 2448 λέγοντες
3095 2380 3378 2432 ἐπέκειντο
3409 2378 3575 2432 πλέον

308 2469 396 2522 τὸν
420 2470 494 2521 ὲκ
519 2469 708 2536 γένους
730 2470 808 2532 είς
838 2469 898 2521 τὸ
916 2471 1092 2522 ποιεῖν
1113 2467 1306 2537 ὑγείαν
1341 2471 1454 2532 τοῖς
1477 2469 1722 2524 νοσοῦσιν
1749 2470 1896 2537 ἀξιό-
1996 2471 2123 2527 ίδεῖν
2149 2474 2239 2527 τὸν
2268 2474 2535 2543 δεσπότην
2559 2473 2655 2526 καὶ
2681 2473 3042 2542 στεφηφόρον,
3061 2473 3154 2526 καὶ
3183 2473 3375 2542 ἤνυτον
3403 2485 3574 2540 προσ-

312 2577 493 2629 χρεων
528 2561 778 2631 εἴποιμεν
810 2578 824 2591 ⁸
859 2562 955 2614 καὶ
989 2563 1036 2614 εί
1058 2561 1122 2612 ὲκ
1151 2560 1342 2629 γένους
1371 2562 1462 2614 τὸν
1491 2560 1894 2632 κυϐερνήσοντα
1992 2567 2388 2635 αναγκάζοντες
2423 2565 2678 2637 συνεχῶς.
2712 2563 2799 2637 [Ρ.
2827 2563 2920 2637 58]
2947 2559 3059 2619 Ἦν
3084 2564 3192 2634 γὰρ
3226 2563 3321 2617 καὶ
3374 2565 3402 2617 ὁ
3455 2565 3574 2616 Πα-

313 2652 701 2723 ὲγκρινοῦμεν,
731 2652 1168 2724 καταποντιστήν
1227 2651 1428 2724 μᾶλλον
1476 2651 1510 2723 ἢ
1554 2652 1895 2728 κυϐερνήτην
1992 2659 2272 2728 λαιολόγος
2300 2657 2548 2713 ἐντεῦθεν
2575 2658 2970 2731 συγκροτηθεὶς
2993 2655 3060 2712 τὰ
3093 2655 3231 2711 αὺτά
3258 2656 3450 2726 λέγων,
3477 2657 3574 2711 καὶ

1884 2805 2024 2894 ΙΙ.

316 2929 369 2984 Ι.
399 2929 444 2984 U
456 2929 748 2984 (Arrenius
781 2931 1087 3013 patriarcha
1116 2930 1172 2986 in
1201 2927 1558 3014 sollicitudine
1615 2931 1774 3001 fuerit
1830 2937 1892 2986 ob
1997 2937 2300 3006 perautium
2330 2944 2529 3005 pestes,
2593 2934 2933 2990 adulatorum
3001 2950 3214 3006 greges,
3273 2934 3345 2988 ita
3385 2936 3572 3004 depra-

938 3017 1020 3055 τθε
1049 3006 1280 3070 ιηιρενίί·
1999 3040 2126 3084 vant
2163 3040 2220 3084 ut
2244 3046 2341 3085 nec
2364 3045 2582 3085 sensum
2610 3028 2810 3084 habere
2832 3027 3080 3081 veritatis
3108 3027 3572 3082 assentationibu:

383 3113 592 3184 90M
625 3114 859 3169 Arsenio
909 3115 1236 3184 patriarcha:
1275 3134 1538 3174 novarum
1571 3119 1897 3176 sollicitudi-
1994 3124 2248 3186 exclusa,
2285 3139 2382 3178 nec
2409 3123 2671 3193 judicium
2729 3121 2864 3176 recti
2907 3121 3150 3190 etaequi,
3192 3131 3288 3172 aut
3343 3120 3570 3174 formam

316 3219 444 3258 num
482 3205 696 3259 initium
727 3204 1127 3276 attulitmagna
1158 3216 1213 3261 et
1239 3209 1612 3265 ineluctabilis
1656 3210 1895 3265 necessi-
1996 3230 2194 3284 capere
2249 3213 2510 3269 moderati
2563 3211 2847 3283 regiminis
2916 3211 3154 3277 valeant,
3211 3213 3396 3282 utique
3447 3228 3570 3268 cum

317 3305 396 3352 tas
417 3298 714 3353 imminens
739 3298 1007 3354 evehendi
1059 3297 1419 3372 Palaeologum
1463 3308 1531 3356 ad
1582 3301 1891 3370 imperium.
1923 3287 1965 3344 (ἶ
1998 3305 2089 3372 qui
2124 3321 2311 3360 eorum
2348 3315 2402 3361 et
2425 3305 2596 3358 latera
2620 3303 3189 3360 obsidentetauribus
3231 3301 3569 3357 insidiantur

314 3389 448 3445 Nam
479 3399 675 3460 praeter
703 3404 903 3461 paucos
935 3402 1269 3446 momentum
1302 3409 1407 3448 non
1442 3394 1724 3458 habentes,
1747 3394 1892 3464 quod
1996 3395 2256 3450 individui
2287 3396 2539 3460 comites,
2578 3394 2644 3449 ad
2697 3395 2929 3464 gratiam
2963 3394 3110 3464 loqui
3151 3395 3338 3450 omnia
3371 3396 3568 3464 parati,

314 3481 794 3550 eorumsuﬂ'ragia
823 3483 1172 3539 multitudine
1231 3487 1634 3541 contrariorum
1690 3488 1892 3542 obrue-
1995 3486 2517 3555 pessimajquaeque,
2569 3494 2630 3538 ut
2693 3493 2849 3540 vetus
2911 3487 3134 3545 verbum
3195 3485 3380 3548 habet.
3442 3485 3566 3579 pul-

314 3585 526 3638 rentur,
584 3573 840 3628 concordi
893 3588 1084 3630 omnes
1116 3576 1297 3631 studio
1341 3576 1393 3630 in
1448 3592 1609 3630 unam
1668 3587 1890 3632 senten-
1993 3576 2383 3632 cberrimarum
2417 3591 2596 3629 rerum
2643 3575 3004 3644 appellatione
3045 3573 3565 3642 coltouesteut,'usu

315 3668 445 3721 tiam
486 3666 928 3736 desideriumque
959 3665 1348 3737 conspirabant
1375 3668 1676 3742 Palaeologo
1701 3680 1759 3724 ut
1785 3671 1889 3724 im-
1993 3668 2228 3723 subactis
2258 3668 2560 3738 principum
2596 3667 2794 3721 animis
2818 3667 2882 3722 ad
2946 3667 3050 3722 ista
3100 3678 3155 3722 et
3187 3668 3470 3722 toleranda
3505 3680 3562 3723 et

314 3759 554 3827 peratori
612 3744 908 3813 serviendi.
945 3757 1116 3829 Vulgo
1175 3767 1234 3814 ut
1288 3761 1550 3831 optimam
1599 3760 1893 3817 laudabant
1992 3762 2282 3825 credenda,
2313 3761 2447 3815 adeo
2471 3771 2527 3814 ut
2551 3759 2714 3814 etiam
2747 3759 2978 3814 libenter
3000 3760 3223 3814 audiant
3247 3762 3383 3816 viles
3406 3761 3570 3816 istius

314 3866 434 3905 eam
475 3853 690 3906 demum
741 3849 1082 3920 principatus
1123 3849 1382 3915 fortnam,
1436 3868 1557 3923 qua:
1619 3854 1888 3924 principis
1992 3851 2138 3907 faecis
2176 3851 2450 3905 hominum
2477 3863 2655 3914 voces,
2687 3849 2885 3918 quibus
2910 3849 3238 3904 modulatam
3268 3851 3432 3905 etiam
3459 3852 3568 3906 sibi

314 3943 580 3998 delectum
635 3956 744 3996 non
787 3941 1156 4012 praerogativa
1213 3946 1431 4012 generis
1480 3945 1785 4010 addiceret,
1826 3961 1890 4000 ac
1991 3941 2161 3998 videri
2185 3941 2503 4011 aegrotantis
2535 3939 2802 4010 principis
2828 3939 3020 4016 tussim
3069 3941 3412 4009 putidissime
3444 3957 3571 4012 gar-

315 4034 395 4085 sic
427 4032 771 4101 permitteret
824 4031 1058 4087 arbitrio
1087 4033 1274 4098 sortis,
1303 4035 1457 4103 cujus
1487 4037 1779 4090 temerario
1805 4035 1893 4105 ju-
1992 4035 2160 4089 riunt.
2189 4032 2398 4098 Quibus
2461 4026 2754 4087 si—audeat
2801 4031 3131 4086 intervenire
3177 4032 3439 4102 quispiam
3475 4049 3568 4088 sa-

315 4123 458 4176 diciu
483 4124 630 4178 velut
679 4139 822 4179 caeco
883 4125 1012 4179 alea:
1064 4140 1193 4179 casu
1254 4140 1362 4180 non
1410 4127 1588 4182 solum
1635 4127 1888 4198 indiguus
1991 4125 2164 4194 piens,
2203 4133 2392 4193 etquae
2421 4139 2547 4178 vera
2577 4125 2795 4194 etjusta
2831 4135 2960 4180 sunt
3027 4124 3260 4190 hiscere,
3308 4127 3568 4182 continuo
3635 4108 3642 4114 l

314 4214 584 4268 interdum
629 4215 1017 4284 prteﬁceretur,
1064 4214 1162 4271 sed
1209 4216 1264 4271 in
1322 4233 1594 4274 summum
1627 4235 1768 4290 srepe
1809 4221 1891 4275 ιο-
1991 4213 2424 4268 utdel'ectionem
2451 4215 2717 4270 meditans
2743 4216 2972 4270 etltomo
2998 4215 3361 4285 nequissimus
3382 4216 3568 4271 tradu-

314 4319 437 4358 cum
466 4306 774 4373 irrepereut
814 4308 1033 4376 pessimi
1087 4308 1355 4376 homines,
1397 4319 1452 4364 et
1502 4311 1723 4367 omnino
1754 4312 1890 4368 tales
1991 4305 2153 4372 citur.
2180 4307 2247 4360 iis
2267 4305 2535 4376 siquidem
2567 4305 2656 4374 qui
2692 4306 3066 4376 sicimperaut
3089 4307 3268 4362 omnis
3323 4309 3569 4364 admoui-

314 4411 453 4465 quos
499 4395 543 4450 si
591 4399 726 4451 satis
787 4398 1095 4468 exploraret
1127 4401 1306 4470 gravis
1352 4410 1407 4456 et
1453 4412 1707 4456 accurata
1758 4417 1884 4457 cen-
1993 4397 2153 4452 tionis
2183 4397 2299 4454 loco
2325 4397 2572 4453 absoluta
2601 4397 2956 4453 etlibcrrima
2999 4399 3216 4466 quidvis
3265 4401 3564 4470 imperandi

314 4504 466 4554 sura,
492 4489 580 4542 vix
612 4489 668 4542 in
701 4488 948 4544 inllmum
997 4491 1339 4547 subditorum
1401 4493 1628 4562 gradum
1692 4495 1888 4549 admit-
1991 4491 2209 4546 licentia
2228 4501 2331 4556 est,
2358 4505 2478 4546 cum
2507 4491 2725 4546 interim
2760 4492 2859 4560 ipsi
2888 4507 3102 4562 quoque
3125 4493 3214 4562 qui
3247 4507 3309 4548 ea
3343 4496 3567 4551 moleste

315 4578 836 4634 teret.Tutissimum
871 4596 989 4636 esse
1011 4583 1158 4636 illum
1192 4584 1354 4654 igitur
1380 4585 1612 4656 eligendi
1645 4586 1885 4653 modum,
1911 4628 1965 4689 Β
1992 4580 2193 4648 lerunt,
2225 4583 2478 4637 accinere
2528 4584 2932 4638 asscntantibus
2983 4595 3270 4653 eogauttir,
3302 4595 3355 4640 et
3424 4585 3563 4642 ultra

315 4685 420 4741 quo
449 4672 557 4726 vita
591 4671 707 4739 eius
736 4681 791 4727 et
829 4687 1012 4728 mores
1046 4676 1135 4743 qui
1173 4679 1570 4744 promovendus
1598 4688 1702 4744 est,
1740 4679 1885 4746 lpso—
1911 4671 1963 4689 ν
1989 4687 2202 4726 onmem
2253 4674 2471 4728 modum
2521 4673 2883 4743 qualicunque
2937 4674 3164 4744 principi
3198 4676 3440 4730 cncomia
3481 4677 3566 4732 vel

315 4781 434 4820 rum
468 4766 669 4835 quibus
701 4776 784 4822 est
832 4766 1162 4837 praefuturus
1192 4763 1561 4837 subjiciuntur
1595 4772 1833 4827 examini
1870 4789 1876 4827 :

2008 4765 2227 4817 naxima
2259 4765 2460 4831 dicere,
2506 4765 2704 4834 quibus
2728 4766 2939 4821 scilicet
2970 4768 3142 4838 magis
3169 4768 3448 4838 magisque
3483 4779 3569 4823 tu—

315 4858 473 4913 istam
509 4859 656 4914 enim
711 4859 978 4915 rationem
1031 4871 1088 4916 et
1123 4863 1336 4931 populis
1398 4875 1553 4931 aeque
1587 4864 1774 4918 utilem
1833 4873 1887 4918 et
1993 4855 2172 4912 inidus
2200 4856 2320 4926 ejus
2351 4857 2570 4911 animus
2609 4857 2848 4912 inflatur.
2877 4860 3053 4929 Atque
3081 4859 3183 4913 hoc
3218 4876 3386 4928 geuus
3414 4862 3568 4928 prin-

315 4952 442 5020 ipsis
481 4951 846 5020 principibus,
900 4954 1088 5024 utique
1120 4969 1215 5024 per
1263 4971 1380 5009 eam
1453 4955 1882 5024 intelligentibus
1991 4948 2160 5018 cipes,
2193 4950 2437 5003 diversas
2465 4949 2566 5004 sibi
2600 4948 2781 5004 larvas
2812 4949 2958 5004 velut
2992 4951 3044 5004 iu
3077 4965 3237 5004 scena
3288 4951 3569 5022 imponen—
3643 4975 3656 4986 ε

313 5057 408 5098 cur
436 5055 493 5098 et
550 5045 614 5097 ad
658 5046 786 5113 quid
855 5046 1019 5100 officii
1078 5058 1358 5103 vocentur.
1409 5049 1551 5102 Sane
1605 5065 1881 5119 nunquam
1992 5049 2095 5104 tes,
2132 5040 2198 5094 ad
2218 5043 2422 5110 optime
2456 5042 2828 5111 imperandum
2851 5041 3063 5098 abunde
3092 5051 3280 5112 putant
3311 5043 3564 5100 sutlicere

315 5136 615 5194 dixerimus
648 5139 991 5207 aptissimum
1058 5139 1173 5194 fore
1223 5140 1370 5195 illum
1434 5155 1577 5207 aegro
1644 5143 1886 5195 curando
1989 5133 2206 5201 generis
2234 5132 2363 5202 regii
2391 5133 2895 5204 claritatem,quasi
2954 5135 3291 5190 nascentium
3334 5137 3387 5191 in
3431 5152 3564 5205 pur-

314 5229 604 5290 tnedicum,
632 5233 789 5296 quem
821 5246 988 5300 genus
1010 5242 1101 5286 aut
1134 5231 1350 5286 fortuna
1413 5233 1882 5298 commendariut;
1990 5238 2122 5294 pura
2161 5226 2485 5296 primigenia
2511 5226 2625 5296 ipsa
2665 5227 2871 5280 semina
2921 5228 3029 5281 vim
3060 5228 3351 5295 quamdam
3407 5243 3561 5283 arca-

314 5329 366 5374 ct
398 5321 444 5375 si
477 5335 542 5374 ex
569 5335 764 5390 genere
816 5323 1233 5389 gubernatorem
1282 5323 1602 5394 navigantes
1635 5326 1883 5379 adscire-
1991 5335 2113 5372 nam
2157 5334 2344 5374 secum
2384 5319 2614 5386 ferrent,
2647 5321 2853 5375 dotium
2881 5321 2946 5374 ad
2971 5320 3233 5389 pmclare
3283 5320 3560 5390 imperan-

314 5414 508 5477 rimus,
543 5413 916 5466 deutcrsorem
952 5415 1127 5481 potius
1157 5431 1319 5485 quam
1378 5417 1563 5470 utilem
1613 5428 1879 5472 rectorem
1989 5412 2114 5466 dum
2171 5413 2600 5468 necessariarum
2671 5414 3055 5483 pra'bitricem.
3133 5413 3257 5470 llaec
3315 5415 3558 5471 dicentes

312 5504 654 5572 imponemus
700 5506 848 5559 navi.
906 5505 1211 5560 Periculqu
1279 5523 1441 5576 porro
1506 5525 1734 5563 essene
1793 5511 1882 5578 qui
1987 5505 2411 5561 exardescebant
2449 5507 2501 5561 iu
2546 5505 2914 5575 impatientem
2967 5506 3281 5562 instantiam
3341 5508 3559 5563 videndi

312 5599 514 5651 suntin
542 5599 838 5666 regnonati
867 5599 1108 5652 omnium
1147 5600 1259 5653 sint
1302 5601 1632 5670 ineptissimi
1660 5603 1726 5657 ad
1759 5618 1881 5671 per-
1987 5597 2334 5668 praepositum
2372 5597 2534 5652 rebus
2564 5613 2750 5652 verum
2807 5598 3085 5653 dominum
3147 5609 3201 5654 et
3253 5613 3454 5655 corona
3482 5600 3564 5675 di-

312 5687 611 5757 cipiendam
639 5687 979 5742 institutione
1013 5688 1116 5758 91
1139 5689 1479 5756 disciplinam
1515 5703 1674 5761 atque
1705 5699 1876 5746 artem
1987 5706 2174 5758 gnum,
2225 5703 2393 5758 seque
2443 5700 2723 5760 compotes
2764 5687 3036 5757 votorum,
3068 5704 3256 5764 utpote
3286 5673 3562 5764 subject-os

315 5789 459 5831 recte
525 5777 972 5832 administrandas
1024 5778 1353 5848 reipublicae,
1395 5783 1595 5850 quippe
1648 5798 1782 5850 quos
1828 5789 1882 5835 et
1987 5783 2212 5852 principi
2240 5780 2359 5852 ejus
2410 5783 2596 5837 forma:
2625 5798 2785 5852 quam
2817 5786 3236 5858 descripserant.
3270 5787 3320 5843 is
3347 5802 3560 5858 quoque

315 5867 546 5936 deliciae,
584 5871 636 5926 in
662 5886 892 5941 quarum
919 5871 1041 5927 sinu
1075 5874 1411 5941 nutriuntur,
1447 5883 1497 5929 et
1528 5873 1754 5929 assidua!
1777 5876 1878 5927 im-
1988 5875 2106 5942 ip~e
2132 5891 2293 5943 quem
2327 5875 2450 5931 istis
2501 5878 2728 5935 vocibus
2789 5857 3169 5947 designabant,
3220 5857 3560 5944 i‘alaaowgus
