3952 6514
406 391 513 460 5‘27

1624 388 1950 451 GEORGII
1989 387 2470 448 PACHYMERE

3557 387 3664 452 5‘18

402 515 476 575 ὡς
503 511 553 563 εί
581 509 655 582 μὴ
678 505 825 574 ἄξιος
851 503 949 574 τῆς
978 504 1273 575 ἡγεμονίας
1295 503 1510 576 κριθείη
1535 507 1627 559 καὶ
1657 507 1756 570 ὁὲε
1790 503 1979 572 αὑτοῦ,
2011 510 2052 565 Α
2085 506 2380 578 ἀργοῦντος
2406 504 2464 558 δὲ
2499 504 2594 559 καὶ
2624 502 2717 557 τοῦ
2742 503 2986 576 σιδήρου,
3017 505 3092 568 ὡς
3127 506 3513 577 ἐπηρτημένου
3569 509 3667 559 καὶ

402 603 569 665 αὐτὸς
624 598 875 654 ἐντεῦθεν
932 598 1139 651 ἐκεῖνον
1186 596 1614 666 ἀποψηφίζεται.
1676 596 1820 667 Πλὴν
1884 597 1979 651 καὶ

402 695 577 752 πολλὰ.
601 709 723 749 τινα
750 690 1052 762 κατορθοῦν
1102 689 1438 759 ὑπισχνεῖτο,
1470 689 1568 761 τὴν
1601 688 1700 760 μὲν
1748 688 1979 756 Ἐκκλη-

400 788 524 842 σίαν
555 783 791 848 ἀνυψοῦν
823 780 1117 846 ὅσον,τοὺς
1143 780 1188 834 δ’
1214 781 1545 849 ίερωμένους
1558 781 1661 862 καὶ
1691 778 1851 832 πλέον
1880 777 1975 833 τοῦ

401 879 625 949 μετρίου
650 876 835 946 τιμᾷν,
863 873 1042 940 ἀξίαις
1071 889 1130 925 τε
1162 872 1446 942 μεγίσταις
1477 872 1570 924 καὶ
1614 872 1741 934 τοὺς
1791 870 1978 934 ἀξίους

398 970 506 1023 τῶν
526 971 584 1023 ὲν
609 968 751 1021 τέλει
774 964 1159 1035 προόιδάζειν,
1202 965 1295 1017 καὶ
1330 964 1537 1033 κρίσεις
1570 961 1979 1031 ὑπεραωδέχε-

398 1062 525 1114 σϐαι
551 1058 788 1122 δικαίας,
814 1056 909 1110 καὶ
939 1057 1063 1118 τοὺς
1116 1054 1375 1126 ἁρῤεπῶς
1410 1052 1725 1123 κρινοῦντας
1774 1049 1976 1120 ἐγκαθ-

399 1152 576 1221 ισοᾷν,
599 1143 673 1202 ὧν
712 1150 808 1201 καὶ
846 1146 991 1216 μάλα
1020 1147 1114 1199 καὶ
1164 1143 1464 1214 πρώτιστον
1503 1144 1593 1197 τὸν
1644 1143 1828 1197 Κακὸν
1865 1143 1978 1198 Μι-

403 1243 546 1312 χαὴλ
566 1242 662 1295 καὶ
694 1238 1041 1311 Σεναχηρεὶμ
1070 1236 1524 1305 ἑπικεκλημένον,
1551 1230 1611 1289 εὖ
1651 1234 1759 1289 τῶν
1801 1233 1975 1303 λόγων

396 1338 491 1390 καί
519 1335 628 1387 τῶν
652 1333 833 1404 νόμων
862 1331 1076 1402 ἔχοντα,
1109 1332 1168 1382 ὲν
1198 1327 1277 1398 τῷ
1307 1327 1487 1381 δοῦναί
1528 1329 1578 1380 oi
1617 1327 1712 1381 xui.
1762 1343 1976 1395 πρωτο-

394 1426 703 1496 ασηκρῆτις
758 1424 925 1478 πάλαι
979 1421 1206 1473 σῦεσθὲν
1264 1419 1502 1488 ἀξίωμα,
1568 1420 1669 1472 καί
1703 1419 1754 1471 ei
1798 1418 1974 1472 Θέλειν

394 1517 701 1589 ἁσηκρῆτις
728 1514 1016 1580 ὑποτάξαι,
1049 1514 1136 1581 ἐφ’
1164 1506 1209 1580 ᾧ
1232 1511 1545 1573 ἀδεκάστως
1574 1511 1666 1564 καὶ
1688 1507 1973 1579 ἀνεριοεύ-

394 1624 502 1672 τως
560 1607 816 1677 κρίνοιεν.
883 1604 1002 1657 Ἔτι
1065 1620 1125 1656 τε
1155 1602 1309 1669 λόγον
1361 1601 1594 1671 τιμῆσαι
1646 1599 1740 1651 καὶ
1768 1598 1891 1661 τοὺς
1917 1598 1974 1650 ὲν

394 1701 541 1771 λόγῳ
602 1699 731 1769 περ).
793 1696 1048 1749 πλείστου
1099 1692 1210 1748 τῶν
1253 1692 1425 1748 ἄλλων
1469 1694 1666 1747 ποιεῖν.
1712 1690 1788 1744 Τὸ
1822 1690 1876 1744 δέ
1909 1705 1973 1757 γε

397 1788 789 1862 στρατιωτικὸν
800 1786 1297 1857 ὑπεραγαπᾷν,καὶ
1322 1784 1422 1849 τὰς
1448 1784 1673 1838 ἐκείνων
1696 1782 1970 1853 προνοίας,

2080 595 2329 649 κινδύνου
2367 595 2648 665 μεγίστου,
2682 594 2736 647 εί
2776 610 2861 655 τις
2914 593 3132 664 τολμῴη
3175 593 3283 646 τῶν
3347 592 3668 663 δυναμένων

2079 688 2173 740 καὶ
2202 690 2259 740 ὲν
2287 688 2484 758 ἀρχαῖς
2509 686 2737 757 ὑπέχειν
2794 686 2887 740 τὸν
2944 684 3147 757 μύδρον
3197 684 3667 756 καταναγκάζειν.

2079 780 2163 831 Td
2182 778 2239 832 δὲ
2269 779 2369 849 τῆς
2408 777 2687 841 πολιτείας
2717 775 2891 839 οὕτως
2914 776 3133 845 ἀφόϐως
3166 778 3224 830 ὲν
3252 775 3446 849 είρήνῃ
3480 776 3672 847 διατη-

2084 868 2320 939 ρεῖσθαι,
2347 867 2486 922 ὥστε
2517 867 2609 921 καὶ
2640 866 2770 929 τοὺς
2803 867 3146 937 ἀποροῦντας
3189 868 3286 921 καὶ
3338 866 3543 932 ίκανῶς
3563 868 3669 935 τῆς

2080 963 2394 1031 περιουσίας
2441 960 2663 1033 ἔχοντας
2696 959 3177 1029 ἐπιδεικνυμένους
3214 960 3286 1014 τὰ
3346 960 3674 1031 ὑπάρχοντα

2079 1052 2407 1124 κυδροῦσθαι
2435 1055 2609 1107 καὶτὸ
2640 1053 2904 1120 παράπαν
2944 1052 3019 1122 μὴ
3048 1051 3301 1107 δεδιέναι.
3341 1052 3467 1104 Ἐπὶ
3499 1052 3673 1105 πᾶσιν

2081 1146 2379 1201 ὑπακούειν
2409 1150 2508 1216 τῆς
2549 1146 2901 1216 Ἐκκλησίας,
2933 1148 3024 1200 καὶ
3055 1146 3267 1216 μητέρα
3320 1145 3529 1217 ταύτην
3586 1144 3671 1209 ὡς

2080 1238 2227 1301 είκδς
2253 1238 2526 1309 ἡγεῖσθαι,
2578 1239 2672 1292 καὶ
2705 1239 2813 1291 πᾶν
2845 1239 2906 1290 τὸ
2965 1239 3045 1300 εἰς
3104 1238 3441 1291 κατάστασιν
3493 1238 3672 1303 αὐτῆς

2079 1330 2592 1402 πραγματεύεσθαι.
2621 1328 2807 1383 Ταῦτα
2854 1330 2912 1383 δὲ
2967 1330 3304 1399 προσετίθει,
3338 1330 3420 1381 ὅτι
3464 1312 3564 1383 καὶ
3606 1330 3671 1381 ὲν

2078 1424 2363 1487 ὑπονοίαις
2393 1426 2420 1477 ὁ
2444 1422 2859 1493 προδασιλεύων
2889 1416 2958 1492 ἦν
2990 1422 3082 1474 τοῦ
3130 1420 3495 1491 καταφρονεῖν
3554 1417 3668 1471 τῶν

2078 1514 2295 1583 ἐκείνης
2347 1513 2662 1583 προνομίων
2720 1513 2816 1565 καὶ
2869 1511 3165 1583 βασιλικῶς
3200 1509 3663 1579 κατεπαίρεσοαι,

2075 1605 2216 1659 ὥστε
2254 1606 2347 1659 καὶ
2375 1605 2469 1658 ἐπὶ
2513 1605 2728 1667 πολλοῖς
2758 1604 2852 1657 τὸν
2882 1603 3228 1674 πατριάρχην
3253 1599 3540 1655 λυπεῖσθαι
3568 1602 3667 1654 καὶ

2074 1698 2175 1766 τὴν
2198 1696 2290 1750 τοῦ
2338 1693 2469 1749 λαοῦ
2521 1695 2861 1767 προστασίαν
2899 1694 3446 1765 ἀποπροσποιεῖσθαι,
3495 1692 3667 1763 μηδὲν

2076 1788 2182 1841 κᾶν
2204 1786 2432 1849 δικαίως
2477 1786 2620 1857 ὑπὲρ
2659 1804 2822 1839 τινων
2865 1786 3014 1855 λέγοι
3060 1785 3500 1853 είσακουὸμενον.
3552 1780 3664 1838 Ἦν

394 1882 499 1937 κᾶν
532 1882 591 1935 ἐν
624 1880 844 1953 πολέμῳ
874 1880 1126 1931 πίπτοιεν
1156 1876 1259 1929 κᾶν
1287 1874 1708 1943 ἀποθνήσκοιεν,
1745 1874 1969 1942 γονικὰς
2004 1866 2044 1920 Β
2074 1873 2167 1931 οὖν
2196 1876 2321 1930 τότε
2350 1876 2429 1946 τῷ
2455 1876 2794 1948 πατριάρχῃ,
2828 1879 2922 1929 καὶ
2946 1871 3028 1939 οἷς
3074 1876 3181 1929 τῶν
3238 1876 3544 1948 ἀρχιερέων
3599 1874 3664 1928 rb

394 1970 728 2041 ὲγκαθιστᾷν
766 1970 880 2032 τοῖς
911 1969 1091 2032 παισὶ,
1126 1967 1228 2021 κάν
1252 1982 1392 2019 τισιν
1423 1966 1479 2019 ai
1525 1966 1783 2033 γυναῖκες
1832 1964 1973 2017 κατά

393 2064 629 2134 γαστρὸς
682 2061 856 2132 ἔχοιεν
900 2050 1477 2129 ⁴ιδ’κυοςροροιὶμενον.
1542 2054 1896 2126 Είσπράξεων
1927 2053 1973 2105 δ’

394 2156 598 2213 ἀδίκων
624 2154 748 2226 μηδ’
778 2153 949 2225 ὄνομα
970 2148 1133 2216 εἶναι,
1168 2150 1304 2220 μηδὲ
1334 2148 1519 2219 χώραν
1549 2146 1747 2200 διδόναι
1787 2146 1971 2199 διαϐο-

393 2250 533 2316 λαῖς,
559 2245 856 2318 ἀργοῦντος
900 2245 999 2315 μὲν
1033 2242 1127 2297 τοῦ
1162 2242 1255 2295 ἐπὶ
1318 2242 1548 2311 ταύταις
1615 2239 1969 2310 μονομαχίου,

394 2427 584 2484 eadem
609 2424 699 2481 illa
734 2424 1080 2492 loquebatur,
1114 2422 1317 2477 addens
1375 2422 1541 2477 etiam
1574 2436 1654 2485 se,
1721 2422 1768 2475 si
1829 2418 1972 2475 forte.

395 2520 698 2589 imperaret
725 2525 779 2572 et
808 2515 979 2569 filium
1023 2513 1246 2571 habere!
1277 2528 1382 2569 non
1434 2515 1718 2584 praeditum
1750 2514 1971 2571 dotibus

395 2611 714 2680 artibusque
747 2606 814 2663 ad
848 2608 985 2662 bene
1027 2606 1319 2679 tegendum
1358 2607 1521 2674 aptis,
1564 2606 1704 2661 ultro
1757 2605 1975 2659 abdica-

396 2712 581 2756 turum
616 2699 1073 2767 redacturumqne
1126 2696 1181 2751 in
1228 2698 1499 2753 ordinem.
1548 2696 1644 2751 llis
1693 2696 1972 2751 inserebat

396 2792 789 2863 promissiones
825 2791 1143 2859 magnilicas
1172 2787 1648 2856 perliciendarum,
1687 2790 1730 2841 si
1780 2786 1970 2841 decla-

395 2881 735 2952 raretur92
767 2880 1088 2948 imperator,
1120 2878 1465 2933 laudatarum
1492 2888 1547 2932 et
1602 2881 1820 2932 cunctis
1872 2892 1969 2930 cx—

395 2975 683 3045 petitaruin
721 2987 901 3026 rerum
943 2968 1239 3024 Ecclesium
1269 2968 1489 3037 quidem
1546 2985 1665 3024 sese
1705 2969 1760 3022 in
1817 2969 1977 3021 altis-

394 3068 591 3119 simnm
654 3062 930 3133 fastigium
979 3073 1318 3124 erecturum,
1364 3076 1554 3116 sacros
1613 3077 1741 3114 vero
1809 3060 1969 3113 mini-

394 3166 539 3210 stros
597 3154 987 3208 honoratorum
1026 3148 1479 3221 exquisitissime.
1536 3148 1801 3205 Praeterea
1853 3168 1969 3204 ma-

395 3248 657 3316 gistratus
681 3255 738 3300 et
790 3241 1149 3315 praefecturas
1198 3258 1305 3297 non
1362 3242 1466 3296 nisi
1496 3244 1671 3313 dignis
1705 3258 1768 3295 ex
1800 3243 1977 3317 primo

396 3339 586 3394 ordine
635 3335 989 3390 tributurum.
1052 3332 1392 3389 Judicinrum
1446 3350 1636 3388 curam
1691 3344 1975 3403 susceptu-

398 3445 539 3494 rum,
576 3436 635 3483 ut
672 3427 821 3497 juste
862 3440 928 3481 ac
954 3427 1073 3483 sine
1123 3428 1393 3483 calumnia
1455 3424 1670 3491 ﬁerent,
1728 3425 1976 3495 {equique

398 3532 616 3578 tenaces
643 3531 697 3575 et
721 3519 1042 3575 inflexibiles
1069 3519 1138 3576 ad
1165 3521 1399 3590 gratiam
1432 3521 1481 3576 ei
1517 3522 1594 3574 rei
1632 3523 1780 3574 viros
1832 3535 1975 3588 pra:-

398 3616 690 3669 fccturum.
735 3612 903 3682 Cujus
939 3612 1015 3667 rei
1062 3610 1174 3683 jam
1213 3626 1360 3666 nunc
1404 3612 1677 3682 specimen
1732 3619 1788 3665 et
1821 3607 1977 3681 quasi

371 3710 595 3779 ‘pignus
622 3706 772 3760 dedit
799 3706 852 3759 in
884 3707 1124 3773 quodam
1169 3703 1455 3759 notissimo
1486 3710 1614 3757 tunc
1652 3710 1707 3757 et
1732 3705 1975 3757 onmium

395 3803 571 3871 primo
604 3797 1087 3868 jndice,perdocto
1114 3794 1207 3850 illo
1237 3782 1539 3866 quidemet
1572 3794 1977 3849 consultissima

392 3891 551 3958 juris,
579 3890 673 3944 sed
704 3888 973 3958 iniustitia
992 3887 1203 3956 infami,
1237 3888 1380 3943 unde
1431 3887 1582 3942 illum
1631 3885 1830 3941 Malum
1880 3886 1979 3939 bli-

398 3981 640 4036 chaelem
672 3992 727 4036 et
769 3980 1199 4035 Senaclteribum
1231 3981 1390 4047 vulgo
1438 3979 1772 4033 vocitabant.
1802 3978 1974 4043 Quem

334 4092 339 4097 ·
397 4074 580 4147 specie
613 4074 836 4128 honoris
867 4073 919 4127 in
978 4081 1253 4140 posterum
1310 4070 1592 4124 coercuit:
1653 4069 1974 4123 exstinctam

396 4168 541 4223 enim
567 4166 719 4235 prius
757 4166 1080 4235 dignitatem
1123 4162 1284 4233 primi
1317 4177 1348 4215 a
1380 4161 1605 4217 secretis
1634 4150 1981 4239 resuscitatus.

397 4259 446 4313 ei
479 4258 739 4323 tradidit,
788 4256 1088 4325 subjiciens
1148 4254 1229 4310 sic
1288 4254 1361 4308 illi
1417 4266 1723 4308 assessores
1782 4252 1978 4306 nmltos

397 4348 598 4421 probos
628 4348 821 4402 virosa
859 4347 1116 4411 secretis,
1144 4345 1249 4403 hoc
1281 4354 1365 4401 est
1422 4344 1642 4400 arcanis
1697 4342 1975 4415 suffragiis

393 4439 755 4509 jndicaturos,
801 4447 855 4493 et
915 4439 993 4494 sic
1021 4440 1158 4493 citra
1191 4454 1549 4509 personarum
1603 4438 1976 4508 acceptionem

2078 1971 2158 2031 είς
2186 1970 2248 2023 τὸ
2284 1968 2475 2037 μέλλον
2504 1968 2785 2039 προμηθὲς
2830 1964 2921 2038 ἦν,
2978 1969 3147 2022 ὃιττοί
3208 1985 3351 2033 τινες
3408 1969 3664 2035 λογισμοὶ

2078 2062 2215 2132 πρὸς
2257 2061 2545 2131 ἀμφότερα
2567 2060 2860 2131 κρούοντες
2899 2061 2992 2114 καὶ
3021 2061 3362 2131 ἑκατέρωθεν
3412 2062 3631 2130 ἰσχυροί
3644 2096 3663 2114 .

2078 2153 2207 2207 ἶὊτε
2233 2155 2344 2225 γὰρ
2380 2155 2513 2225 πρὸς
2547 2153 2648 2222 τὴν
2675 2153 2773 2223 τῆς
2810 2150 3090 2220 βασιλείας
3118 2153 3390 2206 ὲντέλειαν
3427 2151 3666 2206 ἀποϐλέο

2074 2246 2257 2315 ψαιεν,
2284 2248 2379 2299 καὶ
2406 2244 2468 2299 τὸ
2497 2244 2628 2315 παρ’
2662 2244 2869 2315 ἀμφοῖν
2900 2243 3194 2315 βασιλέοιν,
3224 2243 3318 2298 τοῦ
3352 2245 3451 2315 μὲν
3479 2262 3669 2300 νεοκο-

2082 2419 2410 2486 decertaret,
2444 2434 2605 2477 nemo
2626 2427 2886 2476 contactu
2913 2419 3045 2477 ferri
3072 2420 3355 2477 candentis
3389 2423 3657 2478 innocen-

2078 2511 2205 2563 tiam
2240 2511 2519 2580 probaret,
2571 2513 2708 2568 satis
2764 2527 2933 2584 gnaro
2988 2528 3320 2584 unoquoque
3351 2517 3656 2585 magistra-

2078 2612 2229 2657 tuum
2265 2619 2519 2675 magnnm
2557 2606 2684 2661 mali
2719 2606 3031 2676 gravissimi
3064 2608 3177 2663 sibi
3204 2607 3509 2678 periculum
3547 2609 3657 2663 ira-

2079 2695 2338 2766 pendere,
2396 2697 2441 2749 si
2488 2695 2569 2751 vel
2609 2705 2821 2751 tantum
2873 2697 3215 2763 conniveret,
3266 2709 3323 2751 ut
3351 2699 3532 2767 quivis
3566 2703 3661 2755 de-

2074 2787 2217 2841 latus
2257 2787 2323 2841 ad
2361 2788 2797 2857 experimentum
2829 2803 3023 2843 massas
3074 2790 3362 2845 candentis
3416 2790 3665 2861 adigere-

2075 2889 2182 2934 tur.
2238 2880 2551 2948 Spondebat
2599 2879 2730 2949 quin
2777 2883 2942 2935 etiam
2970 2896 3241 2935 summam
3305 2884 3658 2941 securitatem

2076 2970 2228 3038 pacis
2263 2970 2515 3037 publicae,
2542 2983 2638 3038 per
2669 2983 2830 3038 quam
2857 2969 3027 3025 etiam
3059 2978 3247 3024 tenues
3284 2980 3340 3025 et
3371 2971 3522 3041 prius
3550 2970 3664 3043 93

2079 3072 2300 3127 egentes
2319 3060 2431 3132 jam
2470 3071 2678 3115 tantum
2705 3061 3068 3130 abundarent,
3091 3070 3148 3119 ut
3172 3077 3271 3117 nec
3288 3063 3427 3134 ipsis
3449 3063 3660 3119 deferet

2081 3151 2311 3206 facultas
2356 3151 2808 3207 ostentandarum
2862 3166 3026 3224 opum
3083 3161 3141 3210 et
3177 3168 3236 3208 se
3284 3153 3661 3224 familiamque

2083 3244 2385 3299 domestica
2422 3242 2577 3311 copia
2614 3244 2977 3323 honestandi,
3022 3244 3169 3301 omni
3226 3258 3452 3315 prorsus
3507 3259 3659 3303 metu

2079 3337 2292 3391 vacuis.
2320 3335 2494 3403 Super
2525 3335 2705 3389 omnia
2752 3335 3266 3393 obedientissimum
3294 3353 3438 3404 sese,
3471 3348 3533 3393 ut
3565 3353 3661 3408 par

2079 3439 2185 3492 est,
2242 3426 2500 3483 Ecclesiae
2564 3427 2940 3496 pra-biturum,
3000 3437 3053 3484 et
3109 3429 3298 3487 matris
3341 3431 3489 3487 illam
3540 3430 3665 3487 loco

2082 3522 2395 3584 ducturum,
2446 3519 2693 3591 nihilque
2742 3536 2849 3577 non
2886 3523 3198 3577 moliturum
3252 3523 3393 3594 quod
3447 3523 3514 3578 ad
3546 3523 3662 3593 ejus

2082 3622 2284 3667 statum
2316 3627 2614 3681 pacemque
2643 3614 2967 3669 servandam
2996 3614 3275 3670 videretur
3292 3615 3658 3673 conducibile.

2080 3704 2139 3759 ln
2183 3720 2293 3777 quo
2327 3715 2388 3760 ut
2422 3705 2790 3761 abundantius
2840 3707 3156 3776 religionem
3210 3717 3547 3775 ostentaret,
3574 3708 3660 3764 iu-

2082 3798 2359 3851 citabatnr
2389 3812 2487 3867 spe
2526 3796 2953 3871 camparationis
3003 3812 3034 3853 a
3073 3798 3273 3869 popqu
3305 3798 3661 3859 instituenda

2082 3887 2348 3943 factorum
2411 3904 2636 3944 suorum
2700 3888 2821 3958 ejus
2892 3890 3110 3958 generis
3170 3905 3293 3946 cum
3365 3892 3660 3949 contrariis

2079 3981 2344 4048 exemplis
2372 3980 2713 4051 imperatoris
2738 3995 2911 4050 nuper
2935 3981 3198 4045 defuncti,
3243 3983 3310 4036 de
3353 3996 3463 4053 quo
3510 3983 3655 4037 scie-

2080 4070 2173 4126 bat
2197 4071 2491 4127 invaluisse
2521 4072 2886 4141 suspicionem
2923 4073 3067 4127 haud
3115 4076 3295 4144 magni
3324 4089 3449 4129 eum
3479 4073 3658 4130 facere

2083 4161 2339 4216 Ecclesiae
2365 4165 2771 4225 auctoritatem,
2812 4162 3113 4234 elierreque
3144 4178 3202 4219 se
3253 4165 3306 4219 in
3338 4178 3460 4221 eam
3512 4163 3657 4221 fastu

2083 4252 2251 4324 regio.
2297 4250 2451 4308 Unde
2478 4266 2530 4307 et
2583 4257 2894 4325 contigerat
2938 4270 3002 4311 eo
3049 4265 3312 4327 regnante
3347 4256 3547 4312 multas
3576 4254 3659 4313 of-

2081 4342 2359 4403 fensiones
2388 4356 2443 4400 et
2472 4344 2690 4402 dolendi
2722 4362 2918 4405 causas
2948 4349 3277 4419 patriarchae
3297 4347 3485 4403 oﬁerri
3513 4350 3649 4404 adeo

2083 4450 2142 4515 ut
2168 4436 2280 4505 jam
2310 4453 2417 4494 non
2458 4443 2683 4495 auderet
2714 4442 2990 4511 suscipere
3040 4442 3409 4512 patrocinium
3442 4439 3653 4511 populi.

398 4531 518 4586 sine
544 4532 705 4587 ullius
737 4540 988 4601 respectu
1040 4546 1105 4587 ac
1156 4533 1512 4597 verecundia,
1574 4531 1714 4597 quod
1765 4529 1977 4597 justum
2004 4530 2056 4591 D
2084 4543 2183 4583 nec
2217 4529 2629 4599 deprecatorem
2666 4546 2726 4588 se
2758 4532 3003 4604 ingerere
3040 4533 3092 4588 in
3124 4534 3379 4602 periculis
3431 4534 3656 4588 misero-

398 4634 543 4677 esset
569 4622 903 4693 decreturos.
938 4621 1304 4678 Pollicebatur
1333 4623 1498 4678 etiam
1529 4638 1647 4678 sese
1708 4621 1977 4675 litteratos

400 4712 601 4769 eximie
631 4713 904 4767 culturum
951 4713 1410 4785 prmlaturumque
1467 4715 1700 4769 cunctis.
1744 4715 1823 4765 Ad
1866 4714 1979 4769 haec

400 4806 657 4861 eximiam
695 4822 821 4875 erga
872 4806 1169 4861 militarem
1217 4807 1462 4863 ordinem
1522 4805 1803 4861 caritatem
1854 4819 1980 4873 pro-

402 4898 674 4963 mittebat,
700 4897 986 4966 stipendiis
1007 4897 1074 4953 ad
1116 4898 1255 4952 diem
1290 4896 1668 4959 numerandis,
1708 4894 1979 4949 donativis

403 4992 1104 5060 repra'sentandis,eorum
1139 5005 1268 5045 vero
1298 4988 1390 5060 qui
1449 4989 1504 5043 in
1555 4986 1699 5042 bello
1753 4987 1982 5040 cecidis-

402 5096 528 5141 sent
555 5086 687 5142 etin
724 5086 989 5157 obsequio
1043 5084 1358 5155 reipublicze
1413 5084 1579 5138 vitam
1612 5080 1981 5154 profudissent

403 5179 610 5243 liberis,
649 5178 695 5233 si
727 5192 866 5247 quos
925 5177 1301 5246 reliquissent,
1358 5176 1536 5230 debita
1589 5175 1726 5244 patri
1763 5175 1979 5244 prartnia

405 5269 722 5336 reddendo;
752 5270 803 5323 in
825 5283 1001 5339 eoque
1033 5278 1140 5322 tam
1177 5267 1492 5336 diligentem
1544 5263 1683 5330 fore,
1712 5276 1768 5318 ut
1806 5266 1849 5319 si
1883 5281 1979 5318 cu-

400 5360 494 5430 jus
521 5360 687 5415 occisi
737 5359 929 5414 militis
973 5374 1110 5413 uxor
1143 5371 1426 5428 prmgnans
1473 5366 1803 5426 superesset,
1840 5355 1981 5409 fetus

413 5453 471 5505 in
499 5464 564 5504 ea
588 5450 835 5520 concepti
857 5448 1246 5519 providentiam
1280 5458 1515 5519 gereret,
1552 5446 1712 5515 eique
1764 5449 1975 5501 servari

409 5540 610 5596 mortui
673 5542 916 5610 parentis
981 5528 1277 5594 hdnoraria
1357 5547 1595 5594 curaret.
1652 5534 1980 5607 lnjustarum

408 5646 573 5704 porro
598 5632 952 5688 exactionum
975 5646 1041 5685 ne
1070 5646 1266 5686 nomen
1298 5630 1517 5701 quidem
1557 5630 1733 5684 audiri
1790 5645 1948 5700 passu
1968 5657 1982 5669 -

409 5740 553 5781 rum.
609 5722 720 5782 Nec
757 5722 935 5783 locum
974 5722 1227 5779 daturum
1282 5722 1608 5789 calumniis;
1667 5724 1812 5777 unde
1870 5723 1980 5792 jam

411 5831 575 5875 nemo
607 5819 676 5876 ad
708 5833 897 5878 earum
944 5816 1316 5890 depulsionem
1370 5814 1630 5888 singulari
1684 5817 1983 5871 certamine

2083 4637 2225 4688 rum,
2253 4622 2510 4690 quoniam
2550 4639 2652 4680 non
2682 4633 2925 4695 speraret
2961 4638 3021 4680 se
3061 4626 3311 4683 auditum
3353 4625 3446 4691 iri,
3472 4639 3651 4696 quan-

2083 4704 2454 4784 tumvis'aaqua
2493 4715 2715 4771 diceret.
2746 4715 2902 4771 Tunc
2927 4732 3088 4783 porro
3120 4718 3430 4787 patriarcha
3449 4728 3503 4773 et
3529 4718 3565 4772 ii
3587 4732 3653 4773 ex

2081 4805 2418 4861 antistitibus
2442 4809 2531 4877 qui
2562 4807 2726 4862 futuri
2774 4808 3169 4877 providentiam
3203 4810 3655 4878 habebant,‘c0gi-

2084 4896 2379 4954 tatinnibns
2433 4900 2665 4954 invicem
2702 4902 2946 4956 adversis
2994 4912 3045 4956 et
3080 4904 3252 4958 valide
3292 4905 3549 4972 utrinque
3596 4903 3648 4956 in

2082 4991 2353 5044 contraria
2415 4991 2823 5048 incurrentibus
2895 4993 3357 5051 distrahebantur.
3426 4994 3651 5061 Quando

2080 5085 2221 5136 enim
2274 5085 2472 5138 bonum
2530 5086 2739 5156 imperii
2782 5095 2982 5142 statum
3028 5089 3375 5157 reputabant,
3426 5098 3649 5158 praecla-

2082 5191 2199 5228 rnm
2253 5176 2385 5246 ipsis
2424 5185 2479 5232 et
2515 5179 2712 5247 populo
2770 5179 3009 5235 salutare
3059 5179 3364 5242 videbatur,
3425 5181 3642 5233 admini-

2082 5267 2241 5321 strari
2294 5268 2680 5338 rempublicam
2737 5273 2955 5326 nomine
3005 5281 3167 5340 atque
3220 5271 3551 5327 auctoritate
3580 5272 3653 5326 si-

2083 5357 2190 5409 mnl
2214 5355 2419 5424 junctis
2458 5359 2761 5428 principum
2801 5360 3029 5415 duorum
3061 5378 3078 5428 ;
3110 5360 3332 5415 alterius
3381 5362 3568 5432 pupilli
3602 5372 3655 5417 et

2083 5447 2135 5501 in
2166 5444 2460 5518 perfectam
2489 5459 2701 5506 atatem
2732 5451 2910 5507 debita
2937 5466 3068 5507 cura
3093 5450 3359 5505 educandi
3385 5467 3402 5518 ;
3432 5451 3655 5506 alterius

2084 5552 2180 5608 per
2209 5553 2269 5593 se
2310 5538 2541 5594 valentis
2585 5556 2779 5612 resque
2817 5557 2975 5611 opera
3033 5542 3373 5612 consilioque
3416 5544 3653 5614 prepriis

2084 5628 2343 5698 gerentis.
2372 5627 2581 5684 llnrsns
2613 5648 2735 5687 cum
2762 5633 3132 5688 extendebant
3163 5637 3411 5687 anitnnm
3452 5632 3505 5687 in
3531 5650 3651 5703 pro.

2086 5717 2346 5772 visionem
2375 5733 2555 5773 rerum
2588 5719 2915 5786 futurarum,
2948 5718 3076 5778 hinc
3131 5722 3351 5792 quidem
3387 5736 3646 5779 occurre-

2087 5812 2175 5865 bat
2226 5822 2484 5881 qnantuin
2548 5817 3019 5885 exspectariboni
3081 5826 3260 5886 posset
3292 5832 3359 5872 ex
3425 5815 3651 5887 imperio
