3952 6558
276 508 380 569 529

1226 512 1322 571 DE
1366 509 1750 570 MICIIAELE
1792 506 2251 570 PAL£OLOGO
2288 508 2437 568 LIB.
2477 508 2501 567 Ι
2517 508 2539 567 l

3406 500 3508 564 530

276 620 540 691 μουμένου
590 619 686 673 τοῦ
736 621 781 674 δ’
826 620 1193 689 ἐνεργοῦντος,
1253 623 1517 692 ἄρχεσθαι
1568 624 1644 685 ὡς
1674 622 1836 674 καλὸν
1868 627 1908 683 Α
1939 622 2121 677 λιστον
2183 622 2410 675 ἀδικεῖν.
2472 619 2638 674 Ταῦτ’
2695 620 2920 679 ἐκείνοις
2965 618 3334 687 λογιζομένοις
3391 617 3513 679 δέος

268 712 401 781 ὁμοῦ
430 713 519 765 καὶ
534 712 611 779 τῷ
638 713 861 781 ὑπηκόῳ
885 715 1145 784 σωτήριον
1164 715 1465 771 κατενόουν.
1490 712 1571 785 [Ρ.
1591 713 1679 784 59]
1700 716 1739 765 [Ι
1749 713 1838 782 ρος

270 806 324 859 δὲ
349 806 445 858 καὶ
472 805 538 857 τὰ
569 805 829 874 μέλλοντα
865 807 1354 877 προσγενήσεσοαι,
1389 808 1505 875 ἅμα
1533 809 1632 875 μὲν
1667 806 1724 870 ἐξ
1762 800 1837 858 ὧν

271 900 365 959 τὴν
395 897 583 965 ἱκανὴν
621 897 989 965 πληροφορίαν
1023 899 1114 949 ἐπὶ
1143 898 1331 966 τάνδρὶ
1383 895 1529 967 εἶχον
1578 898 1640 949 ἐκ
1681 897 1839 949 πλεί-

273 1009 420 1051 στου,
456 991 573 1059 ἅμα.
621 992 676 1044 ὃέ
709 993 800 1043 καὶ
834 991 891 1056 ἐξ
929 984 1001 1041 ὧν
1048 991 1168 1041 τότε
1224 988 1653 1058 ὑπισχνουμένου
1711 1004 1842 1039 κατ-

271 1084 489 1150 ήκουον,
518 1083 1078 1151 ὑπεραποδεχομένοις
1106 1082 1345 1151 ἐῴκεσαν
1376 1082 1442 1132 τα
1466 1079 1605 1133 κατὰ
1646 1079 1840 1147 βουλὴν

270 1174 719 1242 πραχθησόμενα.
748 1174 876 1226 Ὅτε
903 1174 948 1225 δ’
977 1167 1042 1225 αὖ
1083 1172 1242 1225 πάλιν
1273 1169 1409 1239 πρός
1430 1188 1489 1221 τε
1520 1171 1578 1220 τὸ
1604 1167 1695 1219 τοῦ
1724 1168 1841 1230 ἐνὸς

269 1264 674 1332 ἁφιλονείιητόν
710 1282 767 1315 τε
815 1266 906 1317 καὶ
949 1264 1292 1332 ἁνερίοευτον
1333 1262 1426 1314 καὶ
1481 1260 1541 1313 τὸ
1596 1261 1688 1311 ἐπὶ
1719 1258 1839 1311 δυσὶ

272 1358 651 1410 στασιαστικόν
707 1374 763 1408 τε
815 1360 906 1408 καὶ
957 1357 1195 1426 μάχιμον
1248 1358 1595 1424 ἐννοήσαιεν,
1652 1356 1750 1414 τάς
1793 1352 1840 1404 θ’

268 1448 606 1516 ἑκατέρωθεν
646 1448 934 1511 ἐπιϐουλὰς
974 1449 1066 1499 καὶ
1093 1449 1186 1509 τὰς,
1213 1447 1445 1514 ὑποψίας
1468 1448 1584 1507 ἐνὸς
1626 1448 1717 1496 ἐπὶ
1749 1444 1844 1497 Θά-

265 1557 448 1610 τερον,
480 1542 574 1593 καὶ
600 1541 753 1602 τέλος
783 1542 873 1593 τὸν
902 1541 986 1607 ἐφ’
1012 1540 1091 1592 ἐνὶ
1119 1540 1362 1593 κίνδυνον
1388 1538 1537 1606 παρὰ
1562 1536 1653 1589 τοῦ
1703 1553 1843 1605 κρα-

263 1633 554 1699 τήσαντος,
590 1632 883 1696 διεφώνουν
913 1635 1003 1682 καὶ
1030 1631 1397 1699 ἀπηγόρευον.
1442 1626 1593 1680 Εἶναι
1620 1629 1724 1696 γὰρ
1746 1628 1843 1692 τὴν

265 1722 547 1783 βασιλείαν
602 1723 700 1774 καὶ
765 1720 938 1781 ἄλλως
984 1720 1171 1787 χρῆμα
1219 1719 1319 1787 μὲν
1370 1718 1597 1787 ὀρεκτὸν
1628 1714 1843 1770 καὶτοῦ

264 1813 471 1873 παντὸς
498 1813 673 1876 ἄξιον,
710 1811 1010 1865 ὑποπτικδν
1036 1810 1092 1862 δ’
1120 1810 1315 1872 ἄλλως,
1338 1808 1480 1863 ὥστε
1513 1809 1606 1861 καὶ
1648 1810 1718 1876 μὴ
1751 1803 1845 1861 οἷ-

265 1921 362 1957 σαν
388 1903 597 1956 κακίαν
626 1903 1033 1967 εἰδωλοποιῆσαι
1060 1900 1147 1952 διὰ
1174 1900 1269 1968 τὴν
1289 1900 1522 1967 ὑποψίαν
1551 1902 1643 1950 καὶ
1659 1894 1844 1961 οὖσαν,

266 1995 511 2066 μετιέναι
544 1994 981 2063 παρασκευάζειν
1002 1995 1091 2046 τὸν
1127 1994 1218 2044 ἐπὶ
1249 1993 1345 2060 τῆς
1375 1992 1565 2060 ἀρχῆς,
1595 1991 1669 2053 ὡς
1697 1990 1843 2042 οὑτω

267 2090 430 2155 μόνος
462 2087 721 2155 ἀσφαλῶς
755 2085 1160 2155 βασιλεύσοντα,
1197 2088 1261 2138 ἂν
1301 2085 1395 2137 καὶ
1453 2085 1520 2135 τὰ
1582 2081 1655 2153 μὴ
1714 2082 1842 2134 ὄντα

265 2180 448 2251 μετίῃ.
488 2174 557 2249 ’ῼ
584 2181 639 2233 δέ
669 2198 752 2243 τις
802 2180 936 2249 πρὸς
972 2179 1143 2231 ταῦτα
1185 2179 1276 2230 καὶ
1329 2176 1689 2229 ὑποστέ).λοιτ’
1752 2176 1843 2238 ἄν,

268 2271 338 2339 τῷ
362 2274 444 2340 μή
476 2288 615 2323 τισιν
644 2271 825 2329 ἄδικος
857 2270 1006 2335 δόξαι
1055 2272 1121 2338 τῇ
1178 2269 1446 2338 μοναρχίᾳ
1501 2267 1841 2334 ἐπιθέμενος,

265 2358 431 2426 σοφόν
465 2378 585 2411 τινα
636 2360 791 2426 λόγον
822 2359 915 2411 καὶ
954 2360 1183 2412 παλαιὶν
1242 2360 1307 2408 ἐκ
1354 2356 1657 2424 τραγῳδίας
1706 2350 1843 2407 εἶναι

262 2450 349 2500 τὸν
388 2448 715 2518 ἐξιιροῦντα
746 2450 837 2501 τὸν
868 2450 958 2501 ἐπὶ
987 2454 1049 2517 τῇ
1073 2450 1196 2515 δόξῃ
1236 2450 1333 2517 τῆς
1365 2448 1573 2508 ἀδικίας
1633 2448 1841 2516 μῶμον,

264 2538 517 2605 λέγοντα,
554 2540 712 2608 εἴπερ
734 2541 939 2591 ἀὸ;κεῖν
966 2541 1093 2603 δέοι,
1135 2541 1275 2609 ὑπὲρ
1325 2540 1640 2609 τυραννίδος
1709 2540 1844 2591 κάλ-

278 2712 594 2783 Palaeologi,
625 2718 693 2769 de
717 2719 877 2791 cujus
905 2727 960 2771 et
983 2720 1247 2785 sapientia
1281 2728 1333 2771 et
1362 2719 1604 2772 bonitate
1652 2729 1701 2772 et
1737 2718 1846 2771 for-

266 2806 510 2860 titudine
567 2810 723 2875 plene
778 2810 880 2862 sibi
947 2811 1193 2875 persuasi
1263 2808 1621 2872 ridebantur;
1672 2820 1847 2872 eoque

271 2908 553 2950 momento
585 2900 727 2951 haud
760 2900 919 2951 dubie
954 2898 1364 2967 propendebant
1397 2902 1450 2953 in
1466 2916 1583 2951 eam
1610 2888 1843 2966 partem,

266 3002 385 3054 qua:
439 2987 533 3041 tali
589 3000 804 3057 tamque
858 2990 1086 3053 probato
1154 3001 1206 3044 et
1258 2999 1447 3057 parato
1507 2988 1846 3057 imperatori,

272 3088 379 3133 tam
416 3080 596 3133 fausta
620 3089 675 3133 et
697 3081 952 3148 optabilia
999 3093 1108 3134 tum
1146 3082 1477 3149 promittenti
1507 3093 1616 3134 tttm
1655 3083 1849 3135 idoneo

269 3183 558 3236 pra'stare,
605 3182 806 3223 certam
839 3184 891 3225 et
918 3182 1234 3241 perpetuam
1286 3174 1461 3225 collati
1486 3173 1597 3237 jam
1629 3174 1851 3225 honoris

270 3263 676 3329 possessionem
704 3265 1121 3330 OptabatJidem
1151 3275 1326 3318 tamen
1353 3266 1441 3319 ubi
1466 3267 1658 3318 deinde
1692 3280 1850 3331 repu-

273 3360 464 3409 tabant
496 3372 676 3409 secum
708 3371 874 3425 quam
906 3356 1218 3425 tranquilla,
1264 3371 1515 3417 concors,
1547 3370 1575 3407 a
1612 3356 1848 3410 dissitiiis

270 3454 322 3499 ct
369 3445 698 3500 factionibus
743 3460 929 3499 secura
976 3448 1332 3511 seiunctaque
1378 3446 1451 3497 sit
1494 3446 1850 3520 singularitas

272 3539 636 3604 imperantis;
663 3556 690 3591 c
722 3540 997 3592 contrario
1033 3554 1191 3604 quam
1349 3538 1533 3601 intida,
1556 3539 1849 3602 instabilis,

270 3634 335 3682 ad
400 3630 666 3692 rixarum,
710 3631 1033 3683 seditionum
1102 3641 1156 3683 et
1220 3631 1454 3683 civilium
1520 3630 1848 3683 tumultuum

270 3731 513 3785 praesens
547 3720 846 3785 periculum
869 3718 1116 3783 exposita
1142 3719 1213 3773 sit
1241 3720 1470 3771 duorum
1508 3721 1558 3772 in
1613 3736 1716 3771 uno
1748 3725 1849 3771 im-

274 3814 430 3879 perio
469 3814 725 3873 Societas,
764 3827 881 3877 qua:
925 3812 1179 3879 utrinque
1224 3812 1456 3873 insidite,
1506 3827 1625 3880 qua}
1670 3812 1850 3879 snSpio

272 3907 480 3965 ciones,
514 3919 631 3971 qua:
661 3904 1090 3957 machinationes
1120 3906 1544 3972 uniuscujusque
1579 3907 1629 3957 in
1686 3921 1852 3958 aemu-

272 3993 405 4051 lIllll,
443 3996 507 4046 all
540 4008 840 4047 exrcmnm
888 4011 1004 4061 qua:
1052 3996 1231 4048 clades
1297 4010 1567 4063 quamth
1615 3995 1851 4060 tragicus

275 4089 464 4138 exitus
488 4094 707 4137 maneat
740 4086 1174 4147 imbecilliorem,
1219 4098 1500 4155 postquam
1556 4086 1847 4152 potentiori

272 4191 368 4230 aut
395 4176 629 4231 feliciori
661 4178 1023 4241 succubuerit,
1069 4180 1200 4241 lure,
1253 4177 1470 4244 inqttatu
1502 4218 1515 4241 ,
1547 4180 1851 4246 cogitantes

277 4270 611 4324 revocabant
645 4271 1086 4339 damnahantque
1122 4278 1240 4323 vota
1272 4270 1362 4323 illa
1407 4286 1503 4323 sua
1530 4281 1585 4324 et
1629 4270 1852 4323 consilia

275 4362 483 4428 priora,
537 4362 631 4415 toti
662 4361 917 4415 videlicet
941 4362 1103 4416 deﬁxi
1132 4362 1185 4415 in
1220 4363 1453 4432 imagine
1508 4363 1852 4416 miseriarum

277 4454 495 4519 imperii
528 4452 815 4510 discordis.
869 4452 1183 4508 Existimari
1247 4456 1442 4523 quippe
1494 4455 1651 4525 vulgo
1686 4457 1855 4522 impc-

277 4548 419 4597 rium
473 4559 583 4596 rem
619 4544 670 4597 in
705 4544 891 4611 primis
920 4545 1260 4613 expetibilem
1290 4556 1344 4600 et
1376 4549 1665 4615 quantovis
1718 4548 1853 4602 bene

1946 714 2104 782 ἐπῄει
2138 728 2150 741 ·
2211 712 2304 763 καὶ
2366 709 2519 776 παρὰ
2562 708 2735 762 ταῦτα
2801 709 2897 778 μὲν
2954 708 3182 776 πλησίον
3220 702 3360 777 ἦσαν
3420 705 3511 759 τοῦ

1945 801 2222 869 πράττειν,
2249 801 2452 853 τούτων
2477 801 2531 852 δὲ
2582 800 3023 869 προσκρουόντων
3049 802 3172 861 τοὺς
3224 798 3515 868 λογισμοὺς

1943 891 2104 961 ἀργοὶ
2134 891 2268 960 πρὸς
2299 874 2359 942 τε
2385 892 2516 960 δρᾷν
2551 887 2709 957 ἦσαν,
2759 891 2863 944 κᾶν
2892 892 3005 943 ὅσοι
3045 893 3139 943 καὶ
3180 888 3381 958 ὥρμων
3427 890 3515 940 λέο

1945 1001 2082 1050 γειν.
2111 984 2255 1053 Νικᾷ
2283 985 2325 1035 δ’
2350 986 2497 1052 ὅμως
2528 984 2590 1037 τὸ
2617 984 2901 1052 μόρσιμον.
2952 984 3059 1036 Καὶ
3100 982 3195 1035 τοῦ
3262 982 3360 1049 μὲν
3416 981 3516 1051 τὴν

1946 1076 2119 1146 ἀρχὴν
2189 1078 2513 1145 ἐγχειρίζειν
2575 1077 2767 1144 ἐκείνῳ
2837 1076 2887 1126 oi
2939 1075 3182 1127 πλεῖστοι
3243 1075 3510 1141 γίνονται,

1946 1169 2040 1219 καὶ¹
2079 1168 2264 1236 σχεδὸν
2289 1168 2531 1242 πάντεςέ
2551 1170 2700 1237 ὅμως
2730 1170 2773 1222 δ’
2809 1170 3078 1237 ἐμπεδοῦν
3097 1173 3211 1233 τοῖς
3244 1169 3516 1238 φρικώδε-

1949 1276 2031 1311 σιν
2061 1260 2263 1329 ὅρκοις,
2303 1261 2492 1325 ἀραῖον
2544 1261 2687 1329 ἐχειν
2719 1263 2855 1330 ὑπὲρ
2885 1262 3113 1331 θατέρου
3152 1264 3381 1331 θάτερον
3420 1260 3514 1313 τοῦ

1952 1354 2025 1421 μή
2047 1369 2099 1404 τι
2134 1352 2305 1403 δεινὸν
2334 1352 2726 1420 βουλεύσασθαι
2765 1357 2883 1406 κατ’
2937 1356 3182 1425 ἀλλήλων
3247 1356 3371 1417 τοὺς
3426 1353 3520 1423 βα·-

1951 1442 2151 1503 σιλὲας.
2181 1444 2288 1495 τῶν
2315 1443 2539 1497 εἰκότων
2581 1447 2863 1512 ἐνόμισαν.

1952 1556 2017 1626 β’.
2052 1556 2251 1621 Ὅπως
2295 1558 2551 1611 ἀνίεσαν
2598 1561 2703 1610 τὸν
2762 1561 3176 1628 Παλαιολότον
3204 1559 3375 1630 ,ἀρῶν
3423 1552 3519 1620 αἷς

2582 1630 2885 1683 ὑπέκειτο.

2022 1713 2107 1786 [Ρ.
2120 1714 2212 1783 60]
2231 1714 2489 1785 Ἐτοίμως
2500 1718 2547 1769 δ’
2560 1717 2801 1788 ἀφῄρουν
2819 1720 2983 1771 καὶτὸ
3000 1719 3190 1771 δοκοῦν
3214 1720 3324 1781 τοῖς
3347 1736 3518 1785 πρατ-

1951 1810 2196 1876 τομένοις
2246 1809 2638 1875 προσίστασθαι
2672 1814 2858 1879 ἐφέσει
2894 1812 2986 1864 τοῦ
3020 1810 3194 1865 ταετα
3241 1812 3516 1879 γενέσθαι.

1965 1899 2053 1962 Ὠς
2102 1903 2210 1971 γὰρ
2265 1902 2323 1955 αἱ
2373 1905 2650 1971 γεγονυῖαι
2706 1904 2987 1958 συνθεσίαι
3029 1905 3124 1957 τοῦ
3154 1906 3518 1972 Παλαιολόγου

1871 1976 1913 2034 Β
1950 1993 2083 2061 πρὸς
2114 1992 2204 2044 τὸν
2230 1997 2449 2047 πάππον
2474 1995 2568 2048 τοῦ
2602 1995 2862 2064 βασιλέως
2887 2000 2981 2050 καὶ
3011 2000 3066 2051 αἱ
3096 1997 3164 2049 δι’
3190 1998 3513 2066 ἀφορισμῶν

1943 2082 2347 2155 ἐμπεδώσεις,ἧ
2374 2087 2480 2155 μὴν
2494 2087 2566 2156 μή
2587 2105 2635 2139 τι
2661 2090 2797 2140 κατὰ
2815 2088 3113 2155 τοῦγένους
3129 2089 3222 2145 τοῦ
3246 2088 3535 2157 βασιλείου

1948 2172 2362 2242 βουλεύσασθαι,
2387 2178 2537 2247 παρὰ
2561 2196 2667 2231 των
2689 2180 3085 2248 προὺτείνοντο,
3108 2180 3182 2240 ὡς
3219 2181 3363 2232 ἰστὸν
3413 2181 3514 2248 ἀρ-

1945 2264 2112 2334 άχνης
2134 2266 2161 2316 ό
2185 2267 2290 2318 τῶν
2326 2270 2627 2337 ἀρχιερέων
2657 2270 2914 2336 σύλλογος
2946 2273 3043 2330 τὰς
3073 2270 3348 2340 συνθήκας
3374 2270 3518 2321 ὲκεί-

1946 2371 2041 2416 νας
2098 2356 2328 2411 διέλυον.
2379 2359 2470 2427 Μὴ
2513 2360 2621 2428 γὰρ
2678 2357 2819 2414 εἶναι
2878 2361 2936 2412 τὸ
2981 2360 3223 2412 τοιοῦτον
3252 2362 3393 2414 κατὰ
3422 2362 3518 2412 τοῦ

1950 2444 2323 2514 βασιλεύοντος
2349 2451 2607 2503 κάκιστον
2639 2451 2938 2520 βούλευμα,
2964 2454 3099 2507 ἀλλὰ
3140 2453 3341 2521 μᾶλλον
3376 2469 3509 2504 συνο

1948 2539 2138 2607 εργίαν
2158 2540 2256 2607 τῆς
2280 2540 2555 2608 βασιλείας
2577 2545 2675 2595 καὶ
2694 2546 3020 2612 συντήρησιν
3051 2544 3349 2613 ἁδιαδοχον,
3372 2545 3517 2597 κατὰ

1950 2719 2251 2773 subsidium
2283 2720 2595 2776 ambitionis
2620 2734 2806 2778 contra
2863 2724 3259 2780 humanitatem
3310 2737 3462 2782 vetus
3487 2744 3519 2781 e

1953 2815 2212 2878 tragoedia
2236 2815 2535 2879 oraculum,
2573 2834 2682 2885 quo
2712 2820 2962 2880 edicitur,
2997 2821 3043 2874 si
3088 2821 3176 2888 jus
3205 2821 3515 2875 violandmn

1953 2920 2187 2972 unquam
2213 2907 2304 2971 sit,
2339 2908 2562 2961 minime
2594 2913 3002 2979 vituperabilem
3030 2922 3084 2966 et
3123 2915 3360 2968 maxime
3379 2926 3517 2967 tent-

1952 2997 2211 3064 pes:ivam
2234 2996 2351 3062 ejus
2397 2999 2628 3053 violandi
2653 3020 2873 3058 causam
2922 3020 3045 3059 esse
3089 3005 3303 3075 plenam
3336 3007 3386 3060 in
3426 3023 3518 3062 so-

1952 3088 2118 3141 lidum
2176 3092 2594 3160 acquisitinnem
2649 3110 2921 3163 supremae
2960 3101 3305 3152 auctoritatis
3342 3117 3355 3153 :
3389 3101 3515 3153 talia

1954 3191 2281 3247 reputantes,
2308 3193 2362 3237 et
2392 3199 2509 3251 qua:
2538 3201 2605 3239 ex
2642 3187 2757 3240 istis
2818 3205 3045 3256 pronmn
3080 3202 3196 3243 erat
3222 3193 3375 3260 sequi
3405 3210 3518 3245 me-

1875 3310 1919 3371 Ο
1956 3282 2186 3338 tuentes,
2218 3275 2575 3330 ecclesiastici
2607 3295 2859 3345 proceres
2887 3282 3089 3350 impelli
3118 3298 3179 3337 se
3212 3283 3520 3338 sentiebant

1956 3366 2021 3418 ad
2053 3367 2341 3421 terendum
2372 3372 2651 3425 ambitioni
2689 3372 2967 3444 i’almologi
2996 3392 3009 3430 :
3047 3391 3237 3430 rursus
3280 3393 3408 3430 vero
3442 3378 3522 3429 itt-

1953 3462 2297 3516 currentibus
2331 3479 2396 3517 ex
2444 3464 2670 3519 adverso
2730 3468 3077 3521 miseratione
3135 3471 3315 3538 pupilli
3364 3473 3520 3541 prin-

1954 3552 2089 3620 cipis
2145 3569 2208 3608 ac
2270 3556 2372 3608 title
2438 3558 2488 3608 in
2544 3562 2761 3610 domum
2822 3562 3146 3629 Angustam,
3211 3578 3405 3631 segnes
3453 3563 3521 3616 ad

1954 3646 2245 3711 agendum,
2311 3648 2444 3700 muti
2501 3652 2666 3701 etiam
2725 3652 2789 3703 ad
2834 3652 3155 3719 loquendum
3215 3671 3334 3722 qua:
3384 3671 3523 3722 opus

1954 3745 2108 3787 erant
2150 3737 2539 3793 reddebantur.
2574 3741 2715 3794 Vit-it
2774 3753 2951 3798 tamen
3007 3746 3188 3799 divina
3243 3748 3524 3815 pra'desti-

1957 3827 2101 3879 natio
2128 3829 2546 3896 quaeimperium
2582 3832 2828 3887 Micbacli
2880 3837 3278 3903 ἀθενοηιιοινηε
3308 3856 3429 3891 nam
3454 3840 3522 3892 ad

1956 3918 2080 3970 huic
2116 3919 2399 3987 imperium
2422 3924 2820 3978 decernendum
2851 3927 3235 3997 plerorumqne
3264 3946 3325 3983 ac
3352 3932 3522 3984 ferme

1954 4010 2496 4066 ninniumsentcntize
2515 4018 3243 4085 tonspitarunt.Anpositum
3267 4020 3317 4072 id
3342 4031 3520 4074 tamen

1954 4098 2008 4152 in
2046 4111 2282 4154 nmtuam
2325 4104 2586 4157 cautelam
2622 4109 2896 4161 communi
2945 4125 3210 4163 consensu
3258 4121 3523 4179 letttpcrtt-

1957 4204 2193 4246 mentum
2213 4193 2320 4263 95
2336 4206 2439 4258 est,
2459 4208 2512 4248 ut
2536 4200 2697 4252 ambo
2725 4202 2997 4269 principes
3019 4203 3343 4271 juramentis
3360 4219 3521 4271 quam

1954 4284 2190 4337 maxime
2218 4287 2523 4350 horrendis,
2559 4289 2692 4342 diris
2723 4290 2886 4343 etiam
2936 4293 3372 4347 exsecrabilibus
3426 4295 3523 4346 ad-

1956 4375 2106 4439 ditis,
2141 4376 2515 4444 obligarentur
2540 4379 2606 4432 ad
2646 4380 2802 4435 ﬁdem
2828 4383 3057 4438 invicem
3088 4402 3102 4431 t
3124 4385 3526 4455 baritatemqne

1958 4470 2319 4534 praestandam
2351 4470 2847 4541 abstinendumque
2878 4490 2905 4526 a
2932 4476 2980 4527 vi
3017 4478 3161 4531 omni
3215 4494 3277 4532 ac
3307 4480 3521 4543 fraude,

1958 4572 2079 4625 qua:
2111 4556 2164 4611 in
2197 4559 2512 4615 alterutrius
2538 4564 2839 4631 perniciem
2870 4569 3137 4624 tenderet.

276 4635 455 4703 pretio
513 4636 827 4708 parandam,
877 4634 1173 4700 praesertim
1228 4634 1290 4689 iis
1345 4634 1435 4703 qui
1468 4634 1583 4702 ejus
1634 4646 1847 4703 gustum
1885 4643 1924 4696 ι)

278 4726 614 4794 experiendo
639 4724 1001 4793 perceperint.
1038 4723 1184 4777 Idem
1222 4740 1387 4793 porro
1430 4740 1553 4779 esse
1589 4725 1857 4793 suspicio.

280 4820 554 4871 sissimum
581 4817 889 4885 negotium;
927 4831 1025 4869 nec
1060 4816 1341 4885 quiescere
1381 4832 1614 4885 unquam
1646 4818 1856 4872 animos

281 4912 611 4979 collegarum
649 4908 703 4961 in
736 4923 991 4976 suprema
1023 4917 1313 4977 potestate,
1371 4911 1498 4978 quin
1546 4926 1605 4963 se
1646 4911 1858 4979 inquie-

283 5004 495 5057 tissime
532 5009 818 5068 torqueant
848 5003 997 5055 curis
1033 5001 1209 5055 anxiis
1238 5002 1290 5054 in
1328 5017 1387 5055 se
1429 5003 1655 5056 invicem
1685 5004 1859 5055 inten-

286 5098 379 5159 tis.
432 5094 766 5162 imaginante
834 5108 1160 5160 uooquoque
1217 5093 1283 5147 tle
1343 5094 1451 5147 alio
1505 5094 1857 5149 infestissima

286 5202 540 5255 qumque,
575 5196 629 5238 et
662 5200 815 5252 aique
876 5185 1141 5239 ambobus
1170 5197 1280 5239 tam
1338 5200 1479 5252 saepe
1526 5186 1647 5239 sine
1694 5200 1858 5238 causa

286 5295 447 5347 qnam
482 5291 696 5344 semper
729 5278 848 5330 sine
896 5276 1046 5333 venia
1086 5292 1208 5332 sese
1266 5278 1492 5331 invicem
1538 5277 1855 5331 insidiarum

288 5369 601 5439 capitalium
642 5380 947 5436 suspectos,
1013 5368 1121 5422 imo
1171 5383 1292 5423 reos
1346 5377 1400 5422 et
1432 5369 1709 5425 cenvictos
1764 5369 1859 5424 ha-

291 5460 570 5520 bentibus,
604 5468 766 5526 atque
812 5460 949 5513 adeo
992 5459 1044 5513 in
1089 5460 1191 5513 iSta
1222 5460 1623 5526 inquietissimo
1672 5462 1856 5529 vigilia

264 5550 660 5619 suspicionum
701 5551 981 5603 anxiarum
1019 5562 1072 5604 et
1103 5551 1569 5619 iniquissimarum
1603 5567 1753 5621 spem
1793 5568 1859 5606 ac

296 5646 559 5695 rationem
591 5658 785 5696 secure
820 5643 1079 5712 regnandi
1109 5643 1271 5696 sitam
1332 5660 1452 5697 esse
1508 5644 1853 5698 ducentibus.

296 5736 446 5799 Quod
478 5736 522 5787 si
548 5734 704 5800 cujus
735 5734 873 5788 forte
908 5750 937 5787 a
979 5735 1029 5788 vi
1053 5735 1316 5790 scelerata
1355 5735 1685 5805 perlidisque
1713 5737 1860 5790 frau-

295 5824 455 5878 dibus
486 5827 539 5877 in
598 5825 857 5894 collegam
920 5824 1211 5879 abhorreat
1273 5826 1507 5889 animus,
1559 5837 1612 5879 et
1660 5825 1855 5879 famam

299 5914 631 5971 crudelitatis
681 5915 895 5985 injustas
952 5925 1221 5982 vereatur,
1278 5925 1526 5970 occurret
1560 5916 1743 5970 statim
1802 5919 1854 5969 in

1957 4688 2012 4742 2.
2054 4686 2119 4742 Ut
2144 4687 2797 4771 Palwolognniantistites
2825 4699 3070 4755 solverint
3121 4701 3440 4771 juramemis
3472 4714 3521 4759 et

2421 4768 2552 4818 diris
2592 4768 2776 4838 quibus
2806 4773 3096 4826 tenebatur.

2032 4903 2184 4958 Sacri
2219 4918 2380 4972 porro
2416 4905 2705 4971 antistites,
2745 4907 2990 4963 bteclieri
3020 4909 3172 4965 valde
3205 4910 3525 4964 desideran-

1961 5004 2064 5056 tes.
2113 4998 2270 5051 lacile
2320 4999 2682 5054 dissolvcrunt
2718 5018 2836 5068 qua:
2894 5003 3132 5069 ipsorum
3186 5005 3525 5060 exsecutioni

1960 5091 2178 5143 obstare
2216 5090 2538 5145 videbantur
2596 5109 2610 5144 :
2671 5093 2936 5159 siquidem
2994 5108 3061 5146 ne
3124 5109 3317 5146 novum
3372 5094 3526 5162 jura-

1963 5190 2204 5233 tnentum
2279 5183 2378 5235 rite
2437 5197 2466 5234 a
2549 5182 2851 5252 Palwologo
2895 5185 3314 5252 conciperetur,
3377 5186 3526 5237 vide-

1962 5272 2119 5324 batur
2161 5273 2381 5326 obstare
2415 5274 2588 5326 adhuc
2647 5274 2831 5342 vigens
2876 5275 3061 5342 religio
3117 5275 3319 5328 veteris
3353 5275 3524 5342 juris-

1957 5366 2199 5435 jurandi.
2252 5381 2358 5432 quo
2400 5365 2487 5418 ille
2532 5379 2631 5418 avo
2669 5367 2820 5435 pueri
2869 5367 3126 5434 principis
3182 5368 3380 5419 dudum
3438 5383 3525 5421 sa-

1962 5468 2245 5513 cramento
2290 5458 2445 5511 tidem
2523 5458 2824 5523 addixerat,
2889 5476 2992 5513 tton
3049 5461 3102 5512 in
3161 5462 3328 5528 ipsius
3404 5470 3526 5513 tan-

1963 5549 2239 5604 tummodo
2301 5565 2608 5618 personam,
2671 5552 2764 5603 sed
2807 5550 2859 5602 in
2913 5550 3135 5619 stirpem
3182 5552 3423 5618 ejusdem
3465 5568 3527 5604 ac

1967 5653 2231 5711 posteros,
2267 5643 2466 5695 additis
2523 5642 2685 5696 etiam
2730 5641 3161 5708 anathematum,
3215 5645 3259 5698 si
3296 5644 3524 5705 falleret,

1920 5737 2419 5788 *incurrcndorum
2475 5734 2857 5789 devotionibus
2886 5751 2951 5787 ac
3010 5736 3169 5790 diris.
3201 5735 3330 5802 Qua:
3382 5754 3525 5791 nunc

1961 5828 2140 5879 omnia
2172 5839 2345 5880 ecutos
2371 5825 2664 5894 prtesnlutn
2688 5833 2758 5889 .ut
2793 5826 2929 5881 telas
2985 5842 3306 5883 aranearum
3354 5828 3529 5882 disru-

1962 5921 2040 5988 pll
2101 5934 2165 5973 ac
2212 5919 2339 5973 fecit
2399 5918 2594 5987 irrita,
2658 5933 2857 5990 magno
2900 5934 3168 5975 consensu
3220 5918 3525 5985 declarans,
