3952 6540
469 402 568 467 531

1682 382 1998 470 euanuit
2039 403 2520 465 PACHYMER/E

3582 404 3671 468 532

464 512 659 583 καιρὸν
687 514 1075 586 συναιρομένου
1125 516 1222 585 τῆς
1266 516 1442 588 ἀρχῆς
1495 515 1573 587 τῷ
1617 517 1722 588 νέῳ
1770 518 1868 585 τῆς
1914 515 2041 587 βοη-
2069 514 2117 576 Α
2145 515 2264 584 νήν.
2292 516 2350 567 El
2377 516 2421 568 δ’
2446 508 2559 578 οὖν,
2585 512 2700 567 ἀλλ’
2732 510 2884 566 οὐδὲν
2936 511 3004 566 ἂν
3044 509 3340 580 καταγνοίη
3385 527 3462 573 τις
3515 516 3677 580 μεῖζον

465 591 616 666 θείας
644 604 922 676 χρῄζοντι.
962 608 1416 670 Τὰς.τοὺντεῦθεν
1445 609 1501 663 δὲ
1542 613 1650 664 τῶν
1681 608 1865 678 ὅρκων
1895 625 2030 677 συμο

465 694 653 757 ϐάσεις
676 698 769 750 ἐπὶ
795 697 1048 752 τοσοῦτον
1077 701 1136 753 τδ
1169 701 1386 771 ίσχυρδν
1440 700 1583 772 ἔχειν
1610 702 1701 755 καὶ
1749 701 2030 754 ἀδιάλυτον

465 785 604 839 ὥστε
629 789 840 852 καὶτὰς
887 794 1156 860 προτέρας
1203 795 1440 845 συνεῖναι
1496 792 1742 855 ταύταις,
1793 791 1868 855 ὡς
1937 790 2031 843 καὶ

463 877 803 947 ἀμφοτέραις
832 881 923 933 τὸν
978 882 1343 950 Παλαιολόγον
1390 882 1696 952 ἐνέχεσθαι,
1745 883 1798 935 εἴ
1837 898 1929 934 ποι
1953 881 2031 950 τῷ

464 969 567 1036 νέῳ
627 969 982 1025 ἐπιϐουλεύοι.
1047 974 1122 1025 Οὔ
1179 973 1283 1044 μὴν
1331 974 1386 1026 δὲ
1425 974 1558 1029 ἀλλά
1599 974 1692 1027 καὶ
1748 973 2030 1044 ἀντιστρό-

467 1076 582 1126 φως
645 1061 828 1132 ἐζήτει
871 1065 970 1134 τὴν
1014 1065 1166 1132 ’ἀρὰν
1215 1065 1456 1118 τίθεσθαι
1508 1067 1603 1118 καὶ
1660 1066 1787 1128 τοὺς
1835 1067 2031 1135 ὅρκους

465 1151 732 1218 γίνεσθαι,
767 1154 820 1206 εί
844 1173 935 1208 ποι
975 1157 1070 1209 καὶ
1115 1159 1143 1208 6
1189 1157 1308 1220 νέος
1349 1157 1474 1216 κατῗ
1515 1156 1679 1210 αὑτοῦ
1731 1151 2031 1227 μελετήσας

464 1240 839 1311 διαπράξοιτο,
870 1247 944 1303 ὡς
968 1247 1027 1313 ἐξ
1051 1246 1294 1316 ἀνάγκης
1338 1249 1451 1309 τοῖς
1493 1248 1676 1307 αὐτοῖς
1727 1245 2028 1316 ἐνέχεσθαι.

466 1334 757 1402 Προϐαίνει
779 1338 973 1400 ταῦτα,
998 1339 1092 1390 καὶ
1121 1333 1360 1409 γραφαῖς
1389 1339 1436 1391 οί
1492 1339 1642 1407 ὅρκοι
1697 1337 2034 1405 κατοσφαλί-

462 1423 666 1488 ζονται.
697 1428 804 1479 Καὶ
831 1431 859 1480 ὀ
891 1429 1118 1499 γράφων
1146 1432 1174 1482 6
1201 1431 1282 1492 είς
1329 1429 1791 1501 πρωτασηκρῆτις
1841 1444 2035 1495 τεταγ-

464 1517 624 1585 μένος
651 1520 832 1584 Κακὸς
851 1516 942 1593 ἦν.

458 1681 532 1743 γ’.
575 1679 761 1754 parum
789 1679 1051 1754 Qua-ver
1093 1682 1201 1754 καί,
1243 1683 1339 1737 ἐπ’
1359 1684 1718 1754 ἀμφοτέροις
1746 1684 2030 1752 δουλείας

565 1745 748 1815 ὅρκον
787 1745 1080 1820 Ῥωμαῖοι,
1108 1753 1209 1807 καί
1245 1753 1316 1807 ἐν
1345 1745 1542 1823 ποίοις
1567 1745 1920 1826 διορὶσμοῖς.

2139 606 2248 659 τῶν
2277 604 2450 660 ταῦτα
2475 605 2818 676 πραττόντων
2844 603 2878 674 ἢ
2912 604 2973 657 τδ
3004 603 3297 674 ἐμφυλίους
3335 587 3589 672 πολέμους
3612 607 3678 676 τῷ

2139 697 2303 768 κοινῷ
2356 700 2659 766 προξενεῖν,
2701 697 2755 750 εί
2789 713 2920 750 ποτε
2971 696 3128 750 τοῦτο
3197 695 3456 766 συμϐαίη.
3510 696 3678 766 Ὅμως

2139 789 2313 842 ἐδόκει
2338 789 2533 852 ταῦτα,
2559 789 2654 844 καὶ
2679 791 2760 851 εἰς
2775 788 2936 860 ἔργον
2965 788 3032 840 τά
3053 786 3410 857 βουλευόμενα
3433 786 3678 856 προῦϐαι-

2138 896 2250 934 νον.
2287 881 2462 948 Χεῖρα
2512 879 2801 949 τοιγαροῦν
2847 877 3082 942 ἐτίθουν,
3118 877 3214 931 καὶ
3260 877 3484 930 ἐπὶτῶν
3532 878 3681 946 ἀγίων

2139 971 2490 1040 Εὐαγγελίων
2517 965 2796 1042 ὥμνυον,ἦ
2822 970 2928 1043 μὴν
2959 971 3055 1025 καὶ
3088 969 3420 1040 ἀμφοτέροις
3437 966 3684 1021 δουλεύειν

2137 1063 2234 1116 καὶ
2260 1063 2414 1117 ταῦτ’
2445 1063 2709 1118 ἐκτελεῖν.

2136 1181 2200 1236 δ’.
2233 1181 2434 1246 Ὅπως
2466 1178 2706 1248 ὤμνυεν
2744 1179 2778 1232 ό
2821 1177 3236 1248 Παλαιοέόγος
3280 1171 3379 1225 ἐπὶ
3417 1169 3495 1235 τῷ
3537 1170 3684 1224 παιδί

2627 1247 2727 1302 καὶ
2759 1249 2814 1300 οἱ
2837 1243 3216 1314 μεγιστᾶνες.

2210 1343 2360 1405 Τέως
2402 1341 2449 1393 δ’
2501 1342 2536 1411 ἡ
2585 1341 2752 1412 κυρία
2795 1339 3006 1409 παρῆν,
3059 1337 3183 1407 ἥτις
3224 1329 3316 1406 ἦν,
3347 1333 3424 1396 ὡς
3474 1332 3683 1405 ὲρῤήθη,

2146 1433 2621 1503 Ἑκατομϐαιῶνος
2653 1431 2944 1502 νουμηνία.
2969 1430 3082 1485 Καὶ
3103 1428 3322 1499 πρῶτος
3359 1425 3517 1488 αὐτὸς
3551 1427 3578 1477 6
3614 1426 3686 1487 είς

2138 1522 2414 1594 βασιλείαν
2439 1521 2908 1593 προϐιϐαζόμενος
2940 1519 3156 1590 ὤμνυεν
3175 1517 3316 1588 ὑπὲρ
3375 1513 3470 1569 τοῦ
3516 1514 3686 1578 παιδὸς

2137 1613 2205 1667 τά
2245 1613 2432 1667 εἰκότα
2483 1614 2580 1667 καὶ
2620 1611 2912 1684 βασιλέως,
2953 1612 3094 1681 πλὴν
3119 1610 3218 1680 οὐχ
3278 1608 3357 1672 ὡς
3411 1606 3688 1660 δουλεύσων

2137 1709 2253 1764 ἀλλ’
2281 1707 2357 1770 ὡς
2387 1705 2813 1776 συμϐουλεύσων
2836 1706 3034 1774 ἐκείνῳ
3059 1705 3152 1758 καὶ
3199 1702 3370 1774 μηδὲν
3416 1701 3690 1770 ἀνήκεστον

2143 1799 2451 1868 μελετήοων
2479 1797 2598 1852 κατ’
2614 1797 2928 1869 ἐπιϐουλήν.
2975 1797 3211 1866 Ὄμνυον
3233 1794 3288 1848 δὲ
3319 1793 3414 1846 καὶ
3451 1793 3500 1844 οί
3547 1807 3684 1860 μεγι-

536 1880 621 1953 [Ρ.
649 1882 740 1952 61]
771 1885 1038 1940 Τάττεται
1072 1887 1130 1940 δὲ
1171 1889 1408 1953 καὶτοὺς
1435 1892 1767 1959 ὁπουδήποτε
1790 1893 2035 1961 τῆςῬω-
2065 1869 2108 1924 Β
2138 1891 2349 1951 στᾶνες,
2403 1889 2499 1941 καὶ
2553 1889 2628 1950 ὡς
2667 1887 3050 1949 δουλεύσοντες
3097 1885 3449 1954 ἀμφοτέροις,
3493 1882 3582 1934 καὶ
3622 1879 3689 1942 ὡς

462 1975 653 2042 μαῖδος
688 1976 908 2046 ὀμνύειν
943 1980 1031 2032 ἐπ’
1059 1980 1388 2050 ἀμφοτέροις
1435 1985 1598 2053 ὅρκον
1630 1985 1872 2049 δουλείας
1897 1986 2037 2040 κατά

457 2066 521 2118 τὸ
576 2067 838 2138 σύνηθες·
874 2070 1012 2141 πλὴν
1051 2074 1402 2142 προσέκειντο
1438 2076 1549 2137 τοῖς
1603 2074 2037 2145 συντεθειμένοις

359 2225 362 2228 ,
464 2159 553 2217 ἐπ’
581 2161 850 2232 ἀσφαλείᾳ
880 2163 974 2215 καὶ
1002 2164 1330 2234 ἀμφοτέρων
1369 2161 1647 2236 μείζονι,ἦ
1683 2166 1792 2236 μὴν
1821 2167 2036 2235 ἕτοιμον

463 2247 602 2304 εἶναι
628 2251 690 2304 τὸ
717 2252 959 2322 ὑπήκοον
980 2253 1067 2305 ἐπ’
1099 2254 1309 2307 ἐκεῖνον
1338 2256 1516 2325 ὀρμᾷν
1544 2254 1758 2326 φονώσῃ
1788 2258 1956 2326 χειρὶ,
1975 2257 2035 2320 δς

460 2344 528 2397 ἃν
549 2343 924 2399 ὲπιϐουλεύσοι
955 2347 1187 2418 θατέρῳ.
1209 2347 1587 2417 Ὠρκωμότουν
1614 2346 1722 2416 γὰρ
1762 2349 1899 2416 μετά
1923 2347 2031 2402 τῶν

460 2436 637 2492 ἀλλων
667 2437 761 2489 καὶ
785 2437 964 2503 τοῦτο,
996 2438 1137 2492 κατὰ
1160 2439 1345 2507 φόϐον,
1371 2434 1546 2509 οἶμαι,
1574 2439 1607 2510 ἢ
1639 2437 1828 2511 χρείαν
1843 2438 2034 2509 ἀληθι-

463 2616 606 2684 quod
642 2615 756 2668 lieri
815 2613 1181 2685 Palaeologum
1225 2619 1531 2686 contigerat
1568 2618 1887 2689 participem
1923 2619 2028 2674 im-

463 2707 622 2776 ρμτὶἰ,
673 2722 1013 2775 nequaquam
1068 2723 1188 2763 esse
1236 2711 1503 2764 nefarium
1553 2719 1608 2764 et
1654 2711 1777 2766 ﬁdei
1834 2711 2031 2781 iuratae

459 2800 796 2852 contrarium
829 2797 1063 2863 facinus,
1089 2799 1184 2853 sed
1247 2801 1435 2855 utilem
1502 2801 1810 2869 reipublim
1856 2802 2030 2855 colla-

461 2891 659 2944 tionem
715 2905 892 2960 opera!
940 2892 992 2944 in
1042 2893 1240 2945 bomuu
1284 2893 1521 2962 imperii,
1567 2906 1619 2947 et
1661 2895 2031 2948 conservatio-

463 2997 584 3034 nent
642 2983 975 3051 principatus
1008 2983 1057 3038 ei
1111 2987 1177 3037 ad
1210 2999 1369 3052 quem
1416 2987 1482 3040 de
1543 2983 1666 3052 jure
1719 2988 2023 3056 spectabat,

457 3073 576 3126 siue
606 3073 710 3125 ulla
769 3089 864 3142 spe
900 3074 1186 3141 potestatis
1211 3074 1366 3130 istius
1395 3077 1653 3144 precariae
1715 3077 1767 3130 in
1821 3077 2024 3146 prolem

457 3166 801 3219 ειιοιθςείοηο
842 3167 1312 3226 transmittendre:
1351 3183 1471 3236 qua:
1497 3168 1752 3223 salutaris
1805 3179 1916 3223 tum
1945 3170 2023 3224 rei

457 3255 720 3310 Romana:
779 3259 1094 3326 t'ooperatio
1146 3271 1545 3327 peropportuna
1592 3270 1646 3314 et
1702 3262 2012 3315 necessaria

454 3345 805 3413 indicabatur
839 3347 1124 3403 imbecillas
1159 3364 1222 3401 ac
1255 3350 1346 3401 tali
1373 3349 1576 3403 auxilio
1624 3352 1799 3419 egenti
1835 3351 2024 3420 pttpilli

455 3438 726 3507 pueritiae.
760 3437 949 3506 Itaque
984 3439 1115 3493 nihil
1141 3439 1388 3494 obstante
1440 3442 1641 3510 prioris
1692 3442 2024 3498 sacramenti

459 3530 738 3598 religione,
773 3545 969 3583 novum
1012 3533 1385 3599 iuratnentum
1419 3543 1596 3585 ratum
1631 3533 2027 3588 inviolabilem-

457 3639 566 3690 que
619 3622 929 3677 ﬁrmitatem
991 3623 1346 3687 habiturum,
1396 3625 1595 3694 quippe
1653 3642 1775 3680 cum
1831 3636 2023 3680 neutra

459 3713 746 3768 conventio
779 3714 1070 3782 quidquam
1101 3714 1256 3768 alteri
1283 3717 1611 3770 contrarium
1645 3716 1860 3780 habeat,
1890 3733 2028 3786 quo-

461 3805 641 3858 minus
687 3804 860 3858 ambaa
903 3805 1081 3859 valere
1129 3805 1576 3875 simulpossiut;
1627 3809 1766 3860 unde
1812 3806 1926 3860 fore
1974 3815 2030 3860 ut

461 3896 672 3951 duobus
702 3896 956 3965 deinceps
993 3898 1213 3952 totidem
1244 3895 1504 3952 fmderum
1536 3907 1876 3953 sacramento
1908 3913 2031 3951 sau-

457 3991 687 4043 citorum
724 3989 950 4044 vinculis
992 3990 1316 4045 consuictus
1359 3990 1693 4060 Paleologus
1736 3998 2028 4056 teneretur,

459 4092 514 4135 et
547 4081 592 4135 si
629 4081 763 4136 ullas
796 4096 1034 4150 unquam
1069 4081 1286 4151 collega:
1317 4095 1484 4150 puero
1518 4080 1740 4134 insidias
1774 4091 2031 4143 Strueret,

462 4173 690 4242 duplicis
722 4172 944 4242 periurii
977 4187 1102 4226 reus
1131 4173 1289 4226 foret.
1317 4170 1445 4236 Quae
1473 4169 1809 4239 Palasologus
1837 4157 2034 4224 admit-

460 4270 581 4316 teus
624 4261 858 4314 vicissim
902 4261 1057 4328 petiit
1099 4259 1361 4315 devinciri
1402 4270 1592 4314 mutuo
1628 4273 1844 4328 quoque
1881 4260 2035 4327 iura-

463 4363 647 4407 mento
683 4351 749 4405 ad
784 4353 1135 4406 securitatem
1168 4366 1321 4406 suam
1355 4350 1817 4405 adolescentulum
1862 4351 2037 4420 impe-

461 4454 723 4508 ratorem,
758 4444 1109 4510 imprecando
1153 4451 1207 4497 et
1247 4443 1426 4512 ipsum
1470 4441 1573 4496 sibi
1618 4443 1766 4497 diras
1807 4450 1864 4496 et
1905 4457 2038 4495 ana-

464 4538 647 4589 thema
692 4536 875 4589 statim
923 4534 1307 4589 iuevitabiliter
1347 4533 1764 4598 incurrendum,
1797 4537 1841 4589 si
1880 4535 2036 4604 quid-
2069 4553 2113 4609 ι)

467 4641 629 4695 quam
667 4641 902 4696 unquam
941 4625 1204 4680 adversus
1230 4624 1600 4702 ’Palmologum
1638 4626 2041 4681 macltiuaretur

469 4729 561 4772 aut
592 4727 796 4786 ageret.
829 4716 954 4772 Haec
985 4717 1060 4771 uti
1095 4726 1432 4771 convenerat
1461 4726 1876 4786 processerunt,
1907 4732 2044 4771 con-

466 4812 638 4880 ccptis
670 4811 922 4878 utrinque
951 4809 1278 4877 iuramentis
1307 4818 1361 4863 et
1385 4808 1499 4879 96
1529 4825 1587 4864 re
1621 4816 1731 4863 tota
1771 4811 1822 4863 in
1861 4811 2040 4880 publi-

465 4920 560 4956 cas
595 4903 697 4957 rite
732 4903 940 4955 tabulas
977 4900 1141 4954 relata
1178 4899 1245 4953 ad
1278 4903 1593 4955 memoriam
1625 4900 2041 4971 firmitatemque

462 4993 911 5055 irrevocabilem,
947 4990 1222 5046 scribente
1266 4990 1368 5044 ista
1417 4997 1473 5044 et
1514 4990 1841 5046 authenticis
1887 5007 2039 5048 com-

465 5084 748 5139 mentariis
772 5083 1063 5137 mandante
1093 5082 1231 5136 Malo
1267 5082 1386 5147 illo,
1413 5096 1570 5148 quem
1602 5081 1867 5148 diximus,
1898 5085 2041 5137 anti-

465 5189 630 5245 quato
663 5176 813 5242 prius
846 5186 897 5228 et
931 5174 1048 5242 eius
1080 5188 1243 5228 causa
1279 5172 1514 5242 reposito
1546 5173 1704 5242 primi
1746 5189 1775 5227 a
1816 5178 2038 5230 secretis

462 5269 639 5326 ttﬂiCio
667 5270 945 5322 donatum.

469 5383 522 5439 '5.
557 5380 624 5437 Ut
655 5380 930 5450 ﬁdelitatis
950 5381 1312 5452 juramentum
1338 5382 1545 5449 utrique
1574 5381 1798 5450 principi
1813 5381 1874 5435 de
1909 5399 2038 5436 novo

538 5452 924 5575 prwstiterint;
967 5465 1012 5505 et
1047 5452 1233 5521 quibus
1267 5454 1332 5505 de
1367 5469 1496 5506 noro
1535 5453 1733 5506 additis
1782 5453 2042 5507 cautioni-

575 5537 658 5575 us.

575 5537 658 5576 us.

540 5636 787 5691 Edictum
818 5649 1032 5706 quoque
1061 5643 1145 5691 est
1171 5644 1229 5690 ut
1257 5651 1353 5707 per
1375 5652 1564 5701 omnes
1596 5636 1836 5692 Romano
1869 5637 2037 5706 impe-

467 5728 552 5789 rio
589 5726 862 5798 subiectas
894 5727 1144 5796 regiones
1179 5741 1368 5782 omnes
1402 5727 1619 5796 utrique
1654 5729 1854 5798 pariter
1886 5729 2038 5798 prin-

468 5821 571 5896 cipi
601 5828 941 5877 sacramento
967 5819 1120 5876 (idem
1152 5820 1581 5891 obsequiumque
1611 5834 1761 5876 suum
1795 5821 1859 5875 de
1892 5834 2038 5876 more

2136 1979 2473 2048 ἀμυνοῦντες
2504 1977 2725 2042 αὐτίκα,
2753 1978 2820 2048 ἦν
2847 1976 2948 2029 πού
2973 1992 3057 2039 τις
3074 1972 3439 2038 ἐπιϐουλεύοι,
3463 1972 3538 2042 τῷ
3566 1973 3678 2024 ἑπι-

2136 2071 2500 2124 ϐουλευθέντι.
2550 2069 2663 2123 Καὶ
2703 2067 2847 2122 οὕτω
2893 2065 3256 2121 τελεσθέντων
3337 2063 3450 2116 τῶν
3496 2065 3679 2134 ὅρκων,

2134 2163 2320 2218 ἀσπίδι
2351 2161 2597 2232 βασιλικῇ
2625 2160 2860 2223 ὲνιζάνει
2889 2162 2918 2212 6
2955 2161 3035 2222 είς
3071 2156 3174 2228 τὴν
3234 2154 3514 2226 βασιλείαν
3569 2155 3694 2207 ἑτοιο

2137 2253 2467 2324 μαζόμενος,
2495 2253 2710 2320 πρῶτον
2738 2249 2816 2304 τὼ
2847 2249 2976 2303 πόδε
3012 2253 3126 2311 τοῖς
3167 2247 3470 2318 βασιλικοῖς
3511 2245 3694 2314 συμϐόο

2133 2346 2248 2408 λοις
2290 2345 2677 2416 ὲναρμοσθεὶς,
2715 2345 2811 2397 καὶ
2854 2341 3042 2414 χερσὶν
3075 2340 3228 2394 ἐνθεν
3268 2340 3371 2409 μὲν
3409 2338 3695 2410 ἀρχιερέων

2132 2433 2285 2488 ἔνθεν
2321 2432 2379 2486 δι
2417 2433 2766 2504 μεγιστάνων
2803 2430 2995 2501 ἀρθεὶς
3019 2429 3408 2496 ἀνακτορικοίς
3462 2427 3694 2489 παιάνοις

2130 2613 2456 2684 obligarent.
2483 2610 2590 2665 Sed
2633 2609 2703 2664 ad
2746 2608 3008 2678 majorem
3046 2607 3330 2676 utriusque
3366 2604 3694 2660 securitatem

2129 2715 2404 2760 consuetae
2458 2703 2646 2756 talium
2693 2699 2942 2756 formula:
2992 2700 3282 2770 adiungere
3337 2707 3467 2752 tunc
3509 2695 3693 2760 visum,

2145 2795 2254 2848 Deo
2286 2793 2542 2849 similiter
2576 2801 2710 2848 teste
2746 2793 3046 2857 ﬁrmatam,
3080 2789 3470 2858 professionem
3504 2797 3555 2840 et
3583 2801 3695 2856 pro-

2135 2887 2448 2942 missionem
2483 2887 2720 2941 universi
2750 2886 2964 2955 populi,
2994 2884 3134 2939 bello
3165 2892 3218 2938 et
3248 2880 3555 2952 inexpiabili
3585 2879 3696 2933 odio

2129 2979 2492 3048 persequendi
2524 2993 2646 3031 eum
2677 2993 2707 3031 ο
2736 2977 2975 3039 duobus,
3007 2977 3161 3043 cujus
3197 2983 3379 3029 essent
3413 2974 3464 3026 in
3497 2971 3694 3038 collega

2129 3071 2296 3123 vitam
2331 3069 2413 3124 vel
2452 3068 2660 3124 nefaria
2693 3069 2775 3123 vis
2811 3068 2898 3123 vel
2941 3067 3154 3122 insidiae
3197 3065 3566 3135 deprehensa}.
3595 3061 3695 3116 Tali

2135 3163 2568 3217 extraordinario
2621 3161 2989 3216 additamenta
3041 3158 3301 3228 populare
3347 3157 3694 3226 iuramentum

2137 3255 2467 3308 cumulatum
2508 3263 2649 3308 metu
2691 3252 2893 3321 magis,
2928 3263 2986 3304 ιιι
3020 3255 3234 3318 opinor,
3269 3249 3438 3304 nimio
3467 3247 3699 3317 proclivis

2133 3347 2186 3400 in
2249 3347 2400 3413 regni
2453 3347 2717 3400 societate
2767 3345 3153 3409 dissensiOuis,
3201 3357 3364 3412 quam
3423 3343 3524 3396 ulla
3576 3339 3698 3394 satis

2130 3453 2322 3506 magna
2358 3437 2595 3493 utilitate
2627 3438 2848 3492 remedii
2883 3435 2948 3490 ad
2985 3446 3189 3491 tantum
3226 3435 3355 3488 mali
3387 3444 3697 3503 praeverten-

2127 3529 2255 3582 dutn
2307 3529 2577 3599 ancipitis.
2625 3530 2760 3583 Nam
2815 3529 2859 3584 si
2911 3539 3058 3582 recte
3105 3527 3226 3596 quis
3271 3527 3528 3588 aestimet,
3571 3521 3698 3576 istud

2131 3622 2451 3690 proﬁtentes
2496 3621 2616 3676 belli
2654 3623 2764 3690 iam
2812 3629 2926 3675 tum
2971 3620 3146 3674 civilis
3186 3628 3240 3672 et
3283 3615 3599 3672 interneciui
3638 3613 3702 3666 εἰς

2131 3729 2290 3780 gnum
2329 3714 2606 3779 tollebant,
2633 3729 2700 3770 ex
2731 3728 2898 3779 prona
2929 3722 2986 3767 et
3011 3712 3102 3766 vix
3139 3710 3379 3766 evitabili
3413 3707 3701 3776 suSpicioue

2130 3804 2287 3859 facile
2313 3819 2376 3858 ac
2403 3805 2511 3859 cito
2537 3807 2805 3860 exarsuri.
2830 3804 3097 3859 Cmtertttn
3132 3802 3497 3872 qualicunque
3533 3798 3700 3855 cousi-

2132 3897 2234 3959 lio.
2271 3898 2375 3950 ista
2426 3897 2506 3951 sic
2559 3907 2683 3951 tunc
2721 3897 2931 3952 decreta
2975 3906 3030 3950 ct
3073 3895 3414 3949 exsecutioni
3460 3892 3692 3945 mandata

2133 3996 2286 4050 sunt,
2327 3988 2582 4042 Romanis
2625 3987 2821 4057 ubique
2861 3987 3060 4041 viritim
3110 3986 3414 4050 universis,
3453 3982 3685 4051 imposita

2136 4081 2308 4134 sacris
2338 4079 2649 4149 Evangeliis
2679 4095 2858 4143 manu,
2883 4079 3192 4148 iurantibus
3223 4093 3280 4133 se
3311 4088 3366 4133 et
3396 4077 3550 4130 (idem
3582 4071 3704 4127 utri-

2142 4187 2247 4243 que
2281 4172 2508 4239 priucipi
2539 4173 2878 4225 concorditer
2909 4171 3193 4239 imperanti
3225 4169 3703 4234 subiectionemque

2143 4263 2510 4334 praestituros,
2536 4273 2592 4317 et
2620 4263 2664 4316 si
2694 4263 2815 4332 quis
2850 4263 3085 4333 ipsorum
3121 4263 3174 4315 in
3211 4261 3443 4314 alterum
3474 4258 3704 4325 insurge-

2149 4363 2255 4420 ret,
2280 4366 2554 4409 auctorem
2585 4356 2795 4424 iniuria:
2825 4354 3037 4425 publice
3068 4356 3303 4411 ulturos.

2141 4467 2195 4520 4.
2229 4465 2299 4521 Ut
2348 4465 2685 4537 Palwologus
2710 4478 2764 4540 get
2799 4483 3036 4534 proceres
3085 4469 3400 4534 imperatori
3428 4483 3582 4540 puero
3625 4465 3704 4533 iu-

2640 4536 2929 4606 rejurando
2961 4541 3213 4592 caverint.

2215 4628 2447 4696 Jamque
2494 4631 2682 4684 aderat
2733 4630 3134 4700 inaugurationi
3187 4632 3454 4702 designati
3500 4625 3704 4699 Augusti

2143 4721 2285 4775 dicta
2316 4721 2451 4784 dies,
2481 4737 2601 4791 qua:
2637 4720 2758 4785 fuit,
2790 4731 2848 4775 ut
2879 4722 3082 4776 dictum
3118 4733 3223 4788 εει,
3253 4723 3493 4777 kalendae
3521 4722 3700 4778 Janua-

2143 4814 2266 4878 rize,
2295 4815 2510 4883 quando
2550 4815 2598 4868 is
2637 4814 2726 4883 qui
2769 4815 2834 4868 ad
2876 4813 3161 4884 imperium
3205 4816 3534 4870 evehebatur
3565 4814 3704 4882 iura-

2145 4914 2362 4968 menta,
2414 4907 2480 4958 de
2528 4905 2724 4974 quibus
2778 4913 3136 4969 convenerat,
3187 4907 3393 4975 primus
3449 4903 3705 4972 conceptis

2141 4997 2321 5052 verbis
2364 4997 2606 5065 protulit,
2637 4999 2792 5052 lldem
2833 5012 2930 5067 per
2970 5012 3034 5052 ea
3077 4997 3320 5068 obligans
3361 5013 3527 5068 puero
3567 4998 3704 5066 prin-

2143 5089 2246 5156 cipi
2283 5104 2385 5142 non
2423 5097 2481 5143 ttt
2513 5090 2564 5144 ei
2602 5089 2846 5144 subditus
2878 5087 3121 5154 futurus,
3153 5091 3248 5144 sed
3292 5099 3349 5144 ut
3383 5087 3702 5144 consulturus

2142 5194 2208 5233 ac
2253 5191 2608 5249 suggesturus
2633 5188 2980 5250 'opporluna,
3014 5181 3254 5250 nihilque
3288 5181 3340 5234 in
3379 5182 3549 5249 ipsum
3581 5177 3702 5231 insi-

2143 5272 2296 5326 diose
2337 5273 2640 5329 moliturus.
2670 5271 2927 5327 Jurarunt
2963 5276 3101 5343 post'
3125 5273 3295 5340 ipsum
3344 5273 3614 5342 optimates
3650 5281 3705 5320 se

2147 5363 2363 5433 utrique
2411 5363 2653 5418 subditos
2699 5363 2938 5429 futuros,
2974 5374 3028 5418 et
3068 5364 3178 5434 97
3222 5364 3268 5418 si
3309 5364 3434 5433 quis
3482 5363 3700 5430 ipsorum

2142 5455 2493 5510 insidiaretur
2539 5454 2723 5518 alteri,
2758 5456 2939 5508 statim
2983 5455 3242 5508 ultionem
3289 5455 3354 5508 de
3401 5452 3698 5507 insidiatore

2141 5555 2474 5616 sumpturos.
2505 5546 2596 5598 Sic
2645 5555 3022 5600 consummata
3065 5546 3500 5615 iuramentorutu
3549 5557 3702 5596 czere-

2142 5640 2356 5701 monia,
2409 5637 2720 5706 designatus
2777 5636 3028 5704 princeps
3083 5645 3236 5689 scuto
3284 5636 3432 5704 regio
3481 5631 3699 5694 insedit,

2142 5745 2370 5800 utroque
2409 5730 2556 5799 prius
2594 5730 2723 5798 pede
2755 5729 3117 5798 imperatoriis
3153 5728 3450 5797 insignibus
3487 5736 3697 5789 ornato;

2141 5830 2195 5878 et
2221 5822 2466 5878 manibus
2498 5822 2619 5875 biuc
2648 5820 2860 5892 quidem
2897 5820 3194 5880 antistitqu
3236 5823 3357 5880 inde
3390 5822 3693 5892 optitnatutn
