3952 6552
294 484 394 547 533

1245 487 1344 548 DE
1385 487 1776 551 MICHAELE
1808 488 2270 552 PAL/EOLOGO
2307 490 2437 551 LIB
2501 489 2580 550 Il.

3409 485 3515 552 53-4

291 601 381 655 καὶ
400 599 616 671 κρότοις
646 599 795 670 παρά
821 599 1036 655 πάντων
1066 599 1429 672 ἐμεγαλύνετο
1476 619 1537 656 τε
1575 604 1670 658 καὶ⁵
1719 605 1854 675 ἐφη·
1881 611 1926 666 Α
1955 604 2204 660 ἀπολύων
2241 605 2366 667 τοὺς
2383 601 2728 673 ὠφληκότας,
2758 599 3157 670 ἀπορουμένοις
3182 616 3242 652 τε
3269 600 3339 654 τά
3379 601 3518 670 πρὸς

291 693 502 764 μίζετο.

287 805 348 862 ε’.
385 808 588 876 Ὅπως
619 813 652 863 ὀ
678 813 1083 880 Πα.ηίαιολόγος
1100 815 1403 878 καταστὰς
1430 815 1519 878 είς
1540 812 1654 880 τὴν
1670 812 1850 877 βασι-

566 881 740 936 λείαν
770 882 1164 951 ἐφιλοτιμεῖτο
1200 885 1272 936 τὰ
1289 883 1566 953 μέγιστα.

354 969 440 1039 [Ρ.
477 969 569 1042 62]
599 972 674 1024 Τὸ
695 971 738 1025 δ’
759 971 1008 1026 ἐντεῦθεν
1034 974 1082 1026 oi
1110 973 1209 1038 μὲν
1241 975 1342 1044 τῆς
1363 974 1653 1042 γερουσίας
1679 993 1850 1046 προσ-

282 1063 510 1129 ήκουσιν
554 1063 832 1133 όφφικίοις
885 1065 1305 1134 ἑνεσεμνύνοντο
1335 1106 1351 1128 ,
1396 1067 1488 1119 καὶ
1519 1067 1698 1131 ἀλλοις
1753 1069 1852 1138 μὲν

283 1152 420 1206 ἄλλα
439 1155 507 1206 τὰ
532 1153 631 1223 μὲν
653 1154 883 1208 ἐδίδοντο
912 1155 981 1209 τὰ
1007 1155 1053 1209 δ’
1081 1156 1140 1210 ὲν
1169 1157 1525 1228 ὑποσχέσεσιν
1555 1153 1695 1230 ἦσαν
1720 1175 1734 1192 ο
1761 1159 1852 1212 τὸν

281 1243 328 1296 δ’
364 1245 698 1314 αὐτάδελφον
734 1247 1012 1317 Ἰωάννην,
1051 1247 1223 1317 μέγαν
1262 1249 1581 1318 δομέστικον
1606 1251 1758 1313 δντα,
1783 1253 1849 1322 τῇ

280 1335 377 1388 τοῦ
401 1338 687 1404 Τορνικίου
718 1339 1126 1392 Κωνσταντίνου
1183 1340 1442 1409 θυγατέρι
1490 1339 1627 1410 πρὸς
1669 1342 1851 1410 γάμου

281 1428 568 1482 κοινωνίαν
601 1431 932 1499 συνήρμοσε,
965 1431 1069 1484 κᾶν
1103 1433 1160 1484 ἐν
1193 1431 1482 1494 ἀναϐολαῖς
1509 1427 1576 1503 ἦν
1607 1433 1666 1485 τὸ
1691 1433 1855 1497 ἀξίω-

284 1535 387 1586 μα.
447 1519 689 1589 Θάτερον
740 1519 796 1573 δὲ
832 1521 953 1573 τῶν
1009 1522 1256 1590 ἀδελφῶν
1308 1523 1738 1586 Κωνσταντϊνον,
1770 1524 1852 1578 ἔτι

279 1609 478 1679 ἔχοντα
521 1611 580 1664 ὲν
611 1610 880 1676 ἰδιώταις,
931 1611 1074 1665 κατά
1107 1611 1299 1684 καιρὸν
1327 1615 1494 1683 τιμᾷν
1526 1613 1688 1678 αὐτὸς
1719 1617 1856 1670 Καί-

284 1717 432 1770 σαρα
459 1702 927 1772 προθυμούμενος,
967 1703 1310 1772 συνήρμοττε
1346 1703 1404 1758 δὲ
1429 1707 1522 1759 καὶ
1551 1706 1698 1776 αὐτῷ
1719 1711 1856 1779 πρὸς

280 1792 465 1860 γάμον
500 1793 601 1863 τὴν
622 1792 719 1848 τοῦ
750 1794 930 1864 Βρανᾶ
957 1795 1125 1847 παῖδα
1170 1794 1367 1865 εὐγενῆ
1397 1791 1586 1859 οὖσαν,
1613 1798 1776 1867 σοφόν
1803 1816 1855 1852 τι

282 1885 461 1939 ποιῶν
489 1889 583 1940 καὶ
614 1887 741 1949 τοὺς
770 1888 828 1940 ὲν
874 1887 1020 1940 τέλει
1052 1889 1166 1949 τοῖς
1224 1888 1413 1957 κήδεσι
1443 1891 1856 1960 προσποιούμεο

284 1993 396 2038 νος.
432 1977 541 2030 Καὶ
572 1979 701 2038 τοὺς
733 1975 832 2046 μὲν
864 1975 964 2046 τῆς
996 1975 1292 2044 γερουσίας
1321 1975 1462 2030 οὕτω
1517 1957 1860 2050 μεγαλοπρεο
1893 1957 1934 2012 Β

283 2067 405 2130 πῶς
432 2067 756 2136 ἐθεράπευε,
771 2067 1026 2139 προνοίας
1049 2065 1260 2132 τούτοις
1282 2067 1536 2134 ὲπαύξων
1560 2070 1656 2124 καὶ
1692 2087 1863 2141 προσ-

281 2163 477 2228 τιθεὶς,
509 2163 602 2217 καὶ
657 2162 874 2236 χαίρειν
907 2163 1091 2232 ἀφιεὶς
1118 2165 1231 2224 τοῖς
1278 2164 1436 2228 πᾶσι,
1481 2163 1590 2216 τῶν
1638 2162 1863 2232 ἀγαθῶν

281 2251 354 2304 τά
385 2251 486 2322 μὲν
511 2251 872 2321 λαμϐάνουσι,
900 2251 969 2305 τά
999 2251 1342 2315 δ’ὲλπίζουσι
1361 2267 1378 2284 ο
1412 2251 1474 2305 τὸ
1501 2251 1560 2304 δὲ
1591 2268 1862 2322 στρατιω-

285 2343 437 2396 τικόν
467 2359 526 2396 τε
555 2343 649 2396 καὶ
676 2341 775 2414 τὴν
799 2341 1031 2413 πληθὺν,
1055 2344 1182 2406 τοὺς
1215 2343 1316 2412 μὲν
1352 2343 1750 2414 καθημεριναϊς
1775 2361 1862 2412 φι-

283 2426 559 2497 λοτιμίαις
582 2427 813 2498 ὤφελλε,
838 2432 934 2484 καὶ
964 2430 1385 2500 χρυσοϐούλλοις
1416 2432 1484 2485 τά
1507 2434 1862 2504 ὑπεσχημένα

285 2519 500 2583 τούτοις
521 2522 782 2591 ἐπλήρου,
811 2524 904 2576 καὶ
943 2523 1080 2594 πρὸς
1117 2522 1176 2576 τὺ
1227 2523 1421 2590 μέλλον
1455 2524 1861 2594 εύθυμοτέρους

287 2613 528 2668 καθίστα
557 2612 631 2676 ὡς
680 2613 982 2677 ἀθανάτους
1009 2617 1108 2678 τὰς
1157 2615 1257 2684 τῆς
1297 2615 1443 2686 ζωῆς
1477 2617 1735 2684 προνοίας
1769 2619 1864 2670 καὶ

285 2703 360 2757 τὰ
387 2704 644 2772 διδόμενα
693 2705 978 2776 σιτηρέσια
1009 2709 1121 2770 τοῖς
1152 2707 1339 2760 παισὶν
1385 2706 1626 2772 ἕξοντας,
1663 2710 1789 2772 τοὺς
1819 2708 1863 2762 δ’

286 2795 646 2866 ἐθεράπευεν,
698 2797 953 2866 ἀνοιγνὺς
979 2797 1228 2866 φυλακὰς
1263 2797 1356 2852 καὶ
1383 2799 1561 2870 χρεῶν
1589 2801 1866 2870 δημοσίων

290 2978 572 3042 sublatus,
603 2977 1086 3034 acclamationibus
1117 2990 1168 3034 et
1200 2979 1422 3050 plausu,
1455 2980 1649 3049 quibus
1691 2981 1864 3052 excipi

291 3070 416 3124 novi
465 3070 821 3138 imperatores
864 3071 1061 3136 solent,
1093 3072 1157 3126 ab
1200 3073 1469 3127 universis
1514 3073 1774 3128 salutatus
1815 3083 1868 3129 et

291 3161 569 3232 Augustus
597 3164 901 3219 declaratus
926 3173 1030 3218 est.

295 3277 353 3333 5.
397 3275 466 3331 Ut
493 3275 1074 3359 Palwologtts‘evecms
1099 3277 1463 3359 innimperium
1496 3279 1636 3349 regia
1677 3279 1871 3334 libera-
1897 3302 1940 3359 ο

739 3349 885 3400 litate
907 3357 1117 3401 cunctos
1145 3347 1478 3400 demeruerit.

368 3439 498 3493 Inde
526 3446 803 3493 senatores
835 3437 1048 3505 quidem
1083 3436 1272 3490 olliciis
1313 3453 1408 3507 pro
1444 3437 1712 3508 cujusque
1748 3453 1862 3494 me-

298 3531 421 3586 ritis
480 3529 912 3594 bonorabantur,
953 3537 1006 3582 et
1037 3527 1156 3581 aliis
1195 3527 1296 3580 alia
1354 3528 1549 3597 partim
1583 3528 1863 3583 donaban-

298 3632 408 3688 tur,
443 3619 638 3691 partim
659 3619 1132 3689 promittebantur.
1161 3617 1402 3673 Fratrem
1433 3633 1558 3672 vero
1599 3618 1865 3673 Joannem

300 3723 415 3769 tum
469 3712 648 3768 adhuc
698 3725 951 3778 magnum
1014 3711 1376 3764 domesticum
1420 3710 1870 3766 scbastocratoris

301 3820 504 3861 ornare
533 3804 795 3873 dignitate
848 3817 1058 3870 aequum
1091 3801 1320 3864 censuit,
1356 3809 1411 3855 et
1444 3802 1492 3854 ei
1525 3802 1869 3856 Constantini

299 3897 538 3952 Tornicii
585 3895 752 3949 tiliam
801 3892 1146 3948 matrimonio
1187 3893 1486 3959 conjunxit,
1544 3892 1867 3948 destinatam

299 3990 617 4058 dignitatem
648 3987 699 4040 in
733 3995 946 4052 tempus
971 3983 1113 4038 aliud
1154 3983 1433 4040 diﬂ'ereus.
1463 3983 1706 4038 Alterum
1742 3998 1870 4037 vero

299 4077 528 4131 fratrum
545 4076 954 4132 Constantinum
980 4075 1033 4128 in
1061 4074 1268 4144 privata
1295 4083 1420 4128 tunc
1448 4073 1662 4141 quidem
1689 4061 1870 4127 adbu'c

299 4169 524 4240 reliquit
552 4176 714 4232 sorte,
760 4182 858 4220 suo
890 4176 1127 4234 tempore
1169 4179 1356 4218 creare
1393 4164 1565 4234 ipsum
1603 4166 1870 4216 Cmsarcm

299 4261 508 4315 habens
556 4261 609 4314 in
651 4259 852 4313 animo.
910 4257 1069 4312 Dedit
1133 4269 1311 4311 autem
1371 4264 1425 4310 et
1481 4255 1606 4308 huic.
1647 4270 1868 4309 uxorem

301 4355 495 4408 Brante
556 4351 721 4406 ﬁliam
775 4365 905 4405 sane
954 4349 1322 4419 praenobilem,
1372 4349 1600 4417 sapienti
1646 4348 1870 4402 consilio

299 4441 654 4496 afﬁnitatibus
680 4439 938 4508 patricios
980 4439 1084 4493 sibi
1126 4437 1454 4492 devinetens.
1487 4438 1551 4492 Et
1591 4447 1870 4492 senatores

299 4536 520 4603 quidem
563 4533 618 4587 in
649 4534 791 4587 hunc
827 4535 1044 4586 modum
1089 4531 1372 4600 magniﬁce
1407 4530 1704 4593 demeruit,
1738 4544 1870 4599 pen-

1957 699 2100 769 ζωὴν
2131 698 2306 760 διδοὺς
2349 696 2724 765 ἀφθονώτερα,
2757 694 2851 748 καί
2900 709 2964 762 γε
3020 695 3136 756 τοῖς
3165 693 3520 763 ἠδικημένοις

1955 793 2180 864 ἀμύνων
2201 793 2294 845 καὶ
2329 789 2738 860 φιλοτιμότερον
2769 787 3018 858 προχέων
3042 787 3100 841 τὸ
3125 786 3367 856 δαψιλὲς,
3389 785 3523 840 ὥστ’

1956 884 2097 940 εἶναι
2141 887 2255 956 ἅμα
2287 885 2388 953 μὲν
2444 884 2756 950 ἀνενεγκεῖν
2812 881 2941 952 περί
2973 880 3066 934 τού
3099 897 3222 933 τινα
3276 881 3373 932 καὶ
3405 880 3523 948 ἅμα

1957 976 2274 1046 προϐαίνειν
2321 973 2554 1047 γράμμα
2595 971 2875 1043 βασιλικὸν
2924 971 3269 1041 προστάσσον
3323 968 3522 1039 ἐκείνῳ

1954 1070 2015 1124 τὺ
2046 1069 2187 1123 κατά
2216 1067 2493 1138 βούλησιν,
2529 1066 2579 1118 εί
2617 1066 2710 1118 καὶ
2739 1063 2859 1117 δυσὶ
2903 1063 3118 1133 χρόνοις
3146 1062 3372 1131 ὕστερον
3423 1061 3520 1113 ἀν-

1957 1161 2228 1230 ελάμϐανε
2253 1161 2321 1214 τά
2355 1157 2823 1229 προστεταγμένα.
2855 1155 2971 1209 Κάν
3002 1154 3103 1208 πού
3123 1171 3204 1216 τις
3232 1152 3314 1221 ἐφ’
3333 1149 3415 1216 οἷς
3449 1148 3526 1206 εἷο

1957 1267 2052 1322 χεν
2079 1249 2400 1322 ὀχλούμενος
2427 1250 2488 1301 τὸ
2515 1248 2749 1316 γράμμα
2781 1247 2882 1316 τῆς
2925 1245 3146 1315 χάριτος
3173 1242 3520 1312 προύτεινεν,

1957 1343 2120 1403 εὐθὺς
2155 1343 2318 1411 φανὲν
2349 1340 2606 1411 δευτέρας
2636 1339 2964 1402 ίνδικτιῶνος
2993 1339 3074 1405 ὃν,
3108 1338 3207 1405 τὴν
3246 1338 3393 1391 δόσιν
3421 1340 3527 1392 ἀπ-

1957 1432 2274 1505 εψηφίζετο,
2296 1432 2371 1496 ὡς
2400 1433 2461 1486 ιν
2487 1433 2666 1502 καιρῷ
2709 1431 2874 1502 μηδὲν
2901 1431 3186 1500 ἀκριϐείας
3233 1431 3328 1484 καὶ
3357 1448 3530 1500 προσ-

1957 1526 2092 1595 οχῆς
2121 1525 2244 1596 ἕχον
2273 1524 2335 1580 «ca
2361 1524 2606 1594 γεγονός.
2648 1523 2786 1578 Τότε
2839 1524 2896 1576 δὲ
2936 1523 3030 1578 καὶ
3079 1523 3231 1577 πόλλ’
3260 1523 3399 1577 ἄττα
3429 1520 3530 1582 ,τοῦ

1959 1612 2138 1668 κοινοῦ
2171 1613 2422 1684 ταμιείου
2445 1612 2716 1684 ἐξεφόρει,
2742 1613 2837 1666 καὶ
2854 1612 3183 1684 δημηγορῶν
3217 1615 3331 1675 τοῖς
3349 1628 3531 1666 συνει-

1959 1705 2245 1776 λεγμένοις
2277 1705 2416 1775 πρὸς
2433 1705 2595 1775 χάριν
2627 1704 2868 1769 ἃπασαν,
2888 1701 2990 1758 εἶτ’
3015 1704 3358 1775 ἀμφοτέραις
3389 1702 3533 1756 ὲκεί-

1961 1817 2073 1864 νοις
2093 1790 2340 1870 ὲΕήντλει
2369 1797 2441 1854 τά
2468 1799 2754 1871 χρήματα,
2797 1797 2970 1867 χύδην
2993 1794 3272 1866 ἐκρίπτων
3299 1795 3531 1864 κυνηδὸν

1966 1891 2342 1960 συλλέγουσιν.

1964 2004 2041 2072 ς’.
2065 2007 2267 2074 ὀπως
2295 2004 2406 2074 τὰς
2432 2004 2622 2074 ἄκρας
2643 2003 2882 2073 ὠχύρου
2907 2003 3006 2057 καί
3034 2001 3216 2072 μήπω
3253 2000 3535 2072 στεφθεῑς

2272 2094 2278 2100 ‘
2502 2079 2536 2130 ὀ
2559 2075 2992 2143 Παλαιολόγος.
3407 2143 3414 2145 _

2035 2167 2124 2242 [P.
2155 2166 2248 2240 63]
2273 2162 2383 2223 Ἦν
2410 2165 2608 2231 ταῦτα,
2639 2166 2892 2230 κάκεῖνος
2922 2164 3022 2234 μὲν
3066 2163 3405 2235 κατοχυροῦν
3434 2162 3536 2226 τὰς

1962 2261 2139 2332 ἄκρας
2171 2258 2450 2331 προῦργου
2482 2257 2826 2326 ποιούμενος,
2856 2256 2975 2324 ἅμα
3009 2256 3065 2310 δὲ
3088 2257 3185 2310 κοιλ⁷
3216 2253 3537 2325 δηλοποιού-

1965 2371 2129 2424 μενος
2153 2352 2302 2423 αὐτῷ
2332 2351 2614 2423 προσώπῳ
2641 2351 2742 2421 τὴν
2769 2351 2869 2419 τῆς
2902 2349 3181 2421 βασιλείας
3202 2333 3534 2420 ἀνάρρησιν,

1963 2443 2056 2496 ἐπὶ
2084 2441 2470 2511 Φιλαδελφείας
2512 2441 2655 2511 ἔγνω
2686 2443 2920 2512 χωρεῖν,
2952 2438 3127 2493 λιπὼν
3181 2439 3273 2492 τὸν
3324 2439 3444 2492 νέον
3477 2437 3536 2490 ὲν

1965 2533 2279 2605 Μαγνησίᾳ,
2342 2532 2680 2604 βασιλικῶς,
2727 2532 2805 2595 ὡς
2860 2531 3006 2597 ἔδει,
3073 2529 3534 2601 θεραπευόμενον.

1967 2627 2259 2680 Συνείπετο
2278 2624 2335 2678 δέ
2366 2625 2414 2679 oi
2434 2627 2528 2681 καὶ
2556 2624 2705 2679 ἅπαν
2734 2625 2795 2678 τὸ
2826 2623 3222 2693 στρατιωτικὸν
3265 2619 3540 2689 προασπί-

1966 2718 2058 2784 ζον
2082 2716 2178 2770 τοῦ
2209 2715 2475 2786 βασιλέως
2517 2716 2639 2786 μεθ’
2691 2716 2776 2770 ὄτι
2851 2715 3113 2786 πλείστης
3173 2713 3390 2776 εὐνοίας
3440 2716 3540 2767 καὶ⁵

1967 2808 2106 2880 πρὸς
2126 2807 2189 2862 τὸ
2225 2809 2405 2862 πονεῖν
2424 2808 2599 2878 ὁρμῆς
2624 2807 2864 2878 ἑτοῖμον,
2889 2807 3025 2860 ὅπου
3071 2823 3136 2874 γε
3187 2806 3282 2860 καὶ
3307 2803 3430 2858 καθ’
3460 2798 3538 2858 ὧν

1968 2989 2236 3060 condigne
2268 2988 2542 3059 supplicio
2563 2987 2824 3042 multatis.
2879 2987 2945 3042 Et
2971 2987 3142 3042 inerat
3180 2988 3344 3042 multa
3371 3003 3539 3062 popu-

1969 3082 2159 3138 laritas
2186 3082 2239 3137 in
2269 3082 2428 3136 modo
2463 3082 2576 3135 haec
2602 3081 2792 3150 agendi
2818 3119 2834 3144 ,
2888 3081 3144 3136 facilitate
3171 3091 3225 3136 et
3253 3084 3529 3136 amabilis-

1973 3173 2112 3227 sima
2138 3173 2466 3241 benignitate
2497 3171 2774 3240 largientis
2805 3170 2944 3241 dona
2973 3182 3068 3238 per
3099 3184 3155 3224 se
3181 3181 3334 3238 grata
3367 3171 3538 3224 multo

1973 3265 2234 3320 reddente
2259 3263 2521 3333 gratiora.
2554 3261 2765 3330 Quippe
2805 3276 2912 3314 non
2945 3275 3068 3314 raro
3104 3261 3289 3316 statim
3330 3275 3393 3316 ac
3416 3261 3541 3330 quis

1974 3357 2040 3410 de
2077 3371 2173 3411 sua
2197 3355 2448 3425 quapiam
2479 3355 2802 3408 necessitate
2833 3353 3094 3408 retulerat
3123 3353 3187 3404 ad
3214 3353 3536 3422 principem,

1977 3445 2026 3501 is
2055 3445 2174 3501 sine
2204 3461 2354 3500 mora
2387 3444 2622 3514 diploma
2669 3443 2872 3512 regium
2916 3441 3017 3512 ipsi
3043 3442 3187 3509 quod
3235 3442 3541 3510 postulabat

1975 3550 2227 3592 asserens
2256 3539 2308 3591 in
2336 3551 2555 3590 manum
2580 3534 2762 3599 dabat,
2790 3534 2930 3588 unde
2958 3533 3004 3588 is
3028 3533 3179 3587 laetus
3202 3533 3404 3595 abibat,
3433 3533 3536 3587 etsi

1976 3643 2362 3697 nonnunquam
2391 3642 2495 3682 non
2527 3628 2628 3682 nisi
2678 3635 2798 3694 post
2827 3624 3100 3680 biennium
3133 3625 3320 3694 pensio
3349 3639 3537 3678 nume.

1977 3720 2143 3772 randa
2185 3720 2626 3788 perscriberetur.
2673 3717 2822 3784 Quod
2851 3718 2895 3772 si
2927 3731 3107 3783 quem,
3160 3717 3248 3770 ubi
3282 3716 3541 3782 scriptum

1977 3811 2200 3879 legerat,
2233 3812 2450 3864 taederet
2493 3824 2656 3864 morae
2703 3810 3035 3874 referretqne
3063 3807 3297 3876 diploma
3327 3816 3380 3862 et
3418 3823 3540 3876 gra-

1979 3894 2106 3948 tiam
2158 3897 2533 3964 reprmsentari
2576 3905 2838 3964 posceret,
2890 3895 3130 3964 placidus
3171 3895 3263 3948 ille
3297 3909 3360 3949 ac
3399 3897 3544 3949 reni-

1976 3986 2108 4040 dens
2141 3987 2559 4055 recoguoscebat
2603 3987 2891 4054 scripturn,
2929 3997 2986 4042 et
3032 3987 3118 4040 ubi
3162 4002 3352 4042 revera
3406 3987 3540 4041 dita-

1980 4089 2090 4132 tum
2142 4078 2196 4130 in
2227 4080 2518 4133 secundam
2557 4077 2904 4134 indictionem
2961 4079 3160 4132 donum
3195 4080 3429 4142 videbat,
3460 4081 3542 4131 ul-

1981 4180 2062 4222 tro
2104 4170 2388 4222 damnabat
2441 4169 2763 4238 scripturam
2801 4170 2953 4238 quasi
3015 4185 3043 4222 a
3093 4185 3279 4236 parum
3335 4181 3541 4225 attento

1978 4261 2308 4328 minimeque
2340 4271 2593 4315 assecuto
2620 4271 2852 4314 mentem
2881 4276 3034 4315 suam
3080 4259 3306 4315 librario
3341 4261 3542 4314 forma-

1981 4361 2110 4417 tam,
2152 4353 2482 4422 jubebatque
2512 4353 2732 4422 corrigi.
2765 4353 2856 4406 llis
2899 4360 2952 4407 et
3001 4353 3266 4408 similibus
3297 4355 3362 4406 de
3410 4370 3539 4406 cau-

1978 4446 2054 4498 sis
2087 4444 2447 4514 profundebat
2472 4445 2693 4513 largiter
2728 4443 2924 4497 aerario
2969 4445 3118 4512 prius
3169 4443 3320 4511 regio
3353 4443 3539 4497 condi-

1983 4549 2064 4593 tas
2088 4555 2236 4608 opes.
2266 4541 2328 4594 Et
2365 4542 2431 4594 ad
2464 4541 2782 4596 concionem
2825 4540 3026 4609 passim
3087 4539 3312 4606 loquens
3360 4541 3540 4594 omnia

304 4629 489 4680 siones
541 4626 608 4693 iis
657 4627 950 4694 adaugeus,
991 4633 1043 4677 ct
1079 4625 1232 4675 donis
1280 4621 1640 4688 superadditis
1683 4636 1871 4674 cumn-
1904 4651 1946 4706 υ
1981 4636 2046 4688 ad
2102 4636 2410 4702 popularem
2460 4634 2688 4704 gratiam
2745 4635 3064 4703 composita,
3127 4643 3354 4701 utraque
3419 4652 3539 4688 ,ηπ

302 4720 444 4782 lans,
475 4717 791 4784 cunctisque
822 4715 1086 4783 gaudendi
1121 4714 1404 4766 materiam
1434 4712 1669 4765 offerens
1699 4717 1868 4766 bono-

303 4826 421 4864 rum
457 4808 539 4862 vel
571 4807 886 4861 collaturum
915 4806 1165 4872 praesenti
1211 4803 1389 4857 fructu
1428 4805 1506 4857 vel
1551 4814 1698 4856 certa
1749 4819 1870 4869 pro-

303 4904 597 4956 missurum
628 4898 1049 4966 exspectatione.
1093 4895 1209 4949 Jam
1240 4897 1539 4949 exercitum
1569 4912 1631 4948 ac
1661 4897 1870 4962 plebeut

307 4996 461 5048 varie
489 4993 778 5046 deliuivit:
831 5007 952 5044 nam
987 5000 1040 5042 et
1090 4990 1371 5058 plerosque
1411 4988 1740 5056 quotidianis
1777 4987 1876 5039 du-

307 5089 504 5142 nativis
532 5087 672 5155 jnvit
697 5126 709 5146 ,
743 5096 795 5138 et
829 5085 1022 5152 quibus
1051 5099 1147 5152 per
1178 5081 1460 5151 diplomata
1507 5082 1664 5134 bullis
1697 5081 1874 5136 aureis

305 5179 509 5232 munita
532 5175 852 5244 promissum
880 5173 1074 5242 aliquid
1096 5171 1286 5231 fuerat,
1308 5187 1427 5225 cum
1461 5171 1560 5224 title
1580 5185 1875 5240 reprmsen—

305 5270 458 5332 tavit,
503 5268 582 5322 sic
619 5268 738 5321 illos
771 5269 820 5320 in
855 5265 1087 5320 futurum
1121 5279 1339 5319 securos
1363 5275 1416 5316 et
1448 5269 1579 5317 beue
1607 5264 1873 5318 animatos

303 5363 560 5424 elliciens,
577 5369 756 5428 ttlpote
778 5359 884 5426 jam
907 5367 1082 5413 certos
1100 5372 1411 5426 pret'essura
1443 5355 1572 5422 ipsis
1595 5364 1647 5410 et
1678 5356 1877 5409 etlibe-

306 5457 381 5509 ris
400 5470 586 5507 eorum
609 5455 658 5506 in
686 5469 842 5506 omne
873 5461 1082 5520 tempus
1107 5452 1170 5505 ad
1189 5450 1384 5502 victum
1409 5453 1615 5502 decreta
1633 5448 1874 5503 subsidia

305 5559 358 5602 et
387 5549 501 5617 98
529 5546 783 5600 l‘rumeuti
838 5546 1092 5600 demensa
1152 5545 1466 5597 constituta.
1506 5541 1718 5595 Plebem
1747 5556 1875 5596 vero

309 5641 580 5709 praecipue
633 5638 882 5693 d'tnnlsit
937 5636 1241 5707 aperiendis
1287 5634 1569 5694 custodiis,
1597 5644 1650 5688 et
1689 5633 1757 5688 iis
1783 5635 1875 5703 qui

307 5732 438 5788 ﬁsco
507 5731 633 5799 quid
684 5732 939 5785 deberent
977 5746 1074 5783 nec
1136 5726 1392 5782 solvendo
1445 5733 1646 5792 essent,
1694 5725 1877 5782 liberis

309 5825 668 5890 dunittendis,
703 5836 958 5891 praeterea
984 5821 1254 5891 largiendo
1279 5819 1571 5876 tibi-raliter
1600 5818 1874 5884 alimenta,

315 5928 367 5972 et
406 5932 593 5986 passos
623 5916 870 5984 iniuriam
928 5915 1273 5980 consolando,
1307 5911 1645 5967 vcxatoribtts
1693 5928 1875 5965 eurum

1974 4742 2134 4782 manu
2163 4727 2447 4782 hauriebat
2480 4743 2509 4781 e
2557 4725 2770 4794 publico
2817 4726 3069 4780 thesauro
3116 4727 3222 4778 vim
3301 4726 3540 4793 pecuniae

1971 4816 2267 4883 ingentem,
2317 4816 2642 4872 effusissime
2704 4816 2994 4886 projicieus
3043 4831 3162 4884 qua:
3215 4817 3528 4870 avidissime

1973 4907 2382 4978 colligebantur.

1973 5041 2024 5094 ϐ.
2071 5037 2138 5093 Ut
2167 5057 2310 5094 arces
2343 5041 2590 5094 munierit
2622 5041 2849 5095 nondum
2880 5052 3161 5096 coronatus
3185 5041 3538 5111 Pulwologus.

2051 5176 2172 5232 llaec
2203 5178 2419 5246 quidem
2455 5177 2533 5231 sic
2563 5191 2624 5234 se
2650 5177 2944 5232 habebant.
2969 5176 3231 5232 Caeterum
3281 5177 3370 5230 ille
3412 5192 3543 5245 ope-

1975 5283 2050 5323 rte
2093 5269 2322 5337 pretium
2372 5283 2431 5323 se
2480 5267 2749 5323 facturum
2787 5277 2961 5334 ratus,
2994 5270 3040 5323 si
3070 5282 3232 5322 arces
3265 5270 3541 5332 muniret,

1976 5360 2136 5414 simul
2189 5370 2244 5416 et
2287 5361 2536 5427 prtesenti
2582 5370 2876 5430 conspectu
2929 5360 3269 5414 exhibiturus
3306 5361 3540 5429 populis.

1976 5456 2068 5524 qui
2112 5454 2228 5525 ejus
2279 5455 2654 5509 acclamationi
2700 5469 2807 5508 non
2843 5452 3220 5517 interfuerant,
3267 5453 3539 5519 specimen

1979 5543 2082 5596 sibi
2112 5544 2330 5600 creditae
2359 5559 2623 5614 supremae
2649 5543 2955 5611 potestatis,
2992 5542 3414 5610 Philadelphiam
3446 5543 3542 5596 de-

1979 5634 2153 5688 crevit
2202 5635 2496 5702 prolicisci,
2547 5634 2737 5688 relicto
2788 5647 2956 5702 puero
3003 5631 3207 5700 collega
3258 5630 3542 5700 Magnesiae

1981 5740 2102 5781 cum
2167 5727 2334 5794 regio,
2379 5725 2454 5779 uti
2507 5739 2605 5793 par
2637 5734 2774 5791 erat,
2824 5723 3100 5780 satellitio.
3138 5725 3368 5779 Secutus
3418 5738 3543 5776 cum

1982 5829 2062 5872 est
2088 5819 2372 5873 universus
2399 5820 2670 5872 exercitus
2700 5818 3044 5873 circumdans
3091 5815 3388 5887 principem
3419 5827 3544 5866 curn

1985 5911 2234 5968 omnibus
2273 5921 2325 5966 et
2359 5913 2497 5969 vctis
2525 5911 2733 5967 indiciis
2758 5909 2868 5980 99
2892 5909 3274 5967 benevolenti-.0
3303 5919 3544 5978 summm,
