3952 6522
448 373 556 437 5‘35

1658 387 1980 449 GEORGII
2014 389 2494 459 PACIIYMERAZ
3573 399 3665 466 536

446 487 1391 587 [mi.“Pi’odifwf‘_"i°)-EP-W€[0W€C~
1427 501 1530 556 Τὸν
1588 505 1773 570 μέντοι
1814 522 1872 573 γε
1915 524 2018 558 πα·
2050 511 2095 568 Α
2126 509 2200 578 τῷ
2223 512 2504 579 ἀγνοοῦντι
2531 512 2624 566 τὸν
2654 512 3073 584 βασιλεύσαντα,
3103 514 3217 569 ἀλλ’
3242 514 3297 580 ἐς
3347 515 3416 571 τὰ
3449 516 3667 587 μάλιστα

443 579 716 665 τριάρχην
739 584 820 645 είς
848 584 1085 640 Νίκαιαν
1111 589 1454 661 ἀποπέμπει,
1491 595 1611 663 μετ’
1638 596 1819 665 ὀλίγον
1844 613 2013 651 κατα-

444 669 631 725 λαϐεῖν
678 675 771 727 καὶ
819 677 979 741 αὐτὸς
1015 679 1449 752 ὑπισχνούμενος
1486 686 1703 754 σύναμα
1762 688 1839 758 τῷ
1886 689 2012 758 νέῳ,

443 765 929 837 ταινιωθησόμενοι
949 772 1041 824 καὶ
1067 774 1388 846 ἀμφότεροι.
1411 780 1469 831 '0
1496 780 1595 847 μὲν
1620 777 1712 833 οὖν
1738 782 2015 852 πατριάρ-

442 872 544 924 χης
575 856 794 926 σύναμα
819 861 895 930 τῷ
926 864 1115 933 κλήρῳ
1169 867 1261 919 καὶ
1293 872 1405 932 τοῖς
1446 871 1782 943 ἀρχιερεῦσι,
1823 891 2012 925 συντα-

441 948 663 1015 ξάμενοι
703 954 772 1005 τὰ
798 953 985 1008 εἰκότα
1014 960 1128 1019 τοῖς
1170 959 1471 1027 βασιλεῦσι,
1502 964 1601 1028 τῆς
1653 965 1746 1015 ἐπὶ
1779 964 2011 1018 Νίκαιαν

441 1036 711 1106 ἥπτοντο·
736 1044 764 1094 ό
796 1042 853 1096 δέ
880 1061 940 1111 γε
972 1046 1228 1114 βασιλεὺς
1260 1050 1360 1112 τὰς
1414 1051 1679 1120 δυνάμεις
1726 1053 2012 1114 ἀναλαϐὼν

441 1133 534 1182 καὶ
566 1135 835 1200 συντάξας
861 1139 1077 1207 συνάμα
1103 1143 1196 1193 καὶ
1226 1144 1338 1205 τοῖς
1368 1143 1427 1193 ὲν
1459 1144 1602 1197 τέλει
1628 1146 1720 1197 ἐπὶ
1757 1146 2014 1200 Φιλαδέλ-

439 1241 602 1291 φειαν
633 1227 854 1297 ἦλαυνε,
881 1232 972 1284 καὶ
1002 1232 1065 1299 δὴ
1094 1233 1326 1297 ἐπιστὰς
1354 1238 1420 1307 τῇ
1465 1235 1619 1288 πόλει
1674 1237 1886 1290 ἐκεῖθεν
1914 1239 2011 1302 τὰς

439 1315 615 1387 ἄκρας
640 1319 877 1391 ὠχύρου.
922 1325 1048 1387 τοὺς
1081 1325 1182 1392 μὲν
1207 1326 1465 1396 πέμπων,
1499 1328 1694 1391 ἄλλους
1721 1329 1770 1381 δ’
1800 1332 2013 1383 ἐκεῖθεν

439 1408 729 1480 δεχόμενος
782 1417 1071 1479 κατιόντας
1102 1420 1198 1472 καὶ
1225 1418 1423 1490 δώροις
1473 1419 1553 1483 ὡς
1575 1415 1688 1473 οἷόν
1718 1438 1778 1473 τε
1809 1421 2014 1487 φιλοτι-

440 1502 735 1573 μούμενος,
771 1508 1089 1576 προθύμως
1126 1512 1205 1574 είς
1237 1511 1488 1581 φυλακὴν
1534 1512 1704 1565 ποιῶν
1755 1513 1850 1565 καὶ
1883 1512 2016 1583 θαρ-

438 1595 816 1668 ραλεωτέρους
840 1601 1028 1655 ἐλπίσι
1074 1604 1345 1672 χρησταῖς
1383 1603 1675 1666 καθιστάς,
1729 1603 2013 1673 Προϐὰςδθ

438 1685 650 1739 ἐκεῖθεν
683 1689 880 1759 μικρὸν
924 1692 1020 1743 καὶ
1064 1692 1135 1744 τὰ
1158 1690 1344 1763 κύκλῳ
1386 1692 1717 1763 περιελθὼν,
1754 1693 1850 1745 καὶ
1886 1694 2014 1756 τοὺς

439 1779 543 1849 μὶν
612 1779 969 1850 προσλαλιατς
1023 1783 1277 1851 Mueck,
1357 1785 1484 1849 τοὺς
1531 1785 1587 1838 δὲ
1658 1785 2011 1854 φιλοτιμίαις,

2120 601 2257 669 φίλῳ
2285 602 2420 667 ὄντι,
2462 604 2621 667 αὐτὸς
2650 605 2748 672 τὴν
2779 605 3041 676 ταχίστην
3091 607 3440 677 ὑποστρέψας
3468 610 3555 662 καὶ
3588 611 3669 664 τὸν

2116 695 2282 747 παῖδα
2318 695 2652 760 παραλαϐὼν
2680 697 2784 748 ὑπὸ
2818 696 2982 767 πολλῇ
3023 700 3205 768 τρυφῇ
3226 716 3283 750 τε
3332 700 3426 750 καὶ
3456 699 3670 769 δορυφοο

2118 786 2209 855 pi;
2248 788 2477 857 μεγίστῃ
2527 789 2627 857 τῆς
2666 790 2757 840 ἐπὶ
2804 788 2905 858 τῆς
2958 789 3190 854 Νικαίας
3235 792 3463 861 ἥπτετο.
3508 793 3591 854 Ὠς
3631 794 3671 846 δ’

2114 880 2422 946 ἐπέστησαν
2456 881 2529 947 μὴ
2592 880 2956 947 μελλήσαντες
2992 880 3134 945 (οὐδὲ
3191 881 3299 950 γὰρ
3346 876 3415 949 ἦν
3467 882 3674 950 ἀμελεῖν

2115 971 2368 1039 περὶτῶν
2397 970 2629 1023 δυτικῶν
2654 971 3093 1041 σκοπουμένοις),
3113 972 3271 1036 εὐθὺς
3303 972 3676 1040 εὐτρεπίζοντο

2114 1059 2182 1110 τὰ
2230 1059 2328 1127 τῆς
2374 1058 2726 1122 ταινιώσεως,
2787 1059 3115 1125 ἐλπιζόντων
3158 1061 3398 1125 πάντων,
3436 1061 3464 1113 ὃ
3497 1062 3559 1132 δὴ
3590 1063 3677 1115 καὶ

2117 1152 2475 1220 συγκείμενον
2503 1148 2592 1223 ἦν,
2625 1151 2708 1225 [Ρ.
2740 1151 2833 1223 6-5]
2880 1151 3239 1221 ταινιωθῆναι
3272 1152 3375 1223 μὲν
3424 1152 3515 1206 τὸν
3565 1157 3674 1208 νέον

2117 1242 2413 1311 βασιλικῶς
2444 1245 2539 1297 καὶ
2574 1244 2805 1312 πρώτως
2842 1245 3231 1316 εὐφημηθῆναι
3266 1250 3674 1314 στεφανωθέντα

2115 1334 2211 1387 καὶ
2243 1335 2613 1403 προκατάγειν
2658 1334 2751 1387 τὸν
2802 1334 3094 1406 θρίαμϐον,
3144 1337 3355 1389 ἐκεῖνον
3381 1335 3436 1387 δὲ
3464 1338 3551 1389 καὶ
3586 1340 3679 1406 τὴν

2113 1425 2322 1479 ἐκείνου
2356 1425 2589 1494 σύζυγον
2614 1429 2671 1480 ἒν
2704 1426 2915 1498 ὑστέρῳ
2948 1426 3398 1495 στεφανωθέντας
3426 1426 3502 1497 τῷ
3529 1428 3675 1496 πρώ-

2114 1532 2192 1586 τῳ
2225 1514 2554 1585 μεθέψεσθαι
2584 1516 2723 1570 κατὰ
2747 1515 2845 1586 τὴν
2867 1497 3154 1586 βασιλικὴν
3188 1516 3284 1570 καὶ
3313 1515 3518 1589 συνήθη
3550 1534 3676 1590 προσ

2115 1607 2349 1664 ἐλευσιν.

2117 1721 2184 1788 ζ’.
2221 1722 2424 1788 ὀπως
2450 1687 2897 1790 παραλογίσατο
2938 1720 3042 1787 τὰς
3068 1719 3389 1787 συνθήκας
3414 1719 3524 1789 τῆς
3551 1738 3677 1776 στε-

2493 1792 2795 1860 susceptae
2828 1794 2859 1845 ό
2886 1792 3318 1859 Παλαιολόγος.

438 1844 567 1936 τοὺς
619 1844 677 1926 δὲ
728 1873 827 1927 καὶ
890 1844 1276 1945 ὑποσχέσεσιν,
1331 1844 1532 1930 ἔστιδ’
1587 1844 1795 1931 οἶδ’καὶ
1841 1844 2013 1945 ’φόϐον
2049 1844 2091 1900 Β
2187 1881 2264 1936 Τδ
2291 1880 2337 1936 δ’
2374 1877 2443 1954 ἦν
2482 1844 2813 1953 έκιῖπρσώτης
2846 1881 3151 1953 ἀφετηρίας
3181 1844 3335 1944 έόλος
3371 1880 3468 1935 καὶ
3508 1898 3676 1951 παρα-

438 1963 635 2036 κιρνέις
703 1965 1046 2035 ήμερότητι,
1121 1968 1193 2022 τὰ
1269 1968 1725 2037 παρεμπίπτοντα
1804 1967 2013 2038 βασιλι-

437 2057 552 2122 κῶς
610 2057 1000 2128 μετερχόμενος
1026 2090 1042 2123 ,
1118 2059 1194 2123 ὡς
1263 2055 1376 2113 οἷόν
1449 2075 1511 2112 τε
1571 2061 1727 2113 τάκεῖ
1785 2060 2016 2113 καθίστα

437 2156 533 2211 καὶ
578 2154 981 2223 ἀσφαλέστερον
1040 2156 1300 2226 φρουροῖς
1351 2153 1695 2225 κατωχύρου.
1750 2148 1875 2223 Εἶχε
1900 2153 2012 2226 γὰρ

436 2246 536 2314 τὴν
560 2248 651 2297 uti.
680 2245 834 2299 δύσιν
864 2238 1156 2316 μέριμναν,
1216 2246 1290 2308 ὼς
1320 2247 1555 2315 ἑτοίμων
1604 2244 1740 2315 πρὸς
1772 2245 1833 2299 τὸ
1867 2247 2011 2314 ἀφη-

437 2339 554 2407 νιᾲν
581 2337 774 2401 ὄντων,
809 2339 858 2390 εί
888 2338 1171 2409 εὐκαιρίας
1200 2338 1348 2400 τινὸς
1379 2338 1815 2408 ἐπιδράττοιντο.
1851 2338 2013 2393 Ὅθεν

437 2429 829 2497 καὶπρέσῦεις
878 2431 959 2493 εἰς
999 2428 1216 2498 Πέρσας
1246 2428 1668 2492 “ὲξαποστείλας,
1718 2428 1880 2481 τοῦτο
1913 2430 2014 2498 μὲν

435 2521 777 2590 δηλώσοντας
804 2522 883 2583 είς
921 2522 1022 2591 τὴν
1046 2521 1222 2592 ἀρχὴν
1248 2522 1598 2574 καταστάντα
1632 2521 1693 2574 ὖν
1721 2520 1815 2573 καὶ
1849 2522 2011 2589 ἀκρι-
2038 2519 2043 2524 ’

437 2614 551 2678 σῶς
585 2614 785 2677 ἰδόντες
812 2614 1033 2686 ᾔδεσαν,
1067 2614 1228 2667 τοῦτο
1255 2613 1311 2667 δὲ
1363 2615 1457 2667 καὶ
1486 2614 1564 2682 τῷ
1594 2612 1827 2667 σουλτὰν
1878 2612 2012 2683 περὶ

438 2707 548 2762 τῶν
587 2708 706 2760 ἐκεῖ
736 2706 1082 2778 πραγμάτων
1118 2705 1693 2774 κοινολογησομένους,
1726 2704 1850 2758 οὐδὲ
1884 2705 2013 2758 τού·

435 2884 774 2940 alacritatem
821 2898 1033 2953 quoque
1061 2883 1350 2938 maximam
1403 2884 1698 2955 prmferens
1750 2884 1818 2941 ad
1847 2898 2013 2956 quos-

436 2974 521 3029 vis
588 2975 899 3031 subeundos
972 2974 1187 3029 labores
1253 2976 1707 3046 pugnandumque
1788 2977 2014 3031 ubicun-

438 3082 545 3134 que
602 3077 658 3121 et
710 3067 970 3122 adversus
1041 3083 1391 3136 quoscunque
1460 3069 1703 3127 duceret.
1766 3068 2010 3123 Palriar-

2119 1975 2433 2044 σπόνδησις,
2464 1976 2545 2037 εἰς
2582 1969 2695 2029 οἷον
2744 1969 2875 2044 ἦξον
2907 1973 3081 2039 τέλος,
3122 1972 3278 2028 οὐδὲν
3319 1974 3382 2028 τὺ
3429 1976 3678 2046 παράπαν

2116 2067 2382 2137 ἀγνοηθὲν
2426 2069 2538 2130 τοῖς
2590 2066 2827 2130 πολλοῖς.
2867 2066 2928 2118 Οἱ
2972 2065 3073 2134 μὲν
3104 2061 3199 2119 οὖν
3257 2066 3315 2118 ὲν
3349 2064 3493 2121 τέλει
3548 2082 3678 2128 προ-

2115 2158 2533 2232 κατελήφθησαν
2564 2156 2622 2211 εὖ
2659 2156 2927 2220 παθόντες
2964 2157 3060 2210 καὶ
3111 2154 3171 2208 εὖ
3206 2156 3287 2211 ἔτι
3316 2157 3504 2227 τυχεῖν
3534 2155 3679 2210 ὲλπῐο

2115 2242 2299 2315 ζοντες
2317 2266 2332 2281 ο
2378 2249 2610 2319 ἐπέδησε
2640 2251 2748 2317 γὰρ
2783 2247 2965 2301 αὐτῶν
2991 2247 3091 2309 τὰς
3111 2245 3389 2316 γλώσσας.
3420 2244 3557 2317 πλὴν
3575 2244 3677 2298 ὀλί-

2114 2360 2230 2412 γων
2257 2342 2418 2395 τινῶν
2460 2342 2529 2395 τὰ
2556 2341 2993 2411 φιλοτιμήματα,
3019 2339 3115 2392 καὶ
3143 2339 3290 2410 εἶχον
3320 2338 3536 2410 ἡσύχως
3561 2336 3677 2390 καθ’

2111 2437 2139 2489 ὃ
2171 2453 2224 2487 τι
2256 2432 2547 2504 πραχθείη.
2580 2430 2738 2494 Τινὲς
2780 2430 2837 2486 δὲ
2888 2431 2997 2483 τῶν
3042 2429 3230 2492 κακῶς
3284 2428 3566 2482 παθόντων
3600 2428 3676 2493 είς

2112 2528 2325 2597 ἄμυναν
2367 2522 2707 2592 λογιζόμενοι
2754 2522 2853 2590 τὴν
2896 2521 2990 2574 τοῦ
3040 2520 3230 2583 παιδὸς
3266 2519 3670 2589 καταφρόνησιν

2112 2619 2209 2673 καὶ
2237 2616 2624 2688 προσέχαιρον.
2658 2614 2722 2667 '0
2771 2614 3043 2683 μέντοιγε
3086 2610 3438 2681 πατριάρχης
3470 2608 3549 2663 ἔτι
3586 2608 3675 2664 καὶ

2111 2711 2273 2775 αὐτὸς
2305 2712 2361 2763 ὲν
2390 2709 2605 2762 ἐλπίσιν
2630 2702 2702 2778 ἦν
2731 2704 2826 2759 τοῦ
2876 2705 3044 2777 μηδέν
3069 2721 3125 2761 τι
3156 2702 3547 2775 παραὸαθῆναι
3573 2699 3671 2753 τῶν

2119 2892 2247 2951 inde
2269 2891 2563 2962 quidquam
2612 2886 2893 2943 sinistrum
2940 2883 3143 2942 hmredi
3183 2880 3461 2940 Theodori
3491 2881 3674 2954 prioris

2118 2986 2465 3057 imperatoris
2488 2984 2590 3039 sibi
2620 2981 2748 3037 olim
2782 2996 2885 3035 non
2909 2980 3103 3049 ignoti,
3128 2977 3430 3049 quinetiam
3469 2975 3675 3030 amicis-

2113 3079 2259 3136 simi.
2320 3077 2415 3132 His
2458 3076 2696 3146 peractis
2742 3073 3027 3128 celerrime
3081 3086 3363 3137 reversus,
3412 3080 3674 3138 assumpto

436 3161 595 3213 ebant
665 3158 882 3212 interim
963 3157 1196 3211 Nicaeam
1262 3159 1556 3225 prtemittit,
1616 3158 1763 3213 ιιι-ιινί
1819 3159 2009 3213 εοιιειη
2038 3195 2081 3255 c
2115 3185 2300 3227 secum
2323 3167 2531 3224 Joanne
2557 3181 2749 3237 puero,
2785 3180 2906 3219 cum
2938 3164 3217 3233 splendido
3247 3173 3511 3234 apparatu
3535 3176 3674 3230 pom-

438 3257 754 3304 secuturum
787 3261 845 3301 se
871 3246 1149 3315 pollicitus
1178 3262 1301 3299 cum
1348 3262 1517 3315 puero
1569 3249 1843 3319 Augusto,
1864 3249 2007 3316 regii

439 3338 764 3413 diadematis
808 3352 912 3391 una
968 3322 1109 3391 cum.
1152 3337 1241 3391 illo
1286 3338 1388 3392 rite
1437 3340 1750 3393 assumendi
1816 3343 2014 3408 gratia.

441 3429 625 3494 Quare
691 3429 951 3482 Arsenius
1011 3443 1134 3481 cum
1216 3429 1362 3483 clero
1420 3439 1475 3485 et
1523 3431 1846 3498 praesulibus
1893 3432 2013 3486 vale

440 3518 587 3570 dicto
622 3515 901 3585 Augustis,
933 3513 1165 3570 Nicaeam
1185 3532 1378 3571 versus
1412 3518 1518 3572 iter
1551 3519 1740 3572 tenuit.
1774 3517 2014 3588 impera-

444 3621 532 3663 tor
586 3623 721 3663 vcro
778 3608 1009 3677 sumptis
1065 3624 1247 3663 secum
1302 3610 1492 3676 copiis,
1536 3610 1791 3667 salutatis
1838 3612 1890 3666 in
1938 3612 2014 3666 di-

442 3716 635 3772 gressu
680 3700 1056 3769 optimatibus,
1104 3698 1531 3768 Philadelphiam
1580 3702 1855 3772 proiectus
1887 3702 2013 3760 inde

444 3795 755 3848 muniendis
782 3792 1000 3852 arcibus
1025 3807 1209 3849 curam
1243 3794 1527 3863 impendit,
1560 3797 1782 3851 mittens
1816 3802 1883 3851 ad
1919 3813 2013 3853 eas

444 3887 833 3957 praesidiarios,
882 3886 1287 3955 accersitosque
1317 3878 1409 3956 qui
1454 3886 1566 3942 illic
1597 3887 1818 3943 fuerant
1865 3888 2013 3944 beni-

443 3996 550 4047 gne
579 3978 874 4049 accipiens,
920 3987 975 4033 et
997 3978 1267 4033 donativis
1293 3993 1392 4049 pro
1420 3981 1573 4048 copia
1607 3982 1862 4049 prtesenti
1899 3998 2013 4037 ma-

442 4068 659 4137 gniﬁcis
705 4066 1214 4136 liberalissimisque
1241 4067 1528 4137 promissis
1555 4069 1691 4123 bene
1739 4070 2009 4127 animatos

443 4163 509 4217 ad
542 4160 995 4231 perseverandum
1026 4163 1084 4217 in
1126 4162 1229 4217 lide
1258 4162 1517 4218 custodite
1546 4164 1767 4219 creditae
1813 4180 2014 4236 speque

438 4256 629 4324 plenos
661 4256 865 4323 optima
898 4254 1181 4309 remittens
1213 4254 1354 4308 unde
1398 4267 1679 4309 venerant.
1718 4253 1853 4311 Hinc
1884 4272 2014 4325 pau-

439 4346 554 4400 lum
586 4360 907 4416 progressus
950 4357 1144 4400 cuncta
1181 4361 1280 4415 per
1311 4346 1600 4400 circuitum
1633 4347 1902 4413 lustravit,
1959 4362 2016 4403 et

441 4443 539 4492 bos
563 4439 783 4506 quidem
817 4437 1240 4493 allocutionibus
1277 4439 1548 4509 benignis,
1588 4441 1725 4495 alios
1765 4440 2011 4509 largitio-

2114 3272 2292 3329 paqne
2337 3256 2623 3325 magniﬁca
2679 3252 3109 3310 numerosissimi
3160 3254 3405 3308 satellitii
3448 3250 3668 3306 Nicaeam

2112 3351 2216 3406 iter
2269 3347 2522 3404 intendit.
2562 3347 2679 3413 Quo
2721 3354 2781 3399 ut
2828 3352 3225 3414 pervenerunt,
3274 3342 3414 3397 nihil
3448 3338 3672 3397 cunctati

2114 3444 2242 3512 (non
2267 3443 2411 3495 enim
2444 3449 2660 3509 tempus
2682 3448 2857 3492 terere
2894 3436 3112 3491 sinebat
3150 3434 3467 3491 sollicitudo
3502 3446 3668 3491 rerum

2113 3532 2499 3598 Occiduarum)
2532 3529 2715 3584 statim
2743 3543 2802 3584 se
2833 3527 3118 3598 accingere
3157 3532 3444 3595 creperum
3480 3524 3544 3577 ad
3586 3535 3669 3574 so-

2113 3627 2349 3681 lemnem
2401 3620 2833 3677 coronationem.
2891 3618 2950 3673 in
3007 3633 3113 3685 qua
3158 3629 3391 3673 eventus
3449 3613 3673 3671 ostendit

2114 3716 2315 3772 frustra
2363 3723 2640 3784 speratum
2671 3713 2738 3767 ab
2780 3712 3071 3775 universis,
3107 3718 3194 3773 ιιι,
3227 3708 3670 3777 quemadmodum

2071 3862 2075 3869 .
2114 3818 2465 3875 convenerat,
2516 3807 2664 3877 prior
2718 3803 3071 3874 imperatorio
3116 3802 3427 3856 diademate
3467 3795 3676 3866 insigni-

2114 3912 2266 3958 retur
2308 3910 2364 3954 et
2403 3901 2679 3969 Augustus
2743 3894 3137 3950 acclamaretur
3197 3890 3628 3945 adolescentulus
3653 3923 3670 3951 ,

2114 3992 2440 4063 [isteiretque
2486 3987 2697 4044 cunctis
2727 3987 2779 4040 in
2812 4000 3005 4054 pompa
3036 3980 3355 4052 triumphali
3380 4023 3397 4049 ,
3426 3997 3546 4053 quae
3585 3978 3673 4034 tali

2112 4083 2398 4140 occasione
2435 4077 2801 4136 coronationis
2830 4076 3218 4146 imperatorum
3248 4071 3390 4127 solet
3445 4067 3669 4132 institui,

2114 4173 2427 4241 l’aleologus
2473 4184 2604 4226 vero
2643 4177 2700 4224 et
2750 4165 2905 4236 hujus
2935 4164 3133 4236 conjus
3176 4165 3423 4220 secundo
3465 4170 3579 4232 post
3609 4159 3671 4215 il-

2114 4266 2222 4319 lum
2259 4263 2448 4317 ordine
2479 4258 2818 4331 procederet.

2159 4377 2212 4431 ’1.
2257 4372 2325 4431 Ut
2356 4384 2512 4444 pacta
2547 4371 2871 4444 conaminis
2903 4370 3243 4444 coronatioue
3289 4379 3639 4441 transgressus

2666 4443 2732 4494 sit
2771 4439 3122 4511 Palwologus.

442 4529 644 4594 nibus,
690 4528 957 4599 quosdam
1034 4530 1323 4599 promissis
1397 4531 1686 4587 demeruit.
1741 4533 1864 4588 Fuit
1924 4536 2012 4590 ubi
2046 4525 2091 4580 υ
2191 4538 2304 4592 lloc
2358 4551 2487 4589 vero
2547 4534 2647 4587 iuit
2692 4532 2987 4601 impingere
3042 4531 3096 4585 in
3164 4529 3329 4587 limen
3385 4541 3441 4586 et
3493 4545 3522 4582 a
3569 4525 3670 4597 pri-

440 4631 495 4675 ct
538 4630 804 4674 terrorem
851 4619 1158 4675 clementiae
1220 4620 1600 4677 submiseeret.
1651 4622 1893 4692 Denique
1944 4626 2015 4680 ibi
2118 4630 2222 4686 mis
2282 4627 2539 4683 aberrare
2606 4623 2921 4678 carceribus
2970 4637 3069 4693 per
3118 4622 3303 4676 dolum
3363 4631 3419 4677 et
3466 4617 3669 4675 imiteris

443 4712 629 4766 omnia
676 4712 1002 4766 auctoritate
1038 4726 1103 4766 ac
1126 4713 1389 4782 sapientia
1424 4713 1766 4783 majestatem
1795 4716 2011 4787 imperii
2118 4719 2540 4781 infractionem;
2589 4729 2654 4768 ex
2708 4728 2815 4783 quo
2875 4713 3021 4769 findo
3088 4714 3356 4783 principio
3419 4712 3471 4766 in
3522 4724 3665 4779 quem

442 4806 671 4860 decente
718 4804 1036 4868 constituit,
1074 4813 1130 4859 et
1162 4805 1228 4859 ad
1258 4806 1610 4861 securitatem
1645 4807 1700 4862 in
1739 4818 2014 4879 posterum

2118 4813 2280 4867 linem
2324 4806 2590 4879 proclivis
2641 4814 2788 4860 esset
2828 4804 3128 4875 prolapsio,
3168 4819 3329 4859 nemo
3382 4803 3490 4857 fere
3551 4815 3668 4871 pru-

441 4897 711 4970 pra‘sidiis
758 4896 970 4952 idoneis
1020 4896 1281 4955 ﬁrmavit.
1327 4897 1650 4954 lmminebat
1684 4901 1825 4955 enim
1851 4902 1905 4956 in
1935 4916 2019 4955 re-
2115 4901 2353 4957 deutium
2423 4912 2527 4951 non
2562 4895 2852 4950 sentiebat.
2903 4892 3099 4948 Verum
3160 4894 3524 4965 prieoccupati
3585 4892 3670 4943 be-

445 5002 566 5043 rum
607 4985 970 5042 Occiduarum
1020 4999 1244 5059 curam,
1286 5002 1409 5042 cum
1458 5004 1568 5043 non
1618 4989 1898 5060 ignoraret
1934 4992 2017 5047 in-

443 5077 598 5131 hiare
654 5075 815 5129 rebus
852 5074 1008 5129 novis
1040 5074 1131 5142 qui
1158 5075 1449 5142 plurimum
1494 5079 1605 5133 illic
1644 5088 1927 5149 poterant,
1959 5090 2016 5135 et

441 5168 508 5223 ad
538 5164 951 5223 detrectandam
985 5166 1302 5234 obsequium
1327 5168 1624 5239 iugumque
1649 5171 1823 5239 palam
1848 5188 2014 5227 excu-

445 5257 688 5316 tiendum
719 5257 853 5313 nihil
884 5254 984 5311 nisi
1001 5260 1337 5313 commodam
1362 5263 1708 5318 Occasionem
1735 5275 2019 5330 exspecta-

441 5366 523 5410 re.
555 5350 793 5408 Indidem
828 5350 992 5404 etiam
1025 5350 1233 5419 legatos
1260 5353 1326 5407 ad
1362 5353 1555 5409 Persas
1592 5356 1777 5422 misit;
1813 5357 2013 5425 partim

445 5451 506 5499 ut
541 5442 642 5496 illis
665 5440 997 5512 signiﬁcaret
1028 5458 1182 5496 suam
1213 5445 1557 5499 evectionem
1603 5446 1655 5499 in
1697 5446 2013 5516 imperium,

445 5549 570 5602 qum
617 5543 769 5602 grata
817 5534 948 5603 ipsis
978 5534 1079 5589 fuit
1101 5537 1170 5590 ob
1214 5537 1450 5606 priorem
1495 5537 1614 5607 ejus
1664 5538 1911 5593 notitiam
1961 5547 2016 5593 et

446 5626 741 5683 amicitiam
773 5636 1044 5694 veterem;
1082 5629 1280 5698 partim
1320 5638 1377 5683 nt
1402 5631 1602 5685 sultani
1636 5633 1876 5699 quaedam
1931 5634 2014 5686 in-

448 5717 615 5774 terius
642 5718 1108 5773 communicarent
1126 5722 1192 5775 de
1216 5722 1375 5777 modo
1409 5731 1463 5777 et
1495 5724 1674 5778 rausis
1699 5724 2014 5777 mutationis

450 5806 609 5891 100
628 5822 798 5881 nuper
825 5807 1002 5879 factae,
1024 5824 1143 5884 qua:
1168 5810 1316 5867 illum
1339 5820 1644 5870 averterent
1670 5828 1698 5867 a
1727 5811 2015 5869 metuendo

2118 4988 2327 5045 neliciis
2374 5000 2430 5044 et
2482 4986 2739 5057 suspensi
2786 4987 2991 5057 spebus
3023 4987 3273 5058 plerique
3318 4986 3667 5057 potentiorum

2119 5088 2411 5136 tacuerunt
2448 5097 2462 5134 :
2510 5079 2728 5146 linguas
2758 5077 2908 5131 enim
2944 5078 3187 5132 omnium
3214 5120 3231 5144 ,
3279 5076 3559 5146 perpaucis
3585 5088 3669 5126 es-

2117 5173 2311 5244 ceptis,
2337 5171 2642 5226 ambitiosae
2675 5170 2996 5239 largitiones
3026 5171 3407 5233 devinxerant,
3432 5178 3490 5223 ut
3519 5165 3665 5237 ψιίιΙ-

2115 5264 2201 5319 vis
2233 5261 2380 5316 taciti
2422 5260 2646 5316 ferrent.
2681 5259 2909 5326 Quidam
2933 5261 3099 5314 etiam
3133 5275 3160 5314 a
3190 5268 3343 5330 patre
3371 5257 3525 5329 pueri
3554 5268 3665 5322 qua:

2116 5370 2224 5409 non
2269 5352 2549 5406 voluerant
2588 5351 2758 5420 passi,
2794 5350 3134 5404 dulcedinem
3178 5351 3433 5404 vindictae
3476 5361 3659 5418 qnam-

2115 5445 2238 5500 dam
2288 5441 2647 5505 degustabant
2698 5442 2754 5494 in
2800 5441 3152 5509 depressione
3216 5439 3311 5493 ﬁlii
3355 5438 3471 5506 ejus
3505 5454 3531 5489 a
3563 5449 3661 5504 quo

2116 5552 2175 5590 se
2204 5534 2424 5587 affectos
2460 5531 2653 5597 injuria
2692 5532 2974 5599 putabant.
3017 5529 3198 5596 Quare
3250 5529 3353 5583 hoc
3406 5528 3535 5597 ipsis
3574 5526 3660 5593 ju-

2117 5626 2352 5681 cundum
2397 5621 2697 5677 accidebat.
2735 5620 3052 5675 Patriarcba
3090 5631 3235 5675 totus
3270 5619 3578 5674 incumbens
3600 5611 3661 5667 ad

2116 5714 2441 5786 sperandum
2477 5712 2617 5780 quod
2644 5711 2888 5781 optabat,
2917 5721 3031 5765 rata
3065 5711 3312 5765 videlicet
3345 5717 3499 5781 pacta
3539 5722 3660 5760 con-

2118 5816 2277 5866 venta
2312 5806 2365 5860 in
2408 5820 2618 5861 summa
2650 5803 2724 5859 rei
2768 5806 2904 5869 lore,
2946 5803 3079 5859 uibil
3118 5804 3171 5859 iu
3220 5802 3304 5858 bis
3354 5810 3662 5870 magnopere
