3952 6528
395 372 502 436 539
1598 367 1926 429 GEORGII
1965 367 2449 431 PACHYMEBAZ
3536 372 3630 437 550

393 485 543 548 διξεν
565 483 640 547 ὡς
665 481 825 546 αὐτὸς
851 479 935 552 εἴη
969 481 998 534 ὀ
1050 479 1441 552 προαγγέλλων
1477 480 1575 553 τὴν
1605 481 1883 553 βασιλείαν
1910 483 1968 537 ἐν
1995 482 2046 542 Α
2072 480 2557 552 προσέμενος,άλλ’
2585 480 2643 546 ἐξ
2673 480 2920 552 ἀνάγκης
2953 480 3048 536 καὶ
3073 481 3166 554 βίᾳ
3193 479 3290 536 τοῦ
3326 483 3630 549 συνειδότος,

399 576 636 637 ἰδιώταις
669 574 751 628 ἔτι
778 573 1020 627 τελοῦντι
1049 575 1250 639 (Cavea;
1300 573 1395 627 τοῦ
1437 573 1724 644 βασιλέως,
1757 576 1965 637 ἔικετνος
2074 576 2139 627 ⁸0
2165 573 2227 644 δὴ
2254 573 2316 626 τδ
2347 574 2533 642 ὁμοῖον
2567 573 2881 642 ὑπέφηνενο
2912 573 3098 642 ὁμοῖος
3126 575 3236 645 γάρ
3291 574 3526 647 πόλεμος
3550 584 3632 635 καὶ

395 670 492 722 καὶ
516 668 948 737 προσωμολόγει,
984 669 1079 720 καὶ
1136 667 1357 737 ἕτοιμον
1397 667 1591 720 ἑαυτὸν
1624 669 1854 738 παρεῖχε
1885 668 1969 720 δέ·
2069 667 2255 736 ὁμοῖον
2290 665 2471 734 γῆρας
2509 664 2588 736 τῷ
2620 668 2820 736 ποιητῇ
2855 665 3170 737 λελέχαται.

396 759 584 831 χεσθαί
617 777 674 812 τε
699 760 791 811 καὶ
823 759 1095 830 στέργειν,
1124 758 1286 826 εἴπερ
1321 761 1378 811 ὲν
1413 759 1586 812 ἅπασι
1619 761 1920 828 προηγοῖτο
1942 759 1970 812 δ
2153 757 2306 811 Ἐπεὶ
2339 758 2471 826 γοῦν
2506 759 2574 812 τά
2593 758 2692 828 τῆς
2722 759 2998 829 βασιλείου
3022 760 3247 831 τελετῆς
3284 761 3514 831 ἧνυσται
3551 765 3636 818 καὶ

395 849 538 904 κατὰ
564 849 931 918 κληρονομίαν
960 849 1233 915 βασιλεύς.
1282 849 1368 912 Ὠς
1393 849 1437 902 δ’
1461 851 1657 919 ἐκείνῳ
1689 850 1971 920 παρίστων
2070 849 2181 903 ἔδει
2241 851 2442 921 χωρεῖν
2504 850 2634 913 τοὺς
2675 850 3008 920 στεφθέντας
3058 854 3196 922 πρὸς
3239 853 3309 905 τά
3346 853 3630 922 ἀνάκτορα,

398 941 492 994 καὶ
519 940 581 993 τὸ
627 941 842 995 παιδίον,
876 940 1325 1010 διερμηνεύοντες
1373 939 1696 994 κατανεύειν
1749 939 1810 992 τὸ
1856 957 1975 992 ται·
2074 941 2418 1012 προηγοῦντο
2461 943 2564 1012 μὲν
2595 943 2647 996 οἱ
2683 941 2744 996 τδ
2789 945 2985 1012 στέφος
3016 942 3324 1013 δεξάμενοι,
3360 945 3638 1014 μεθείπετο

397 1033 661 1100 νιωθῆναι
700 1034 859 1099 μόνον
889 1033 1119 1091 ἐκεῖνον,
1165 1033 1259 1085 καὶ
1311 1033 1472 1086 αὐτὸν
1507 1034 1752 1104 ἀγαπᾷν,
1781 1033 1877 1086 καὶ
1909 1033 1974 1103 δὴ
2072 1034 2128 1087 δὲ
2156 1034 2216 1087 τὸ
2246 1034 2459 1088 παιδίον
2485 1036 2587 1088 οὐκ
2615 1036 2673 1088 ὲν
2692 1035 2878 1103 στέφει
2915 1033 3217 1104 βασιλικῷ,
3252 1035 3372 1088 ἀλλ’
3411 1037 3468 1090 ὲν
3507 1039 3643 1110 μόνῳ

398 1123 574 1179 ταῦτα
607 1126 743 1196 πρὸς
770 1127 860 1177 τὸν
884 1125 1146 1196 ἀρχιερέα
1184 1125 1438 1194 ψελλίζον
1465 1126 1652 1194 ἔλεγεν
1695 1125 1772 1188 ὡς
1800 1143 1975 1180 κατα·
2075 1125 2407 1197 κεκρυφάλῳ
2450 1125 2812 1196 ἡμιτυμὸίῳ,
2872 1125 3043 1188 λίθοις
3089 1130 3184 1180 καὶ
3224 1127 3527 1198 μαργάροις
3555 1147 3644 1182 κε-

400 1217 613 1287 δέχοιτο
637 1255 653 1284 ,
686 1219 734 1269 εί
786 1218 948 1286 μόνον
997 1218 1129 1271 αὐτὸ
1160 1217 1274 1289 ζῴη
1333 1219 1502 1288 μηδὲν
1535 1217 1708 1272 παθὸν
1735 1219 1800 1272 ἔκ
1828 1235 1978 1282 τινος
2077 1217 2434 1287 κοσμημένῳ.
2472 1213 2584 1271 Ἦν
2612 1217 2656 1270 δ’
2684 1219 2878 1288 ἐκείνῳ
2913 1218 3073 1288 μέλον
3104 1216 3258 1271 οὐδὲν
3311 1217 3387 1288 μὴ
3429 1219 3642 1286 νοοῦντι,

403 1305 488 1379 [Ρ.
525 1307 614 1380 66]
645 1309 855 1377 (πολλοὶ
887 1308 995 1376 γάρ
1035 1309 1130 1362 καὶ
1160 1309 1419 1379 ἠπείλουν
1451 1308 1976 1377 προεξανίστασθαι,
2076 1308 2309 1372 ἕκαστος
2335 1309 2392 1362 δὲ
2442 1309 2504 1361 τὸ
2543 1308 2668 1362 καθ’
2716 1308 2912 1363 ἑαυτὸν
2965 1308 3182 1362 σκοπῶν
3226 1309 3288 1362 οὐ
3342 1314 3641 1379 προσεῖχεν.

403 1402 451 1452 εί
479 1400 779 1470 άντέχοιτο,
799 1399 972 1452 καὶτὸ
995 1399 1256 1452 Κελτικὸν
1276 1399 1648 1469 πελεκυφόρον
1679 1396 1982 1469 περιεστὼς
2082 1401 2321 1470 Ἔμελλε
2349 1401 2394 1454 δ’
2429 1400 2631 1464 αὐτοὺς
2669 1401 2886 1464 πάντως
2919 1401 2955 1470 ἡ
2989 1400 3112 1471 δίκη
3144 1402 3226 1465 εις
3249 1401 3313 1454 τδ
3369 1403 3647 1472 μετέπειτα

402 1490 624 1559 ἕτοιμον
665 1486 736 1562 ἦν
794 1489 891 1544 καὶ
947 1489 1092 1544 κατὰ
1142 1489 1391 1558 φυλακὴν
1449 1489 1547 1542 καὶ
1579 1491 1700 1543 κατ’
1735 1489 1982 1543 ἐπίθεσιν
2083 1491 2384 1565 μετελθεῖν,
2419 1493 2498 1556 ὡς
2531 1491 2882 1563 ἐγνώκαμεν.

405 1584 694 1652 πράττειν,
733 1583 838 1650 εἴγ’
865 1581 1109 1653 ὁρισθείη
1142 1584 1294 1651 παρὰ
1324 1583 1436 1636 τῶν
1463 1582 1789 1652 δυναμένων
1823 1583 1984 1652 μάλι-
2081 1604 2146 1661 θοο
2181 1607 2383 1671 ὀπως
2431 1604 2714 1673 στεφθεις
2761 1606 2795 1658 δ
2847 1603 3090 1673 Μιχαὴλ
3127 1603 3476 1659 ὑπεποιεῖτο
3519 1607 3650 1672 to“:

407 1676 555 1743 στα),
579 1677 607 1728 ὁ
635 1676 926 1745 ἀρχιερεὺς
950 1675 1104 1742 ὀλίγα
1126 1675 1235 1727 τῶν
1267 1678 1424 1744 παρά
1471 1674 1566 1728 τοῦ
1613 1675 1802 1738 παιδὸς
1827 1677 1986 1743 λεγο-
2319 1675 2594 1740 πολλοὺς
2623 1676 2722 1729 καί
2747 1674 2956 1744 λόγοις
2980 1674 3079 1727 καὶ
3113 1673 3434 1741 πράξεσιν.

408 1766 588 1836 μένων
619 1767 926 1838 φροντίζων
962 1769 1080 1830 ἑνὸς
1103 1762 1171 1838 ἦν
1199 1765 1296 1820 τοῦ
1335 1766 1478 1834 ὑπὲρ
1515 1765 1726 1819 ἐκείνου
1759 1766 1984 1837 ἁντέχε-
2015 1826 2053 1838 __
2155 1766 2289 1820 Τότε
2315 1766 2372 1820 δὲ
2403 1765 2762 1836 ἀτημελήτως
2798 1766 2860 1819 τὸ
2893 1766 3109 1820 παιδίον
3149 1766 3340 1834 διάγον
3373 1766 3509 1838 πρὸς
3537 1784 3652 1820 παι-

407 1826 555 1910 οθαι.
617 1826 754 1908 ’Χλὶυ
795 1826 1072 1925 ἀνντίσχειν
1117 1826 1199 1919 είς
1252 1857 1403 1919 τέλος
1438 1826 1538 1909 οὐκ
1586 1840 1735 1926 εἶχε·
1792 1826 1981 1910 πολλοὶ
2015 1826 2056 1882 Β
2083 1859 2255 1928 γνίοις
2282 1856 2350 1928 ἦν
2381 1826 2685 1925 παιδικοῖς,
2735 1857 2830 1913 καὶ
2861 1859 2890 1911 δ
2935 1826 3265 1928 βασιλεύων.
3305 1859 3366 1912 ὲν
3420 1826 3652 1928 δημηγο-

407 1945 518 2017 γάρ
554 1946 648 2000 καὶ
681 1947 1100 2015 προσωνείδιζον
1125 1946 1222 2000 καὶ
1269 1947 1685 2018 προὺτρέποντο
1706 1947 1984 2018 νεμεσῶν-
2086 1952 2233 2022 ρίαις
2262 1953 2361 2020 τῆς
2385 1951 2603 2023 ἠμέρας
2631 1950 2918 2020 συχνάκις.
2944 1945 3062 2004 Εἶθ’
3093 1948 3329 2019 ὕστερον
3374 1951 3469 2002 καὶ
3499 1966 3656 2020 προσ-

406 2053 520 2102 τες,
549 2040 599 2092 εί
626 2039 787 2108 μόνος
839 2039 1001 2102 αὐτὸς
1033 2040 1200 2111 ὁμόσε
1246 2039 1524 2102 τοσούτοις
1579 2042 1809 2111 χωροίη.
1847 2041 1982 2094 Τότε
2085 2043 2542 2113 φιλοτιμούμενος
2589 2043 2720 2106 τοὺς
2776 2041 3031 2108 πολλοὺς,
3077 2041 3226 2095 κατὰ
3284 2043 3450 2108 μέσον
3507 2041 3648 2109 σφῶν

407 2132 704 2201 τοιγαροῦν
755 2133 1067 2202 ὑπογράφει
1113 2135 1365 2198 κάκεῖνος
1414 2135 1681 2198 πεισθείς.
1714 2133 1861 2206 Πλὴν
1901 2135 1984 2198 είς
2083 2135 2335 2207 ἐρρίπτει
2363 2135 2456 2188 καὶ
2502 2135 2844 2206 ἀμφοτέραις
2865 2132 3128 2204 ἀργύρια.
3161 2132 3224 2186 0!
3266 2133 3326 2186 δὲ
3363 2132 3653 2201 προσυλλὲ-

409 2222 643 2292 πιθανὴν
664 2222 930 2276 δοκοῦσαν
961 2224 1296 2295 παραίτησιν
1315 2225 1376 2278 τὸ
1408 2226 1789 2296 ὁμοιοτρόπως
1815 2242 1986 2297 προσ·
2084 2244 2274 2296 γοντες
2293 2227 2565 2298 άνύμνουν
2587 2224 2747 2298 δῆθεν
2767 2226 2858 2280 τδν
2882 2225 3203 2296 εὐεργέτην,
3239 2225 3452 2277 παιδίον
3475 2226 3565 2278 καὶ
3591 2225 3653 2280 τά

410 2316 569 2369 έθετο
588 2333 602 2346 ·
662 2316 758 2369 τοῦ
791 2317 982 2385 ὁμοίου
1015 2318 1126 2386 γάρ
1161 2318 1254 2370 ἐπὶ
1280 2317 1577 2389 χειρίστοις
1628 2317 1985 2388 λαμϐανομέ-
2087 2318 2209 2372 κατ’
2232 2320 2409 2372 ἐκεῖνο
2432 2319 2643 2390 χαίρειν
2665 2319 2888 2383 ἐῶντες,
2921 2318 3046 2389 μηδ’
3067 2313 3128 2372 οί
3147 2317 3321 2372 κακοῦ
3350 2319 3546 2380 εἰδότες
3571 2337 3655 2385 γε-

411 2426 503 2462 νου
532 2408 683 2476 παρὰ
707 2408 785 2476 τῷ
810 2412 1035 2480 ποιητῇ,
1068 2409 1330 2478 ἐξέφηνεν
1379 2411 1587 2472 ἐκεῖνος
1619 2413 1683 2464 ὲκ
1712 2410 1906 2465 τούτου
1926 2411 1988 2464 τὸ
2086 2409 2330 2478 γόνασιν.
2371 2409 2438 2462 Ἥ
2461 2410 2570 2480 γάρ
2596 2411 2737 2464 κατὰ
2771 2409 3002 2482 θατέρου
3031 2411 3297 2480 ἐπιϐουλὴ
3331 2409 3418 2482 [Ρ.
3455 2409 3542 2481 67]
3568 2413 3654 2464 τοῦ

413 2501 818 2568 άναγκαστικδν
847 2505 938 2554 καὶ
985 2503 1327 2572 κακότροπον
1374 2505 1476 2572 τῆς
1528 2503 1879 2575 ὑπογραφῆς,
1911 2505 1989 2568 ὡς
2089 2503 2277 2571 ἐτέρου
2301 2500 2555 2555 ἐντεῦθεν
2575 2502 2797 2572 ἧρχετο.
2826 2501 2893 2554 Τί
2930 2501 3064 2569 γοῦν
3089 2501 3312 2566 λοιπόν;
3365 2502 3547 2573 ὑγρῶν
3576 2504 3660 2556 δν-

413 2592 516 2646 οὺκ
544 2593 602 2645 έν
633 2592 771 2662 καλῇ
808 2593 1026 2655 πάντως
1057 2591 1240 2645 πίστει
1279 2593 1376 2646 καὶ
1409 2575 1597 2664 χάριτι
1642 2593 1742 2663 τὴν
1787 2592 1988 2664 πρᾶξιν
2089 2611 2200 2649 των
2239 2593 2318 2647 ἔτι
2339 2593 2449 2647 τῶν
2471 2593 2881 2664 γεγραμμένων
2915 2591 3074 2646 αὐτοὶ
3103 2592 3452 2663 κατημέλουν
3487 2594 3558 2665 μὴ
3583 2593 3655 2658 ξί-

417 2775 506 2828 cui
539 2774 671 2829 alias
699 2775 928 2844 privato,
957 2786 1214 2846 regnante
1243 2776 1419 2832 adhuc
1449 2776 1606 2844 hujus
1635 2777 1784 2848 pueri
1815 2785 1988 2847 patre,
2092 2776 2458 2842 conscientia;
2511 2776 2741 2846 ideoque
2771 2775 2823 2830 id
2855 2773 3106 2830 similiter
3134 2789 3192 2830 se
3223 2774 3406 2829 facere
3453 2774 3654 2838 dixisse,

420 2866 705 2937 imperium
737 2869 1094 2936 prmdixisset,
1127 2885 1268 2924 nunc
1314 2879 1423 2924 tam
1468 2871 1820 2939 pertinaciter
1847 2871 1994 2926 obsi-
2098 2870 2202 2925 hoc
2234 2881 2319 2926 est
2345 2869 2598 2938 pessime,
2629 2883 2736 2936 quo
2761 2882 2923 2922 sensu
2969 2867 3146 2922 simile
3190 2867 3387 2922 bellum
3417 2877 3471 2922 et
3499 2867 3660 2920 simile

420 2968 589 3012 steret
639 2959 998 3012 necessariam
1051 2959 1264 3012 tuenda:
1314 2959 1560 3027 dignitati
1609 2975 1721 3013 rem
1769 2961 1993 3029 petenti,
2097 2962 2307 3015 senium
2343 2957 2611 3012 Homerus
2644 2958 2863 3012 dixerit.

420 3047 695 3101 recordari
731 3063 788 3101 se
835 3047 923 3101 ille
957 3063 1021 3102 ac
1064 3049 1311 3115 probare,
1341 3049 1493 3110 dixit,
1531 3050 1623 3103 sed
1658 3049 1736 3103 sic
1779 3052 1993 3104 demum
2171 3052 2242 3107 Ut
2268 3066 2400 3119 ergo
2435 3051 2804 3106 coronationis
2860 3048 3179 3103 caeremonia
3226 3055 3442 3116 peracta
3478 3057 3573 3110 est,
3612 3055 3662 3100 et

423 3139 703 3207 Palmologi
735 3141 922 3193 honori
956 3141 1229 3208 assentiri,
1256 3141 1300 3194 si
1339 3142 1539 3209 primas
1573 3141 1728 3211 103
1755 3141 1995 3194 ouminm
2025 3156 2068 3213 ο
2102 3147 2392 3216 procedere
2424 3145 2473 3196 in
2508 3144 2768 3212 palatium
2803 3143 3072 3210 Augustos
3117 3141 3382 3208 oportuit,
3447 3141 3658 3206 praeive-

421 3231 589 3286 ferret
605 3233 694 3301 qui
717 3233 1054 3286 ltaareditario
1075 3232 1365 3301 imperaret
1385 3233 1528 3301 jure.
1549 3231 1696 3286 Tunc
1717 3234 1805 3302 qui
1831 3247 1994 3304 agen-
2106 3248 2228 3292 runt
2249 3240 2338 3308 qui
2361 3237 2602 3294 coronati
2636 3237 2852 3290 luerant
2877 3236 3209 3304 Palzeologus
3230 3249 3356 3288 cum
3385 3233 3538 3302 1οά,
3550 3247 3664 3284 ron-

426 3337 531 3379 tem
579 3325 679 3379 ltac
729 3327 1030 3379 constantia
1085 3324 1622 3380 Thessalonicensem
1676 3327 1999 3381 circumsta-
2099 3327 2250 3397 juge,
2276 3336 2392 3396 post
2412 3328 2555 3390 ipsos
2575 3325 2996 3396 puersineregia
3016 3323 3666 3390 corona,sedsimpliciter

426 3416 576 3478 bant,
604 3415 1000 3470 admonuerunt
1021 3425 1077 3469 ut
1101 3426 1330 3471 mentem
1359 3415 1664 3471 adverteret
1691 3419 1754 3470 ad
1779 3419 2003 3472 iunuen—
2108 3420 2392 3476 redimitus
2417 3419 2546 3472 vitta
2584 3417 2852 3471 limbriata
2884 3416 3111 3486 gemmis
3146 3426 3200 3468 et
3230 3415 3538 3481 margaritis
3587 3427 3664 3464 or-

430 3517 536 3560 tem
571 3507 668 3574 ipsi
703 3523 799 3575 pro
845 3523 948 3576 quo
987 3519 1092 3560 tam
1135 3509 1448 3576 pugnaciter
1476 3509 1715 3563 certabat
1753 3511 2002 3578 puerum“,
2108 3522 2255 3568 nata.
2287 3510 2397 3566 Nec
2423 3510 2510 3565 ille
2540 3511 2590 3562 id
2621 3510 2828 3563 scilicet
2861 3507 3104 3570 curabat,
3151 3521 3246 3574 per
3274 3517 3490 3562 aetatem
3546 3520 3665 3557 non-

429 3610 478 3648 ιιι
509 3609 660 3666 gestu
699 3599 1023 3652 indicantem
1071 3600 1212 3663 aequi
1259 3598 1494 3668 bonique
1533 3613 1592 3652 se
1635 3599 1916 3654 consulere
1949 3610 2006 3654 ut
2107 3605 2236 3658 dum
2277 3603 2535 3657 sentiens.
2572 3601 2636 3655 Et
2659 3616 2728 3655 ne
2757 3601 2822 3655 ad
2855 3600 2995 3654 istud
3024 3613 3351 3669 magnOpere
3386 3606 3668 3665 praisentes

431 3690 580 3744 solus
611 3689 942 3758 I’alaaologus
973 3702 1358 3756 coronaretur;
1409 3707 1515 3760 quo
1548 3691 1678 3745 nilnil
1713 3690 1798 3744 ille
1829 3701 2008 3746 motus
2108 3695 2478 3755 adverterent,
2499 3708 2562 3747 ea
2581 3708 2744 3746 causa
2774 3701 2912 3754 erat,
2934 3691 3076 3759 quod
3106 3691 3260 3745 veriti
3293 3690 3492 3757 passim
3521 3703 3668 3755 quor-

431 3783 634 3837 audivit
679 3783 839 3836 etiam
892 3800 1012 3840 mox
1061 3799 1190 3838 voce
1223 3782 1550 3837 balbutiente
1598 3784 1698 3837 sibi
1739 3783 2005 3836 dicentem
2109 3801 2228 3840 sunt
2265 3787 2380 3839 haec
2409 3793 2718 3851 vcrgerent,
2758 3785 3044 3838 vertebant
3089 3798 3186 3852 pro
3233 3797 3290 3835 se
3327 3783 3553 3850 quisque
3582 3795 3669 3832 cu-

430 3874 716 3942 Joannem,
748 3875 991 3930 sufﬁce-re
1023 3878 1122 3930 sibi
1157 3887 1283 3928 tunc
1305 3876 1523 3946 quidem
1553 3875 1599 3930 si
1635 3884 1782 3929 tutus
1809 3875 2011 3930 viveret
2112 3892 2200 3930 ras
2226 3878 2274 3928 in
2308 3891 2448 3941 sese,
2491 3894 2552 3928 ac
2584 3875 2664 3927 vel
2701 3875 2753 3928 in
2788 3885 2931 3926 metu
2985 3875 3066 3926 vel
3104 3875 3156 3926 in
3207 3887 3300 3939 spe
3363 3887 3536 3924 rerum
3568 3885 3669 3935 pro-

431 3980 486 4022 et
517 3985 743 4024 securus
767 3985 794 4022 a
822 3969 897 4024 vi.
932 3968 1078 4022 Multi
1106 3971 1249 4024 enim
1284 3968 1630 4024 minabantur
1656 3983 1714 4023 se
1743 3970 1916 4035 ipsum
1944 3967 2011 4022 de
2112 3972 2349 4036 priartun
2404 3968 2742 4022 habitabant.
2799 3967 3001 4022 Omnes
3042 3980 3205 4031 porro
3263 3961 3671 4018 machinatimis

437 4062 614 4117 medio
640 4063 971 4128 sublaturos,
1001 4063 1044 4116 si
1073 4062 1386 4125 resisteret;
1419 4063 1709 4131 aderatque
1737 4059 2008 4114 Celtarum
2113 4063 2273 4131 hujus
2296 4062 2568 4115 insidiosae
2599 4061 2894 4128 participes
2925 4059 3104 4114 divina
3147 4056 3367 4120 deinde,
3396 4068 3449 4108 ut
3491 4065 3672 4122 cogno-

437 4170 656 4210 secures
686 4154 1014 4223 gestantiutn
1047 4155 1405 4208 circumstans
1432 4155 1647 4218 cohors,
1675 4152 1895 4220 ancip’ti
1920 4153 2014 4205 οὺ-
2114 4157 2312 4220 vimus,
2340 4169 2439 4208 suo
2471 4163 2713 4224 tempore
2737 4155 2872 4207 ultio
2902 4153 3136 4222 excepit.

436 4250 624 4316 seqnio
677 4246 742 4300 ad
795 4255 980 4300 nutum
1041 4248 1404 4316 potentiorum
1463 4255 1677 4311 parata,
1734 4247 1816 4296 vel
1875 4255 1992 4296 tuor

2114 4269 2168 4323 9.
2204 4266 2269 4322 Ut
2301 4280 2578 4322 coronatus
2608 4268 2838 4323 Michael
2869 4269 3254 4322 multitudine»:
3289 4263 3673 4322 delinierituer-

439 4353 666 4407 puerum
701 4338 778 4390 vel
805 4337 1010 4403 tollere,
1038 4353 1100 4392 ac
1129 4336 1308 4390 facere
1332 4335 1550 4390 omnino
1576 4336 1834 4405 quidquid
1860 4335 2014 4403 jube-
2761 4344 2838 4392 bis
2878 4352 2924 4392 et
2957 4340 3136 4407 factis.

441 4440 608 4482 retur.
647 4429 750 4482 Sed
788 4429 1162 4482 contemnebat
1199 4429 1328 4481 istas
1375 4441 1589 4495 quoque
1628 4435 1683 4478 ut
1729 4427 1879 4494 pueri
1913 4441 2012 4479 ex-
2038 4491 2080 4500 ᾳ
2191 4431 2340 4486 Tunc
2373 4447 2502 4486 vero
2535 4446 2784 4485 securam
2825 4433 2986 4485 vitam
3024 4445 3160 4500 puer
3211 4433 3412 4498 degens
3454 4438 3593 4482 totus
3628 4425 3675 4477 in

441 4536 654 4587 pressas
711 4535 852 4574 metu
902 4537 1058 4574 voces
1109 4531 1352 4587 perstans
1388 4518 1683 4586 intrepidus
1732 4519 1785 4570 in
1836 4527 2008 4585 erepta
2038 4491 2088 4550 D
2116 4523 2338 4578 ludicris
2366 4535 2418 4578 et
2449 4525 2590 4578 illius
2623 4526 2796 4577 aetatis
2826 4522 3242 4577 remissionibus
3269 4531 3408 4576 erat.
3447 4521 3673 4584 impera-

442 4613 833 4667 intcrct-ssione
864 4610 1383 4671 Thessalonicensis,
1421 4611 1470 4662 in
1503 4624 1608 4662 uno
1633 4623 1846 4676 semper
1877 4610 2015 4664 lixus
2117 4625 2204 4669 tor
2231 4618 2427 4682 saepius
2461 4618 2510 4670 in
2543 4619 2628 4670 die
2656 4619 2720 4669 ad
2773 4616 3086 4669 concionem
3149 4614 3384 4677 dicebat,
3431 4609 3675 4664 subinde-

441 4721 507 4760 eo
554 4707 694 4774 quod
742 4683 972 4759 dixerat.
1032 4705 1226 4757 Verum
1282 4703 1572 4772 persistere
1611 4703 1676 4754 ad
1717 4713 2016 4757 extremum
2117 4715 2330 4774 ψιοκιιῑ
2365 4705 3262 4772 peroraverat,deliuiendaecausa
3304 4699 3674 4756 multitudinis.

445 4815 550 4851 non
586 4795 752 4850 valuit
787 4816 801 4851 :
835 4805 1050 4849 coortus
1087 4796 1230 4850 enim
1257 4805 1338 4849 est
1366 4795 1574 4848 clamor
1607 4796 1658 4849 in
1691 4809 1814 4847 eum
1851 4793 2019 4862 pluri-
2119 4807 2404 4865 argenteos
2439 4805 2668 4863 utraque
2713 4810 2876 4848 manu
2907 4798 2958 4847 in
2990 4795 3221 4847 medium
3252 4792 3480 4846 conferti
3526 4803 3678 4857 popu-

446 4906 655 4942 tuorum
692 4891 936 4943 certatim
971 4905 1071 4956 qua
1106 4887 1437 4940 monentium
1471 4903 1574 4955 qna
1605 4885 2020 4954 increpantium,
2123 4889 2154 4940 li
2184 4889 2444 4957 jactabat.
2474 4885 2546 4940 Illi
2581 4889 2832 4938 certatim
2878 4885 3197 4955 colligentes
3232 4883 3477 4935 laudibus
3509 4877 3677 4931 videli-

444 4981 637 5046 etzquid
670 4982 890 5049 puderet
927 4994 1093 5032 unum
1145 4987 1221 5033 tot
1252 4985 1307 5032 et
1355 4978 1549 5031 talibus
1596 4978 1723 5031 viris
1753 4991 1932 5030 coram
1970 4978 2020 5028 itt
2123 4991 2207 5032 cet
2243 4980 2502 5033 tollebant
2537 4979 2838 5032 beneﬁcum
2866 4977 3196 5044 largitorem,
3224 4991 3446 5044 puerum
3496 4982 3548 5024 et
3605 4982 3678 5020 ηδε

445 5086 507 5123 os
540 5073 803 5125 obsistt-ro
843 5071 1243 5140 adversumque
1281 5072 1422 5124 nili?
1453 5073 1634 5126 Victus
1677 5070 1837 5140 igitur
1869 5065 2021 5120 tleni-
2123 5069 2243 5136 ejus
2266 5071 2448 5122 valere
2483 5069 2764 5137 jubebant,
2799 5068 2971 5137 ignari
3009 5067 3228 5135 quidem
3259 5081 3367 5131 quo
3429 5063 3675 5116 malorum

445 5179 553 5230 que
584 5161 921 5228 subscripsit,
967 5164 1057 5214 sed
1093 5163 1157 5215 iis
1186 5162 1360 5214 verbis
1391 5178 1509 5230 qua!
1541 5171 1685 5215 recte
1719 5160 2024 5226 intelligen-
2126 5161 2496 5214 devertissent.
2525 5159 2656 5211 Nam
2690 5161 2840 5212 initia
2877 5159 2988 5211 lucc
3017 5167 3176 5210 erant
3213 5157 3528 5210 insidiarum
3558 5152 3677 5202 alte-

449 5255 598 5305 tibus
642 5261 909 5305 extortam
961 5253 1137 5303 manui
1187 5252 1655 5321 subscriptionem,
1705 5267 1811 5304 non
1847 5250 2026 5302 animo
2130 5253 2241 5304 rius
2272 5251 2634 5316 Augustorum
2671 5249 2723 5302 in
2768 5249 3022 5302 alterum.
3054 5247 3293 5316 Populus
3328 5255 3502 5297 autem
3555 5238 3655 5293 obli

449 5345 773 5397 sententiam
812 5342 1111 5396 indicarent
1146 5357 1159 5395 :
1191 5343 1478 5411 adscripsit
1511 5345 1652 5397 enim
1686 5342 1938 5396 similiter
1967 5356 2027 5395 se
2133 5353 2216 5394 tus
2247 5351 2354 5394 tant
2385 5341 2707 5409 citojurata:
2737 5341 2786 5393 in
2817 5341 3046 5408 primum
3070 5328 3389 5393 insidiarum
3418 5334 3679 5388 machina-

454 5435 729 5494 asseutiri,
780 5447 987 5485 memor
1037 5434 1173 5500 apud
1224 5445 1434 5504 poetam
1469 5436 1646 5490 simile
1692 5435 1756 5487 ad
1809 5433 2027 5502 pessimi
2134 5444 2304 5485 torem
2350 5433 2587 5492 ultionis,
2635 5432 2806 5484 adhuc
2866 5431 2987 5484 udis
3031 5445 3098 5482 ex
3164 5427 3366 5482 recenti
3429 5423 3678 5490 scriptura

453 5527 903 5595 signiﬁcationem
932 5527 1093 5581 Irabi.
1121 5527 1296 5594 Quare
1319 5529 1397 5580 sic
1422 5529 1671 5582 iunuebat
1695 5542 1753 5580 se
1781 5536 2027 5580 coactum
2133 5523 2332 5577 tabulis
2355 5521 2576 5577 findet-is
2599 5521 2738 5575 inter
2772 5523 3042 5590 Augustos
3082 5527 3420 5573 sacramento
3478 5510 3677 5572 firmati.

455 5627 697 5672 extrema
734 5617 1078 5680 necessitate,
1113 5627 1298 5672 contra
1335 5629 1590 5680 mentem,
1623 5628 1678 5671 ut
1707 5617 1906 5671 bonum
1941 5632 2031 5683 ap-
2137 5625 2242 5668 tam
2274 5616 2430 5682 longe
2465 5617 2652 5667 aberat
2678 5631 2705 5666 a
2736 5615 3051 5681 stringendo
3087 5611 3282 5680 ‘gladio
3327 5611 3378 5662 in
3420 5614 3677 5659 auctorem

458 5711 717 5778 probasse
750 5707 946 5772 visum,
982 5709 1122 5778 quod
1159 5712 1352 5765 malum
1375 5711 1673 5780 judicabat,
1706 5709 2034 5764 reclamante
2139 5705 2373 5774 injuriae,
2407 5717 2462 5758 ut
2493 5707 2589 5774 ipsi
2623 5703 2947 5758 cll‘usissime
2980 5701 3348 5772 appianderet.
3406 5697 3460 5750 In
3507 5693 3678 5746 ordine

465 5799 820 5870 persuasione
853 5801 1016 5856 animi
1061 5815 1124 5858 ac
1152 5803 1260 5858 vim
1311 5802 1706 5859 ineluctabilem
1741 5809 2036 5857 excusante
2141 5796 2510 5852 ecclesiastico
2556 5795 2732 5850 clerus
2775 5793 2990 5862 quidem
3045 5795 3096 5848 in
3145 5793 3259 5858 pari
3313 5804 3431 5846 cum
3493 5780 3674 5853 populo
