3952 6572
320 377 416 442 541

1271 385 1371 448 DE
1412 383 1802 448 MICHAELE
1839 383 2306 446 PALEOLOGO
2346 386 2493 449 LIB.
2541 383 2620 448 Ιῐ.

2192 251 2276 266 -..ια

3464 384 3572 448 542

318 513 418 557 φος
459 493 600 547 κατὰ
631 493 698 548 τὰ
732 492 1104 566 όμωμοσμένα
1132 500 1322 552 κινεῖν.
1354 499 1414 552 Ei
1439 499 1494 552 δὲ
1528 499 1628 568 τῆς
1671 497 1901 564 Ἐλκληο
1932 497 1979 555 Α
2007 495 2114 548 τῶν
2147 497 2367 564 ἀγαθῶν
2416 494 2561 572 ἦσαν
2589 497 2844 559 ἐλπίδων,
2893 497 2996 550 κᾶν
3034 496 3238 566 φόϐους
3275 515 3361 561 τις
3399 497 3574 565 λέγοι.

244 609 250 614 -
320 588 442 648 σίας
471 587 576 639 κᾶν
601 587 628 638 ὁ
659 586 857 658 κλῆρος
872 587 1088 658 ἡμέλει,
1112 588 1226 642 ἀλλ’
1261 588 1313 642 οἵ
1329 607 1391 657 γε
1419 592 1478 642 τδ
1503 591 1891 660 ἀρχιερατικὺν

318 677 542 746 ἀξίωμα
567 676 844 747 φέροντες,
877 679 929 731 τί
973 680 1049 749 μὴ
1083 681 1299 747 ἔχοντες
1347 681 1600 751 ἀμύνειν,
1631 683 1723 733 τὸν
1765 681 1893 733 λαὸν

313 767 461 819 οὕτω
491 768 888 821 κατενεπέδουν
915 771 1240 840 φρικώδεσιν
1265 772 1447 840 ὅρκοις
1474 773 1604 825 ὥστ’
1637 773 1694 838 ἐξ
1722 772 1893 840 ἀνᾶγ-

318 881 422 930 κης
457 863 520 916 ἓν
549 865 658 917 τῶν
689 863 807 917 ’δύο
832 863 1042 927 τούτοις
1076 865 1518 935 ἐπισυμϐαίνειν,
1549 867 1580 936 ἢ
1607 866 1896 936 ἐμφυλίοις

315 955 584 1007 ἐνδιδόναι
611 955 867 1021 πολέμοις
902 961 997 1008 καὶ
1025 957 1442 1026 σφάττεσθαι,ἢ
1478 959 1586 1028 μὴν
1620 958 1690 1010 τὰ
1730 956 1893 1026 μέγι-

315 1063 418 1098 στα
451 1047 532 1108 εἰς
579 1046 712 1098 Θεὸν
753 1048 1086 1116 ἁμαρτάνειν
1146 1049 1560 1117 ἐπιορκοῦντας.
1624 1049 1772 1102 Ἀλλ’
1823 1050 1897 1112 ὡς

315 1137 486 1197 ἔοικε,
523 1137 584 1189 τὸ
615 1139 762 1204 παρά
805 1138 1021 1202 πολλοῖς
1053 1140 1393 1208 ὑμνούμενον
1442 1141 1674 1210 ἀληθὲς,
1730 1141 1803 1204 ὼς
1834 1144 1898 1194 τὸ

317 1228 519 1295 μέλλον
547 1227 796 1293 γενέσθαι
828 1231 1182 1300 ἀντιπράττει
1209 1232 1303 1285 καὶ
1339 1231 1419 1297 τῷ
1443 1235 1682 1302 φρονεῖν.
1723 1233 1898 1287 Ἐκεῖ-

317 1337 408 1384 νος
452 1323 638 1376 τοίνυν
697 1324 828 1390 μεθὸ
885 1327 975 1376 καὶ
1018 1323 1472 1396 δημηγορήσειε,
1529 1331 1742 1392 κοντοῖς
1800 1331 1899 1382 καὶ

318 1415 584 1484 σφαίραις
615 1419 725 1477 τοῖς
745 1415 969 1486 ἄρχουσι
1003 1418 1375 1477 συνιππάζετό
1417 1437 1473 1470 τε
1508 1420 1602 1471 καὶ⁸
1639 1419 1898 1473 συνέπαι-

317 1503 402 1568 ζε,
427 1507 529 1559 καὶ
560 1507 740 1577 τρυφὴ
771 1503 839 1577 ἦν
860 1509 972 1570 τοῖς
1003 1507 1260 1577 βλέπουσι
1292 1507 1359 1561 τὰ
1393 1511 1768 1578 πραττόμενα.
1806 1513 1898 1573 Εἰς

316 1599 480 1650 τόσον
530 1599 588 1652 δέ
642 1599 704 1651 τὸ
737 1599 942 1668 πλῆθος
974 1600 1308 1671 δημηγορῶν
1359 1603 1440 1665 είς
1480 1603 1664 1656 ἄνεσιν
1699 1603 1900 1673 ἔτρεπε

318 1691 413 1742 καῖ
444 1706 576 1757 σφιν
603 1691 849 1760 χρηστὰς
882 1690 983 1752 τὰς
1037 1692 1258 1754 ἐλπίδας
1290 1693 1570 1746 ὑπέτεινεν
1603 1693 1678 1754 ὡς
1716 1693 1900 1756 καλῶς

319 1784 401 1843 είς
428 1781 657 1835 τούπιὸν
688 1782 1002 1851 βιώσουσιν,
1041 1783 1182 1836 ὥστε
1233 1786 1328 1838 καὶ
1382 1785 1624 1855 χαρίτων
1655 1787 1898 1856 ἀρχαίων

321 1874 626 1928 πολιτικῶν
666 1876 1082 1947 ὑπεμίμνησκεν
1109 1881 1422 1949 ἐλευθερῖας
1455 1881 1737 1951 φερουσῶν
1763 1881 1899 1949 σύμ-ι
1934 1858 1975 1912 Β

323 1967 507 2021 ϐολον.
531 1962 715 2022 Ἦσαν
745 1967 791 2020 δ’
821 1970 1028 2022 ἐκεῖναι
1058 1971 1436 2045 προσλελὼθειν
1467 1973 1564 2036 τὰς
1622 1973 1907 2041 γενειάδας

323 2061 602 2126 πέκοντας
632 2063 727 2116 καὶ
763 2065 977 2135 χαίρειν
1007 2065 1234 2134 ἀνέδην·
1268 2066 1362 2117 καί
1411 2083 1558 2128 τινες
1589 2067 1906 2136 προσέκλω-

324 2151 420 2204 θον
488 2153 634 2223 δίχα,
692 2155 787 2208 καὶ
842 2157 982 2224 σφᾶς
1024 2156 1214 2226 ἐώρων
1257 2157 1367 2224 ἐγὼ
1418 2159 1794 2227 γαννυμένους
1825 2161 1907 2214 δτι

321 2246 488 2300 τοῦτο
532 2246 744 2301 κελεύει
778 2249 807 2300 ὁ
837 2248 1116 2317 βασιλεὺς,
1148 2251 1249 2318 τὴν
1277 2252 1369 2304 ἐπὶ
1415 2253 1524 2306 τῶν
1555 2254 1904 2324 πραγμάτων

323 2339 634 2410 εὐμάρειαν
675 2340 1122 2411 ὑπισχνούμενος.
1154 2339 1337 2398 Ἦσαν
1389 2344 1444 2398 δέ
1475 2363 1622 2410 τινες
1655 2348 1755 2401 οὑκ
1812 2343 1909 2401 οἶδ’

322 2432 528 2485 ὁπόθεν
555 2432 666 2486 τῶν
701 2433 1006 2502 μελλόντων
1043 2437 1470 2504 προφοιϐασταὶ,
1523 2439 1616 2493 καὶ
1675 2439 1907 2492 κλώθειν

325 2525 699 2605 προσέτατίςον
725 2526 978 2596 χαίρουσι
1011 2529 1124 2589 τοῖς
1147 2527 1544 2598 ἐλπιζομένοις,
1569 2531 1645 2594 ὡς
1681 2532 1905 2602 συροῦσι

325 2615 700 2693 λυπουμένοις
729 2622 842 2682 τοῖς
882 2620 1299 2688 πραττομένοις,
1346 2623 1395 2674 εί
1423 2624 1654 2692 πεινῷεν
1686 2627 1910 2679 ἐσύστε-

329 2725 446 2776 ρον.
478 2707 542 2762 Ol
567 2707 612 2759 δ’
643 2707 717 2771 ὡς
746 2708 968 2773 εἰκαίως
996 2709 1315 2780 λεγομένοις
1334 2713 1395 2765 οὐ
1420 2716 1731 2785 προσεῖχον,
1769 2717 1907 2770 ἀλλὰ

334 2885 775 2942 dissimulatione
800 2903 862 2942 ac
895 2905 1074 2944 rerum
1111 2906 1230 2960 qua:
1274 2894 1681 2949 attentabantur
1740 2898 1912 2966 negli-

330 2979 514 3048 gentia
546 2981 914 3034 versabalur:
959 2983 1195 3049 episcopi
1247 2995 1425 3038 autem
1487 3003 1588 3040 non
1651 2991 1911 3046 habentes

335 3069 484 3124 aliud
514 3085 620 3138 quo
641 3087 865 3138 puerum
893 3072 1243 3128 defenderent
1270 3087 1362 3129 aut
1409 3078 1524 3146 ejus
1562 3080 1746 3134 violati
1789 3097 1908 3136 sce-

334 3158 416 3214 lus
446 3159 860 3223 ulciscerentur,
915 3160 1241 3216 insistebant
1271 3167 1534 3233 adigendo
1601 3170 1794 3237 populo
1856 3173 1909 3225 in

331 3267 472 3306 nova
501 3261 559 3307 et
591 3253 721 3308 diris
746 3253 1231 3324 imprecationibus
1276 3261 1553 3314 tremenda
1597 3261 1906 3330 iuramenta
1941 3243 1981 3262 υ

336 3346 627 3413 praestandi
652 3346 790 3412 quod
817 3348 1163 3416 promiserat.
1191 3347 1265 3401 Ex
1291 3365 1397 3418 quo
1424 3351 1654 3406 alterum
1677 3358 1908 3409 duorum

334 3437 650 3491 necessario
707 3447 1020 3492 secuturum
1073 3449 1214 3504 erat,
1268 3456 1462 3511 nempe
1517 3452 1573 3498 ut
1627 3456 1720 3499 aut
1766 3449 1912 3502 civili

334 3527 482 3582 bello
508 3517 710 3581 temere
740 3538 990 3596 suscepto
1025 3545 1147 3584 sese
1189 3533 1538 3589 trucidandos
1565 3539 1788 3592 armatis
1816 3540 1916 3612 9b-

330 3615 589 3683 jicerent,
651 3628 741 3672 aut
784 3618 1097 3687 inexpiabili
1167 3635 1224 3676 se
1278 3619 1485 3690 ﬂagitio
1533 3626 1724 3693 pejurii
1773 3628 1913 3692 apud

337 3709 511 3763 Deum
547 3709 868 3776 obligarent.
907 3707 1010 3763 Sed
1059 3725 1242 3766 verum
1288 3723 1370 3767 est
1419 3715 1639 3784 vulgare
1683 3718 1910 3784 dictum,

335 3802 481 3868 quod
515 3799 671 3869 105
708 3801 927 3855 omnino
959 3800 1198 3855 futurum
1245 3812 1332 3858 est
1380 3805 1530 3858 nulla
1578 3821 1736 3873 posse
1789 3824 1917 3876 pru-

338 3889 524 3940 denLia
561 3889 829 3954 praeverti.
895 3888 1159 3945 Caeterum
1215 3893 1551 3965 Palwologus
1611 3907 1733 3967 post
1797 3898 1915 3954 illas

337 3979 634 4033 conciones
656 3980 833 4034 contis
866 3991 920 4034 et
950 3983 1054 4049 pila
1088 3983 1365 4038 eolludens
1397 4002 1519 4040 cum
1552 3989 1912 4058 principibus,

339 4073 551 4124 ludicra
609 4074 881 4141 equestria
942 4089 1134 4145 magna
1211 4081 1570 4145 spectantium
1647 4081 1916 4146 voluptate

341 4167 686 4218 decurrebat.
719 4163 885 4219 Petro
945 4166 1064 4220 istis
1111 4169 1460 4223 coucionibus
1510 4179 1715 4223 tantum
1762 4172 1917 4226 bona:

265 4305 273 4312 .
340 4257 457 4326 spei
506 4258 808 4324 laatitizeque
853 4258 1202 4326 popularibus
1255 4262 1450 4316 animis
1513 4262 1798 4331 iujecerat,
1861 4273 1918 4318 ιιι

341 4350 497 4415 quasi
565 4349 696 4402 certi
739 4349 1018 4404 duratura:
1071 4351 1346 4407 felicitatis
1396 4355 1558 4407 vitam
1616 4356 1719 4409 sibi
1771 4358 1916 4410 Omni

345 4440 706 4508 prosperitate
736 4440 1061 4493 cumulatam
1093 4442 1143 4494 in
1176 4452 1450 4510 posterum
1488 4454 1914 4514 augurarentur,

1998 589 2059 642 Ei
2091 591 2220 656 γοῦν
2247 591 2416 660 ἁληοῆ
2458 591 2526 644 τὰ
2561 594 2938 660 φοιϐἀσματα,
2971 592 3219 656 ἔδειξενό
3252 590 3577 661 καιρὸς,καὶ

1997 684 2156 752 ἡμεῖς
2185 687 2322 736 κατὰ
2346 686 2508 738 τόπον
2536 685 2789 753 ἐροῦμεν,
2827 685 2995 755 μηδὲν
3027 685 3358 755 προσθέντες
3374 686 3454 746 είς
3476 682 3577 752 τὴν

1995 777 2095 844 τῆς
2146 777 2406 846 ἀληθείας
2459 777 2740 832 σύστασιν.
2803 779 2941 830 Τότε
2996 778 3180 830 τοίνυν
3216 779 3304 846 ἐφ’
3337 777 3578 846 ἡμέραις

1996 871 2107 923 τισὶ
2131 870 2419 940 διατρίψας
2451 871 2592 923 κατὰ
2633 871 2730 938 τὴν
2761 870 3022 931 Νίκαιαν,
3059 872 3178 923 ἐπεὶ
3231 870 3578 922 παλινοστεῖν
3675 903 3677 905 ι

1997 962 2103 1014 ἔδει
2136 962 2270 1031 πρὸς
2317 962 2634 1030 Νύμφαιον,
2667 961 2746 1028 τῷ
2787 964 3102 1032 πατριάρχῃ
3146 961 3576 1029 συνταξάμενος,

1999 1054 2092 1104 καὶ
2149 1054 2207 1104 τὸ
2257 1053 2470 1106 παιδίον
2519 1051 2850 1121 παραλαϐὼν
2915 1055 2944 1105 ὁ
3009 1052 3264 1122 κηδεύειν
3322 1050 3578 1122 ὑποσχὼν

1999 1143 2210 1206 ἐαυτὸν,
2243 1144 2441 1210 ἔξεισιν
2471 1145 2588 1213 ἅμα
2613 1147 2722 1207 τοῖς
2743 1148 2802 1197 ἐν
2828 1143 2973 1196 τέλει
3001 1147 3096 1197 καὶ
3122 1143 3200 1214 τῷ
3229 1142 3466 1213 στρατῷ.

2002 1257 2052 1312 ι’.
2093 1259 2294 1321 Ὅπως
2337 1258 2748 1325 ὺποστραφεὶς
2795 1261 2882 1323 εἷς
2913 1259 3232 1326 Νύμφαιον
3271 1262 3420 1324 μετὰ
3471 1256 3579 1310 τοῦ

2177 1327 2392 1392 παιδὸς
2416 1327 2697 1394 πρέσϐεις
2724 1328 2965 1396 ἐδέχετο
2999 1329 3401 1396 πανταχόθεν.

2071 1417 2156 1490 [Ρ.
2182 1418 2273 1489 68]
2301 1420 2409 1471 Kal.
2452 1421 2479 1470 ὁ
2513 1419 2612 1488 μὲν
2642 1419 2970 1472 καταλαϐὼν
3013 1421 3076 1472 τὸ
3119 1420 3408 1488 Νύμφαιον
3441 1421 3583 1487 Περι
3620 1435 3624 1478 ῖ

2003 1508 2110 1560 σῶν
2141 1509 2240 1576 μὲν
2271 1508 2485 1578 ἐδέχετο
2524 1510 2790 1580 πρέσϐεις
2833 1512 2928 1562 καὶ
2955 1511 3104 1581 δῶρα
3129 1553 3144 1576 ,
3185 1512 3282 1564 καὶ
3310 1511 3388 1581 τῷ
3419 1513 3582 1564 σουλ·

1999 1599 2098 1651 τάν
2125 1600 2558 1670 καταιγιζομένῳ
2585 1605 2650 1656 ἐκ
2674 1602 3002 1673 παλιρροίας
3034 1605 3382 1673 πραγμάτων
3415 1604 3581 1656 ὑπισο

2001 1693 2180 1757 χνεῖτο
2237 1695 2711 1764 προσχωρήσαντά
2759 1695 2809 1747 οί
2877 1695 3104 1760 ὑπτίαις
3157 1695 3412 1764 δέχεσθαι
3465 1696 3589 1757 ταῖς

2002 1783 2160 1850 χερσὶ
2194 1785 2289 1835 καὶ
2325 1786 2403 1844 εἰς
2439 1785 2629 1854 καιρὸν
2657 1787 2899 1853 πέμπειν
2923 1781 3081 1849 αὖθις
3124 1787 3241 1855 μετ’
3274 1785 3583 1852 ἀσφαλείας

2003 1873 2113 1924 τῶν
2145 1875 2486 1944 πραγμάτιον
2518 1869 3033 1946 ήσυχασοέντων.’0
3071 1878 3180 1947 γὰρ
3198 1879 3391 1947 Μελὴκ
3417 1894 3590 1946 προσ-

2009 1967 2341 2035 κεχωρήκει,
2411 1969 2504 2020 καὶ
2535 1968 2653 2031 δέος
2685 1965 2753 2040 ἦν
2783 1970 2861 2039 τῷ
2891 1969 3122 2023 σουλτὰν
3159 1971 3355 2040 μήπως
3379 1972 3588 2032 ἐκεῖνος

2010 2059 2255 2130 ἐπανήξῃ
2300 2060 2418 2128 μεθ’
2455 2061 2664 2128 ἱκανῆς,
2717 2062 2810 2115 καὶ
2842 2063 2976 2132 ὅσην
3032 2063 3133 2114 οὐκ
3162 2057 3232 2133 ἧν
3263 2062 3587 2131 ὑποστῆναι,

2009 2151 2312 2220 δυνάμεως.
2370 2154 2608 2222 Ἐγγύας
2636 2156 2681 2208 δ’
2706 2156 2877 2208 ἐδίδου
2922 2155 3018 2208 τοῦ
3049 2157 3123 2225 μὴ
3165 2155 3452 2225 φοϐεῖσθαι
3492 2155 3590 2221 τὴν

2012 2244 2177 2297 πάλαι
2201 2245 2510 2314 συνήθειαν.
2555 2247 2989 2317 Ἐπρεσϐεύοντο
3016 2248 3073 2301 δέ
3104 2249 3240 2317 πρὸς
3266 2249 3472 2300 ἐκεῖνον
3491 2247 3590 2299 καὶ

2009 2337 2056 2387 οἱ
2097 2335 2235 2388 κατὰ
2299 2335 2398 2405 τὴν
2452 2337 2821 2406 μεγαλόπολιν
2879 2339 3108 2405 Ἰταλοὶ,
3149 2339 3244 2392 καὶ
3298 2337 3590 2408 ἀνακωχὴν

2009 2426 2177 2479 ἐδίδου
2215 2430 2277 2496 τῇ
2319 2430 2449 2497 πρὸς
2485 2429 2728 2493 ἐκείνους
2773 2431 2940 2501 μάχῃ.
2989 2430 3064 2492 ὡς
3109 2433 3201 2483 καὶ
3244 2429 3364 2500 μετ’
3413 2429 3593 2494 ὀλίγον

2010 2519 2400 2589 κραταιότερον
2433 2522 2794 2592 σπεισάμενος
2843 2521 3046 2590 σφίσιν,
3106 2522 3154 2573 εί
3193 2519 3587 2590 προτενοῦντός

2009 2627 2134 2664 τινα
2159 2611 2504 2680 ἐκπληροῖεν.
2537 2612 2680 2681 [Ιλὴν
2715 2614 2809 2664 καὶ
2839 2615 2965 2676 τοὺς
2999 2612 3259 2682 πρέσϐεις
3289 2611 3595 2678 Ῥωμαίους

2011 2703 2106 2755 καὶ
2135 2704 2199 2754 ἐκ
2239 2703 2530 2772 Ῥωμαίων
2559 2704 2718 2767 ὄντας
2755 2703 2829 2767 ὡς
2857 2700 2968 2774 εἶχε
3024 2703 3464 2774 μετεχειρίζετο,
3500 2705 3596 2754 καὶ

2015 2885 2139 2939 licet
2179 2885 2317 2954 pilos
2351 2885 2614 2940 malarum
2654 2900 2761 2954 prte
2797 2883 2995 2956 gaudio
3031 2893 3261 2953 Speratae
3291 2879 3596 2936 duratiouis

2014 2978 2171 3045 hujus
2221 2977 2461 3045 prosperi
2515 2991 2696 3030 rerum
2749 2985 2952 3038 status,
2992 2985 3173 3043 postea
3225 2974 3343 3026 illos
3390 2968 3595 3024 vulsuri

2014 3088 2124 3142 pate
2154 3072 2486 3139 impatientia
2523 3068 2855 3132 saevissima,
2879 3084 2998 3138 qua:
3027 3068 3171 3121 vobis
3207 3066 3387 3119 fauces
3418 3064 3601 3131 Oppri-

2016 3175 2161 3229 met,
2199 3163 2381 3227 lamis,
2413 3181 2431 3214 ι
2485 3162 2560 3215 illi
2603 3160 2882 3215 ludibundi
2928 3174 3027 3214 nec
3062 3159 3352 3212 attendere
3395 3153 3602 3224 dignati

2021 3267 2274 3324 tanquam
2321 3253 2484 3308 anilia
2523 3253 2822 3324 garrientes
2865 3250 3314 3318 aspernabantur.
3348 3245 3477 3311 Qua:
3516 3256 3602 3296 ta-

2019 3363 2138 3400 men
2171 3363 2236 3400 an
2277 3363 2341 3400 ex
2369 3361 2505 3400 vano
2534 3345 2889 3412 iactarentur,
2928 3352 3159 3397 eventus
3190 3340 3509 3403 declaravit;
3549 3345 3604 3390 et

2025 3455 2124 3494 nos
2178 3442 2231 3494 in
2287 3441 2402 3494 loco
2459 3440 2736 3502 dicemus,
2785 3436 2916 3490 nihil
2970 3434 3318 3502 adjuugentes
3366 3431 3600 3485 veritati.

2019 3532 2171 3586 Tunc
2227 3531 2391 3600 igitur
2443 3528 2775 3598 Palaaologus
2825 3527 3028 3597 aliquot
3076 3526 3267 3580 diebus
3319 3538 3412 3594 per
3457 3522 3603 3578 hunc

2028 3623 2241 3676 modum
2287 3619 2477 3675 Nicaeae
2527 3619 2848 3681 transactis,
2885 3618 2970 3671 ubi
3021 3626 3380 3686 opportunum
3426 3615 3601 3668 visqu

2017 3725 2100 3768 est
2141 3715 2320 3768 redire
2363 3711 2753 3783 Nympbwum,
2789 3711 3026 3763 salutato
3070 3707 3376 3776 patriarcha
3417 3717 3471 3759 et
3511 3719 3601 3758 as-

2020 3819 2236 3875 sumpto
2275 3821 2472 3872 puero,
2505 3819 2568 3858 ac
2607 3803 2880 3857 renmatis
2917 3800 3198 3869 promissis
3232 3797 3350 3868 ejus
3383 3808 3606 3866 paterne

2024 3900 2280 3969 curandi,
2312 3895 2585 3965 profectus
2629 3903 2710 3948 est
2743 3894 2915 3962 prima
2959 3892 3238 3945 nobilitate
3278 3901 3332 3943 et
3361 3889 3604 3944 exercitu

2019 3987 2426 4043 comitantibus.
2465 3989 2468 3992 ⁴

2024 4101 2107 4156 10.
2139 4098 2207 4154 Ut
2252 4097 2589 4165 Palu'ologur
2623 4110 2856 4149 reversus
2891 4075 3006 4147 cium
3061 4109 3234 4165 puero
3257 4089 3606 4160 Nymphaeum

2334 4163 2674 4232 undecunque
2734 4166 2937 4232 legatus
2997 4163 3279 4228 exceperit.

2029 4305 2037 4312 .
2094 4262 2265 4319 Simul
2296 4276 2424 4314 vero
2451 4260 2610 4330 106
2638 4258 2988 4328 Nymphaeum
3025 4257 3292 4325 pervenit,
3319 4252 3606 4308 Persarum

2017 4355 2222 4423 legatos
2265 4353 2469 4408 audivit
2508 4363 2562 4406 et
2607 4351 2816 4418 accepit
2857 4352 3030 4416 dona;
3079 4348 3406 4417 sultauoque
3447 4345 3609 4399 rebus

2029 4461 2181 4506 retro
2208 4447 2373 4517 lapsis
2402 4445 2727 4516 periclitanti
2760 4444 3007 4512 promisit
3031 4457 3089 4496 se
3119 4442 3289 4506 illum,
3314 4443 3354 4495 si
3387 4441 3452 4494 ad
3483 4456 3606 4494 sese

346 4541 402 4585 et
433 4533 633 4599 passim
673 4533 926 4586 familiari
957 4534 1318 4603 gratulatione
1349 4538 1589 4602 quaedam
1653 4553 1717 4592 ex
1771 4539 1904 4592 auti-
1954 4567 1998 4621 ο
2035 4542 2266 4604 veniret,
2294 4539 2467 4592 obviis
2498 4537 2638 4591 ulnis
2670 4545 3047 4600 excepturum,
3070 4542 3124 4587 et
3155 4533 3240 4586 ubi
3279 4529 3612 4586 detonuisset

351 4641 456 4690 qua
513 4625 770 4678 memoria
821 4625 1009 4678 facetae
1061 4629 1405 4693 urbanitatis,
1445 4629 1710 4684 libertatis
1759 4646 1917 4685 omen

349 4716 626 4778 habentia,
655 4717 792 4769 dicta
820 4725 1182 4771 retractarent
1222 4716 1738 4788 frequentarentque
1801 4736 1922 4775 ser-

354 4808 625 4860 monibus.
665 4808 832 4861 Erant
866 4820 1045 4860 autem
1072 4823 1155 4870 ea,
1191 4808 1351 4860 licere
1377 4826 1523 4865 nunc
1550 4812 1683 4879 pilos
1740 4813 1923 4868 barbae

353 4899 591 4952 nmlcere
622 4910 870 4967 ,pectere
899 4899 1191 4967 digitisque
1221 4902 1518 4967 torquendo
1548 4903 1785 4969 crispare
1849 4903 1929 4956 ias

352 4991 634 5057 oziumque
694 5006 838 5056 esse,
871 4992 1054 5060 utique
1112 4991 1331 5059 profuse
1389 4993 1766 5057 gaudentibus.
1821 4992 1926 5046 Nec

353 5097 511 5134 secus
541 5080 702 5153 vulgo
721 5081 1041 5136 factitabant
1068 5082 1331 5150 gestiente
1355 5083 1587 5150 quadam
1614 5084 1915 5150 alacritate,

355 5173 572 5229 innatus
602 5175 754 5242 genis
784 5175 918 5242 pilos
949 5174 1187 5227 nonnulli
1242 5172 1488 5245 bifariam
1546 5175 1929 5228 discriminan-

356 5273 459 5317 tcs.
493 5262 556 5316 Et
590 5262 808 5316 memini
835 5278 918 5317 me
963 5265 1144 5317 videre
1175 5263 1258 5316 sic
1297 5272 1520 5330 agentes
1571 5264 1930 5321 exsultatione

358 5355 586 5423 ingenti,
612 5365 663 5406 et
697 5354 959 5408 addentes
991 5355 1072 5407 sic
1107 5355 1299 5423 jubere
1359 5355 1758 5422 imperatorem,
1798 5358 1922 5408 dum

358 5457 466 5499 tam
494 5447 644 5499 beata
675 5447 833 5499 rebus
858 5446 965 5498 otia
996 5456 1105 5500 tum
1144 5455 1443 5514 prtustaret,
1479 5457 1586 5500 tum
1633 5448 1686 5501 in
1752 5460 1932 5517 poste-

359 5553 476 5590 rum
511 5538 876 5604 polliceretur,
904 5538 1100 5592 frustra
1140 5541 1489 5608 obstrepente
1541 5539 1744 5594 insanis
1796 5558 1930 5609 gau-

359 5631 461 5682 diis
507 5645 718 5684 morosa
780 5631 996 5683 tristitia
1059 5641 1240 5684 vatum
1298 5632 1699 5696 ominusorutn,
1752 5634 1932 5685 nescio

358 5719 498 5772 uude
530 5720 716 5772 hausta
755 5719 1025 5771 divinandi
1061 5720 1250 5774 ﬁducia
1279 5721 1417 5774 mala
1455 5721 1887 5775 denuntiantiutn
1911 5763 1927 5788 ,

360 5827 586 5881 quorum
617 5811 714 5865 has
741 5813 878 5867 inter
901 5812 1415 5881 ittauspit-atis‘simas
1439 5829 1595 5873 voces
1625 5833 1638 5869 :
1672 5835 1688 5868 ι
1718 5815 1933 5873 Vibrate

2031 4631 2148 4700 ejus
2179 4627 2474 4682 domestica
2511 4634 2822 4693 tempestas,
2853 4637 3102 4676 securum
3131 4624 3197 4675 ad
3227 4635 3323 4675 sua
3353 4619 3604 4673 remissu-

2035 4735 2177 4773 rum.
2214 4717 2392 4771 Causa
2441 4716 2660 4770 timendi
2707 4715 2919 4767 sultauo
2959 4711 3136 4766 fuerat
3175 4713 3318 4782 quod
3359 4710 3612 4765 audiebat

2037 4811 2296 4864 Melecum
2331 4810 2658 4871 adventare,
2689 4805 3086 4874 verebaturque
3116 4819 3186 4858 ne
3218 4813 3396 4857 tantas
3426 4816 3609 4856 secum

2035 4918 2096 4956 ac
2145 4903 2284 4956 tales
2330 4902 2516 4970 copias
2566 4899 2823 4961 duceret,
2872 4897 3068 4964 quibus
3117 4897 3231 4965 ipse
3280 4895 3610 4949 sustinendis

2037 4999 2182 5052 haud
2220 5013 2316 5066 par
2344 5004 2510 5050 esset.
2540 4993 2743 5062 Pignus
2773 5006 2935 5061 porro
2967 4989 3174 5043 fiducia:
3201 5002 3326 5056 erga
3357 4985 3613 5040 Palaaolo-

2033 5104 2158 5159 gum
2203 5087 2416 5140 sultauo
2451 5093 2566 5140 erat
2599 5084 2836 5137 amicitia
2873 5083 3014 5135 inter
3046 5094 3141 5134 eos
3177 5077 3378 5132 mutuis
3418 5077 3608 5131 oﬂiciis

2032 5185 2310 5231 contracta
2347 5176 2626 5243 cultaque,
2657 5189 2764 5242 quo
2808 5182 3046 5239 tempore
3089 5170 3140 5222 iu
3183 5166 3407 5222 Perside
3447 5167 3610 5222 simul

2035 5269 2268 5323 fuerant.
2307 5264 2464 5319 Venit
2496 5265 2682 5317 eodem
2720 5263 2786 5317 ad
2817 5263 3065 5317 eumdem
3099 5259 3294 5329 legatio
3327 5273 3520 5328 magna
3556 5256 3610 5310 in

2034 5362 2168 5416 urbe
2196 5360 2508 5424 degentium
2543 5357 2817 5420 Italorum,
2847 5354 3040 5422 quibus
3071 5353 3312 5406 inducias
3343 5353 3613 5406 concessit

2033 5452 2154 5506 belli
2201 5453 2345 5519 quod
2396 5449 2447 5501 in
2497 5461 2590 5500 eos
2643 5446 2951 5516 gerebatur,
2991 5441 3250 5510 pollicens
3304 5440 3514 5495 ﬁrmius
3552 5455 3610 5497 se

2038 5559 2156 5595 uox
2193 5553 2244 5595 et
2283 5542 2492 5610 plenius
2525 5556 2642 5592 cum
2682 5538 2812 5606 ipsis
2845 5537 3016 5592 fcodus
3052 5537 3345 5601 initurum,
3379 5535 3424 5590 si
3458 5551 3608 5604 quae-

2035 5635 2156 5688 dam
2204 5634 2256 5686 in
2300 5643 2656 5694 antecessmn,
2693 5644 2812 5697 qum
2859 5629 3266 5698 propositurum
3310 5642 3371 5683 se
3411 5627 3607 5692 aiebat,

2035 5731 2481 5792 exsequerentur.
2517 5719 2783 5774 Caeterum
2829 5719 2973 5789 ipsos
3017 5705 3243 5788 legatos,
3276 5727 3457 5786 utpote
3495 5714 3608 5770 Ro-

2040 5832 2227 5874 manos
2258 5828 2312 5872 et
2342 5831 2407 5870 ex
2439 5812 2699 5869 Romanis
2729 5824 2910 5882 ortos,
2938 5827 3101 5883 quam
3137 5813 3305 5884 potuit
3337 5809 3606 5866 liberalis-
