3952 6532
483 385 590 448 517

1705 390 2025 452 GEORGII
2067 391 2550 456 PACHYMERIE

3628 407 3727 469 548

481 504 759 576 Σηλυϐρία
797 505 1102 576 κατείχετο,
1133 506 1356 576 πέμψας
1399 506 1548 577 αἱρεῖ
1575 509 1721 563 κατὰ
1741 511 1944 580 κράτος
1965 512 2062 565 καλ⁵
2089 516 2136 570 Α
2166 499 2303 580 πρῦτ
2333 511 2578 574 ἐκείνους
2636 510 2878 565 κάκεῖνοι
2917 509 3052 582 πρὸς
3096 511 3344 580 τούτους,
3392 514 3491 568 καὶ
3541 519 3728 588 τρόπον

481 597 589 649 τῶν
623 596 915 665 Ῥωμαίων
941 598 1179 650 ποιεῖται
1214 598 1313 670 τὴν
1353 599 1511 652 πόλιν
1558 599 1790 655 ἀκονιτί.
1831 602 1953 654 Ἔτι
1997 617 2056 653 τε

481 682 868 753 προσεχώρουν
895 683 1191 754 ἐγγύτερον
1217 687 1266 738 oi
1295 687 1578 756 ἡμέτεροι,
1615 689 1710 740 καὶ
1729 687 1797 739 τὰ
1821 687 1926 752 ἔξω
1955 689 2057 758 τῆς

484 774 692 836 πόλεως
727 775 784 826 ἐν
834 774 1023 844 χερσὶν
1070 771 1218 845 εἶχον
1273 775 1413 846 πλὴν
1477 776 1784 845 Ἀφαμείας
1835 779 2056 848 ισχυροῦ

482 864 745 934 φρουρίου
765 865 1132 936 κατεχομένου
1162 868 1275 930 τοῖς
1319 866 1561 930 Ἰταλοῖς.
1611 865 1793 922 Ἦσαν
1830 869 1888 922 δέ
1912 887 2058 932 τινες

481 957 867 1021 κατοικοῦντες
902 959 1007 1011 ἀπὸ
1028 959 1302 1028 Χρυσείας
1352 978 1410 1013 τε
1447 962 1540 1014 καὶ
1585 964 1884 1026 ἐπέκεινα,
1933 964 2057 1015 ἀνέ-

479 1065 606 1112 τους
622 1052 720 1112 τὰς
753 1049 980 1120 γνώμας
1019 1051 1234 1121 ἔχοντες
1281 1055 1390 1106 εἴτε
1423 1055 1560 1125 πρὸς
1605 1056 1910 1125 Ῥωμαίους
1941 1057 2056 1109 εἴτε

481 1142 618 1208 πρὸς
658 1142 898 1204 Ἰταλοὺς
949 1143 1186 1197 ἐθέλοιεν
1233 1146 1568 1212 ἀποκλίνειν,
1621 1151 1730 1203 τῶν
1781 1152 1879 1218 μὲν
1925 1153 2059 1204 Ῥω-

485 1232 661 1299 μαίων
692 1235 1109 1304 προσκειμένων
1143 1237 1328 1301 αύτοῖς
1355 1236 1474 1292 οὖσι
1529 1241 1847 1311 Ῥωμαίοις,
1880 1244 1990 1298 τῶν
2013 1245 2056 1299 δ’

419 1323 424 1375 ἶ
494 1323 715 1377 Ἰταλῶν
762 1326 1010 1396 φυλακὴν
1045 1329 1108 1380 ἐκ
1137 1328 1345 1382 τούτων
1375 1333 1749 1387 πιστευόντων
1795 1335 1939 1405 ἔχειν
1968 1336 2057 1390 διὰ

479 1412 542 1469 τὸ
565 1415 700 1484 πρὸς
748 1416 948 1480 αὐτοὺς
993 1417 1259 1488 σύνηθες·
1308 1422 1368 1472 οὐ
1421 1422 1528 1493 γὰρ
1590 1419 1658 1494 ἦν
1702 1427 1914 1495 ἑτέροις
1961 1444 2057 1479 πι-

483 1508 713 1562 στεύειν.
753 1507 825 1562 Τὸ
847 1509 904 1561 δὲ
946 1510 1042 1564 καὶ
1087 1513 1215 1574 τοὺς
1242 1514 1631 1579 κατοικοῦντας
1661 1518 1940 1585 ἐκδιῶξαι,
1980 1519 2055 1590 μὴ

482 1598 574 1650 καὶ
595 1598 835 1661 κίνδυνος
862 1600 925 1652 ἐκ
961 1599 1060 1669 τῆς
1078 1601 1316 1671 ἐρημίας
1353 1605 1680 1674 προσέσται.
1717 1602 1898 1660 Ἦσαν
1923 1609 2056 1676 γοῦν

485 1689 689 1756 μεταξὺ
735 1688 1021 1759 Ῥωμαίων
1061 1692 1156 1744 καὶ
1193 1692 1432 1759 Ἰταλῶν,
1477 1697 1572 1748 καὶ
1606 1697 1696 1750 διὰ
1735 1699 1892 1751 τοῦτο
1937 1699 2056 1753 ἐκέ·

481 1779 682 1849 κληντο
716 1781 811 1834 καὶ
867 1781 1284 1853 θεληματάριοι,
1320 1786 1420 1854 τὴν
1446 1787 1551 1853 ἔξω
1590 1790 1689 1857 τῆς
1722 1789 1930 1853 πόλεως
1952 1792 2056 1861 γῆν

482 1871 898 1941 καρπιζόμενοι,
928 1852 1222 1938 διαζῶντες
1266 1852 1600 1932 ἐκείθενκαὶ
1644 1852 1780 1950 ’παρ’
1808 1852 2054 1953 ἀμφοτέ-
2091 1852 2132 1908 Β

484 1978 593 2033 ρων
617 1965 694 2026 είς
717 1964 901 2020 ἄνεσιν
927 1966 1203 2035 μένοντες,
1257 1970 1572 2042 χρῃζόντων
1617 1973 1900 2044 ἑκατέρων
1951 1975 2052 2046 τῆς

480 2054 704 2108 ἐκείνων
724 2057 964 2128 ἀγάπης,
989 2059 1063 2123 ib;
1092 2059 1158 2114 ἄν
1175 2077 1238 2129 γε
1274 2062 1349 2132 μὴ
1380 2062 1724 2132 βλάπτοιντο.
1756 2067 1918 2136 Δῆλοι
1945 2069 2055 2136 γὰρ

477 2145 620 2222 ἦσαν
653 2151 739 2206 διὰ
767 2153 956 2222 μίσους
986 2158 1113 2218 τοὺς
1137 2157 1238 2210 οὐκ
1295 2159 1536 2222 οἰκείους
1567 2159 1782 2225 ἕξοντες
1805 2177 1819 2190 ι
1852 2157 1921 2231 ἦν
1947 2162 2053 2230 γὰρ

479 2245 572 2296 καὶ
599 2246 725 2308 τοὺς
762 2247 998 2311 Ἰταλοὺς
1028 2251 1101 2303 ἐκε
1122 2249 1217 2302 τοῦ
1246 2252 1550 2323 ἀναχωρεῖν
1575 2253 1788 2306 ἐκεῖθεν
1813 2254 2055 2315 ἐκείνους

480 2334 816 2404 βλάπτεσθαι
851 2340 1237 2409 ἐρημωθέντος
1269 2343 1366 2396 τοῦ
1413 2346 1600 2403 τόπου.
1631 2345 1727 2400 καὶ
1757 2347 1887 2409 τοὺς
1920 2345 2052 2399 Ῥω-

483 2423 696 2493 μαίους,
737 2426 784 2477 εί
827 2428 1125 2498 ἐγχειροίεν
1166 2432 1259 2483 ἐπί
1289 2450 1360 2498 τι,
1413 2434 1486 2503 μὴ
1508 2436 1655 2498 ὅπως
1677 2452 1739 2504 γε
1773 2438 2056 2505 συνεργεῖ-

484 2515 632 2576 σθαι,
663 2517 799 2570 ἀλλὰ
825 2520 1083 2582 nixari
1137 2523 1337 2592 κράτος
1390 2527 1676 2594 εἴργεσθαι
1717 2529 1847 2597 παρ’
1874 2527 2054 2582 αὐτῶν

479 2607 571 2660 διὰ
600 2606 657 2661 τὸ
691 2610 827 2678 πρὸς
876 2612 1122 2677 ἐκείνους
1151 2617 1311 2684 μῖσος
1350 2617 1607 2689 καθαρῶς
1634 2621 2054 2690 προσκειμένων

478 2702 592 2763 τοῖς
635 2700 874 2767 Ἰταλοῖς.
907 2705 1062 2758 Μετὰ
1095 2707 1224 2774 γοῦν
1250 2709 1347 2778 τὴν
1387 2710 1483 2780 τῆς
1516 2711 1826 2782 Σηλυϐρίας
1852 2712 2054 2766 ἅλωσιν

479 2792 632 2845 οὐδὲν
661 2789 728 2864 ἦν
770 2796 934 2864 μέσον
963 2797 1142 2849 αὐτῶν
1161 2815 1221 2851 τε
1246 2801 1344 2855 καὶ
1374 2801 1482 2855 τῶν
1509 2803 1818 2873 ἡμετέρων,
1857 2804 1971 2858 ἀλλ’
2003 2804 2058 2857 εἴ

479 2899 582 2936 που
627 2886 940 2957 συν-τύχοιεν
995 2890 1268 2960 ἀλλήλοις,
1335 2892 1564 2961 φιλικῶς
1591 2892 1739 2966 εἶχον
1792 2895 1948 2950 αὐτοι
1991 2911 2052 2948 τε

477 3082 623 3133 rum,
657 3069 834 3124 missis
860 3071 1032 3138 copiis
1066 3073 1242 3141 primo
1269 3087 1388 3127 eam
1446 3074 1665 3130 incursu
1703 3077 1848 3145 cepit
1893 3086 1949 3132 et
1979 3080 2057 3131 fa-

479 3157 583 3212 cile
606 3157 802 3228 adjecit
833 3159 1024 3213 ditioni
1078 3161 1464 3218 Romanorum.
1501 3163 1729 3234 Propius
1756 3167 1920 3220 etiam
1952 3167 2054 3220 ad-

481 3258 762 3304 moventes
789 3265 912 3306 sese
957 3252 1075 3306 urbi
1121 3255 1291 3307 nostri
1340 3255 1650 3310 suburbana
1674 3267 2050 3328 occuparunt,

478 3352 704 3408 excepta
729 3344 1028 3412 Aphamea,
1057 3347 1360 3401 munitione
1385 3348 1560 3401 valido
1582 3348 1836 3404 Italorum
1864 3353 2053 3420 prmisi-

480 3433 572 3486 dio
599 3431 838 3490 defensa.
873 3433 1040 3490 Erant
1070 3448 1248 3490 autem
1281 3445 1440 3490 terra:
1478 3437 1622 3492 illius
1651 3439 1901 3508 inquilini
1931 3444 2053 3510 qui-

477 3527 600 3578 dam
639 3539 668 3578 a
698 3525 936 3598 Chrysea
976 3537 1034 3582 et
1079 3527 1216 3582 locis
1242 3528 1593 3585 ulterioribus
1633 3530 1865 3600 profecti
1897 3531 2052 3586 liberi

465 3617 732 3673 homines
759 3627 814 3673 et
837 3619 921 3674 sui
943 3617 1103 3688 juris,
1131 3620 1464 3690 ancipitique
1493 3622 1544 3676 in
1580 3621 1859 3678 Romanos
1891 3635 2052 3693 atque

479 3707 642 3762 Italos
682 3707 903 3774 favore,
932 3717 986 3764 et
1016 3708 1082 3763 ad
1112 3709 1405 3765 alterutros
1435 3721 1592 3780 prout
1623 3711 1854 3766 libuerat
1894 3712 2054 3767 incli-

479 3811 612 3853 nare
639 3797 825 3863 soluti,
859 3799 1123 3855 Romanis
1149 3803 1201 3853 in
1234 3800 1384 3870 ipsos
1427 3809 1610 3871 utpote
1646 3800 1922 3858 llmnanos
1956 3818 2052 3856 na-

481 3889 639 3944 turali
675 3890 904 3944 caritate
933 3891 1392 3962 propendentibus
1417 3931 1433 3955 ,
1467 3893 1613 3946 Italis
1640 3894 1816 3962 gentis
1839 3894 1942 3948 sibi
1987 3895 2054 3948 ad

480 3985 700 4040 tutelam
730 3984 916 4039 ﬁniunt
947 3985 1194 4054 perutilis
1215 3986 1480 4041 demereri
1509 3987 1692 4040 studia
1725 3986 2052 4040 conantibus

477 4079 871 4134 consuetudine
900 4080 1211 4134 commercii
1249 4079 1502 4148 utrinque
1541 4080 1842 4149 quaestuosi
1893 4094 2047 4132 com-

479 4171 756 4238 modique.
811 4170 932 4224 Non
980 4173 1123 4225 enim
1183 4171 1317 4225 alios
1353 4169 1624 4225 habebant
1675 4172 1877 4239 quibus
1927 4169 2055 4223 lide-

477 4269 625 4324 rent;
663 4267 717 4314 et
758 4259 802 4313 si
831 4259 929 4314 hos
975 4260 1311 4328 expellerent
1354 4263 1542 4314 unicos
1570 4259 1864 4314 suburbani
1908 4259 2056 4314 terri~

479 4351 603 4406 torii
633 4351 877 4416 colonos,
915 4351 1144 4406 desertae
1188 4352 1317 4419 ipsis
1343 4351 1662 4418 incultisque
1698 4349 1946 4420 regiones
1978 4353 2056 4403 vi-

2162 602 2342 674 μάχης
2363 603 2634 674 οὐδέτεροι
2692 602 2955 674 θατέρους
2993 605 3311 663 ἐσκύλευον.
3368 607 3575 661 Ἐδόκει
3611 613 3732 678 γοῦν

2158 693 2236 764 τῷ
2267 693 2478 764 βασίλεί
2505 695 2571 747 δι’
2615 695 3010 764 Ἑλλησπόντου
3043 698 3421 766 περαιωθέντα
3446 701 3545 769 τὴν
3568 702 3730 771 Σηλυ-

2160 787 2320 854 ϐρίαν
2343 788 2468 857 ἄρτι
2504 787 2740 841 ἁλοῦσαν
2772 790 3118 855 καταλαϐεῖν,
3144 791 3240 843 καὶ
3269 793 3335 845 τὰ
3364 794 3497 862 περὶ
3523 793 3607 864 [Ρ.
3648 796 3734 868 7'2]

2158 880 2250 933 τοῦ
2282 880 2396 943 πῶς
2418 881 2483 934 ἂν
2516 882 2547 950 ἡ
2583 881 2736 943 πόλις
2781 881 3079 950 Ῥωμαίοις
3107 884 3255 954 ἁλῴη
3293 886 3409 936 ἐκεῖ
3433 885 3731 956 καθήμενον

2158 971 2668 1047 πραγματεύεσθαι.
2744 972 2905 1025 Ἀλλὰ
2970 973 3029 1025 τὸ
3089 975 3218 1044 περὶ
3272 975 3368 1047 τὴν
3415 975 3730 1049 Ἐκκλησίαν

2161 1064 2377 1132 συμϐὰν
2415 1065 2514 1118 οὐκ
2539 1066 2624 1118 εἷα
2647 1064 2834 1118 τοῦτον
2873 1066 3165 1138 διαπερᾷν.

2161 1227 2244 1274 ιε’.
2272 1221 2476 1287 ’Ὅπως
2514 1223 2547 1276 ό
2570 1223 2942 1292 πατριάρχης
2981 1224 3296 1292 ’Λρσένιος
3326 1224 3437 1278 τοῦ
3465 1241 3734 1294 πατριαρο

2639 1295 2810 1362 χείου
2842 1294 3263 1360 ὑπεξίσταται.

2179 1429 2206 1480 ι’
2243 1427 2301 1481 '0
2331 1428 2441 1497 γὰρ
2469 1431 2818 1500 πατριάρχης
2859 1431 2916 1484 Ἀ
2929 1431 3135 1500 ρσένιος
3159 1429 3259 1484 εἶτ’
3291 1432 3731 1500 ἐπιλογισάμενος

2155 1519 2217 1572 τὺ
2249 1519 2341 1573 ἐπὶ
2365 1519 2442 1589 τῷ
2484 1521 2692 1588 βασιλεί
2721 1523 2988 1591 πραχθὲν,
3023 1525 3098 1586 ib;
3119 1524 3463 1594 ἐξηπάτηται
3507 1525 3604 1594 μέν
3636 1527 3728 1578 αὐο

2156 1610 2268 1674 τὸς,
2297 1611 2325 1662 ὁ
2363 1608 2418 1662 δὲ
2449 1608 2548 1678 τῆς
2579 1609 2860 1678 βασιλείας
2907 1610 3086 1681 δρπηξ
3124 1612 3430 1680 ἀγέραστος
3464 1615 3610 1681 μένει
3641 1630 3728 1666 πεα

2161 1702 2610 1773 ριφρονούμενος,
2658 1704 2768 1756 τῶν
2822 1706 3166 1773 πραγμάτων
3214 1705 3350 1758 ὅλων
3386 1705 3493 1756 ὑπὸ
3521 1705 3596 1774 τῷ
3629 1708 3726 1760 Πα-

2159 1796 2421 1863 λαιολόγῳ
2452 1795 2863 1865 διοικουμένων,
2903 1797 3009 1849 εἴτε
3043 1798 3136 1851 καὶ
3184 1797 3346 1851 ἄλλου
3380 1798 3638 1862 νύξαντος
3660 1801 3729 1862 ὼς

2163 1887 2538 1954 ἐπινυστάξειε
2591 1887 2820 1956 μέγιστα
2867 1888 3082 1957 πράξας
3133 1890 3226 1942 καὶ
3268 1889 3500 1959 ἄληστα,
3554 1892 3658 1943 εἴτε
3682 1911 3726 1946 τι

2143 1978 2259 2032 καὶ
2287 1979 2414 2033 ἄλλο
2447 1995 2499 2030 τι
2531 1977 2592 2030 τὸ
2611 1977 2814 2030 λυποῦν
2846 1973 2913 2048 ἦν
2944 1978 3085 2049 (οὐδὲ
3115 1977 3224 2047 γὰρ
3255 1979 3465 2040 ἐκεῖνος
3487 1977 3640 2046 δῆλον
3669 1974 3727 2047 ἦν

2163 2071 2332 2124 ποιῶν
2361 2072 2446 2140 ἐφ’
2467 2063 2512 2138 ᾧ
2540 2068 2816 2141 ἐξεχώρει,
2845 2071 3023 2132 αἰτίας
3048 2071 3095 2123 δ’
3136 2071 3440 2124 ἐπλάττετο
3463 2072 3538 2133 ib;
3567 2086 3727 2123 κατα-

2161 2163 2408 2229 φρονοῖτο
2443 2161 2535 2213 καὶ
2580 2161 2656 2215 ib:
2689 2161 2844 2214 οὐδὲν
2901 2160 3053 2230 παρὰ
3108 2161 3322 2231 βασιλεῖ
3372 2161 3526 2214 ἀνύοι
3571 2161 3728 2228 λέγων

2161 2252 2303 2322 ὑπὲρ
2333 2252 2444 2305 τῶν
2471 2255 2536 2322 τῇ
2554 2250 2848 2322 Ἐκκλησία
2875 2251 3265 2321 καθηκόντων),
3289 2251 3391 2321 ἅμ’
3417 2251 3583 2306 εἰπὼν
3604 2252 3728 2322 πρὸς

2160 2345 2250 2399 τὸν
2281 2345 2482 2416 κλῆρον
2513 2347 2606 2400 καὶ
2629 2347 2728 2416 ἅμ’
2755 2347 3008 2417 ὁρμήσας
3047 2347 3148 2414 τὴν
3181 2346 3361 2417 πύλην
3392 2349 3492 2415 τῆς
3534 2345 3725 2409 πόλεως

2159 2440 2394 2503 Νικαίας
2439 2440 2850 2510 καταλαμὸάνει
2889 2439 3052 2510 πεζῇ,
3089 2440 3185 2493 καλ.
3215 2439 3291 2503 ὡς
3341 2435 3459 2510 εἶχε
3496 2439 3585 2493 τὸν
3611 2442 3724 2508 περὶ

2161 2531 2326 2586 αὑτὸν
2383 2531 2540 2600 δχλον
2597 2527 3064 2598 ἀποτιναξάμενος
3114 2526 3531 2597 ἀμεταστρεπτὶ
3575 2526 3722 2590 (sui,

2159 2623 2374 2691 ὀλίγους
2395 2623 2534 2693 ἔχων
2555 2623 2679 2686 τοὺς
2717 2623 3139 2691 συνεπομένους.
3175 2621 3285 2672 Καί
3335 2636 3448 2673 τινι
3493 2618 3618 2688 πρὸς
3655 2616 3724 2684 τῷ

2159 2715 2332 2784 τείχει
2365 2717 2430 2784 τῇ
2470 2712 2563 2766 τοῦ
2599 2714 2914 2782 ἀγάλματος
2963 2711 3344 2782 προσκαθίσας
3377 2713 3536 2780 μονῇ.
3580 2711 3721 2762 νυκτὶ

2160 2805 2260 2876 τὴν
2291 2805 2513 2876 πορείαν
2551 2803 2818 2869 πιστεύει,
2852 2803 2947 2857 καὶ
2973 2805 3157 2871 φέρων
3185 2803 3380 2856 ἑαυτὸν
3410 2805 3475 2873 τῇ
3499 2801 3588 2855 τοῦ
3622 2801 3721 2853 Πα-

2161 2898 2384 2970 σχασίου
2421 2899 2557 2968 μονῇ
2610 2897 2812 2962 δίδωσι,
2853 2899 2990 2966 μονῇ
3028 2886 3169 2966 πρὸς
3223 2893 3457 2966 ἡσυχίαν
3511 2893 3716 2962 εὐθέτῳ,

2159 3081 2378 3127 nostros
2413 3070 2673 3125 medium.
2709 3067 2914 3123 Tamen
2949 3066 3272 3123 necessariis
3301 3066 3357 3120 in
3394 3066 3482 3120 illa
3527 3065 3708 3120 vicinia

2159 3162 2478 3219 occursibus
2535 3162 2709 3217 amice
2765 3170 3063 3232 pacateque
3114 3163 3584 3233 diiungebantur,
3627 3175 3718 3214 nec

2160 3257 2416 3310 Romanis
2457 3256 2602 3322 ipsos
2641 3270 2740 3312 nec
2785 3257 2918 3325 ipsis
2980 3255 3264 3311 Romanos
3299 3255 3584 3311 inciviliter
3619 3264 3716 3306 tra-

2155 3348 2430 3405 ctantibus
2472 3358 2567 3402 aut
2615 3348 2722 3402 vim
2775 3349 2936 3403 ullam
2979 3350 3303 3420 injuriamve
3361 3345 3711 3404 oﬂ’et‘entibus.

2155 3440 2311 3495 Tunc
2343 3439 2520 3494 visum
2553 3450 2917 3510 opportunum
2956 3442 3270 3510 imperatori
3294 3452 3380 3496 est
3413 3439 3713 3493 transmisso

2158 3530 2506 3599 Hellesponto
2531 3533 2582 3586 in
2609 3548 2781 3602 nuper
2809 3543 3022 3601 captam
3047 3531 3350 3603 Selybriam
3375 3548 3435 3587 se
3466 3529 3711 3591 conferre,

2155 3623 2338 3692 ibique
2389 3639 2456 3678 ex
2511 3625 2815 3694 propinquo
2878 3623 3106 3678 consilia
3147 3637 3346 3692 capere
3391 3624 3712 3688 rationesque

2157 3715 2293 3770 inire
2321 3716 2471 3768 urbis
2516 3714 2810 3782 potiundae.
2841 3713 2949 3769 Sed
3000 3723 3290 3770 revocatus
3321 3714 3391 3768 ab
3429 3729 3490 3768 ea
3523 3711 3712 3781 cogita-

2158 3808 2301 3862 tione
2362 3807 2890 3874 transmissioneque
2943 3815 3026 3860 est
3069 3821 3134 3861 eo
3189 3807 3336 3875 quod
3390 3814 3578 3875 praeter
3604 3803 3709 3871 cpi-

2155 3902 2371 3954 nionem
2405 3897 2457 3950 in
2497 3895 2736 3952 Ecclesia
2773 3905 2900 3950 tunc
2928 3897 3176 3964 contigit.

2197 4034 2282 4088 15.
2325 4031 2390 4088 Ut
2416 4033 2723 4101 patriarcha
2767 4029 3023 4086 Arsenius
3051 4030 3423 4100 patriam/tatu
3454 4028 3672 4084 cesserit.

2226 4167 2542 4223 Patriarcha
2577 4167 2841 4234 siquidem
2879 4167 3157 4226 Arsenius,
3182 4167 3298 4222 sive
3334 4176 3586 4234 reputans
3613 4163 3705 4218 sibi

2157 4262 2371 4317 illusum
2406 4261 2708 4316 interversa
2749 4262 3104 4314 coronatione
3148 4262 3298 4328 pueri
3339 4258 3586 4329 Augusti,
3635 4253 3706 4308 iu-

2154 4353 2424 4422 digneqne
2452 4351 2637 4408 ferens
2654 4350 2868 4406 baerede
2895 4352 3108 4420 imperii
3141 4361 3452 4419 contempto
3473 4360 3705 4419 paeneque

476 4454 624 4498 ctum
660 4453 940 4514 negarent.
972 4442 1108 4498 Cum
1152 4458 1283 4512 ergo
1317 4444 1456 4497 inter
1486 4440 1760 4496 Romanos
1793 4451 1847 4496 et
1889 4441 2054 4496 Italos
2157 4446 2210 4499 in
2240 4445 2484 4499 ordinem
2517 4446 2738 4500 redacto
2763 4446 2829 4500 ad
2858 4455 3048 4498 nutum
3079 4444 3243 4500 unius
3275 4441 3551 4510 Palaiologi
3580 4454 3704 4494 cun-

476 4546 790 4590 ueutrarum
851 4546 1029 4591 essent
1082 4537 1355 4604 partium,
1422 4534 1808 4589 Thelematarii
1852 4534 2043 4604 (quasi
2077 4544 2238 4604 Dcta
2272 4537 2602 4605 gubernari,
2657 4537 2772 4590 sive
2824 4537 3205 4591 indormivisse
3259 4535 3362 4590 sibi
3393 4532 3630 4590 conscius
3655 4531 3701 4582 in

475 4630 688 4685 diceres
727 4629 1062 4699 voluntarii)
1108 4629 1463 4693 vocabantur,
1514 4629 1679 4698 quod,
1713 4637 1773 4681 ut
1806 4627 1937 4692 dixi,
1983 4629 2048 4680 ad
2152 4627 2403 4682 maximis
2447 4636 2501 4682 et
2530 4629 2755 4696 publij
2787 4629 2992 4683 notitiae.
3040 4627 3409 4683 iudelebiliter
3447 4621 3702 4694 insculptis

473 4737 612 4792 quos
645 4721 898 4776 volebant
935 4722 1156 4791 impune
1191 4721 1623 4789 propenderent,
1666 4735 1886 4789 campos
1929 4718 2047 4771 urbi

475 4814 680 4867 vicinos
704 4814 942 4868 colentes
975 4813 1210 4882 indeque
1237 4812 1498 4876 viventes,
1537 4827 1634 4866 nec
1663 4810 1868 4865 Latinis
1901 4813 2048 4880 ipsos

475 4921 576 4961 nec
610 4905 866 4960 Romanis
907 4904 1282 4958 infestantibus
1309 4943 1324 4969 ,
1378 4905 1522 4972 quod
1572 4919 1758 4958 eorum
1790 4917 1951 4974 opera
1991 4913 2049 4957 et

475 4997 851 5053 benevolentia
890 4999 1094 5066 pariter
1119 4996 1339 5066 utrique
1363 4997 1686 5064 indigerent.
1711 4995 1840 5049 Nam
1869 5008 2048 5048 utros-

473 5090 555 5144 vis
589 5089 658 5142 ob
709 5097 961 5154 acceptas
1002 5086 1228 5153 injurias
1263 5087 1540 5151 odissent,
1589 5085 1804 5140 aﬂiccre
1846 5085 2046 5140 damno

475 5193 748 5251 poterant,
780 5181 943 5235 Italos
981 5181 1195 5250 quidem
1224 5180 1526 5233 recedendo
1567 5181 1708 5244 inde,
1733 5187 1788 5232 et
1832 5175 2042 5230 desola-

477 5277 546 5333 tis
581 5274 914 5339 incultisque
972 5271 1374 5338 rclinquendis,
1411 5269 1552 5322 unde
1603 5269 1778 5322 victus
1832 5279 2044 5338 partem

475 5370 765 5424 maximam
824 5366 978 5434 ιιι
1033 5367 1336 5430 habebant,
1369 5366 1548 5432 terris,
1599 5367 1873 5419 Romanos
1919 5379 2044 5417 vero

474 5462 808 5522 ulciscendo,
840 5463 883 5514 si
917 5460 1282 5524 irritarentur,
1313 5469 1367 5512 et
1404 5475 1562 5512 nmnu
1607 5470 1816 5512 armata
1858 5473 2044 5526 perse-

472 5553 723 5622 quendo;
751 5553 800 5604 in
831 5567 990 5619 quam
1025 5560 1228 5619 partem
1260 5561 1413 5606 erant
1443 5567 1538 5621 per
1571 5566 1692 5605 sese
1726 5550 2040 5619 proniores,

475 5663 575 5700 nsu
601 5656 652 5700 et
676 5645 926 5698 instituto
958 5643 1082 5698 vitze
1113 5645 1284 5713 palam
1315 5645 1689 5698 incumbentes
1719 5644 1771 5695 in
1803 5643 2040 5695 favorem

473 5738 725 5792 Italorum
763 5747 814 5791 et
849 5752 876 5790 a
916 5737 1174 5792 Romanis
1220 5737 1597 5792 abhorrentes.
1639 5735 1723 5800 lli,
1757 5747 2040 5805 postquam

473 5839 629 5900 capta
653 5840 736 5886 est
764 5829 1032 5904 Sclybria,
1067 5829 1327 5901 nihiljam
1355 5828 1619 5885 habebant
1654 5829 1795 5884 inter
1819 5829 1964 5897 ipsos
1989 5834 2042 5881 et

2149 4734 2285 4773 sera:
2347 4720 2471 4774 inde
2519 4722 2847 4789 paenitentiae
2913 4737 3095 4775 morsu
3147 4721 3565 4792 inquietabatur,
3612 4730 3696 4770 seu

2148 4812 2272 4878 quis
2327 4811 2465 4864 alius
2519 4812 2706 4866 urebat
2747 4811 2996 4868 occultus
3047 4813 3202 4867 dolor
3235 4813 3383 4882 (nam
3422 4809 3697 4880 apparebat

2147 4918 2272 4958 eum
2300 4918 2406 4956 non
2453 4905 2604 4957 fateri
2661 4905 2789 4974 quid
2839 4916 2983 4958 esset
3016 4921 3124 4976 quo
3153 4922 3279 4960 vere
3310 4911 3623 4963 moveretur,
3647 4909 3696 4952 et

2149 4999 2354 5066 lingere
2379 5011 2514 5066 quas
2546 4997 2812 5067 allegabat
2839 5015 3071 5063 causas,
3110 4999 3254 5068 quod
3298 4999 3545 5052 nimirum
3592 4993 3695 5047 aui-

2150 5087 2515 5141 madvertcret
2547 5102 2668 5142 sese
2719 5090 2992 5144 contemni
3029 5090 3098 5145 ab
3131 5090 3472 5159 imperatore,
3505 5094 3555 5141 et
3583 5097 3689 5138 cum

2146 5178 2193 5232 ei
2227 5179 2293 5234 de
2345 5181 2507 5234 rebus
2554 5180 2812 5235 Ecclesia
2865 5181 3196 5250 loqueretur,
3244 5181 3372 5235 nihil
3408 5180 3688 5250 proﬁcere),

2147 5273 2274 5328 talia
2308 5273 2451 5329 clero
2478 5290 2598 5328 cum
2625 5276 2891 5338 dixisset,
2935 5288 3162 5344 repente
3209 5278 3406 5342 impetu
3434 5283 3581 5342 capto
3609 5282 3691 5338 pc-

2146 5365 2239 5420 des
2273 5366 2364 5419 ad'
2387 5375 2594 5434 portam
2626 5367 2773 5422 urbis
2803 5366 2994 5422 Nicwae
3037 5383 3351 5437 progressus
3397 5376 3494 5428 est,
3529 5363 3690 5428 ibique

2146 5467 2559 5526 persequentem
2612 5457 2778 5512 effuse
2811 5461 3025 5513 turbam
3053 5475 3082 5512 a
3116 5474 3174 5512 se
3212 5458 3471 5526 repellens
3497 5456 3686 5509 inevo-

2143 5549 2395 5603 cabiliter
2413 5550 2546 5604 sein
2572 5553 2710 5605 viam
2744 5552 2888 5606 dedit
2917 5552 3074 5623 112
3101 5555 3284 5619 paucis
3308 5545 3682 5606 comitantibus;

2143 5651 2338 5694 etcum
2365 5644 2416 5695 in
2443 5645 2672 5708 quodam
2700 5645 2878 5698 vicino
2911 5647 3179 5699 inmitibus
3202 5640 3524 5698 monasterio
3544 5633 3685 5703 Agili-

2147 5733 2306 5786 matis
2330 5742 2518 5788 vocato
2551 5736 2766 5801 paulum
2811 5737 3166 5803 consedisset,
3206 5747 3467 5790 nocturno
3508 5727 3680 5783 itinere

2144 5839 2202 5880 se
2232 5825 2460 5880 contulit
2509 5829 2574 5883 ad
2607 5831 2993 5888 monasterium
3027 5827 3305 5886 Paschasii
3345 5825 3408 5882 ad
3451 5812 3681 5886 tranquil-
