3952 6518
251 364 350 427 549

1190 357 1288 419 ΒΕ
1330 353 1720 417 MICIIAELE
1761 351 2227 412 PAL/EOLOGO
2269 353 2413 413 LIB.
2464 353 2543 415 ῐΙ.

3389 352 3491 414 550

248 477 394 529 ἔνθεν
433 473 532 543 μὲν
567 471 762 544 ἐχούσῃ
811 472 909 540 τὴν
944 472 1242 539 θάλασταν,
1299 470 1448 524 ἐνθεν
1483 470 1526 521 δ’
1560 470 1814 539 ὑπεράνω
1844 475 1885 527 Α
1920 469 2066 537 ρεῦσι
2108 466 2166 518 τ’)
2218 466 2457 535 πραχθὲν
2505 464 2582 535 τῷ
2623 464 2939 535 πατριάρχῃ
2974 462 3241 517 κοινοῦντι
3299 463 3394 517 καὶ
3427 464 3486 514 τὸ

244 564 463 635 κειμένῃ
506 564 597 616 τοῦ
628 562 875 633 ποταμοῦ
914 566 1239 635 Δράκοντος,
1290 564 1386 616 καὶ
1448 563 1532 630 ἐφ’
1582 560 1813 631 ἡσυχίας

244 660 411 711 ἐκεῖσε
454 656 717 723 καθῆστο.
755 656 866 707 Καὶ
890 657 917 707 ό
952 657 1049 724 μὲν
1075 654 1218 707 οὕτω
1246 654 1324 724 τῷ
1354 656 1503 723 τόπῳ
1543 652 1812 723 ένησυχά-

243 752 345 813 ζων
371 748 582 809 οὐδενὸς
610 746 716 799 τῶν
746 747 1100 815 καθηκόντων
1125 749 1189 817 τῇ
1222 745 1559 817 πατριαρχίᾳ
1589 746 1812 815 ἥπτετο,

243 840 397 891 πάντ’
433 841 623 903 ἐάσας,
680 840 858 909 ἑαυτῷ
886 840 940 892 δὲ
976 840 1121 909 μόνῳ
1174 840 1496 910 προσλαλῶν
1531 841 1624 893 καὶ
1672 838 1813 906 Θεῷ.

242 932 300 984 Ol
325 930 376 982 δὲ
407 929 505 982 τοῦ
548 931 768 999 κλήρου,
798 931 889 983 καὶ
918 932 1031 984 ὅσοι
1063 932 1170 983 τῶν
1197 932 1499 1000 ἀρχιερέων
1527 936 1592 1003 τῇ
1611 933 1816 1003 Νικαίᾳ

242 1021 567 1091 ἐπεδήμουν.
603 1023 775 1075 δεινὸν
804 1023 862 1075 τὸ
903 1023 1119 1092 συμϐἀν
1152 1023 1383 1091 ἡγοῦντο
1410 1026 1504 1075 καὶ
1541 1024 1814 1091 προσεπέο

242 1113 454 1167 στελλον
498 1114 854 1177 ἱκετεύοντες,
901 1118 973 1185 μή
1024 1133 1128 1167 που
1164 1116 1254 1168 καὶ
1287 1116 1541 1185 βασιλεὺς
1572 1115 1813 1179 ἀκούσας

242 1204 293 1255 ὲν
342 1204 507 1272 δεινῷ
560 1207 621 1255 τὸ
660 1205 899 1274 πραχθὲν
948 1208 1187 1276 ποιήσοι.
1244 1208 1354 1260 Καὶ
1398 1207 1572 1271 ἄλλως
1606 1209 1815 1261 δίκαιον

241 1292 394 1357 εἶναι,
429 1296 484 1348 ετ
520 1297 601 1360 τίς
645 1313 747 1349 που
806 1300 898 1351 καὶ
932 1297 1148 1369 λυποίη,
1205 1297 1369 1350 αὐτοῦ
1414 1316 1519 1351 που
1575 1299 1669 1351 τοῦ
1713 1316 1819 1351 πα-

241 1388 555 1456 τριαρχείου
599 1390 869 1459 καθῆσθαι
903 1391 996 1442 καί
1034 1407 1090 1458 γε
1126 1391 1371 1459 ἐλέγχειν
1401 1391 1492 1443 τὸν
1538 1392 1659 1443 κατ’
1685 1392 1816 1460 ἐπή-

244 1491 391 1545 ρειαν
420 1477 766 1547 ἐνοχλοῦντα,
807 1479 1293 1549 προσιναφέροντα
1349 1480 1442 1531 καὶ
1474 1480 1550 1549 τῷ
1581 1479 1810 1550 βασιλεῖ,

242 1570 288 1620 εί
316 1567 360 1621 δ’
391 1568 556 1630 αὐτὸς
581 1573 675 1622 καὶ
708 1572 865 1639 μόνος
909 1570 995 1639 εἴη
1028 1570 1282 1640 ἐνοχλῶν,
1335 1571 1499 1623 αὑτὸν
1543 1572 1817 1623 νουθετεῖν

239 1658 482 1728 ἐλέγχειν
517 1662 876 1730 παρακαλεῖν,
911 1656 1399 1729 συλλαμϐανόντων
1429 1662 1522 1714 καὶ
1566 1662 1672 1715 τῶν
1722 1663 1819 1731 ἀρ-

240 1751 467 1820 χιερέων
503 1750 737 1804 καθόσον
771 1750 1027 1822 ἰσχύοιεν.
1060 1751 1133 1805 Τὸ
1163 1751 1208 1803 δ’
1236 1754 1538 1822 ἀναχωρεῖν
1577 1753 1651 1823 μὴ
1682 1770 1820 1821 προοσ

242 1842 419 1909 φανῶς
447 1844 552 1906 τάς
596 1845 773 1906 αἰτίας
832 1844 1068 1912 λέγοντι,
1143 1843 1219 1917 μὴ
1303 1846 1531 1907 μάταιον
1582 1848 1810 1917 νομισθῇ

240 1934 297 1985 τὸ
322 1932 660 2004 ἐγχείρημα.
690 1932 799 1988 Ἦν
833 1936 889 1988 δὲ
939 1937 1045 2009 ἄρα
1075 1942 1167 1992 καὶ
1214 1937 1547 2007 ἀμφοτέροις
1582 1938 1819 2006 ἀνήνυτα

240 2024 302 2076 τὰ
326 2025 703 2095 πραττόμενα,
732 2030 845 2088 τοῖς
880 2028 930 2080 τ’
965 2030 1342 2082 ἐπιστέλλουσι
1376 2028 1462 2100 [Ρ.
1500 2027 1591 2100 75]
1622 2030 1717 2081 καὶ
1742 2028 1819 2099 τῷ

245 2115 594 2185 ἡσυχάζοντι,
622 2116 837 2187 δοκήσει
868 2119 977 2171 τῶν
1025 2110 1122 2190 μὲν
1153 2124 1248 2175 τοῦ
1283 2120 1358 2191 μὴ
1392 2121 1535 2191 ἔχειν
1567 2121 1819 2190 ἀποσπᾷν

242 2209 447 2260 ἑγεῖθεν
484 2211 721 2275 ἐκεῖνον,
746 2210 849 2263 κᾶν
873 2211 901 2264 ὃ
929 2228 983 2267 τι
1016 2212 1242 2279 λέγοιεν,
1277 2213 1373 2267 τοῦ
1412 2213 1469 2267 δὲ
1508 2213 1602 2265 τοῦ
1626 2213 1699 2283 μὴ
1730 2212 1823 2265 ἐπὶ

246 2301 424 2369 ῥητοῖς
458 2302 617 2371 ίστᾷν
647 2302 714 2354 τὰ
736 2304 833 2371 τῆς
873 2305 1270 2376 ἀναχωρήσεως
1293 2306 1462 2371 αἴτια,
1502 2306 1588 2373 ἐφ’
1617 2298 1658 2371 ᾧ
1690 2304 1819 2357 πολ·

242 2391 396 2453 λάκις
435 2395 538 2444 καὶ
569 2393 838 2464 θεραπεία
870 2395 1104 2463 γένοιτο.
1131 2396 1467 2465 Τριόομένου
1497 2396 1554 2448 δὲ
1583 2395 1672 2448 τοῦ
1702 2413 1823 2449 καιο

247 2481 337 2551 ροῦ
359 2483 555 2552 φθάνει
597 2486 693 2537 καὶ
731 2486 787 2545 ές
818 2486 1042 2556 βασιλέα
1080 2486 1142 2539 τδ
1166 2488 1373 2556 δρᾶμα,
1417 2488 1510 2541 καὶ
1545 2486 1682 2557 βαρὺ
1717 2488 1819 2538 αὑ-

242 2578 363 2629 τίκα
390 2576 545 2630 δοκεῖ
568 2579 858 2633 ἀκουσθέν.
894 2582 1001 2634 Καὶ⁸
1029 2581 1087 2644 δς
1112 2584 1226 2645 τοῖς
1270 2580 1409 2651 ἀμφ’
1441 2582 1604 2633 αὐτὸν
1635 2584 1820 2650 ἀοχιε-

246 2753 347 2807 iam
383 2756 627 2825 quietem
674 2766 973 2827 opportune
1008 2758 1194 2822 situm,
1240 2760 1366 2813 hinc
1419 2760 1633 2827 quidem
1686 2761 1822 2813 mari

246 2856 593 2916 praetentum,
632 2850 780 2905 illinc
815 2848 1064 2904 Dracone
1096 2849 1336 2916 ﬂumine,
1371 2851 1436 2904 ad
1468 2852 1622 2921 cujus
1651 2852 1821 2921 ripam

246 2949 614 2994 constructum
650 2950 805 3005 erat;
839 2942 1020 3011 ibique
1067 2942 1117 2996 in
1161 2944 1327 2994 altqu
1359 2957 1417 2996 se
1444 2944 1610 2997 otium
1640 2946 1825 2998 condi-

248 3031 341 3096 dit,
370 3032 579 3085 nullam
627 3033 882 3100 deinceps
915 3046 1185 3101 usurpans
1227 3049 1290 3086 ex
1324 3034 1560 3102 propriis
1591 3036 1824 3103 patriar-

1917 560 2171 628 ποιητέον
2229 559 2398 629 ζητεῖ.
2440 560 2563 620 Τοῖς
2600 558 2696 628 μὲν
2756 558 2847 612 οὖν
2878 557 3163 629 προτροπὴ
3199 553 3266 629 ἦν
3288 559 3382 611 ἐπὶ
3426 557 3488 609 τό

1915 650 2004 702 διὰ
2054 650 2305 703 πλείστου
2357 650 2561 703 τιθέναι
2621 650 2719 721 τὴν
2772 649 3122 720 ἀναχώρησιν
3178 652 3236 703 τό
3276 669 3333 703 τε
3392 652 3488 701 τοῦ

1917 744 2247 811 πράγματος
2303 741 2468 813 ἄηθες
2507 742 2662 813 καὶὴ
2711 743 2808 811 τῆς
2842 745 3067 813 εἰρήνης
3104 744 3363 811 συνήθεια
3395 744 3490 796 καὶ

1916 832 1977 885 τὸ
2011 833 2085 903 μὴ
2118 834 2175 898 ἐξ
2208 836 2428 904 ἑτοίμου
2473 834 2621 899 δόξαι
2648 836 3177 904 ἀποπροσποιεῖτθαι
3216 838 3307 888 τὸν
3334 835 3489 904 πρῶο

1916 942 2009 976 τον
2039 928 2130 978 καὶ
2165 928 2350 993 ζητεῖν
2411 927 2619 995 ἕτερον,
2657 927 2764 996 πρδ
2797 927 2853 979 δὲ
2885 927 3089 979 τούτων
3149 929 3406 981 ἁπάντων
3458 928 3492 996 ἡ

1916 1016 2011 1067 τοῦ
2037 1016 2299 1085 βασιλέως
2338 1019 2681 1087 παράκλησις
2708 1018 2944 1088 Μιχαὴλ,
2982 1019 3228 1089 λιπαρῶς
3259 1019 3491 1083 δεδιότος

1924 1107 1996 1177 μὴ
2022 1108 2105 1174 ἐφ’
2128 1108 2276 1175 αὑτῷ
2322 1111 2387 1163 τὰ
2410 1110 2507 1177 τῆς
2532 1111 2930 1180 ἀναχωρήσεως
2965 1112 3175 1177 γένοιτο
3206 1111 3354 1163 αἴτια
3379 1129 3391 1141 ο
3432 1110 3494 1162 τὸ

1919 1200 2029 1268 γὰρ
2058 1200 2293 1262 συνειδὸς
2346 1201 2585 1271 ἀρρεπὲς
2619 1203 2903 1270 κριτήριον
2952 1197 3017 1271 ἦν
3063 1203 3156 1254 καὶ
3186 1201 3245 1253 το
3286 1200 3493 1254 λυποῦν

1918 1292 2018 1343 οὐκ
2051 1292 2256 1361 ἠγνόει,
2292 1291 2395 1344 κᾶν
2434 1294 2644 1355 ἐκεῖνος
2680 1294 2779 1345 οὐκ
2826 1293 2977 1361 ἔλεγε
3011 1293 3277 1362 φανερῶς,
3314 1294 3493 1363 λύπην

1924 1382 2093 1451 μόνην
2164 1384 2356 1452 κωφὴν
2408 1386 2503 1436 καὶ
2555 1385 2966 1453 καταφρόνησιν
3034 1384 3492 1454 προϐαλλόμενος.

1936 1474 2143 1526 Ἐκεῖσε
2164 1472 2293 1539 γοῦν
2322 1474 2430 1525 τῶν
2454 1476 2793 1545 ὁπουδήποτε
2820 1475 3192 1544 συναχθέντων
3227 1477 3497 1545 ἱεραρχῶν

1923 1563 2151 1633 ζήτησις
2209 1560 2278 1633 ἦν
2339 1566 2467 1635 περὶ
2514 1566 2715 1617 τούτων
2764 1566 2857 1618 καὶ
2918 1566 3126 1633 σκέψις.
3191 1566 3300 1617 Καὶ
3343 1566 3494 1629 τέλος

1921 1642 2200 1722 πέμπουσι
2227 1656 2351 1718 τοὺς
2378 1658 2521 1726 περί
2554 1656 2645 1709 τὸν
2685 1656 3007 1725 Ἡρακλείας
3042 1655 3288 1725 Νικήταν
3314 1657 3496 1726 (ἔτυχε

1921 1747 2030 1815 γὰρ
2068 1749 2190 1800 τότε
2225 1748 2319 1801 καὶ
2370 1750 2717 1818 πατριάρχης
2766 1751 2829 1819 τῇ
2872 1752 3004 1819 μονῇ
3041 1748 3134 1800 τοῦ
3180 1750 3337 1814 ἁγίου
3376 1752 3494 1802 Ato-

1925 1839 2129 1909 μήδους
2179 1840 2531 1910 προσμένων)
2591 1839 2960 1907 ἀγγελοῦντας
3004 1840 3105 1909 μὲν
3145 1840 3280 1909 πρὸς
3333 1841 3497 1894 αὑτὸν

1922 1932 2013 1983 καὶ
2036 1931 2105 1984 τὰ
2139 1930 2247 1985 ἀπὸ
2277 1933 2377 2002 τῆς
2407 1932 2629 1985 συνόδου
2668 1933 3157 2003 μετακαλουμένης
3207 1933 3367 1985 αὐτὸν
3402 1932 3497 1987 καὶ

1922 2023 2145 2093 βαρεῖαν
2169 2024 2431 2096 δοκούσης
2457 2026 2714 2094 ἡγεῖσθαι
2746 2027 2844 2092 τὴν
2870 2024 3240 2095 ἀναχώρησιν,
3274 2027 3495 2095 ἑτοίμου

1922 2115 1969 2168 τ’
1994 2114 2160 2185 οὔσης
2180 2116 2316 2185 πρὸς
2349 2116 2408 2168 τὸ
2435 2115 2629 2185 μαθεῖν
2668 2117 2915 2179 εἰπόντος
2956 2117 3023 2168 τά
3054 2116 3226 2177 αἴτια.
3274 2118 3411 2188 πλὴν
3439 2120 3494 2171 δὲ

1922 2211 2016 2259 καὶ
2049 2207 2414 2271 ὀνειδιοῦντας
2443 2209 2518 2272 ὠς
2558 2210 2619 2262 οὐ
2655 2211 2885 2274 δεόντως
2934 2212 3309 2281 διαπράξαιτο,
3361 2213 3496 2267 ἀλλά

1924 2300 2325 2369 συναρπασθεὶς
2359 2302 2489 2364 ἴσως
2522 2300 2580 2365 ἐξ
2633 2302 2827 2369 ὀδύνης
2875 2303 2936 2355 τὸ
2973 2303 3048 2372 μὴ
3084 2308 3223 2355 κατά
3254 2305 3312 2356 τὸ
3350 2305 3494 2367 εἰκὸς

1922 2392 2223 2459 ποιήσειεν,
2253 2392 2321 2462 ἣν
2349 2392 2456 2445 ἔδει
2511 2394 2827 2463 συναχθεῖσι
2853 2394 3052 2461 δηλοῦν
3108 2398 3200 2448 καὶ
3245 2396 3496 2466 διοροοὶν

1922 2480 2108 2545 ἀξιοῦν
2142 2484 2489 2553 πατριάρχην
2510 2483 2637 2536 ὄντα
2658 2488 2750 2538 καὶ
2774 2486 2898 2548 τοὺς
2917 2487 3024 2538 τῶν
3048 2487 3305 2557 Πατέρων
3336 2494 3468 2541 κανό
3484 2517 3498 2528 ·

1922 2589 2017 2635 νας
2045 2573 2134 2626 διὰ
2163 2574 2419 2627 πλείστου
2447 2577 2750 2645 τιθέμενον.
2770 2577 2879 2631 Ποῦ
2898 2578 3008 2648 γὰρ
3028 2578 3086 2630 τὸ
3109 2580 3373 2650 ἐλέγχειν,
3394 2578 3498 2632 ποῦ

1924 2747 2132 2803 dierum
2170 2750 2373 2817 aliquot
2417 2752 2594 2820 spatio
2628 2754 3019 2821 desperatoque
3058 2768 3325 2821 regressu.
3373 2768 3498 2822 per-

1924 2837 2095 2893 fertur
2120 2844 2181 2893 ad
2219 2842 2596 2912 imperatorem
2637 2847 2709 2898 rei
2744 2844 2907 2907 fama,
2938 2860 3055 2915 quze
3096 2851 3277 2915 gravis
3301 2849 3346 2898 ei
3374 2861 3499 2915 per-

1928 2935 2264 3003 rnolestaque
2310 2951 2443 2988 sane
2499 2937 2717 2990 accidit.
2767 2937 2954 3005 Itaque
3006 2939 3052 2992 is
3104 2940 3499 2992 comtttttnicato

1926 3028 2069 3096 quod
2118 3030 2361 3082 audierat
2405 3032 2669 3097 episcopis
2708 3030 2798 3099 qui
2844 3030 2982 3084 forte
3013 3030 3323 3093 adfuerunt,
3354 3048 3502 3098 qure-

248 3125 358 3179 chze
408 3124 820 3187 functionibus,
877 3123 974 3178 sed
1030 3123 1242 3177 cunctis
1292 3124 1532 3189 omissis,
1587 3125 1687 3179 sibi
1735 3126 1824 3180 uni
1855 3147 1897 3203 ο
1931 3125 2082 3177 rebat
2111 3124 2177 3175 ab
2212 3124 2343 3192 ipsis
2370 3124 2496 3190 quid
2528 3122 2834 3177 faciendum
2868 3124 2958 3177 tali
2998 3127 3281 3177 occasione
3308 3140 3500 3177 cense-

250 3212 462 3282 Deoque
493 3213 824 3282 colloquens.
848 3213 917 3267 At
940 3212 1120 3267 clerus
1147 3211 1460 3277 Nicaensis,
1484 3224 1540 3268 et
1561 3224 1825 3285 quotquot

250 3308 486 3376 episcopi
524 3307 578 3360 in
612 3319 675 3360 ea
724 3305 856 3360 urbe
905 3312 1019 3359 tum
1070 3306 1217 3374 regia
1271 3306 1608 3375 negotiorum
1661 3323 1824 3363 causa

252 3396 685 3461 dilersabantur,
711 3396 865 3462 moti,
889 3405 948 3451 ut
986 3410 1084 3467 par
1101 3405 1239 3461 erat,
1269 3407 1377 3449 tam
1412 3396 1623 3451 insueto
1657 3398 1824 3462 facto.

252 3490 591 3559 scripserunt
626 3489 693 3543 ad
742 3489 890 3543 illum
944 3488 1213 3557 supplices
1249 3488 1482 3553 litteras,
1517 3500 1738 3545 orantes
1772 3498 1830 3545 ut

253 3583 476 3648 rediret,
513 3590 568 3636 et
602 3590 947 3652 suggerentes
975 3580 1093 3636 fore
1124 3591 1181 3634 ut
1209 3581 1500 3649 imperator
1532 3596 1591 3635 re
1616 3583 1704 3636 tali
1733 3600 1829 3636 au-

254 3677 354 3731 dita
404 3675 776 3732 oﬂ'enderetur
823 3689 839 3730 :
888 3676 1029 3747 quod
1066 3676 1268 3747 siquid
1323 3676 1421 3742 ipsi
1477 3692 1661 3730 eorum
1712 3692 1831 3745 qua:

255 3768 449 3823 ﬁebant
489 3769 817 3839 displiceret,
867 3784 1078 3837 aequum
1104 3767 1269 3822 fuisse
1316 3767 1467 3822 illum
1510 3767 1830 3821 insidentem

259 3860 448 3915 throno
476 3876 593 3924 suo,
620 3860 968 3931 patriarcltali
999 3860 1319 3914 auctoritate
1348 3874 1624 3929 perperam
1651 3870 1831 3913 actum

258 3952 675 4020 reprehendere,
706 3962 761 4007 et
790 3952 835 4007 si
864 3951 952 4006 cui
989 3966 1083 4021 per
1131 3966 1191 4006 se
1239 3952 1441 4006 mederi
1476 3966 1581 4005 non
1629 3961 1832 4020 posset,

258 4044 319 4096 ad
352 4045 741 4111 imperatorem
795 4042 1003 4097 referre
1035 4061 1047 4098 :
1080 4042 1211 4112 quin
1257 4041 1375 4111 ipso
1409 4041 1462 4095 in
1512 4042 1835 4111 imperatore

258 4135 300 4189 si
325 4144 477 4190 esset
504 4136 643 4204 quod
676 4142 1037 4200 succenseret,
1068 4144 1313 4189 moneret
1346 4134 1543 4201 ipsum,
1584 4116 1831 4200 objurga-

260 4234 339 4281 ret
388 4227 555 4281 etiam
601 4240 699 4295 pro
732 4233 999 4294 potestate
1033 4225 1294 4278 divinitus
1328 4233 1569 4292 accepta,
1608 4223 1835 4276 hortan-

261 4316 433 4386 doque
493 4331 557 4370 ac
608 4318 849 4385 rogando
902 4323 1213 4379 revocaret,
1272 4314 1640 4382 cooperaturis
1678 4312 1728 4365 in
1785 4311 1837 4365 id

261 4407 431 4477 ipsam
471 4422 568 4477 pro
612 4406 751 4461 virili
800 4406 1014 4461 ceteris
1059 4404 1349 4474 episcopis.
1391 4404 1658 4459 Secedere
1704 4419 1837 4458 vero

1928 3222 2071 3266 rent.
2098 3213 2354 3281 Perplexa
2402 3228 2584 3267 eorum
2617 3216 2793 3267 oratio
2836 3214 2956 3278 fuit,
3006 3216 3232 3283 primum
3269 3230 3501 3284 exagge-

1930 3304 2163 3359 rantium
2209 3314 2535 3360 momentum
2583 3305 2974 3360 inusitatissimi
3021 3306 3168 3371 facti,
3212 3310 3503 3362 secessisse

1932 3398 1997 3448 de
2045 3397 2221 3449 medio
2257 3408 2475 3463 repente
2522 3398 2817 3465 principem
2866 3413 3139 3453 sacrorum
3192 3402 3333 3453 nulla
3375 3410 3499 3453 nota

1933 3501 2120 3549 causa,
2151 3488 2203 3541 iu
2235 3488 2389 3557 plena
2422 3505 2540 3543 cum
2574 3490 2825 3544 Ecclesia:
2855 3501 2964 3543 tum
2999 3490 3311 3557 reipublij
3344 3507 3499 3560 pace,

1935 3584 2047 3631 tum
2076 3580 2381 3634 addentium
2419 3581 2556 3634 haud
2591 3583 2642 3635 in
2684 3593 2929 3652 promptu
2962 3597 3080 3638 esse
3120 3585 3379 3636 rationem
3410 3595 3506 3637 aut

1935 3673 2055 3727 loco
2090 3675 2334 3728 movendi
2386 3677 2616 3743 primum
2648 3677 2982 3746 “antistitem,
3022 3687 3116 3730 aut
3160 3677 3321 3730 alium
3356 3693 3505 3746 quat-

1937 3765 2087 3818 rendi
2115 3768 2202 3833 qui
2230 3768 2275 3820 ei
2305 3766 2659 3821 sutiiceretur.
2690 3768 2793 3821 Sed
2825 3784 2932 3835 prae
2961 3769 3044 3822 his
3068 3769 3319 3823 erunibus
3344 3786 3508 3839 attge-

1936 3856 2027 3910 bat
2055 3867 2243 3910 :natum
2272 3873 2455 3911 eorum
2488 3860 2576 3927 qui
2608 3859 3032 3914 consulebantur
3063 3861 3128 3915 de
3158 3876 3214 3913 re
3246 3860 3358 3928 tali,
3389 3860 3506 3927 ejus

1937 3945 2031 4013 qui
2060 3948 2373 4001 consulebat
2402 3949 2644 4004 eminens
2667 3963 2731 4003 ex
2764 3949 2911 4002 vultu
2940 3958 2993 4003 et
3028 3950 3225 4003 frustra
3252 3951 3507 4004 dissimu-

1937 4034 2043 4088 lata
2076 4036 2428 4102 perturbatio.
2462 4035 2580 4104 Ipse
2610 4039 2806 4106 quippe
2848 4037 3073 4093 Michael
3120 4042 3244 4093 dum
3283 4038 3506 4109 rogabat

1939 4126 2064 4193 quid
2087 4142 2221 4196 opus
2248 4128 2409 4191 facto,
2437 4130 2575 4181 male
2608 4130 2878 4183 metuebat
2908 4146 2973 4185 ne
2997 4132 3207 4186 audiret
3232 4133 3373 4201 quod
3403 4148 3503 4188 sua

1942 4216 2115 4287 (cujus
2146 4228 2229 4271 est
2256 4217 2544 4271 inﬂexibile
2570 4220 2621 4273 in
2653 4220 2879 4291 gratiam
2908 4221 3189 4292 judicium)
3224 4225 3365 4279 intus
3402 4226 3503 4293 ipsi

1938 4310 2297 4379 exprobrabat
2332 4311 2689 4377 conscientia,
2726 4327 2943 4367 causam
2996 4315 3251 4370 nimirum
3292 4316 3506 4374 dedisse

1941 4402 2112 4472 ipsum
2138 4403 2419 4457 secedendi
2450 4406 2789 4473 patriarchae,
2823 4407 3170 4473 quantumtis
3203 4408 3291 4464 ille
3330 4408 3381 4463 id
3426 4410 3504 4463 fa-

264 4517 366 4555 non
401 4500 655 4570 allegatis
687 4499 893 4554 idoneis
924 4509 1085 4553 tantae
1118 4498 1373 4551 novitatis
1403 4498 1604 4561 causis,
1638 4496 1841 4549 videret
1870 4478 1915 4535 υ
1944 4496 2039 4547 teri
2075 4504 2364 4560 recusaret,
2394 4497 2486 4549 sed
2529 4505 2729 4549 mutum
2774 4497 3013 4553 dolorem
3057 4501 3284 4553 obtentu
3320 4499 3505 4554 nescio

264 4592 423 4645 etiam
475 4601 634 4659 atque
676 4592 838 4644 etiam
886 4602 951 4642 ne
998 4605 1183 4655 parum
1232 4605 1419 4641 sanum
1453 4588 1621 4641 videri
1655 4590 1839 4641 consi-

266 4681 391 4736 lium
427 4690 629 4750 posset.
660 4680 787 4734 Hzec
829 4690 881 4733 et
911 4680 1028 4748 ejus
1071 4680 1351 4733 sententia:
1381 4679 1482 4732 alia
1520 4678 1681 4733 missa
1719 4693 1840 4747 per-

268 4776 485 4845 lataque
528 4783 673 4839 sunt,
720 4774 903 4827 labore
947 4772 1098 4839 juxta
1150 4772 1513 4826 scribentibus
1559 4780 1611 4824 et
1655 4771 1702 4824 ei
1752 4771 1840 4825 cui

269 4866 571 4921 consultum
626 4867 772 4920 ibant
820 4879 1043 4933 prorsus
1108 4864 1307 4918 inutili.
1358 4862 1487 4915 Nam
1541 4878 1638 4917 nec
1689 4863 1836 4917 illum

271 4955 651 5010 abstraxerunt
680 4971 707 5007 a
741 4955 856 5009 suis
896 4954 1137 5018 latebris,
1181 4967 1279 5007 nec
1307 4952 1495 5005 saltem
1527 4968 1675 5020 spem
1712 4954 1841 5021 ipsis

270 5047 605 5116 relinquebat
656 5045 967 5114 proficiendi
1003 5045 1291 5112 quidquam
1325 5044 1375 5096 in
1405 5056 1678 5111 posterum
1710 5045 1843 5097 taei-

273 5141 505 5190 turnitas
547 5137 907 5205 patriarchae,
951 5136 1233 5189 oblirmate
1281 5133 1572 5201 perstantis
1618 5133 1670 5186 in
1735 5148 1838 5187 non

273 5231 546 5297 prodendo
571 5244 707 5298 quas
734 5229 802 5282 ob
827 5242 1020 5282 causas
1046 5227 1398 5291 secessisset;
1429 5240 1546 5293 qua:
1579 5228 1621 5279 si
1648 5241 1844 5295 cogno-

275 5336 590 5387 scerentur,
647 5322 802 5391 113
856 5328 911 5374 ut
972 5322 1291 5391 plerumque
1337 5319 1601 5388 contingit
1663 5318 1841 5373 curari

275 5416 617 5481 egritudines
657 5430 884 5483 quarunt
914 5413 1064 5481 origo
1097 5427 1200 5465 non
1250 5412 1399 5475 latet,
1430 5412 1554 5464 iniri
1586 5411 1842 5464 nonnulla

277 5508 503 5561 tortasse
536 5506 798 5574 potuisset
825 5504 971 5558 utilis
997 5504 1133 5557 ratio
1170 5503 1413 5556 remedii.
1439 5501 1591 5555 Nunc
1626 5502 1675 5554 in
1704 5518 1842 5555 caeca

279 5597 613 5666 ignoratione
645 5611 966 5651 arcanorum
1018 5594 1165 5649 senis
1212 5607 1501 5657 sensuum,
1551 5592 1847 5661 quamlibet

280 5690 442 5741 multa
487 5687 752 5751 dicerent,
782 5686 944 5740 verba
982 5686 1034 5739 in
1074 5685 1283 5739 irritum
1312 5684 1602 5751 jactarent,
1630 5685 1706 5737 uti
1752 5684 1844 5752 qui

276 5779 577 5847 jacu‘antnr
602 5796 766 5851 scopo
794 5795 899 5835 non
927 5781 1060 5835 viso.
1086 5778 1424 5847 Consumpto
1453 5777 1504 5831 in
1534 5776 1616 5832 his
1648 5777 1845 5833 frustra

1943 4586 2121 4655 cujus,
2166 4586 2233 4640 de
2287 4602 2391 4655 quo
2450 4586 2564 4640 solo
2619 4587 2967 4656 querebatur,
3027 4589 3111 4643 sui
3170 4598 3511 4659 contemptus

1942 4679 2254 4731 occultaret.
2289 4678 2561 4731 Continuo
2599 4694 2727 4744 ergo
2756 4679 3127 4746 episcoporum
3160 4683 3512 4751 undecunque

1941 4772 2261 4840 conquisitio
2307 4772 2384 4824 ﬁt.
2427 4770 2678 4826 Evocatis
2710 4772 3025 4828 deliberatio
3069 4774 3321 4828 indicitur
3349 4777 3411 4828 de
3455 4790 3512 4829 re

1942 4864 2210 4931 praesenti.
2243 4862 2574 4915 Convenitur
2607 4864 2659 4915 in
2710 4864 2760 4916 id
2794 4863 3008 4917 tandem
3056 4874 3112 4916 ut
3152 4863 3367 4919 Nicetas
3398 4866 3511 4933 cpio

1941 4969 2132 5022 seopus
2163 4952 2435 5006 Heraclea:
2470 4954 2772 5008 mitteretur
2806 4957 2871 5007 ad
2905 4954 3265 5022 patriarcham
3295 4961 3437 5024 (nam
3469 4959 3514 5011 is

1946 5057 2072 5099 tunc
2096 5045 2353 5100 dirersari
2382 5048 2661 5100 dicebatur
2690 5048 2740 5100 in
2772 5048 3100 5101 monasterio
3131 5048 3188 5102 S.
3220 5049 3512 5118 Diomedis)

1944 5138 2245 5206 perlaturus
2278 5139 2341 5190 ad
2372 5139 2543 5206 ipsum
2570 5137 2720 5207 jussa
2753 5139 2938 5207 synodi
2974 5140 3273 5192 revocantis
3309 5140 3507 5206 ipsum,

1944 5238 1998 5281 et
2048 5229 2258 5296 publice
2308 5230 2518 5282 noxiam
2574 5230 3116 5298 intempestivnmque
3165 5231 3408 5299 judicare
3456 5246 3513 5284 se

1946 5322 2114 5389 ipsius
2144 5323 2505 5375 secessionem
2532 5322 2873 5385 declat-antis,
2903 5337 3063 5389 seque
3091 5333 3328 5388 paratum
3359 5322 3515 5375 exhi-

1946 5412 2119 5466 beutis
2161 5413 2227 5466 ad
2270 5414 2563 5466 audiendas
2593 5428 2657 5467 ex
2686 5413 2803 5481 ipso
2835 5427 3026 5465 causas
3062 5410 3221 5484 114
3258 5411 3373 5479 ejus
3403 5414 3518 5466 iuo-

1944 5504 2266 5573 pinatissimi
2324 5519 2422 5557 nec
2476 5504 2768 5571 probabilis
2837 5501 2993 5567 lacti;
3049 5504 3261 5556 interim
3335 5516 3513 5558 autem

1949 5595 2377 5662 reprehensurus
2420 5596 2558 5662 quod
2606 5608 2885 5661 perperam
2936 5592 3132 5661 egisset
3183 5593 3270 5646 ille
3303 5593 3515 5660 quidem

1950 5684 2086 5737 forte
2134 5684 2186 5737 in
2254 5692 2618 5737 transversum
2690 5692 2843 5737 actus
2910 5683 3226 5752 regritudine
3285 5688 3515 5753 qna-fam

1948 5776 2113 5831 animi
2150 5796 2164 5832 ;
2196 5784 2445 5831 εδειιξτυιιι
2482 5776 2646 5841 illam,
2690 5775 3076 5844 qualiscunque
3106 5779 3319 5831 (ictuum
3349 5787 3513 5841 eset,
