3952 6516
474 392 579 463 551

1680 390 2005 454 GEORGII
2050 388 2538 451 PACHYMERE
3607 391 3698 453 552

469 509 532 562 τὸ
550 504 908 576 παρακαλεῖν,
936 502 1036 557 πού
1055 503 1115 557 τδ
1131 503 1410 578 ἐπιτιμᾷν,
1429 506 1478 559 εἰ
1500 503 1593 559 καὶ
1606 504 1793 557 τούτου
1811 504 2021 573 δεήσειε
2038 520 2053 567 ;
2082 507 2132 565 Α
2161 502 2513 555 συνετάττετο
2545 500 2637 555 τοῦ
2678 498 3003 573 Ἡρακλείας
3032 500 3489 573 ὑπαγορεύοντος,
3509 500 3568 556 ut
3588 501 3701 559 ἀνάο

469 598 612 661 τέως
628 598 686 651 δὲ
704 596 795 650 καὶ
818 597 893 660 ὡς
924 595 1127 649 θέλοιεν
1147 596 1309 650 πάλιν
1327 595 1519 665 μαθεῖν
1537 596 1635 659 τὰς
1652 593 1831 659 αίτίας
1858 593 1933 656 ὼς
1956 595 2049 646 καὶ

472 689 816 761 θεραπεύειν,
844 690 893 741 εί
938 687 1173 753 δύναιτο,
1200 688 1431 757 ἕτοιμοι.
1472 688 1576 739 Καὶ
1592 687 1763 740 ταῦτα
1781 687 1879 756 μὶν
1910 681 2050 756 ἦσαν

472 782 870 853 πρδς’ἐκεϊνον·
911 778 1282 849 προστέτακτο
1315 780 1371 831 δὲ
1400 786 1511 834 τοῖς
1540 776 1848 845 ἀπαγγελοί
1861 793 1944 829 σιν
1974 775 2050 839 ὠς

472 873 524 925 εί
559 872 657 942 μὲν
688 871 982 942 πραΰνοιτο
1012 872 1108 924 καὶ
1133 870 1425 940 ἐπανήξειν
1454 869 1765 939 ὑπόσχοιτο,
1795 871 1842 920 εί
1869 866 1912 919 δ’
1933 866 2047 933 οὖν,

472 966 589 1021 ἀλλ’
620 966 817 1027 αὐτοὺς
872 963 1207 1030 ἀναγκάζειν
1249 964 1396 1015 δυοῖν
1452 962 1677 1031 θάτερον
1708 949 1982 1025 ἐκτελεῖν,
2014 959 2046 1031 ἢ

474 1056 789 1109 ἐπανελθεῖν
812 1055 975 1110 πάλιν
1007 1058 1101 1107 καὶ
1127 1060 1193 1108 τὰ
1223 1059 1319 1126 τῆς
1360 1054 1685 1124 Ἑκκλησίας
1736 1053 2045 1119 ἀναλαῆεἰν⁹

476 1149 512 1220 ἢ
554 1147 660 1218 μὴν
693 1149 740 1200 εί
782 1149 854 1217 μὴ
896 1147 1162 1217 βούλοιτο,
1211 1148 1412 1201 διδόναι
1472 1147 1715 1199 λίὸελλον
1771 1147 2047 1217 παραιτή-

478 1256 646 1301 σεως·
683 1239 938 1310 μηδὲγὰρ
961 1239 1120 1291 καλὸν
1150 1236 1287 1291 εἶναι
1315 1238 1754 1308 τὴνἘκκλησίαν
1782 1237 2051 1306 ἀποίμαν·

423 1329 431 1369 «'
473 1346 583 1382 τον.
610 1329 824 1392 Ταύτας
855 1331 902 1381 οἱ
933 1330 1074 1398 dit-9‘.
1104 1331 1347 1399 Νικήταν
1375 1329 1662 1397 δεξάμενοι
1696 1330 1791 1388 τὰς
1826 1330 2049 1381 ἐπιστο-

474 1421 571 1480 λὰς
603 1423 691 1472 ἐπὶ
724 1421 956 1483 Νικαίας
987 1422 1244 1490 ἐχώρουν,
1272 1424 1470 1494 σπουδῇ
1501 1422 1568 1476 τά
1595 1422 2047 1491 προστεταγμένα

475 1514 904 1575 ὲπιτελέσοντες.
950 1513 1033 1575 Ὠς
1058 1514 1102 1566 δ’
1155 1515 1461 1578 ἐξελθόντες
1490 1517 1795 1585 ἐπέστησαν
1829 1517 1890 1584 τῇ
1920 1515 1977 1566 ἐν

474 1605 715 1678 κατῴκει
751 1610 908 1678 μονῇ,
945 1606 1341 1676 προσελθόντες
1381 1607 1458 1675 τῷ
1512 1608 1827 1676 πατριάρχῃ
1861 1604 2046 1667 καθὼς

471 1695 617 1767 εἶχον
649 1699 745 1766 τῆς
775 1699 880 1750 ἀπὸ
904 1699 999 1766 τῆς
1032 1699 1248 1751 συνόδου
1289 1699 1592 1761 κελεύσεως
1646 1697 1875 1765 ἔλεγονοε
1900 1698 1957 1750 ὐ
1986 1697 2043 1748 δὲ

473 1789 563 1840 τὸν
596 1789 694 1855 μὲν
733 1788 833 1855 τῆς
868 1788 1047 1851 αἰτίας
1082 1774 1273 1858 καιρὸν
1305 1790 1487 1853 αὐτοῖς
1515 1790 1905 1859 παρῳχηκέναι
1942 1791 2045 1857 cpi;-

2152 593 2265 660 ξιον
2298 595 2598 664 προστεθὲν
2629 595 2727 664 τῆς
2759 594 3064 666 ἱερωσύνης
3091 596 3173 658 είς
3214 595 3274 648 τὸ
3307 596 3410 666 τῆς
3451 598 3699 665 παραιτήσ

2152 703 2289 748 σεως
2325 686 2549 756 εύλογον
2592 689 2846 758 ἠγρίαινέ
2903 705 2962 742 τε
3007 689 3099 742 τὸν
3150 689 3341 761 ἄνδρα,
3378 687 3472 742 καὶ
3515 688 3705 760 ταραχὶ

2149 775 2238 851 ἦν.
2265 782 2370 833 Καὶ
2406 799 2426 833 ι
2449 781 2515 832 Τί
2542 779 2588 833 δ’
2617 781 2715 833 οὐκ
2740 781 3096 852 ἀρκούμενοι,
3123 799 3142 832 ι
3194 781 3375 850 ἔλεγε,
3414 784 3510 848 «τῇ
3539 783 3597 834 ὲκ
3628 782 3706 834 λόο

2151 887 2262 939 γων
2289 872 2321 942 ἢ
2359 869 2465 941 μὴν
2490 873 2584 924 καὶ
2614 870 2863 938 πράξεως
2894 872 3245 941 παραιτήσει,
3279 871 3377 925 καὶ
3399 871 3598 936 αἰτίαις
3620 872 3708 927 οὐκ

2149 963 2379 1029 ἀγαθαῖς
2405 963 2746 1032 συμπλέκειν
2762 964 2907 1033 ἡμᾶς
2932 962 3184 1033 βούλεσθε
3201 981 3217 1031 ;
3237 963 3491 1026 Ἐκόντες
3513 965 3711 1030 ἐξιστά-

2153 1051 2293 1123 μεθα
2316 1053 2426 1104 τῶν
2460 1053 2807 1121 πραγμάτων
2832 1093 2846 1119 ,
2889 1054 3043 1108 οὐδὲν
3074 1056 3208 1133 ἡμῖν
3257 1054 3424 1125 μέλον
3458 1055 3558 1109 κᾶν
3600 1057 3626 1110 ὅ
3663 1075 3709 1111 τι

2150 1143 2399 1211 γένηται.
2448 1163 2467 1196 ι
2503 1145 2661 1197 Οὕτω
2685 1145 2863 1199 τοίνυν
2921 1146 3401 1216 ἀποκρουσθέντες
3452 1147 3710 1217 ἐμϐριθῶς

2149 1237 2649 1304 ἀποπεμπομένου,
2677 1238 2763 1290 διὰ
2795 1239 3005 1309 ταχέων
3042 1239 3103 1291 τὸ
3134 1239 3347 1307 μεταξὺ
3375 1238 3711 1303 διανύσαντες

2154 1327 2287 1396 πρὸς
2315 1327 2407 1379 τὸν
2438 1327 2747 1396 κρατοῦντα
2781 1329 2877 1383 καὶ
2910 1330 3009 1401 τὴν
3032 1328 3255 1382 σύνοδον
3298 1329 3604 1392 ἀπαντῶσι,
3629 1332 3710 1384 καὶ

2149 1419 2553 1488 ἀπαγγέλλουσι
2586 1420 2684 1490 μὲν
2723 1422 2793 1475 τὰ
2838 1422 2915 1493 τῷ
2945 1422 3261 1494 πατριάρχῃ
3305 1420 3585 1492 λεχθέντα,
3636 1426 3711 1475 τέπ

2152 1509 2244 1574 λος
2273 1510 2329 1563 δὲ
2380 1513 2474 1564 καὶ
2522 1514 2590 1564 τὰ
2638 1514 2734 1582 τῆς
2781 1518 3196 1584 παρενείροντες
3242 1514 3579 1581 ἀμετάθετον
3625 1516 3711 1585 τὴν

2148 1603 2359 1656 ἐκείνου
2394 1603 2621 1674 γνώμην
2674 1603 3043 1658 διεϐεδαίουψ
3098 1604 3477 1676 ἀπολήψεσθαι
3523 1604 3577 1657 δὲ
3629 1607 3711 1658 καὶ

2149 1695 2246 1763 τὴν
2280 1699 2479 1768 πεῖραν
2518 1696 2957 1765 ἀσφαλεστέραν,
3010 1697 3063 1749 εἴ
3085 1715 3249 1751 τινων
3292 1697 3597 1752 σταλέντων
3620 1700 3709 1769 τὴν

2151 1785 2458 1858 βακτηρίαν
2493 1788 2586 1840 καὶ
2643 1791 2704 1841 τὸ
2768 1788 3153 1858 λαμπαδοῦχον
3213 1787 3509 1841 ἀναλαϐεῖν
3563 1788 3711 1852 αὐτὸς

476 1890 594 1941 σας,
630 1854 857 1945 πρέπειν
889 1878 975 1949 [Ρ.
1018 1878 1107 1950 74]
1138 1854 1195 1931 δέ
1230 1883 1355 1951 σιγῇ
1394 1882 1500 1933 τῶν
1558 1854 1898 1953 πραγμάτων
1934 1854 2045 1949 est.
2081 1854 2124 1911 Β
2152 1854 2354 1941 εὐθέως
2394 1881 2688 1951 παράσχοι.
2728 1881 2794 1932 Ὃ
2833 1854 2896 1949 δὴ
2930 1883 3023 1933 καὶ
3058 1854 3279 1949 γέγονε,
3332 1882 3431 1934 καὶ
3470 1881 3708 1952 παρεχώ-

478 1968 706 2020 στασθαι
734 1969 895 2039 (μηδὲ
930 1972 1038 2042 γὰρ
1063 1967 1205 2024 εἶναι
1241 1972 1568 2041 θεραπεύειν
1592 1974 1660 2026 τὰ
1691 1974 2043 2046 ἀνιάτρευτα)

473 2059 592 2122 ὅλος
638 2056 705 2130 ἦν
738 2062 871 2130 πρὸς
922 2064 981 2114 τὸ
1037 2064 1442 2132 παραιτεῖσθαι.
1488 2066 1549 2117 Οἱ
1583 2065 1628 2118 δ’
1666 2066 1742 2129 ὡς
1783 2066 2049 2131 πολλάκις

474 2151 864 2220 προϐαλόντες,
907 2155 989 2221 ἐφ’
1010 2150 1053 2223 ᾧ
1072 2158 1169 2223 τῆς
1200 2159 1407 2208 ἐκείνου
1434 2157 1660 2225 γνώμης
1688 2163 2043 2229 κρατήσειαν,

476 2245 536 2297 ὲν
562 2246 845 2315 ἀμηχανία
875 2244 968 2297 τοῦ
1011 2249 1272 2315 πράττειν
1320 2264 1372 2299 τι
1414 2249 1506 2314 καὶ
1537 2248 1722 2302 ἀνύειν
1772 2251 2042 2318 ἐγένοντο,

477 2337 616 2408 ὅπερ
674 2335 820 2408 εἶχον
854 2337 921 2391 δι’
962 2339 1292 2412 ἀπορρήτων
1341 2343 1620 2412 πράττειν,
1683 2343 1778 2395 ἐπὶ
1836 2343 2048 2407 τούτοις

474 2429 778 2499 ὲςέφαινον.
809 2431 918 2485 Καὶ
949 2430 1307 2494 ὲξαιτούντων
1335 2433 1558 2487 ἐκείνων
1592 2435 1926 2504 παραίτησιν
1955 2434 2048 2486 εὐ-

475 2522 572 2587 θὺς
611 2526 925 2594 παρῃτεῖτο.
970 2523 1056 2587 Ὠς
1081 2524 1125 2577 δ’
1159 2525 1267 2577 ἔδει
1293 2524 1685 2579 συντάττεσθαι
1716 2526 1923 2597 ταύτην
1954 2526 2049 2581 καὶ

476 2704 630 2771 prius
660 2704 966 2771 aportnisse
1015 2703 1307 2772 significari
1342 2706 1650 2760 convocatis
1684 2706 1750 2760 ad
1780 2707 1831 2760 id
1872 2707 2046 2777 ipsum

479 2796 749 2861 Patribus,
782 2808 833 2851 et
864 2798 1254 2866 perquirendas
1284 2799 1540 2867 ipsorum.
1561 2799 1627 2852 de
1663 2801 1896 2856 remedio
1926 2814 2050 2854 scn-

481 2890 697 2955 trntias,
744 2904 808 2943 ae
851 2904 916 2942 ex
964 2903 1149 2943 eorum
1190 2889 1432 2943 COllsilllS
1466 2892 1802 2945 emendanda
1851 2906 1969 2959 quae
2017 2907 2045 2945 a

479 2992 628 3034 recto
659 2980 1015 3042 declinarent,
1052 2983 1373 3034 auctoritate
1403 2996 1522 3050 quae
1551 2981 1604 3034 in
1641 2984 1756 3051 ipso
1792 2984 2051 3038 resideret

477 3077 664 3136 lilpo'e
709 3068 1039 3135 patriarcha.
1072 3085 1229 3133 quem
1262 3072 1474 3123 deceret
1506 3071 1722 3138 plurimi
1768 3072 1944 3127 facere
1977 3088 2050 3128 ac

476 3146 885 3227 re‘igiosisStme
915 3159 1208 3214 observare
1247 3176 1483 3215 canones
1519 3162 1760 3225 Patrum,
1798 3174 1852 3217 et
1892 3163 2044 3233 juxta
2077 3194 2118 3250 α

477 3250 615 3304 scita
645 3266 832 3305 eorum
878 3252 1034 3305 modo
1067 3267 1316 3321 arguere,
1351 3253 1508 3308 modo
1550 3254 1856 3320 obsecrare.
1891 3258 2048 3311 modo

476 3343 782 3411 increpare,
835 3344 877 3396 si
935 3354 987 3397 et
1030 3346 1131 3398 boc
1176 3360 1310 3413 opus
1355 3357 1532 3411 esset;
1583 3348 1810 3416 denique
1856 3349 2049 3403 iterato

476 3436 891 3489 denuntiaturus
925 3436 1023 3505 ipsi
1060 3438 1195 3491 velle
1227 3437 1451 3491 omnino
1480 3451 1829 3509 congregatos
1863 3440 2049 3494 Patres

476 3528 672 3593 exponi
713 3528 814 3579 sibi
844 3543 1033 3580 causas
1062 3543 1179 3597 quze
1216 3531 1360 3583 illum
1394 3532 1459 3583 ad
1493 3532 1850 3586 secedendum
1882 3534 2052 3600 impu-

480 3621 660 3681 lerint,
693 3630 909 3688 paratos
935 3621 998 3672 ad
1031 3620 1393 3676 adhibendum
1422 3638 1580 3690 quant
1612 3622 2046 3677 t‘ﬂlCuClSSllllllul

479 3719 703 3781 possent
778 3713 1069 3765 remedium
1135 3715 1367 3780 cognitis
1430 3714 1605 3767 ntalis.
1660 3713 1734 3767 Ea
1800 3716 2049 3768 mandata

478 3801 666 3870 synodi
699 3802 766 3856 ad
814 3802 1176 3870 patriarcbam
1225 3802 1465 3860 fuerunt.
1509 3803 1833 3873 Imperatum
1867 3816 2047 3859 autem

478 3890 644 3942 misso
678 3901 758 3943 est
790 3901 845 3943 ut
878 3890 979 3945 nisi
1008 3893 1389 3960 obsequentem
1425 3909 1485 3948 se
1518 3901 1780 3961 praeberet
1807 3910 1872 3949 ac
1908 3896 2052 3949 redi-

480 3995 591 4037 tum
637 3983 1004 4051 ροιέἱειιῑιιιιιν,
1038 3985 1259 4038 omnino
1300 3986 1537 4039 ediceret
1568 3989 1860 4040 decernere
1888 4002 2051 4058 syno-

478 4078 604 4129 dum
636 4086 689 4130 et
717 4081 853 4130 citra
879 4093 1097 4133 onmem
1128 4078 1625 4144 tergiversationem
1654 4079 1723 4134 ab
1749 4096 1812 4134 eo
1837 4081 2054 4149 exigere

481 4181 541 4222 ut
574 4169 802 4225 alterum
837 4171 1030 4224 horum
1081 4172 1262 4225 faciatx
1286 4171 1428 4237 quod
1466 4171 1635 4235 malit,
1670 4182 1761 4225 aut
1794 4175 1977 4227 redeat
1999 4184 2055 4226 et

481 4270 673 4317 rursus
723 4262 975 4318 Ecclesia:
1022 4280 1207 4317 curam
1244 4276 1442 4328 sumat,
1478 4273 1569 4318 attt
1616 4264 1661 4317 si
1716 4266 1766 4317 id
1819 4276 2050 4329 recuset,

480 4358 574 4411 (let
624 4355 860 4410 libellum
913 4357 1177 4411 cessionis
1230 4356 1473 4413 throno:
1513 4372 1618 4410 non
1665 4357 1808 4410 eniut
1857 4356 2052 4410 bonum

480 4465 603 4505 esse
650 4450 878 4520 relinqui
916 4449 1206 4503 Ecclesiam
1257 4451 1374 4505 sine
1405 4459 1645 4518 pastore.
1696 4448 1789 4503 llis
1841 4448 2055 4502 Nicetas

480 4542 751 4595 mandatis
787 4553 841 4595 et
883 4541 1125 4609 epistolis
1158 4542 1417 4609 acceptis,
1448 4551 1669 4593 strenue
1703 4540 2054 4593 defuncturus

478 4637 769 4690 commisso
822 4633 1038 4704 negotio
1088 4632 1322 4687 Nicaeam
1374 4632 1606 4693 advolal,
1633 4642 1688 4685 et
1732 4632 1859 4686 inde
1891 4647 2048 4700 quam

478 4728 763 4783 celerrime
793 4731 857 4780 ad
885 4725 1270 4779 tuonaSIeriutu
1307 4725 1357 4776 in
1385 4740 1491 4793 quo
1518 4734 1645 4776 tunc
1671 4732 1789 4775 erat
1819 4724 2052 4791 patriar-

478 4823 580 4877 cha
637 4820 956 4888 perveniens
990 4820 1215 4886 estponit
1245 4817 1293 4869 ei
1328 4834 1445 4886 quzu
1480 4817 1715 4886 synodus
1750 4816 2048 4869 mandaret.

480 4915 561 4967 Ad
594 4930 654 4966 ea
688 4914 772 4965 ille
805 4913 1109 4979 restmndit,
1141 4911 1282 4976 quod
1326 4924 1542 4963 causam
1579 4910 1901 4963 secessionis
1943 4923 2053 4962 suae

481 5015 809 5074 qua-rorem,
846 5005 976 5056 nihil
1003 5002 1112 5069 jattt
1143 5005 1373 5055 attint-re
1400 5002 1660 5054 declarari
1692 5016 1832 5063 eam,
1857 5002 2052 5068 quippe

480 5099 636 5165 cujus
685 5096 1035 5150 entcndandte
1105 5106 1311 5161 tempus
1366 5094 1737 5162 prtuteriisset;
1799 5108 1895 5145 nec
1949 5092 2049 5144 Stlii

483 5190 748 5258 reliquum
779 5188 925 5240 aliud
967 5201 1086 5239 esse
1109 5201 1271 5251 quam
1302 5197 1360 5238 ut
1392 5186 1584 5238 tacitus
1617 5199 1644 5235 a
1675 5182 1901 5252 negotiis
1932 5180 2054 5234 abs-

478 5285 633 5338 cedat
664 5299 680 5339 :
715 5296 817 5335 non
850 5279 991 5333 enim
1031 5278 1417 5331 incurabilibus
1473 5277 1714 5329 adhiberi
1754 5274 2050 5328 remedium

480 5391 661 5446 posse.
696 5374 758 5428 Et
786 5371 1080 5441 apparebat
1122 5386 1246 5424 eum
1295 5368 1658 5423 inllcxibditer
1700 5367 2051 5437 perstiturum

485 5469 540 5519 in
566 5465 794 5518 tacendo
835 5479 1054 5516 causam
1090 5480 1103 5516 :
1137 5462 1271 5516 adeo
1299 5460 1574 5531 prafracte
1602 5459 1745 5514 illaut
1772 5458 2058 5513 enuntiare

484 5558 775 5619 recusavit.
809 5563 863 5609 ct
901 5555 1170 5622 expiscari
1221 5552 1377 5623 115
1408 5568 1472 5605 ex
1519 5567 1584 5605 eo
1614 5550 1816 5621 aliquid
1862 5550 2059 5617 saepius

484 5658 737 5705 conatum
800 5664 1015 5717 semper
1063 5644 1304 5701 Nicetam
1356 5642 1792 5699 Constantissime
1842 5641 2055 5709 repulit.

488 5740 642 5796 Tunc
671 5741 715 5795 is
744 5740 924 5794 habito
952 5738 1176 5794 consilio
1205 5753 1325 5794 cum
1355 5738 1491 5801 suis,
1524 5743 1806 5805 postquam
1855 5730 2057 5787 frustra

487 5850 548 5892 se
596 5836 919 5891 contendere
971 5849 1069 5889 nec
1122 5847 1271 5902 spem
1321 5830 1550 5898 relinqui
1605 5828 1765 5881 ullam
1821 5824 2059 5882 melioris

2152 1989 2235 2042 ρει
2257 1972 2577 2041 λαμϐάνειν,
2629 1975 2675 2025 εί
2710 1970 3003 2043 βούλοιντο.
3051 1973 3109 2026 ὐ
3139 1973 3395 2042 βασιλεὺς
3419 1974 3465 2024 δ’
3494 1975 3583 2025 ἐπὶ
3598 1973 3710 2026 τού-

2148 2079 2261 2126 τοις
2290 2060 2484 2115 ⁷ούκέτι
2533 2063 2758 2117 ἀνεκτὸν
2796 2062 3097 2132 ἡγούμενος
3128 2066 3448 2134 ἀναμένειν,
3483 2067 3559 2128 είς
3598 2068 3708 2121 ίκα·

2150 2152 2246 2223 νὴν
2277 2152 2573 2221 ἀπολογίαν
2626 2148 2703 2221 τῷ
2744 2157 3056 2227 πατριάρχῃ
3086 2156 3193 2208 τῶν
3246 2160 3708 2228 ἐπιγενησομὲνων

2150 2246 2362 2315 καὶτὴν
2388 2246 2520 2316 παρ’
2556 2246 2751 2299 ἑαυτοῦ
2799 2248 3039 2317 λιπαρᾶν
3075 2248 3308 2318 νομίσας
3338 2251 3583 2315 ἀξίωσιν,
3623 2252 3708 2305 ἄλο

2150 2336 2256 2399 λως
2288 2353 2346 2388 τε
2378 2336 2434 2389 δὲ
2459 2337 2555 2389 καὶ
2583 2336 2679 2389 τοῦ
2722 2337 2945 2405 Ἐφέσου
2982 2338 3298 2408 Νικηφόρον
3341 2341 3417 2408 μὴ
3458 2344 3591 2393 κατά
3616 2357 3706 2392 κα-

2150 2426 2307 2489 νόνας
2330 2426 2601 2496 προϐῆναι
2626 2426 2725 2496 τὴν
2748 2428 3086 2496 χειροτονίαν
3112 2430 3327 2481 ἐκείνου
3351 2424 3705 2483 διαδεδαιοῦν-

2149 2534 2237 2582 τος
2276 2517 2504 2590 (σπουδὴ
2554 2518 2662 2591 γὰρ
2688 2514 2757 2590 ἦν
2782 2519 2875 2573 τοῦ
2921 2521 3042 2574 τότε
3079 2519 3415 2592 κρατοῦντος
3449 2521 3703 2593 Θεοδώρου

2151 2714 2461 2763 successus,
2492 2700 2537 2752 si
2585 2711 2870 2770 pergerent
2913 2702 3137 2766 instare,
3186 2703 3323 2756 satis
3367 2702 3617 2764 constitit.
3644 2707 3702 2758 ad

2151 2807 2214 2845 ea
2263 2807 2381 2860 qua:
2430 2792 2481 2844 llt
2537 2794 2748 2845 arcanis
2804 2794 3050 2847 mandata
3101 2804 3379 2863 postremo
3409 2806 3702 2865 acceperant

2152 2887 2294 2939 circa
2320 2887 2594 2954 optionem
2621 2884 2951 2939 offerendam
2978 2888 3332 2942 devenerunt.
3368 2888 3438 2942 Ea
3467 2903 3522 2944 re
3540 2890 3701 2943 audita

2152 2978 2455 3048 patriarcha
2502 2976 2685 3031 statim
2723 2992 2781 3031 se
2825 2977 2944 3032 loco
2973 2993 3254 3033 cessurum
3288 2980 3446 3035 dixit.
3480 2981 3555 3035 Ae
3594 2983 3702 3049 quia

2152 3068 2387 3124 libellum
2440 3069 2703 3123 cessionis
2751 3069 2978 3123 indicem
3033 3072 3383 3126 conscribere
3424 3072 3699 3140 oportebat,

2153 3177 2315 3231 opera
2348 3160 2400 3215 in
2448 3161 2499 3215 id
2530 3161 2789 3216 continuo
2822 3160 3013 3216 collata
3038 3164 3143 3218 est.
3176 3159 3283 3217 Sed
3321 3179 3443 3218 cum
3470 3179 3701 3235 suggere-

2154 3265 2234 3306 ret
2283 3251 2657 3307 Heracleensis
2686 3252 2884 3307 addere
2910 3252 3268 3320 patriart-bam
3309 3254 3519 3319 debere,
3552 3264 3606 3307 ut
3631 3254 3703 3306 vi-

2151 3346 2371 3400 deretur
2421 3342 2613 3397 idonea
2664 3344 2927 3399 cessionis
2965 3360 3154 3412 causa,
3204 3347 3484 3414 indignum
3525 3360 3580 3401 se
3624 3345 3702 3399 tali

2152 3437 2457 3491 sacerdmio
2484 3434 2670 3499 fuisse.
2698 3447 3050 3506 exasperatus
3073 3453 3134 3490 ea
3165 3439 3439 3492 tneutioue
3469 3438 3702 3492 Arsenius

2154 3529 2387 3581 turbavit
2416 3538 2633 3594 cuncta,
2655 3537 2996 3598 captumque
3019 3529 3366 3598 abrumpens,
3392 3547 3413 3583 ι
3437 3529 3650 3598 Nempe,
3680 3545 3698 3579 ι

2152 3621 2347 3686 inquit,
2384 3639 2402 3672 ι
2437 3621 2590 3674 vobis
2619 3636 2721 3675 non
2751 3620 2945 3674 sufﬁcit
2971 3631 3025 3675 et
3050 3621 3216 3675 verbo
3250 3634 3307 3674 et
3353 3622 3491 3676 facto
3530 3636 3705 3675 renuo-

2153 3715 2289 3767 tiare
2340 3728 2425 3766 me
2467 3712 2736 3782 dignitati,
2786 3713 2879 3767 sed
2929 3714 3107 3767 causis
3153 3724 3411 3783 praeterea
3456 3704 3704 3784 probros:

2154 3808 2429 3877 implicare
2474 3820 2561 3861 me
2601 3806 2884 3875 qtueritis?
2924 3806 3162 3861 volentes
3211 3809 3456 3862 cedimus
3497 3804 3703 3859 admitti-

2152 3904 2417 3957 stratione
2449 3916 2655 3964 rerutn,
2687 3916 2788 3954 nec
2831 3915 3081 3953 curamus
3109 3900 3373 3968 qttidquid
3405 3901 3528 3955 inde
3568 3912 3704 3951 iecu-

2156 4002 2333 4046 turum
2361 3992 2449 4045 sit.
2489 4009 2506 4041 ι
2540 3989 2631 4043 Sic
2664 3990 2981 4044 tractatiooe
3014 3990 3358 4059 indignanter
3388 3992 3599 4055 abrupta
3631 3984 3703 4037 di.

2157 4084 2354 4136 missus
2388 4081 2676 4134 inciviliter
2708 4080 2944 4139 Nicctas.
2977 4095 3299 4148 summaque
3331 4078 3598 4133 celeribte
3628 4090 3705 4127 reo

2160 4188 2378 4226 mensus
2429 4174 2589 4236 viam,
2641 4172 2706 4225 ad
2764 4170 3063 4239 Augustum
3119 4182 3172 4225 et
3225 4173 3485 4242 synodum
3541 4168 3703 4228 rediit.

2158 4264 2451 4335 retulitque
2484 4265 2712 4331 primum
2751 4266 2877 4332 qttld
2907 4264 3128 4318 dixisset
3162 4262 3467 4330 ptttriarclta
3496 4254 3705 4313 :deinde

2158 4356 2419 4412 cessionis
2459 4344 2864 4424 negotiumque
2898 4356 2947 4409 iu
2994 4357 3133 4410 nodo
3176 4356 3435 4419 stetisset,
3465 4358 3535 4409 et'
3560 4363 3702 4417 quam

2159 4450 2362 4503 frustra
2402 4458 2712 4518 speraretur
2745 4448 2884 4503 llecti
2923 4464 3043 4502 eum
3092 4448 3158 4500 ad
3200 4448 3491 4517 quidquam
3536 4453 3701 4497 eorum

2084 4528 2128 4582 D
2158 4556 2279 4608 quae
2309 4550 2611 4594 recusasset
2638 4556 2796 4610 posse
2825 4542 3024 4595 docuit.
3058 4539 3317 4608 Adjunxit
3357 4549 3550 4593 restare
3576 4535 3699 4587 viam

2155 4634 2331 4686 adhuc
2384 4632 2542 4685 aliam
2612 4632 2950 4701 explorandae
3020 4634 3188 4700 ipsius
3239 4633 3381 4686 circa
3431 4628 3699 4684 cessionem

2154 4723 2458 4787 sententiae,
2492 4724 2535 4775 si
2568 4724 2749 4777 missis
2782 4723 2848 4776 ad
2882 4738 3002 4776 cum
3047 4723 3210 4776 certis
3255 4721 3346 4791 qui
3394 4721 3699 4788 pontilicmnt

2155 4814 2343 4867 lituum
2377 4821 2428 4866 ct
2458 4813 2841 4865 candelabrum
2890 4812 2957 4866 ab
2990 4828 3053 4867 eo
3087 4815 3406 4882 reciperent,
3441 4817 3701 4875 utrumque

2156 4908 2438 4973 praeberet.
2473 4908 2740 4958 Successu
2772 4906 3060 4960 tOIlSlllllm
3107 4922 3209 4959 non
3250 4907 3423 4961 earuit
3451 4922 3465 4957 :
3494 4898 3697 4972 petenti-

2158 5000 2257 5049 bus
2309 4997 2449 5051 enim
2507 4997 2591 5047 illa
2642 4996 2913 5062 teSpondit
2958 4996 3283 5063 patriarcha,
3341 5002 3618 5055 sumerent,
3658 4986 3697 5040 si

2155 5088 2351 5141 Vellent
2379 5104 2392 5141 :
2422 5104 2478 5139 se
2513 5090 2725 5157 quidem
2760 5088 2901 5141 haud
2936 5088 3237 5156 prohibere.
3266 5085 3466 5153 Quibus
3492 5086 3698 5152 imperat-

2157 5187 2245 5233 tor
2291 5179 2519 5247 cognitis
2549 5177 2774 5231 nihilad
2818 5179 2897 5230 sui
2941 5177 3344 5231 t‘xt'usationem
3376 5171 3508 5245 apud
3534 5180 3698 5223 omnes

2159 5278 2212 5320 et
2238 5271 2375 5334 apud
2410 5269 2579 5334 ipsum
2607 5268 2989 5337 patriarcbam,
3022 5269 3065 5321 si
3090 5271 3217 5337 quid
3241 5270 3289 5321 ei
3322 5267 3490 5319 minus
3509 5269 3695 5332 gratum

2158 5358 2449 5413 accideret.
2497 5358 2725 5426 amplius
2770 5362 3187 5424 exspectandum
3240 5368 3407 5419 ratus,
3434 5368 3545 5407 cum
3575 5362 3696 5419 prac-

2158 5456 2345 5502 Sertim
2379 5447 2717 5515 Nicephorius
2750 5447 2945 5519 Ephesi
2980 5449 3260 5518 epise0pus
3303 5446 3571 5501 afﬁrmaret
3604 5438 3693 5493 mi-

2159 5543 2305 5596 nime
2343 5541 2504 5611 116
2538 5542 2853 5609 canonicam
2900 5540 3221 5609 patriarchae
3265 5537 3465 5593 Arsenii
3506 5531 3693 5588 ordina-

2163 5635 2363 5688 tionem
2401 5634 2565 5686 fuisse
2595 5632 2909 5701 (festinante
2938 5633 3136 5702 quippe
3169 5631 3235 5687 ad
3277 5647 3383 5685 sua:
3413 5622 3692 5683 coronatio-

2161 5731 2247 5784 uis
2280 5727 2657 5780 (mretnoniam
2705 5725 2986 5779 'l'bcodoro
3021 5735 3147 5779 tunc
3180 5726 3510 5797 imperatore,
3537 5727 3586 5770 et
3624 5713 3691 5779 ip-

2161 5838 2279 5879 sum
2328 5819 2739 5890 perurgentibus
2785 5816 3005 5872 Occidui
3052 5814 3235 5872 limitis
3285 5817 3436 5871 rebus
3464 5811 3546 5865 illo
3577 5818 3690 5861 tem.
