3952 6524
228 441 331 504 553

1184 442 1282 500 DE
1325 439 1722 498 MICHAELE
1765 436 2233 497 PALASOLUGO
2273 438 2421 498 LIB.
2467 439 2547 497 ll.

3380 426 3483 490 .354

225 551 312 622 ἐφ’
431 550 820 607 ταινιώσεσθαι
857 551 951 605 καὶ
1005 551 1436 622 τεταραγμένοις
1499 553 1611 614 τοῖς
1669 549 2146 619 κατὰΑκλησίας
2197 551 2291 603 καὶ
2347 550 2454 604 τῶν
2493 549 2664 620 αὐτῆς
2725 547 2904 618 νόμων
2955 549 3482 618 καταφρονουμένων

218 645 369 698 δύσιν
399 646 751 698 ἐπεισπεσεῖν
785 642 1078 715 πράγμασι
1113 659 1129 674 ·
1185 644 1318 713 παρ’
1345 645 1410 714 ἣν
1441 643 1622 696 αἰτίαν
1676 643 1806 713 παρ’

215 737 481 807 οὐδεμίαν
517 736 720 807 μεταξὺ
754 737 938 807 σχεδὸν
959 739 1200 806 ἡμέραν,
1236 737 1370 790 ἀλλὰ
1403 736 1642 806 συνεχῶς
1667 736 1808 789 ἁπά-

219 847 338 894 σαις
368 834 501 893 τοὺς
533 830 630 898 τῆς
667 827 966 901 ἱερωσύνης
1016 827 1262 898 βαθμοὺς
1309 829 1547 882 ἐτελεῖτο
1579 827 1804 892 πάντας,

216 923 308 975 καὶ
360 923 510 974 οὕτω
566 922 706 992 πρὸς
742 921 841 990 τὴν
882 922 1106 991 πρωτην
1156 922 1254 991 τῆς
1309 920 1596 990 ἱεραρχίας
1653 913 1806 982 τάξιν

214 1017 618 1082 ἁνεόιϐάζετο),
644 1016 733 1069 διὰ
762 1015 930 1069 ταῦτα
973 1017 1000 1068 ὁ
1027 1013 1284 1086 βασιλεὺς
1313 1017 1425 1076 τοῖς
1456 1012 1806 1083 ἀρχιερεῦσιν

215 1109 385 1179 ἐφῆκε
425 1110 690 1178 πράττειν
738 1110 764 1162 ὃ
790 1127 839 1163 τι
877 1108 971 1161 καὶ
1003 1107 1299 1179 βούλοιντο.
1341 1107 1451 1160 Καὶ
1473 1107 1535 1176 δὴ
1583 1122 1807 1158 σκεπτο⁸

219 1204 395 1268 μένων
421 1201 650 1252 ἐκείνων
687 1201 780 1253 ἐπὶ
814 1199 1034 1261 πολλαῖς
1067 1200 1184 1261 ταῖς
1211 1196 1444 1268 ἡμέραις
1469 1195 1621 1250 οὐδὲν
1647 1195 1806 1248 πλέον

215 1290 427 1360 ὑπῆρξε
481 1291 560 1359 τῷ
609 1293 926 1361 πατριάρχῃ
990 1289 1180 1344 παθεῖν
1213 1288 1659 1358 ἀνυπομονησίας
1712 1286 1806 1339 καὶ

215 1382 642 1449 καταγνώσεως,
687 1383 761 1444 ὡς
803 1383 923 1448 ἐξὸν
977 1382 1158 1449 λέγειν
1191 1385 1283 1434 καὶ
1306 1379 1492 1450 ζητεῖν
1517 1380 1806 1449 διόρθωσιν

217 1475 654 1547 μικροψυχοὼτι
687 1474 894 1528 καὶτοῦ
936 1474 1125 1546 θρόνου
1164 1475 1375 1545 ἑτέροις
1413 1473 1804 1544 παραχωροῦν-

213 1587 281 1620 τι.
319 1571 589 1622 Κᾶκείνοι
653 1569 752 1637 μὲν
798 1569 1007 1631 οὕτως*
1047 1564 1114 1640 ἦν
1171 1569 1228 1622 δὲ
1278 1571 1428 1640 ἄρα,
1475 1568 1549 1632 ὡς
1605 1567 1806 1632 ἔδειξεν

215 1658 469 1727 ὕστερον,
494 1663 554 1712 τὸ
584 1662 921 1730 ζητούμενον
948 1662 1022 1732 μὴ
1046 1663 1126 1714 ὅτι
1150 1678 1208 1728 γε
1230 1661 1468 1734 δυσχερῆ
1505 1661 1806 1731 θεραπείαν

214 1753 601 1820 προσιέμενον,
651 1751 786 1803 ἀλλὰ
821 1752 915 1803 καὶ
943 1751 1076 1814 ὅλως
1109 1752 1356 1818 ἀνίατον,
1393 1751 1472 1803 διὸ
1532 1753 1621 1802 καὶ
1652 1750 1807 1820 δίκην

210 1845 303 1913 τῆς
353 1845 585 1910 ἀγνοίας
621 1845 880 1912 ἄντικρυς
951 1845 1206 1897 ἑκουσίαν
1256 1847 1333 1906 είς
1362 1846 1656 1912 ἀπολογίαν
1707 1844 1804 1913 τήν

213 1936 346 2003 πρὸς
368 1936 510 1988 Bs?»
536 1935 838 1989 ἐπιτιθέναι
865 1937 1116 1990 ἐϐούλετο
1164 1937 1362 2008 ἑαυτῷ,
1401 1938 1474 2008 μὴ
1505 1939 1624 1991 κατ’
1649 1937 1806 1990 ἑλπί-

211 2026 306 2088 δας
338 2028 832 2097 προχωρησάντων
868 2027 955 2099 [Ρ.
995 2025 1086 2099 75]
1121 2029 1270 2098 αὑτῴ
1297 2031 1405 2082 τῶν
1439 2031 1802 2100 πραγμάτων.

223 2117 465 2169 Ἐκεῖνοι
491 2119 548 2170 δὲ
571 2116 692 2170 τότε
717 2119 844 2187 περὶ
869 2116 963 2170 τοῦ
984 2117 1066 2181 τίς
1091 2119 1157 2172 ἂν
1180 2120 1277 2188 τὴν
1309 2118 1636 2190 Ἐκκλησίαν
1666 2119 1806 2174 κατὰ

211 2208 268 2260 τὸ
296 2210 569 2278 ἐχέγγυον
599 2208 984 2279 παραλήψαιτο
1017 2209 1086 2261 τά
1127 2209 1296 2263 πολλὰ
1330 2210 1689 2280 ζητήσαντες,
1710 2211 1806 2264 καὶ

217 2302 422 2372 μᾶλλον
451 2305 498 2353 οἱ
537 2301 823 2364 δοκοῦντες
849 2341 864 2367 ,
894 2295 969 2354 ὧν
1003 2301 1098 2353 καὶ
1154 2301 1214 2354 τὸ
1262 2301 1448 2354 λοιπὸν
1481 2302 1589 2355 τῶν
1619 2303 1805 2372 ἀρχιε-

216 2395 350 2462 ρέων
383 2393 594 2462 πλῆθος
625 2395 944 2464 ἐξήρτηντο,
986 2394 1136 2456 τέλος
1179 2395 1308 2463 μιᾶς
1338 2397 1430 2446 ἐπὶ
1454 2395 1530 2464 τῷ
1574 2395 1802 2463 Ἑφέσου

213 2486 448 2554 γνώμης
479 2486 741 2553 γίνονται,
773 2487 966 2556 ἀνδρὸς
1003 2487 1266 2549 εὐλαϐοῦς
1316 2489 1409 2538 καὶ
1439 2490 1560 2539 κατ’
1597 2489 1802 2557 ἀρετὴν

213 2577 466 2642 ὲπιδόξου
496 2579 589 2630 καὶ
627 2577 772 2647 λόγῳ
814 2577 1050 2650 μετρίως
1081 2579 1484 2648 κοσμουμένου,
1519 2579 1801 2650 γηρῶντος

214 2668 333 2738 ήδη,
382 2662 433 2736 ᾧ
469 2668 532 2737 δὴ
581 2671 675 2722 καὶ
719 2668 876 2739 ζῆλος
908 2664 976 2739 ἦν
1010 2670 1194 2733 ἱκανὸς
1226 2669 1298 2732 ὡς
1354 2669 1493 2739 ὑπὲρ
1546 2673 1642 2739 τῆς
1682 2671 1800 2722 Ἐκ-

217 2860 341 2913 pore
420 2845 667 2910 turbatis,
710 2859 817 2913 quo
861 2846 929 2900 ad
975 2860 1126 2915 spem
1178 2847 1356 2917 magni
1388 2863 1708 2912 successus,
1756 2852 1800 2903 si

218 2949 440 2993 strenue
491 2952 823 3007 occurreret,
875 2943 1188 3009 vocabatur,
1237 2945 1628 3015 prmcipitatam
1685 2945 1801 3014 eius

211 3030 357 3099 jussu
415 3035 552 3087 adeo
607 3033 773 3090 fuisse
832 3035 1300 3104 inauguratiouem
1351 3040 1695 3108 patriarchae,
1747 3049 1802 3094 ut

220 3125 475 3194 legitimis
522 3127 826 3182 interstitiis
873 3130 1124 3183 ordinum
1177 3145 1284 3184 non
1330 3134 1561 3187 servatis
1601 3131 1801 3203 gradus

221 3234 407 3273 (milies
453 3221 746 3275 sacerdotii
793 3222 949 3292 quasi
998 3238 1105 3278 uno
1153 3224 1314 3292 saltu,
1348 3225 1434 3279 vix
1485 3227 1800 3297 interposito

221 3310 446 3365 di.:cul:e
495 3314 658 3366 unius
706 3314 883 3368 medio
930 3317 1106 3386 Spatio
1137 3318 1515 3386 pervolaverit,
1541 3331 1596 3373 ct
1623 3320 1702 3376 sic
1732 3322 1797 3376 ad

225 3404 404 3457 throni
445 3404 822 3472 patriarchalis
862 3407 1136 3475 fastigium
1171 3412 1566 3465 transcenderit
1611 3423 1800 3466 contra

225 3493 540 3550 manifestas
565 3497 870 3566 regularum
896 3498 1151 3554 Ecclesia:
1174 3508 1414 3556 veterum
1441 3503 1796 3575 sanctiones),

224 3588 323 3652 his,
350 3588 599 3657 inquam,
625 3589 786 3643 simul
817 3591 1025 3644 cunctis
1058 3589 1390 3660 Pal-.eologus
1419 3603 1597 3647 motus
1635 3595 1798 3648 edixit

225 3681 540 3749 praasulibus
589 3683 930 3753 congregatis
975 3697 1035 3737 se
1085 3683 1217 3738 nihil
1261 3685 1476 3740 obsmre
1509 3687 1798 3755 quominus

223 3779 356 3842 quod
393 3775 521 3843 ipsis
553 3775 817 3844 Optimum
845 3777 1115 3831 videretur
1154 3778 1204 3830 in
1240 3793 1298 3830 re
1333 3780 1582 3847 praesenti
1613 3781 1800 3835 decer-

223 3877 413 3922 nerent
455 3878 804 3937 agerentque.
856 3869 1006 3924 Tune
1049 3871 1237 3925 Patres
1270 3871 1476 3941 aliquot
1512 3873 1697 3928 diebus
1743 3874 1796 3928 iu

225 3959 546 4026 inquirendo
592 3974 655 4011 ac
697 3959 1046 4016 deliberando
1089 3961 1446 4031 consumptis,
1488 3961 1621 4016 nihil
1656 3964 1798 4017 aliud

223 4051 360 4116 quod
413 4048 549 4101 vitio
616 4056 891 4102 verterent
947 4049 1270 4115 patriarcha:
1329 4061 1648 4119 repererunt
1697 4049 1798 4103 nisi

222 4139 508 4204 quamdam
544 4137 934 4206 impatientiam
967 4149 1020 4192 et
1063 4149 1441 4205 praematuram
1471 4139 1799 4209 desperatio-

222 4243 339 4282 ncm
373 4227 765 4280 emendationis
797 4243 975 4280 reruut
1010 4243 1142 4297 quas
1182 4229 1543 4297 improbaret;
1571 4244 1797 4298 quarum

223 4324 270 4372 in
298 4322 691 4380 correctionem
727 4321 872 4389 prius
904 4320 1174 4373 debuisset
1207 4322 1536 4387 incumbere,
1564 4330 1674 4375 tum
1704 4337 1800 4390 per

221 4424 275 4461 se
330 4409 571 4476 agendo,
622 4419 733 4460 tum
773 4407 1132 4477 exquirendo
1176 4408 1244 4463 ab
1295 4409 1414 4463 aliis
1463 4421 1514 4464 et
1559 4409 1611 4464 iu
1650 4426 1798 4464 com-

223 4514 378 4553 mune
403 4500 756 4562 emiSulendo,
788 4516 893 4553 non
935 4511 1137 4565 autem,
1172 4511 1227 4554 ut
1272 4501 1400 4555 fecit
1437 4501 1795 4569 pusillanimi-

225 4606 328 4648 tate
364 4595 560 4654 victus,
612 4594 844 4662 abjicere
889 4596 1094 4645 Clat'urtt
1141 4597 1495 4663 periclitants
1548 4596 1801 4650 Ecclesia:
1833 4599 1878 4654 D

221 4698 270 4739 et
296 4687 416 4755 ejus
445 4687 880 4755 gubernationem
924 4686 1042 4740 aliis
1071 4686 1282 4740 cedere.
1320 4686 1396 4740 lta
1431 4686 1535 4742 illis
1579 4689 1789 4741 videba-

224 4789 325 4832 tur.
380 4780 646 4832 tlarterum
695 4779 963 4845 posterius
1007 4779 1254 4846 apparuit
1305 4779 1566 4834 insedisse
1615 4781 1796 4833 animo

224 4873 544 4938 patriarcha:
590 4870 752 4924 altius
801 4871 1026 4935 vulnus,
1076 4879 1131 4923 et
1175 4886 1280 4924 non
1349 4873 1522 4926 solum
1580 4871 1796 4925 dillicile

121 4973 134 4978 ‘
223 4979 434 5030 curatu,
473 4970 564 5020 sed
598 4966 1101 5032 planeiusanahile,
1147 4969 1517 5036 paenitentiam
1551 4968 1798 5024 videlicet

221 5076 397 5114 seram
431 5061 675 5114 tolerata:
708 5060 1048 5114 infractiouis
1080 5061 1794 5128 findenspra-termittcnda

223 5154 572 5206 coronatione
605 5153 832 5214 hae-redis
867 5153 1100 5220 imperti,
1130 5155 1283 5220 cujus
1315 5153 1483 5220 culpa:
1515 5163 1620 5204 tam
1649 5169 1799 5206 acer-

224 5246 314 5299 bus
362 5243 512 5296 illum
563 5247 751 5296 urebat
802 5259 1013 5307 sensus,
1072 5261 1211 5296 nunc
1247 5246 1478 5297 maxime
1527 5247 1793 5300 vrtlentem

224 5350 380 5403 quam
410 5346 597 5390 contra
627 5349 777 5403 spem
813 5333 962 5402 prius
995 5345 1310 5400 conceptam
1359 5323 1566 5404 nc'gotia
1609 5352 1799 5391 succe-

224 5429 428 5491 derent,
462 5437 520 5480 ut
560 5441 667 5495 quo
702 5427 854 5480 istius
881 5425 1127 5479 admissa:
1163 5426 1286 5480 licet
1313 5441 1407 5496 per
1441 5429 1796 5496 ignorantiam

226 5522 579 5574 conniventite
612 5519 820 5572 crimen
855 5518 995 5586 apud
1043 5517 1209 5572 Deum
1241 5520 1504 5587 expiaret,
1555 5521 1801 5575 volunta-

225 5613 357 5664 r'mm
394 5613 495 5665 hoc
545 5613 1004 5664 exauctoratiouis
1055 5613 1284 5679 propria:
1330 5612 1648 5681 supplicium
1695 5613 1796 5668 sibi

227 5703 370 5756 ultro
394 5700 842 5756 conscisceudum
893 5711 1183 5770 putaverit.
1225 5701 1377 5756 Tune
1409 5717 1569 5771 porro
1609 5701 1799 5760 Patres

225 5795 431 5865 synodi,
461 5794 541 5847 vel
573 5794 754 5862 potius
775 5794 1077 5850 eminentes
1113 5799 1254 5849 inter
1283 5799 1448 5866 ipsos,
1473 5815 1537 5853 ex
1567 5815 1794 5868 quorum

231 5889 544 5945 auctoritate
591 5903 654 5940 ac
701 5896 833 5940 nutu
883 5892 1060 5942 ca-teri
1106 5893 1428 5956 pendebant,
1468 5908 1586 5946 cum
1639 5893 1793 5962 117

466 5981 739 6041 Punon.
779 5990 893 6044 Gn.
930 5986 1026 6047 CX
1043 5985 1108 6044 Li
1125 5987 1172 6045 ll

1908 639 2258 694 ἐκκαίεσθαι.

1911 753 2007 815 ις’.
2043 752 2242 819 ’Ὅπως
2267 756 2299 807 ό
2319 752 2429 822 τῆς
2469 751 2727 820 Ἑφέσου
2751 751 3085 820 [νικηφόρος
3114 749 3484 820 πατριάρχης

2492 822 2894 890 ἀπεκατέστη.

1979 913 2200 986 Συμϐὰν
2243 917 2302 970 δὲ
2340 915 2434 969 καί
2469 935 2542 981 τι,
2577 914 2604 969 ὂ
2633 915 2696 986 δή
2752 917 2846 969 καὶ
2875 916 2964 968 τὸν
3010 916 3130 969 ὅλον
3159 916 3258 985 τῆς
3293 917 3479 983 ίεραρ-

1911 1011 2037 1078 χῖας
2075 1010 2270 1078 χρόνον
2318 1009 2529 1062 ἐκεῖνον
2583 1009 2872 1074 ὲπέκνιζεν
2909 1009 3196 1080 (ἐψήφιστο
3244 1009 3352 1078 γὰρ
3402 1010 3482 1070 εἰς

1910 1105 2308 1172 πατριαρχείον
2333 1102 2484 1171 παρὰ
2514 1102 2610 1170 τῆς
2677 1102 2894 1154 συνόδου
2926 1103 3018 1154 ἐπὶ
3073 1103 3326 1155 Ἰωάννου
3385 1101 3482 1154 τοῦ

1910 1190 2096 1244 Δούκα
2151 1192 2260 1261 πρὸ
2311 1193 2406 1245 τοῦ
2463 1193 2806 1264 πατριάρχου
2839 1191 3119 1262 Μανθυὴλ,
3146 1192 3240 1244 καὶ
3273 1193 3300 1242 ὁ
3333 1191 3484 1261 βασι·

1910 1284 2082 1338 λεύων
2113 1285 2212 1348 τὰς
2256 1287 2474 1356 ψήφους
2503 1288 2738 1356 συνέχει,
2787 1287 2878 1338 τὸν
2917 1284 3080 1355 ζῆλον
3113 1283 3484 1353 δεδιττόμενος

1908 1375 2002 1428 τοῦ
2034 1378 2250 1450 ἀνδρὸς,
2295 1380 2507 1448 φήσαςο
2548 1380 2679 1430 ι”Ον
2706 1378 2764 1429 οὐ
2803 1377 3028 1430 δύναταί
3071 1394 3152 1440 τις
3184 1375 3482 1445 ὑποστῆναι

1911 1477 2294 1549 ἀρχιδιάκονον
2339 1474 2490 1534 ὄντα,
2527 1470 2644 1536 πῶς
2681 1471 2744 1524 ἂν
2772 1469 3220 1542 πατριαρχοῦντα
3249 1471 3482 1537 ὑπομεί-

1919 1585 2063 1631 νειε;
2091 1585 2109 1617 ι
2143 1565 2222 1619 διὸ
2265 1564 2328 1634 δή
2363 1563 2460 1617 καὶ
2508 1562 2605 1631 τῆς
2651 1562 2876 1630 Ἐφέσου
2904 1560 3312 1631 προχειρισθεὶς
3334 1562 3483 1629 ὅμως

1909 1658 2217 1714 ἀδικεῖσθαι
2288 1657 2438 1726 παρὰ
2501 1654 2767 1725 βασιλέως
2794 1655 2875 1716 είς
2907 1652 3005 1724 τὴν
3037 1653 3173 1706 ἰδίαν
3206 1654 3370 1724 τιμὴν
3402 1654 3482 1704 δι-

1909 1748 2367 1818 ετείνετο)·τοῦτο
2396 1746 2460 1816 δὴ
2489 1745 2870 1816 μεσολαϐήσαν
2901 1747 3079 1798 ἐποίει
3109 1749 3228 1798 τότε
3259 1748 3349 1798 τὸν
3389 1746 3480 1799 ἄν-

1910 1845 2013 1916 δρα
2065 1844 2347 1914 πειθήνιον
2385 1839 2891 1911 προσκα).ο5μενον,
2953 1840 3047 1892 καὶ
3100 1839 3199 1910 τὴν
3253 1841 3484 1909 ἐκλογήν

1910 1939 2162 2007 ἁσμένως
2193 1937 2403 2004 ἐδέχετο
2427 1950 2439 1963 ·
2474 1930 2617 1986 εἴναι
2655 1934 2762 2004 γὰρ
2794 1934 2981 1986 ἔκτοτε
3037 1935 3372 2002 τεταγμένον
3403 1935 3484 1994 εἰς

1908 2031 2066 2083 τοῦτο
2099 2029 2248 2098 παρὰ
2278 2029 2378 2096 τῆς
2433 2026 2676 2096 χάριτος,
2747 2029 2793 2077 εἰ
2827 2027 2919 2077 καὶ
2954 2024 3296 2086 κωλυθέντος
3331 2029 3484 2093 παρὰ

1909 2123 2012 2191 τὴν
2039 2121 2300 2192 ῥηθεῖσαν
2329 2118 2534 2183 αἰτίαν,
2586 2117 2777 2186 ἱκανήν
2811 2115 2895 2188 [Ρ.
2935 2117 3024 2188 76]
3083 2134 3146 2184 γε
3184 2117 3345 2170 οὖσαν
3389 2119 3482 2171 καὶ
3559 2161 3569 2169 .

1911 2214 2114 2283 ταύτην
2151 2211 2351 2282 μᾶλλον
2386 2212 2466 2273 είς
2506 2207 2772 2262 σύστασιν
2800 2209 3021 2273 ἑαυτοῦ,
3076 2209 3167 2261 τὸν
3197 2209 3365 2261 αὑτοῦ
3396 2211 3481 2260 τό.

1909 2324 2008 2359 τ.ον
2032 2308 2090 2373 ἐξ
2116 2307 2364 2372 ἀνάγκης
2390 2302 2604 2372 ἁναπλη
2616 2303 2886 2372 ρώσαντες
2913 2301 3246 2372 εἰσήχθησαν
3280 2302 3478 2372 ἕτεροι.

1912 2398 2100 2461 Οὕτως
2131 2400 2336 2459 ἐκεῖνος
2369 2396 2466 2465 τήν
2490 2395 2719 2466 ἐκλογὴν
2755 2394 2939 2447 θεόθεν
2964 2397 3106 2446 κατὰ
3134 2395 3232 2463 τὴν
3260 2393 3479 2447 δκαίαν

1907 2495 2120 2546 ἐκείνου
2146 2491 2328 2562 κρίσιν
2375 2489 2872 2558 ὑπολογισάμενος,
2914 2488 3066 2542 οὐδὲν
3101 2486 3473 2556 ἀναϐαλλόμε-

1910 2603 2020 2648 νος,
2055 2581 2451 2655 ἀναγορεύεται
2486 2581 2853 2651 πατριάρχης.
2895 2580 2994 2632 Ὃν
3023 2579 3206 2651 δήκαὶ
3240 2581 3298 2632 ὲν
3347 2583 3480 2650 τιμῇ

1910 2676 2147 2746 μεγίστῃ
2181 2679 2206 2729 ὁ
2244 2673 2502 2744 βασιλεὺς
2540 2673 2673 2743 πρὸς
2725 2672 2964 2726 Νίκαιαν
3003 2674 3350 2740 ἀποστείλας,
3382 2674 3483 2728 αὑ-

1903 2865 2107 2910 attente
2161 2853 2677 2923 circumspexissent
2731 2852 2931 2920 diuque
2988 2853 3306 2919 quaesissent
3360 2851 3482 2922 quis

1905 2951 2143 3019 ipsorum
2194 2948 2468 3002 videretur
2516 2947 2738 3001 idoneus
2781 2945 2850 3000 ad
2915 2946 3157 3015 regimen
3227 2943 3483 3000 Ecclesia:

1901 3042 2314 3112 capessendum,
2355 3040 2587 3109 denique
2637 3055 2742 3094 uuo
2789 3053 3053 3094 consensu
3091 3039 3142 3093 in
3190 3039 3479 3108 Ephesium

1903 3142 2297 3190 cottveueruut.
2333 3133 2462 3186 Erat
2490 3133 2534 3187 is
2569 3131 2827 3200 religione
2856 3146 2921 3187 ac
2948 3132 3146 3186 virtute
3177 3132 3322 3186 omni
3356 3147 3485 3187 con-

1829 3259 1870 3316 ο
1904 3228 2148 3297 spicuus,
2175 3225 2308 3279 satis
2351 3222 2690 3291 doctus,jam
2735 3225 2938 3289 senior,
2984 3227 3068 3280 cui
3112 3225 3260 3281 zelus
3310 3227 3486 3280 inerat

1903 3322 2028 3374 ιιοιῑ
2031 3321 2036 3325 ’
2061 3312 2370 3381 mediocris,
2420 3317 2554 3370 adeo
2601 3325 2658 3368 ut
2709 3316 2795 3371 ubi
2853 3316 3147 3373 Ecclesiam
3197 3329 3290 3373 aut
3337 3319 3502 3389 leges-

1901 3409 2018 3479 ejus
2047 3400 2250 3477 deSpi'ei
2295 3409 2518 3488 videret,
2555 3416 2698 3464 totus
2728 3411 3126 3466 exardesceret.

1904 3527 1992 3582 16.
2035 3523 2100 3580 Ut
2135 3523 2336 3593 Ephesi
2373 3523 2644 3593 episcopus
2692 3522 3018 3592 Nicephoms
3079 3526 3384 3594 patriarcha
3413 3529 3482 3582 sit

2611 3595 2802 3664 factus.

1974 3691 2284 3761 Contigerat
2325 3688 2526 3742 dudum
2565 3689 2841 3757 quiddam,
2875 3687 3016 3742 unde
3043 3688 3088 3742 is
3127 3696 3240 3743 toto
3271 3691 3485 3761 episeo-

1903 3801 2062 3856 patus
2111 3785 2194 3838 sui
2245 3795 2488 3852 tempore
2528 3781 2731 3836 doluiis
2771 3790 2824 3834 et
2877 3780 3220 3848 querelarum
3257 3799 3476 3837 causam

1903 3878 2107 3934 habere
2143 3876 2346 3945 justum
2378 3874 2480 3928 sibi
2519 3873 2814 3927 videretur.
2851 3873 3061 3926 Vacans
3087 3874 3215 3928 olim
3249 3876 3484 3944 patriar-

1903 3971 2077 4028 chalis
2122 3971 2278 4024 sedes
2324 3968 2590 4022 destinata
2644 3969 2794 4035 prius
2839 3964 2940 4033 ipsi
2993 3979 3179 4032 quam,
3225 3967 3320 4034 qui
3356 3983 3475 4021 mox

1903 4064 1957 4119 in
1989 4077 2110 4116 eam
2137 4061 2416 4120 successit,
2443 4057 2673 4112 Manueli
2707 4057 2903 4119 luerat,
2931 4055 3073 4109 haud
3100 4058 3266 4112 dubio
3293 4063 3479 4113 favore

1903 4153 2098 4226 synodi
2153 4170 2166 4206 :
2220 4151 2315 4206 sed
2361 4151 2450 4220 qui
2503 4159 2632 4203 tunc
2669 4150 2973 4218 imperabat
3020 4147 3261 4204 Joannes
3304 4150 3481 4206 Ducas

1904 4246 2192 4300 consensui
2224 4242 2442 4297 Patrum
2484 4240 2718 4305 obstitit,
2757 4241 2932 4295 zelum
2969 4239 3068 4295 viri
3093 4241 3476 4312 pnelervidutn

1904 4347 2173 4393 metuens.
2222 4336 2390 4406 Cujus
2415 4335 2580 4398 enim,
2613 4334 2817 4398 aiebat,
2848 4334 3070 4403 spiritus
3100 4335 3276 4391 adhuc
3302 4339 3482 4392 archi-

1903 4430 2117 4485 diaconi
2166 4430 2309 4483 lerre
2361 4427 2447 4482 vix
2495 4441 2800 4495 possumus,
2857 4429 2906 4481 ei
2948 4428 3068 4496 quis
3099 4443 3350 4497 suprema
3389 4445 3482 4498 pa-

1906 4523 2158 4577 triarcha:
2201 4528 2410 4576 armato
2451 4521 2776 4574 auctoritate
2826 4519 3154 4575 resisteret?
3184 4521 3276 4576 Sic
3305 4522 3396 4576 ille
3427 4524 3478 4576 in

1905 4627 2055 4671 tanto
2084 4615 2394 4669 inferiorem
2424 4614 2712 4683 Ephesius:
2737 4613 3018 4668 submotus
3043 4612 3300 4670 Ecclesia:
3327 4615 3479 4669 thro-

1906 4720 2032 4757 num
2065 4718 2166 4757 nec
2189 4703 2456 4773 patienter
2482 4715 2718 4772 unquam
2749 4715 2850 4757 nec
2875 4703 3033 4757 tacite
3063 4704 3342 4758 interverti
3373 4705 3475 4760 sibi

1907 4793 2148 4864 supremi
2178 4794 2404 4850 honoris
2437 4794 2718 4863 injuriatn,
2742 4802 2800 4847 ut
2829 4794 2942 4862 ipse
2973 4795 3174 4865 passim
3205 4797 3478 4866 quiritans

1829 4948 1834 4953 .
1909 4885 2154 4948 vocabat,
2183 4893 2237 4940 et
2269 4884 2651 4940 contumeliam
2687 4885 2827 4940 tulit.
2862 4884 2935 4938 Ea
2961 4885 3110 4940 illum
3137 4888 3305 4942 animi
3335 4905 3475 4958 prae-

1906 4980 2118 5047 paratio
2155 4978 2368 5032 facilem
2415 4990 2527 5030 tum
2577 4977 2809 5032 reddidit
2839 4980 2908 5032 ad
2941 4980 3292 5034 annuendum
3329 4984 3477 5038 desi-

1905 5072 2071 5125 deriis
2129 5072 2318 5142 synodi
2363 5071 2680 5140 frequentis,
2735 5080 2790 5124 et
2829 5072 3078 5126 electioni
3119 5072 3352 5128 libenter
3393 5092 3480 5130 as-

1906 5165 2248 5218 Seutiendum
2297 5179 2428 5229 suae,
2466 5174 2714 5219 constare
2755 5165 3023 5234 siquidem
3058 5167 3160 5234 ipsi
3198 5168 3480 5222 videbatur

1903 5253 2016 5321 jam
2057 5253 2264 5322 pridem
2314 5267 2372 5308 se
2403 5257 2469 5307 ad
2503 5255 2926 5322 patriarchatum
2954 5257 3121 5309 divini
3149 5258 3322 5326 gratia
3358 5257 3478 5328 Spi-

1908 5351 2046 5398 ritus
2086 5345 2338 5410 electum,
2383 5347 2483 5398 etsi
2526 5346 2788 5400 hactenus
2819 5346 3101 5401 exclusum
3131 5351 3479 5416 possessione

1907 5437 2071 5490 debiti
2127 5439 2344 5490 honoris
2399 5439 2742 5506 insuperabili
2783 5440 3063 5494 obstaculo
3105 5441 3356 5498 humanae
3381 5460 3479 5514 po-

1910 5531 2108 5585 tentiae.
2160 5529 2296 5597 Ergo
2345 5531 2433 5584 ille
2465 5530 2596 5585 nihil
2655 5541 2962 5597 cunctatus,
3020 5535 3130 5590 into
3176 5537 3476 5605 pratdicans

1906 5639 2169 5694 apparere
2234 5626 2574 5678 manifestum
2623 5622 2718 5678 Dei
2769 5641 2964 5681 numen
3007 5629 3059 5681 itt
3109 5630 3192 5683 sui
3245 5632 3476 5684 restitu-

1910 5717 2072 5781 tione,
2113 5730 2279 5784 seque
2331 5731 2432 5768 non
2483 5715 2713 5769 delatqu
2765 5732 2908 5771 nunc
2933 5722 3164 5787 primum
3199 5722 3405 5792 suﬁ‘rag
3431 5727 3475 5776 is

1908 5801 2237 5870 cligcntinm,
2282 5804 2376 5856 sed
2416 5802 2562 5872 justo
2612 5804 2809 5859 dudum
2860 5806 3068 5875 judicio
3117 5809 3474 5864 Providentia:

1911 5894 2305 5950 sibidccrctum
2360 5905 2484 5951 nata
2515 5897 2772 5955 divinitus
2789 5900 3072 5958 occasione
3095 5919 3210 5970 qur
3229 5904 3268 5970 ι
3285 5903 3388 5972 13
3409 5909 3474 5958 ad
