3952 6522
335 457 442 518 557

1284 461 1381 520 DE
1422 458 1811 520 MICHAELE
1855 451 2313 514 PALglLOLOGO
2354 451 2500 513 LIB.
2549 451 2623 511 ll.

3464 451 3566 510 558

329 566 410 620 ἔτι
447 563 518 637 ῆν
548 569 576 620 6
611 537 857 640 κρατῶν,
904 571 994 624 ὅτε
1047 571 1245 640 συνέϐη
1302 573 1396 624 καὶ
1439 572 1779 642 Ἀνδρόνικον
1811 569 1903 620 τὸν
1936 574 1977 624 A
2017 561 2062 614 δ’
2097 562 2257 630 ἀφεὶς
2277 562 2595 632 παραυτίκα
2629 559 2911 629 ἐξέρχεται
2944 558 3037 612 τοῦ
3068 559 3194 622 νεὼ.
3237 560 3309 622 ὠς
3335 560 3363 614 ὃ
3395 580 3446 615 τι
3481 562 3570 615 θέ-

330 658 583 726 Σάρδεων
615 663 799 714 ἐκεῖσε
850 665 1132 733 παρεῖναι.
1188 666 1342 716 Δυοίν
1379 664 1487 734 γὰρ
1525 663 1894 733 σχιζομένων,

329 752 500 807 αὑτοῦ
531 772 590 807 τε
626 758 718 808 καὶ
753 754 848 808 τοῦ
879 756 1282 826 Θεσσαλονίκης
1333 756 1618 826 Μανουὴλ.
1684 757 1898 816 ἐκεῖνος

329 844 428 914 μὲν
467 845 664 898 ἑαυτὸν
697 847 778 908 είς
808 845 1019 916 ἐξορίαν
1056 847 1228 900 ἐδίδου
1265 849 1359 900 καὶ
1382 842 1699 918 ἐξωρίζετο.

327 955 420 1026 ιη’.
456 959 650 1025 Ὅπως
703 963 735 1014 ό
767 960 1045 1025 Σάρδεων
1070 961 1221 1015 κατὰ
1276 961 1385 1026 τὴν
1422 961 1764 1028 Σηλυϐρίαν
1792 977 1898 1028 μο-

817 1031 1001 1098 ναχὸς
1022 1031 1398 1099 ἀπεκείρατο.

396 1118 462 1174 Ὀ
483 1122 540 1174 δὲ
555 1122 807 1189 Σάρδεων
836 1125 998 1192 σοφόν
1019 1142 1072 1177 τι
1091 1125 1336 1195 οἰόμενος
1360 1123 1644 1193 πράττειν,
1659 1125 1707 1177 εί
1729 1122 1801 1193 μὴ
1823 1121 1902 1191 τῷ

327 1210 542 1281 βασιλεί
565 1213 887 1282 διαμάχοιτο
933 1214 1028 1268 τοῦ
1066 1215 1570 1285 πατριαρχεύοντος
1596 1214 1904 1283 ἀφιστάμε-

326 1319 440 1368 νος,
466 1302 610 1368 ἔγνω
635 1303 702 1356 δι’
722 1304 889 1373 ἄλλης
909 1305 1030 1358 ὁδοῦ
1061 1288 1312 1360 ὑπελθεῖν
1329 1309 1418 1360 τὸν
1445 1306 1773 1376 κρατοῦντα.
1791 1302 1904 1357 Καὶ

325 1395 411 1465 δὴ,
446 1397 575 1448 ἐπεὶ
601 1398 629 1450 6
676 1397 778 1465 μὲν
828 1397 1218 1468 Φιλαδελφείας
1261 1401 1596 1462 Ἰωαννίκιος
1623 1399 1764 1452 κατά
1802 1397 1901 1464 τὴν

331 1488 507 1557 μονὴν
539 1487 639 1540 τοῦ
671 1489 923 1558 Σωτῆρος
950 1491 1227 1561 ίερούργει
1247 1491 1341 1544 τοῦ
1365 1488 1631 1562 βάσιλέως
1666 1507 1900 1558 προτρε-

325 1580 580 1649 ψαμένου
602 1621 616 1646 ,
651 1583 678 1634 6
703 1581 758 1634 δέ
787 1581 1040 1651 βασιλεὺς
1071 1585 1253 1654 παρῆν
1285 1584 1381 1638 καὶ
1412 1587 1438 1637 6
1472 1584 1721 1653 Σάρδεων
1755 1599 1901 1650 συμ-

326 1672 540 1742 παρῆν,
574 1673 890 1742 προσελθὼν
924 1675 1087 1737 αὐτὸς
1124 1677 1204 1747 τῷ
1244 1676 1461 1747 βασιλεῖ
1519 1675 1648 1744 περὶ
1704 1673 1902 1728 ἐαυτοῦ

326 1761 756 1832 ὑπεμίμνησκεν
809 1763 885 1827 ὡς
912 1765 980 1818 τὰ
1011 1766 1122 1820 τῶν
1185 1767 1436 1836 μοναχῶν
1491 1767 1903 1837 ἀναληψόμενος

325 1858 447 1908 ταῖς
479 1855 578 1906 τοῦ
641 1855 1029 1923 Φιλαδελφείας
1095 1860 1272 1929 χερσί.
1329 1861 1439 1911 Καὶ
1489 1859 1548 1921 ὃς
1598 1858 1741 1929 (οὐδὲ
1793 1858 1902 1925 γὰρ

2007 655 2149 706 λοιεν
2182 652 2412 714 ἀπόντος
2469 652 2678 705 ἐκείνου
2731 650 3065 721 πράξοντας.
3110 651 3170 703 '0
3201 652 3257 704 δὲ
3293 654 3387 704 καὶ
3426 653 3569 705 οὕτω

2010 743 2378 815 προσέρχεται
2407 744 2501 796 καὶ
2535 744 2594 796 τὸ
2631 744 2819 812 σχῆμα
2854 741 3428 811 δέχεται,Ἀθανάσιος
3454 746 3572 799 ἀντ’

2020 835 2358 906 Ἀνδρονίκου
2386 835 2731 906 ὀνομασθείς.

2011 949 2097 1004 ti}.
2133 950 2332 1016 Ὅπως
2349 948 2568 1004 πολλοὶ
2584 949 2703 1020 τῶν
2725 949 3250 1018 ἐκκλησιαστικῶν
3274 950 3346 1004 δι’
3366 953 3574 1020 ὀλίγου
3598 955 3620 985 ’

2584 1019 2969 1086 θνήσκουσιν
2984 1062 2995 1074 .

2077 1112 2387 1181 Θαυμάσειε
2424 1113 2471 1165 δ’
2505 1115 2570 1168 άν
2599 1131 2685 1176 τις
2713 1115 2808 1166 καὶ
2831 1113 2931 1184 τὴν
2949 1111 3106 1184 δίκην
3127 1113 3250 1166 τότε
3272 1129 3283 1141 ·
3316 1113 3436 1167 οὐδὲ
3465 1113 3575 1184 γὰρ

2010 1202 2070 1266 ἐξ
2103 1204 2416 1271 αὐτομάτου
2447 1204 2702 1272 γενέσθαι
2745 1206 2836 1257 τὸν
2886 1205 3062 1259 τόσων
3099 1205 3576 1275 ἐκκλησιαστικών

2011 1296 2291 1365 ἀρχόντων
2353 1298 2726 1352 ὑποτοπάσειε
2779 1297 3049 1352 θάνατον·
3111 1297 3405 1366 θνήσκουσι
3468 1296 3577 1365 γὰρ

2012 1391 2177 1457 ἐγγὺς
2208 1391 2318 1443 τῶν
2350 1391 2482 1444 δέκα
2506 1391 2661 1444 ἐννέα
2689 1390 2879 1460 μηνῶν
2906 1389 3098 1458 ἄνδρες
3121 1389 3257 1442 πολὺ
3291 1390 3349 1441 τὸ
3381 1389 3580 1456 σεμνὸν

2010 1482 2108 1535 καὶ
2139 1482 2473 1551 ἀξιοπρεπές
2502 1483 2739 1552 ἔχοντες.
2791 1481 2907 1552 Ἐφ’
2947 1475 3031 1545 οἷς
3065 1482 3254 1549 ἔλεγεν
3308 1480 3336 1531 6
3379 1478 3580 1549 τοῦναρ

2017 1571 2145 1628 ἰδὼν
2171 1575 2437 1644 πρότερον
2470 1575 2503 1645 ἢ
2539 1573 2722 1627 θανεῖν
2738 1574 2882 1627 ἐκείν
2916 1591 2999 1638 υς·
3041 1605 3109 1614 -
3140 1576 3167 1626 6
3200 1574 3404 1636 Bézxa;
3439 1574 3484 1626 δ’
3512 1568 3581 1643 ἦν

2009 1660 2170 1729 οὗτος
2210 1665 2490 1736 Ἰωάννης,
2547 1667 2606 1730 ὃς
2631 1667 2922 1737 ἐσύστερον
2955 1669 3051 1720 καὶ
3087 1668 3231 1737 μετά
3261 1667 3356 1720 τὸν
3382 1663 3582 1738 χαρτοσ-

2013 1759 2234 1828 φύλακα
2267 1759 2721 1831 πατριαρχεύσας
2781 1759 2956 1812 πολλά
3009 1760 3246 1813 πέπονθε
3287 1759 3357 1812 τὰ
3402 1759 3578 1825 δεινὰ,

2011 1850 2084 1914 ὡς
2113 1853 2140 1904 6
2165 1852 2321 1918 λόγος
2356 1853 2498 1906 κατὰ
2537 1852 2625 1904 τὸν
2671 1850 2862 1922 καιρὸν
2905 1853 3042 1920 ἐρεῖ.
3073 1882 3143 1890 --
3180 1853 3252 1904 Τὸ
3283 1850 3416 1919 γοῦν
3447 1853 3580 1922 ὄναρ

323 1944 517 2013 ἠγνόει
547 1943 608 1997 τὸ
639 1947 739 2016 τῆς
793 1920 1022 2017 γνώμης
1236 1948 1491 2017 λέγοντος
1531 1920 1904 2012 νῦπουλονίὼσς
1941 1920 1979 1974 Β
2012 1943 2219 2006 ἐκεῖνος
2247 1940 2368 1995 ἰδὼν
2399 1943 2725 2012 ἐξήγγελλεν
2774 1920 2978 2006 οὕτως.
3009 1944 3196 2009 Ἔδοξε
3231 1945 3339 2015 γὰρ
3367 1944 3453 1998 ἐπ’
3483 1920 3582 2012 ἄγ’-

326 2034 550 2098 ἐξοντός
613 2053 770 2099 ποτε,
806 2038 855 2088 εἰ
889 2036 1131 2107 αἱροῖτο,
1175 2039 1450 2108 πρόφασιν
1487 2040 1587 2109 τῆν
1641 2038 1738 2092 τοῦ
1770 2039 1906 2094 ἄνα·

331 2141 462 2188 κτος
524 2129 852 2198 παρουσίαν,
914 2129 991 2192 ὡς
1033 2129 1125 2200 βίᾳ
1157 2133 1222 2200 τῇ
1283 2130 1492 2183 ἐκεῖθεν
1551 2131 1810 2195 λαϐόντος
1849 2131 1907 2185 τὸ

331 2218 562 2287 σχῆμα·
598 2219 733 2289 μηδὲ
767 2222 877 2290 γάρ
918 2219 1098 2274 θέλειν
1131 2221 1194 2273 ἐκ
1232 2222 1658 2294 προαίρέσεως),
1699 2225 1906 2277 ἐκεῖνον

335 2309 440 2376 μὲν
503 2312 599 2362 καὶ⁹
659 2312 714 2364 τί
766 2311 961 2366 παθὼν
1025 2313 1269 2384 διηρώτα
1327 2316 1908 2386 μετασχηματίζεσθαι

332 2400 607 2470 βούλοιτο,
641 2405 736 2457 καὶ
762 2407 843 2467 εἰς
866 2407 920 2458 τί
945 2405 1161 2476 βλέπων
1197 2408 1288 2458 τὸν
1317 2407 1542 2478 ἡσύχιον
1567 2410 1662 2461 καὶ
1690 2409 1907 2480 ἀπράγ-

334 2507 472 2560 μονα
533 2492 647 2562 βίον
679 2496 888 2566 αἰροῖτο
916 2511 930 2524 ·
1002 2495 1147 2567 Πλὴν
1175 2498 1372 2563 οὐδεὶς,
1402 2499 1608 2568 ἔλεγεν,
1660 2502 1689 2554 6
1732 2500 1908 2554 κωλύ-

333 2599 467 2650 σων,
499 2587 549 2637 εί
583 2585 728 2638 οὕτω
768 2586 1041 2656 βούλεται.
1081 2589 1322 2641 Ἑκείνου
1365 2592 1417 2643 δὲ
1448 2591 1542 2654 τὰς
1571 2593 1750 2655 αἰτίας
1783 2611 1912 2646 συν-

335 2674 585 2746 είροντος
620 2675 684 2748 [Ρ
737 2678 831 2750 78]
856 2680 951 2733 καὶ
980 2681 1078 2750 τὴν
1109 2680 1208 2734 ⁸,ῖοῦ
1240 2683 1640 2752 ύπογοουμένου
1677 2685 1908 2738 σκανδά-

338 2765 431 2820 λου
466 2767 627 2833 δόξαν
653 2769 742 2822 διὰ
769 2772 980 2825 πολλῶν
1036 2774 1412 2843 ἀναιροῦντος,
1445 2777 1472 2828 6
1510 2776 1764 2844 βασιλεὺς
1795 2779 1912 2831 δια-

334 2857 534 2928 κόψας,
559 2861 682 2912 ἐπεὶ
711 2863 805 2932 καξι
856 2864 923 2914 τὰ
958 2864 1059 2932 τῆς
1089 2866 1437 2932 λειτουργίας
1470 2869 1692 2937 ἤνυστο,
1735 2888 1911 2940 προσ-

335 2950 560 3022 έρχεται
595 2951 694 3021 μὲν
727 2954 804 3018 τῷ
848 2957 1304 3024 ὶειτουργήσαντι
1367 2959 1460 3010 καὶ
1515 2961 1898 3029 σφραγίςεται,

336 3043 521 3097 λασὼν
561 3048 640 3107 είς
673 3047 945 3116 ἀγιασμὺν
989 3048 1087 3100 καὶ
1120 3048 1182 3100 τὸ
1213 3050 1359 3122 ἱερὸν
1389 3053 1628 3123 κλάσμα,
1671 3058 1912 3121 ἐκείνους

2010 2034 2272 2106 χωμάλου
2330 2035 2518 2087 πεδίου
2574 2035 2961 2106 διερχομέ·,ους
3006 2035 3281 2104 ἐφίππους
3331 2039 3458 2100 τοὺς
3492 2039 3586 2108 ἂρ·

2013 2147 2236 2201 χοντας,
2272 2129 2474 2199 πολλὴν
2498 2130 2830 2202 ἐξηνυκότας
2864 2132 3004 2194 666v,
3038 2132 3182 2185 κατά
3216 2133 3400 2202 χεῖλος
3453 2136 3582 2204 στῆο

2009 2239 2095 2274 ναι
2130 2222 2394 2292 μεγίστου
2429 2225 2524 2275 καὶ
2551 2223 2790 2295 φοϐεροῦ
2826 2221 3076 2292 ποταμοῦ
3134 2225 3579 2295 παραρρέοντος,

2013 2297 2286 2381 ἄρξασθαι
2339 2313 2387 2365 δ’
2437 2315 2680 2377 ἐκείνους
2737 2315 2882 2368 κατὰ
2915 2314 3013 2384 τὴν
3046 2314 3200 2380 τάξιν
3256 2315 3350 2368 τοῦ
3393 2315 3582 2384 σφίσιν

2013 2403 2436 2473 ἀποσησομένου
2499 2404 2733 2458 θανάτου
2806 2407 2982 2475 περᾷν
3034 2406 3252 2476 πρῶτον
3283 2405 3438 2461 τόνδε
3483 2409 3582 2461 καί⁹

2012 2494 2269 2566 δεύτερον
2309 2497 2460 2550 τόνδε
2486 2497 2584 2552 καὶ
2611 2495 2814 2569 ἐφεξῆς
2861 2502 2986 2560 τοὺς
3025 2499 3284 2562 λοιπούς·
3314 2500 3434 2553 οὐδὲ
3472 2506 3580 2568 γὰρ

2015 2590 2209 2642 σύνδυο
2236 2592 2330 2642 καὶ
2360 2590 2608 2663 σύντρεις
2663 2591 3044 2660 ἐπεραιοῦντο,
3100 2591 3215 2644 ἀλλ’
3245 2589 3325 2655 εἷς
3350 2594 3582 2655 ἕκαστος

2015 2679 2138 2742 καθ’
2164 2680 2349 2736 αὐτόν.
2388 2682 2476 2744 Ὠς
2513 2681 2643 2750 γοῦν
2689 2683 2715 2733 6
2753 2683 2966 2754 βλέπων
3000 2685 3290 2753 ἱστάμενος
3316 2685 3408 2737 καὶ
3449 2683 3585 2736 θεω-

2018 2771 2128 2840 ρῶν
2183 2771 2564 2843 ἐξεπλήττετο,
2630 2774 2927 2846 ἐμφροντις
2977 2775 3054 2827 ὢν
3120 2778 3372 2837 κάκεῖνος
3438 2777 3586 2836 ὅπως

2016 2865 2487 2936 περαιωθήσεται,
2522 2869 2709 2920 ἀκούει
2769 2869 2952 2936 φωνῆς
3011 2867 3251 2922 ἔκποθεν
3279 2869 3588 2937 διικνουμέ-

2015 2973 2115 3027 νης
2143 2973 2157 2987 ο
2199 2977 2216 3008 ι
2266 2959 2328 3009 Τί
2363 2959 2702 3025 φροντίζεις
2739 2961 2799 3012 ού
2831 2960 2895 3013 οὺ
2922 2959 3016 3014 νῦν
3043 2961 3277 3031 διαϐήσῃ
3310 2961 3398 3013 τὸν
3424 2978 3591 3016 ποῖαι

2015 3049 2137 3117 μόν.
2166 3049 2286 3100 Ἔνι
2322 3051 2429 3118 γάρ
2465 3053 2654 3120 καιρξς
2687 3051 2807 3104 καθ’
2837 3052 2896 3103 ὃν
2931 3052 3024 3104 καὶ
3050 3053 3215 3116 αὐτὸς
3245 3053 3304 3118 ἐξ
3331 3053 3583 3120 ἀνάγκης

342 3226 592 3296 contigit.
625 3226 758 3280 Nam
792 3229 1019 3282 duorum
1052 3233 1360 3286 schismatis
1390 3242 1668 3288 auctorum
1701 3231 1911 3289 Andro-
1939 3263 1979 3319 ο
2018 3211 2348 3298 abrumpens
2391 3228 2709 3296 imperator,
2739 3228 2832 3283 ubi
2883 3228 3046 3284 missa
3095 3239 3310 3297 peracta
3357 3241 3460 3293 est,
3495 3246 3589 3283 ac-

338 3317 445 3375 nici
497 3320 786 3374 Sardensis
838 3333 889 3375 et
939 3321 1444 3380 Thessalonicensis
1492 3325 1782 3390 Manuelis,
1828 3330 1918 3387 hic

342 3413 556 3479 quidem
599 3413 739 3466 ultro
777 3415 1026 3480 exsilium
1064 3417 1164 3470 sibi
1196 3418 1540 3474 conscisceus
1572 3429 1721 3477 extra
1759 3421 1918 3494 120

339 3501 473 3556 ﬁnes
505 3516 822 3558 recesserat.

343 3621 429 3676 18.
461 3619 529 3674 Ut
569 3621 851 3677 Sardensis
883 3626 1026 3745 apag
1079 3624 1370 3680 Sciebriam
1397 3626 1451 3680 in
1511 3631 1821 3682 monachum
1851 3632 1916 3684 sit

1031 3709 1265 3745 etomus.

1031 3709 1265 3749 etomus.

411 3783 701 3840 Sardensis
752 3799 880 3839 vero
927 3787 1200 3853 sapienter
1241 3799 1299 3840 se
1345 3785 1609 3840 iacturum
1658 3797 1832 3850 ratus,
1871 3789 1916 3842 si

341 3890 446 3929 nou
515 3876 690 3943 palam
756 3886 1087 3945 repugnaret
1149 3877 1493 3945 imperatori,
1554 3878 1915 3944 patriarcham

343 3983 498 4037 quem
547 3968 635 4022 ille
679 3970 931 4037 probaret
974 3969 1252 4035 rejiciens,
1285 3969 1442 4023 aliam
1491 3970 1776 4025 ineundam
1817 3972 1916 4025 sibi

344 4061 608 4114 rationem
641 4061 795 4114 duxit
831 4061 1140 4113 insinuandi
1176 4076 1294 4114 sese
1325 4070 1377 4114 et
1407 4062 1597 4114 callida
1631 4061 1804 4131 ipsum
1843 4065 1919 4116 si-

345 4153 639 4205 mulatione
670 4151 908 4206 faliendi.
938 4152 1122 4219 Itaque
1154 4167 1273 4205 cum
1299 4151 1610 4206 .luaunicius
1640 4153 1919 4223 cpisenpus

345 4243 730 4312 Philadelphia:
783 4255 969 4309 rogatu
1023 4245 1361 4312 imperatoris
1406 4250 1459 4296 et
1504 4245 1618 4311 ipso
1659 4258 1922 4314 praesen-te

345 4337 486 4404 apud
525 4335 914 4388 monasterium
954 4335 1251 4388 Salvateris
1285 4350 1494 4388 sacrum
1531 4335 1754 4400 faceret,
1785 4336 1918 4390 Sar-

346 4426 547 4486 dcnsis,
574 4425 663 4494 qui
697 4435 749 4476 et
779 4427 890 4493 ipse
918 4425 1124 4484 aderat.
1153 4427 1414 4479 accedens
1444 4426 1510 4479 ad
1541 4426 1918 4495 imperatorem

345 4517 606 4568 indicavit
647 4517 742 4583 ipsi
789 4532 910 4570 esse
949 4516 1052 4570 sibi
1093 4515 1144 4568 in
1187 4517 1366 4569 animo
1406 4532 1620 4570 sacrum
1673 4519 1916 4570 ttmnachi

2017 3319 2184 3373 cessit
2211 3321 2277 3372 ad
2303 3318 2689 3386 celebrantem,
2712 3328 2765 3374 et
2790 3334 2908 3374 sese
2941 3336 3101 3374 cruce
3128 3321 3348 3390 signans
3379 3336 3588 3376 sacram

2020 3411 2341 3477 particulam
2385 3411 2488 3465 rite
2532 3411 2785 3481 sumpsit,
2819 3426 3048 3479 moxque
3094 3412 3288 3478 templo
3327 3414 3592 3467 t'lt‘cdells

2019 3500 2163 3570 ipsos
2197 3502 2414 3568 reliquit
2443 3501 2699 3572 facturos,
2723 3516 2782 3556 se
2813 3502 3060 3566 absente,
3087 3504 3344 3572 quidquid
3377 3507 3590 3559 vellent.

2019 3591 2294 3648 Processit
2331 3594 2681 3646 nihilominus
2727 3595 3013 3648 Sat-densis
3051 3594 3117 3648 ad
3153 3595 3512 3662 destinatum,
3541 3608 3596 3648 et

2019 3685 2266 3739 monachi
2299 3685 2540 3740 habitum
2571 3687 2820 3755 sumpsit,
2840 3701 2904 3740 ex
2931 3686 3244 3740 Andronico
3266 3688 3595 3744 Athanasius

2021 3783 2262 3831 meatus.

2055 3886 2142 3942 19.
2184 3887 2249 3942 Ut
2292 3888 2444 3941 multi
2490 3889 2962 3971 ecclesiasticarum
3005 3894 3140 3945 brevi
3191 3902 3414 3960 tentpore
3455 3895 3557 3947 sim

2732 3971 2946 4014 ηιονιιιι.

2094 4051 2247 4120 12],
2283 4050 2505 4106 Miretur
2531 4061 2708 4106 autem
2738 4052 3005 4121 quispiam
3037 4064 3160 4106 tunc
3187 4065 3466 4108 ostensum
3501 4054 3592 4108 Dei

2013 4145 2295 4212 judicium.
2322 4145 2439 4201 Non
2471 4148 2613 4200 enim
2647 4164 2774 4203 casu
2808 4148 3098 4216 contigisse
3130 4157 3204 4202 tot
3230 4149 3389 4202 simul
3422 4149 3595 4204 eccle-

2021 4235 2363 4292 siasticorum
2395 4236 2697 4305 principum
2729 4238 2910 4292 obitus
2941 4238 3205 4307 suspicari
3231 4239 3594 4294 verisimiliter

2023 4326 2169 4380 licet.
2205 4326 2401 4381 Mortui
2445 4329 2642 4397 quippe
2688 4341 2814 4384 sunt
2855 4334 3030 4397 spatio
3070 4330 3180 4384 fere
3224 4333 3593 4387 novemdecim

2024 4419 2292 4471 mensium
2327 4418 2425 4471 viri
2463 4419 2786 4474 auctoritate
2818 4421 3186 4489 dignitateque
3219 4435 3428 4475 summa
3467 4437 3597 4475 con-

2023 4510 2226 4578 spicui,
2255 4525 2483 4578 quorum
2514 4511 2690 4564 obitus
2714 4514 3034 4580 praedixerat
3064 4512 3154 4579 qui
3181 4513 3247 4566 de
3278 4512 3342 4564 iis
3368 4528 3595 4581 praemo-

347 4609 590 4661 hdiiiiutll
637 4610 714 4663 ibi
759 4624 973 4663 sumere
1018 4609 1266 4662 manibus
1305 4607 1806 4678 Philadelphiensis.
1839 4609 1917 4662 Ad
1942 4617 1995 4673 ι)
2023 4603 2170 4656 nilus
2205 4619 2298 4670 per
2329 4603 2596 4658 somnium
2626 4602 2823 4659 fuerat.
2853 4603 2981 4658 Erat
3011 4605 3056 4658 is
3087 4603 3321 4658 Jomiucs
3353 4603 3591 4667 Vterus.

347 4717 465 4769 qua:
511 4703 804 4770 imperator
851 4717 954 4754 non
1008 4703 1228 4769 ignarus
1274 4709 1447 4756 astuta
1493 4701 1544 4755 id
1591 4702 1694 4755 dici
1744 4712 1796 4756 et
1835 4702 1920 4770 agi

348 4793 586 4855 ratione,
618 4805 669 4845 ut
707 4793 931 4854 deinde,
963 4808 1086 4846 cum
1131 4803 1189 4844 se
1228 4791 1325 4860 ipsi
1367 4793 1519 4846 daret
1550 4792 1922 4860 oppostunitas

347 4885 679 4953 (IBIBOHBIItiiB
716 4883 906 4947 larva},
935 4883 1148 4936 causari
1188 4884 1470 4937 Sardensis
1506 4893 1684 4950 posset
1713 4883 1763 4936 vi
1798 4884 1923 4935 ada-

346 4986 489 5029 ctum
524 4989 643 5028 sese
672 4976 890 5028 minime
920 4975 1181 5028 volentem
1213 4976 1280 5026 ab
1309 4975 1630 5042 imperatore
1660 4984 1923 5040 prmsente

347 5070 410 5118 ad
451 5076 652 5118 vestem
691 5065 1044 5120 monasticam
1092 5065 1446 5127 induendam,
1478 5063 1726 5133 quaesivit
1758 5080 1822 5116 ex
1857 5078 1924 5117 eo

347 5158 474 5226 quid
539 5173 730 5224 passus
782 5157 978 5225 quidve
1038 5171 1268 5224 sequens
1330 5163 1591 5210 tuutatum
1651 5158 1747 5208 iret
1795 5168 1919 5210 cum

348 5250 535 5301 habitu
565 5249 686 5301 vitae
717 5248 940 5300 fortnam
971 5261 1036 5300 ex
1069 5259 1288 5300 actuosa
1323 5249 1374 5300 iu
1411 5246 1748 5315 tranquillam
1783 5247 1918 5298 ntio-

348 5353 572 5404 samque
632 5353 692 5392 se
745 5340 1094 5392 transferens.
1161 5337 1446 5401 Caeterum,
1488 5335 1711 5400 addidit,
1765 5351 1921 5391 nemo

350 5433 596 5499 prohibet
623 5429 750 5498 quin
782 5428 952 5482 facias
986 5429 1167 5496 utique
1199 5430 1338 5497 quod
1373 5427 1524 5480 velis.
1557 5427 1653 5480 llic
1683 5426 1920 5481 Sartlen-

349 5527 427 5578 sis
467 5525 532 5575 ad
571 5526 671 5575 hoc
710 5538 769 5574 se
805 5519 1005 5574 moveri
1040 5521 1170 5573 dixit
1206 5534 1367 5572 causa
1415 5519 1634 5572 tollendi
1681 5519 1920 5573 scaudali

349 5612 823 5680 satisfaciendique
875 5609 1158 5663 offensioni
1216 5609 1501 5662 multorum
1560 5608 1696 5663 falso
1747 5610 1812 5662 de
1863 5624 1921 5664 se

353 5708 765 5772 persuasmum,
801 5711 1051 5770 tanquam
1091 5713 1252 5769 penes
1290 5700 1770 5774 ipsum-turbarum
1801 5715 1920 5770 qua:

356 5807 480 5851 tunc
534 5806 687 5849 erant
740 5795 893 5864 culpa
950 5794 1248 5859 resideret;
1307 5803 1416 5847 tum
1476 5794 1608 5847 alias
1659 5801 1917 5864 praeterea

355 5890 596 5943 ncczebat
627 5904 838 5944 causas.
870 5886 997 5940 Eam
1032 5887 1252 5942 verbose
1284 5895 1585 5942 contextam
1617 5886 1916 5942 orationem

2024 4693 2112 4760 qui
2149 4704 2366 4761 postea,
2392 4703 2674 4761 postquam
2710 4691 3096 4762 chartophylax
3133 4692 3336 4755 fuerat,
3365 4693 3595 4760 patriar-

2025 4786 2124 4838 cba
2159 4784 2334 4842 factus
2369 4785 2536 4840 multa
2574 4785 2627 4840 in
2663 4800 2724 4840 ea
2758 4784 3019 4855 dignitate
3054 4785 3232 4852 gravia
3268 4801 3459 4851 passus
3490 4789 3620 4845 est,‘

2025 4885 2080 4929 ut
2123 4876 2237 4931 haec
2281 4889 2464 4929 nostra
2511 4877 2732 4930 historia
2773 4892 2870 4929 suo
2913 4878 3030 4928 loco
3077 4877 3280 4929 reddet.
3313 4874 3594 4928 Somnium

2023 4982 2183 5035 porro
2228 4968 2368 5022 istud
2414 4984 2573 5021 suum
2625 4969 2712 5022 ille
2760 4969 3016 5022 narrabat
3062 4969 3112 5020 in
3160 4967 3302 5020 hunc
3354 4968 3590 5026 modum,

2022 5061 2174 5113 aiens
2209 5060 2380 5113 visum
2411 5061 2510 5114 sibi
2545 5059 2724 5113 videre
2757 5062 3021 5126 principes
3053 5059 3405 5115 ecclesiastici
3441 5059 3591 5112 Ordi-

2023 5153 2107 5205 nis
2150 5151 2200 5204 iu
2245 5154 2398 5219 equis
2442 5151 2749 5205 incedentes
2796 5166 2890 5218 per
2929 5164 3137 5217 aequam
3181 5149 3453 5216 planitiem
3499 5148 3590 5200 lati

2023 5245 2218 5312 Campi,
2251 5243 2410 5310 longo
2444 5244 2620 5312 spatio
2653 5224 2899 5296 conﬁcto
2931 5241 3238 5308 pervenisse
3275 5242 3485 5293 tandem
3525 5242 3590 5291 ad

2020 5337 2192 5404 ripam
2240 5337 2454 5389 maximi
2500 5345 2552 5389 et
2591 5346 2808 5403 aspectu
2856 5333 3108 5388 terribilis
3152 5332 3327 5384 amnis
3370 5346 3592 5400 praeter-

2021 5428 2270 5489 liuentis.
2323 5444 2480 5497 quem
2541 5429 2720 5480 statim
2787 5425 3037 5494 trajicere
3089 5425 3350 5491 ctepcrint
3403 5425 3590 5477 eodem

2021 5520 2208 5574 ordine
2236 5535 2341 5588 quo
2372 5531 2491 5573 sunt
2524 5528 2703 5587 pastea
2740 5517 2955 5579 mortui,
2989 5517 3216 5586 primum
3254 5517 3419 5581 illum,
3451 5515 3592 5570 hunc

2022 5612 2352 5674 secundum,
2381 5619 2434 5663 et
2465 5611 2543 5663 sic
2577 5610 2815 5676 reliquos
2851 5625 2864 5660 :
2905 5625 3008 5662 non
3043 5607 3185 5661 enim
3222 5607 3328 5662 duo
3361 5619 3452 5660 aut
3481 5618 3592 5661 tres

2022 5703 2214 5767 simul,
2247 5705 2338 5757 sed
2381 5703 2576 5771 singuli
2627 5701 2853 5754 seorsim
2904 5701 3262 5770 trajiciehant.
3304 5699 3371 5754 Ut
3407 5712 3588 5753 autem

2024 5797 2137 5864 ipse
2193 5795 2281 5862 qui
2328 5795 2546 5848 videbat
2590 5794 2800 5846 astabat
2846 5802 3092 5857 stupens,
3145 5792 3409 5846 sollici'us
3453 5809 3590 5862 quo-

2024 5888 2184 5942 modo
2235 5901 2284 5944 ct
2339 5891 2452 5957 ipse
2505 5887 2810 5957 trajicet'et,
2863 5885 3076 5942 audisse
3120 5901 3300 5941 recent
3353 5886 3593 5942 aliena-'5
