3952 6560
357 422 455 484 553

1564 417 1885 479 GEORGII
1929 417 2403 480 PACHYMEIUE

3478 416 3588 481 560

379 534 755 607 περαιωθήσῃ.
780 532 894 587 Νῦν
924 533 966 587 δ’
988 533 1239 587 ἀπελθὼν
1275 531 1452 597 σώζου
1485 533 1544 587 ἐν
1568 533 1913 604 πραγμάτων
1945 536 1990 593 Α
2020 532 2170 593 ἐντὸς
2195 531 2341 593 εἴων,
2371 529 2485 582 ἀλλ’
2517 529 2774 599 ἀπήντων
2805 527 3015 599 συχνῶς
3062 528 3415 601 τοξαζόμενοι
3439 533 3592 585 κατὰ

358 630 540 699 ἡμέρᾳ
597 624 1041 696 διατηρούμενος.
1079 644 1098 681 ›
1135 624 1322 688 Οὕτως
1390 623 1576 693 ἔλεγεν
1634 626 1661 677 ό
1714 620 1915 692 τοῦναρ

358 720 481 772 ἰδὼν
513 714 652 788 μετά
689 714 941 786 χρόνους,
991 717 1084 769 καὶ
1117 716 1281 786 ἡμεῖς
1318 714 1612 776 ἀκούοντες
1668 712 1916 782 ἐθαυμά-

354 813 544 879 ζομεν.
588 808 827 869 Ἐκεῖνος
857 806 915 860 δὲ
948 807 1040 861 κοιλ¹
1072 807 1249 869 ἄλλως
1280 804 1589 877 φιλαλήθης
1614 805 1690 857 ὢν
1713 805 1792 867 είς
1826 804 1916 857 πί-

355 920 473 956 στιν
507 900 613 954 τῶν
638 899 949 970 λεγομένων
979 899 1294 971 προσετίθει
1341 899 1433 953 καὶ
1481 900 1667 968 ὅρκον,
1703 896 1919 965 θαυμά-

356 994 467 1058 ζων
509 991 622 1061 ἃμα
656 991 750 1045 καὶ
807 990 869 1041 τὸ
922 989 1022 1059 τῆς
1059 990 1325 1061 Προνοίας
1358 976 1665 1061 δραστικὸν
1710 1004 1769 1039 τε
1825 986 1920 1042 καὶ

354 1083 461 1150 ᾇφυ
471 1099 619 1137 κτον.

353 1194 424 1253 κ’.
458 1195 593 1263 Περὶ
626 1195 734 1263 τῆς
762 1196 913 1250 κατὰ
942 1193 1047 1250 τοῦ
1076 1192 1323 1249 Palatii
1348 1192 1637 1261 φρουρίου
1682 1189 1786 1244 τοῦ
1801 1190 1919 1253 βα-

820 1265 1042 1331 σιλέως
1080 1263 1449 1333 προσϐολῆς.

376 1424 383 1429 _
424 1359 509 1431 [P.
549 1358 643 1429 79]
676 1357 766 1419 Ὠς
818 1355 951 1424 γοῦν
998 1357 1024 1408 ό
1059 1355 1277 1426 κρατῶν
1312 1355 1435 1432 κτὰς
1500 1352 1759 1422 δυνάμεις
1793 1370 1921 1407 συν-

355 1451 580 1521 αγαγὼν
637 1450 845 1515 πολλὰς
889 1448 1058 1512 οὔσας
1116 1446 1209 1501 καὶ
1267 1447 1563 1518 διαφόρους
1596 1446 1674 1517 τῷ
1705 1446 1922 1516 Γαλατᾷ

353 1543 720 1615 προσέϐαλεν,
772 1542 934 1605 αὐτὸς
993 1540 1089 1610 μὲν
1121 1540 1205 1608 ἐφ’
1254 1540 1442 1593 ἱκανὸν
1477 1540 1756 1610 μακρόθεν
1791 1556 1923 1609 σκη-

354 1635 788 1706 νοποιησάμενος
843 1633 933 1703 ἐφ’
976 1630 1182 1702 ὑψηλοῦ
1228 1630 1474 1700 καθῆστο
1528 1630 1819 1701 προσορῶν
1854 1627 1924 1683 τὰ

352 1729 630 1799 δρώμενα,
664 1728 781 1798 ἅμα
819 1726 875 1780 δὲ
906 1726 997 1779 καὶ
1044 1723 1387 1795 πειρώμενος
1415 1722 1750 1785 εὐσύνοπτος
1782 1720 1924 1776 εἶναι

350 1824 462 1884 τοῖς
484 1820 752 1883 ἐναντίοις
791 1817 929 1889 πρὸς
973 1815 1265 1887 ἔκπληξιν,
1311 1814 1603 1886 συνέρρεον
1628 1814 1683 1866 δὲ
1716 1830 1921 1866 παντα-

352 1915 509 1986 χόθεν
539 1914 697 1984 δίκην
739 1912 957 1982 ῥυάκων
1001 1911 1049 1961 οἱ
1098 1908 1361 1977 πολεμεῖν
1394 1905 1700 1976 μέλλοντες,
1730 1908 1825 1958 καὶ
1855 1904 1919 1976 δὴ

350 2009 477 2061 ὅσον
506 2005 757 2075 ἐξωτέρω
787 2001 977 2072 βέλους
1012 1996 1178 2064 εἶναι,
1208 2000 1305 2051 καὶ⁵
1335 1997 1490 2051 αὐτοὶ
1515 1996 1920 2068 σκηνοποιησά-

358 2116 508 2169 μενοι
567 2097 777 2166 ἐτοιμοι
812 2092 1145 2165 προσϐαλεῖν
1186 2085 1349 2160 ἦσαν.
1390 2088 1608 2150 Εὐθέως
1660 2087 1718 2140 δὲ
1750 2104 1924 2158 προσ-

351 2171 515 2252 ϐολὰς
553 2185 843 2242 ἐποιοῦντο
872 2183 1251 2256 μερισθέντες,
1291 2179 1409 2233 ἔστι
1442 2180 1487 2233 δ’
1533 2171 1594 2231 οὗ
1620 2179 1711 2231 καὶ
1741 2196 1922 2247 τειχο-

353 2279 565 2351 μαχικὰ
605 2278 906 2348 στήσαντες
960 2258 1262 2343 ἐπειρῶντο
1306 2269 1400 2323 τοῦ
1432 2272 1672 2340 τείχους.
1705 2269 1920 2339 Πλῆθος

349 2375 391 2426 δ’
429 2371 498 2444 ἦν
537 2370 727 2443 μεῖζον
762 2370 795 2439 ἢ
832 2367 978 2422 κατὰ
1036 2364 1276 2434 πόλεμον
1329 2362 1576 2416 τοιούτου
1611 2360 1878 2434 φρουρίου
1902 2376 1919 2394 ⁸

354 2465 490 2536 πρὸς
521 2466 630 2533 γὰρ
656 2464 770 2523 τοῖς
800 2460 983 2529 ἄλλοις
1036 2456 1254 2518 πολλοῖς
1297 2471 1360 2523 γε
1387 2452 1507 2508 οὖσι
1548 2454 1644 2508 καὶ
1676 2455 1924 2525 ίσχυροῖς

355 2552 628 2626 μάχεσθαι
689 2550 784 2603 καὶ
817 2547 1013 2619 ἄνδρες
1052 2544 1267 2609 τοξόται
1305 2545 1369 2596 ἐκ
1398 2542 1505 2596 τῶν
1524 2544 1667 2596 κατὰ
1690 2543 1925 2596 Νίκαιαν

354 2646 539 2717 μερῶν
569 2645 749 2697 ἐκεῖσε
777 2639 1206 2710 προστάττοντος
1231 2635 1326 2688 τοῦ
1347 2636 1616 2706 βασιλέως
1646 2636 1923 2706 συνήχθη-

353 2754 474 2803 σαν,
502 2737 596 2789 καὶ
624 2731 869 2786 εὐσκοπα
899 2727 1183 2799 βάλλοντες
1212 2724 1335 2778 οὐδὲ
1378 2724 1761 2795 παρακύπτειν
1797 2724 1925 2787 τοὺς

349 2914 570 2970 missam
596 2925 612 2965 :
643 2928 661 2961 ι
689 2907 827 2973 Quid
856 2905 1117 2961 sollicitus
1148 2904 1240 2958 cs?
1271 2901 1385 2956 Non
1422 2912 1474 2955 tu
1506 2902 1663 2955 modo
1695 2900 1927 2970 trajicies

351 3008 494 3061 hunc
537 3001 754 3056 ﬂuvium
799 3016 813 3053 :
860 2999 962 3052 erit
1006 3006 1219 3064 tempus
1260 3009 1367 3063 quo
1407 3000 1461 3048 te
1498 3008 1713 3064 quoque
1754 2992 1925 3062 ipsum

354 3095 703 3151 transfretare
759 3090 1049 3160 oportebit.
1101 3087 1253 3140 Nunc
1310 3084 1493 3140 salvus
1547 3085 1635 3138 abi
1684 3083 1739 3137 in
1786 3083 1926 3137 diem

352 3187 689 3259 negotiorum
722 3189 1045 3237 reservatus.
1084 3197 1103 3231 ι
1138 3178 1229 3235 Sic
1256 3176 1522 3231 referebat
1549 3174 1708 3246 longe
1734 3185 1918 3245 posrea
1945 3204 1991 3267 Ε

350 3285 463 3350 ipse
503 3275 594 3346 qui
638 3273 904 3329 somnium
939 3270 1174 3333 viderat,
1200 3265 1549 3321 audientibus
1583 3272 1635 3319 et
1671 3265 1920 3318 miranti-

351 3376 451 3427 lnts
483 3369 657 3424 nobis.
687 3365 779 3419 ille
805 3372 985 3417 autem
1018 3362 1097 3414 vir
1121 3359 1318 3428 alioqui
1344 3358 1586 3413 veritatis
1614 3371 1826 3422 amans,
1853 3357 1917 3412 ad

349 3464 505 3518 fidem
542 3454 859 3525 adjungebat
883 3454 1281 3521 jnratnentmn,
1315 3449 1588 3505 admirans
1624 3444 1917 3504 Proi'iden-

350 3555 439 3608 tia:
469 3546 831 3604 iueﬁtabilem
863 3543 1175 3597 ellieaciam.

347 3688 437 3742 νο.
477 3686 549 3740 De
579 3682 960 3754 oppugnatione
999 3682 1135 3735 arcis
1165 3679 1375 3736 Galata’
1402 3697 1491 3751 per
1524 3683 1914 3751 imperatorem.

426 3819 584 3888 122
614 3816 718 3871 Sed
752 3814 905 3869 ut'ad
938 3815 1312 3883 imperatorem
1346 3814 1650 3879 redeamus,
1680 3830 1797 3867 cum
1832 3814 1919 3869 ille

350 3915 520 3980 tropus
556 3907 742 3964 multis
774 3906 1046 3974 variisque
1086 3903 1328 3960 collectis
1374 3904 1425 3957 in
1466 3920 1633 3958 unum
1674 3903 1916 3958 Galatam

349 4014 633 4071 aggressus
676 4008 787 4060 est,
826 3996 941 4064 ipse
987 3995 1203 4064 quidem
1250 3996 1444 4047 idoneo
1486 4008 1514 4047 a
1564 3998 1734 4049 muris
1780 3995 1921 4049 arcis

355 4092 636 4147 intervallo
688 4091 796 4143 fixo
838 4087 1119 4157 AuguStaIi
1173 4087 1393 4140 sedebat
1440 4085 1491 4139 in
1544 4086 1663 4140 loco
1708 4086 1921 4140 excelso

348 4185 706 4253 conspicuus,
744 4181 962 4233 intuens
1001 4192 1121 4246 qua:
1167 4179 1511 4245 gerebantur,
1550 4177 1710 4231 simul
1754 4177 1916 4231 etiam

348 4274 639 4327 ostendens
678 4285 799 4325 sese
845 4269 1112 4333 hostibus,
1145 4278 1199 4322 et
1234 4277 1554 4337 expertutus
1590 4268 1781 4336 ecquid
1825 4284 1919 4321 eos

352 4383 446 4417 sua
478 4365 685 4431 species
707 4370 761 4415 et
793 4360 1076 4430 praesentia
1108 4368 1355 4427 terreret.
1377 4358 1733 4413 Confluebant
1761 4360 1920 4414 nudi-

352 4472 458 4523 que
501 4454 890 4507 enm-italorum
929 4452 1035 4506 ritu
1072 4453 1387 4505 torrentium
1424 4453 1781 4520 oppugnaturi
1823 4466 1915 4504 ar-

2024 623 2222 693 στόμα,
2252 624 2432 676 εἵπου
2465 625 2703 689 φανεῖεν.
2754 619 2945 675 Ἰταλοὶ
2992 621 3049 675 δὲ
3084 623 3149 676 ἐκ
3182 623 3432 694 διαδοχῆς
3462 624 3592 679 καθ’

2018 714 2237 783 ἡμέραν
2270 713 2379 765 νέοι
2413 716 2532 775 ταῖς
2561 712 2743 767 ἁλιάσι
2788 710 3288 782 διαπεραιούμενοι,
3347 714 3435 768 διὰ
3486 715 3596 784 τῆς

2022 806 2158 877 πρὸς
2190 803 2438 876 Θαλάσσῃ
2494 805 2669 875 πύλης
2703 805 3137 875 διεκπαιόμενοι,
3169 806 3395 871 ἑαυτοὺς
3427 808 3598 861 είσώ-

2024 896 2172 961 Βουν,
2208 897 2303 951 καὶ
2334 897 2512 964 ξύλοις
2548 897 2807 967 μεγάλοις
2858 897 2919 951 τὸ
2982 900 3132 961 ἐντος
3166 900 3246 962 είς
3284 900 3597 971 περίπατον

2021 989 2425 1059 κρατυνάμενοι
2454 991 2738 1061 καρτερῶς
2766 992 3119 1061 ἀπημύναντο
3146 992 3241 1044 τοῦ
3265 992 3498 1061 τείχους,
3532 991 3597 1056 ἐξ

2021 1072 2095 1131 ῶν
2131 1078 2410 1131 συνέϐαινε
2443 1077 2670 1148 συχνοὺς
2692 1077 3058 1131 καταπίπτειν
3087 1078 3196 1130 τῶν
3228 1076 3331 1142 ἔξω
3359 1078 3420 1141 ἐξ
3444 1078 3479 1131 ἁ
3498 1095 3601 1143 ξα-

2023 1167 2148 1234 νοῢς
2213 1169 2611 1239 βαλλομένουςο
2646 1168 2775 1222 ποσὶ
2820 1169 2933 1240 γὰρ
2992 1169 3294 1239 ἀσφαλέσιν
3350 1170 3594 1229 ἑστῶτες

2022 1262 2279 1332 ἀκμῆτες
2323 1260 2514 1331 ἄνδρες
2548 1262 2612 1313 ἐκ
2638 1259 2891 1331 διαδοχῆς
2922 1260 3046 1331 ἄρτι
3092 1260 3354 1328 φανέντες
3387 1259 3593 1311 ἐνέτει-

2022 1353 2109 1407 νόν
2139 1371 2197 1406 τε
2227 1352 2427 1423 ῥᾳδίως
2453 1352 2522 1405 τὰ
2559 1352 2709 1420 σφίσι
2742 1351 2950 1422 συνήθη
2981 1368 3043 1417 γε
3072 1350 3253 1406 ίοϐόλα
3284 1351 3476 1421 σκεύη,
3497 1351 3600 1403 καὶ

2024 1444 2354 1512 σκεπόμενοι
2384 1446 2506 1506 ταῖς
2534 1442 2795 1507 ἐπάλξεσι
2851 1440 2920 1496 δι’
2973 1441 3125 1496 ὀπῶν
3175 1443 3597 1514 κατηκόντιζον.

2025 1539 2088 1591 Oi
2120 1537 2224 1603 ἔξω
2248 1536 2304 1591 δὲ
2340 1540 2465 1602 ταῖς
2490 1538 2873 1608 τειχομαχίαις
2931 1538 3203 1609 περιῆσαν
3241 1537 3601 1607 πετροϐόλοις

2027 1628 2316 1699 βάλλοντες
2348 1629 2732 1699 μηχανήμασι,
2758 1629 2896 1700 πρὸς
2933 1629 2968 1683 ἂ
3000 1628 3340 1699 κληματίδας
3385 1630 3599 1699 ξυμφο-

2027 1722 2297 1790 ρήσαντες
2329 1718 2389 1784 ἐξ
2413 1720 2679 1789 ἀμπέλων
2713 1722 2809 1772 καὶ
2863 1719 2931 1773 τὰ
2962 1720 3232 1774 πονοῦντα
3261 1720 3369 1773 τῶν
3407 1738 3474 1790 με
3488 1720 3598 1787 ρῶν

2031 1811 2377 1872 πυκάσαντες
2435 1813 2554 1873 ταῖς
2597 1808 2780 1880 βολαῖς
2817 1812 3087 1879 ἀντεῖχον.
3140 1809 3306 1863 Αὐτοὶ
3340 1811 3397 1863 δὲ
3428 1827 3599 1880 προσ·

2024 1902 2449 1964 καταϐαίνοντες
2510 1902 2628 1964 ταῖς
2683 1901 2866 1963 στοαῖς
2899 1899 2961 1953 τὸ
3013 1899 3257 1969 ἀσφαλὲς
3315 1900 3419 1971 μὲν
3448 1905 3597 1953 κατὰ

2023 1991 2268 2060 κεφαλῆς
2294 1994 2358 2044 ἐκ
2390 1991 2497 2045 τῶν
2526 1990 2881 2060 κληματίδων
2913 1986 3083 2062 εἴχον,
3119 1990 3329 2043 ἐκεῖθεν
3359 1992 3418 2045 δὲ
3450 1991 3593 2045 κατὰ

2021 2082 2269 2135 διοπτίαν
2303 2083 2428 2143 ταῖς
2466 2082 2626 2143 ὀπαῖς
2674 2080 2952 2151 χρώμενοι
3000 2080 3075 2143 ῶς
3109 2077 3257 2150 εῐχον
3291 2078 3591 2150 ήμῠνοντο.

2022 2176 2133 2229 Καὶ⁸
2160 2176 2287 2238 τοὺς
2328 2176 2427 2246 μὲν
2492 2174 2698 2242 πλῆθος
2765 2174 3042 2243 καὶίσχύς
3107 2175 3231 2243 μετ’
3297 2172 3593 2244 ἐμπειρίας

2023 2268 2375 2337 παρεκρότει,
2410 2266 2527 2336 ἅμα
2555 2266 2611 2320 δὲ
2648 2267 2742 2321 καὶ
2774 2269 2832 2320 τὸ
2862 2266 3170 2337 ἐφορῶντος
3208 2265 3300 2321 τοῦ
3329 2266 3592 2334 βασιλέως

2026 2357 2321 2428 μάχεσθαι,
2358 2357 2600 2421 Ἰταλοὺς
2628 2358 2683 2411 δὲ
2717 2357 2780 2410 τὸ
2813 2357 3106 2416 σπουδαῖον
3138 2362 3231 2411 καὶ
3277 2357 3592 2418 εὐσύνετον,

2024 2448 2105 2502 ἔτι
2122 2448 2180 2501 δὲ
2200 2449 2294 2503 καὶ
2319 2450 2380 2502 τὸ
2409 2451 2473 2502 ἐκ
2496 2448 2748 2519 διαδοχῆς
2767 2451 2845 2512 είς
2876 2449 3095 2520 ἡμέραν
3125 2446 3589 2517 προκινδυνεύειν,

2023 2540 2238 2594 οἴκοθεν
2266 2540 2652 2611 ὡρμημένους.
2702 2540 2998 2612 Ἐκδρομαὶ
3032 2540 3132 2610 μὲν
3163 2535 3258 2593 οὖν
3291 2539 3391 2593 οὐκ
3415 2540 3594 2606 ἀσφα-

2022 2629 2136 2694 λεῖς
2167 2634 2351 2699 σφίσιν
2383 2627 2523 2702 ἦσαν
2555 2631 2641 2703 [Ρ.
2671 2629 2763 2703 80]
2815 2629 2913 2701 (τῷ
2943 2633 3052 2701 γὰρ
3099 2630 3295 2700 πλήθει
3329 2631 3423 2682 καὶ
3464 2628 3590 2682 λίαν

2024 2722 2264 2792 ἡττῶντο
2291 2723 2400 2776 τῶν
2427 2722 2555 2793 ἔξω)
2581 2761 2596 2787 ,
2632 2722 2807 2793 τόλμῃ
2855 2720 2914 2775 δὲ
2955 2721 3270 2793 τρεφομένῃ
3324 2720 3437 2774 δέει
3466 2737 3595 2789 συγο

2031 2917 2061 2957 e
2094 2900 2253 2973 lignis
2282 2901 2389 2957 alte
2419 2918 2516 2973 per
2540 2919 2729 2974 gyrum
2764 2914 2944 2958 erecto
2973 2905 3337 2965 firmaverant,
3369 2902 3596 2970 indeque

2026 2994 2355 3049 ValidiSsime
2400 2996 2806 3065 propugnabant
2848 3010 3086 3050 murum.
3125 2994 3274 3050 Unde
3318 2994 3593 3064 continge-

2027 3084 2121 3140 bat
2157 3087 2353 3141 multos
2390 3087 2630 3142 exterius
2665 3087 3088 3157 Oppugnantium
3128 3087 3327 3140 cadere
3371 3084 3491 3140 telis
3529 3101 3594 3138 ex

2027 3178 2240 3231 occulto
2297 3178 2476 3247 jactis.
2524 3177 2658 3232 Nam
2711 3179 2935 3247 pedibus
2984 3177 3037 3231 in
3091 3187 3206 3231 tuto
3257 3177 3447 3246 positis
3493 3175 3595 3230 viri

2034 3268 2241 3324 robusti
2274 3270 2431 3325 fessis
2464 3281 2712 3325 recentes
2746 3270 2968 3326 assidue
2999 3270 3213 3326 suffecti
3246 3270 3425 3324 vivido
3456 3285 3597 3324 sem-

2030 3377 2148 3432 per,
2177 3364 2351 3433 qualis
2383 3373 2465 3418 est
2497 3363 2864 3418 inchoantium
2884 3404 2899 3426 ,
2928 3363 3047 3418 nisu
3082 3362 3434 3418 intendebant
3464 3376 3594 3430 quas

2030 3456 2192 3526 longo
2233 3471 2332 3511 usu
2381 3465 2614 3510 tractare
2647 3455 2949 3510 didicerant
2984 3455 3317 3523 catapultas,
3350 3466 3405 3509 et
3435 3456 3593 3508 mxia

2031 3550 2265 3615 pondera
2292 3547 2428 3601 varii
2456 3547 2671 3616 generis
2700 3560 2891 3614 magna
2919 3545 3153 3601 hostium
3182 3548 3419 3621 pernicie
3445 3548 3596 3615 jacu-

2027 3638 2279 3692 labantur
2304 3637 2405 3708 ipsi
2433 3639 2529 3692 tuti
2563 3637 2729 3691 lorica
2760 3651 3058 3697 murorum.
3083 3652 3178 3707 per
3200 3652 3422 3705 quorum
3448 3635 3596 3692 fene-

2028 3729 2199 3783 stellis
2242 3729 2506 3783 hiantium
2542 3729 2915 3784 inobservatas
2949 3730 3111 3783 rimas
3149 3729 3253 3783 tela
3289 3729 3442 3799 123
3481 3731 3596 3784 exi-

2032 3819 2183 3874 tialia
2228 3819 2533 3889 jactabant.
2578 3819 3041 3892 Oppugnantibus
3070 3833 3222 3876 extra
3276 3822 3596 3875 succedebat

2033 3909 2307 3979 negotium
2337 3911 2748 3979 quatiendorum
2782 3916 3062 3978 mmnium,
3088 3926 3206 3981 qua;
3236 3912 3379 3966 δειλίη
3410 3914 3594 3980 ingen-

2033 4002 2175 4055 tibus
2205 3999 2396 4056 balista
2428 4000 2645 4056 intortis
2677 4003 2815 4056 Itaud
2847 4003 3061 4056 innoxie
3092 4004 3405 4071 pulsabant;
3437 4010 3593 4071 atque

2032 4092 2096 4146 ad
2132 4084 2325 4145 horum
2349 4092 2526 4145 labem
2563 4093 2739 4148 scalas
2764 4094 3121 4151 admovebant
3147 4098 3384 4149 materia:
3419 4096 3587 4155 vitem.

2032 4183 2299 4252 protentis
2344 4184 2513 4239 scutis
2557 4193 2741 4253 partes
2788 4186 2981 4241 ictibus
3027 4187 3290 4241 obnoxias
3337 4198 3590 4257 tegentes.

2029 4276 2132 4339 Qui
2175 4290 2297 4330 cum
2341 4276 2421 4332 sic
2462 4278 2528 4331 ad
2571 4293 2811 4334 summas
2857 4281 3112 4335 mmnium
3156 4281 3396 4351 porticus
3434 4281 3595 4335 enitcc

2030 4376 2238 4431 rentur,
2270 4368 2446 4436 Capita
2479 4367 2695 4437 quidem
2733 4373 3140 4425 ascendentium
3180 4375 3232 4426 in
3272 4383 3395 4427 tuto.
3420 4384 3591 4439 erant,

2034 4465 2306 4525 protecta,
2339 4464 2396 4512 ut
2426 4459 2567 4523 dixi,
2601 4459 2806 4530 clypcis
2838 4476 3049 4515 sursum
3085 4464 3328 4518 obVersis
3367 4481 3380 4518 :
3421 4474 3593 4517 tamen

349 4562 469 4599 cem
518 4543 715 4597 milites
761 4544 1064 4610 ducesque;
1113 4548 1167 4593 et
1212 4539 1333 4593 fixis
1377 4551 1528 4593 extra
1579 4539 1668 4592 teli
1710 4539 1916 4607 jattum

2028 4550 2115 4618 qui
2144 4549 2288 4604 intus
2319 4561 2471 4604 erant
2498 4566 2594 4621 per
2616 4553 2940 4619 fenestellns,
2965 4554 3155 4624 quibus
3178 4558 3384 4611 crebris
3412 4558 3595 4610 hiabat

353 4634 721 4691 tabernaculis
765 4633 1027 4703 procincti
1070 4632 1135 4685 ad
1177 4632 1531 4700 irruptionem
1576 4633 1787 4701 signum
1827 4648 1924 4686 ex-

350 4726 690 4796 spectabant.
724 4723 843 4776 Mox
880 4725 933 4776 in
967 4737 1157 4776 manus
1189 4721 1345 4776 divisi
1375 4720 1721 4776 multifariam
1752 4739 1924 4794 oppu-

352 4820 662 4889 gnationern
699 4817 975 4870 incltoattt.
1004 4814 1125 4867 Fuit
1153 4814 1239 4869 ubi
1271 4816 1468 4869 erectis
1502 4816 1763 4869 machinis
1792 4833 1924 4887 qua-

352 4920 527 4963 torent
554 4923 764 4960 murum
792 4920 1245 4974 perrumpereque
1271 4916 1618 4959 conarentur.
1640 4906 1924 4963 Multitudo

355 5013 471 5054 erat
498 5020 528 5051 ιι
551 5000 668 5067 ajor
684 5012 842 5066 quam
867 5011 965 5063 pro
993 4996 1152 5051 unius
1175 4998 1567 5066 oppugnatione
1592 4998 1733 5052 arcis
1758 5021 1769 5053 ;
1800 5016 1920 5051 nam

355 5103 553 5162 praeter
599 5090 733 5144 alios
785 5102 913 5143 sane
957 5089 1154 5142 multos
1196 5104 1258 5142 ac
1306 5089 1540 5143 Valentes
1584 5091 1845 5160 sagittarii
1894 5107 1924 5146 e

350 5185 595 5255 partibus
629 5182 774 5236 circa
804 5179 1036 5234 Nicaeam
1073 5183 1278 5234 evocati
1315 5181 1383 5234 ab
1420 5180 1744 5250 imperatore
1790 5184 1921 5237 ade-

354 5285 497 5337 rant,
528 5275 620 5343 qui
658 5274 859 5328 assueti
897 5271 1169 5326 collimarc
1200 5274 1265 5325 ad
1296 5287 1517 5341 scopum
1554 5276 1821 5328 nentlnem
1854 5289 1921 5328 cx

353 5380 481 5420 arce
513 5374 678 5432 caput
701 5378 733 5419 e
761 5378 918 5418 tnuro
950 5365 1167 5431 impune
1194 5365 1446 5418 sinebant
1473 5371 1775 5429 ostentare,
1806 5364 1920 5417 ubi-

355 5472 569 5525 cunque
612 5456 791 5525 quivis
839 5457 1207 5526 apparuisset,
1238 5457 1419 5510 statim
1468 5472 1589 5510 cum
1632 5457 1686 5511 in
1728 5457 1920 5511 laeieni

354 5551 521 5604 misso
550 5548 730 5616 jaculo
760 5558 1022 5617 petentes.
1048 5546 1118 5600 At
1147 5547 1262 5601 itali
1300 5549 1452 5602 novis
1484 5563 1549 5603 ex
1587 5550 1718 5603 urbe
1744 5551 1920 5619 quoti-

351 5641 440 5696 die
489 5655 587 5710 per
636 5640 956 5708 piscatorias
1003 5620 1280 5693 naviculas
1323 5640 1646 5710 juvenibus,
1687 5641 1777 5708 qui
1826 5655 1923 5710 per

349 5735 495 5787 vices
542 5731 631 5785 alii
674 5731 795 5785 aliis
833 5732 1187 5786 succederent
1219 5740 1272 5785 et
1303 5732 1529 5785 conferti
1566 5743 1717 5800 porta
1758 5734 1921 5786 mari-

353 5824 479 5879 ti-ma
518 5826 901 5893 i:rumperent,
934 5824 1216 5879 submissis
1249 5824 1568 5893 ponztnrium
1602 5823 1751 5879 intus
1781 5825 1921 5881 ratio

2031 4654 2247 4704 murus,
2284 4642 2621 4698 collimantes
2678 4646 2776 4698 tcln
2827 4647 2974 4701 varie
3018 4649 3313 4716 nocebant,
3350 4649 3592 4703 defensa.

2030 4732 2270 4802 ltantquc
2308 4749 2484 4787 arcem
2529 4750 2625 4804 pro
2668 4736 2833 4790 virili.
2869 4735 3092 4792 Nostros
3135 4754 3232 4792 sua
3283 4741 3594 4806 multitudo,

2027 4835 2138 4877 tum
2187 4826 2355 4879 virtus
2398 4827 2612 4880 conscia
2656 4829 2956 4897 peritiaque
3004 4830 3123 4884 belli
3173 4831 3469 4897 animabat,
3504 4832 3595 4887 srd

2026 4926 2153 4970 ante
2200 4916 2380 4969 omnia
2442 4908 2782 4987 imperatoris
2835 4921 3114 4987 prasentis
3167 4931 3423 4993 a—pectus
3473 4924 3598 4992 quid

2029 5009 2258 5078 quisque
2312 5009 2553 5075 praeclari
2611 5009 2816 5065 faceret
2866 5027 3049 5067 coram
3104 5016 3261 5068 Oculo
3316 5018 3598 5085 signantia.
3654 5074 3665 5079 ,

2032 5097 2194 5154 Italos
2226 5117 2355 5155 suus
2390 5101 2552 5155 ardor
2583 5103 2769 5170 utique
2803 5119 2902 5173 pro
2936 5107 3045 5160 aris
3081 5104 3326 5177 ferisque
3360 5103 3601 5178 pugnaui

2029 5192 2196 5253 tium,
2231 5192 2629 5261 pra'sentiaque
2663 5197 2872 5251 solertis
2904 5201 3104 5265 animi,
3141 5203 3438 5271 praesertim
3475 5214 3600 5258 vero
3646 5266 3655 5277 ο

2025 5297 2275 5352 receptus
2332 5286 2594 5341 fossorum
2643 5288 2850 5355 facilis,
2898 5303 3162 5362 stataeque
3209 5294 3407 5363 quietis
3458 5296 3599 5350 iices

2028 5376 2377 5431 successione
2423 5380 2731 5447 quotidiana
2783 5385 3116 5447 recentium,
3168 5397 3277 5438 tum
3326 5399 3597 5440 certamen

2025 5467 2296 5535 quoddam
2332 5469 2524 5534 laudis,
2553 5473 2863 5528 verentibus
2891 5490 3104 5544 semper
3132 5477 3224 5546 qui
3253 5477 3506 5532 subibant
3534 5492 3600 5533 ne

2024 5558 2261 5628 impares
2299 5561 2685 5617 decedentibus
2720 5567 3102 5620 succenturiati
3142 5568 3473 5635 viderentur,
3505 5572 3598 5624 lir-

2027 5653 2269 5716 mabnnt,
2299 5656 2773 5725 accendebantque
2801 5658 2852 5710 in
2882 5673 3057 5713 actem
3091 5661 3442 5728 pertinaciam
3470 5663 3598 5718 resi-

2025 5742 2220 5797 stendi.
2257 5742 2321 5797 Et
2354 5747 2671 5815 eruptiones
2705 5750 2921 5816 quidem
2964 5753 3096 5821 ipsis
3140 5754 3281 5809 haud
3327 5766 3481 5809 erant
3509 5770 3597 5810 se-

2026 5849 2190 5903 cum,
2228 5836 2570 5895 multitudine
2605 5840 2871 5911 siquidem
2906 5843 3265 5901 obsidentium
3299 5849 3597 5904 obrueban-
