3952 6552
312 490 405 555 εει

1251 492 1347 550 DE
1388 486 1778 549 MICHAELE
1817 484 2282 546 PALA‘IOLOGO
2325 484 2472 543 LIB.
2518 484 2595 543 II.

3444 480 3545 541 5:2

308 600 663 673 κροτούμενοι
724 601 996 672 ὁσημέραι
1048 600 1461 672 διεκαρτέρουν.
1498 598 1676 666 Ἀγὼν
1715 598 1759 651 δ’
1793 592 1863 667 ἦν
1896 595 2155 664 Αλογίαν
2204 595 2457 666 εὐπρεπῆ
2519 590 2839 663 καταλείψοι
2900 592 2975 656 ὡς
3024 589 3119 645 καλ⁴
3191 588 3353 643 πάλιν
3420 581 3547 640 κατ’

307 689 663 757 ἀμφοτέροις,
695 691 810 752 τοῖς
839 690 938 758 μὲν
963 688 1056 743 τοῦ
1084 688 1417 757 κρατοῦντος
1462 688 1604 742 ἑλεῖν
1627 688 1701 751 ὡς
1740 689 1775 742 ἃ
1787 706 1865 757 μα

306 779 383 846 τῷ
407 778 660 849 φρουρίῳ
690 779 788 851 τὴν
819 779 976 833 πόλιν
1004 780 1211 847 ἕξουσι,
1239 782 1354 843 τοῖς
1403 778 1448 831 δ’
1498 779 1753 848 ἀντέχειν
1794 778 1870 841 ὡς

308 870 792 941 συναπολλυμένης
835 869 894 936 ἐξ
936 871 1186 941 ἀνάγκης
1232 871 1308 940 τῷ
1342 871 1591 940 φρουρίῳ
1629 870 1730 939 τῆς
1772 870 1873 922 πό-

305 962 461 1024 λεως.
500 964 763 1032 Κατήντα
789 963 836 1017 δ’
865 965 899 1033 ἡ
933 964 1081 1033 μάχη
1139 962 1726 1033 σφίσιδιαχρονίζουσι
1763 979 1873 1031 μα-

307 1052 564 1119 χομένοις
591 1057 707 1117 τοῖς
740 1057 839 1124 μὲν
879 1057 1011 1122 περὶ
1034 1055 1126 1108 τὸν
1181 1053 1407 1124 βασιλέα
1453 1057 1534 1115 είς
1564 1052 1698 1107 αίδὼ
1731 1070 1869 1123 προς

306 1143 450 1212 φανῆ
486 1144 583 1197 τοῦ
625 1145 701 1214 μὴ
732 1146 1120 1216 περιγενέσθαι
1151 1146 1422 1216 φρουρίου
1491 1146 1585 1199 ἐπὶ
1615 1145 1874 1199 τοσοῦτον

308 1235 655 1303 μαχομένους
686 1237 841 1290 τόσον
868 1237 1072 1306 πλῆθος
1103 1236 1257 1289 οὐδὲν
1291 1236 1495 1306 σεμνὸν
1530 1235 1747 1306 ἔχοντος
1779 1233 1875 1287 καί

302 1346 445 1380 τισιν
477 1329 683 1396 ὀλίγοις
718 1328 1250 1397 διαφυλαττομένου,
1307 1329 1422 1393 τοῖς
1452 1329 1498 1381 δ’
1540 1328 1763 1391 Ἰταλοῖς
1793 1329 1875 1391 είς

305 1419 622 1488 φιλοτιμίαν
641 1418 736 1472 τοῦ
764 1422 954 1484 τόσους
988 1423 1062 1493 μὴ
1094 1420 1482 1490 περιγενέσθαι
1511 1421 1877 1491 παρασκευά-

309 1527 395 1563 σαι
421 1510 620 1572 αὐτοὺς
644 1510 862 1576 ὀλίγους
906 1509 1067 1573 ὄντας
1096 1510 1171 1573 ὡς
1207 1511 1341 1582 μηδὲ
1384 1511 1594 1580 τολμᾷν
1642 1509 1877 1575 ἐξιέναι,

308 1602 424 1670 ἅμα
455 1601 510 1653 δὲ
535 1600 633 1653 καὶ
658 1599 756 1653 τοῦ
792 1602 959 1654 αὐτὸν
995 1600 1221 1672 βασιλέα
1248 1601 1400 1664 δόξαι
1433 1603 1596 1671 νικᾷν
1625 1600 1722 1654 καὶ
1776 1600 1881 1653 πᾶ-

309 1708 405 1746 σαν
441 1693 540 1763 τὴν
574 1692 736 1745 αὐτοῦ
768 1692 1000 1764 δύναμιν
1052 1694 1153 1747 ἐπὶ
1168 1695 1333 1747 ταυτὸ
1358 1693 1717 1747 συνελθοῦσαν
1738 1692 1878 1763 ἅμα.

304 1783 442 1834 Τότε
480 1782 613 1850 γοῦν
647 1783 858 1836 πολλῶν
920 1783 1045 1837 καθ’
1096 1783 1311 1854 ἡμέραν
1382 1785 1447 1836 ἐκ
1505 1783 1600 1836 τοῦ
1667 1783 1884 1853 τείχους

310 1874 671 1943 βαλλομένων
729 1894 788 1929 τε
823 1878 948 1941 ,καὶ
978 1877 1288 1930 πιπτόντων
1318 1877 1553 1940 ίοόόλοις
1596 1872 1880 1948 μεγίστοις

308 1970 637 2034 μαγγάνοις,
695 1967 836 2020 ὥστε
868 1967 965 2020 καὶ
997 1969 1301 2033 οἰκτίζοντο
1333 1969 1880 2043 κατειρωνευόμενοι.

198 2062 215 2071 “
309 2058 383 2128 μὴ
417 2059 670 2122 θέλοντες
696 2059 936 2129 βάλλειν,
963 2060 1080 2113 ἀλλ’
1110 2056 1468 2129 ἀποπέμπειν
1491 2062 1582 2114 τὸν
1605 2062 1757 2125 ἐντὸς
1792 2060 1886 2114 τοῦ

307 2150 504 2220 βέλους
537 2153 685 2205 ἰόντα
716 2153 805 2205 διὰ
841 2153 939 2223 τὴν
973 2153 1278 2222 ἐγγύτητα,
1318 2155 1394 2217 ὡς
1424 2156 1490 2225 τῇ
1522 2155 1769 2222 γυναικὶ,
1811 2153 1887 2218 ὡς

305 2243 521 2310 ἔλεγον,
546 2244 889 2309 διασώζοιτο,
919 2244 1014 2298 καὶ
1050 2244 1169 2313 ἅμα
1210 2247 1400 2315 φήμης
1432 2245 1787 2317 διαχυθείσης
1814 2247 1890 2311 ὡς

310 2335 369 2400 ἐξ
396 2335 715 2406 ἀποστολῆς
754 2334 1068 2407 ἐπέστησαν
1123 2338 1272 2390 ἄλλοι
1307 2336 1555 2390 πλεῖστοι
1614 2338 1710 2391 καὶ
1736 2341 1889 2410 ἰσχυ-

311 2427 424 2496 ροὶ,
452 2426 850 2499 ὑπερπαθήσας
880 2424 994 2481 οἷον
1028 2429 1116 2481 διά
1142 2445 1202 2480 τε
1256 2428 1316 2481 τὸ
1354 2429 1450 2481 τοῦ
1475 2429 1648 2483 κόπου
1710 2430 1889 2497 κενὸν,

309 2522 405 2572 καὶ.
438 2521 577 2589 μετὰ
635 2519 733 2591 τὴν
793 2521 905 2573 τῶν
961 2521 1239 2576 πεσόντων
1286 2521 1562 2593 ἀποϐολὴν
1596 2525 1643 2575 εἰ
1674 2524 1771 2577 καὶ
1794 2524 1891 2593 γέ-

310 2612 462 2665 λωτα
493 2610 665 2682 ὣρλει
698 2613 772 2682 μὴ
812 2612 1206 2684 καταπράξας,
1280 2615 1422 2682 ἔγνω
1456 2616 1761 2669 καταλύειν
1800 2617 1892 2669 τὸν

312 2707 580 2775 πόλεμον,
614 2706 753 2777 πλὴν
788 2707 849 2760 οὐ
896 2708 1036 2761 κατὰ
1099 2707 1394 2779 συνθήκας,
1426 2709 1492 2762 ἵν’
1529 2710 1710 2781 ἑαυτῴ
1762 2710 1896 2763 ἁπο-

316 2890 431 2935 tur.
464 2881 703 2935 Audacia
748 2891 925 2937 tamen
962 2884 1213 2949 vigebant
1255 2885 1587 2955 quotidianis
1627 2888 1733 2943 alta
1776 2905 1900 2946 suc-

317 2971 571 3027 cessibus
602 2974 1017 3044 oppugnationis
1047 2975 1305 3031 hactenus
1337 2979 1454 3034 sine
1486 2994 1621 3033 noxa
1662 2982 1901 3035 tolerata:

316 3055 521 3110 obnixa
581 3060 852 3130 utrimque
914 3065 1089 3118 studia
1153 3064 1437 3132 vincendi,
1496 3083 1590 3136 spe
1648 3082 1901 3139 metuque

318 3145 653 3204 inﬂammata
687 3150 1000 3221 contrariis,
1028 3157 1369 3224 sperantibus
1396 3158 1645 3213 videlicet
1678 3164 1898 3225 nostris,

1915 1935 1958 1990 Β

1971 690 2178 758 ἀγαθὰς
2212 686 2435 751 ἐλπίδας
2464 686 2884 758 ἐπιθησόμενος.

1973 804 2079 860 κα’.
2112 803 2252 873 Περὶ
2287 802 2392 857 τοῦ
2446 802 2664 870 νεκροῦ
2700 800 2808 873 τοῦ
2856 798 3181 865 βασιλείου
3216 796 3553 866 Βουλγαρο-

2643 872 2886 925 κτόνου.

2046 967 2179 1021 Τότε
2209 966 2266 1019 δέ
2288 981 2432 1026 τινες
2459 962 2572 1017 τῶν
2599 960 2817 1015 οἰκείων
2846 959 2921 1030 τῷ
2945 959 3154 1030 βασιλεί
3193 958 3313 1012 κατ’
3363 956 3553 1010 ἄνεσιν

1976 1057 2260 1129 διατριϐῆς
2284 1055 2591 1121 ἐξελθόντες
2625 1053 2932 1122 ἐπέστησαν
2956 1054 3021 1122 τῇ
3055 1049 3196 1104 κατὰ
3233 1049 3325 1102 τὸν
3360 1046 3553 1112 Ἕϐδο-

1981 1168 2079 1221 μον
2107 1147 2198 1202 τοῦ
2231 1146 2483 1215 θεολόγου
2512 1149 2675 1217 μονῇ,
2706 1144 2876 1214 ὄνομα
2922 1144 3100 1214 μόνον,
3141 1141 3202 1194 οὐ
3229 1140 3413 1211 σχῆμα
3460 1156 3559 1191 σω-

1979 1239 2145 1312 ζούσῃ
2209 1237 2410 1309 μονῆς,
2454 1238 2549 1290 καὶ
2614 1236 2705 1290 τὸν
2768 1237 2948 1290 ἐκεῖσε
3018 1234 3143 1287 ναὸν
3203 1232 3557 1292 εἰσελθόντες,

1979 1333 2315 1403 ἠρειμμένον
2354 1332 2445 1385 καὶ
2485 1330 2672 1386 τοῦτον
2711 1331 2806 1385 καὶ
2828 1331 2907 1393 εἰς
2962 1324 3292 1396 θρεμμάτων
3361 1321 3558 1395 [P.8l]

1979 1423 2207 1477 ἔπαυλιν
2237 1424 2386 1490 ὄντα,
2414 1427 2508 1479 xa‘t
2541 1425 2662 1495 τῇδε
2698 1424 2921 1475 κάκεῖσε
2949 1417 3411 1491 περιϐλεπόμενοι
3467 1415 3560 1467 καὶ

1979 1513 2040 1567 τό
2077 1531 2207 1567 ποτε
2234 1514 2328 1567 τοῦ
2359 1516 2488 1570 ναοῦ
2518 1515 2715 1578 κάλλος
2746 1515 2810 1567 ἐκ
2855 1512 2963 1565 τῶν
3022 1509 3295 1577 λειψάνων
3351 1505 3566 1574 θαυμά-

1982 1605 2165 1671 ζοντες
2191 1601 2351 1677 (ἦσαν
2378 1608 2422 1660 δ’
2450 1607 2596 1661 οῦτοι
2628 1608 2678 1660 οἱ
2726 1606 2852 1679 περὶ
2906 1603 2997 1656 τὸν
3041 1600 3414 1670 Ἰατρόπουλον
3455 1599 3566 1666 Δη-

1986 1697 2214 1767 μήτριον
2246 1698 2340 1751 καλ⁹
2369 1695 2657 1765 λογοθέτην
2688 1694 2809 1748 τότε
2850 1692 2959 1746 τῶν
3006 1687 3324 1759 οἰκειακῶν)
3363 1688 3565 1756 ὁρῶσιν

1984 1786 2179 1857 αἴφνης
2204 1785 2343 1841 κατὰ
2396 1786 2602 1856 γωνίαν
2659 1784 2948 1854 ἱστάμενον
2994 1782 3185 1852 ἀνδρὸς
3240 1779 3409 1832 πάλαι
3478 1795 3568 1830 τε-

1988 1877 2218 1941 θνεῶτος
2241 1878 2494 1946 λείψανον
2525 1876 2820 1946 ὁλόκληρον
2859 1876 2954 1928 καὶ
3003 1873 3066 1925 τὸ
3108 1873 3216 1925 πᾶν
3285 1868 3571 1938 ὀλομελὲςε

1989 1970 2197 2039 γυμνὸν
2228 1971 2283 2032 ἐς
2312 1970 2481 2032 πόδας
2509 1970 2573 2022 ὲκ
2602 1967 2865 2037 κεφαλῆς.
2908 1963 3031 2036 Εἶχε
3049 1964 3105 2017 δὲ
3147 1964 3240 2017 καὶ
3300 1962 3392 2015 ἐπὶ
3452 1960 3573 2013 στό-

1992 2080 2161 2134 ματος
2212 2062 2469 2133 καλάμην
2519 2046 2848 2132 ποιμένικῆς
2907 2058 3187 2128 σύριγγος,
3228 2058 3305 2120 εἰς
3371 2054 3574 2126 χλεύην

1989 2154 2150 2208 τινῶν
2187 2153 2331 2207 οὕτω
2358 2152 2703 2223 ποιησάντων
2733 2144 2814 2215 οἷς
2843 2148 3005 2220 ἔμελε
3045 2148 3407 2218 θρεμμάτων.
3482 2146 3575 2207 Ὠς

1990 2246 2034 2299 δ’
2063 2245 2261 2309 ἰδόντες
2290 2244 2603 2315 ἐθαύμαζον
2631 2244 2728 2314 μὲν
2780 2240 2878 2313 τὴν
2916 2240 3009 2294 τοῦ
3064 2238 3322 2308 λειψάνου
3378 2236 3573 2305 ὀλομέ-

1954 2366 1961 2369 ι
1990 2339 2161 2402 λειαν,
2191 2337 2486 2409 διηπόρουν
2514 2337 2571 2390 δὲ
2603 2331 2814 2399 οὗτινος
2854 2335 2919 2389 ἂν
2951 2334 3043 2387 καὶ
3078 2333 3163 2404 είη
3226 2333 3254 2385 ό
3311 2333 3573 2401 πεπηγὼς

1995 2432 2203 2495 ἐκεῖνος
2235 2433 2329 2485 καὶ
2355 2430 2435 2485 ἔτι
2476 2433 2553 2493 είς
2581 2430 2741 2501 σῶμα
2763 2429 3157 2494 συνιστάμενος
3189 2425 3340 2496 χοῦς,
3377 2424 3578 2497 ὁρῶσιν
3648 2430 3655 2437 “

1994 2525 2059 2577 ἐκ
2084 2523 2275 2590 δεξιῶν
2297 2524 2357 2577 τὸ
2379 2524 2636 2594 κενήριον
2669 2523 2763 2575 καὶ
2820 2521 2907 2573 ἐπ’
2954 2521 3102 2589 αὐτῷ
3157 2521 3579 2591 γεγραμμένους

1996 2616 2208 2686 στίχους
2249 2613 2540 2685 δηλοῦντας
2560 2614 2652 2668 τὸν
2679 2614 2955 2685 κείμενον.
2990 2609 3101 2666 Ἦν
3127 2607 3303 2678 οὗτος,
3341 2612 3417 2675 ὡς
3451 2611 3576 2681 ἐδη-

1992 2708 2086 2763 λου
2132 2708 2201 2762 τὰ
2220 2706 2595 2780 γράμματα,ό
2621 2688 3089 2776 Βουλγαροκτόνος
3131 2704 3430 2766 Βασίλειος.
3497 2706 3582 2764 Ὠς

2000 2879 2315 2946 constituit,
2365 2879 2460 2935 sed
2515 2879 2653 2934 citra
2705 2878 3119 2934 conventionem
3173 2894 3293 2932 cum
3348 2878 3587 2934 ObSCSsiS

1994 2972 2184 3039 ullam,
2214 2972 2266 3026 id
2303 2974 2368 3025 ad
2400 2970 2835 3041 qualemcunque
2863 2970 3152 3024 valiturum
3181 2970 3582 3034 excusationem

2006 3076 2321 3130 autumans,
2351 3064 2504 3134 quasi
2536 3079 2640 3118 non
2674 3073 2780 3117 tam
2814 3063 3092 3116 omitteret
3124 3063 3393 3131 inceptum
3426 3077 3584 3131 quam

2004 3156 2059 3210 in
2093 3166 2309 3225 tempus
2331 3155 2693 3225 opportunius
2722 3153 2988 3220 dili‘erret,
3015 3170 3136 3209 cum
3171 3154 3244 3209 rei
3276 3157 3587 3224 prosperius

319 3238 364 3291 si
416 3255 602 3295 arcem
647 3257 1053 3314 expugnarent,
1096 3248 1281 3302 urbem
1335 3251 1516 3304 statim
1565 3252 1898 3321 dedendam,
1929 3273 1970 3331 ρ
2007 3249 2273 3305 tentanda:
2308 3264 2367 3303 se
2394 3246 2621 3302 offerret
2646 3248 2884 3303 occasio.

322 3329 573 3397 Latinis,
605 3336 746 3403 quod
789 3335 890 3392 bne
934 3338 1108 3408 ipsum
1155 3339 1436 3407 timerent,
1476 3343 1664 3397 ultimo
1708 3355 1902 3399 cenatu

319 3424 659 3480 certantibus
683 3442 753 3481 ne
781 3427 909 3481 urbs
941 3428 994 3481 in
1024 3443 1150 3484 arce
1180 3440 1483 3500 caperetur.
1512 3431 1905 3504 Longissimum

321 3527 454 3569 vero
482 3519 945 3584 perseverantiam
980 3530 1168 3574 neutra
1206 3535 1270 3575 ex
1305 3532 1458 3591 parte
1490 3525 1701 3579 remissi
1741 3526 1907 3590 prmlii

321 3606 378 3660 in
422 3608 747 3677 imperatore
788 3611 1004 3677 quidem
1048 3613 1358 3668 obstinabat
1392 3616 1564 3682 pudor
1598 3631 1703 3670 non
1740 3631 1909 3684 capue

322 3707 476 3750 tanto
508 3706 752 3769 tempore
786 3716 815 3754 a
851 3709 959 3756 tam
996 3704 1178 3758 umltis
1210 3713 1323 3760 toto
1357 3706 1559 3775 impetu
1592 3720 1911 3777 oppugnatae

328 3790 472 3844 baud
527 3790 911 3849 l‘amOsissimat
961 3796 1316 3867 ejusdemque
1367 3812 1397 3850 a
1450 3800 1634 3867 paucis
1682 3799 1913 3854 defensae

331 3881 654 3935 munitionis
673 3921 689 3945 ,
719 3881 773 3936 in
805 3883 953 3940 italis
982 3899 1112 3940 vero
1148 3887 1375 3942 ambitio
1409 3888 1700 3958 gloriaeque
1730 3892 1911 3954 ardor,

329 3971 520 4038 ingens
565 3973 671 4028 sibi
713 3975 878 4031 decus
923 3976 1039 4033 fore
1082 3978 1245 4051 125
1287 3981 1671 4045 cernentibus,
1702 3998 1759 4036 se
1805 3992 1911 4038 tam

330 4078 531 4133 paucos
555 4075 617 4121 ut
639 4069 853 4137 prodire
884 4086 987 4124 non
1017 4074 1301 4137 auderent,
1329 4076 1398 4128 ab
1427 4074 1715 4145 ingruente
1742 4079 1911 4134 unde-

330 4172 551 4228 cunque
599 4160 980 4219 innumerabili
1034 4165 1379 4222 multitudine
1426 4170 1669 4243 superati
1720 4174 1914 4241 nequi-

334 4250 510 4313 visse,
542 4251 852 4308 blandiente
894 4268 1184 4325 praeterea,
1215 4258 1259 4311 si
1291 4260 1358 4312 ad
1392 4271 1694 4314 extremum
1730 4263 1914 4318 invicti

333 4337 619 4409 durarent,
647 4359 744 4411 spe
780 4360 886 4399 non
914 4361 1059 4402 vane
1085 4350 1352 4417 gloriandi
1387 4364 1704 4420 prasentem
1740 4356 1914 4424 ipsum

229 4496 246 4514 ⁵
332 4435 636 4501 Angustum
681 4450 806 4490 cum
850 4441 1056 4494 coactis
1097 4441 1150 4495 in
1190 4456 1357 4496 unum
1400 4445 1673 4501 universis
1709 4447 1917 4516 imperii

336 4525 543 4579 viribus
572 4524 888 4583 Latinorum
918 4546 1081 4599 parva
1116 4548 1277 4588 manu
1303 4534 1618 4593 debellatus.
1649 4540 1915 4594 Cmterum

2040 3384 2133 3441 2i.
2168 3383 2243 3439 De
2269 3384 2523 3438 cadavere
2557 3382 2891 3454 imperatoris
2928 3380 3120 3435 Basilii
3149 3381 3552 3454 Bulgaroctoni.

2078 3522 2348 3591 Tempore
2378 3521 2533 3576 istius
2559 3518 2754 3575 obsidii
2789 3518 3011 3588 quidam
3052 3533 3118 3573 ex
3155 3518 3355 3573 familia
3409 3518 3583 3587 impe-

2011 3612 2210 3669 ratoris
2243 3612 2694 3681 circumquaque,
2734 3618 2793 3664 ut
2828 3611 2907 3675 tit,
2942 3620 3236 3682 evagantes
3270 3611 3436 3664 animi
3470 3624 3591 3679 gra-

2012 3703 2088 3758 tia
2119 3704 2457 3759 devenerunt
2493 3703 2546 3756 in
2589 3701 2827 3772 theologi
2860 3702 3274 3764 monasterium,
3308 3701 3359 3755 in
3400 3701 3597 3755 subur-

2012 3794 2102 3850 bio
2129 3795 2218 3849 cui
2251 3808 2447 3848 nomen
2480 3791 2817 3847 Hebdomum
2853 3792 3045 3847 situm.
3072 3791 3369 3862 Supererat
3397 3808 3595 3847 nomen

2012 3888 2189 3942 solum
2234 3885 2570 3949 monasterii,
2622 3884 2795 3940 forma
2844 3888 2963 3954 ejus
2998 3886 3143 3939 omni
3190 3885 3362 3940 ruinis
3395 3886 3592 3942 deleta.

2016 3981 2097 4034 illi
2130 3979 2392 4048 templum
2427 3979 2570 4047 quod
2610 3977 2682 4032 ibi
2736 3976 2913 4030 fuerat
2969 3978 3224 4045 ingressi,
3262 3978 3594 4032 destructum

2017 4082 2071 4126 et
2102 4072 2279 4139 ipsqu
2308 4078 2363 4124 et
2401 4069 2453 4121 in
2484 4068 2759 4123 stabulum
2784 4077 3154 4123 armentorum
3178 4078 3462 4133 mutatum,
3494 4071 3599 4124 huc

2018 4164 2252 4233 illucque
2285 4160 2741 4217 circumferebant
2779 4162 2989 4224 oculos,
3020 4176 3051 4215 e
3090 4161 3386 4216 miserabili
3416 4164 3598 4231 specie

2018 4257 2400 4326 reliquiarum,
2433 4262 2637 4324 quanta
2673 4253 2873 4309 luisset
2906 4254 3049 4308 illius
3083 4269 3206 4308 cum
3231 4254 3408 4308 adhuc
3428 4263 3596 4307 starct

2017 4351 2152 4404 tedis
2184 4363 2355 4403 sacrae
2378 4347 2753 4418 pulchritudo,
2778 4361 2883 4400 non
2908 4348 3026 4402 sine
3051 4346 3411 4401 admiratiOue
3439 4345 3596 4415 125

2020 4442 2253 4512 quadam
2289 4440 2640 4495 aestimantes.
2680 4438 2808 4492 Erat
2839 4439 2890 4492 in
2931 4439 3015 4492 bis
3065 4438 3372 4505 IatrOpulus
3401 4438 3597 4491 Deme-

2025 4534 2160 4587 trius
2206 4532 2480 4601 logotbeta
2530 4541 2661 4587 tune
2717 4530 3162 4585 domesticorum.
3215 4528 3292 4583 Ita
3363 4534 3602 4585 circum-

337 4621 767 4685 oppugnantittm
820 4623 1063 4690 quotidie
1114 4625 1396 4694 plurimis,
1439 4630 1562 4684 telis
1609 4629 1918 4699 ingentibus
1950 4622 1993 4678 D
2022 4623 2394 4693 spectantibus
2437 4632 2661 4692 apparet
2704 4620 3003 4692 improviso
3034 4622 3086 4673 in
3119 4622 3352 4689 quodam
3403 4624 3599 4686 angulo

264 4791 268 4795 I
338 4709 732 4777 catapultarum
760 4725 823 4765 ex
856 4712 1069 4768 crebris
1099 4718 1237 4768 muri
1274 4718 1487 4793 lissnris
1517 4722 1734 4775 assidue
1761 4723 1920 4791 jacu-

340 4797 355 4850 l
394 4797 596 4861 ntium,
628 4803 980 4869 cadentibus,
1010 4805 1311 4860 addebatur
1354 4808 1644 4864 ludibrium
1689 4814 1933 4878 daumo,

340 4892 503 4944 etiam
535 4892 888 4950 illudentibus
918 4910 981 4951 ex
1018 4906 1135 4951 tuto
1164 4899 1535 4965 libratoribus,
1559 4912 1614 4956 et
1639 4919 1800 4974 quem
1835 4905 1921 4958 in-

344 4992 422 5036 tra
452 4986 656 5050 jactum
693 5000 790 5055 per
823 4987 1132 5045 fenestellas
1165 4993 1481 5057 cernebant,
1515 5009 1580 5048 ex
1619 4997 1919 5065 propinquo

343 5074 722 5142 compellatum
770 5078 976 5133 ironica
1023 5080 1396 5136 misericordia
1446 5082 1637 5138 timere
1685 5091 1916 5142 vetanti-

344 5165 444 5219 bus
485 5183 503 5220 :
549 5168 690 5222 baud
733 5169 874 5224 enim
915 5185 1036 5226 sese
1076 5171 1253 5240 ipsum
1296 5182 1569 5245 utcunque
1609 5178 1919 5248 contiguum

350 5259 453 5311 telo
480 5261 768 5328 petituros,
799 5276 868 5316 ne
899 5271 1007 5316 tam
1038 5264 1211 5319 bellus
1237 5265 1317 5347 vir
1342 5268 1612 5321 uxorculze
1638 5285 1749 5323 sure
1776 5272 1920 5339 peri-

349 5363 448 5405 ret.
476 5352 653 5421 Super
690 5354 802 5407 baec
836 5368 1023 5421 sparsa
1062 5357 1201 5410 fama
1237 5368 1317 5411 est
1356 5374 1476 5411 mox
1517 5360 1682 5416 ali'ore
1726 5378 1753 5415 a
1795 5363 1923 5419 sede

352 5446 546 5499 missas
579 5445 875 5513 apostolica
920 5448 1087 5502 lectas
1122 5450 1430 5519 validasque
1465 5454 1646 5522 copias
1680 5453 1733 5506 in
1767 5458 1923 5509 auxi-

351 5535 480 5589 lium
508 5537 769 5591 obsessis.
791 5536 947 5594 Tunc
973 5540 1186 5595 demum
1223 5543 1516 5611 imperator
1538 5546 1690 5614 quasi
1719 5544 1925 5603 fractus

352 5630 550 5693 animo.
576 5632 720 5699 quod
753 5641 946 5700 praeter
976 5634 1187 5689 irritum
1218 5636 1454 5691 laborem
1487 5645 1539 5691 et
1571 5647 1647 5691 tot
1676 5648 1927 5695 strenuo-

348 5733 469 5772 rnm
516 5721 743 5775 militum
779 5724 1045 5789 jacturam
1094 5726 1258 5781 etiam
1310 5738 1574 5785 metueret
1616 5746 1683 5784 ne
1731 5747 1925 5801 magno

354 5824 451 5863 suo
505 5816 708 5880 probro
762 5829 860 5883 per
908 5817 1015 5871 vim
1077 5819 1202 5873 inde
1252 5835 1310 5875 re
1365 5820 1565 5875 inlecta
1616 5822 1698 5891 pel
1721 5834 1923 5889 eretur,

356 5913 542 5971 sponte
568 5904 636 5957 ob
669 5907 901 5962 idio.:em
929 5909 1135 5966 solvere
1161 5921 1212 5968 et
1239 5913 1638 5984 oppugnatione
1665 5915 1926 5972 absistere

2025 4724 2180 4770 stans
2213 4715 2312 4768 viri
2344 4714 2470 4767 olim
2526 4714 2724 4767 mortui
2770 4713 3024 4779 cadaver,
3057 4713 3321 4782 integrum
3354 4714 3509 4780 plane
3539 4731 3601 4765 ac

2028 4806 2287 4862 membris
2319 4807 2434 4860 suis
2464 4804 2717 4859 omnibus
2746 4814 2869 4874 apte
2895 4804 3288 4859 cohaerentibus
3319 4816 3598 4867 constans,

2027 4898 2229 4950 nudum
2266 4912 2295 4949 a
2339 4895 2518 4966 capite
2550 4894 2614 4949 ad
2650 4896 2831 4963 pedes.
2862 4892 3116 4949 Habebat
3162 4905 3341 4948 autem
3369 4896 3448 4948 ori
3483 4895 3599 4948 alii.

2024 5002 2146 5042 xam
2171 5002 2400 5043 cannam
2421 4988 2715 5057 pastoritia:
2741 4988 2956 5050 fistulae,
2991 4987 3221 5041 ludibrio
3240 4991 3599 5056 quorunntam

2025 5100 2215 5156 greges
2245 5084 2369 5139 istic
2399 5084 2675 5138 stabulare
2712 5085 2902 5139 solitos
2953 5082 3276 5138 curantium.
3321 5080 3595 5135 Miraban-

2028 5188 2119 5232 tur
2167 5177 2258 5247 qni
2323 5178 2435 5230 haec
2494 5177 2750 5230 videbant
2808 5176 3171 5245 integritatem
3222 5172 3471 5253 corporis
3532 5186 3596 5225 ex

2029 5270 2211 5340 longe,
2263 5277 2320 5323 ut
2367 5269 2686 5338 apparebat,
2713 5268 2972 5321 exanimi.
3007 5264 3367 5333 Ambigebant
3411 5272 3593 5318 autem

2029 5365 2184 5434 cujus
2214 5371 2359 5419 esset
2386 5363 2514 5418 illud
2544 5362 2621 5417 sic
2648 5362 2819 5417 solide
2850 5368 3187 5429 compactum
3218 5367 3273 5413 et
3300 5357 3590 5412 humanam

2029 5457 2203 5511 adhuc
2230 5457 2458 5510 formam
2489 5455 2731 5508 retinens
2759 5454 3013 5507 cadaver.
3043 5453 3289 5506 Gernuut
3320 5467 3347 5503 a
3386 5451 3593 5507 dextris

2030 5549 2340 5614 sepulcrum
2402 5555 2456 5599 et
2504 5545 2799 5614 inscriptas
2852 5543 2954 5613 ipsi
3012 5543 3221 5598 litteras
3288 5543 3595 5599 indicantes

2029 5642 2152 5712 quis
2188 5640 2259 5695 ibi
2289 5639 2569 5707 iacuisset.
2614 5636 2741 5690 Erat
2778 5646 2957 5692 autem
3021 5637 3131 5700 ltic,
3183 5648 3345 5706 prout
3407 5639 3598 5695 littera:

2033 5732 2439 5804 signiﬁcabant,
2469 5729 2699 5785 Basilius
2724 5728 3178 5799 Bulgaroctonus.
3212 5728 3282 5785 Ut
3342 5746 3468 5787 vero
3508 5747 3596 5786 re-

2029 5825 2200 5891 versi,
2232 5824 2359 5893 quid
2405 5822 2687 5886 vidissent,
2732 5821 3043 5889 imperaturi
3080 5822 3403 5886 retulerunt,
3438 5824 3601 5878 mise-

2033 5914 2241 5969 ratione
2274 5909 2461 5965 intima
2498 5917 2674 5965 tactus
2725 5906 2833 5976 illc,
2888 5909 3144 5966 continuo
3193 5909 3376 5965 missis
3412 5908 3599 5965 sericis
