3952 6506
281 427 390 490 565

1235 426 1328 484 DE
1371 387 1758 483 MlCl—lAELE
1803 419 2258 478 PAl..:EDLOGO
2304 417 2444 478 ειη.
2495 419 2569 476 tr.

3415 409 3518 471 5.66

281 549 390 614 κγ’.
423 544 610 610 Ὅπως
641 546 676 599 ό
713 545 1014 610 ,βασιλεὺς
1051 545 1156 596 τὸν
1195 544 1338 596 νέοι·
1374 521 1664 606 Ἰωάννὴν
1705 537 1848 592 ἀπε·
1877 535 1926 594 Α
1955 537 2046 590 καὶ
2077 537 2356 606 ἐμελῴδει,
2423 535 2597 588 οὐδενὶ
2639 535 2684 588 δ’
2741 534 2928 600 ἔθελγε
2959 531 3018 585 τὸ
3062 530 3339 600 παράπαν.
3380 529 3520 580 Ἀλλ’

877 614 1243 669 σκευάσατο.

363 747 423 800 Ὀ
445 747 621 815 μέντοι
645 765 705 812 γε
728 747 974 816 βασιλεὺς
991 747 1113 798 ὅσον
1143 741 1256 814 εἶχε
1274 744 1362 798 διὰ
1377 743 1600 812 γνώμης
1631 759 1844 809 κατωρ-

280 838 497 898 θωκὼς,
534 837 756 906 μηδενὸς
782 837 1231 905 ἀντιπράττοντος
1261 838 1340 903 (τὺ
1363 835 1470 902 γὰρ
1492 833 1699 885 παιδίον
1731 831 1848 884 κατ’

277 931 462 995 ὀλίγον
497 929 842 998 πσρέριἕιπτο
873 928 966 981 καὶ
993 926 1207 997 ἠσθένει
1240 927 1373 994 πρὸς
1408 926 1504 994 τὴν
1530 922 1724 994 ἀρχὴν,
1775 923 1850 986 ὡς

277 1021 368 1070 καὶ
412 1019 548 1070 αὖτὰ
577 1020 638 1088 δὴ
666 1021 730 1071 τὰ
767 1021 862 1086 τῆς
892 1018 1169 1086 βασιλείας
1200 1015 1444 1085 σύμὸολα
1468 1015 1630 1084 ἄχθος
1661 1016 1847 1085 φέρειν

277 1110 436 1162 κενόν
478 1126 492 1139 ο
521 1110 723 1185 ᾧριστο
745 1110 852 1178 γὰρ
878 1112 969 1162 καὶ
1007 1107 1176 1162 ταῦτα
1206 1107 1540 1171 ἀποϐαλεῖν),
1581 1107 1665 1159 διὰ
1695 1106 1852 1158 τοῦτο

278 1202 336 1249 ὲν
373 1202 686 1269 ἁνακωχαϊς
716 1197 782 1269 ἦν
816 1200 906 1252 καὶ
937 1201 1164 1269 ἐτρύφα,
1195 1203 1259 1270 τῇ
1302 1199 1409 1252 τῶν
1449 1199 1718 1262 γυναικῶν
1757 1197 1854 1248 ab-

277 1290 560 1356 ταδέλφων
591 1292 854 1360 θεραπείᾳ
906 1292 1293 1359 Θρυπτόμενος,
1319 1285 1406 1352 αἷς
1435 1291 1530 1342 καὶ
1585 1292 1664 1351 εἷς
1698 1289 1850 1342 πάντ’

277 1381 503 1448 ἐκρῆτη,
542 1385 602 1451 τῇ
636 1383 732 1447 μὲν
761 1382 961 1452 Μάρθῖῑ
989 1381 1062 1441 ὥς
1087 1381 1233 1451 αὐτῷ
1261 1378 1486 1451 φανείσῃ
1545 1383 1686 1433 κατὰ
1747 1396 1853 1448 μη-

277 1474 410 1539 τέρα
449 1473 542 1522 καὶ
569 1475 688 1525 κατ’
716 1471 861 1526 οἶκον
895 1473 978 1544 [Ρ.
1007 1473 1100 1544 85]
1159 1475 1454 1545 ἁναγούσῃ,
1500 1472 1579 1540 τῷ
1635 1471 1854 1541 μεγάλῳ

279 1563 589 1630 δνιμεστίκῳ
623 1567 700 1627 εἰς
730 1566 996 1632 ὁμόζυγον
1016 1564 1173 1634 οὔσῃ,
1209 1564 1399 1616 πολλοῦ
1424 1581 1565 1629 τινος
1606 1561 1854 1631 τιμωμέ-

279 1669 354 1719 νῳ
393 1653 472 1718 cf;
509 1656 713 1719 βασιλιεῖ
743 1657 790 1706 (ὁ
823 1655 1155 1721 περίπυστος
1186 1653 1230 1706 δ’
1264 1651 1332 1721 ἦν
1386 1654 1593 1712 ἐκεῖνος
1637 1653 1856 1721 Ταρχα-

279 1741 556 1807 νειὼτης),
583 1748 646 1812 τῇ
670 1745 713 1795 δ’
745 1746 977 1814 Εὐλογίᾳ
1001 1745 1074 1807 ὡς
1107 1745 1198 1799 καὶ
1223 1746 1361 1814 αὐτῇ
1426 1741 1608 1806 καλῶς
1655 1741 1854 1812 ἐχούσῃ

279 1833 369 1883 τοῦ
399 1835 488 1902 ἦλα
507 1853 568 1895 υς
589 1837 683 1887 καὶ
711 1837 868 1889 πλέον
898 1837 928 1906 ἢ
960 1837 1138 1905 ἐκείνη
1165 1836 1542 1907 τυρσαζομένῃ
1595 1836 1730 1905 πρὸς
1761 1834 1856 1905 βα·
1885 1861 1932 1920 Β

282 1924 462 1987 ειλέα,
490 1927 588 1978 οὐκ
619 1923 736 1979 οἶδα
762 1928 817 1979 δὲ
865 1929 912 1980 εί
947 1929 1038 1981 καὶ
1058 1929 1114 1980 τὸ
1147 1928 1448 1982 ύποτείνειν
1478 1927 1696 1988 ἐλπίδας
1724 1944 1859 1994 χρη-

282 2015 416 2076 στὰς
459 2016 550 2067 ἐπὶ
576 2019 639 2086 τῇ
671 2018 1024 2085 μεγαλοπόλει
1048 2017 1125 2087 τῷ
1159 2017 1370 2087 βασιλεῖ
1397 2018 1469 2078 ὡς
1528 2016 1730 2084 ταύτην
1777 2017 1861 2068 αι-

283 2106 592 2173 ρήσοντιὲκ
619 2109 1004 2178 μορσίμου.Τὺ
1030 2110 1086 2164 δὲ
1140 2111 1429 2181 μόρσιμον,
1488 2109 1618 2178 μεθὸ
1677 2109 1776 2178 μὲν
1825 2109 1858 2177 ἢ

281 2198 443 2256 πόλις
481 2198 645 2260 ἑάλω,
677 2199 858 2266 ἐκείνη
882 2200 1060 2269 τρανῷ
1091 2199 1326 2268 διηγεῖτο
1351 2199 1574 2268 στόματι
1604 2197 1698 2252 καὶ
1726 2199 1861 2251 ἀπε-

280 2287 538 2356 θαύμαζε
569 2289 819 2354 λέγουσα,
847 2290 954 2342 εδει
979 2291 1034 2342 δὲ
1071 2292 1162 2342 καὶ
1185 2291 1282 2349 τὴν
1317 2289 1422 2357 πρὸ
1445 2289 1540 2341 τοῦ
1595 2289 1859 2357 λέγουσαν

280 2378 523 2445 Θέλγειν.
551 2381 623 2432 Τὸ
659 2380 713 2433 δὲ
733 2377 823 2450 ἦν,
849 2381 925 2445 ὡς
959 2381 1398 2451 κατακοιμίζωτο
1436 2384 1534 2453 μὲν
1557 2383 1584 2434 ὁ
1610 2382 1860 2452 βασιλεὺς

280 2471 386 2521 ὑπὸ
438 2469 624 2540 τίτθης
679 2472 876 2542 βρέφος
941 2475 997 2524 ὲν
1053 2473 1220 2541 λίκνῳ
1280 2473 1449 2534 ποτὲ,
1521 2473 1780 2535 πολλάκις
1813 2472 1858 2526 δ’

279 2562 540 2630 ὴγρίαινέ
582 2579 635 2613 τε
671 2564 763 2615 καὶ
819 2561 1219 2633 ἐκλαυῦμύριζε
1278 2563 1368 2615 τὸν
1426 2561 1593 2615 ὕπνον
1641 2563 1859 2616 ἀποδιοέ

282 2652 694 2721 πομπούμενον,
727 2655 846 2705 ἐπεὶ
875 2654 919 2706 δ’
945 2655 1157 2723 ἐκείνην
1192 2655 1296 2707 ἔδει
1323 2653 1432 2705 τινὶ
1480 2654 1630 2722 μέλει
1683 2655 1770 2708 διὰ
1799 2655 1858 2708 τὸ

279 2744 566 2813 ἀγριαίνον
595 2746 920 2815 κατασιγᾷν,
948 2746 1117 2798 πολλὰ
1141 2747 1240 2816 μὲν
1273 2747 1336 2798 ἐκ
1362 2747 1591 2817 μελέτης
1644 2749 1857 2817 συνεῖρε

278 2922 364 2976 23.
407 2920 477 2974 Ut
511 2922 793 2990 imperator
828 2939 1047 2992 puerum
1093 2921 1354 2976 Joannem
1406 2925 1853 2977 exauctoraverit.

347 3014 691 3067 Succvdelmt
737 3029 898 3083 porro
943 3015 1256 3082 imperatori
1293 3015 1565 3084 negotium
1619 3015 1854 3070 trahenti

279 3105 342 3156 ad
377 3120 440 3157 se
473 3106 526 3156 in
556 3104 784 3158 solidum
814 3105 1049 3172 imperii,
1082 3120 1276 3174 resque
1307 3107 1520 3160 nemine
1557 3107 1666 3177 jam
1699 3107 1853 3177 quida

1948 629 2078 681 ὅταν
2113 627 2382 696 μεμυκόσι
2406 629 2638 696 χείλεσιν
2666 623 3097 695 ὑποκοριζομένη
3126 622 3185 674 τὺ
3234 619 3359 688 περὶ
3421 618 3523 686 τὴν

1952 721 2104 773 πόλιν
2126 720 2320 790 διεξῄει
2365 715 2453 789 (ἦν
2482 718 2536 770 δὲ
2570 719 2629 771 τὸ
2685 717 2975 785 λεγόμενον
3008 715 3083 776 ὡς
3113 709 3237 779 εὖγε
3295 711 3371 779 τῷ
3429 711 3526 777 βα-

1953 811 2088 864 σιλεῖ
2113 811 2209 874 τῆς
2243 811 2467 874 πόλεως,
2505 812 2596 862 καὶ
2623 810 2696 871 ὡς
2753 810 2890 861 κατὰ
2925 808 3158 876 χρυσέαν
3213 803 3387 873 πύλην
3413 803 3526 854 εἰσ-

1953 905 2124 956 ελθεῖν
2167 904 2367 972 μέλλοι,
2402 905 2495 956 καὶ
2541 903 2614 964 ὡς
2646 905 2703 954 τὸ
2753 903 2842 954 καὶ
2883 901 2943 952 τὸ
2997 900 3177 953 ἐκεῖσε
3231 895 3526 966 μεγαλυνό-

1956 1011 2112 1064 μενος
2148 995 2525 1063 ἐκτελέσειεν),
2557 995 2755 1046 αὑτίκα
2787 992 2992 1052 τούτοις
3047 990 3242 1060 ὥσπερ
3301 987 3522 1056 Σειρῆσι

1951 1091 2012 1139 τὸ
2034 1089 2244 1140 παιδίον
2270 1086 2592 1155 θελγόμενον
2625 1085 2912 1152 κατεσίγα,
2942 1084 3036 1137 καί
3089 1099 3205 1142 πως
3260 1078 3521 1151 μαλακῶς

1955 1179 2049 1231 καὶ
2079 1178 2248 1248 ἡδέως
2269 1178 2704 1244 κατεκοιμίζετο.
2729 1175 2912 1237 Οὕτως
2934 1170 3075 1245 ἦσαν
3109 1173 3165 1226 αἱ
3192 1170 3526 1237 αὐτάδελφαι

1954 1268 2028 1337 τῷ
2059 1270 2268 1340 βασιλεῖ
2299 1269 2395 1322 καὶ
2420 1268 2585 1322 πάλαι
2629 1270 2723 1337 μὲν
2747 1268 2825 1329 εἰς
2847 1266 3187 1336 προμήθειαν
3215 1264 3313 1332 τὴν
3344 1278 3521 1331 προσ-

1955 1362 2214 1428 ήκουσαν,
2256 1360 2350 1413 καὶ
2378 1359 2500 1412 τότε
2525 1358 2582 1411 δὲ
2612 1355 2986 1425 πολυωροῦσαί
3019 1372 3076 1407 τε
3109 1355 3203 1408 καὶ
3264 1351 3529 1422 κηδεύου-

1957 1467 2067 1511 σαι,
2093 1450 2181 1518 ὑφ’
2216 1444 2304 1513 αἷς
2344 1448 2700 1519 λιπαρούσαις
2732 1447 2829 1517 μὲν
2857 1446 3025 1499 πολλά
3065 1461 3202 1498 τισιν
3240 1443 3318 1504 εἰς
3369 1441 3526 1506 εὐερσ

1956 1543 2144 1610 γεσίας
2173 1541 2430 1610 ἔπραττε,
2485 1537 2980 1608 συμϐουλευούσαις
3011 1537 3066 1592 δὲ
3121 1538 3379 1605 προσεῖχε
3432 1534 3527 1586 καὶ

1960 1633 2321 1701 συγκατήνυε.
2360 1631 2590 1698 Λέγεται
2621 1631 2796 1683 δὲκαὶ
2849 1629 2924 1692 ὠς
2977 1628 3137 1697 βουλῇ
3207 1626 3376 1693 σςῶν,
3434 1627 3530 1678 καὶ

1961 1723 2166 1793 μᾶλλον
2185 1724 2284 1793 τῆς
2316 1723 2576 1790 Εὑλογίας
2608 1721 2834 1792 (Bac-ipa
2861 1720 2968 1787 γὰρ
3007 1720 3135 1788 περὶ
3182 1719 3251 1772 τὰ
3301 1717 3530 1769 πλεῖστα

1964 1813 2342 1885 μαλακώτερον
2391 1809 2592 1882 εἶχεν),
2637 1810 2928 1864 ἰδιωτεύειν
2980 1811 3070 1864 τὸν
3136 1808 3388 1862 Ἰωάννην
3448 1808 3530 1861 al-

1963 1907 2127 1975 ροῖτο.

1961 2061 2057 2119 κδ’.
2089 2062 2163 2118 Τὰ
2189 2064 2339 2116 κατὰ
2362 2064 2468 2116 τὸν
2488 2061 2782 2131 Χαλυρᾶν
2807 2061 2906 2114 καὶ
2924 2061 3062 2125 τοὺς
3087 2058 3340 2127 Πέρσας,
3369 2029 3552 2126 ὅπως⁵

2385 2135 2664 2204 Τοχὰροις
2691 2131 3104 2201 ὑπετάγησαν.

2029 2266 2341 2337 Τηνικαῦτα
2364 2266 2458 2321 καὶ
2503 2264 2610 2322 τῶν
2645 2266 2924 2338 Τοχάρων,
2957 2263 3050 2327 οὓς
3107 2265 3140 2334 ἡ
3188 2261 3345 2334 κοινὴ
3382 2263 3533 2316 Ἀτα-

1961 2361 2110 2432 ρίους
2149 2361 2298 2427 λέγει
2331 2359 2611 2430 συνήθεια,
2638 2359 2792 2429 δίκην
2824 2346 3242 2429 συρῤευσάντων
3297 2355 3532 2425 χειμάρο

1959 2455 2056 2522 ρου
2084 2452 2224 2504 κατὰ
2265 2442 2544 2520 Περσίδος,
2592 2452 2620 2504 ὁ
2681 2449 2778 2520 μὲν
2805 2449 3065 2517 Χαλυφᾶς
3124 2448 3343 2516 χρυσοῖς
3400 2446 3530 2516 παρ’

1959 2543 2180 2595 ἐκείνων
2234 2541 2616 2611 ψω;ιιζόμενος
2692 2537 2979 2603 ἐτελεύτα,
3036 2537 3096 2589 οὐ
3155 2537 3359 2604 μᾶλλ.ον
3390 2537 3531 2588 κατὰ

1957 2634 2143 2704 χρείαν
2169 2635 2382 2702 σφαγῆς
2412 2633 2448 2702 ἦ
2476 2631 2618 2685 κατὰ
2635 2629 2854 2701 χλεύην,
2884 2620 2961 2689 ὡς
3013 2627 3134 2691 ἐξὸν
3182 2627 3272 2680 τὸν
3327 2625 3530 2694 χρυσὸν

1957 2727 2168 2798 ὲκχέειν
2216 2727 2312 2780 καὶ
2369 2727 2526 2796 νικᾷν
2578 2723 2669 2776 τὸν
2709 2721 2920 2792 ἐχθρὸν,
2979 2724 3006 2774 ὁ
3066 2719 3112 2773 δ’
3149 2720 3338 2790 ἠγάπα
3370 2719 3532 2770 πλέον

1955 2905 2128 2962 fuisse
2161 2906 2312 2960 illum
2363 2921 2504 2974 saepe
2543 2904 2936 2961 rabiosiuscule
2966 2903 3247 2973 querulum
3277 2913 3333 2955 et.
3357 2901 3530 2956 somni

1956 2999 2206 3063 diﬂicilis,
2240 3013 2299 3054 se
2334 3015 2461 3054 vero
2498 2998 2704 3052 sororia
2753 2997 2975 3052 caritate
3007 2995 3310 3065 soporando
3340 2993 3535 3048 frater-

1957 3092 2081 3147 culo
2121 3092 2337 3146 dantem
2389 3105 2605 3162 cperam
2660 3089 2854 3145 multas
2901 3101 2960 3146 et
3001 3089 3177 3144 varias
3221 3088 3435 3145 solitam
3467 3086 3533 3140 ad

279 3213 444 3264 quam
487 3207 676 3249 contra
711 3197 965 3250 moliente
1003 3196 1350 3264 procedebat.
1383 3196 1526 3252 Puer
1553 3197 1698 3252 enim
1731 3213 1859 3266 pau-

1962 3199 2084 3240 eum
2115 3182 2524 3238 demulcendum
2573 3183 2852 3238 cantillare
2897 3182 3123 3246 uaenias,
3156 3180 3298 3234 nulla
3344 3193 3532 3234 earum

282 3288 434 3340 latim
483 3288 860 3342 removebatur
904 3303 933 3341 a
982 3288 1306 3357 principatu,
1344 3304 1445 3344 nec
1474 3288 1584 3355 jam
1631 3291 1736 3345 nisi
1779 3300 1859 3347 te-

283 3393 444 3431 nuem
491 3387 547 3432 et
587 3379 868 3432 evanidam
902 3378 1020 3448 ejus
1055 3379 1290 3445 speciem
1333 3379 1585 3445 habebat,
1632 3382 1857 3452 insignia

283 3469 432 3537 regni
464 3479 683 3538 gestans
709 3471 799 3523 ille
823 3471 1036 3536 quidem
1061 3471 1261 3535 adhuc,
1286 3473 1379 3527 sed
1411 3484 1667 3544 tauquam
1700 3476 1862 3529 inane

284 3561 528 3623 pondus:
555 3575 675 3629 quat
696 3569 751 3614 et
775 3562 885 3630 ipsa
909 3561 958 3615 ei
985 3562 1271 3617 auferenda
1291 3563 1400 3632 jam
1424 3567 1694 3621 decretum
1721 3577 1858 3622 erat.

281 3656 324 3716 υ
351 3668 464 3706 tare
508 3651 734 3706 Michatl
783 3667 972 3707 securo
1017 3653 1126 3723 jam
1176 3654 1451 3724 liberoque
1480 3657 1660 3711 animo
1703 3671 1761 3711 se
1809 3658 1858 3710 in

281 3749 526 3815 quit-lem
563 3747 888 3814 deliciasque
921 3746 1218 3812 relaxabat,
1249 3749 1456 3817 prolixo
1487 3751 1537 3803 in
1573 3749 1656 3805 his
1685 3752 1863 3807 indul-

283 3841 544 3908 g-nti'jue
592 3838 924 3893 admittendo
974 3839 1272 3894 ministerio
1315 3855 1559 3895 sororum
1610 3845 1859 3898 certatim

287 3938 592 4000 Augustum
627 3931 848 3986 fratrem
875 3932 1148 4002 obsequiis
1177 3933 1362 3988 favore
1389 3934 1638 3990 moll-ibus
1667 3937 1862 3992 mulie-

283 4025 401 4079 οἱ)τί
436 4024 693 4080 sdulitate
723 4025 1106 4093 satagentium.
1145 4026 1316 4081 Porro
1356 4027 1444 4081 ille
1487 4041 1860 4097 germanarum

285 4129 453 4182 opera
504 4130 610 4170 non
665 4115 716 4169 in
773 4131 900 4169 cura
955 4114 1126 4170 solum
1174 4115 1436 4184 corporis.
1485 4116 1580 4170 sed
1635 4117 1690 4170 in
1743 4118 1864 4172 aliis

285 4224 442 4277 aeque
489 4209 703 4262 cunctis
751 4209 1020 4269 utebatur,
1056 4206 1343 4275 plurimum
1393 4208 1606 4277 utrique
1651 4209 1860 4264 illarum

286 4303 338 4354 in
374 4300 525 4353 omni
573 4314 770 4369 genere
821 4299 994 4354 ﬁdens
1034 4299 1404 4368 tribuensque,
1446 4298 1707 4354 Martham
1740 4301 1862 4372 qui-

287 4397 408 4445 dem
463 4391 639 4446 studio
687 4391 988 4459 fiduciaque
1040 4390 1184 4444 llliali
1235 4391 1423 4445 solitus
1472 4391 1742 4461 amplecti,
1795 4407 1860 4448 ex

286 4502 398 4553 quo
437 4484 505 4538 ab
539 4499 600 4537 ea
647 4492 704 4537 ut
738 4493 910 4537 mat-re
955 4484 1213 4537 educatus
1247 4483 1614 4538 amantissime
1664 4483 1858 4552 fuerat,

289 4579 526 4631 habente
569 4575 742 4644 ipsum
776 4589 958 4628 secum
1005 4574 1058 4626 in
1094 4573 1195 4626 viri
1240 4575 1325 4627 sui
1359 4575 1517 4627 domo
1546 4575 1723 4644 magni
1763 4576 1860 4630 do-

289 4669 527 4730 mestici,
561 4671 627 4721 ab
659 4668 981 4734 imperatore
1013 4675 1122 4720 ttun
1157 4675 1416 4734 regnante
1447 4667 1618 4721 multo
1653 4669 1706 4721 in
1737 4684 1862 4737 pre-

291 4761 363 4812 lin
391 4758 584 4812 habiti.
612 4752 808 4812 Fuerat
833 4758 878 4812 is
902 4759 1132 4828 inclytus
1159 4758 1247 4811 ille
1269 4756 1650 4814 Tarchaniota.
1682 4761 1864 4814 Altera

289 4867 338 4902 et
354 4859 408 4903 at
436 4851 598 4919 128
619 4863 872 4920 germana
894 4850 1234 4919 imperatoris
1257 4848 1500 4920 Eulogia,
1527 4851 1866 4906 suavissimis

291 4949 344 4993 et
369 4942 484 5008 ipsa
518 4941 776 5004 litoribus,
805 4938 1248 5008 frequentiusque
1275 4939 1428 4994 solita
1462 4941 1597 4994 itare
1621 4941 1687 4994 ad
1720 4941 1868 5008 prin-

293 5032 468 5100 cipem
518 5031 742 5084 fratrem
795 5045 1020 5098 seseque
1067 5030 1370 5084 immiscere
1419 5030 1671 5100 negotiis,
1727 5031 1865 5085 haud

295 5122 410 5174 scio
441 5134 507 5172 an
541 5133 651 5172 non
681 5119 730 5172 ei
764 5119 1108 5187 peculiariter
1149 5120 1406 5186 jucunda,
1451 5121 1592 5190 quod
1640 5122 1867 5189 augurio

298 5210 396 5278 ipsi
448 5220 708 5276 prospero
757 5210 1218 5276 recuperationem
1274 5224 1480 5277 magnae
1530 5209 1678 5264 urbis
1713 5210 1864 5262 fratri

295 5303 631 5352 onninaretnr
665 5311 730 5352 ut
776 5301 884 5353 fato
929 5299 1181 5355 debitam.
1218 5298 1370 5355 Unde
1417 5311 1598 5356 autem
1644 5302 1696 5354 in
1748 5315 1865 5356 eam

297 5408 445 5460 spem
495 5398 642 5445 esset
669 5392 933 5460 ingressa,
963 5392 1040 5446 sic
1079 5392 1188 5457 illa,
1222 5403 1504 5462 postquam
1553 5399 1638 5447 est
1675 5391 1867 5447 deinde

179 5473 204 5491 ⁸
297 5492 452 5550 capta
501 5482 713 5546 civitas,
745 5498 966 5537 narrare
1009 5493 1385 5550 consueverat,
1428 5483 1700 5538 admirans
1732 5483 1868 5539 divi-

300 5591 420 5629 nam
455 5576 508 5627 in
555 5589 620 5629 eo
671 5577 1082 5643 provident-iam.
1114 5576 1407 5646 Oportebat
1439 5587 1614 5634 autem
1648 5591 1742 5632 eos
1775 5577 1865 5648 qui

301 5663 401 5720 hoc
444 5667 636 5720 audire
664 5682 728 5722 ex
772 5668 889 5736 ipsa
920 5668 1140 5732 vellent,
1172 5668 1398 5724 delinire
1432 5669 1600 5738 ipsam
1636 5669 1786 5738 prius
1814 5678 1868 5722 et

303 5772 510 5827 rogare.
541 5756 828 5812 Referebat
871 5774 1032 5828 porro
1062 5759 1113 5813 in
1141 5761 1282 5814 hunc
1319 5761 1534 5814 modum
1569 5779 1581 5813 :
1611 5777 1730 5815 cum
1763 5761 1866 5814 imo

303 5859 512 5914 perator
561 5851 738 5905 adhuc
786 5852 961 5906 infans
1009 5851 1110 5905 sub
1155 5853 1315 5908 ubere
1353 5851 1549 5922 jacerel
1594 5853 1646 5906 in
1687 5855 1862 5918 cunis,

864 6009 890 6034 ς

1961 3284 2191 3346 pacante
2232 3274 2658 3344 inquietudinem
2712 3273 2954 3342 pueruli,
2977 3272 3152 3328 donec
3196 3271 3534 3341 semiapertis

1959 3369 2130 3432 labris
2193 3370 2317 3424 data
2375 3383 2539 3439 opera
2609 3367 2911 3422 balbutiens
2965 3364 3226 3420 modulari
3280 3363 3537 3432 cmpisset

1963 3460 2286 3516 cantilenam
2315 3459 2380 3514 de
2406 3460 2539 3515 urbe
2563 3459 2718 3529 hujus
2743 3458 2855 3514 fere
2880 3458 3101 3512 formar:
3135 3475 3154 3508 ι
3191 3454 3334 3524 Euge
3363 3453 3538 3522 impe-

1963 3563 2113 3609 rator
2140 3554 2312 3619 urbis,
2350 3551 2401 3604 in
2447 3566 2566 3607 eam
2605 3565 2767 3606 aurea
2810 3549 3081 3606 inveheris
3122 3558 3298 3618 porta,
3343 3560 3538 3614 resque

1963 3646 2059 3700 has
2086 3654 2139 3700 et
2166 3645 2263 3700 has
2293 3644 2452 3699 isthic
2478 3643 2788 3714 magnificas
2812 3643 2967 3710 plane
3004 3639 3274 3710 perficies.
3316 3657 3334 3690 ι
3370 3639 3448 3692 Ad
3474 3651 3534 3690 ea

1963 3737 2161 3808 quippe
2195 3740 2379 3796 statim
2423 3735 2586 3790 verba
2620 3733 2902 3803 puerulum
2937 3733 3084 3788 velut
3117 3730 3366 3786 Sirenum
3399 3747 3537 3800 qun-

1961 3829 2088 3883 dam
2139 3837 2298 3882 cantu
2352 3825 2633 3881 delinitum
2678 3827 2916 3887 siluisse,
2965 3823 3220 3892 mollique
3269 3839 3332 3877 ac
3383 3822 3533 3878 suavi

1959 3921 2228 3990 quievisse
2259 3933 2472 3974 somno.
2510 3918 2669 3973 Tales
2698 3926 2752 3973 et
2783 3918 2862 3972 sic
2893 3916 2942 3969 in
2977 3917 3150 3984 ipsum
3183 3910 3386 3970 allectir.
3431 3915 3536 3968 im-

1963 4011 2228 4080 peratoris
2266 4025 2482 4070 sorores
2512 4019 2700 4077 erant;
2745 4025 2863 4080 quae
2905 4018 2958 4064 et
3009 3993 3197 4078 ipsum
3225 4007 3373 4071 olim,
3411 4022 3532 4062 cum

1963 4105 2078 4172 ejus
2126 4104 2210 4158 vel
2253 4112 2384 4159 tetas
2433 4102 2515 4158 vel
2567 4103 2782 4157 fortuna
2833 4103 3075 4172 ipsarum
3119 4100 3319 4154 auxilio
3367 4100 3534 4170 eguit.

1963 4197 2144 4254 studio
2175 4211 2240 4253 ac
2262 4194 2489 4250 caritate
2523 4194 2993 4265 providentissime
3025 4194 3286 4246 fovissent
3311 4199 3365 4245 et
3395 4207 3536 4245 ιιιηιο

1963 4289 2204 4358 ejusdem
2239 4284 2559 4356 imperantis
2586 4283 2861 4339 securitati
2895 4297 2958 4338 ac
2981 4281 3380 4336 conversationi
3408 4293 3535 4348 per-

1962 4382 2110 4453 vigili
2160 4395 2288 4436 cura
2341 4376 2741 4449 prospicerent;
2802 4391 3027 4445 quarum
3072 4373 3538 4429 commendatione

1965 4488 2030 4529 ac
2057 4473 2308 4542 precibus
2363 4471 2526 4524 multa
2574 4469 2626 4524 in
2674 4469 2934 4539 quosdam
2983 4466 3241 4521 benel-icia
3289 4466 3535 4530 contulit,

1963 4569 2188 4624 consilia
2247 4582 2376 4623 vero
2431 4581 2618 4622 earum
2676 4575 2731 4619 et
2787 4563 3015 4618 libenter
3057 4564 3264 4618 audivit
3312 4573 3368 4618 et
3425 4563 3538 4632 plc-

1972 4677 2196 4730 rumque
2228 4670 2444 4714 secutus
2487 4669 2592 4716 est.
2643 4657 2848 4713 Dicitur
2893 4655 3053 4710 etiam
3102 4659 3292 4711 harum
3345 4671 3539 4724 sugge-

1967 4754 2141 4809 stione
2180 4752 2340 4823 129
2375 4750 2648 4816 inductus,
2699 4749 2932 4804 maxime
2977 4759 3156 4804 autem
3196 4749 3429 4820 Eulogius
3459 4749 3536 4819 (in

1968 4847 2108 4900 hanc
2168 4847 2310 4899 enim
2381 4843 2634 4898 teneriori
2700 4843 2814 4898 fere
2871 4842 3149 4898 videbatur
3208 4843 3539 4912 propendere

1969 4937 2207 5004 alfectu).
2242 4937 2484 5007 redigere
2521 4938 2572 4989 in
2609 4934 2854 4990 ordinem
2890 4945 2943 4990 et
2978 4936 3282 5006 insignibus
3325 4933 3534 5003 imperii
3585 4948 3607 4977 ετ

1969 5045 2169 5087 exuere
2193 5029 2454 5085 Joannem
2483 5029 2760 5086 statuisse.

1966 5143 2058 5199 94.
2121 5141 2192 5196 De
2225 5140 2498 5212 Chalyplta
2529 5149 2596 5204 et,
2638 5141 2844 5282 ferta“,
2877 5151 2933 5197 ut
2976 5139 3232 5195 Tochari:
3264 5139 3370 5194 sint
3412 5137 3536 5193 sub-

2667 5230 2722 5266 ec
2751 5230 2789 5267 ι.

2667 5230 2789 5267 ecu.

1943 5357 1948 5362 .
2043 5305 2166 5361 1‘29.
2215 5303 2366 5360 Tunc
2415 5303 2712 5369 Tocharis,
2745 5318 2885 5374 quos
2935 5303 3149 5358 Atarios
3178 5299 3366 5370 vulgus
3397 5300 3537 5358 solet

1969 5413 2188 5462 vocare,
2232 5397 2286 5452 in
2339 5395 2617 5452 Persidem
2666 5394 2921 5450 torrentis
2962 5394 3067 5448 ritu
3109 5391 3535 5459 conﬂuentibus,

1969 5488 2271 5558 Chalyphas
2301 5503 2436 5544 auro
2465 5485 2755 5557 liquefacto
2787 5487 2837 5538 in
2870 5500 2932 5540 os
2963 5483 3138 5538 infuso
3179 5482 3535 5552 interemptus

1969 5581 2038 5636 ab
2069 5581 2174 5636 illis
2195 5590 2298 5646 est,
2333 5596 2438 5635 non
2483 5588 2592 5632 tam
2622 5580 2768 5649 quod
2812 5593 2918 5634 non
2949 5580 3114 5633 alimn
3148 5578 3533 5648 expeditiorem

1971 5673 2229 5728 haberent
2255 5671 2371 5740 ejus
2395 5670 2616 5725 tollendi
2645 5671 2886 5735 niodum,
2909 5686 3068 5740 quam
3092 5673 3144 5726 in
3166 5671 3535 5740 exprobratio-

1971 5761 2166 5816 tiunem
2196 5776 2349 5828 cteczg
2387 5762 2554 5831 ipsius
2580 5762 2841 5829 avaritiae,
2872 5763 2961 5832 qui
2994 5777 3115 5818 cmn
3147 5761 3304 5818 facile
3324 5760 3536 5834 potuis-

1971 5862 2050 5907 se!
2077 5867 2266 5906 aurum
2291 5851 2617 5909 eﬂ‘undendo
2640 5855 2820 5910 hostes
2843 5855 3083 5924 vincere,
3110 5856 3377 5910 maluerat
3402 5867 3536 5908 auro
