3952 6516
280 437 381 498 56)

1232 431 1330 490 DE
1372 429 1763 490 MICIIAELE
1799 426 2260 488 PALzEOLOGO
2301 427 2442 486 LIB.
2493 426 2567 483 ll.

3422 412 3525 474 570

281 554 560 608 πιστεύειν
633 552 778 620 ἔχειν
833 549 1002 619 ἑτέρῳ
1057 547 1154 618 τὴν
1211 547 1510 616 σωτηρίαν,
1534 545 1657 599 ἐπεὶ
1694 547 1786 598 καὶ
1824 545 1851 595 ὁ
1883 548 1922 602 Α
1954 543 2019 612 ἢν
2055 542 2190 595 κατὰ
2222 543 2410 610 καιρὸν
2433 539 2605 602 διδοὺς
2630 537 2822 608 ἤλπιζε
2857 533 3004 604 παρά
3034 531 3125 586 τοῦ
3171 529 3428 591 λαϐόντος
3457 530 3526 582 τὰ

279 644 614 716 προρρηθεὶς
635 634 830 712 Μελὴκ
877 640 984 708 πρὸ
1022 640 1230 710 χρόνων
1280 638 1657 707 αὐτομολήσας
1697 635 1848 705 παρά

279 735 544 807 βασιλέως
613 733 914 802 κατείχετο,
966 731 1026 784 ὂν
1074 730 1138 801 δὴ
1190 730 1284 782 καὶ
1325 729 1488 781 αὑτὸν
1527 727 1850 781 ὑπώπτευεν

276 828 552 897 ὁσημέραι
589 825 664 896 μὴ
697 824 879 888 λυθεὶς
925 825 1116 893 ἐπιστῇ
1165 822 1304 892 μετά
1349 820 1588 890 πλήθους
1636 818 1729 871 καὶ
1785 817 1848 870 ού

277 917 459 978 καλῶς
493 917 637 986 ἔχειν
675 919 735 968 τὸ
762 917 841 978 εἰς
886 914 1060 984 ἀρχῆς
1100 914 1298 984 κράτος
1337 911 1590 964 ἐντεῦθεν
1638 909 1849 978 γένοιτό

273 1009 342 1060 οἱ.
407 1008 694 1084 Ἐπεστευε
733 1006 790 1059 δὲ
843 1006 938 1058 καὶ
998 1007 1116 1066 ταῖς
1171 1005 1250 1066 εἰς
1309 1003 1533 1072 βασιλέα
1592 1002 1850 1061 παλαιαῖς

278 1099 519 1161 ἐκείναις
559 1097 1006 1165 φιλοφρονήσεσι.
1035 1097 1126 1147 καὶ
1156 1095 1380 1164 ἐθάρρει
1415 1095 1604 1162 φανεὶς
1656 1091 1849 1144 ἀνύσαι

275 1191 342 1240 τα
375 1189 513 1256 πρδς
548 1187 740 1255 ουμοῦ.
777 1187 1142 1254 Συμφορήσας
1163 1183 1449 1253 τοιγαροῦν
1479 1183 1678 1251 πλῆθος
1720 1199 1852 1251 χρυ-

277 1281 413 1333 σίον
445 1281 503 1330 ού
538 1279 729 1350 ῥᾳδίως
757 1277 1077 1347 ἀριθμητὸν,
1107 1279 1196 1330 καὶ
1230 1278 1321 1329 τὸν
1341 1277 1563 1345 Περσῶν
1620 1275 1849 1327 πλοῦτον

279 1367 729 1437 πτριϐαλόμενος,
767 1367 881 1436 ἅμα
905 1367 1118 1434 γυναιξὶ
1148 1367 1240 1418 καὶ
1269 1366 1498 1427 τέκνοις,
1536 1364 1627 1418 τοῦ
1661 1367 1848 1418 Πισσι-

275 1458 395 1520 δίας
415 1457 864 1526 προαγωγοῦντος
893 1457 966 1519 ὼς
1004 1456 1227 1526 βασιλέα
1286 1460 1472 1527 χωρεῖ.
1542 1455 1602 1509 Ὀ
1639 1458 1715 1521 δὲ,
1775 1457 1853 1518 ὡς

276 1551 448 1612 εἰκὸς,
503 1549 756 1616 ἀσμένως
781 1547 1070 1614 δεξὰμενος
1105 1549 1204 1600 οὐκ
1229 1545 1376 1618 εὶχεν
1403 1550 1430 1602 ὅ
1481 1565 1534 1600 τι
1589 1550 1854 1618 χρήσαιτο

275 1635 478 1706 τούτῳ,
505 1636 643 1706 πλὴν
667 1636 813 1706 μάλα
859 1635 1388 1706 φιλοφρονησάμενος
1435 1639 1569 1706 πρδε
1627 1638 1850 1697 ἐκεῖνον,

277 1727 376 1780 καὶ
438 1727 660 1796 Θαρῤεῖν
718 1726 892 1786 atas;
933 1726 1007 1787 ὡς
1040 1726 1176 1778 κο.τά
1226 1727 1415 1794 καιρὸν
1454 1727 1712 1792 ὲπανήξοι
1761 1730 1854 1778 καὶ

279 1817 380 1888 την
407 1818 583 1887 ἀρχὴν
607 1818 860 1871 ἀναλάϐοι
889 1817 1052 1871 αὑτοῦ
1094 1817 1498 1886 σδνεργούντος,
1528 1818 1695 1888 ἐφῆκε
1736 1819 1853 1870 δια-

279 1924 404 1977 γειν
433 1907 500 1960 ὦ.
533 1909 582 1961 οἱ
615 1907 840 1978 σύνηθες
865 1903 931 1977 ἦν
963 1908 1274 1977 αύτῷοῖκοι
1316 1911 1412 1977 τῆς
1454 1909 1711 1976 Περσίδος
1758 1909 1856 1979 ἀρ-

280 2017 452 2070 χοντι.
514 1997 678 2052 Ὅθεν
725 1999 820 2051 καὶ
857 1998 1086 2067 σέλμασι
1151 1997 1447 2068 βασιλικοῖς
1507 1998 1582 2067 τῷ
1648 1998 1858 2067 βασιλεϊ

281 2091 636 2162 παρεδρξαζε,
663 2090 755 2142 καὶ
779 2089 1042 2158 φοϐεροὺς
1071 2090 1196 2158 περὶ
1233 2090 1395 2142 αὐτὸν
1440 2084 1552 2156 εἶχε
1607 2087 1857 2157 σώματος

280 2182 554 2252 φύλακας.
617 2180 868 2242 καὶτοῖς
921 2179 1018 2248 τῆς
1081 2179 1256 2248 ἀρχῆς
1324 2179 1612 2247 συμϐόλοις
1659 2180 1859 2248 ἐχρῆτο

283 2271 654 2342 ἐρυθροϐαφὲς
686 2270 894 2322 πέδιλον
925 2269 1308 2338 ὑποδούμενος.
1345 2270 1424 2323 Td
1454 2269 1620 2322 πιστὰ
1660 2271 1714 2322 δὲ
1769 2273 1860 2322 καὶ

285 2363 420 2433 πρὸς
447 2363 510 2416 τὸ
541 2361 602 2416 εὖ
632 2361 863 2435 πράξειν
893 2355 1008 2432 εἶχε
1041 2361 1129 2414 διὰ
1161 2362 1257 2432 τὴν
1281 2362 1338 2428 ἐξ
1371 2362 1634 2431 ὑπογυίου
1671 2365 1856 2432 χάριν,

289 2551 404 2596 tum
445 2539 497 2594 in
530 2539 890 2609 principatum
935 2539 1126 2596 validis
1169 2539 1426 2596 Romanae
1456 2543 1706 2610 polentia:
1735 2546 1858 2597 sub-

285 2631 445 2685 nixus
473 2629 662 2700 c0piis.
687 2630 889 2686 Cuncta
926 2631 1067 2686 enim
1099 2631 1567 2700 circumspiciens,
1594 2634 1860 2688 neminem

286 2732 414 2775 tunc
449 2722 754 2789 reperiebat
782 2723 866 2776 cui
899 2733 1044 2777 recte
1075 2725 1412 2779 committere
1450 2724 1676 2780 salutem
1710 2739 1862 2779 suam

280 2825 337 2870 et
369 2814 537 2868 ﬁdere
564 2814 699 2868 satis
730 2821 930 2882 posset,
963 2815 1390 2884 quandoquidem
1413 2825 1463 2870 el
1496 2816 1642 2885 prius
1667 2831 1866 2869 memo-

283 2915 439 2962 ratus
480 2905 713 2971 Melech,
764 2920 886 2960 cum
938 2905 1216 2973 aliquanto
1275 2914 1432 2960 antea
1485 2907 1602 2974 ipse
1651 2921 1866 2977 quoque

183 3005 195 3012 '
284 2999 693 3067 transfugisset,
747 2998 817 3052 ab
869 2999 1198 3067 imperatore
1254 2998 1636 3064 detinebatur;
1686 3013 1715 3052 a
1758 3014 1866 3068 quo

281 3090 496 3146 scilicet
528 3090 769 3160 quotidie
815 3090 1090 3144 metuebat
1123 3103 1188 3144 ne
1229 3105 1330 3161 qua
1376 3100 1570 3144 nactus
1600 3093 1803 3145 exitum
1835 3107 1865 3146 e

1952 636 2205 705 κρείττω.
2264 634 2338 686 Τδ
2392 635 2447 686 δὲ
2476 629 2543 704 ἧν
2598 632 2703 700 ἄρα
2732 631 2792 682 ού
2837 627 3074 696 σταθερά
3104 643 3188 688 τις
3237 624 3392 684 ἐλπὶς
3415 624 3529 685 τοῖς

1953 727 2133 780 νοοῦσι
2164 726 2476 796 βαῡύτερον.
2520 723 2681 775 ’Λλλὲ
2714 721 2832 774 τότε
2872 720 2960 771 τὸν
2988 717 3178 786 καιρὸν
3207 713 3529 784 Θεραπεύων

1952 820 1979 871 ὁ
2009 815 2260 887 βασιλεὺς
2288 814 2414 876 τοὺς
2451 813 2550 882 μὲν
2573 811 2700 882 περὶ
2734 810 2916 872 αύτδν,
2953 810 3046 861 καὶ
3083 805 3283 875 μᾶλλον
3335 803 3529 868 γυναῖ-

1952 928 2054 972 κας
2099 909 2189 960 καὶ
2234 907 2436 970 τέκνα,
2506 901 2648 957 κατά
2709 902 3039 969 συντήρησιν
3099 897 3233 967 πρδς
3290 897 3530 948 Νίκαιαν

1953 1001 2186 1068 πέμπει,
2209 997 2284 1066 τῷ
2309 997 2405 1066 μὲν
2433 996 2605 1048 δοκεῖν
2629 993 2690 1046 es
2716 993 2953 1060 ἀσφαλὲς
2980 989 3210 1049 ἐκείνοις
3265 986 3526 1054 παρέχων

1953 1091 2037 1157 ἐφ’
2060 1085 2103 1156 ᾧ
2143 1089 2216 1158 μὴ
2253 1088 2500 1157 βλαϐεῖεν
2530 1085 2828 1150 ἀφύλακτοι
2854 1083 3000 1142 ὄντες
3025 1096 3041 1112 ⁸
3063 1080 3182 1131 οὐδὲ
3211 1080 3317 1144 γὰρ
3364 1077 3528 1128 καλὸν

1955 1183 2126 1236 ἐδόκει
2165 1177 2644 1249 συνεκστρατεύειν
2665 1176 2741 1246 τῷ
2768 1176 2979 1245 βασιλεῖ
3008 1173 3198 1243 ἀήθεις
3243 1172 3398 1228 δντας
3435 1169 3529 1221 καὶ

1953 1277 2050 1343 τῆς
2109 1270 2552 1341 γυναικωνίτιδος
2583 1285 2598 1300 ·
2633 1271 2693 1322 τδ
2721 1268 2776 1321 δὲ
2826 1267 2987 1319 πάλιν
3045 1266 3184 1332 σφᾶς
3233 1262 3529 1327 διατρίϐειν

1953 1365 2040 1417 ἐπ’
2068 1363 2329 1431 ἀνατολῆς
2353 1359 2758 1431 ἀναχωροῦντος
2783 1356 2875 1411 τοῦ
2909 1357 3190 1426 βασιλέως,
3225 1355 3298 1423 μὴ
3330 1354 3424 1406 καὶ
3448 1353 3530 1414 εἰς

1956 1456 2194 1510 κίνδυνον
2225 1453 2455 1521 γένοιτο.
2487 1453 2590 1505 Τὸν
2642 1451 2697 1504 δέ
2727 1468 2790 1518 γε
2843 1449 3068 1502 σουλ-εὰν
3138 1446 3529 1515 συμπεριάγων

1957 1548 2104 1619 αὐτῷ
2147 1546 2244 1600 σὺν
2309 1544 2662 1616 προσηκούσῃ
2710 1545 2838 1612 τιμῇ
2891 1540 2989 1612 τὴν
3045 1541 3137 1592 ἐπὶ
3182 1537 3529 1599 τοῖςέκείπου

1959 1639 2278 1702 συνεσκεαζε
2317 1636 2535 1707 πρᾶξιν,
2571 1637 2638 1707 ἢν
2660 1635 2737 1704 τῷ
2771 1634 2869 1699 μὲν
2916 1632 3113 1694 δοκεῖν,
3153 1631 3228 1691 ὡς
3291 1630 3529 1697 εἴρηται,
3575 1651 3587 1662 -

1956 1731 2097 1800 ὑπὲρ
2136 1730 2434 1799 ἀσφαλείας
2467 1728 2690 1780 ἐκείνων
2717 1725 3071 1795 προσέταττε,
3118 1725 3183 1789 τῇ
3224 1722 3269 1774 δ’
3302 1719 3533 1790 ἀληθείᾳ

1956 1822 2022 1874 δι’
2053 1820 2276 1873 ἐκείνων
2311 1817 2370 1872 τὸ
2398 1819 2636 1886 ἀσφαλὲς
2675 1817 2909 1886 ἐχόντων
2941 1815 2999 1866 τὸ
3041 1816 3098 1865 ὲν
3143 1812 3381 1878 ἀσφαλεῖ
3438 1811 3532 1862 τὸν

1960 1912 2188 1966 σουλτάν
2215 1906 2352 1964 εἶναι
2391 1911 2487 1965 καὶ
2515 1912 2590 1979 μὴ
2624 1907 3016 1976 συνισχημένον
3064 1905 3530 1973 πραγματευόμεο

1956 2022 2062 2066 νος.
2099 2001 2590 2073 Προκατελάμϐανε
2625 2000 2732 2068 γὰρ
2754 1999 2851 2068 τὴν
2883 1998 3014 2067 πρὸς
3029 1998 3119 2050 τδν
3138 1997 3244 2048 τῶν
3270 1998 3412 2064 Τοχὰ
3425 2011 3532 2063 ρων

1958 2099 2189 2165 ἄρχοντα
2236 2095 2453 2148 Χαλαοῦ
2498 2094 2744 2161 εἰρήνην,
2780 2091 2855 2152 ὡς
2909 2088 3388 2155 ὲνευκαιρήσοντος
3443 2086 3533 2135 ὲν-

1957 2190 2145 2242 τεῦθεν
2171 2187 2379 2240 ἐκείνου
2412 2187 2526 2248 τοῖς
2551 2187 2648 2251 τῆς
2672 2182 2952 2252 Περσίδος,
2989 2180 3110 2248 μηδ’
3132 2177 3532 2246 ὀνομαζομένου

1958 2280 2051 2334 τοῦ
2084 2279 2308 2332 σουλτάν
2336 2279 2393 2330 ὲν
2427 2277 2618 2358 ταύτῃ.
2675 2275 2785 2328 Καὶ
2836 2273 2922 2326 διὰ
2967 2273 3124 2324 τοῦτο
3167 2271 3390 2338 ἡμερῶν
3446 2267 3534 2336 ἐφ’

1960 2373 2194 2443 ἡμέραις
2247 2369 2584 2441 τριϐομένων
2627 2367 2694 2421 τὰ
2743 2367 2850 2419 τῶν
2906 2363 3130 2433 Περσῶν
3189 2361 3535 2414 ύπεκλίνοντο

1963 2548 2229 2602 modicum
2273 2560 2380 2615 quo
2411 2557 2562 2613 nume
2590 2552 2773 2612 egeret
2803 2537 3152 2610 accepturum
3193 2537 3349 2607 plane
3408 2551 3538 2590 eon-

1967 2639 2190 2693 fidebat.
2227 2638 2350 2692 Erat
2391 2648 2570 2690 autem
2601 2653 2662 2688 ea
2689 2651 2810 2702 spes
2831 2650 2935 2687 non
2973 2646 3362 2702 usquequaque
3389 2640 3535 2684 certa

1968 2733 2314 2798 fundataque,
2365 2729 2568 2795 juriirio
2623 2741 2811 2779 eorum
2877 2726 2964 2790 qui
3002 2741 3102 2777 non
3168 2725 3434 2777 humentes
3482 2722 3536 2772 in

1964 2821 2332 2891 superficiaria
2387 2823 2566 2886 specie
2626 2835 2711 2872 res
2746 2817 2960 2884 penitus
3015 2817 3160 2884 ipsas
3217 2814 3540 2874 introspice-

1968 2924 2089 2968 rent
2129 2927 2192 2967 ac
2219 2910 2573 2982 profundiore
2600 2908 2884 2978 prudentia
2909 2907 3308 2961 examinat-ent.
3360 2905 3538 2959 Crete-

1970 3023 2088 3058 rnm
2121 3015 2245 3058 tunc
2275 3005 2489 3072 quidem
2527 3003 2822 3070 imperator
2885 3001 2937 3054 in
2974 2998 3314 3053 occasionem
3357 2997 3536 3050 immi-

1969 3111 2100 3149 nens
2136 3095 2388 3147 familiam
2427 3093 2646 3155 sultani,
2708 3090 3007 3160 praesertim
3030 3095 3046 3123 ›’
3065 3101 3262 3144 uxores
3296 3102 3357 3141 ac
3382 3087 3536 3143 lihe—.

285 3181 530 3239 custodia
559 3196 906 3238 numerosum
937 3183 988 3236 in
1023 3196 1080 3236 se
1105 3183 1324 3237 duceret
1351 3185 1677 3245 exercitum.
1705 3195 1755 3239 et
1787 3185 1865 3240 sic
1893 3211 1934 3266 ρ
1971 3201 2077 3249 ros,
2110 3183 2340 3238 Nicaeam
2394 3183 2556 3242 misit,
2611 3191 2869 3249 przetextu
2925 3179 3189 3249 plausibili
3215 3175 3539 3231 nctessarize

283 3275 336 3330 in
375 3274 590 3329 irritum
638 3272 942 3327 reciderent
987 3287 1109 3339 spes
1141 3284 1491 3343 conatusque,
1521 3290 1654 3344 quos
1685 3275 1862 3330 inten-

285 3365 447 3419 debat
494 3363 548 3417 in
600 3365 882 3418 statuendo
937 3363 1043 3421 sibi
1103 3367 1474 3436 llrmandoque
1533 3357 1860 3437 principatu,

286 3454 820 3525 hlagnopereautem
849 3455 1128 3510 nitebatur
1154 3465 1334 3512 vetere
1365 3457 1708 3526 imperatoris
1729 3459 1866 3513 ami-

285 3547 443 3608 citia.
480 3547 690 3617 magnis
727 3546 831 3601 sibi
874 3547 1085 3613 oﬂlciis,
1117 3561 1239 3602 cum
1272 3558 1412 3602 esset
1455 3550 1582 3603 olim
1619 3551 1671 3604 in
1721 3550 1866 3605 Per-

285 3639 432 3706 side,
494 3647 733 3704 testata;
796 3638 1237 3708 conﬁdebatque,
1295 3641 1458 3695 simul
1511 3642 1629 3711 ejus
1675 3657 1862 3698 coram

285 3730 490 3784 alfandi
536 3731 856 3799 contigisset
909 3731 1088 3799 capia,
1135 3747 1194 3786 se
1239 3733 1380 3800 quod
1431 3742 1651 3803 cuperet
1698 3736 1766 3791 ab
1800 3750 1865 3790 eo

289 3824 728 3890 impetraturum.
764 3821 1035 3892 Congesta
1085 3823 1248 3892 igitur
1279 3824 1334 3878 in
1373 3839 1568 3894 capsas
1599 3843 1735 3895 quas
1776 3843 1865 3882 se~

286 3928 413 3967 cum
457 3913 652 3967 extulit
709 3927 1000 3967 aureorum
1051 3915 1392 3970 multitudine
1433 3931 1536 3970 non
1581 3916 1742 3972 facile
1771 3935 1868 3972 nu-

291 4002 562 4069 merabili,
593 4011 648 4056 et
681 4003 958 4060 ditissimis
1006 4005 1134 4059 luxu
1183 4006 1400 4062 Persico
1433 4009 1675 4063 vestibus
1708 4009 1866 4064 indu-

288 4105 404 4156 tus,
456 4108 582 4148 cum
631 4094 1054 4164 conjugibusjet
1103 4095 1310 4163 liberis,
1368 4097 1584 4152 Pisidiae
1639 4100 1870 4168 praeside

287 4186 430 4240 duce
461 4183 691 4248 itineris,
725 4183 792 4237 ad
836 4185 1218 4252 imperatorem
1268 4199 1326 4239 se
1359 4184 1588 4251 confert,
1620 4184 1711 4253 qui
1743 4201 1867 4240 eum

290 4277 684 4332 humanissime
739 4277 972 4344 excepit.
1030 4275 1098 4330 Et
1146 4291 1458 4347 quanquam
1521 4294 1626 4333 non
1681 4279 1870 4334 habuit

291 4379 420 4422 tunc
458 4368 511 4421 in
542 4383 650 4436 quo
677 4368 793 4435 ejus
823 4383 984 4436 opera
1019 4375 1282 4435 uteretur,
1315 4369 1461 4425 omni
1498 4380 1674 4425 tamen
1701 4371 1870 4442 signi-

291 4460 545 4514 ticatione
602 4459 992 4514 benevolentiae
1057 4459 1368 4515 consolatus
1417 4470 1540 4527 est;
1605 4476 1870 4532 spemque

1967 3277 2298 3340 securitatis,
2333 3276 2470 3329 utin
2511 3274 2721 3328 tutoihi
2758 3281 3110 3327 servarentur
3167 3285 3306 3325 neve
3359 3269 3545 3339 cujus-

1964 3387 2124 3440 quam
2153 3369 2357 3439 injurim
2375 3377 2621 3438 paterent
2646 3367 2697 3420 in
2730 3366 2846 3418 loco
2866 3366 3040 3424 rniuus
3065 3353 3269 3416 munito
3293 3361 3541 3430 depositi,

1964 3474 2057 3517 aut
2076 3461 2390 3516 militantem
2416 3461 2790 3527 imperatorem
2819 3471 2938 3510 cum
2966 3455 3177 3508 sultane
3210 3465 3542 3507 assec=antes

1967 3557 2216 3609 itinerum
2244 3553 2456 3606 insueto
2488 3550 2670 3605 labore
2703 3549 2910 3619 parvuli
2959 3546 3318 3614 mulieresque
3373 3560 3543 3598 vexa-

1968 3657 2178 3707 rentur.
2205 3649 2396 3698 rursus
2425 3658 2495 3697 ne
2534 3642 2577 3694 si
2607 3642 3046 3708 relinquerentur
3096 3637 3146 3690 in
3180 3636 3316 3690 urbe
3349 3634 3543 3706 Orien-

1972 3740 2063 3792 tali
2099 3738 2269 3808 magis
2320 3739 2533 3790 admota
2590 3734 2769 3798 limiti,
2805 3747 2926 3786 eum
2986 3729 3057 3784 ah
3103 3744 3164 3784 ea
3205 3729 3543 3797 contingeret

1971 3834 2352 3898 imperatorem
2384 3827 2784 3896 expeditionum
2815 3824 3103 3879 occasione
3159 3819 3386 3883 distare,
3432 3834 3538 3872 non

1970 3922 2102 3976 satis
2156 3919 2349 3973 remoti
2403 3926 2585 3974 essent
2611 3917 2678 3971 ab
2703 3915 2847 3969 omni
2883 3911 3194 3969 discrimine
3227 3911 3367 3980 quod
3419 3909 3544 3962 inde

1965 4014 2087 4081 jure
2140 4012 2438 4065 timeretur.
2499 4006 2669 4062 Porro
2702 4006 2978 4060 sultauum
3010 4006 3181 4071 ipsum
3234 4000 3544 4054 circumdu-

1969 4119 2097 4159 cens
2124 4118 2302 4158 secum
2331 4115 2648 4169 quocunque
2678 4099 2802 4162 iret,
2860 4111 2922 4150 ac
2983 4093 3275 4162 exquisitis
3339 4090 3541 4159 ubique

1971 4210 2185 4264 semper
2212 4195 2450 4248 alliciens
2509 4189 2825 4253 honoribus,
2886 4187 2986 4242 ista
3038 4183 3426 4238 familiaritatis
3477 4197 3541 4235 ae

1972 4285 2290 4340 reverentiae
2319 4285 2496 4352 specie
2528 4282 2579 4336 id
2638 4279 3074 4347 consequebatur
3135 4277 3445 4343 imperator,
3479 4280 3543 4326 ut

1970 4379 2064 4434 ille
2095 4378 2224 4432 nihil
2254 4376 2459 4430 sinistri
2490 4375 2657 4428 latere
2703 4373 3078 4440 suspicaretur
3104 4372 3154 4421 in
3195 4368 3278 4420 illa
3304 4367 3539 4420 filiorum

1969 4477 2026 4523 et
2054 4483 2282 4522 uxorum
2313 4467 2430 4536 ejus
2462 4463 2724 4520 Nicaeensi
2753 4461 3032 4524 custodia;
3065 4461 3215 4528 quasi
3271 4460 3322 4511 in
3364 4457 3540 4511 solum

292 4552 394 4620 ipsi
443 4549 570 4605 fecit
629 4551 954 4604 auxiliorum
1003 4566 1033 4604 a
1076 4566 1135 4606 se
1179 4551 1764 4607 subministrandorum
1814 4555 1860 4607 in

1973 4561 2142 4628 ipsius
2191 4557 2532 4612 commodum
2594 4567 2648 4611 et
2682 4556 3023 4610 securitatem
3055 4552 3172 4620 ejus
3211 4550 3426 4603 familia:
3451 4549 3544 4600 de-

293 4657 563 4712 tempore,
615 4659 852 4711 quorum
893 4657 998 4712 ope
1057 4653 1174 4697 tutu
1241 4645 1446 4698 rediret
1483 4646 1535 4700 in
1568 4643 1868 4712 Persidem,

291 4745 344 4787 et
377 4733 1035 4803 principatu—recuperato
1069 4731 1355 4788 ﬂorentem
1393 4735 1467 4788 ibi
1515 4744 1572 4789 ut
1617 4736 1769 4805 prius
1816 4746 1870 4791 et

293 4825 640 4892 tranquillam
678 4826 822 4878 domi
863 4840 976 4879 sua:
1018 4825 1180 4878 vitam
1230 4825 1281 4879 in
1318 4837 1574 4881 consueta
1608 4829 1869 4898 dignitate

293 4918 533 4986 degeret.
586 4915 775 4986 Itaque
835 4919 888 4972 in
943 4917 1286 4987 suggestibus
1339 4920 1502 4988 regiis
1557 4921 1866 4989 imperatori

298 5007 454 5078 132
485 5006 714 5070 assedit,
747 5017 800 5063 et
833 5007 1070 5063 minaces
1103 5008 1217 5078 ipse
1242 5025 1456 5079 quoque
1485 5011 1628 5065 circa
1662 5027 1720 5066 se
1749 5028 1869 5065 ror-

298 5101 444 5167 poris
476 5100 730 5156 custodes
758 5100 968 5165 habuit,
1000 5109 1055 5155 et
1085 5101 1388 5169 insignibus
1424 5103 1638 5171 imperii
1678 5105 1865 5158 nteha-

294 5201 398 5254 tur,
443 5192 640 5245 rubros
689 5192 918 5246 induens
960 5193 1189 5248 calceos.
1239 5193 1360 5247 llaec
1411 5203 1594 5247 autem
1647 5195 1868 5250 honoris

295 5284 608 5351 amorisque
651 5283 804 5350 signa
845 5297 949 5337 non
991 5299 1131 5339 vane
1161 5285 1446 5349 ostentari,
1495 5287 1589 5338 sed
1614 5286 1693 5339 'ex
1742 5300 1867 5341 vere

295 5387 565 5441 propenso
595 5373 647 5424 in
680 5372 856 5440 ipsum
887 5388 950 5427 ac
981 5373 1195 5427 sincere
1232 5372 1468 5436 favente,
1499 5390 1726 5443 quaeque
1752 5374 1867 5443 pol-

296 5465 551 5518 liceretur
582 5465 915 5533 prrestituro,
976 5466 1318 5536 imperatoris
1383 5467 1564 5519 animo
1596 5467 1864 5535 proticisci

311 5558 585 5626 persuasit
637 5557 737 5626 ipsi
791 5558 1007 5612 conscia
1062 5559 1320 5612 memoria
1379 5573 1598 5613 suorum
1638 5561 1691 5613 in
1720 5559 1862 5613 illum

298 5647 634 5710 meritorum,
660 5656 768 5716 quo
795 5657 1035 5718 tempore
1088 5649 1378 5720 supplicem
1419 5663 1545 5704 eum
1605 5649 1866 5705 benevolo

296 5746 584 5807 exceperat
625 5739 876 5807 hospitio,
908 5741 1064 5812 cujus
1093 5742 1282 5810 gratiae
1331 5743 1501 5796 vicem
1539 5751 1782 5796 mutuam
1832 5759 1860 5794 a

298 5845 401 5882 non
441 5828 781 5896 irtttncmure,
827 5840 880 5886 et
913 5830 980 5886 ab
1032 5846 1096 5886 eo
1153 5833 1238 5886 cui
1277 5831 1392 5900 plus
1444 5831 1765 5896 contulerat,
1811 5832 1862 5886 id

1971 4661 2142 4704 creta.
2183 4650 2386 4704 Revera
2419 4661 2598 4701 tamen
2626 4648 2768 4703 aliud
2814 4647 3088 4715 spectabat
3125 4654 3337 4698 astutus
3395 4642 3544 4710 priu-

1973 4757 2125 4810 Ceps,
2151 4742 2232 4792 cui
2263 4752 2381 4793 erat
2413 4741 2745 4808 propositum
2773 4738 3139 4794 custodiendis
3174 4746 3320 4789 certo
3345 4733 3446 4788 sibi
3481 4742 3538 4785 et

1974 4838 2090 4884 tuto
2152 4831 2271 4884 loco
2304 4839 2414 4882 tam
2472 4830 2613 4882 caris
2667 4829 2880 4882 sultano
2941 4827 3207 4896 capitibus
3266 4825 3538 4879 sultanunt

1971 4921 2142 4988 ipsum
2182 4929 2258 4974 tot
2288 4921 2569 4990 pignorum
2592 4921 2817 4974 caritate
2837 4918 2988 4986 quasi
3015 4920 3367 4972 constrictum
3399 4913 3542 4983 apud

1968 5027 2025 5064 se
2059 5013 2313 5074 retinere,
2349 5026 2415 5064 ne
2447 5027 2553 5079 quo
2583 5012 2761 5065 subito
2792 5011 2930 5063 forte
2981 5016 3138 5076 capto
3183 5007 3323 5074 fugae
3358 5005 3538 5058 crmsi-

1970 5103 2040 5156 lio
2067 5103 2360 5154 recederet.
2387 5100 2505 5166 Quo
2536 5101 2623 5153 ille
2651 5100 2895 5154 faciendo
2925 5098 3301 5153 demerebatur
3323 5094 3536 5148 Tocha-

1971 5210 2152 5248 rarum
2187 5194 2482 5288 principem
2515 5193 2796 5256 Chalaum,
2823 5193 3043 5262 quicum
3075 5190 3238 5244 certis
3267 5188 3379 5258 jam
3407 5201 3544 5242 con-

1973 5277 2272 5338 ditiouih‘us
2298 5284 2364 5336 de
2394 5297 2523 5352 pace
2583 5291 2958 5351 transegerat:
2997 5280 3083 5333 hic
3140 5279 3282 5333 enim
3324 5277 3540 5332 sultano

1967 5375 2151 5440 procul
2179 5374 2306 5427 alibi
2339 5374 2577 5437 detento,
2597 5385 2651 5426 et
2678 5372 2796 5440 ejus
2825 5370 2893 5424 ob
2926 5369 3182 5423 absentite
3211 5367 3542 5421 diuturnita-

1967 5476 2072 5519 tem
2109 5463 2263 5535 133
2289 5464 2544 5518 memoria
2572 5464 2773 5516 sensim
2797 5459 3138 5515 esolesceute
3167 5460 3305 5528 apud
3324 5455 3541 5524 Persas,

1973 5565 2124 5610 tanto
2154 5555 2367 5610 facilius
2421 5553 2742 5621 feliciusqne
2781 5553 3049 5606 universae
3096 5551 3260 5621 potiri
3295 5547 3538 5604 Persidis

1967 5655 2202 5716 poterat,
2259 5653 2416 5716 prout
2472 5645 2650 5712 reipsa
2711 5645 2856 5698 fecit.
2944 5643 3277 5711 lmperatore
3338 5641 3537 5709 quippe

1966 5742 2239 5795 sultanum
2274 5751 2593 5808 suspensum
2621 5738 2820 5805 spebus
2873 5737 3124 5790 inanibus
3157 5743 3390 5798 tenente,
3425 5735 3540 5785 sic-

1971 5849 2073 5903 que
2102 5819 2240 5888 item
2290 5846 2353 5885 ex
2390 5832 2476 5888 die
2509 5830 2752 5885 ducendo
2787 5844 2966 5885 moras
3015 5827 3232 5882 assidue
3291 5831 3541 5879 necteute
