3952 6512
420 391 519 458 571

1602 389 1926 451 GEORGII
1970 388 2273 450 PACHYM
2288 388 2453 449 ERE

3553 382 3658 446 572

410 511 526 569 τοῖς
557 503 845 576 Τοχάροις,
878 505 951 569 di;
977 507 1070 560 καί
1103 522 1248 568 τινας
1275 504 1367 568 οὓς
1407 502 1474 559 ἂν
1490 504 1635 559 εἴποι
1663 522 1747 568 τις
1797 504 1989 575 σκηνί⁶
2020 507 2062 566 Α
2094 485 2193 559 κε’.
2229 503 2428 572 Ὀπως
2456 503 2624 574 εἶχον
2654 508 2709 560 oi
2739 504 2882 572 πρὶν
2903 500 3188 576 βασιλεῖς
3209 499 3341 569 περὶ
3364 498 3659 570 Τοχάρους

414 617 511 663 τας
544 600 637 652 καὶ
659 602 723 667 τῇ
754 597 993 668 πολιτείᾳ
1010 597 1453 668 ἀπηχθημένους,
1482 596 1556 667 μὴ
1588 596 1839 659 θέλοντας
1857 596 1991 648 ὐπο-

410 691 722 749 τάττεσθαι,
749 688 835 762 [Ρ.
863 689 953 760 86]
985 690 1107 743 καθ’
1137 690 1334 753 αὐτοὺς
1359 686 1521 756 εἶναι,
1551 689 1990 761 ἐπειλημμένους

416 782 525 834 τῶν
560 781 845 849 ἡμετέρων
875 780 1273 849 ὀχυρωμάτων,
1314 779 1453 848 πλὴν
1482 780 1576 833 καὶ
1609 780 1698 832 τὸν
1737 778 1990 832 ἐντεῦθεν

416 872 858 935 ὑποτοπάζοντας
904 872 1168 937 κίνδυνον,
1214 873 1263 923 sl
1322 870 1573 941 φανερῶς
1640 870 1988 933 ἐπιτιθοίντο,

418 967 559 1019 κατὰ
592 963 692 1032 μὲν
729 963 789 1016 τὸ
816 963 995 1016 κοινὸν
1028 964 1121 1016 καὶ
1149 962 1383 1017 καθόλου
1400 961 1718 1024 ἐνσπόνδους
1745 958 1884 1016 εἶναι
1913 963 1991 1031 τῷ

419 1053 645 1122 βασιλεῖ,
708 1052 828 1107 καθ’
878 1053 978 1107 ἕνα
1009 1053 1064 1106 δὲ
1100 1053 1288 1115 νυκτὸς
1342 1052 1613 1122 λοχῶντας
1634 1055 1745 1116 τοῖς
1774 1056 1837 1108 ἐκ
1882 1054 1991 1108 τῶν

414 1145 699 1213 ἡμετέρων
728 1145 1007 1215 κλέμματι
1036 1144 1295 1215 χρῆσθαι.
1334 1146 1401 1198 ’Δ
1445 1143 1509 1216 δὴ
1570 1144 1663 1198 καὶ
1705 1144 1811 1197 τῶν
1855 1146 1991 1215 nus-

416 1237 589 1304 τέρων
622 1234 682 1298 ἐξ
720 1236 833 1288 ἴσου
857 1236 991 1305 πρὸς
1021 1236 1264 1300 ἐκείνους
1296 1236 1590 1290 ποιούντων
1611 1237 1671 1290 οὐ
1705 1237 1862 1300 πόνος
1902 1232 1990 1305 ἦν.

431 1323 525 1378 Ἐκ
556 1326 755 1388 παντὸς
774 1327 829 1379 δὲ
853 1327 1058 1394 τρόπου
1082 1326 1143 1399 τὸ
1165 1326 1316 1390 ἔθνος
1342 1326 1450 1379 τῶν
1471 1328 1730 1399 Τοχάρων
1782 1328 1850 1381 δι’
1903 1328 1993 1381 ἐν-

418 1417 568 1478 νοίας
599 1415 783 1484 έχωνό
814 1417 1065 1487 βασιλεὺς
1102 1397 1186 1482 ’ὡς
1225 1418 1600 1473 ἀνυπόστατον
1652 1419 1751 1489 τὴν
1816 1419 1993 1490 ὁρμὴν

420 1508 564 1562 κατὰ
592 1510 653 1561 τὸ
675 1511 817 1571 εἰκὸς
850 1510 1041 1564 δοκοῦν
1057 1510 1226 1580 ἔχειν.
1255 1514 1380 1581 ἄρτι
1410 1511 1662 1580 κινῆσαν,
1705 1513 1828 1575 τοὺς
1895 1512 1994 1581 μὲν

423 1602 565 1653 κατὰ
594 1601 659 1653 τὰ
689 1602 1018 1671 ὀχυρώματα
1043 1604 1257 1673 Πέρσας
1293 1604 1387 1657 καὶ¹
1410 1604 1531 1657 λίαν
1562 1604 1894 1667 ὑπεποιεῖτο,
1919 1605 1994 1667 ὡς

423 1691 670 1760 θριγγοϊς
704 1693 939 1756 ἐλπίζων
977 1694 1212 1765 χρᾶσθαι
1268 1695 1318 1746 εί
1374 1694 1718 1765 ἐπιϐρίσειαν
1775 1697 1992 1763 ἐκεῖνοι,

422 1786 652 1849 ἐκείνοις
686 1786 731 1839 δ’
760 1782 870 1855 εἶχε
903 1786 990 1840 δὴ
1026 1787 1257 1857 μελέτης
1304 1786 1398 1840 καὶ
1453 1786 1627 1848 ἄλλως
1674 1786 1993 1841 σπένδεσθαι

420 1876 509 1928 διὰ
541 1876 758 1947 κήδους.
802 1878 923 1929 Ἐπὶ
951 1876 1205 1929 τοσοῦτον
1231 1877 1338 1947 γὰρ
1366 1876 1594 1947 φοϐερὸν
1653 1876 1831 1930 ἐδόκει
1897 1876 1994 1930 καὶ

427 1973 584 2035 μόνον
625 1971 754 2040 πρὸς
785 1972 1022 2032 ἐκείνους
1058 1970 1290 2033 πόλεμον
1311 1971 1533 2031 ἐννοεῖν,
1569 1967 1710 2022 ὥστε
1742 1971 1839 2022 καὶ
1883 1969 1991 2034 ἕως

423 2063 634 2114 ἐκείνου
695 2063 786 2115 καὶ
849 2060 1085 2131 τοῦνομα
1155 2061 1315 2131 μόνον
1369 2061 1451 2125 εἰς
1517 2060 1681 2129 φόϐον
1740 2059 1993 2133 ἡγεῖσθαι

423 2150 512 2206 Ῥ.
543 2152 635 2224 87]
674 2153 769 2207 καὶ
800 2152 1055 2205 δεδιέναι.
1288 2162 1293 2169 ’

431 2438 497 2477 ne
532 2424 731 2478 rediret
763 2424 902 2478 unde
930 2432 1169 2490 venerat,
1208 2439 1294 2478 res
1344 2422 1632 2480 Persarum
1688 2421 1836 2477 omni
1890 2423 1997 2478 alio

416 2517 697 2571 destituta.-
724 2515 975 2584 praesidio
1000 2517 1213 2570 tandem
1239 2516 1303 2569 ad
1329 2515 1607 2570 Tocharos
1637 2514 1994 2574 inclinarunt.

428 2618 535 2659 tam
568 2608 861 2663 universali
895 2621 1189 2666 consensu.
1227 2619 1284 2660 ut
1311 2605 1532 2675 quidam
1591 2604 1663 2660 ibi
1686 2605 1799 2674 jam
1833 2614 1994 2660 antea

426 2714 702 2768 segreges,
757 2712 893 2767 quos
949 2699 1076 2767 jure
1112 2697 1234 2767 quis
1265 2697 1504 2751 scenitas
1538 2698 1757 2761 dixerit.
1784 2711 1998 2766 semper

428 2792 571 2846 snl;ti
603 2807 632 2845 a
665 2791 1044 2846 communibus
1075 2791 1367 2846 abhorrere
1401 2789 1648 2845 consiliis
1688 2798 1743 2844 et
1772 2802 1869 2845 res
1896 2788 1999 2844 sibi

427 2899 554 2936 suas
587 2885 785 2939 habere
839 2883 1108 2951 privatim,
1155 2897 1278 2937 cum
1337 2880 1459 2936 aliis
1516 2881 1770 2935 omnibus
1808 2890 2000 2950 sponte

428 2976 1085 3043 simu-untibusimperium
1120 2973 1489 3031 Tocharorum
1518 2974 1595 3029 illi
1614 2974 1704 3028 uni
1731 2973 2000 3045 subjicere

425 3084 485 3121 se
517 3068 614 3136 ipsi
647 3077 985 3131 recusarent,
1015 3066 1186 3121 coacti
1249 3065 1449 3119 fuerim
1476 3065 1529 3119 in
1550 3080 1727 3129 arces,
1789 3065 1855 3117 de
1877 3065 2003 3133 qui-
2042 3088 2049 3093 -

2654 575 3088 644 ἀκουομένους.

2163 694 2361 764 Πρώην
2390 695 2487 765 μέν
2507 691 2616 764 γὰρ
2644 694 2672 745 ὁ
2696 691 2907 755 Δούκας
2970 689 3226 759 Ἰωάννης
3277 686 3437 750 κλέος
3501 686 3662 756 μόνον

2093 786 2315 838 ἐκείνων
2344 784 2532 856 ἤκουε,
2569 782 2663 836 καὶ
2684 779 3001 850 κατωχύρου
3030 779 3099 832 τὰ
3138 776 3374 847 φρούρια
3410 776 3542 846 σίτῳ
3571 775 3665 831 καὶ

2092 875 2355 944 ἅρμασιν,
2380 867 2455 929 ὧν
2495 874 2586 927 τὸν
2623 872 2720 942 μὲν
2764 870 2857 925 καὶ
2888 871 2967 934 εις
3024 868 3251 941 χρόνους
3304 869 3667 936 προσέταττεν

2094 966 2472 1030 ἀποτίθεσθαι,
2506 965 2755 1037 βούλλαις
2792 963 3133 1034 μολυϐδίναις
3183 961 3275 1016 τδν
3328 961 3515 1016 ἐνόντα
3552 964 3668 1026 τοῖς

2094 1060 2337 1122 ἐποίκοις
2364 1056 2701 1130 σφριγὶξων,
2731 1056 2997 1129 φέροντας
3020 1056 3063 1109 δ’
3120 1053 3318 1121 ἔξωθεν
3363 1053 3671 1108 ἐπιτάττων

2096 1151 2415 1215 σιτίζεσθαι,
2453 1151 2521 1204 τὰ
2572 1150 2629 1204 δὲ
2660 1149 2756 1203 καὶ
2811 1148 3083 1215 ἀναγκαῖα
3113 1144 3279 1198 ἐτίθει
3306 1146 3417 1207 τοῖς
3468 1161 3671 1212 κτησο-

2097 1242 2300 1313 μένοις,
2332 1242 2405 1305 ὡς
2439 1242 2661 1296 ἐκείνων
2692 1243 2800 1295 πᾶν
2850 1238 2912 1293 τὸ
2962 1240 3042 1300 είς
3063 1236 3384 1310 περιουσίαν
3408 1234 3470 1290 ὃν
3506 1237 3671 1289 bote-

2098 1335 2232 1398 ρεῖν.
2287 1332 2775 1402 Προικοδοτοῦντας
2827 1330 2937 1402 γὰρ
2993 1328 3132 1400 μετὰ
3201 1328 3303 1397 τὴν
3366 1326 3674 1395 σεϐασμίαν

2096 1427 2277 1480 εἰκόνα
2292 1425 2360 1477 τὰ
2383 1424 2523 1477 ὅπλα
2540 1423 2873 1492 προσέταττε
2893 1419 3344 1489 καταγράφεσοαι
3371 1434 3386 1449 ·
3405 1417 3541 1487 μηδέ
3565 1417 3677 1485 γὰρ

2096 1514 2241 1584 ἔχειν
2273 1512 2474 1566 εἰδέναι
2492 1493 2544 1567 τί
2560 1513 2618 1565 τὸ
2634 1512 2945 1583 ἐξορμῆσαν
2961 1511 3069 1564 τῶν
3086 1510 3237 1579 σφῶν
3257 1508 3479 1577 φωλεῶν
3498 1508 3676 1573 ἔθνος,

2096 1609 2191 1662 καὶ
2212 1607 2418 1670 ὁποίοις
2439 1608 2553 1669 τοῖς
2580 1605 2737 1674 ἤθεσι
2779 1606 3001 1675 χρᾶται,
3036 1603 3141 1658 κᾶν
3186 1600 3489 1675 εἰρηνεύειν
3527 1598 3678 1653 θέλοι

2098 1698 2199 1754 κᾶν
2214 1698 2499 1768 μάχεσθαι.
2517 1698 2685 1751 Τόσον
2700 1691 2767 1769 ἦν
2785 1695 2976 1766 ἄδηλον
2990 1694 3093 1758 ἕως
3108 1695 3233 1748 τότε
3248 1694 3309 1747 τὸ
3326 1693 3497 1757 ἔθνος.
3516 1690 3681 1762 Παρὰ

2099 1792 2309 1854 πολλοῖς
2328 1791 2373 1844 δ’
2390 1790 2641 1853 ἐλέγοντο
2655 1787 3030 1857 κυνοκέφαλοι,
3053 1786 3146 1841 καί
3163 1802 3228 1857 γε
3257 1786 3490 1849 διαίταις
3509 1785 3676 1839 ἀπειο

2098 1883 2362 1954 ρημέναις
2390 1880 2649 1952 ὴκούοντο
2665 1880 2957 1951 χρώμενοι,
2998 1877 3139 1933 ὥστε
3174 1878 3269 1933 καὶ
3299 1877 3677 1947 ἅνθρωποφα·

2096 1977 2212 2043 γεῐν
2231 1974 2593 2028 ἐπιστεύοντο.
2613 1972 2891 2042 Θεοδώρου
2911 1970 2966 2024 δὲ
2990 1969 3089 2040 τὴν
3112 1970 3286 2040 ἀρχὴν
3313 1967 3532 2038 βασιλεὺ
3542 1984 3677 2020 σαν-

2094 2083 2207 2132 τος,
2239 2068 2360 2119 ἐπεὶ
2389 2065 2635 2133 ἐλέγοντο
2661 2063 2751 2118 διὰ
2779 2063 3035 2132 Περσίδος
3064 2062 3201 2132 πρὸς
3230 2061 3440 2113 ἐκεῖνον
3498 2075 3683 2131 πρεσ-

2097 2154 2374 2217 ϐεύεσθαι,
2404 2153 2498 2208 καὶ
2520 2156 2548 2208 ὁ
2563 2152 2719 2223 λόγος
2743 2151 3017 2223 ἀληθινὸς,
3042 2150 3203 2222 φόϐος
3227 2149 3285 2205 δέ
3311 2149 3406 2204 καὶ
3435 2148 3683 2219 τάραχος

2096 2418 2334 2474 nationis
2350 2433 2457 2474 non
2484 2417 2924 2487 reprehensihilis
2943 2417 3287 2487 esperiunda:
3310 2417 3681 2487 fatendaeque.

2102 2531 2263 2605 135.
2275 2531 2367 2587 '25.
2399 2529 2471 2586 Ut
2501 2546 2555 2585 ss
2584 2530 2865 2605 Igabusrjnt
2878 2531 3092 2605 priores
3116 2532 3455 2599 imperatores
3484 2531 3682 2586 audita

2584 2601 2730 2671 {ante
2759 2598 3141 2657 Tocharorunt.
3194 2608 3197 2609 ⁷

2174 2693 2238 2748 Ει
2268 2693 2497 2749 antehac
2526 2691 2744 2763 quidem
2773 2689 3008 2748 Joannes
3038 2691 3214 2748 Ducas
3233 2730 3250 2756 ,
3277 2691 3461 2747 audita
3494 2691 3679 2748 solum

2105 2784 2322 2840 illorum
2356 2783 2531 2846 fama,
2554 2782 2787 2837 munivit
2814 2796 2970 2837 arces
2998 2781 3272 2840 frumento
3297 2792 3353 2840 et
3385 2784 3576 2839 armis.
3607 2764 3685 2838 Ᾰο

2102 2874 2433 2930 frumentum
2460 2874 2675 2942 quidem
2710 2888 2771 2928 ea
2800 2874 2950 2945 copia
2983 2890 3106 2943 qure
3135 2874 3405 2931 sulliceret
3430 2876 3487 2929 in
3522 2891 3682 2930 usum

2104 2983 2268 3039 quam
2302 2967 2602 3037 longissimi
2635 2967 2896 3037 temporis
2921 2968 3141 3038 congeri
3162 2966 3352 3036 jussit,
3376 2967 3689 3036 obsignari-

2102 3074 2209 3129 que
2260 3059 2477 3129 singula
2532 3058 2729 3115 horrea
2786 3059 2947 3115 bullis
3002 3058 3270 3129 plumbeis
3317 3058 3688 3114 indicantibus

433 3159 534 3211 bus
549 3159 808 3224 diximus,
843 3159 1016 3213 nostri
1062 3158 1250 3213 limitis
1286 3158 1562 3214 recedere.
1600 3157 1701 3213 Ubi
1755 3156 1888 3212 satis
1921 3157 2003 3211 in-
2029 3172 2072 3229 c
2104 3162 2367 3224 quantum
2405 3153 2460 3208 in
2493 3168 2707 3224 quoque
2738 3153 3015 3211 conditum
3051 3164 3384 3210 servaretur.
3417 3154 3598 3222 Atque
3630 3161 3689 3207 ut

430 3249 736 3316 tnlligentes
764 3263 822 3302 se
844 3246 986 3302 haud
1041 3248 1158 3303 sine
1180 3263 1277 3302 suo
1330 3248 1574 3318 periculo
1608 3248 1702 3302 tali
1752 3258 1998 3316 tempore

429 3340 604 3406 palam
642 3341 769 3394 inde
797 3336 1187 3394 'incursatttros
1226 3338 1499 3394 Romanas
1548 3348 1745 3404 terras,
1807 3339 2001 3395 callido

429 3430 660 3486 consilio
691 3430 984 3484 universim
1012 3430 1229 3500 quidem
1263 3446 1326 3486 ac
1358 3432 1729 3487 communiter
1766 3430 2002 3486 fmdera-

434 3534 520 3576 tus
566 3537 626 3576 se
660 3521 974 3591 imperatori
1031 3523 1449 3591 proﬁtebantur,
1509 3522 1828 3589 singillatim
1872 3538 2000 3580 vero

432 3614 863 3681 grassatfonibus
893 3615 1176 3669 nocturnis
1230 3629 1317 3670 res
1354 3626 1662 3670 nostrorum
1728 3616 2004 3685 depraeda-

433 3706 650 3771 bantur,
683 3707 738 3760 in
792 3722 902 3775 quo
953 3709 1213 3762 damnum
1269 3716 1513 3762 nostrum
1545 3707 1689 3761 haud
1744 3722 2001 3777 magnum

428 3808 548 3853 erat
579 3815 596 3865 ;
631 3814 753 3853 nam
779 3799 854 3853 illi
885 3799 1147 3855 limitanei
1174 3808 1396 3855 strenue
1420 3814 1518 3867 par
1547 3800 1661 3867 pari
1699 3798 2002 3854 referentes

425 3891 785 3947 clandestinis
838 3901 895 3947 et
929 3892 1027 3960 ipsi
1068 3890 1277 3958 rapinis
1314 3890 1508 3945 infidos
1543 3890 1782 3958 hospites
1836 3888 2003 3944 ulcis-

426 3983 693 4038 cebantur
724 3991 777 4037 et
808 3981 966 4038 facile
992 3984 1193 4037 amissa
1227 3982 1587 4050 reponebam.
1629 3979 1788 4036 Omni
1820 3991 2001 4038 autem

428 4074 644 4128 ratione
675 4072 778 4129 sibi
804 4072 1202 4128 conciliandam
1232 4080 1503 4143 statuerat
1540 4072 1838 4139 imperator
1865 4087 2004 4142 gen--

427 4175 542 4219 tem
575 4165 945 4220 Tocharorum
966 4171 1099 4219 tunc
1130 4179 1271 4220 novo
1305 4164 1510 4235 impetu
1534 4174 1594 4220 et
1622 4164 1860 4234 potentia
1882 4165 2006 4220 ine-

429 4257 678 4312 iuctnbili
714 4269 943 4324 motam,
965 4272 1024 4312 ut
1052 4256 1140 4311 cui
1174 4256 1444 4311 hostiliter
1492 4256 1814 4325 irrumpenti
1870 4254 2005 4310 nihil

428 4359 615 4419 posset
638 4350 923 4415 obsistere,
972 4363 1094 4403 eam
1154 4347 1432 4403 beneﬂciis
1480 4356 1908 4414 pnuoccnpzttam
1938 4345 2007 4400 ab

425 4441 645 4496 infestis
672 4440 913 4497 consiliis
939 4450 1225 4497 averteret.
1288 4437 1504 4494 Putavit
1557 4439 1718 4494 etiam
1772 4438 2008 4508 pruden-

2104 3246 2304 3301 certius
2349 3245 2397 3302 is
2446 3260 2707 3301 numerus
2746 3254 3054 3310 constaret,
3086 3255 3418 3315 praeceperat
3454 3260 3550 3300 eos
3593 3245 3688 3313 qni

2092 3338 2160 3405 ,id
2197 3336 2535 3392 frumentum
2565 3336 2977 3406 comportabant
3009 3350 3113 3390 non
3148 3336 3272 3391 inde
3303 3336 3369 3390 ad
3403 3337 3687 3405 proprium

2110 3430 2309 3486 victum
2340 3445 2578 3496 sumere,
2603 3431 2699 3486 sed
2730 3429 2862 3500 ipsis
2891 3429 3108 3485 aliunde
3133 3428 3554 3496 subministrari,
3578 3445 3691 3501 quo

2109 3522 2370 3585 interim,
2421 3523 2548 3576 dum
2595 3521 2647 3577 ei
2706 3520 3045 3577 convectioni
3104 3522 3378 3579 navabant
3426 3535 3688 3592 operam,

2107 3625 2481 3673 vescerentur.
2537 3616 2828 3669 Armorum
2888 3628 3017 3669 vero
3073 3613 3463 3669 redundantem
3519 3614 3688 3669 etiam

2106 3723 2394 3765 numerum
2449 3708 2817 3763 necessarium
2863 3708 3118 3777 putabat.
3153 3707 3258 3761 tale
3289 3708 3341 3762 id
3370 3721 3492 3763 esse
3520 3722 3692 3775 genus

2110 3814 2291 3854 rerum
2338 3807 2616 3863 statuens,
2650 3799 2806 3866 cuius
2847 3812 3125 3866 nunquam
3166 3798 3371 3854 aﬂ‘atim
3414 3801 3692 3856 utentibus

2114 3890 2217 3952 sit,
2245 3892 2443 3959 quippe
2471 3905 2703 3959 quorum
2739 3890 2903 3945 etiam
2939 3891 3062 3943 dum
3099 3889 3509 3947 itmutnerabilis
3539 3894 3690 3946 vide-

2111 3981 2270 4037 batur
2324 3980 2545 4035 alllnere
2588 3980 2780 4055 copia,
2827 3994 2969 4049 saepe
3026 3981 3080 4033 in
3131 3981 3421 4034 occasione
3465 3982 3690 4049 penuria

2106 4075 2398 4130 sentiatur.
2428 4070 2608 4138 Quare
2644 4068 2763 4127 illos
2798 4071 2994 4140 quibus
3029 4071 3379 4127 incumbebat
3407 4087 3476 4128 es
3511 4071 3689 4128 cilicio

2111 4165 2287 4237 gratis
2329 4163 2577 4233 qna-dam
2617 4164 2961 4232 suppeditare
2998 4162 3256 4218 militibus
3284 4163 3451 4232 jussit
3476 4165 3692 4220 adscri-

2107 4262 2239 4318 bere
2279 4259 2538 4330 catalogis
2578 4261 3036 4331 suggerendarum
3080 4274 3112 4315 ο
3150 4260 3282 4316 ﬁsco
3318 4276 3537 4329 rerum,
3568 4274 3690 4327 post

2107 4367 2318 4409 sacram
2370 4352 2616 4418 ieonem,
2660 4365 2812 4407 ma
2858 4352 3120 4421 cujusque
3165 4353 3382 4423 generis
3429 4364 3483 4409 et
3531 4371 3684 4411 usus.

2095 4446 2275 4501 istius
2309 4455 2417 4499 tam
2451 4454 2727 4500 accurata
2756 4442 3084 4512 provisionis
3106 4445 3356 4514 prudenti
3389 4446 3513 4503 huic
3542 4449 3691 4516 prin-

328 4572 343 4582 .
431 4542 518 4586 ter
550 4532 935 4598 utendumillo,
953 4546 1111 4600 quem
1137 4530 1450 4592 memoravi,
1472 4530 1699 4583 adventu
1725 4541 2005 4596 segregant
2041 4516 2083 4571 ὓ
2111 4536 2219 4607 είρί
2249 4550 2469 4591 causam
2501 4534 2731 4605 βταιιυίι
2760 4549 2945 4590 mmor
2979 4534 3164 4604 procul
3194 4536 3410 4590 “dum
3442 4535 3686 4606 parum;

435 4627 723 4681 l'ersarntn
771 4625 825 4679 in
888 4639 1045 4679 arces
1075 4622 1305 4678 Romani
1358 4622 1573 4676 limitis.
1633 4618 1701 4673 Et
1736 4622 1836 4675 hos
1858 4619 2003 4674 enim

436 4718 789 4773 blandissime
818 4717 1062 4773 delinivit
1099 4715 1289 4770 ofﬁciis
1338 4713 1745 4783 promissisque,
1789 4709 2011 4765 scilicet

429 4825 661 4878 sperans
687 4809 806 4864 istis
833 4822 912 4871 se,
935 4808 1090 4877 quasi
1125 4820 1253 4876 sepe
1282 4805 1513 4872 objecta,
1540 4803 1738 4860 mediis
1783 4817 2003 4857 usurum

428 4904 505 4957 ad
539 4905 825 4959 arcendam
864 4899 1231 4956 Tocharornm
1296 4898 1425 4962 vim,
1459 4897 1506 4953 si
1532 4895 1771 4966 quando,
1803 4894 1947 4966 quod
1976 4908 2007 4948 a

434 5006 596 5065 gente
629 4993 883 5049 bellicosa
938 4990 1168 5047 barbara
1207 4989 1384 5045 timeri
1419 4986 1701 5058 prudentia
1759 4986 2007 5057 iubebat,

429 5087 631 5143 bellum
656 5102 780 5143 cum
818 5084 1080 5139 Romanis
1112 5097 1272 5151 quam
1304 5094 1489 5151 pacem
1525 5080 1768 5136 mallent.
1815 5077 2013 5135 Stude-

432 5181 529 5238 bat
562 5191 743 5236 autem
794 5179 1091 5246 imperator
1140 5174 1489 5230 vehementer
1509 5187 1676 5244 quam
1704 5171 2007 5227 arctissima

432 5270 837 5327 necessitudine
867 5266 1091 5322 fmderia
1111 5264 1387 5323 Tocharos
1409 5266 1512 5322 sibi
1544 5264 1847 5323 devincire.
1876 5278 2013 5333 quo-

437 5369 583 5420 niam
619 5364 785 5418 armis
807 5375 930 5417 curn
972 5374 1038 5415 eu
1085 5369 1245 5429 gente
1266 5362 1562 5414 decernere
1589 5371 1705 5412 rem
1735 5356 1871 5412 adeo
1901 5364 2010 5410 ter-

440 5460 650 5516 nlnlem
686 5457 930 5527 putabat,
984 5466 1141 5511 utne
1192 5454 1528 5523 cogitatione
1584 5452 1802 5520 quidem
1830 5452 2009 5520 prima

437 5565 594 5609 tenus
616 5549 739 5605 belli
770 5562 894 5603 cum
950 5548 1018 5601 iis
1052 5546 1381 5616 suscipiendi
1431 5545 1759 5600 mentionem
1809 5543 2010 5595 admit-

440 5643 658 5696 tendam
683 5640 819 5694 duce
830 5646 929 5693 ret.
955 5636 1299 5706 Omninoque
1331 5635 1466 5692 adeo
1488 5634 1542 5688 id
1558 5632 1820 5689 horribile
1838 5638 2008 5699 puta-

438 5735 551 5799 but,
570 5742 628 5787 ut
648 5734 731 5788 vel
749 5733 864 5788 solo
885 5732 1097 5801 prolato
1116 5730 1339 5785 istorum
1354 5728 1576 5784 nomine
1599 5740 1813 5781 causam
1830 5738 1891 5779 se
1916 5723 2009 5776 lia-

436 5826 566 5882 bere
588 5826 836 5882 idoneam
873 5825 1093 5881 duceret
1124 5831 1293 5877 metus
1324 5838 1431 5875 nun
1468 5821 1643 5891 ignavi
1678 5827 1731 5871 et
1753 5833 1837 5872 co:
1860 5826 2008 5872 ster-

2108 4640 2398 4697 erumpere
2452 4627 2629 4698 gentis
2682 4625 2929 4682 barbara:
2973 4640 3277 4682 num-osa
3321 4627 3682 4693 vehementis,

2111 4718 2280 4773 etiam
2308 4733 2431 4774 cum
2463 4718 2701 4774 nondum
2730 4718 3127 4789 intelligeretur
3152 4717 3283 4787 quid
3311 4729 3478 4784 esset,
3509 4734 3685 4789 quan-

2113 4818 2224 4864 tum
2253 4821 2457 4880 posset,
2479 4826 2578 4866 cur
2597 4811 2715 4867 suis
2743 4809 2979 4866 latibulis
3003 4810 3199 4876 exiret,
3223 4811 3423 4881 quibus
3446 4820 3687 4866 uteretur

2111 4901 2390 4963 moribus.
2417 4916 2718 4973 pacemque
2746 4917 2815 4957 an
2848 4901 3047 4957 bellum
3079 4911 3447 4973 praeoptatura
3478 4904 3685 4956 videre-

2114 5000 2225 5047 tur.
2254 4991 2387 5048 Tam
2415 4993 2574 5062 vulgo
2604 4995 2751 5048 enim
2787 4995 3137 5050 increhuerat
3162 5008 3287 5049 cum
3320 4993 3545 5048 horrore
3573 5000 3684 5048 ter-

2112 5098 2342 5155 roreqne
2386 5086 2451 5140 ad
2498 5085 2868 5141 Tocharorusn
2919 5085 3251 5141 mentionem
3293 5086 3450 5154 quasi
3494 5085 3682 5153 panico

2114 5175 2270 5231 istius
2308 5175 2547 5243 ejusdem
2589 5191 2732 5231 caeca
2779 5177 3026 5246 quadam
3073 5176 3342 5247 ignoratio
3383 5175 3596 5244 populi.
3629 5182 3685 5227 ut

2111 5282 2208 5322 cos
2248 5268 2491 5337 plenique
2531 5268 2744 5323 caninis
2788 5266 3061 5322 deformes
3104 5267 3375 5337 capitibus
3412 5267 3682 5326 dicerent,

2113 5358 2423 5427 passimque
2487 5356 2768 5411 audiretur
2825 5357 2893 5410 de
2953 5355 3175 5410 immani
3239 5368 3429 5408 eorum
3493 5363 3687 5420 genere

2111 5450 2318 5514 victus,
2349 5463 2413 5502 ac
2442 5447 2794 5502 crederentur
2823 5446 3079 5502 humanis
3103 5446 3367 5501 carnibus
3400 5442 3682 5509 ingluviem

2111 5540 2343 5610 explere.
2382 5539 2520 5594 Cum
2560 5552 2691 5594 vero
2732 5539 2801 5592 ad
2845 5537 3185 5593 Theodorum
3231 5537 3286 5592 in
3327 5535 3557 5601 imperio
3599 5546 3683 5585 re-

2113 5640 2324 5687 centem
2354 5631 2666 5686 dicerentur
2688 5632 2721 5685 ii
2746 5645 2814 5686 es
2840 5630 3060 5687 Perside
3086 5631 3297 5700 legatos
3322 5626 3537 5682 mittere
3565 5623 3683 5694 (nec

2110 5723 2253 5778 fama
2295 5725 2712 5796 mentiebatur),
2752 5738 3004 5795 magnum
3042 5722 3118 5777 illi
3161 5734 3224 5777 ea
3260 5734 3349 5776 res
3389 5725 3590 5773 metum
3630 5721 3682 5767 et

2115 5816 2571 5885 perturbationem
2606 5817 2866 5871 admovit.
2901 5814 3147 5897 Decrevit
3181 5823 3361 5870 tamen
3392 5811 3681 5880 imperator
