3952 6524
229 418 332 479 573

1168 418 1264 476 DE
1303 417 1694 476 MICHAELE
1735 416 2199 476 PALJEOLOGO
2241 417 2384 476 LIB.
2435 416 2513 474 ll.

3357 413 3459 476 5⁷4

223 523 312 598 ἦν.
359 527 542 594 Ἔγνω
561 524 606 578 δ’
641 527 788 592 ὅμως
820 527 846 580 ὁ
881 526 1131 598 βασιλεὺς
1193 527 1256 579 τὸ
1311 527 1538 596 φοϐερὸν
1585 527 1792 580 πλασά-
1827 530 1867 585 Α
1896 525 1970 577 Τὸ
2000 527 2052 578 δέ
2110 543 2173 594 γε
2207 529 2306 595 τῆς
2343 526 2633 595 γερουσίας
2660 525 2749 578 καὶ
2773 525 2893 577 ὅσον
2929 518 2996 593 ἦν
3026 521 3133 575 τῶν
3179 524 3234 575 ἐν
3261 521 3346 594 [Ρ.
3372 523 3461 596 88]

224 635 388 688 μενος
427 618 663 680 ἐκείνους
691 618 1177 686 κατασοιρίσασθαι.
1237 618 1350 670 Καὶ
1406 617 1620 686 πρῶτον
1693 618 1791 686 μὲν

221 708 658 774 προαπέστελ).εν
679 708 752 770 ὼς
784 708 943 773 δῆθεν
981 709 1351 776 ἀγγελοῦντας
1395 711 1487 760 ἐπὶ
1537 707 1793 778 Περσίδος

218 799 293 861 ὡς
324 798 417 851 ἐπ’
451 799 648 860 αὐτοὺς
683 799 1071 869 εὐτρεπίζοιτο,
1098 800 1192 853 καὶ
1245 801 1296 853 οἱ
1333 799 1792 870 ταχὺδρομοῦντες

219 888 556 956 ἐπέμποντο.
587 890 864 952 Μισθὶςδ’
895 885 961 958 ἦν
997 892 1107 951 τοῖς
1160 888 1450 957 ἀγγελοῦσι
1511 889 1699 952 ταῦτα,
1744 889 1792 941 εί

219 978 584 1030 κινδυνεύιιεν
645 980 981 1048 ἐνιστάμενοι
1035 981 1126 1033 καὶ
1179 980 1275 1050 τὴν
1332 980 1438 1033 τῶν
1507 980 1794 1049 Ῥωμαίων

220 1071 400 1140 ἀρχὴν
431 1071 804 1122 ἀνυπόστατον
830 1072 995 1124 πᾶσιν
1038 1069 1426 1140 ὁμολογοῦντες
1478 1071 1673 1133 ἔθνεσι,
1704 1071 1796 1122 δα-

219 1161 347 1227 ιζμιὶηξ
379 1161 588 1221 τέκνοις
624 1162 901 1229 σφετέροις
937 1161 1026 1214 καὶ
1053 1161 1266 1228 γυναιξ)⁸
1293 1161 1597 1229 σιτηρέσια.
1663 1156 1795 1212 Εἶτα

219 1255 274 1306 δέ
306 1257 420 1309 τοῖς
453 1253 716 1320 πρέςὸεςι
761 1252 1182 1321 προσελαύνουσι
1217 1251 1436 1320 πέμψας
1466 1253 1591 1314 τοὺς
1627 1251 1795 1303 ὑπαν-

220 1347 491 1411 τήσοντας
523 1345 594 1404 ὡς
627 1343 785 1409 δῆθεν
836 1346 930 1396 καὶ
977 1344 1128 1410 σφίσι
1161 1345 1255 1405 τὰς
1299 1343 1454 1406 ὁδοὺς
1507 1342 1793 1413 ὁδηγῆσαι,

220 1433 284 1484 δι’
309 1435 391 1484 ὅτι
423 1433 715 1502 δυσχώρων
749 1434 1062 1503 ἐξεπίτηδες
1102 1435 1277 1487 τόπων
1321 1434 1561 1496 ἐκείνους
1624 1433 1798 1486 διαϐι-

222 1522 411 1586 ὁάζειν
446 1528 795 1594 προσέταττε.
826 1525 928 1576 κᾶν
953 1542 1034 1588 τις
1079 1526 1388 1578 ἀποκναίων
1447 1525 1670 1594 ἐρωτῴη
1700 1524 1797 1591 τὴν

220 1613 554 1682 δυσχωρίαν,
611 1615 753 1667 οὕτω
823 1616 998 1667 πᾶσαν
1045 1615 1187 1685 ἔχειν
1229 1616 1325 1684 τὴν
1363 1616 1462 1682 τῆς
1499 1614 1796 1682 Ῥωμαῖδος

222 1702 324 1770 γῆν
359 1704 779 1772 ἀποκρίνεσθαι,
810 1704 885 1767 ὼς
921 1705 1151 1773 ἑτοίμως
1183 1705 1411 1774 ἐχόντων
1449 1704 1526 1774 τῷ
1559 1704 1634 1774 μὴ
1667 1703 1800 1755 alas-

221 1811 307 1845 ναι
369 1796 669 1850 πιστεύειν.
731 1797 883 1848 Ἐπεὶ
921 1796 976 1848 δὲ
1032 1801 1123 1848 καὶ
1171 1797 1304 1867 πρὸς
1357 1795 1577 1865 βασιλέα
1630 1795 1796 1847 πολλὰ

224 1889 556 1948 πονέσαντες
618 1890 1032 1957 παραγένοιντο,
1081 1889 1278 1956 τηνίκα
1344 1889 1438 1940 καὶ
1505 1888 1618 1943 ἀλλ’
1665 1888 1799 1942 ἄττα

223 1975 436 2044 φοὸερὰ
459 1976 672 2028 ὑπενόει
708 1977 781 2038 ὡς
804 1969 997 2028 αὐτίκα
1028 1978 1120 2028 καὶ
1153 1978 1218 2029 ἐκ
1248 1978 1345 2040 τῆς
1373 1977 1498 2038 Θέας
1523 1979 1797 2046 φοϐήσων.

233 2066 531 2118 Ἐπέταττε
576 2068 684 2133 γὰρ
712 2067 808 2128 τὰς
858 2067 1115 2135 δυνάμεις
1162 2068 1218 2121 ἐν
1273 2067 1453 2136 ταυτῷ
1510 2068 1798 2130 συνελθεῖν,

224 2155 314 2208 καὶ
357 2157 715 2218 ὁπλισθέντας
740 2157 878 2210 κατὰ
909 2160 1154 2228 φρήτρας
1180 2161 1271 2210 καὶ
1307 2157 1449 2226 φῦλα
1476 2159 1568 2210 καὶ
1599 2159 1799 2221 τάξεις,

224 2249 281 2298 ἐν
322 2251 515 2309 ποσοῖς
554 2264 663 2299 τισι
709 2264 817 2299 των
862 2248 997 2300 ὁδῶν
1069 2247 1430 2317 διαστήμασιν
1482 2249 1804 2316 ἱσταμένους

226 2339 649 2406 καταφράκτους
671 2338 892 2408 σιδήρῳ,
922 2338 1087 2407 φόὸον
1109 2339 1249 2392 κατὰ
1279 2338 1498 2401 παιδιὰς
1526 2340 1799 2407 ἐμποιεῖν.

227 2511 570 2566 dissimulata
628 2510 916 2565 formidine
973 2513 1119 2581 ipsos
1176 2511 1380 2566 fallere.
1434 2514 1510 2567 Ac
1571 2518 1801 2580 primum

229 2605 379 2657 misit
427 2613 604 2656 certos
651 2602 896 2656 ltnmines
932 2605 1021 2671 qui
1074 2604 1388 2658 nuntiarent
1432 2605 1482 2658 in
1530 2603 1802 2659 Persidem

230 2691 605 2748 Romanorum
652 2692 1034 2760 imperatorem
1081 2709 1395 2762 comparare
1439 2695 1593 2766 135
1638 2712 1694 2751 se
1741 2699 1803 2750 ad

233 2784 561 2837 movendum
592 2784 642 2836 in
671 2797 766 2838 eos
792 2783 1006 2838 infestis
1039 2784 1228 2854 signis.
1258 2784 1322 2838 lli
1360 2786 1448 2839 alii
1484 2801 1644 2856 super
1673 2788 1806 2841 alios

233 2878 384 2929 varie
417 2874 771 2929 mittebantur
799 2890 961 2944 quam
992 2875 1359 2940 velocissime,
1387 2893 1508 2930 cum
1539 2878 1806 2932 mandatis

235 2981 568 3035 magnopere
590 2967 883 3022 extollendi
911 2967 1137 3022 Romani
1164 2968 1374 3037 imperii
1404 2969 1724 3037 petentium,
1750 2980 1806 3023 ut

236 3057 500 3111 resistere
532 3057 675 3111 nulla
706 3059 951 3127 quamvis
981 3059 1095 3114 fera
1128 3069 1182 3114 et
1208 3075 1491 3115 numerosa
1523 3077 1654 3132 gens
1682 3076 1806 3130 pos-

1832 1861 1870 1914 Β

1891 617 2034 668 τέλει
2062 619 2152 668 καλ⁶
2180 616 2255 685 τῷ
2287 610 2498 685 βασιλεῖ
2519 616 2653 684 πρὸς
2685 617 2938 685 αἵματος,
2982 614 3188 676 πάντας
3224 614 3357 682 πρὸς
3405 615 3464 668 τὸ

1895 705 2309 774 μεγαλειότερον
2333 705 2764 774 ἐσκευασμένους
2791 705 2882 757 καὶ
2916 705 3129 765 στολαῖς
3185 705 3278 757 καὶ
3335 721 3460 771 γεν-

1892 797 2026 866 ναίῳ
2062 797 2159 866 τῆς
2193 797 2368 865 ψυχῆς
2399 797 2812 867 παραστήματι,
2854 795 2932 857 ὡς
2963 796 3160 848 αὐτίκα
3202 795 3290 847 τὸν
3319 794 3516 848 κατὰ»

1894 889 2059 950 πόδας
2080 888 2434 952 λαπάξοντας,
2466 886 2723 948 πολλάκις
2749 887 2976 948 suam;
3011 885 3070 949 ἐξ
3124 887 3347 953 ἀφανῶν
3407 888 3465 948 ἐς

1892 981 2056 1032 ταυτὸ
2085 979 2454 1049 ’ξυμπίπτειν,
2499 980 2574 1042 ὡς
2619 981 2744 1040 τοὺς
2789 980 2985 1042 αὐτοὺς
3037 980 3136 1046 μὲν
3171 975 3306 1031 εἶναι
3343 980 3467 1042 ταῖς

1894 1071 2190 1138 ἀληθείαις,
2223 1073 2398 1124 δοκεῖν
2435 1070 2481 1124 δ’
2504 1071 2693 1132 ἄλλους
2723 1072 2814 1122 καὶ
2850 1069 3040 1132 ἄλλους
3065 1071 3156 1122 καὶ
3177 1071 3465 1141 ,μηδέποτε

1893 1163 2016 1225 τοὺς
2078 1163 2308 1227 αὐτοὺς,
2370 1163 2570 1232 τρόπον
2637 1163 2972 1215 δακτυλιδίου
3033 1164 3323 1232 σφενδόνην
3387 1163 3466 1233 μὴ

1896 1253 2128 1322 ἔχοντος,
2150 1255 2215 1324 ἦν
2245 1271 2327 1316 τις
2363 1254 2601 1322 βούλοιτο
2624 1254 2707 1306 ἐπ’
2735 1253 2943 1306 ἐκείνου
2971 1253 3031 1304 τὸ
3078 1255 3344 1324 πρότερον
3371 1254 3467 1328 καὶ

1894 1347 1954 1396 τὸ
1994 1344 2220 1413 ὕστερον
2249 1343 2494 1413 θεωρεῖν,
2532 1343 2607 1406 ὡς
2638 1345 2696 1396 τδ
2727 1345 2861 1396 αὐτο
2893 1345 2992 1408 μὲν
3044 1342 3302 1406 πολλάκις
3327 1343 3469 1412 λαμ-

1895 1437 2188 1503 ϐανόμενον
2220 1429 2383 1495 εἶναι,
2439 1436 2612 1486 δοκεῖν
2658 1433 2702 1486 δ’
2758 1433 2942 1503 ἕτερον
2997 1436 3061 1502 τῇ
3134 1433 3466 1502 μεταλλαγῇ.

1897 1526 2066 1579 Αὑτὸν
2090 1526 2143 1578 δὲ
2172 1525 2464 1595 βασιλικῶς
2498 1525 2848 1591 ἐσταλμένον,
2879 1524 3047 1592 μηδὲν
3073 1525 3180 1576 τῶν
3221 1524 3468 1593 φοϐερῶν

1897 1619 2233 1682 ἐλλείποντα,
2259 1618 2371 1671 ἄνω
2400 1633 2499 1668 που
2529 1615 2798 1684 καθῆσθαι
2832 1616 3046 1685 σπάθην
3087 1617 3320 1688 φέροντα
3349 1619 3468 1680 ταῖς

1897 1713 2072 1780 χερσὶ,
2110 1709 2293 1779 βήλοις
2323 1725 2379 1760 τε
2412 1707 2727 1760 πολυτελέσι
2767 1707 3312 1776 περικεκλεισμένον,
3365 1709 3468 1761 ἆλ-

1899 1801 2005 1852 λων
2034 1801 2129 1853 καὶ
2161 1799 2340 1852 αὐτῶν
2372 1799 3096 1869 φοϐερῶνπεριισταμένων,
3146 1804 3347 1856 ἱκανῶν
3385 1803 3471 1855 δν-

1901 1901 2007 1938 των
2032 1886 2124 1956 καὶ
2145 1885 2344 1938 τούτων
2372 1886 2709 1954 καταπλῆξαι
2737 1889 2826 1940 τὸν
2848 1891 3056 1958 ὁρῶντα
3083 1893 3202 1943 καθ’
3223 1892 3470 1956 ἑαυτοὺς,

1902 1977 2042 2029 οὕτω
2075 1978 2246 2028 ποιεῖν
2277 1979 2636 2046 χρηματίζειν
2665 1982 2776 2041 τοῖς
2813 1980 3100 2048 πρέσϐεσι,
3126 1983 3343 2052 μακρὰν
3373 1983 3472 2052 μὲν

1903 2069 2230 2138 ἱσταμένοις,
2267 2069 2388 2121 ὅσον
2412 2068 2649 2132 εἰκάζειν
2686 2071 2773 2122 τὸν
2807 2071 3031 2139 βασιλέα
3080 2074 3171 2124 καὶ
3228 2076 3358 2144 ὸρᾷν
3403 2075 3474 2128 τὰ

1901 2159 2168 2228 δρώμενα,
2199 2159 2454 2230 ἐξαίφνης
2479 2161 2521 2212 δ’
2546 2160 2604 2225 ἐξ
2632 2163 2824 2225 ἀδήλου
2867 2163 2973 2215 τῶν
3035 2166 3446 2234 παραπετασμά
3471 2194 3474 2197 -

1903 2267 2010 2302 των
2043 2252 2452 2320 διανοιχθέντων
2489 2251 2658 2314 οὕτως
2688 2254 3008 2320 ἐγγενέσθαι
3041 2256 3194 2323 σφὲσι
3251 2255 3475 2324 βλέπειν

1902 2341 2243 2412 τὸνβασιλέα
2291 2345 2384 2396 ἐπὶ
2436 2345 2530 2398 τοῦ
2586 2346 2776 2416 θρόνου
2827 2347 2968 2416 μάλα
3023 2347 3473 2417 σοϐαρευὸμενον.

1910 2525 2066 2594 plane
2127 2524 2454 2590 terrificam,
2504 2539 2729 2594 quzeque
2785 2525 2928 2595 ipsos
2987 2528 3278 2596 quamlibet
3336 2527 3477 2580 ferus

1909 2619 2086 2688 primo
2119 2625 2336 2685 aspectu
2372 2617 2706 2684 percelleret.
2737 2617 3069 2687 Praeceperat
3094 2619 3235 2672 enim
3266 2619 3476 2673 exerci-

1910 2720 2018 2761 tum
2051 2708 2340 2762 convenire
2367 2708 2712 2774 universum,
2741 2723 3036 2778 omnesque
3073 2709 3268 2764 milites
3298 2724 3481 2764 arma-

1909 2812 1988 2853 tos
2009 2815 2105 2868 per
2145 2800 2464 2866 manipulos,
2488 2803 2766 2866 cohortes,
2837 2801 3103 2872 legiones,
3153 2801 3379 2856 structis
3425 2811 3481 2855 et

1907 2892 2134 2962 digestis
2169 2891 2486 2956 ordinibus,
2515 2892 2579 2945 ad
2616 2902 2762 2946 certa
2798 2892 3006 2947 viarum
3045 2895 3322 2948 intervalla
3357 2903 3474 2948 sta-

1908 2981 2141 3036 tionibus
2177 2981 2494 3050 deseriptis,
2537 2997 2798 3052 apparere
2842 2986 3216 3054 cataphractos
3252 2995 3306 3040 et
3337 2993 3482 3041 totos

1908 3077 2140 3146 rigentes
2183 3075 2355 3139 ferro,
2391 3076 2611 3146 insuper
2648 3079 2880 3132 monitos
2918 3088 2977 3132 ut
3014 3088 3182 3132 artem
3221 3078 3482 3134 addc-rent

235 3149 326 3214 sit,
359 3149 417 3202 in
452 3162 623 3218 eaque
655 3149 1008 3206 affirmatione
1037 3165 1200 3221 quam
1231 3150 1597 3207 efficacissime
1628 3154 1802 3207 incul-

1917 3169 2160 3237 negotio,
2191 3166 2570 3238 efl‘erandaque
2608 3170 2728 3222 data
2770 3186 2930 3238 opera
2972 3174 3307 3226 contumacia
3343 3190 3479 3242 qua-

236 3240 410 3294 canda
456 3241 770 3307 insistendi,
806 3243 982 3311 quoad
1027 3243 1186 3297 fidem
1226 3241 1488 3300 facerent.
1525 3242 1692 3313 Cujus
1733 3250 1808 3299 rel

241 3333 491 3403 periculo
525 3350 591 3389 ne
623 3337 1050 3402 deterrerentur,
1081 3336 1359 3407 provisum
1394 3345 1511 3392 erat
1545 3338 1812 3406 magnitu-

238 3425 361 3479 dine
390 3425 669 3494 promissae
693 3409 977 3481 mercedis.
1001 3425 1479 3491 Constituebantur
1509 3428 1704 3496 quippe
1730 3428 1814 3483 his

237 3519 328 3584 qui
377 3518 534 3570 istam
577 3529 794 3585 operam
841 3515 1146 3585 reipublicae
1188 3519 1459 3573 navabant
1501 3519 1676 3584 ampla
1715 3519 1812 3574 de-

238 3621 428 3661 mensa
464 3622 495 3661 e
526 3607 738 3678 publico
769 3614 821 3663 et
853 3617 1007 3664 stata:
1037 3622 1407 3681 perpetuoque
1439 3611 1713 3665 duratura:
1759 3611 1811 3664 in

238 3697 494 3750 alimenta
528 3697 851 3767 pensiones,
880 3702 1106 3768 quibus,
1136 3702 1180 3755 si
1213 3702 1342 3771 quid
1375 3701 1685 3759 humanitus
1709 3744 1724 3770 ,
1757 3710 1815 3758 nt

240 3787 294 3840 in
340 3787 650 3851 periculoso
693 3790 1027 3852 ministerio.
1065 3793 1174 3862 pati
1215 3795 1554 3865 contingeret
1589 3810 1682 3851 eos
1724 3799 1814 3865 qui

244 3885 586 3942 meruerant,
633 3894 832 3935 uxores
888 3881 1128 3950 ipsorum
1176 3883 1442 3954 liberique
1485 3886 1814 3941 fruerentur.

241 3969 390 4024 Alios
431 3971 598 4024 etiam
643 3972 931 4027 destinavit
967 3974 1021 4029 in
1061 3987 1346 4031 occursum
1391 3976 1684 4046 legatorum
1725 3979 1815 4047 qui

240 4070 612 4116 monstrarent
650 4062 750 4117 iter
789 4079 805 4118 :
846 4065 939 4121 sed
977 4065 1062 4121 bis
1103 4068 1358 4137 praecepit
1397 4077 1455 4122 ut
1495 4083 1586 4122 eos
1626 4069 1690 4122 de
1732 4069 1818 4122 in-

241 4152 452 4205 dustria
489 4167 585 4221 per
612 4153 726 4208 loca
760 4156 995 4211 maxime
1029 4170 1216 4226 aspera
1252 4157 1505 4227 inviaque
1537 4159 1815 4224 ducerent,

244 4253 574 4298 excusantes
601 4245 698 4299 soli
729 4257 976 4300 naturam
1010 4258 1066 4302 et
1089 4247 1456 4303 difﬁcultatem
1488 4251 1639 4314 situs,
1669 4251 1817 4303 inde-

243 4348 347 4402 que
387 4343 604 4403 captata
647 4336 934 4391 occasione
972 4339 1417 4393 commendantes
1457 4338 1605 4394 istud
1644 4340 1816 4407 ipsum

245 4425 378 4494 ipsis
408 4426 707 4480 exlifbitum
734 4426 990 4492 oﬂicium,
1026 4440 1276 4504 tanquam
1304 4430 1551 4484 videlicet
1582 4431 1817 4500 impera-

1916 3263 2034 3313 tlnm
2074 3265 2185 3316 oris
2221 3277 2284 3317 ac
2321 3262 2731 3331 superciliorum
2774 3263 2933 3317 minis
2975 3266 3125 3332 quasi
3170 3282 3264 3334 per
3297 3265 3481 3320 ludum

1916 3353 2257 3407 formidinem
2296 3362 2573 3422 angerent.
2604 3351 2896 3410 Senatores
2924 3370 3137 3425 quoque
3167 3368 3390 3410 cunctos
3419 3373 3484 3411 ac

1913 3452 2175 3512 quotquot
2203 3443 2361 3517 136
2391 3445 2443 3497 in
2473 3445 2742 3514 praecipua
2773 3445 3030 3514 dignitate
3058 3456 3229 3506 erant.
3260 3463 3487 3514 prmser-

1918 3535 2011 3587 tim
2048 3534 2377 3602 imperatorii
2409 3535 2690 3604 sanguinis
2721 3535 3025 3605 principes,
3047 3537 3284 3605 juSserat
3323 3553 3482 3602 quam

1917 3623 2199 3693 magnifice
2244 3639 2306 3678 ac
2350 3625 2750 3693 speciosissime
2792 3627 3014 3681 vestitos
3060 3628 3316 3696 peculiari
3354 3643 3483 3680 cura

1918 3715 2251 3784 majestatem
2289 3730 2351 3767 ac
2376 3715 2573 3770 fastum
2604 3716 2878 3781 affectare,
2903 3716 3011 3770 imo
3047 3718 3284 3770 trucibus
3315 3719 3487 3772 oculis

1914 3809 2173 3878 vultuque
2204 3809 2343 3863 irato
2375 3808 2516 3864 feros
2545 3808 2766 3877 Spiritus
2795 3823 2905 3878 pra:
2933 3823 2992 3863 se
3021 3808 3164 3863 ferre
3189 3811 3332 3864 velut
3357 3825 3483 3863 mox

1916 3900 2210 3956 nbtrituros
2261 3915 2637 3969 quemcunque
2691 3908 3112 3966 occurrentem,
3161 3901 3348 3971 sicque
3405 3901 3488 3955 ire

1920 3991 2204 4060 redireque
2231 3993 2450 4060 sacpius,
2477 4000 2752 4045 ostentare
2780 4005 2840 4045 se
2867 4005 3163 4059 rursusque
3190 3989 3488 4056 occultare,

1918 4083 2207 4150 statimque
2243 4083 2419 4136 denuo
2456 4081 2695 4148 intrare,
2725 4091 2782 4135 ut
2815 4081 2904 4135 alii
2943 4082 3142 4150 aliique
3179 4081 3490 4136 viderentur

1917 4183 1971 4229 et
2002 4188 2258 4229 numerus
2289 4175 2340 4228 in
2372 4173 2607 4243 speciem
2640 4184 2933 4231 cresceret.
2966 4173 3116 4228 Sicut
3137 4175 3280 4228 enim
3309 4188 3490 4228 annu-

1919 4265 2026 4319 lum
2059 4264 2176 4334 pala
2209 4273 2482 4319 carentem
2510 4264 2601 4334 qui
2631 4264 2869 4320 secundo
2895 4265 3039 4317 videt
3068 4263 3225 4316 facile
3257 4262 3487 4317 alterum

1917 4357 2116 4422 credit,
2152 4356 2350 4426 quippe
2395 4370 2502 4412 non
2550 4356 2835 4412 habentem
2879 4370 2986 4425 quo
3021 4355 3365 4409 discernatur
3397 4361 3493 4406 aut

1928 4450 2072 4512 unde
2123 4449 2330 4518 iudicet
2387 4457 2662 4518 spectator
2715 4447 2961 4502 eumdem
3020 4461 3182 4500 unum
3253 4447 3495 4500 secundo

247 4526 330 4570 tor
363 4521 549 4572 audito
583 4519 796 4573 illorum
832 4521 1061 4575 adventu
1086 4562 1101 4588 ,
1135 4531 1186 4576 et
1217 4523 1468 4579 c0nscius
1505 4525 1806 4593 asperitatis

1918 4541 2142 4596 tertiove
2177 4538 2349 4602 sumi,
2382 4553 2554 4607 quare
2590 4537 2664 4591 illi
2701 4535 2860 4591 facile
2899 4537 3257 4605 persuadetur
3289 4535 3493 4588 multos

248 4609 524 4674 itinerum,
553 4611 723 4664 multa
755 4609 1089 4682 benignitate
1119 4613 1306 4669 obvios
1336 4613 1658 4669 deductores
1688 4613 1814 4668 viae-

247 4714 350 4768 que
381 4699 588 4756 iudices
617 4703 847 4757 miserit.
871 4703 1340 4775 Admonueratque
1369 4714 1427 4760 ut
1450 4705 1494 4760 si
1525 4707 1645 4774 quis
1673 4703 1815 4760 forte

246 4793 552 4864 legatorum
585 4796 725 4850 inter
753 4810 894 4865 aegre
930 4799 1232 4867 superanda
1267 4798 1563 4868 praecipitia
1596 4798 1810 4868 rupium

248 4895 298 4939 et
328 4887 562 4940 saltuum
597 4886 854 4956 perplexa
889 4887 1125 4944 offensus
1159 4899 1591 4958 percontaretur,
1621 4890 1810 4960 ecquis

248 4978 327 5031 vel
379 4979 540 5047 longo
584 4978 818 5034 circuitu
867 4982 1033 5049 qua'ri
1085 4991 1266 5050 posset
1307 4983 1434 5038 alibi
1482 4981 1817 5038 commodior

249 5071 545 5136 transitus,
605 5082 915 5128 constantes
980 5076 1384 5146 concordesque
1441 5083 1817 5131 asseverarent

250 5176 512 5230 nusquam
542 5163 834 5232 quidquam
870 5164 1200 5221 tolerabilius
1226 5168 1546 5236 Sperandum
1575 5183 1590 5221 :
1617 5167 1818 5234 ubique

247 5257 390 5307 enim
453 5254 704 5308 similiter
753 5266 1076 5326 praeruptam
1133 5244 1556 5326 impeditamque
1614 5266 1814 5312 terram

254 5341 552 5395 Romanam
608 5357 766 5410 esse,
821 5345 925 5399 hoc
987 5345 1251 5415 siquidem
1305 5345 1463 5402 facile
1519 5349 1819 5403 credituros

249 5433 512 5488 audacter
556 5435 820 5504 indigenis
867 5436 1257 5494 affirmantibus
1299 5453 1523 5507 peregre
1567 5441 1818 5508 appulsos

251 5523 516 5580 barbaros
545 5526 614 5580 ob
648 5529 1008 5582 necessariam
1045 5529 1430 5598 ignorationem
1467 5539 1576 5584 tam
1613 5532 1819 5603 lengin-

251 5631 367 5682 Qua:
410 5618 667 5685 regionis.
712 5617 1156 5691 Quandocunque
1199 5630 1378 5677 autem
1427 5634 1548 5692 post
1590 5625 1818 5679 multum

251 5707 483 5777 denique
516 5709 756 5767 laborem
793 5713 859 5767 ad
895 5713 1275 5782 imperatorem
1314 5715 1688 5784 pervenirent,
1720 5728 1818 5770 ex-

253 5799 585 5866 cogitaverat
642 5803 1224 5875 modumlobjectandi
1288 5808 1367 5862 eis
1431 5807 1538 5864 illic
1601 5822 1820 5864 scenam

1916 4646 2041 4689 esse
2092 4630 2253 4700 plane
2302 4629 2507 4684 similes
2556 4629 2661 4684 sibi
2710 4629 3092 4691 succedentes,
3141 4627 3211 4680 ita
3263 4640 3494 4696 pronum

1916 4733 2034 4780 erat
2062 4734 2281 4779 exteros
2319 4723 2613 4777 intrantem
2655 4721 2706 4776 in
2754 4721 2932 4775 aulam
2971 4719 3397 4787 offerentemque
3431 4731 3495 4772 so

1917 4814 2150 4870 subinde
2209 4822 2524 4869 senatorem
2584 4823 2680 4866 aut
2739 4811 3038 4883 principem
3094 4812 3338 4863 eumdem
3393 4821 3495 4876 pro

1917 4903 2152 4959 diversis
2197 4918 2437 4958 sumere.
2475 4902 2643 4957 Porro
2684 4901 2798 4971 ipse
2841 4901 3206 4972 imperatoriis
3249 4898 3494 4953 vestibus

1919 4995 2152 5048 maxime
2194 4993 2438 5066 angustis
2476 4993 2916 5062 splendidissime
2959 4998 3186 5047 ornatus
3231 4989 3496 5060 praecelso

1919 5086 2164 5141 residens
2212 5087 2379 5150 solio,
2414 5085 2700 5141 minaciter
2736 5086 2992 5154 supinus,
3025 5085 3171 5136 vultu
3213 5094 3278 5135 ac
3316 5079 3495 5134 fronte

1920 5189 2180 5233 terrorem
2229 5178 2592 5247 spirantibus,
2629 5192 2814 5232 ensem
2858 5177 3161 5231 districtum
3206 5187 3370 5226 manu
3407 5171 3495 5227 vi-

1927 5270 2095 5324 brans
2124 5269 2327 5322 latebat
2359 5268 2502 5323 intra
2539 5277 2748 5338 septum
2781 5267 2915 5322 velis
2945 5267 3179 5334 undique
3212 5261 3496 5334 pretiosis-

1923 5361 2072 5414 simis
2098 5360 2353 5429 oppausis
2380 5360 2622 5416 clausum
2641 5401 2656 5428 ,
2686 5377 2790 5414 non
2831 5358 3010 5412 statim
3038 5357 3364 5425 conspicuus
3394 5355 3495 5409 ad.

1924 5448 2200 5503 mittendis
2229 5448 2283 5502 in
2319 5448 2521 5513 aulam,
2547 5463 2664 5520 quas
2695 5448 2816 5502 aliis
2843 5446 2993 5501 varie
3019 5445 3195 5500 cincta
3226 5445 3497 5500 terriculis

1925 5539 2067 5593 haud
2107 5541 2268 5596 dubia
2309 5539 2600 5595 formidine
2639 5540 2922 5610 perfusura
2950 5545 3068 5593 erat
3101 5535 3496 5608 quantumlibet

1923 5639 2260 5687 constantem
2315 5632 2684 5701 audacemque
2743 5638 3133 5700 spectatorem.
3191 5627 3495 5682 Traductos

1924 5735 2021 5790 per
2045 5722 2200 5776 istam
2233 5729 2498 5776 terrorum
2531 5733 2777 5790 pompam
2816 5720 2870 5775 in
2909 5719 3027 5790 ipso
3065 5727 3358 5788 conspectu
3389 5715 3490 5772 veli

1893 5814 2180 5892 .throuum
2231 5812 2439 5883 regium
2491 5814 2720 5882 tegentis
2765 5827 2916 5869 mora
2967 5811 3297 5884 longiuscula
3347 5808 3484 5866 deti-
