3952 6512
208 447 302 505 ΞΠ
1160 447 1255 506 DE
1299 445 1688 505 MICIIAELE
1729 440 2191 502 PALEOLOGO
2226 442 2352 501 LIB
2421 443 2475 502 Il
2514 495 2523 500 .

3366 434 3467 508 ινδ

206 556 404 623 ἔχοιεν,
433 557 563 610 ἰδεῖν
596 558 652 610 δὲ
685 559 777 609 imi
799 558 926 620 τοὺς
955 556 1411 626 θεληματαρίους,
1462 555 1556 618 οὓς
1613 555 1708 606 καὶ
1755 555 1782 605 ὀ
1812 562 1854 611 Α
1886 551 2040 620 πειδὴ
2069 553 2095 603 ὁ
2124 551 2345 618 ἀνεψιὸς
2380 551 2589 603 ἐκείνου
2632 550 2869 612 Ἀλέξιος
2911 551 3158 605 ἐπέκειτο
3195 555 3430 622 προσϐιά
3452 595 3460 598 ρ

206 647 363 711 λόγος
400 648 745 716 προέγραψε,
779 651 874 700 καὶ
914 649 1172 718 ὁμιλῆσαι
1198 648 1264 700 τά
1289 651 1338 701 oi
1367 647 1630 700 δοκοῦντα
1655 663 1721 696 πε
1737 645 1788 712 pi.

205 741 299 805 τῆς
330 739 570 801 πόλεως.
619 740 818 792 Ἐλθὼν
852 736 944 792 οὖν
977 743 1070 794 καὶ
1102 741 1377 810 σκηνήσας
1403 741 1460 792 ὲν
1491 742 1600 801 τοῖς
1631 756 1695 790 πε
1707 755 1790 807 ρι-

212 831 420 892 πολίοις
508 833 903 900 προσεκαλεῖτο
980 832 1253 901 κρυφηδὸν
1321 834 1447 894 τοὺς
1498 831 1787 893 δοκοῦντας

211 923 462 986 ἐκείνων,
505 923 598 976 καί
641 941 704 991 γε
752 925 1110 977 κατεπίστευε
1143 924 1294 992 σφίσι
1331 923 1400 975 τὰ
1443 925 1585 975 κατὰ
1641 922 1788 987 νοῦν,

209 1016 512 1068 ὑποτείνων
568 1017 842 1077 κάκείνοις
880 1016 1122 1079 ἐλπίδας,
1186 1019 1234 1068 εί
1289 1019 1624 1087 συνεργοῖεν,
1690 1015 1790 1076 τὰς

210 1108 452 1178 μείζους.
490 1109 612 1160 Τῶν
633 1109 688 1160 δὲ
729 1109 914 1177 καιρὸν
946 1108 1090 1176 ἔχειν
1123 1109 1384 1161 εἰπόντων
1420 1109 1494 1171 ὡς
1519 1109 1789 1181 ἐγκαίρως

207 1197 626 1266 ἐπιθησομένων
665 1199 746 1267 (τὸ
791 1198 899 1267 γὰρ
951 1197 1060 1251 τῶν
1104 1198 1323 1251 Ἰταλῶν
1370 1197 1615 1256 πλιὶιῖμον
1665 1199 1788 1249 ὅσον

205 1285 272 1357 ἦν
300 1291 361 1338 ἐν
401 1291 470 1357 τῇ
501 1288 648 1340 πόλει
671 1289 760 1340 ἐπὶ
785 1288 1125 1354 Δαφνουσίας
1151 1289 1226 1350 ὡς
1254 1290 1463 1341 ἁλῶσον
1500 1290 1597 1357 τὴν
1627 1289 1789 1356 νῆσον

207 1383 430 1449 χωρεῖν,
457 1380 552 1432 καί
597 1383 648 1448 γ’
677 1381 770 1433 ἐπὶ
821 1382 1102 1442 πλείσταις
1162 1383 1397 1451 ἡμέραις
1459 1380 1788 1451 προσταλαι-

208 1469 512 1536 πωρεῖσθαι
552 1469 886 1539 καθήμενον,
913 1471 1068 1539 δχλον
1090 1471 1134 1523 δ’
1174 1471 1348 1532 ἄλλως
1385 1467 1610 1523 εἶναιτὸ
1642 1471 1785 1522 κατὰ

191 1558 362 1624 ,πόλιν
389 1559 488 1610 καὶ
522 1561 773 1628 πολέμων
812 1560 1158 1629 ἀπείρατον),
1186 1559 1342 1614 ταῦτ’
1368 1562 1632 1614 εἰπόντων
1691 1561 1788 1613 καὶ

204 1651 270 1701 τὰ
327 1652 500 1704 πιστὰ
546 1651 794 1705 διδόντων
842 1652 918 1714 ὡς
975 1654 1400 1724 συνεργήσουσιν
1454 1655 1790 1723 (ὁμονοήσειν

202 1741 310 1810 γὰρ
374 1743 531 1810 σφίσι
571 1746 816 1807 καὶτοὺς
853 1744 1075 1808 λοιποὺς
1121 1746 1448 1815 ἐπὶτοῦτο),
1503 1749 1529 1798 ὁ
1574 1748 1790 1817 Καῖσαρ

202 1833 430 1895 αὐτίκα,
456 1836 544 1886 ὅτε
578 1835 676 1900 μὲν
704 1835 836 1903 πρὸς
861 1836 987 1896 τοὺς
1004 1836 1098 1888 ἀπ’
1129 1836 1355 1889 ἐκείνων
1385 1837 1572 1904 λόγους
1600 1837 1784 1890 ἀπείδε

199 1927 294 1977 καὶ
333 1928 435 1993 τὴν
468 1926 777 1994 προθυμίαν
806 1925 952 1995 ἐώρα
1001 1927 1078 1990 ὼς
1100 1928 1332 1995 ἑτοίμως
1368 1929 1598 1996 ἐχόντων
1626 1945 1786 1998 προσ-

199 2018 444 2086 ϐοηθεῖν,
476 2018 694 2089 ἐθάρρει
723 2017 822 2088 τὴν
854 2019 1180 2090 προσϐολὴν,
1215 2021 1302 2072 ὅτε
1327 2019 1384 2071 δὲ
1413 2019 1550 2088 πρὸς
1582 2020 1640 2071 τὸ
1673 2023 1774 2090 τῆς

202 2111 580 2178 ἐγχειρήσεως
611 2110 868 2179 δυσχερὲς
890 2110 1045 2170 αὖθις
1076 2110 1352 2164 ἀπέϐλεπε
1377 2110 1470 2164 καὶ
1506 2111 1567 2162 τὺ
1604 2112 1785 2164 κινδυ-

204 2200 374 2261 νῶδες
408 2201 505 2252 τοῦ
538 2201 886 2268 πράγματος,
916 2204 965 2254 εἰ
995 2200 1139 2254 οὕτω
1176 2203 1292 2272 μετ’
1334 2201 1531 2268 ὀλίγων
1572 2201 1666 2255 καὶ
1720 2205 1782 2256 ὲκ

208 2295 494 2361 παρέργου
531 2293 684 2345 πόλιν
713 2295 996 2362 τοιαύτην,
1025 2293 1090 2361 ἢν
1129 2294 1223 2346 καὶ
1286 2282 1474 2346 πολλαὶ
1529 2294 1785 2362 δυνάμεις

204 2386 302 2453 οὐχ
334 2387 478 2436 ἑλεῖν
516 2383 883 2453 ἠδυνήθησαν,
914 2384 1073 2446 αὐτὸς
1110 2386 1165 2436 ἐν
1199 2385 1395 2455 ἀκαρεῖ
1433 2387 1788 2455 παραστήσει

203 2495 319 2537 ται,
357 2477 625 2529 κατώκνει
650 2478 742 2530 καὶ
766 2477 1109 2530 ἀνεϐάλλετο.
1148 2477 1337 2546 ’Ὀμως
1372 2479 1467 2532 καὶ
1524 2481 1649 2541 τοὺς
1697 2479 1786 2533 λό-

202 2586 335 2636 γους
372 2569 662 2638 λαμϐάνων
692 2571 750 2621 ἐν
785 2569 944 2640 κοινῷ
998 2570 1060 2622 τὸ
1093 2570 1364 2639 πρακτέον
1417 2570 1602 2624 ἐτίθει.
1666 2573 1784 2624 Κά-

209 2750 420 2814 videre,
453 2763 720 2818 agereqne
751 2764 870 2802 cum
907 2748 1010 2803 illis
1039 2765 1159 2818 quae
1189 2759 1488 2818 opportuna
1523 2751 1781 2804 videban-

206 2853 297 2896 tur
349 2841 417 2895 ad
467 2857 616 2910 spem
668 2841 816 2895 urbis
860 2841 1150 2910 aliquando
1193 2842 1595 2911 recuperandae.
1647 2841 1783 2896 Cum

203 2934 379 3002 igitur
415 2933 737 2987 accessisset
773 2942 825 2986 et
861 2932 912 2984 in
956 2933 1083 3001 ipsis
1122 2932 1398 2985 strhurbiis
1439 2932 1783 2986 tabernacula

201 3025 452 3089 fixisset,
497 3023 634 3078 clam
681 3025 893 3078 vocavit
941 3025 1240 3093 praecipuos
1290 3039 1508 3087 eorum,
1554 3035 1608 3077 et
1653 3024 1783 3091 ipsis

200 3117 550 3174 confidenter
585 3116 712 3185 quid
749 3116 800 3170 in
843 3117 1027 3170 animo
1066 3117 1287 3170 haberet
1329 3117 1562 3186 aperuit,
1600 3127 1784 3172 osten-

201 3218 332 3264 tans
361 3211 443 3264 eis
475 3225 596 3278 spes
629 3211 846 3263 maximi
881 3212 1198 3279 proventuri
1231 3212 1362 3280 ipsis
1397 3213 1700 3277 commodi,
1731 3213 1776 3267 si
1807 3245 1846 3298 ο

199 3299 454 3353 conferre
481 3313 700 3367 operam
728 3299 945 3354 vellent.
969 3301 1174 3366 Quibus
1201 3301 1616 3356 admonentibus
1643 3317 1779 3355 nun-

201 3404 364 3458 quam
403 3388 844 3457 Opportuniorem
870 3404 1032 3458 quam
1065 3405 1209 3444 nunc
1240 3401 1382 3445 esset
1411 3391 1592 3446 offerri
1625 3407 1784 3460 posse

202 3482 552 3535 occasionem
598 3480 871 3549 capienda:
914 3481 1082 3547 urbis,
1118 3483 1374 3552 quoniam
1421 3492 1683 3552 quantum
1729 3485 1780 3537 in

201 3590 265 3628 ea
315 3575 468 3642 prius
510 3571 668 3641 139
705 3573 974 3627 navalium
1014 3577 1295 3644 copiarum
1320 3576 1442 3630 .ltali
1483 3578 1781 3630 habuerant

208 3677 380 3718 totum
405 3665 614 3724 aberat,
637 3665 824 3731 procul
853 3666 974 3718 inde
999 3677 1315 3735 occUpatum
1349 3667 1400 3720 in
1426 3669 1780 3737 oppugnanda

203 3757 380 3811 insula
426 3755 762 3821 Daphnusia,
798 3770 959 3823 quam
1011 3757 1192 3812 multis
1227 3757 1340 3824 jam
1383 3759 1572 3814 diebus
1614 3760 1778 3813 multa

204 3867 298 3904 sua
337 3862 582 3902 minuma
620 3848 930 3902 obsiderent
969 3851 1276 3920 (superesse
1315 3854 1686 3913 tantummodo
1725 3854 1777 3906 in

209 3941 341 3993 urbe
370 3942 560 4007 vulgus
591 3939 853 4007 imbelle),
877 3941 960 3994 his
992 3943 1080 3996 ille
1107 3942 1324 4008 auditis,
1349 3954 1402 3996 et
1432 3953 1646 4013 accepta
1680 3945 1780 3998 fide

203 4043 592 4099 coeperaturos
631 4046 728 4099 pro
766 4032 908 4087 virili
943 4033 1010 4088 ad
1050 4037 1500 4104 expugnationem
1537 4037 1782 4090 volunta-

200 4124 312 4176 rios
345 4123 774 4190 (consentientes
813 4125 955 4178 cnim
1001 4125 1100 4180 sibi
1134 4139 1360 4182 caeteros
1398 4129 1664 4182 habebant
1688 4130 1778 4198 qui

203 4215 613 4286 loquebantur),
645 4229 750 4267 non
793 4217 1140 4274 mediocriler
1167 4221 1436 4274 animatus
1474 4225 1540 4274 ad
1575 4223 1779 4275 auden-

201 4309 327 4361 dum
378 4315 464 4361 est
513 4324 526 4360 :
574 4306 808 4362 faciebat
854 4311 1051 4379 quippe
1101 4312 1326 4364 istorum
1372 4321 1426 4366 et
1478 4314 1779 4382 significata

201 4401 396 4455 verbis-
424 4411 480 4456 et
515 4402 786 4457 declarata
827 4401 979 4453 vultu
1022 4402 1300 4471 signisque
1333 4406 1544 4458 exteris
1583 4406 1780 4458 alacri-

205 4505 306 4554 tas,
347 4494 862 4562 procinctortnnque
911 4495 976 4546 ad
1023 4503 1244 4548 strenue
1281 4494 1578 4562 juvandum
1621 4499 1780 4552 ardor

1891 643 2018 707 ζων,
2051 644 2141 696 καί
2167 662 2248 705 τις
2275 645 2384 696 τῶν
2411 643 2821 713 θεληματαρίων
2847 645 3252 714 Κουτριτζάκης
3278 649 3468 700 τούπί-

1892 737 2026 803 κλην
2062 736 2198 802 μετὰ
2239 735 2471 806 Οάῤῥους
2501 737 2647 796 ὅπως
2678 735 2942 804 πραχθείη
2991 734 3166 799 λέγων
3218 737 3275 788 τὸ
3308 738 3465 805 ἔργον

1891 829 2152 895 ὑφίστατο
2170 830 2251 896 (τὸ
2269 827 2376 898 γὰρ
2395 829 2721 896 εἱμαρμένον
2741 830 2980 894 ἄφυκτον
3007 825 3191 898 ὥσπερ
3206 820 3465 898 ὲμῖᾲύχοις

1889 919 2032 973 οὕτω
2057 923 2149 973 καὶ
2171 919 2440 988 πόλεσιν),
2459 919 2828 990 ἀναοαρῤεἴτε
2851 923 3123 984 κάκεῖνος,
3138 921 3232 972 καὶ
3253 921 3386 988 πρὸς
3407 922 3465 971 το

1889 1009 2162 1080 κρατῆσαι
2193 1011 2458 1080 μετέωρος
2514 1004 2601 1076 ἦν.
2636 1007 2799 1061 Ὅθεν
2840 1009 2934 1059 καὶ
2976 1007 3083 1058 τῶν
3133 1008 3306 1062 ἄλλων
3362 1025 3466 1075 μα-

1893 1101 2091 1154 Οόντων
2129 1119 2186 1152 τε
2219 1102 2309 1152 καὶ
2371 1099 2849 1168 συμφωνησάντων
2909 1097 3137 1167 ἑτοίμως
3188 1115 3466 1166 συγκατα-

1891 1193 2095 1260 πρᾶξαί
2121 1191 2282 1244 οἱτὺν
2307 1191 2478 1260 λόχον,
2514 1190 2674 1252 αὐτὸς
2727 1191 2826 1257 μὲν
2872 1189 3056 1243 ἄλλοτε
3110 1189 3208 1259 μὲν
3246 1192 3462 1261 περιῄει

1891 1285 2096 1338 καὶτὸν
2124 1287 2285 1338 τόπον
2314 1285 2388 1344 ὡς
2421 1283 2567 1345 είκὺς
2614 1283 3036 1345 κατεσκέπτετο,
3095 1283 3215 1334 τότε
3271 1282 3328 1334 δὲ
3367 1283 3464 1352 τὴν

1892 1379 2124 1446 ὑποψίαν
2151 1377 2646 1446 διαφυλαττόμενος
2677 1375 2914 1426 ἐκποδὼν
2945 1374 3039 1437 ὢν,
3090 1377 3201 1436 τοῖς
3231 1375 3466 1428 ὑποϐαλ-

1889 1469 2137 1538 λομένοις
2173 1469 2474 1538 προσέχων,
2501 1466 2558 1519 εὖ
2597 1465 2748 1528 εἰδὼς
2773 1467 2880 1518 τῶν
2909 1468 3089 1519 τόπων
3126 1467 3333 1536 συνῄει.
3370 1466 3464 1518 καί⁵

1891 1560 2333 1628 προσεσκέπτετο
2361 1560 2508 1620 ὅπως
2537 1559 2734 1627 ἄριστα
2762 1559 2972 1624 γένοιτο
3006 1559 3098 1608 καὶ
3126 1558 3260 1626 μετὰ
3293 1574 3462 1609 σπου-

1887 1652 1984 1720 δῆς
2017 1654 2077 1704 τὸ
2107 1649 2476 1720 μελετώμενον
2513 1651 2682 1716 σφίσι,
2725 1651 2795 1717 μή
2828 1665 2941 1710 πως
2977 1649 3070 1700 καὶ
3115 1648 3468 1711 ἁντιλλαξάν-

1889 1759 1996 1793 των
2011 1740 2173 1793 τινῶν
2199 1740 2260 1792 τὸ
2285 1742 2341 1791 ἐν
2367 1737 2594 1808 κρυπτῷ
2631 1738 2935 1808 ιέωραοείη.

2019 1831 2122 1896 κζ’.
2158 1832 2352 1894 Ὅπως
2379 1830 2535 1883 ἑάλω
2567 1831 2605 1897 ἡ
2640 1832 2819 1895 πόλις
2848 1829 2971 1894 τοῖς
3011 1831 3334 1897 Ῥωμαίοις.

1961 1926 2026 1998 [Ρ
2059 1923 2149 1996 9l]
2195 1925 2284 1985 Ὧς
2315 1920 2448 1987 γοῦν
2482 1920 2612 1987 ἔστη
2649 1921 2709 1972 τὸ
2749 1922 2856 1972 πᾶν
2903 1920 3002 1988 τῆς
3038 1920 3268 1988 βουλῆς,
3303 1924 3393 1974 καὶ
3433 1923 3463 1974 ὁ

1891 2018 2080 2088 καιρὸς
2116 2014 2369 2068 ἐτάττετο
2393 2026 2406 2040 ⁸
2444 2012 2638 2074 νυκτὸς
2670 2011 2779 2082 γὰρ
2811 2011 2910 2078 τὴν
2945 2010 3243 2079 ἐπιϐουλὴν
3286 2013 3464 2064 συνοι-

1892 2127 2006 2166 σειν
2034 2111 2127 2162 καὶ
2151 2109 2214 2160 ὲκ
2233 2105 2328 2160 τοῦ
2353 2103 2621 2174 αἰφνιδίου
2649 2102 2725 2174 μὴ
2750 2103 3173 2174 προσδοκώντων
3195 2104 3458 2171 ἔγνωσαν..

1892 2204 2184 2264 Κὰκείνοις
2229 2201 2328 2269 μὲν
2363 2197 2524 2268 μέλον
2555 2192 2625 2268 ἦν
2661 2195 3148 2262 ἐπαναϐεϐηκότας
3191 2195 3251 2246 τὸ
3279 2196 3463 2263 τεῖχος

1889 2292 1979 2346 διὰ
2017 2294 2302 2362 κλιμάκων
2331 2291 2574 2361 ἀψοφητὶ
2615 2289 2741 2350 τοὺς
2774 2287 3065 2356 φυλάττειν
3097 2304 3154 2340 τε
3186 2290 3451 2355 τεταγμέο

1885 2401 2013 2444 νους
2045 2384 2443 2453 καταρριπτεῖν
2465 2378 2672 2433 ἄνωθεν
2701 2376 2796 2430 καὶ
2823 2375 2922 2446 τὴν
2947 2378 3043 2442 τῆς
3073 2375 3252 2444 πηγῆς
3284 2373 3463 2439 πύλην

1889 2473 2132 2540 ἀνοίγειν
2179 2474 2387 2538 σφῆνας
2425 2467 2767 2538 ἐμϐαλόντας
2793 2507 2808 2530 ,
2845 2469 2935 2518 τὸν
2982 2467 3045 2516 ἐκ
3079 2465 3244 2516 λίθων
3287 2464 3465 2533 μόνον

1890 2563 2351 2636 προσαρμόζοντα
2379 2558 2556 2632 ταύτῃ
2585 2560 2765 2628 τοῖχον
2788 2557 3228 2629 κατερηριφότας
3263 2557 3465 2626 πρότε-

1897 2740 2274 2803 Providentia),
2309 2753 2410 2792 non
2461 2746 2631 2791 solum
2678 2735 2730 2788 in
2777 2734 2996 2789 interitu
3049 2743 3144 2788 aut
3182 2734 3289 2788 alio
3335 2750 3461 2789 casn

1873 2815 2221 2903 singulorum
2260 2830 2584 2891 viventium,
2619 2828 2715 2882 sed
2756 2827 2923 2881 etiam
2977 2829 3028 2880 in
3072 2827 3463 2882 mutationibus

1889 2925 2226 2991 fortunisque
2253 2918 2582 2986 civitatum),
2616 2917 2831 2972 tandem
2865 2928 2918 2972 et
2949 2918 3065 2986 ipse
3097 2919 3364 2974 adductus
3393 2920 3461 2972 ad

1890 3016 2196 3072 audendum
2247 3021 2362 3078 est,
2401 3023 2456 3067 et
2505 3011 2639 3065 nihil
2679 3011 2790 3080 jam
2843 3010 2988 3065 aliud
3036 3010 3136 3065 nisi
3182 3011 3461 3066 victoriam

1896 3107 2141 3175 cogitans
2174 3111 2322 3158 totus
2352 3103 2406 3156 in
2439 3101 2709 3168 negOtium
2745 3101 3004 3154 incubuit.
3039 3101 3222 3169 itaque
3254 3103 3465 3155 cmteris

1891 3199 2144 3253 similiter
2193 3211 2289 3266 per
2332 3195 2633 3250 exercitum
2681 3193 2892 3247 cunctis
2942 3193 3255 3256 consilium,
3300 3193 3462 3248 simul

1889 3298 2261 3360 cognoverunt
2278 3291 2303 3352 ,'
2325 3288 2567 3356 impense
2611 3283 2994 3354 probantibus,
3023 3282 3461 3352 expedientibus-

1887 3399 1992 3452 que
2028 3398 2123 3451 pro
2160 3397 2218 3435 se
2251 3395 2468 3448 quoque
2509 3378 2766 3447 impetum
2811 3376 2878 3430 ad
2916 3389 3132 3430 onmem
3171 3375 3284 3428 sive
3325 3372 3462 3427 insi-

1891 3475 2076 3530 diandi
2143 3474 2260 3528 sive
2319 3471 2554 3525 irruendi
2617 3469 2978 3524 necessariam
3037 3482 3290 3536 operam,
3347 3465 3463 3533 ipse

1893 3567 2052 3640 140
2097 3565 2316 3633 quidem
2365 3563 2632 3618 interdum
2683 3562 2951 3615 circuibat
2993 3559 3228 3613 luSIrans
3272 3561 3464 3627 eripio-

1889 3667 2148 3722 rarisque,
2183 3662 2241 3705 ut
2280 3667 2377 3719 par
2415 3660 2554 3714 erat,
2588 3660 2802 3713 cuncta,
2836 3648 3124 3702 identidem
3164 3659 3362 3707 autem,
3397 3663 3462 3700 ue

1884 3743 2249 3812 suspicionem
2308 3740 2520 3794 Latinis
2576 3741 2764 3794 urbem
2823 3739 3131 3792 tenentibus
3188 3750 3459 3802 Inovcret,

1886 3838 2141 3902 recedens
2190 3847 2584 3901 removensque
2623 3833 2681 3887 s'e
2723 3850 2749 3883 ιι
2797 3842 3107 3897 conspectu,
3141 3844 3356 3898 semper
3395 3830 3460 3882 ἥτε

1882 3945 2003 3997 qua:
2037 3928 2468 3996 suggerebantur
2499 3924 2785 3978 attendens
2824 3940 2838 3979 :
2875 3923 2986 3976 ibat
3017 3923 3159 3975 enim
3195 3937 3298 3974 una
3333 3937 3456 3976 eum

1884 4023 2004 4091 ipso
2054 4022 2194 4075 idem
2246 4018 2335 4072 ille
2385 4018 2724 4072 Cntritzaces
2773 4015 3136 4084 peritissimus
3186 4014 3457 4080 locorum,

1884 4115 2085 4184 pariter
2128 4121 2322 4167 cuncta
2366 4110 2834 4180 circumspiciens.
2874 4108 3234 4163 Providebant
3277 4121 3457 4163 autem

1883 4209 2042 4262 ambo
2091 4206 2253 4260 simul
2302 4214 2360 4258 nt
2404 4218 2566 4272 quam
2613 4205 2815 4271 optime
2863 4219 3132 4272 quamque
3177 4204 3460 4258 celerrinre

1883 4299 2027 4368 quod
2065 4297 2470 4351 meditabantur
2502 4295 2653 4349 ﬁeret
2685 4312 2698 4348 :
2739 4293 3042 4363 periculum
3079 4294 3220 4351 enim
3254 4303 3370 4347 erat
3405 4296 3456 4347 in

1885 4408 2034 4446 mora
2054 4433 2069 4456 ,
2102 4404 2167 4442 ne
2188 4389 2400 4456 aliquid
2435 4387 2684 4441 alicunde
2713 4389 3011 4442 sentientes
3040 4389 3292 4442 custodes
3326 4403 3458 4444 tum-

1885 4485 2029 4538 nium
2068 4481 2492 4535 vociferarentur
2519 4488 2575 4534 et
2608 4480 2748 4548 quod
2787 4479 2923 4532 clam
2957 4482 3251 4548 parabatur
3282 4481 3455 4549 palam

200 4592 482 4651 eminens,
550 4596 608 4640 ut
672 4603 776 4640 non
849 4602 1237 4656 usquequaque
1311 4591 1656 4643 temerarium
1725 4593 1774 4645 id

1889 4576 2195 4644 proderent.

203 4692 438 4747 (ωριυιιι
468 4681 759 4733 videretur.
785 4679 905 4734 Mox
950 4689 1128 4733 tamen
1157 4696 1276 4733 cum
1308 4682 1371 4735 ad
1404 4682 1768 4736 diflicultatem

202 4771 398 4842 negotii
425 4781 658 4824 mentem
683 4771 1010 4837 adverteret,
1033 4787 1264 4842 cumque
1287 4785 1559 4842 reputaret
1583 4791 1764 4829 secum

201 4865 388 4932 quanti
430 4863 655 4932 periculi
697 4863 871 4916 aleam
905 4863 1132 4931 jaceret,
1171 4867 1215 4918 si
1253 4881 1375 4919 eum
1415 4876 1521 4919 tam
1561 4868 1768 4935 paucis,

199 4959 373 5011 obiter
410 4966 465 5010 et
499 4956 728 5010 COllriliO
768 4959 902 5009 citra
943 4956 1194 5024 praeviam
1235 4957 1674 5014 deliberationem
1714 4961 1767 5014 in

198 5063 358 5101 arena
409 5056 602 5116 capto,
647 5048 834 5101 urbem
888 5056 1090 5101 tantam
1146 5051 1560 5117 aggrederetur,
1609 5066 1768 5118 quam

199 5142 354 5208 paulo
385 5149 512 5192 ante
540 5141 806 5192 univcrsw
833 5141 974 5192 vires
1004 5140 1213 5207 imperii
1243 5139 1440 5193 frustra
1467 5156 1768 5210 oppugnas-

198 5241 344 5296 Scltl,
381 5231 760 5295 cunctabatur,
796 5240 849 5283 et
883 5231 1228 5299 quaerendum
1278 5233 1506 5299 amplius
1547 5233 1770 5300 putabat

199 5328 322 5394 quid
379 5326 470 5378 tali
531 5326 821 5379 occasione
874 5336 1016 5378 esset
1063 5326 1345 5392 agendum.
1398 5321 1532 5376 Cum
1588 5332 1765 5376 autem

197 5421 396 5472 vocatis
439 5431 602 5486 super
638 5433 700 5471 ea
750 5432 810 5471 re
855 5418 908 5470 in
950 5416 1237 5470 concilium
1284 5415 1508 5469 ducibus
1547 5414 1768 5468 Alexius

197 5511 307 5578 ejus
368 5509 636 5578 patruelis
693 5510 758 5560 ad
818 5507 1246 5576 persuadendam
1310 5509 1764 5576 Oppugnatinnent

196 5603 542 5654 Vehementer
587 5600 953 5662 incumberet,
985 5593 1048 5652 et
1076 5599 1294 5667 quidam
1338 5616 1401 5652 ex
1451 5599 1768 5652 voluntariis

195 5700 542 5760 cognmnento
581 5690 732 5745 Cntri
763 5707 918 5745 zares
951 5689 1247 5745 fortissime
1280 5692 1334 5744 in
1370 5708 1490 5744 eam
1540 5703 1762 5744 sentcn-

195 5782 312 5834 tiam
359 5783 583 5850 loquens
630 5783 810 5848 operis
856 5784 1017 5836 etiam
1069 5799 1374 5837 successum
1423 5785 1474 5837 in
1521 5799 1578 5837 se
1625 5783 1764 5836 ret-io

196 5885 337 5938 pcret
383 5874 1035 5944 (inevitabilisefﬁcacia:
1081 5874 1327 5930 videlicet
1369 5887 1493 5931 sunt
1542 5876 1760 5932 docrcta

2173 4733 2263 4786 9.7.
2302 4729 2365 4786 Ut
2404 4730 2525 4784 urbs
2559 4741 2708 4799 captu
2737 4743 2801 4783 stt
2830 4746 2862 4782 α
2899 4731 3168 4784 fluumuzs.

1963 4864 2029 4920 Ut
2063 4865 2226 4936 igitur
2261 4865 2328 4919 de
2367 4864 2623 4918 omnibus
2661 4864 2912 4918 convenit
2943 4879 3060 4932 qua:
3100 4865 3402 4919 conducihil
3427 4886 3454 4918 ;ι

1887 4960 1953 5011 ad
1981 4971 2294 5011 successum
2326 4957 2524 5025 negotii
2554 4967 2677 5009 sunt
2705 4957 2837 5021 visa,
2865 4965 2917 5009 et
2942 4957 3293 5010 constitutum
3326 4968 3458 5008 tem.

1883 5065 1982 5118 pus
2031 5059 2114 5102 est
2151 5051 2334 5118 (noctu
2385 5050 2528 5104 enim
2572 5059 2620 5102 et
2663 5063 2728 5102 ex
2771 5049 3061 5116 improviso
3104 5051 3455 5114 supervenere

1886 5141 2108 5194 minime
2138 5140 2486 5210 Opinantihus
2520 5139 2927 5208 decreverant),
2960 5140 3071 5194 suis
3101 5141 3301 5207 quique
3329 5155 3455 5205 pax-

1886 5234 2030 5286 tibus
2072 5241 2293 5286 strenue
2333 5232 2692 5301 defungendis
2737 5232 2926 5284 intenti
2967 5232 3346 5298 exspectabant
3383 5232 3454 5282 δῖα

1881 5341 2068 5391 gnum.
2095 5325 2227 5377 Aliis
2256 5326 2399 5377 enim
2433 5338 2561 5377 cura
2595 5322 3027 5377 demandata'est
3052 5324 3452 5375 c0nscemh-ndi

1880 5418 1999 5472 sine
2030 5419 2262 5487 strepitu
2299 5416 2464 5472 scalis
2497 5416 2732 5468 admotis
2770 5429 2956 5479 muro,
2985 5429 3159 5483 eoque
3195 5428 3453 5484 superan

1881 5527 2017 5580 quos
2069 5511 2139 5564 ibi
2188 5509 2442 5564 custodes
2489 5509 2785 5577 reperirent
2836 5521 3069 5575 superne
3115 5517 3265 5560 extra
3316 5507 3452 5577 «ﬁcii-

1877 5602 2091 5665 ciendi,
2126 5616 2188 5654 ac
2231 5612 2436 5670 portam
2480 5600 2565 5651 cui
2608 5614 2635 5651 a
2683 5597 2831 5651 fonte
2876 5613 3068 5652 nomen
3115 5610 3188 5652 εει
3239 5603 3450 5666 pateta-

1877 5695 2053 5748 ciendi
2076 5736 2089 5757 ,
2123 5695 2314 5747 cuneis
2347 5693 2626 5760 impactis,
2657 5691 2746 5744 ubi
2780 5689 3069 5744 obductam
3102 5692 3241 5743 ostio
3275 5707 3450 5743 mace-

1882 5789 2018 5841 riam
2049 5789 2199 5856 prius
2229 5787 2542 5840 diruissent.
2565 5784 2765 5840 Caesari
2794 5799 2921 5840 vero
2950 5795 3279 5839 reservatum
3309 5788 3453 5838 «xe-

1879 5888 2019 5934 tatos
2049 5896 2143 5949 per
2175 5888 2383 5932 noctem
2419 5891 2470 5932 et
2505 5892 2732 5947 pransos
2767 5877 2985 5948 paratos
3016 5893 3197 5933 secum
3239 5878 3452 5931 trahere
