3952 6516
563 418 670 491 5‘79

1775 426 2094 488 GEORGII
2137 429 2614 491 PACIIYMEILE
3673 443 3759 504 580

563 557 676 610 ρον,
727 537 805 609 τῷ
844 538 900 593 δὲ
936 538 1177 610 Καίσαρι
1227 539 1355 601 τοὺς
1407 536 1745 608 στρατιώτας
1787 539 1876 594 διὰ
1926 542 2124 604 νυκτὸς
2151 547 2204 604 Α
2228 546 2345 605 τοῖς
2367 545 2520 608 ἐντὸς
2543 545 2638 615 τὴν
2669 543 2984 613 ἐπιϐουλήν.
3016 544 3178 598 Ὅθεν
3208 545 3302 598 καὶ
3325 546 3526 600 συνέδει
3557 549 3761 614 διδύντος

559 633 929 701 ἐφελκόμενον
952 632 1184 701 ἑτοίμως
1212 631 1520 685 εἰσϐάλλειν
1547 631 1642 686 καὶ
1679 632 1821 686 κατὰ
1861 633 1959 704 τὴν
1982 634 2126 688 ἀνοι-

554 725 779 796 λθεῖσαν
830 724 1005 794 πύλην
1031 723 1398 792 εἰσέρχεσθαι.
1450 725 1627 788 Εὐθὺς
1676 728 1774 796 τῆς
1814 726 2128 797 ὡρισμένης

553 817 750 880 νυκτὸς
797 817 1102 886 ἐπιστάσης
1149 817 1198 868 οἱ
1245 817 1345 886 μὲν
1371 813 1515 888 ἦσαν
1565 818 1701 888 πρὸς
1731 817 1984 890 τοῦργῳ,
2032 819 2128 874 καὶ

555 910 722 963 τόπον
765 908 988 962 εὑθετον
1039 909 1434 978 στοχασάμενοι
1474 909 1654 967 ἐκεῖσε
1701 910 1984 980 προσῆγον
2027 911 2126 981 τὴν

553 1000 800 1070 κλίμακα
821 1042 836 1065 ,
876 999 1234 1069 εὑφυλὰκτως
1265 999 1325 1052 τὸ
1364 999 1592 1070 σύμπαν
1624 1000 1874 1071 ἔχοντες,
1907 1003 1980 1072 μή
2011 1018 2128 1065 πως

554 1095 670 1155 τοῖς
702 1090 899 1161 φύλαξι
929 1093 1234 1162 φωραθεῖεν
1265 1093 1356 1146 καὶ
1386 1093 1484 1166 τὴν
1515 1093 1688 1164 θήραν
1716 1094 2125 1163 ἀνασοϐήσωσι,

556 1178 768 1248 μᾶλλον
816 1181 915 1247 μὲν
961 1178 1056 1232 οὖν
1100 1181 1196 1233 καὶ
1227 1181 1483 1250 μέγιστος
1513 1182 1698 1246 αὑτοῖς
1732 1184 1973 1243 κίνδυνος
2006 1186 2128 1237 ἐπι·

559 1273 685 1339 στῇ,
714 1272 762 1322 εί
787 1269 963 1340 ἁλῷεν
986 1270 1452 1334 ἐπιϐουλεύοντες.
1489 1273 1704 1343 Καῖσαρ
1727 1273 1784 1325 δὲ
1807 1272 1908 1342 τῆς
1931 1276 2125 1337 νυκτὸς

554 1361 778 1431 ἐκείνης
813 1361 876 1414 τὸ
901 1361 1172 1416 Σκυθικὸν
1211 1365 1305 1416 καὶ
1338 1363 1464 1416 ὅσον
1503 1357 1572 1434 ἦν
1600 1363 1729 1416 ἄλλο
1757 1363 1938 1417 λαϐὼν
1964 1365 2124 1435 ὴπεί-

555 1469 686 1521 γετο
728 1453 864 1522 πρὸς
915 1453 1014 1523 τὴν
1061 1454 1256 1520 πόλιν,
1310 1453 1406 1506 καὶ
1454 1454 1579 1507 ἐπεὶ
1636 1455 1905 1525 πρότερον
1950 1458 1983 1524 ἦ
2031 1454 2125 1508 τοῦ

558 1545 823 1613 πράττειν
861 1545 1106 1607 ἐκείνους
1154 1544 1397 1614 ἔφθασαν
1433 1549 1528 1599 καὶ
1567 1547 1601 1617 ὴ
1634 1547 1728 1610 νὺξ
1758 1547 1988 1617 ἀργοῦσι
2021 1565 2128 1600 πα-

559 1635 786 1707 ρῴχετο,
821 1637 1087 1708 περιδεῶς
1117 1633 1233 1709 εἶχε
1263 1639 1400 1708 πρὸς
1430 1639 1528 1710 τὴν
1563 1639 1759 1710 ἀργίαν
1783 1642 1878 1693 καὶ
1907 1641 2128 1700 ἀντεπι-

557 1729 754 1799 ϐουλὴν
795 1731 1138 1786 ὑπώπτευεν.
1188 1731 1327 1783 Ἀλλ’
1365 1733 1392 1784 ὁ
1435 1732 1848 1803 Κουτριτζάκης
1885 1733 2123 1803 ἀνελάμε-

558 1821 690 1875 ϐανέ
720 1839 778 1875 τε
813 1822 910 1891 τῆς
944 1823 1150 1886 δειλίας
1182 1825 1395 1878 ἐκεῖνον
1427 1824 1525 1878 καὶ
1563 1825 1808 1890 ἐλπίζειν
1838 1825 2126 1896 εὐθαρσῶς

557 1915 824 1984 παρεῖχεν
858 1916 932 1976 ὡς
975 1916 1201 1968 ἐκείνων
1244 1933 1297 1968 τι
1333 1917 1685 1986 πραττόντων
1718 1919 1891 1977 ἐντός.
1919 1919 1992 1971 υὺ
2021 1919 2127 1989 μὴν

556 2005 612 2059 δὲ
659 2007 754 2059 καὶ
803 2007 1041 2077 ὑποψίας
1091 2009 1119 2062 ὁ
1175 2010 1394 2079 Καῖσαρ
1433 2010 1658 2077 ὑφίετο⁹
1716 2009 1820 2063 ποῦ
1869 2011 1977 2081 γὰρ
2033 2013 2128 2064 καὶ

557 2098 859 2169 ὑπενόησεν
899 2099 1090 2169 ἀργεῖν
1123 2089 1373 2162 ’ἐκείνους
1423 2101 1510 2168 ἐφ’
1547 2095 1592 2170 ᾧ
1638 2103 1989 2171 κατερείπειν
2035 2103 2127 2156 τὸν

555 2190 649 2242 ἐπὶ
677 2192 742 2261 τῇ
780 2191 924 2262 πύλῃ
962 2193 1062 2263 τῆς
1108 2193 1292 2262 πηγῆς
1333 2195 1397 2246 ἐκ
1432 2194 1595 2248 λίθων
1639 2195 1820 2267 ξηρῶν
1865 2199 2127 2267 ἐπιτειχι-

555 2279 694 2347 σμόν
717 2297 732 2344 ;
752 2281 876 2334 ὅθεν
899 2283 993 2334 καὶ
1016 2282 1281 2349 ἐμφανεῖς
1331 2282 1720 2353 προάεδέχετο
1762 2284 1892 2346 τοὺς
1923 2284 2113 2339 meo.

555 2386 680 2433 νους
701 2410 717 2435 ,
745 2373 840 2425 καὶ
873 2372 1030 2438 δῆλος
1053 2367 1121 2443 ἦν
1146 2372 1467 2442 χλευασθεὶς
1498 2374 1697 2428 ἀλύων.
1742 2375 1800 2429 '0
1823 2378 1933 2447 γὰρ
1965 2382 2129 2444 θερα-

558 2463 752 2517 πεύειν
781 2462 1121 2533 ἡλπισμὲνος
1151 2463 1436 2528 ἐπίϐουλος
1472 2466 1847 2534 ὑπωπτεύετο,
1874 2468 1969 2522 καὶ
2004 2485 2129 2524 συν·-

553 2552 694 2607 δέειν
755 2554 1044 2624 ἐδοκίμαζε
1087 2556 1178 2608 τὸν
1219 2557 1674 2626 ἀναλαμϐάνοντα
1711 2560 1786 2622 ὡς
1848 2561 2128 2614 συνειδότα

559 2735 796 2797 milites,
824 2746 960 2803 quos
991 2742 1294 2802 opportune
1327 2733 1642 2788 immitteret
1672 2745 1724 2789 et
1757 2750 1852 2804 per
1885 2748 2125 2806 apertum

562 2829 760 2884 ostium
791 2845 912 2883 cum
943 2828 1076 2897 ipsis
1103 2827 1447 2896 irrumperet.
1477 2829 1672 2882 Statim
1695 2845 1825 2899 ergo
1851 2843 1907 2884 ut
1938 2835 2128 2887 condi-

559 2932 646 2974 cta
703 2934 806 2972 nox
863 2917 1076 2982 adfuit,
1120 2918 1197 2972 illi
1237 2918 1453 2986 quidem
1502 2919 1558 2974 in
1605 2935 1768 2990 opere
1817 2924 2128 2994 praescripto

556 3011 950 3077 versabantur,
982 3009 1121 3066 clam
1153 3009 1314 3064 scalis
1349 3011 1550 3066 erectis
1585 3012 1778 3066 idoneo
1809 3027 1871 3067 ac
1901 3013 2130 3069 solerter

558 3105 766 3159 delecto
814 3103 968 3168 loco,
1011 3103 1311 3158 cautionem
1362 3103 1681 3159 adhibentes
1726 3120 2022 3171 summam,
2063 3120 2129 3160 ne

2225 635 2442 696 ,ἐκείνου
2480 638 2574 689 καὶ
2613 637 2832 706 ἕτοιμον
2881 637 3073 689 ἐαυτὸν
3113 638 3485 706 παρεχομένου
3526 641 3702 694 παθεῖν
3738 645 3762 697 ὅ

2230 742 2284 778 τι
2339 726 2616 797 βούλοιτο.
2655 728 2704 780 εἰ
2743 729 2941 781 ἐκεῖνοι
2990 727 3412 782 ἐπιϐουλεύοιεν.
3457 729 3762 803 Συγκαῖῄνει

2230 817 2288 870 δὲ
2326 821 2438 880 τοῖς
2474 817 2789 886 λεγομένοις
2817 818 2909 879 καὶ
2935 822 2962 872 ό
3005 819 3240 882 Ἀλέξιος
3284 820 3658 890 ἐπιθαρρύνων
3687 827 3766 876 τὶν

2231 909 2376 962 θεῖον
2405 911 2498 962 καὶ
2547 911 2608 963 τὸ
2647 911 2765 974 δέος
2805 911 3272 983 ἀποκρουόμενος.
3316 913 3424 967 Καὶ
3465 916 3493 966 ὁ
3530 914 3624 982 μὲν
3654 917 3766 984 περὶ

2228 1002 2328 1072 τὴν
2385 1003 2554 1074 μονὴν
2599 1007 2700 1073 τῆς
2749 1005 2930 1074 πηγῆς
2963 1003 3376 1075 προσεκάθητο,
3429 1006 3519 1058 τὸν
3563 1011 3765 1073 στρατὸν

2227 1095 2477 1164 κατέχων
2509 1099 2637 1166 σιγῇ
2681 1102 2777 1150 καὶ
2813 1097 3090 1168 μετέωρος
3125 1096 3200 1151 ὢν
3244 1099 3380 1167 πρὸς
3414 1099 3475 1151 τὸ
3519 1099 3762 1169 σύμϐολον

2228 1189 2324 1245 (τὸ
2349 1190 2394 1241 δ’
2423 1186 2492 1261 ἦν
2524 1191 2558 1260 ἠ
2585 1190 2695 1244 τῶν
2737 1190 3002 1259 βασιλέων
3045 1193 3292 1262 εὐφημία
3328 1194 3420 1245 ἐπὶ
3449 1192 3540 1245 τοῦ
3577 1195 3766 1264 τείχους

2229 1279 2704 1349 ὑψηλοφωνεῖσθαι
2753 1283 3060 1354 μέλλουσα)
3085 1299 3102 1316 ο
3161 1283 3250 1356 [Ρ.
3281 1283 3373 1355 92]
3411 1285 3460 1336 οί
3483 1285 3540 1337 δὲ
3577 1286 3764 1355 ἡσύχως

2228 1371 2354 1424 καθ’
2384 1373 2482 1425 ἕνα
2518 1373 2899 1438 ὑπαναϐἀντες
2941 1373 3042 1436 τὰς
3084 1375 3360 1444 κλίμακας
3397 1375 3764 1444 προσπαίουσιν

2228 1463 2390 1526 εὐθὺς
2419 1465 2531 1526 τοῖς
2565 1467 2820 1534 φρουροῖς
2856 1466 3224 1536 κοιμωμένοις
3247 1507 3263 1534 ,
3302 1466 3520 1530 Ἰταλοῖς
3551 1484 3610 1536 γε
3640 1468 3762 1533 οὖσι,

2227 1554 2324 1608 καί
2381 1571 2510 1623 σφιν
2563 1556 2612 1608 οἱ
2669 1557 2920 1621 ἐπιόντες
2964 1558 3096 1629 ὄναρ
3152 1559 3465 1628 ἐπέστησαν
3518 1560 3763 1630 φοϐερόν⁹

2227 1645 2392 1706 εὐθὺς
2432 1645 2542 1713 γὰρ
2568 1644 2692 1708 τοὺς
2729 1645 2826 1714 μὲν
2857 1645 2984 1716 μηδ’
3011 1648 3373 1717 αἰσθομένους
3411 1648 3646 1702 ἐκποδὼν
3677 1669 3762 1704 κα-

2226 1735 2519 1806 τυχόντες
2567 1736 2892 1807 ὲρῤίπτουν,
2950 1739 3280 1808 σφάττοντες
3325 1741 3618 1810 πρότερον,
3659 1743 3765 1804 τοὺς

2226 1827 2283 1880 δέ
2337 1829 2434 1882 καὶ
2483 1828 2583 1897 τῆς
2634 1830 2880 1900 ταραχῆς
2933 1831 3224 1893 ἐπαῖοντας
3267 1830 3364 1884 καὶ
3421 1833 3556 1904 πρὸς
3609 1835 3765 1902 φυγὴν

2226 1922 2602 1992 τρεπομένους
2657 1922 2952 1990 φθάνοντες
3009 1922 3452 1989 κατεσπάθιζον,
3526 1925 3599 1985 ὡς
3659 1927 3764 1994 μηδ’

2228 2011 2462 2079 ἄγγελον
2487 2011 2598 2065 τῶν
2630 2010 2927 2082 δρωμένων
2961 2012 3385 2082 ὑπολελεῖφθαι,
3427 2012 3558 2068 ὅπου
3595 2031 3652 2082 γε
3683 2016 3764 2068 καὶ

2226 2103 2320 2156 τὸν
2369 2102 2477 2156 ἀπὸ
2517 2102 2613 2156 τοῦ
2661 2103 3003 2166 κωλύσοντος
3034 2104 3199 2172 φόϐον
3254 2105 3454 2159 ἐνίκων
3491 2108 3544 2158 al
3587 2107 3764 2174 προθυ-

2231 2195 2381 2265 μίαι,
2416 2194 2516 2248 καὶ
2535 2193 2682 2264 δῆλοι
2709 2187 2870 2266 ἦσαν,
2904 2196 2970 2265 ἦν
2992 2210 3076 2256 τις
3106 2194 3412 2266 ἀντισταίη,
3438 2194 3761 2266 μαχούμενοι.

2241 2285 2520 2349 Ἐλθόντες
2561 2284 2619 2338 δὲ
2649 2287 2787 2356 πρὸς
2827 2286 2926 2358 τὴν
2965 2286 3063 2356 τῆς
3094 2288 3280 2356 πηγῆς
3321 2289 3499 2357 πύλην
3537 2290 3625 2343 καί
3653 2291 3762 2343 ταύ·

2226 2395 2329 2447 την
2361 2378 2873 2448 ἀναπεφραγμένην
2903 2379 3159 2449 εὑρόντες
3188 2379 3363 2442 λίθοις
3387 2381 3668 2435 κατέσπων
3690 2385 3764 2436 εὑ·-

2231 2472 2372 2534 θέως
2393 2509 2410 2535 ,
2464 2472 2577 2526 κάκ
2631 2471 2800 2541 μέσου
2833 2471 3116 2537 ποιοῦντες
3145 2474 3274 2536 τοὺς
3305 2475 3490 2538 λίθους
3529 2475 3686 2529 δίοδον
3709 2478 3764 2544 τῇ

2230 2561 2461 2630 στρατιᾷ
2491 2559 2792 2630 ἡτοίμαζον
2820 2561 3038 2632 εὑμαρῆ
3062 2603 3078 2630 ,
3109 2557 3228 2617 εἶτα
3254 2563 3310 2617 δὲ
3341 2566 3438 2618 καὶ
3467 2565 3632 2636 σφησὶ
3656 2565 3765 2637 χαλ-

2233 2737 2408 2792 fallaei
2445 2751 2694 2792 sermone
2729 2751 3136 2808 promoventem
3170 2741 3219 2795 ei
3254 2752 3561 2814 suspectum
3602 2745 3764 2799 redde-

2229 2837 2334 2884 ret.
2365 2828 2546 2894 Quare
2577 2829 2769 2884 statuit
2798 2844 2922 2885 eum
2955 2830 3123 2900 veluti
3157 2834 3437 2888 conscium
3479 2834 3762 2890 insidiarum

2228 2922 2600 2991 constringere
2647 2923 3161 2993 custodiendumque
3206 2924 3320 2978 suis
3363 2926 3512 2990 dare,
3555 2926 3685 2996 quod
3721 2933 3767 2978 et

2228 3013 2356 3069 fecit
2387 3015 2598 3068 volente
2625 3016 2740 3084 ipso
2768 3030 2830 3070 ac
2860 3030 2918 3070 se
2948 3027 3190 3086 paratum
3218 3018 3513 3074 exhibente
3539 3022 3601 3073 ad
3627 3018 3762 3089 quid-

2228 3103 2311 3159 vis
2352 3103 2598 3173 supplicii
2639 3103 3011 3170 subeundum,
3055 3106 3100 3160 si
3144 3107 3438 3177 quidquam
3483 3108 3764 3164 insidiarum

559 3197 876 3252 custodibus
914 3195 1172 3249 indicium
1209 3194 1293 3248 sui
1329 3195 1549 3260 darent,
1582 3205 1638 3250 et
1670 3211 1832 3264 quam
1871 3208 2123 3252 venatum
2153 3231 2196 3290 ο
2232 3197 2298 3250 ab
2332 3197 2398 3252 iis
2431 3196 2524 3266 qui
2553 3195 2665 3265 jam
2700 3196 2889 3253 urbem
2925 3198 3254 3253 intraverant
3287 3209 3598 3255 strueretur.
3630 3198 3767 3254 Com-

555 3288 708 3343 ibant
737 3286 969 3355 praedam
1008 3285 1236 3354 strepitu
1275 3286 1652 3356 intempestivo
1692 3280 1956 3343 t'errerent
1989 3303 2126 3358 prte-

553 3392 767 3436 mature
798 3386 1203 3447 moverentque.
1232 3377 1312 3431 Ad
1340 3393 1500 3446 quam
1529 3380 1869 3450 sedulitatem
1899 3383 2125 3437 cavendi

548 3471 928 3526 excitabantur
974 3468 1339 3538 magnitudine
1384 3469 1584 3538 proprii
1628 3469 1894 3540 periculi,
1942 3473 2125 3539 utique

551 3563 751 3631 quibus
779 3572 928 3616 certa
959 3561 1226 3631 pernicies
1256 3560 1626 3630 impendebat,
1653 3562 1700 3617 si
1731 3562 2123 3632 interciperen-

553 3664 648 3708 tur
673 3655 725 3708 in
755 3654 868 3723 ipsa
900 3652 1180 3707 molitione
1205 3651 1448 3707 insidiosi
1473 3654 1729 3709 assultus.
1760 3657 1942 3708 Caesar
1963 3669 2126 3724 porro

548 3760 650 3816 per
681 3760 800 3800 eam
841 3754 1056 3799 noctem
1091 3745 1318 3814 sumptis
1351 3760 1537 3801 secum
1574 3744 1791 3817 Scythis
1824 3754 1878 3801 et
1911 3748 2126 3803 cunctis

545 3839 671 3893 aliis
703 3838 870 3908 copiis
908 3837 1060 3908 14],
1099 3835 1392 3892 festinabat
1425 3840 1611 3893 urbem
1647 3854 1855 3896 versus.
1891 3841 1958 3895 Et
1991 3855 2129 3911 quo-

546 3931 696 3984 niam
743 3931 809 3983 ad
851 3929 1104 3984 viciniam
1150 3937 1322 3997 port:e
1365 3943 1486 3984 cum
1531 3931 1644 3985 suis
1691 3931 1840 4000 prius
1882 3933 2128 4002 pervenit

545 4037 711 4094 quam
753 4022 840 4076 alii
882 4023 1235 4091 perfecissent
1271 4023 1323 4076 id
1357 4023 1500 4092 quod
1535 4021 1773 4079 facturos
1807 4024 1954 4095 ipsos
1994 4040 2126 4080 con-

545 4125 795 4177 venerat,
825 4122 879 4168 et
909 4129 1012 4168 nox
1045 4113 1176 4182 ipsis
1202 4114 1544 4169 cessantibus
1568 4115 1772 4182 abibat,
1801 4117 1941 4172 male
1967 4119 2130 4184 coepit

550 4216 792 4260 metuere
820 4220 890 4260 ne
916 4205 1073 4274 cujus
1103 4205 1278 4273 magni
1313 4204 1435 4258 mali
1468 4213 1561 4259 aut
1589 4219 1752 4260 causa
1783 4218 1877 4262 aut
1903 4207 2128 4265 effectus

541 4305 698 4351 esset
737 4297 840 4351 ista
881 4295 1138 4349 cessatio.
1176 4293 1492 4348 Contrarias
1528 4293 1781 4364 videlicet
1818 4295 2039 4350 insidias
2075 4307 2131 4353 et

549 4387 842 4458 ancipitem
883 4387 1242 4455 proditionem
1281 4385 1648 4452 suspectabat.
1687 4384 1882 4441 Verum
1920 4385 2129 4442 Cutrit-

545 4493 710 4536 taces
740 4476 1028 4532 revocabat
1055 4491 1180 4530 eum
1210 4477 1277 4530 ab
1306 4475 1398 4530 illo
1427 4483 1572 4530 metu
1601 4484 1861 4546 quantum
1892 4487 2126 4547 poterat,

2227 3288 2490 3357 probabat
2517 3303 2638 3358 quae
2665 3304 2694 3342 a
2721 3288 3027 3345 Cutritzace
3057 3290 3282 3345 fidenter
3308 3306 3373 3346 ea
3403 3291 3671 3347 occasione
3694 3289 3767 3344 di-

2229 3380 2495 3434 cebantur
2519 3380 2743 3435 Alexins
2760 3419 2774 3444 ,
2803 3382 3132 3438 confirmans
3156 3382 3407 3436 similiter
3433 3392 3697 3452 patruum,
3721 3392 3765 3436 et

2229 3479 2287 3526 ut
2318 3481 2518 3528 metum
2549 3471 2842 3541 deponeret
2869 3472 3183 3528 adhortans.
3213 3473 3355 3543 Ergo
3391 3475 3477 3528 ille
3502 3474 3636 3529 circa
3666 3489 3766 3528 no-

2228 3564 2522 3622 nasterium
2567 3565 2632 3618 ad
2674 3564 2876 3618 fontem
2923 3565 3085 3620 situm
3129 3565 3471 3634 quiescebat,
3511 3567 3768 3622 continens

2228 3659 2527 3713 exercitum
2556 3656 2792 3719 silentio,
2825 3669 2880 3710 et
2909 3657 3148 3711 intentus
3177 3657 3520 3714 observando
3547 3661 3687 3728 signo
3713 3660 3768 3711 de

2227 3762 2335 3818 quo
2371 3757 2714 3803 convenerat.
2757 3746 2886 3802 Erat
2927 3759 3105 3801 autem
3151 3748 3203 3803 id
3249 3750 3584 3816 acclamatio,
3620 3746 3768 3818 quals

2184 3894 2190 3903 ,
2231 3839 2345 3894 fieri
2386 3840 2800 3910 imperatoribus
2838 3839 2992 3905 solet,
3028 3854 3192 3910 supra
3234 3856 3450 3896 murum
3492 3843 3624 3896 edita
3659 3855 3769 3894 voce

2229 3932 2441 3986 sublata
2471 3941 2526 3987 et
2555 3932 2659 3986 late
2689 3931 3033 4001 intelligibili.
3066 3932 3141 3986 Illi
3173 3947 3334 4001 porro
3366 3933 3639 4001 tranquille
3664 3947 3764 3984 ma-

2229 4040 2441 4096 gnaque
2469 4023 2624 4096 142
2646 4025 2848 4080 vitandi
2877 4026 3137 4092 strepitus
3159 4040 3310 4090 cura,
3335 4026 3636 4094 singillatim
3659 4040 3768 4080 con-

2228 4119 2436 4174 scensis
2465 4120 2644 4179 scalis,
2673 4117 2951 4172 offendunt
2979 4117 3159 4170 statim
3187 4119 3440 4173 custodes
3469 4117 3767 4172 dormientes

2231 4209 2377 4278 (ltali
2417 4208 2473 4262 hi
2505 4206 2692 4276 erant)
2725 4219 2776 4262 et
2812 4206 3054 4261 terribile
3087 4203 3192 4261 illis
3224 4208 3490 4262 somnium
3525 4215 3721 4278 portant
3749 4222 3762 4257 :

2230 4300 2412 4355 subito
2444 4299 2588 4354 enim
2617 4313 2710 4353 eos
2741 4312 2840 4353 nec
2871 4299 3168 4355 sentientes
3197 4299 3494 4369 corripiunt
3521 4314 3583 4354 ac
3607 4301 3769 4354 detur-

2231 4392 2360 4446 bant
2383 4391 2662 4455 denrsum,
2684 4389 2954 4459 jugulatos
2979 4389 3149 4459 prius.
3175 4388 3365 4446 Socios
3386 4406 3512 4445 vero
3536 4393 3766 4460 quosdam

2233 4484 2507 4553 ipsorum,
2550 4483 2641 4553 qui
2691 4483 2920 4536 tumultu
2967 4482 3131 4538 exciti
3181 4482 3358 4552 fugant
3407 4483 3767 4552 expediebant,

543 4581 608 4626 et
651 4583 803 4639 spem
845 4567 1106 4637 Optimam
1153 4575 1209 4619 ut
1251 4566 1559 4634 conciperet
1601 4568 1811 4635 orabat,
1855 4567 2129 4628 aﬂirmans
2159 4571 2206 4629 D
2235 4584 2670 4645 praeoccupantes
2698 4573 2990 4628 concidunt
3021 4573 3242 4643 gladiis,
3279 4584 3335 4628 ut
3369 4589 3522 4629 nemo
3549 4588 3770 4642 superos-

545 4661 754 4730 aliquid
779 4659 1000 4712 omnino
1027 4657 1206 4713 facere
1232 4658 1374 4713 intus
1400 4672 1490 4712 eos
1515 4658 1608 4728 qui
1633 4675 1842 4713 murum
1869 4677 2127 4716 conscen-

546 4756 764 4809 derant.
793 4752 904 4808 Nec
939 4763 1116 4806 tamen
1151 4750 1298 4805 illum
1333 4753 1557 4806 audiens
1593 4767 1622 4806 a
1657 4753 1964 4822 suspicione
1998 4770 2127 4808 con-

546 4845 868 4918 quiescebat
913 4843 1093 4899 Caesar
1135 4860 1148 4896 :
1195 4842 1535 4900 comminisci
1581 4844 1724 4900 enim
1767 4859 1872 4900 non
1917 4855 2128 4914 poterat

545 4938 646 4994 ubi
686 4945 741 4992 et
777 4939 1128 5005 quamobrem
1171 4944 1278 4989 tam
1321 4935 1412 4991 diu
1455 4935 1804 5003 feriarentur,
1848 4953 1947 4992 nec
1983 4938 2126 5006 quod

546 5035 738 5087 statim
787 5030 1026 5084 facturos
1071 5028 1512 5099 spoponderant,
1559 5028 1737 5083 adhuc
1778 5030 2129 5096 dissipassent

547 5133 772 5172 taurum
798 5117 1119 5172 subitarium
1145 5132 1174 5170 e
1198 5116 1464 5185 lapidibus
1491 5126 1691 5172 temere
1714 5118 1984 5187 congestis
2012 5119 2128 5174 sine

544 5215 816 5263 caemento
843 5219 988 5262 retro
1015 5217 1224 5277 portam
1257 5206 1418 5263 fontis
1448 5220 1710 5264 erectum.
1737 5210 1866 5275 Qua:
1895 5211 2129 5265 niaxime

545 5313 643 5356 tes
677 5297 1134 5369 inquietissimum
1174 5298 1253 5352 illi
1289 5306 1554 5354 terrorem
1591 5300 1911 5360 admovebat
1948 5301 2125 5367 magni

543 5407 582 5448 a
611 5408 736 5448 mox
759 5393 1034 5460 erupturis
1061 5393 1306 5447 hostibus
1328 5393 1572 5461 periculi.
1600 5392 1790 5460 itaque
1814 5393 1957 5446 vultu
1987 5391 2127 5446 haud

546 5485 928 5540 dissimulabat
955 5472 1242 5540 tnmroretn
1267 5484 1420 5553 quasi
1447 5499 1581 5538 sera:
1607 5484 1956 5553 pmnitentia},
1985 5485 2126 5552 quod

546 5577 699 5631 illudi
731 5578 832 5631 sibi
863 5593 927 5630 ac
957 5576 1141 5632 fucum
1174 5576 1290 5631 fieri
1320 5591 1486 5644 seque
1515 5590 1578 5630 ac
1609 5586 1904 5630 exercitum
1939 5577 2128 5634 fraude

549 5670 609 5723 in
638 5668 858 5722 insidias
887 5668 1026 5722 trahi
1057 5684 1245 5738 passus
1270 5676 1434 5723 esset.
1463 5667 1633 5734 Quem
1662 5669 1696 5721 il
1721 5667 1736 5722 i
1766 5685 2005 5723 errorem
2034 5671 2124 5739 qui

551 5763 770 5816 demere
796 5761 1122 5816 consolando
1149 5763 1470 5823 conabatur,
1498 5759 1632 5813 adeo
1661 5775 1846 5828 parum
1878 5762 2126 5829 prolicie-

553 5855 666 5925 bat,
703 5864 760 5911 ut
791 5870 910 5912 sese
943 5855 1123 5928 potius
1158 5858 1332 5926 ipsum
1374 5865 1630 5923 tanquam
1667 5855 1770 5909 doli
1811 5870 2121 5910 Successum

2235 4676 2317 4722 set
2349 4667 2440 4736 qui
2477 4665 2748 4720 nuntiaret
2783 4681 2903 4734 qua:
2937 4665 3284 4735 gerebantur.
3317 4663 3514 4735 Nempe
3540 4667 3641 4734 jam
3675 4677 3768 4714 nae-

2237 4767 2372 4820 tum,
2407 4771 2513 4825 quo
2547 4757 2740 4812 tntenia
2778 4755 2963 4808 timide
2995 4756 3286 4810 subeuntes
3319 4765 3686 4814 testuaverant,
3715 4766 3768 4802 ne

2235 4864 2337 4916 qua
2363 4849 2413 4902 vi
2447 4846 2650 4914 majore
2681 4847 2748 4901 ab
2777 4847 2988 4916 incepto
3019 4847 3456 4915 prohiberentur,
3487 4863 3618 4901 nunc
3641 4846 3768 4898 deni-

2234 4954 2339 5010 que
2391 4939 2671 4994 alacritate
2719 4940 3020 4994 anintorum
3070 4951 3134 4992 ac
3183 4938 3496 4994 fortitudine
3540 4952 3765 4992 Sttccrssu

2235 5040 2392 5087 aucta
2439 5030 2681 5082 vicerant
2726 5027 3224 5096 exstinxerantque,
3273 5028 3536 5097 planeque
3583 5041 3682 5095 pra:
3721 5039 3768 5076 se

2236 5124 2482 5176 ferebant
2510 5135 2569 5175 se
2599 5123 2862 5188 quemvis,
2890 5122 2978 5188 qui
3009 5121 3396 5174 adversaturus
3429 5136 3487 5175 se
3515 5119 3766 5188 objicerel.

2235 5213 2402 5267 armis
2445 5210 2588 5265 ultro
2631 5211 2832 5265 adoriri
2877 5227 2979 5263 non
3020 5210 3378 5264 dubitaturos.
3417 5207 3676 5277 Progressi
3712 5205 3766 5256 ad

2239 5315 2448 5374 portant
2495 5303 2682 5365 fontis.
2723 5315 2777 5356 et
2825 5303 2960 5356 lianc
3005 5304 3237 5356 maceria
3281 5314 3426 5357 retro
3467 5301 3765 5355 obstruclam

2237 5396 2829 5465 reperientes,diruunt
2862 5407 2978 5447 eam
2999 5395 3179 5448 statim
3215 5395 3498 5448 abstractis
3531 5391 3765 5458 disjects

2235 5501 2342 5554 que
2410 5487 2673 5556 lapidibus
2722 5485 2915 5552 raptim
2960 5484 3231 5553 congesis
3270 5499 3334 5539 ac
3376 5495 3569 5539 temere
3605 5491 3765 5547 super-

2236 5578 2478 5641 structis,
2502 5579 2698 5646 quibus
2722 5578 3028 5640 constabat,
3058 5578 3356 5646 ingressum
3386 5578 3640 5645 irrupturo
3664 5581 3764 5620 mox

2237 5671 2496 5724 exerCitui
2539 5671 2702 5723 latum
2739 5681 2792 5723 et
2828 5669 3148 5723 inoffensum
3180 5685 3243 5724 ea
3279 5683 3437 5736 Opera
3478 5665 3762 5736 pandentes.

2241 5762 2437 5814 Deinde
2475 5773 2652 5815 autem
2691 5761 2878 5816 cuneis
2915 5761 3078 5815 ωηυίε
3114 5763 3362 5815 cardines
3397 5759 3653 5812 valvarum
3686 5752 3760 5803 de-

2239 5856 2518 5907 molientes
2555 5857 2834 5906 t'chllnnt.
2888 5853 3047 5904 Forte
3097 5869 3332 5920 pra'sens
3365 5852 3520 5904 adfuit
3557 5853 3645 5901 hoc
3678 5843 3760 5895 litis
