3952 6522
331 417 430 483 581

1292 425 1387 486 DE
1430 428 1824 488 MICIIAELE
1868 429 2329 490 νιιιέιῑοωιςο
2370 408 2512 490 Ltti.
2564 433 2640 492 tt.

3482 436 3590 496 se

339 538 487 596 κέοις
515 536 642 599 τοὺς
674 537 898 607 θαιρούς
932 537 1041 590 τῶν
1083 537 1268 591 πυλῶν
1299 541 1699 610 ἐκκρούσαντες
1739 555 1912 591 κατα·
1941 543 1989 598 Δ
2016 538 2196 603 λακὼς
2237 541 2330 592 καὶ
2368 540 2524 602 εἰδὼς
2563 542 2629 593 τὰ
2669 541 2774 592 τῶν
2812 542 3064 595 ἁλώσεων
3105 542 3371 613 δυσχερῆ,
3410 545 3596 597 δεδιὼς

331 625 535 677 σπῶσι.
586 626 698 678 Καὶ⁵
748 625 946 693 εὐθὺς,
993 628 1148 697 ἔτυχε
1186 628 1295 699 γὰρ
1345 628 1537 699 παρὼν
1578 632 1757 682 ἐκεῖσε
1815 629 1912 684 καλ⁵

323 718 440 769 τῶν
499 717 816 788 ἱερωμένων
859 721 886 773 6
927 721 1213 791 Λακερᾶς,
1247 725 1308 775 ἐκ
1339 724 1446 776 τῶν
1484 723 1912 794 θεληματαρίων

331 809 410 862 ὢν
452 811 546 864 καὶ
575 811 739 874 αὐτὸς
785 813 879 865 καὶ
906 813 1183 883 συνεργῶν
1220 815 1516 885 ἀνδρικῶς,
1555 815 1913 868 ὑπαναὸαίνει

331 905 394 956 τὸ
431 908 611 974 τεῖχος
642 905 862 974 ’σύναμα
895 905 1157 976 Γλαὸἁτῳ
1185 907 1284 959 τινὶ
1321 908 1412 960 καὶ
1441 907 1652 971 λοιποῖς
1681 906 1911 978 ἑτέροις,

335 997 476 1049 Οὐδὲ
510 997 619 1066 γὰρ
655 997 736 1050 ἔτι
778 998 986 1066 ἐτόλμα
1009 1039 1023 1063 ,
1075 999 1169 1051 καὶ
1213 1001 1244 1067 ἡ
1284 999 1437 1069 φωνὴ
1470 1001 1911 1056 συναπεσὸέσθαι

327 1087 407 1157 τῷ
454 1090 562 1141 δέει
606 1091 772 1157 ἐγγὺς
817 1090 1176 1153 ἐκινδύνευεν,
1221 1091 1352 1144 ὅπου
1398 1108 1461 1160 γε
1506 1092 1698 1145 καὶτὸ
1736 1096 1914 1165 τεῖχος

327 1180 512 1232 δοκεῖν
552 1181 581 1232 6
624 1181 792 1250 φόϐος
835 1181 1008 1235 ἐδίδου
1053 1183 1441 1253 κραδαίνεθαι,
1483 1183 1558 1246 ὡς
1601 1187 1694 1239 καὶ
1739 1203 1911 1240 κατα-

331 1271 561 1326 πίπτειν
599 1273 691 1327 τὸν
737 1274 881 1343 μέγα
921 1275 1244 1346 φωνήσοντα
1282 1275 1380 1347 τὴν
1417 1276 1526 1328 τῶν
1565 1278 1912 1346 κρατούντων

327 1364 635 1435 εὐφημίαν.
659 1368 849 1436 Ὅμως
874 1366 1401 1437 παρακρατούμενος
1424 1370 1537 1432 τοῖς
1564 1370 1769 1441 ἑτέροις
1794 1388 1916 1441 τρε-

332 1459 519 1530 μούτῃ
560 1459 711 1528 φωνῇ
751 1457 848 1528 τὴν
886 1457 1174 1530 βασιλικὴν
1216 1460 1586 1532 ὑπεσήμαινε,
1616 1464 1735 1525 ,καὶ
1791 1481 1915 1516 συν-

327 1551 504 1619 ﬁlo-av
535 1553 584 1603 οι
619 1553 767 1604 κάτω
798 1554 909 1614 τοῖς
943 1553 1056 1605 ἂνω
1079 1593 1095 1618 ,
1127 1555 1222 1606 καὶ
1251 1557 1284 1624 ἡ
1322 1557 1472 1627 φωνὴ
1502 1557 1720 1629 διῄρετο
1753 1558 1916 1611 καθό·

332 1655 428 1690 σον
465 1633 534 1708 ἦν
569 1639 923 1710 ὑψηλότερον.
960 1641 1093 1694 Τότε
1131 1645 1226 1696 καὶ
1263 1647 1312 1698 οἱ
1351 1647 1494 1715 ἀμφὶ
1526 1648 1617 1699 τὸν
1654 1647 1912 1718 Καίσαρα

327 1733 432 1800 τὴν
465 1732 647 1803 ctu/ip:
679 1734 1112 1803 καραδοκοῦντες
1141 1737 1472 1802 ἀκούσαντες
1505 1741 1783 1809 ἐκπηδῶσι
1817 1741 1911 1795 τοῦ

328 1823 514 1894 λόλκρυ,
556 1827 648 1878 καὶ
689 1827 804 1895 ἆμα
838 1829 991 1899 τάχει
1029 1830 1254 1901 ἀπτέρῳ
1297 1832 1388 1882 ἐττί
1424 1833 1524 1902 τῆς
1567 1833 1741 1904 πύλης
1781 1834 1914 1905 ἐχώ-

2017 632 2178 703 σχολῇ
2233 635 2592 702 προσέϐαλεν,
2641 635 2744 696 ἕως
2792 635 2889 704 τῆς
2940 637 3150 704 ἡμέρας
3199 638 3598 706 ὑπαυγασέισης

2015 725 2194 777 τέλεον
2226 725 2387 794 μάθοι
2413 726 2510 794 τὴν
2539 727 2687 786 ἐντὸς
2717 724 2948 794 δύναμιν
2978 727 3386 795 ἀκριϐέστερον.
3416 730 3598 782 Μετα-
3677 774 3684 785 .

2013 816 2280 885 λαμϐάνει
2309 817 2364 869 δὲ
2391 817 2484 888 τὴν
2511 816 2714 868 δειλίαν
2739 817 2941 886 ταύτην
2969 817 3154 887 ἕτερος
3187 818 3411 887 Θόρυόος
3433 861 3447 881 ,
3478 823 3599 872 ἱκα-

2015 907 2121 960 νῶν
2154 907 2372 977 Ἰταλῶν
2403 907 2681 976 φανέντων
2710 909 2768 960 ἐν
2795 907 2978 972 ὅπλοις
3014 910 3108 960 κον.)⁸
3142 911 3376 979 ἰσχυρῶς
3409 929 3595 980 φαινο-

2019 1000 2197 1068 μένων
2246 998 2391 1069 ἔχειν
2440 1000 2691 1068 ἀμύνειν.
2734 999 2930 1067 Ἐγγὺς
2977 1001 3022 1053 δ’
3052 1000 3229 1054 ἐλθεῖν
3277 1003 3588 1057 ἐκινδύνευε

2013 1090 2102 1143 διὰ
2131 1091 2305 1144 ταῦτα
2343 1092 2504 1145 πάλιν
2537 1091 2842 1161 τραπέσθαι
2875 1109 2936 1146 τε
2973 1094 3063 1147 καὶ
3095 1093 3194 1164 τὴν
3223 1096 3423 1162 πρᾶξιν
3455 1098 3592 1149 ἁνα-

2016 1182 2278 1237 6αλέτθαι
2301 1199 2312 1212 ·
2353 1184 2474 1236 οὐδὲ
2510 1185 2618 1252 γὰρ
2652 1185 2732 1248 είς
2771 1184 2951 1255 μάχην
2987 1186 3036 1238 οι
3073 1186 3408 1250 εἰσελθόντες
3451 1189 3598 1253 ἀξιό-

2015 1291 2161 1345 χρεῳ
2195 1275 2504 1345 ἐνομίζοντο
2535 1278 2581 1328 οἱ
2603 1316 2618 1340 ,
2657 1276 2812 1346 μόλις
2848 1279 2926 1340 εἰς
2961 1279 3154 1348 πεῖραν
3185 1278 3279 1330 καὶ
3313 1278 3468 1348 λόχων
3501 1280 3601 1348 .·Ξιρ⁶

2017 1367 2292 1430 κέσοντες.
2329 1366 2416 1439 [Ρ.
2447 1365 2540 1438 95]
2576 1369 2736 1420 Ἀλλὰ
2767 1368 3149 1438 προστίθενται
3179 1369 3389 1432 τούτοις
3421 1372 3518 1424 καὶ
3546 1375 3598 1426 οἱ

2016 1455 2433 1528 θεληματὰριοι,
2465 1459 2556 1513 καὶ
2590 1459 2766 1522 ἄλλως
2798 1460 2895 1528 μὲν
2923 1460 3218 1530 θαρραλέοι
3247 1461 3418 1526 ὄντες,
3448 1463 3598 1532 ὅμως

2014 1549 2071 1601 δὲ
2107 1550 2201 1603 καὶ
2236 1552 2263 1602 6
2300 1551 2430 1619 περὶ
2465 1552 2568 1602 τῶν
2603 1551 2742 1603 ὅλων
2777 1551 3022 1614 κίνδυνος
3055 1554 3177 1606 τότε
3216 1556 3310 1606 καὶ
3352 1557 3503 1623 παρὰ
3537 1555 3605 1606 τὸ·

2016 1641 2162 1704 είκδς
2191 1644 2329 1711 σφᾶς
2357 1643 2533 1696 ἐποίει
2558 1643 2930 1712 ἀνδρίζεσθαι,
2959 1644 3033 1708 ὡς
3063 1646 3138 1715 μὴ
3168 1646 3597 1714 περιεσομένους

2015 1729 2082 1784 ἂν
2115 1735 2369 1796 κρατοῖεν
2402 1734 2450 1784 οἱ
2487 1733 2698 1786 Ἰταλοί.
2735 1734 2823 1802 Τῷ
2857 1751 2938 1786 τοι
2977 1737 3069 1787 καὶ
3108 1735 3461 1798 συσταθέντες
3505 1741 3598 1792 καὶ

2018 1821 2245 1885 ἑαυτοὺς
2277 1822 2606 1893 ἀρτύναντες
2642 1825 2888 1892 ἀντεῖχον
2921 1827 3015 1876 καὶ
3053 1827 3346 1896 περιῆσαν,
3380 1827 3595 1895 ὀλίγους

332 1935 490 1985 ρουν,
536 1921 626 1969 καὶ
669 1898 1188 1988 προκαταλαϐόντες
1223 1898 1526 1992 είσχέονται
1571 1898 1910 1994 παμπληθεί.
1945 1898 1990 1958 Β
2022 1912 2119 1978 μὲν
2150 1914 2538 1979 ἀποεαλόντεςν
2570 1917 2763 1970 ἐνίκων
2791 1917 2844 1968 δὲ
2877 1918 2968 1969 καὶ
2997 1919 3459 1986 κατετροπνῧντον
3494 1923 3590 1973 καὶ

332 2008 459 2058 Ἔτι
498 2008 541 2058 δ’
570 2009 660 2059 ὑπ’
691 2011 884 2076 αὐγαῖς
921 2013 1039 2072 ταῖς
1081 2011 1324 2082 πρώταις
1359 2014 1456 2084 τῆς
1495 2017 1706 2085 ἡμέρας
1744 2016 1913 2088 οὔσης

326 2099 595 2167 ἐξῖίξνης
626 2098 721 2169 τὴν
749 2099 929 2168 χώραν
957 2101 1218 2154 κατέθεον
1246 2103 1341 2156 καὶ
1370 2103 1633 2171 ἐπόρθουν
1659 2107 1718 2157 τὸ
1751 2124 1914 2174 προσ-

324 2194 494 2259 τυχῖν
529 2190 897 2255 σκυλεύοντες.
928 2192 1000 2244 Τὸ
1027 2193 1082 2244 δέ
1113 2209 1174 2260 γε
1207 2194 1474 2248 Σκυθικὸν
1502 2196 1805 2258 εὐσυνέτως
1839 2197 1914 2269 μὴ

325 2281 772 2350 σκεδαννύμενον
807 2279 994 2353 εἶργον
1029 2286 1086 2336 τὸ
1126 2288 1556 2357 προσγινόμενον
1588 2289 1652 2341 ἐκ
1682 2289 1780 2358 τῆς
1819 2290 1914 2342 πό-

323 2375 470 2435 λεως
503 2374 729 2446 πλῆθος,
759 2377 811 2429 ετ
841 2394 944 2429 που
980 2381 1232 2432 συσταῖέν
1258 2397 1402 2443 τινες
1434 2381 1828 2450 μαθησείοντες
1854 2384 1915 2436 τὸ

324 2466 625 2536 γινόμενον
651 2488 657 2494 ·
690 2470 976 2540 πλάσματι
1003 2474 1112 2542 γὰρ
1138 2473 1195 2525 τὸ
1227 2475 1470 2544 πραχθὲν
1496 2475 1658 2544 ἐῴκει
1690 2476 1916 2547 λεγόμε-

323 2577 447 2612 νον.
480 2559 541 2612 Ὀ
575 2561 758 2629 μέντοι
787 2579 849 2630 γε
885 2563 1101 2634 Καῖσαρ
1132 2567 1444 2634 στρατείαις
1472 2568 1734 2630 πολλάκις
1763 2571 1915 2640 ἐσχο-

325 2747 624 2814 agentibus
649 2745 906 2802 SaCerdos
931 2747 1146 2816 quidam
1175 2751 1394 2805 nomine
1422 2751 1676 2818 Laceras,
1702 2769 1729 2804 ο
1753 2763 1917 2824 gente

325 2850 386 2892 et
427 2839 540 2908 ipse
571 2839 1034 2905 voluntariorum;
1069 2843 1158 2910 qui
1197 2842 1282 2896 ttbi
1320 2845 1383 2895 ad
1422 2855 1588 2913 portae
1619 2847 1916 2899 tletnolitio-

327 2946 462 2985 nem
511 2931 738 2984 viriliter
783 2944 1103 2999 cooptat-atus
1149 2934 1278 3001 ipsis
1323 2946 1484 2997 esset.
1535 2953 1744 2990 murum
1793 2954 1916 2992 run-

325 3025 549 3078 scentlit
585 3041 709 3078 cum
751 3031 982 3094 quodam
1023 3027 1249 3080 Glabato
1288 3032 1502 3084 nomine
1541 3043 1591 3082 et
1634 3033 1754 3084 aliis
1797 3031 1914 3086 reli-

325 3117 481 3192 quis.
529 3117 628 3170 Sed
676 3128 848 3170 terror
888 3135 1008 3170 eum
1059 3130 1240 3171 tantus
1283 3124 1681 3176 constrinxerat
1726 3136 1783 3177 ut
1826 3124 1912 3176 vix

2016 2005 2162 2058 νῶτα
2207 2009 2448 2073 διδόντας
2494 2009 2571 2079 τῷ
2617 2010 2696 2072 εἰς
2748 2009 2926 2080 φυγὴν
2975 2011 3278 2080 τραπέσθαι
3330 2013 3594 2066 ὑποδῦναι

2019 2101 2207 2163 σκότος
2243 2100 2484 2164 ἐποίουν,
2519 2100 2646 2153 ἔνθα
2685 2101 2748 2154 ἂν
2789 2104 2882 2153 καὶ
2925 2104 3166 2154 σωθεῖεν.
3203 2103 3334 2155 Τότε
3374 2121 3590 2174 τοιγαρ-

2015 2192 2107 2243 οῦν
2145 2191 2205 2244 τὸ
2243 2191 2343 2262 μὲν
2383 2193 2524 2244 Σκυθ
2556 2194 2648 2244 κδν
2685 2195 2878 2263 ἀνέδην
2917 2197 3032 2254 ταῖς
3071 2192 3421 2246 σκυλεύσεσιν
3461 2194 3595 2246 ἐπε-

2015 2285 2258 2348 ϐάλοντο,
2285 2285 2380 2338 καὶ
2398 2285 2718 2355 ,ἀποθήκαις
2745 2285 2854 2337 τῶν
2884 2285 3160 2356 χρειιυδῶν
3190 2289 3592 2356 προσπαῖοντες

2015 2376 2370 2446 ἐνεφοροῦντο
2399 2377 2508 2447 τῷν
2538 2379 2873 2446 ἀναγκαίων.
2901 2378 3094 2448 Ὅμως
3125 2377 3181 2429 δέ
3213 2394 3272 2444 γε
3308 2379 3400 2430 καὶ
3432 2379 3595 2431 πάλιν

2015 2469 2158 2538 ἀμφὶ
2183 2470 2271 2522 τὸν
2299 2471 2552 2540 Καίσαρα
2577 2471 2927 2536 συνελέγοντο
2948 2473 3042 2539 τῆς
3067 2472 3280 2540 ἡμέρας
3309 2471 3595 2532 πολλάκις,

2016 2565 2112 2614 καὶ
2140 2561 2633 2634 περιτειχιζόμενοι
2657 2563 2843 2616 τοῦτον
2871 2565 3171 2636 ἐξρούρουν
3197 2581 3255 2616 τε
3287 2563 3378 2616 καὶ
3405 2566 3598 2636 ἐφρου-

2015 2744 2472 2816 oppugnationum
2520 2744 2806 2814 periculis,
2853 2745 3085 2810 indeque
3134 2755 3386 2814 reputans
3434 2762 3593 2814 quam

2017 2842 2086 2895 sit
2117 2853 2315 2907 anceps
2349 2840 2401 2892 e't
2436 2837 2713 2892 erroribus
2748 2837 3072 2905 perniciosis
3105 2841 3341 2891 obnoxia
3381 2853 3464 2893 res
3501 2854 3596 2892 ex-

2017 2931 2268 3000 pugnatio
2299 2928 2530 2989 urbium,
2569 2929 2797 2995 sapienti
2837 2929 3247 2982 cunctabundus
3286 2941 3428 2982 tncttt
3465 2944 3598 2982 ιιοιι-

2017 3024 2121 3078 nisi
2170 3034 2327 3078 caute
2378 3038 2440 3078 ac
2489 3023 2812 3090 pedetentim
2863 3023 3222 3092 procedebat,
3271 3033 3597 3091 exspectans

2016 3117 2141 3172 dum
2194 3116 2375 3172 adulta
2425 3115 2534 3185 jam
2587 3117 2675 3170 die
2727 3117 2878 3184 plene
2931 3131 2992 3168 ac
3041 3125 3191 3168 certo
3243 3129 3598 3186 COgllOStft‘l‘tJ

325 3209 594 3276 eXpt-dire
635 3219 815 3274 posset
857 3224 1070 3272 vorent;
1117 3226 1413 3280 parumque
1455 3213 1640 3266 aberat
1681 3215 1805 3282 quin
1849 3231 1910 3270 ea

2017 3220 2276 3276 quantum
2313 3207 2457 3263 intus
2493 3218 2635 3260 esset
2668 3209 2970 3275 copiarum.
3007 3209 3177 3276 Quam
3217 3208 3330 3276 ejus
3369 3225 3593 3278 progre-

327 3301 385 3352 in
438 3298 680 3353 fatu-ibus
718 3312 859 3352 metu
896 3304 1165 3355 erstiucta
1203 3305 1465 3357 coutliette
1506 3306 1916 3364 acclamatiouis

327 3392 551 3461 signum
596 3393 753 3444 edere
793 3395 1044 3461 nequiret
1086 3412 1099 3447 :
1150 3411 1271 3448 nam
1319 3395 1482 3449 etiam
1529 3415 1737 3463 ttturus,
1782 3411 1916 3467 post-

325 3500 502 3552 quam
537 3483 584 3536 itt
615 3500 734 3537 eum
767 3485 1009 3539 ascendit
1031 3524 1047 3548 ,
1081 3495 1313 3540 tremere
1347 3487 1445 3556 ipsi
1479 3489 1665 3558 utique
1697 3492 1916 3546 turme

327 3573 623 3628 videbatur
647 3583 699 3626 et
727 3584 872 3629 totus
897 3576 1133 3630 concuti.
1159 3575 1340 3641 Quare
1364 3592 1694 3648 opportunus
1719 3584 1766 3636 ei
1795 3600 1918 3636 cott-

331 3665 608 3721 firmando
640 3667 740 3721 fuit
772 3667 1062 3722 comitatus
1093 3667 1354 3734 aliorum,
1385 3671 1478 3740 qui
1513 3673 1706 3726 misere
1738 3675 1913 3730 formi-

329 3761 556 3811 dantem
599 3775 687 3824 ιιι»,
728 3759 884 3814 simul
930 3775 1112 3814 vocem
1155 3762 1427 3816 attolleret
1469 3765 1520 3817 in
1567 3767 1914 3822 constitutam

330 3849 788 3904 acclamatioaetn
830 3852 1214 3920 Augustorum,
1255 3854 1320 3908 de
1363 3870 1517 3908 muro
1558 3857 1743 3910 statim
1789 3874 1916 3928 prte-

331 3955 473 4009 ceps
502 3941 738 4006 caderet,
770 3941 847 3996 sic
882 3942 1354 4000 adhortationibus
1386 3946 1622 4018 undique
1654 3949 1917 4005 instantes

329 4031 684 4094 animaruut,
721 4032 905 4102 sicque
943 4035 1303 4105 amplexando
1341 4037 1675 4104 tenendoqne
1715 4054 1743 4090 a
1782 4054 1916 4094 vano

333 4123 583 4192 periculo
619 4125 806 4177 ruendi
839 4141 901 4178 ex
933 4127 1042 4179 alto
1071 4141 1318 4180 securum
1351 4126 1615 4191 fecerunt,
1648 4139 1704 4182 ut
1731 4133 1915 4186 conari

334 4220 560 4273 tandem
596 4221 839 4284 auderet,
875 4237 937 4276 ae
975 4232 1236 4276 tremente
1272 4224 1488 4292 quidem
1529 4225 1913 4278 intermortua.-

330 4327 448 4381 que
485 4326 644 4378 voce,
681 4312 976 4368 solemnem
1016 4313 1302 4367 formulam
1344 4315 1480 4368 bene
1520 4315 1769 4383 pret-andi
1807 4314 1914 4368 Au-

330 4406 519 4476 gustis
551 4415 818 4474 utcunque
853 4405 1247 4474 pronuntiaret.
1283 4404 1700 4474 Responderunt
1732 4409 1914 4462 statim

325 4499 434 4570 qui
471 4497 623 4569 143
652 4499 788 4552 infra
822 4514 1031 4552 murum
1065 4508 1241 4564 erant,
1267 4511 1320 4554 et
1347 4514 1530 4553 vocem
1563 4515 1796 4569 superne
1822 4515 1914 4554 aco

2019 3299 2198 3354 diendi
2229 3301 2568 3355 timiditatem
2602 3300 2738 3355 alius
2771 3303 3026 3355 continuo
3064 3301 3325 3355 tumultus
3358 3304 3598 3368 excepit,

2017 3391 2169 3446 Italis
2207 3390 2458 3446 videlicet
2495 3401 2580 3446 sat
2615 3407 2808 3462 utaguo
2845 3407 3074 3446 nutuero
3111 3395 3495 3462 apparentibus
3537 3394 3598 3444 in

2017 3485 2186 3538 armis
2225 3500 2288 3538 ea
2331 3485 2508 3553 specie
2545 3494 2601 3538 ttt
2645 3485 2939 3540 fortissime
2976 3485 3286 3539 viderentur
3327 3500 3422 3553 pro
3463 3501 3594 3538 urz-e

2021 3577 2297 3631 liberanda
2339 3577 2646 3647 pugnaturi.
2685 3576 2746 3629 lli
2789 3592 2908 3630 cum
2951 3591 3010 3630 se
3053 3577 3420 3630 admovissent
3463 3591 3590 3644 pro-

2019 3670 2139 3738 pius
2171 3669 2368 3724 Caesari
2391 3710 2406 3733 ,
2445 3683 2630 3736 parum
2667 3668 2840 3722 abfuit
2870 3669 3000 3736 quin
3035 3667 3124 3722 ille
3157 3669 3392 3735 receptui
3428 3681 3592 3718 caue-

2018 3773 2098 3818 ret
2140 3777 2383 3830 opusque
2427 3761 2758 3828 relinqueret
2800 3763 3116 3830 inceptum:
3157 3775 3260 3814 non
3302 3763 3444 3813 enim
3491 3761 3590 3829 ipsi

2018 3855 2362 3918 videbantur,
2410 3869 2545 3922 quos
2596 3855 2648 3906 itt
2700 3855 2886 3907 urbem
2938 3855 3243 3918 induxerat,
3292 3854 3603 3907 resistendi):

2017 3962 2196 4016 pares,
2225 3947 2421 4015 quippe
2449 3961 2582 4014 quos
2613 3947 2697 3998 vix
2731 3946 2796 3997 ad
2832 3949 3146 3997 tentandum
3175 3960 3239 3998 ex
3277 3945 3486 3998 insidiis
3518 3944 3592 3996 itt-

2016 4039 2220 4092 sultutn
2253 4038 2496 4092 sullicere
2531 4040 2776 4104 putabat.
2813 4034 3006 4089 Verum
3043 4036 3110 4089 iis
3140 4051 3199 4089 se
3231 4036 3594 4104 adjunxeruut

2017 4129 2304 4184 voluntarii
2339 4132 2501 4182 fortes
2533 4129 2767 4197 alioquin
2799 4138 2851 4182 et
2884 4128 3022 4182 bello
3057 4128 3210 4189 boni,
3250 4139 3372 4180 tunc
3405 4139 3602 4181 autem

2017 4223 2332 4281 audaciores
2379 4219 2506 4272 facti
2549 4219 3279 4286 eertitndine’impendentis
3325 4217 3454 4286 ipsis
3494 4233 3590 4270 ett-

2020 4314 2173 4368 tretui
2206 4312 2461 4382 periculi,
2499 4310 2659 4382 144
2686 4311 2732 4364 si
2767 4327 2852 4365 res
2882 4325 2946 4363 co
2979 4310 3083 4364 loci
3115 4311 3337 4363 deducta
3370 4312 3593 4364 omitte-

2019 4416 2166 4461 retur
2201 4422 2215 4458 :
2255 4419 2430 4473 neque
2469 4405 2610 4458 enim
2651 4413 2770 4457 erat
2810 4403 3031 4458 dubium
3073 4404 3228 4470 quin,
3267 4404 3310 4460 si
3349 4418 3412 4458 eo
3452 4419 3598 4472 pert-

2018 4498 2139 4554 culo
2193 4498 2492 4552 incolumes
2547 4495 2661 4549 Itali
2716 4494 3161 4566 defungeremur,
3217 4507 3430 4561 gentem
3485 4499 3602 4550 sibi.

331 4601 560 4660 ceptant
591 4590 1001 4660 multiplicatam
1035 4590 1304 4646 robustius
1338 4590 1766 4659 frequentarunt,
1800 4609 1918 4661 quae
1950 4585 1992 4641 D
2020 4591 2329 4656 obnoxiam,
2378 4605 2498 4660 qua:
2549 4590 2692 4659 ipsos
2742 4601 2884 4643 esset
2937 4590 3161 4656 perdere
3207 4600 3424 4655 conata,
3475 4591 3603 4658 pati

334 4689 455 4739 late
483 4685 592 4753 jam
627 4683 880 4750 clareque
916 4683 1097 4736 audita
1136 4682 1224 4737 ttbi
1260 4680 1530 4738 Catsarem
1567 4699 1686 4738 cum
1720 4685 1832 4737 suis
1867 4685 1919 4740 id

334 4779 523 4846 ipsum
551 4785 928 4844 exspectantes
957 4775 1266 4838 admonuit,
1295 4774 1550 4828 exsiliunt
1579 4790 1644 4829 ex
1677 4775 1916 4841 insidiis,

327 4879 398 4926 et
429 4868 629 4922 volucri
663 4869 940 4922 celeritate
973 4877 1190 4922 ruentes
1219 4866 1285 4920 ad
1317 4877 1526 4935 portant
1554 4882 1652 4936 per
1677 4882 1793 4921 eam
1823 4883 1920 4922 oc-

328 4971 592 5030 cupatam
619 4959 772 5012 densi
799 4959 1056 5015 subeunt.
1087 4957 1226 5012 Hora
1255 4969 1372 5013 erat
1399 4958 1778 5014 dilucescentis
1805 4959 1919 5027 pri-

332 5052 545 5107 mulum
575 5051 704 5111 diei,
733 5050 950 5120 quando
980 5049 1207 5118 ingressi
1241 5049 1430 5103 urbem
1462 5050 1660 5104 milites
1689 5049 1919 5105 Caesaris

333 5145 622 5196 incursare
651 5142 924 5210 regionem
953 5141 1184 5211 primum
1213 5141 1424 5195 obviam
1454 5157 1519 5195 ac
1545 5141 1778 5211 diripere
1806 5159 1916 5198 co:-

335 5242 561 5303 pezunt,
605 5233 900 5300 spoliantes
944 5242 1208 5300 quotquot
1256 5239 1626 5286 occurrerent.
1673 5236 1738 5287 At
1788 5233 1919 5304 Scy-

335 5329 502 5381 tlticre
525 5327 715 5394 copiae,
741 5325 989 5392 prudenti
1017 5340 1148 5378 sttne
1173 5325 1418 5390 consilio,
1449 5326 1752 5379 militariter
1775 5327 1911 5380 ordi-

335 5429 482 5472 natae
508 5419 883 5488 perstiterunt,
910 5419 1296 5473 submoventes
1321 5416 1625 5471 afﬂuentem
1654 5434 1682 5469 e
1711 5419 1914 5486 reliqua

335 5511 478 5564 urbe
512 5509 938 5569 multitudinem,
973 5509 1146 5564 sicubi
1181 5510 1442 5563 coéuntes
1479 5509 1696 5576 quidam
1735 5511 1915 5565 consi-

333 5611 552 5656 sterent
600 5601 776 5670 cupidi
826 5600 1184 5670 cognoscendi
1238 5601 1366 5670 quid
1416 5611 1696 5670 gereretur
1741 5618 1756 5655 :
1807 5617 1912 5655 nou

333 5695 486 5749 enim
535 5692 694 5746 fidem
734 5691 1003 5746 fat-iubant
1043 5691 1136 5760 qui
1179 5707 1289 5746 rem
1336 5701 1392 5744 ut
1432 5698 1552 5744 erat
1595 5689 1913 5745 nartabant.

332 5783 610 5839 Caeterum
653 5785 833 5839 Caesar
869 5786 1028 5854 loago
1067 5800 1163 5838 usu
1208 5799 1385 5838 rerum
1430 5783 1742 5837 bellicarum
1786 5784 1916 5836 edo-

343 5885 497 5940 ctus,
539 5891 786 5948 srrpeque
820 5893 884 5932 ac
917 5877 1006 5932 diu
1046 5887 1290 5932 versatus
1329 5877 1380 5930 in
1417 5875 1823 5943 expeditionum
1858 5884 1914 5930 et

2024 4685 2285 4755 exigenda
2317 4694 2424 4737 tam
2453 4685 2596 4737 acris
2630 4681 2837 4752 injuria:
2867 4680 3100 4736 vindicta
3133 4683 3371 4737 funditus
3401 4687 3594 4752 perde-

2024 4787 2160 4832 rent.
2191 4775 2461 4830 Coéuntes
2491 4774 2653 4846 igitur
2679 4789 2873 4843 magno
2902 4789 3125 4828 numero
3156 4775 3605 4842 instrncnlesque'

2019 4884 2140 4925 sese
2169 4869 2222 4924 in
2252 4868 2422 4922 aciem
2455 4867 2671 4936 egregie
2700 4869 3041 4926 restiterunt.
3071 4867 3398 4935 tandemque
3424 4884 3596 4936 supe-

2023 4961 2212 5026 riores,
2237 4959 2420 5026 paucis
2445 4972 2664 5012 suorunt
2690 4957 2933 5020 amissis,
2961 4956 3205 5010 vicerunt
3229 4956 3479 5011 fuderunt
3504 4973 3605 5022 ,uc:

2022 5053 2225 5114 hostes,
2249 5059 2305 5105 et
2330 5062 2475 5120 terga
2502 5062 2711 5103 vertere
2737 5048 3041 5117 compulsos
3068 5049 3118 5101 in
3151 5049 3367 5103 latibula
3394 5051 3603 5118 cuique-

2023 5151 2144 5195 nota
2182 5139 2589 5208 compulerunt,
2627 5138 2715 5193 ubi
2755 5142 3090 5193 tenebrarum
3129 5140 3386 5192 beneficio
3425 5140 3602 5193 vitans

2019 5243 2320 5288 servarent.
2364 5231 2514 5285 Tunc
2555 5234 2770 5285 demum
2814 5248 3002 5286 secure
3045 5247 3107 5284 ac
3153 5232 3325 5298 palaut
3375 5231 3604 5300 Scytha:

2018 5325 2372 5394 congerendis
2402 5339 2465 5377 ex
2501 5325 2655 5376 hoste
2687 5325 2882 5389 praedis
2913 5323 3208 5389 spoliisque
3238 5337 3455 5389 cperam
3487 5325 3598 5377 de-

2017 5416 2235 5481 derunt,
2263 5425 2316 5470 et
2345 5416 2395 5467 itt
2425 5415 2716 5483 apothecas
2745 5423 2919 5466 rerum
2952 5418 3018 5465 ad
3049 5413 3247 5466 victum
3279 5423 3582 5480 paratarum

2017 5511 2355 5563 incurrentes
2385 5507 2730 5576 expleverunt
2759 5520 2816 5558 se
2848 5505 2972 5557 cibo
2999 5511 3262 5572 potnque,
3292 5507 3370 5558 sic
3401 5515 3580 5559 tamen

2017 5609 2072 5653 ιιι
2115 5616 2301 5654 rursus
2338 5600 2480 5652 circa
2519 5598 2782 5651 Ctesarem
2824 5611 2880 5649 se
2921 5595 3152 5650 subinde
3195 5608 3590 5666 congregarent

2015 5696 2296 5762 ipsumque
2339 5692 2614 5754 vallarent,
2655 5704 2718 5742 ac
2762 5689 2994 5742 vicissim
3037 5690 3103 5744 ab
3144 5688 3262 5758 ipso
3302 5691 3593 5760 copiisque

2014 5801 2149 5853 quas
2191 5785 2417 5838 ducebat
2469 5790 2896 5849 protegerentur,
2932 5798 2993 5833 ac
3035 5781 3114 5834 sic
3154 5798 3376 5849 omnes,
3399 5783 3444 5836 si
3484 5783 3586 5850 qui-

2016 5879 2079 5929 tlc
2126 5889 2262 5934 novo
2311 5871 2739 5927 adversariorum
2794 5884 3144 5942 apparerent,
3191 5891 3282 5930 eos
3330 5875 3584 5930 alacriter
