3952 6516
501 436 606 509 583
1726 439 2048 500 GEORGII
2092 436 2563 499 PACIIYMEILE
3639 443 3733 510 534

499 558 715 630 ροῦντο,
733 555 829 620 ὡς,
850 555 903 609 εί
922 571 1064 618 τινες
1089 555 1330 623 φανεῖεν,
1351 551 1731 616 εἰσϐαλοῦντες
1755 552 2072 624 προθύμως.
2105 554 2151 611 Α,
2179 552 2472 621 σφετέραις
2523 553 2738 620 γυναιξὶ
2791 555 2883 607 καὶ
2936 556 3148 616 τέκνοις
3203 555 3737 626 κατοῤῥωδήσαντες·

509 653 569 705 '0
599 650 655 704 δέ
688 665 751 718 γε
786 647 1035 718 βασιλεὺς
1069 645 1296 700 ἐκείνων
1326 647 1355 699 ὁ
1386 642 1740 710 Βαλδουῖνος,
1775 644 2072 712 ἐκπλαγεὶς
2178 647 2368 719 Ὅμως
2416 647 2686 717 ὲτάχυναν
2730 647 3021 718 ἐπιστῆναι
3064 648 3159 702 καὶ
3202 647 3276 710 ὡς
3320 645 3465 719 εἶχον
3509 650 3737 719 ἀμῦναι·

497 736 610 796 οἷον
642 740 882 803 ἀκούσας
919 742 1016 793 καὶ
1044 740 1153 791 τῶν
1183 738 1397 808 φρενῶν
1427 738 1533 805 ἔξω
1564 738 1889 808 γενόμενος,
1919 736 2073 791 οὐδὲν
2174 741 2307 811 περὶ
2337 741 2444 811 γάρ
2472 738 2767 810 τριάκοντα
2795 740 2892 793 καὶ
2933 738 3089 810 πρὸς,
3137 739 3295 809 λόγος
3333 741 3472 812 ἔχει,
3520 746 3743 814 μακραῖς

496 832 672 903 ἀλλ’ἢ
705 833 841 902 πρὸς
866 831 944 901 τῷ
972 833 1166 899 φυγεῖν
1188 826 1276 901 ἦν.
1304 831 1415 884 Καὶ
1443 828 1508 900 δὴ
1537 828 1851 883 καταλιπὼν
1874 828 1942 881 τά
1965 827 2072 881 τῶν
2177 832 2335 886 ναυσὶ
2387 831 2647 902 μονηρεσί
2687 847 2748 883 τε
2790 831 2891 885 καὶ
2931 833 3186 904 τριήρεσι
3233 833 3374 886 κατὰ
3418 834 3742 903 Δαφνουσίας

495 922 817 993 Βλαχερνῶν
855 923 1129 991 ἀνάκτορα
1166 920 1241 984 ὡς
1275 921 1337 973 οὗ
1374 919 1605 989 δυνατῆς
1640 918 1904 987 δοκούσης
1937 915 2072 986 ἀμύ-
2176 923 2511 996 χρήσασθαι.
2545 922 2789 987 Ταύταις
2820 923 3062 987 ἀπάσαις
3092 924 3560 995 ταχυναυτούσαις
3587 926 3739 993 ἠπεί-

496 1031 609 1066 νειν
648 1016 744 1084 τῆς
792 1012 916 1083 γῆς,
961 1012 1145 1081 δρόμῳ
1187 1015 1356 1096 χωρεῖ
1398 1011 1672 1079 (ἐπίστευε
1722 1012 1827 1079 γὰρ
1868 1010 1935 1079 τῇ
1981 1008 2074 1060 θαο
2177 1036 2337 1087 γοντο
2378 1017 2515 1090 πρὸς
2555 1017 2654 1087 τὴν
2698 1018 2872 1082 πόλιν,
2910 1018 3025 1087 ἅμα
3070 1017 3402 1089 Θαρροῦντες
3444 1018 3642 1087 καὶτῷ
3682 1019 3739 1073 ὲκ

496 1107 674 1179 λάσθῃ
706 1106 888 1174 πλέον)
923 1106 1056 1173 πρὸς
1083 1106 1142 1157 τδ
1177 1106 1318 1174 μέγα
1353 1104 1638 1166 παλάτεον.
1671 1105 1763 1156 καὶ
1792 1103 1869 1164 ὡς
1900 1098 2069 1172 εἶχεν.
2178 1112 2433 1175 Σικελίας
2471 1112 2715 1183 μεγίστῳ
2744 1111 2915 1181 πλοίῳ
2945 1111 3172 1175 πολλοὺς
3201 1111 3378 1182 ἔχοντι
3408 1111 3535 1174 τοὺς
3563 1111 3741 1165 ἐπιϐά-

497 1198 655 1268 desis
696 1199 795 1265 μὲν
828 1197 1165 1268 καλύπτραν,
1202 1196 1361 1265 ἀφεὶς
1390 1196 1445 1249 δὲ
1480 1197 1573 1249 καὶ
1606 1196 1842 1263 σπάθην.
1874 1196 1942 1248 τὰ
1974 1196 2072 1263 τῆς
2171 1223 2291 1267 τας,
2331 1205 2407 1266 ὡς
2451 1204 2545 1257 καὶ
2590 1204 2791 1266 αὐτοὺς
2835 1203 3168 1272 συναμύνειν
3201 1204 3279 1273 τῷ
3321 1203 3470 1271 γένει
3511 1208 3603 1257 καὶ
3638 1207 3740 1267 τοῖς

496 1288 663 1343 αὑτοῦ
698 1288 971 1361 βασιλείας
1003 1288 1270 1358 σύμϐολα,
1299 1286 1387 1356 νηῒ
1415 1287 1660 1349 καταδδις
1690 1285 1939 1339 πιστεύει
1968 1286 2069 1356 τὴν
2172 1296 2422 1351 ἐπιοῦσιν
2464 1296 2632 1365 ὁμόσε
2678 1299 2898 1367 χωρεῖν.
2947 1296 3058 1349 Καὶ
3103 1297 3153 1350 oi
3200 1295 3300 1366 μὲν
3340 1296 3434 1350 ἐπὶ
3481 1297 3739 1360 τοιαύταις

500 1384 798 1453 σωτηρίαν.
830 1383 941 1453 Τῆς
972 1383 1182 1453 ἡμέρας
1214 1381 1271 1435 δὲ
1301 1381 1507 1451 ταύτης
1535 1383 1584 1434 οἱ
1615 1380 1716 1450 τῆς
1754 1380 2071 1449 Ῥωμαῖκῆς
2173 1386 2386 1439 ἐλπίσιν
2404 1386 2723 1456 ἠπείγοντο,
2746 1382 2830 1456 [Ρ.
2850 1383 3059 1457 94]όδὲ
3082 1386 3299 1457 Καῖσαρ
3322 1385 3740 1457 προαισθόμενος

496 1476 816 1535 ἐπιστάντες
842 1473 1121 1542 φάλαγγος
1144 1472 1230 1543 ἐφ’
1246 1466 1400 1542 ᾧπερ
1422 1473 1681 1543 εὑρήσειν
1701 1472 1795 1524 καὶ
1818 1469 2070 1535 καθέξειν
2172 1476 2378 1529 τούτων
2403 1475 2501 1545 τὴν
2528 1474 2717 1545 ἔφοδον
2742 1475 2871 1536 τοὺς
2896 1474 3303 1544 Ῥωμαῖζοντας
3334 1474 3737 1544 προσκαλεῖται,

495 1569 589 1621 τὸν
618 1567 995 1638 βασιλεύοντα,
1022 1566 1121 1633 τῆς
1150 1565 1328 1634 φυγῆς
1357 1565 1598 1634 ἐχρῶντο
1628 1564 1944 1634 συμόόλοις,
1975 1563 2070 1616 καὶ
2171 1568 2220 1622 οἳ
2245 1568 2340 1621 καὶ
2362 1569 2436 1632 ὡς
2458 1568 2721 1638 Ῥωμαῖοι
2743 1567 2963 1632 ἑκόντες
2982 1567 3206 1630 ἄκοντές
3226 1584 3284 1620 τε
3312 1567 3618 1638 συνήργουν
3637 1570 3739 1632 τοῖς

496 1661 847 1731 ἀπεθάρρουν
878 1660 1037 1712 πλέον
1061 1657 1317 1711 ἐντεῦθεν
1346 1657 1618 1726 δραπέτου
1657 1656 1946 1725 γεγονότος
1973 1654 2067 1709 τοῦ
2171 1662 2485 1733 ἡμετέροις.
2507 1656 2618 1712 Ἦν
2646 1655 2740 1713 οὖν
2769 1659 2892 1713 τότε
2919 1660 3118 1721 οἰκεῖος
3144 1657 3223 1730 τῷ
3250 1658 3564 1726 Βαλδουτνῳ
3592 1658 3740 1730 θερά.

497 1752 591 1806 ἐπὶ
616 1752 693 1821 τῷ
725 1752 1020 1821 φυλάσσειν
1045 1751 1413 1818 τεταγμένου,
1441 1749 1539 1819 τὴν
1565 1749 1621 1804 δέ
1652 1767 1715 1817 γε
1748 1748 2069 1818 καλύπτραν
2171 1770 2288 1806 πων
2321 1754 2350 1804 ὁ
2387 1749 2570 1816 Φύλαξ
2606 1751 2902 1821 λεγόμενος
2935 1749 3224 1821 Ἰωάννης,
3264 1749 3407 1821 ἀνὴρ
3446 1749 3618 1821 βαθὺς
3651 1751 3740 1805 καὶ

497 1848 593 1900 καὶ
629 1847 690 1899 τὸ
727 1846 875 1914 ξίφος
914 1843 1276 1907 ἀναλαϐόντες
1316 1843 1571 1915 ἀπαρχὴν
1606 1843 1857 1913 αὐτάρκη
1896 1841 2070 1894 ταῦτα
2106 1895 2141 1915 n
2171 1842 2263 1896 τοῦ
2304 1846 2540 1913 φρονεῖν.
2558 1839 2618 1895 εὖ
2654 1843 2804 1913 ἥκων
2838 1843 2919 1903 είς
2953 1842 3014 1896 τὸ
3050 1843 3375 1913 ἀκρότατον,
3411 1843 3471 1905 ὃς
3507 1843 3601 1896 καὶ
3633 1841 3740 1914 βου-

497 1939 608 1992 τῶν
638 1937 781 1991 κατὰ
816 1937 972 1989 πόλιν
1001 1936 1262 2007 λαφύρων
1292 1937 1388 1988 καὶ
1422 1934 1732 2004 ἀκροθίνιον
1763 1933 2066 1988 ἐποιοῦντο.
2105 1932 2144 1949 ⁸⁷
2175 1934 2271 2003 λὴν
2303 1934 2514 1999 εἰσάγει
2539 1932 2661 1986 τότε
2696 1933 2842 2003 μάλα
2876 1933 3094 2004 καιρίαν
3127 1933 3223 1988 καὶ
3252 1932 3330 2004 τῷ
3368 1933 3552 2004 καιρῷ
3585 1935 3740 2004 πρόσ-

498 2034 609 2086 Kal
646 2030 760 2101 ἅμα
803 2032 1026 2100 σημεῖον
1061 2025 1130 2099 ἦν
1161 2032 1275 2092 τοῖς
1311 2028 1398 2081 ἐπ’
1426 2028 1624 2098 ἐκείνῳ
1663 2026 1961 2100 θαρροῦσιν
1995 2026 2072 2090 ὡς
2174 2039 2360 2093 φορον,
2380 2023 2447 2095 ἢν
2474 2023 2579 2079 κᾶν
2603 2023 2761 2086 ἄλλος
2793 2025 3036 2092 εἰσάγειν
3067 2025 3366 2094 ἀπώκνησε
3403 2024 3543 2096 πρὸς
3570 2024 3628 2078 τὸ
3654 2024 3737 2078 τοῦ

495 2126 651 2177 οὐδὲν
683 2124 892 2176 ὲκεῖῦεν
925 2121 1308 2192 ἀγαπήσαντος
1347 2120 1573 2190 φεύγειν
1608 2119 1802 2188 ἔχοιεν.
1835 2119 1991 2173 Ἐπεὶ
2027 2119 2071 2172 δ’
2176 2113 2500 2181 πράγματος
2529 2111 2776 2183 ὀλέθριον
2803 2112 3140 2184 ἀποϐλέψας.
3169 2113 3343 2179 Εἰδὼς
3368 2115 3482 2185 γὰρ
3512 2115 3740 2179 ἐκείνους

496 2217 770 2271 ἔκπυστον
798 2215 1018 2283 ἐγένετο
1046 2214 1107 2265 τὸ
1130 2212 1396 2282 πραχθὲν,
1416 2211 1596 2265 αὐτῶν
1615 2227 1676 2278 γε
1709 2209 1805 2263 καὶ
1833 2210 1913 2262 ἔτι
1942 2226 2072 2262 κατ·
2177 2202 2520 2273 μλχομένους
2540 2202 2601 2267 ἐξ
2623 2203 2869 2274 ἀνάγκης
2890 2203 2985 2257 καὶ
3006 2205 3148 2275 ὑπὲρ
3160 2205 3398 2276 δύναμιν
3423 2206 3561 2278 ὑπὲρ
3578 2223 3636 2259 τε
3656 2222 3740 2275 γυ-

494 2309 813 2380 επτηχότων
848 2290 942 2359 καὶ
982 2306 1056 2375 μὴ
1107 2304 1365 2376 καθαρῶς
1404 2304 1768 2357 πιστευόντων
1802 2302 1946 2373 ἔχειν
2004 2300 2073 2354 τὰ
2176 2295 2377 2348 ναικῶν
2405 2297 2498 2348 καὶ
2515 2298 2756 2365 γνησίων
2784 2296 2951 2349 οἴκων
2978 2314 3036 2351 τε
3056 2300 3147 2352 καὶ
3169 2300 3489 2371 περιουσίας
3505 2300 3739 2370 ἁπάσης,

495 2401 556 2454 ἐν
604 2400 759 2471 χερσὶ
804 2397 1189 2468 κρατούμενα,
1235 2396 1545 2464 ἀφικνεῖται
1588 2394 1799 2464 ταχέως
1843 2393 1934 2446 καὶ
1978 2392 2075 2446 ἰπὶ
2174 2388 2275 2457 καὶ
2305 2388 2433 2451 συὸς
2463 2386 2665 2460 τρόπον
2696 2388 3194 2460 ὲπιτεθησομένους
3225 2390 3367 2462 ὑπὲρ
3402 2391 3584 2445 αὐτῶν
3612 2390 3738 2445 ὥστε

495 2493 622 2555 τοὺς
654 2491 780 2561 περὶ
807 2492 905 2560 τὴν
934 2489 1275 2558 Δαφνουσίαν
1308 2490 1465 2557 φήμη
1495 2503 1558 2555 γε
1588 2484 1724 2540 οὖσα
1752 2484 1847 2539 xal
1877 2484 2010 2549 Θεδς
2038 2484 2072 2555 ἡ
2172 2478 2207 2549 ἢ
2240 2477 2625 2548 περιγενέσθαι
2653 2478 2685 2550 ἥ
2720 2482 2824 2548 μὴν
2852 2480 3039 2532 πεσεῖν
3066 2479 3327 2545 εὐκλεῶς.
3352 2481 3628 2545 εὖδούλως
3655 2500 3740 2553 με·

498 2584 658 2654 φήμη
677 2623 691 2647 ,
726 2582 821 2637 καὶ
850 2581 948 2652 ἅμ’
970 2582 1209 2652 ἥκουσαν
1240 2579 1764 2650 διαπεφωνήκεσαν,
1800 2576 1928 2647 περὶ
1954 2578 2073 2640 ταῖς
2174 2570 2316 2641 ρίζει
2344 2572 2444 2645 τὴν
2474 2573 2684 2643 χρείαν,
2718 2573 2812 2626 καὶ
2843 2571 2956 2646 πῦρ
2991 2574 3091 2644 μὲν
3121 2574 3383 2645 ἐμϐαλεῖν
3418 2575 3737 2642 ὑποτίθεται,

2105 1895 2144 1949 ll

496 2757 861 2812 adorirentur.
887 2753 1155 2810 Caeterum
1187 2754 1485 2823 imperator
1509 2751 1827 2825 Latinorum
1856 2753 2074 2810 Baldui-
2172 2750 2443 2821 fractique
2473 2750 2673 2806 animis
2702 2761 2830 2806 sunt
2858 2751 3085 2807 horrore
3114 2751 3457 2809 discriminis
3487 2754 3736 2819 extremi,

498 2863 601 2903 nus
634 2857 1015 2904 consternatus
1044 2848 1229 2902 audito
1262 2848 1410 2903 urbis
1441 2855 1614 2916 capta:
1641 2862 1805 2912 casu,
1836 2855 1891 2901 et
1923 2861 2071 2901 men—
2174 2843 2228 2898 in
2266 2857 2375 2913 quo
2409 2843 2615 2898 versari
2653 2828 2937 2899 carissima
2973 2844 3197 2914 pignora
3232 2844 3533 2900 liberorum
3572 2843 3741 2914 conju-

447 2939 458 2952 '
495 2941 568 2995 tis
609 2940 781 3010 impos
815 2938 1022 3005 factus,
1062 2939 1195 2994 nihil
1228 2938 1330 2994 nisi
1367 2937 1548 3009 fugam
1583 2936 1980 2996 meditabatur:
2017 2946 2074 2992 et
2174 2948 2410 3003 gumque
2447 2934 2777 2990 sentiebant.
2813 2933 2992 3001 Quare
3030 2948 3219 2990 omnes
3256 2949 3365 2989 uno
3410 2934 3610 3005 impetu
3646 2934 3740 2990 sol-

497 3031 681 3087 relicta
732 3032 880 3100 regia
927 3030 1350 3085 Blachernarum
1371 3070 1387 3096 ,
1435 3029 1678 3099 nihilque
1724 3029 1790 3084 ad
1839 3028 2067 3084 salutem
2173 3034 2344 3093 vunt,
2371 3040 2664 3081 occurrere
2694 3026 2760 3079 ad
2790 3024 3162 3082 defensionem
3195 3036 3285 3080 aut
3314 3026 3578 3081 ultionem
3610 3024 3740 3083 festi-

496 3124 608 3193 spei
647 3123 880 3194 amplius
921 3123 974 3177 in
1015 3133 1157 3177 terra
1199 3122 1554 3187 constituens,
1592 3136 1758 3177 cursu
1799 3120 2072 3178 contendit
2175 3129 2389 3174 nantes.
2426 3120 2592 3175 Aiunt
2637 3120 2864 3175 classem
2906 3118 3221 3175 Latinorum
3267 3119 3334 3174 ad
3383 3119 3736 3191 Dapbnusiam

496 3217 565 3267 ad
591 3228 843 3282 magnum
873 3212 1122 3282 palatium
1154 3232 1169 3268 :
1200 3213 1333 3268 mari
1362 3214 1506 3269 enim
1537 3213 1657 3282 plus
1688 3213 1907 3276 ﬁdebat,
1934 3221 1987 3267 et
2013 3220 2071 3267 ut
2099 3249 2142 3306 ο
2176 3210 2347 3265 fuisse
2371 3212 2587 3265 navium
2619 3210 2898 3281 longarum
2927 3212 3148 3267 circiter
3175 3213 3397 3283 triginta
3429 3211 3735 3267 uniremium

498 3314 640 3370 erat,
670 3306 871 3359 amisso
898 3304 1089 3373 capitis
1117 3304 1356 3373 tegmine
1382 3303 1700 3375 abjectoque
1725 3318 1873 3369 ense,
1900 3304 2070 3374 ipsius
2108 3302 2141 3306 “
2177 3311 2269 3357 aut
2312 3302 2637 3357 triremium.
2672 3302 2879 3370 Quibus
2918 3307 3126 3359 cunctis
3168 3313 3282 3360 toto
3318 3305 3524 3374 impetu
3563 3304 3629 3361 ad
3664 3317 3737 3358 ιη’-

499 3395 799 3465 insignibus
832 3395 1074 3466 imperii,
1112 3395 1231 3450 navi
1267 3399 1462 3464 raptim
1495 3411 1807 3453 conscensae
1839 3396 2070 3451 salutem
2176 3392 2296 3447 bem
2327 3391 2663 3459 ferebantur,
2692 3392 2921 3449 ﬁdentes
2947 3393 3110 3448 etiam
3137 3395 3387 3449 oneraria
3419 3409 3536 3464 qua:
3561 3393 3735 3450 aderat

499 3489 748 3544 credidit.
772 3487 844 3542 Ea
870 3503 1033 3557 porro
1056 3488 1141 3543 die
1165 3488 1328 3544 duces
1356 3489 1611 3544 Romanae
1635 3489 1938 3559 phalangis,
1963 3503 2071 3558 quo
2172 3498 2239 3540 ex
2266 3483 2448 3540 Sicilia
2476 3485 2733 3549 maxima,
2760 3484 3007 3557 plurimis
3031 3497 3229 3541 onusta
3254 3469 3587 3552 vectoribus,
3610 3499 3734 3556 quo-

500 3581 730 3636 militum
775 3580 951 3634 studia
994 3579 1348 3636 incenderent
1389 3581 1455 3635 ad
1500 3581 1928 3651 investigandum
1976 3595 2072 3635 ca-
2175 3592 2293 3633 rum
2328 3576 2578 3633 auxiliari
2611 3591 2772 3647 opera
2807 3593 2906 3647 pro
2938 3578 3336 3633 necessitudine
3367 3579 3586 3651 generis
3614 3592 3735 3634 usu-

500 3676 863 3745 piendumque
890 3673 1204 3728 Latinorum
1238 3674 1643 3743 imperatorem,
1673 3678 1851 3743 palam
1882 3686 2069 3729 osten-
2174 3684 2265 3724 ros
2307 3683 2365 3725 se
2403 3684 2510 3725 non
2553 3668 2872 3735 dubitabant
2913 3668 2966 3724 in
3014 3669 3221 3740 praelia,
3261 3669 3306 3725 si
3352 3671 3735 3726 decernendum

499 3766 685 3821 taruu‘t
718 3765 930 3835 imperii
966 3766 1081 3831 eius
1116 3767 1368 3836 insignia,
1404 3772 1526 3836 quae
1563 3769 1703 3836 quod
1742 3768 1794 3822 iu
1833 3768 2070 3822 hostium
2176 3764 2334 3819 foret.
2366 3761 2462 3818 His
2488 3762 2563 3817 illi
2592 3764 2790 3833 spebus
2815 3761 3038 3818 animati
3065 3762 3450 3833 procedebant.
3475 3762 3735 3820 Athsar

499 3872 687 3911 manus
718 3858 996 3913 venissent
1030 3856 1234 3928 judicio
1275 3871 1429 3913 erant
1468 3857 1670 3927 fugisse
1705 3859 1902 3928 ipsum.
1940 3857 2073 3927 Quae
2174 3855 2432 3910 infestum
2483 3869 2671 3909 eorum
2724 3854 3016 3911 adventum
3067 3855 3424 3925 prazsentiens
3477 3854 3734 3912 Romanos

499 3959 586 4000 res
619 3948 783 4000 etiam
815 3948 1031 4002 valebat
1063 3948 1129 4001 ad
1166 3950 1442 4018 augendos
1475 3946 1631 4020 15.5
1666 3948 1925 4004 Romanis
1956 3949 2076 4004 ani-
2174 3949 2263 4019 qui
2296 3950 2394 4004 sub
2424 3947 2574 4002 italis
2607 3947 2659 4001 in
2693 3947 2831 4002 urbe
2862 3948 3221 4002 constiterant
3247 3955 3535 4013 convocat,
3567 3955 3621 4002 et
3648 3945 3734 3999 ad-

500 4053 651 4104 mos,
687 4039 872 4108 utique
914 4039 1005 4109 qui
1041 4039 1289 4095 viderent
1330 4040 1454 4095 inde
1496 4056 1602 4095 non
1643 4040 1870 4096 difﬁcile
1914 4055 2075 4111 nego—
2176 4044 2409 4097 monitos
2436 4039 2662 4112 originis
2686 4040 2931 4095 volentes
2958 4040 3204 4095 nolentes
3230 4041 3411 4110 adegit
3438 4041 3505 4096 ad
3535 4048 3735 4093 nostras

501 4133 631 4184 tium
661 4141 865 4187 restare
891 4130 1229 4186 absolvenda:
1254 4129 1671 4202 expugnationis
1699 4132 1882 4195 urbis.
1910 4148 2071 4203 quam
2174 4146 2273 4202 pro
2304 4129 2443 4187 virili
2473 4129 2741 4200 juvandas
2776 4137 2976 4199 partes.
3010 4128 3170 4201 148
3198 4128 3325 4184 Erat
3359 4138 3486 4186 tunc
3516 4127 3735 4184 familia-

502 4223 544 4277 is
574 4223 659 4276 cui
690 4225 907 4293 proprie
935 4224 1280 4283 iucumbelut
1306 4239 1374 4279 ex
1408 4223 1585 4279 oﬁicio
1615 4224 1751 4278 tueri
1783 4238 1850 4279 ac
1879 4238 2075 4294 propu-
2177 4224 2253 4280 ris
2298 4222 2547 4279 Balduini
2594 4221 2843 4277 minister
2882 4219 3118 4277 Joannes
3159 4221 3365 4292 Phylax
3410 4223 3525 4278 sive
3562 4232 3734 4279 custos

500 4329 668 4384 guare
707 4315 1045 4368 deseruerat.
1086 4313 1323 4386 Tegmen
1365 4328 1496 4384 ergo
1539 4317 1745 4385 regium
1790 4316 1981 4385 capitis
2021 4327 2075 4370 et
2174 4314 2378 4379 dictus,
2431 4311 2681 4383 profundi
2734 4312 2818 4365 vir
2868 4310 3099 4380 ingenii,
3152 4312 3489 4381 solertiaque
3533 4323 3730 4367 summa

498 4422 686 4461 ensem
712 4405 1058 4475 imperatoris
1084 4404 1344 4477 fugientis
1372 4416 1627 4476 tanquam
1655 4409 1921 4475 primitias
1949 4422 2073 4475 spo-
2178 4405 2453 4474 praiditus.
2488 4404 2535 4458 ls
2563 4402 2849 4458 consilium
2877 4401 3144 4471 suggessit
3170 4412 3536 4471 opportunum
3565 4414 3618 4458 et
3644 4402 3728 4455 ta'i

502 4500 697 4553 liorum
733 4501 881 4552 urbis
912 4509 1081 4568 capta:
1111 4512 1163 4553 et
1196 4501 1432 4553 votivum
1465 4499 1754 4555 anathema
1786 4515 2073 4556 consecra-
2179 4511 2360 4551 rerum
2397 4495 2628 4549 articulo
2668 4493 3032 4555 utilissimum,
3075 4491 3341 4559 ejusmodi
3383 4503 3563 4548 tamen
3599 4494 3728 4562 quod

501 4600 629 4647 runt
660 4592 830 4659 palam
868 4592 1256 4662 appendettles,
1294 4591 1347 4646 id
1382 4607 1600 4661 quoque
1634 4594 1979 4648 consecuturi
2016 4605 2073 4647 ut
2104 4584 2149 4642 D
2178 4603 2337 4642 neruo
2384 4586 2523 4642 alius
2572 4595 2791 4655 propter
2833 4586 2950 4655 ejus
2999 4583 3357 4654 perniciosam
3405 4587 3728 4640 atrocitatem

500 4687 604 4739 isto
644 4684 953 4755 spectaculo
994 4684 1186 4738 ﬁducia
1227 4686 1404 4741 omnis
1444 4685 1755 4756 Byzantinis
1795 4695 2075 4741 excutere-
2177 4680 2529 4735 sustinuisset
2571 4692 2890 4747 proponere.
2934 4676 3296 4733 Considerans
3334 4677 3478 4732 enim
3516 4690 3611 4731 eos
3645 4673 3727 4743 qui

501 4787 611 4842 tur,
644 4779 689 4831 si
721 4791 880 4845 quam
917 4777 968 4829 in
1002 4774 1318 4830 Latinorum
1351 4777 1542 4846 opibus
1575 4788 1828 4847 tauquam
1861 4778 2072 4833 idoneis
2175 4786 2242 4826 es
2292 4769 2597 4841 Daphnusia
2649 4769 2917 4837 desperati
2965 4782 3147 4823 serum
3197 4769 3318 4824 urbi
3365 4768 3476 4838 jam
3526 4767 3732 4838 perditae

500 4870 566 4924 ad
620 4870 768 4940 ipsos
822 4868 1184 4924 defendendos
1223 4870 1579 4925 collocassent
1616 4889 1633 4926 :
1677 4871 1767 4941 qui
1809 4865 1953 4925 énim
2007 4872 2074 4924 ab
2177 4866 2436 4921 auxilium
2471 4864 2998 4940 terebanthcaritate
3028 4863 3218 4933 utique
3248 4863 3540 4918 liberorum
3571 4876 3630 4916 ac
3657 4860 3731 4914 la-

498 4961 567 5016 iis
598 4960 708 5032 jam
746 4961 853 5016 tale
888 4975 1108 5028 sperare
1142 4971 1363 5032 possent
1394 4977 1516 5017 cum
1551 4977 1738 5018 eorum
1774 4963 2073 5033 principem
2176 4960 2340 5022 rium,
2371 4958 2571 5013 ultimae
2598 4958 2792 5012 adactu
2826 4956 3168 5011 necessitatis
3198 4968 3359 5025 supra
3387 4956 3554 5018 vires,
3580 4967 3729 5022 apro-

500 5068 652 5121 spem
693 5067 803 5106 suae
847 5051 1017 5121 ipsius
1054 5050 1244 5105 salutis
1283 5049 1426 5106 ultro
1466 5051 1519 5105 in
1558 5051 1682 5120 fuga
1724 5051 2075 5106 constituisse
2177 5065 2294 5102 rum
2330 5049 2501 5102 insrar
2533 5047 2675 5101 intra
2712 5060 2894 5101 casses
2929 5045 3129 5099 frustra
3165 5044 3527 5099 frendentium
3551 5086 3567 5110 ,
3601 5044 3728 5097 fero,

500 5144 830 5199 cernerent?
869 5144 1081 5197 Accidit
1126 5154 1303 5197 autem
1349 5158 1410 5198 ea
1460 5157 1547 5199 res
1592 5152 1700 5196 tam
1748 5143 1906 5206 mira,
1950 5156 2071 5195 cum
2176 5144 2258 5197 cia
2300 5141 2430 5194 nihil
2468 5139 2568 5193 nisi
2607 5140 2658 5192 in
2694 5140 2864 5192 cladis
2896 5138 3169 5192 cumulum
3207 5153 3329 5192 cum
3364 5137 3532 5192 exitio
3567 5137 3728 5207 gentis

499 5238 715 5305 vulgata
742 5246 853 5295 est,
886 5247 945 5288 ut
977 5236 1077 5304 ipsi
1112 5234 1340 5288 Romani
1374 5235 1608 5290 victores
1638 5233 2069 5304 inepinatissima
2175 5233 2486 5303 profectura
2525 5241 2880 5300 pugnaturos,
2915 5229 3114 5299 quippe
3149 5228 3490 5284 irrevocabili
3526 5238 3729 5283 ruentes

500 5344 783 5401 successus
806 5326 1045 5382 novitate
1071 5326 1358 5396 stupefacti
1385 5330 1471 5380 vix
1498 5327 1734 5396 propriis
1759 5326 1929 5381 oculis
1954 5341 2073 5380 cre-
2177 5325 2451 5394 proposito
2485 5333 2578 5376 aut
2610 5322 2897 5387 vincendi,
2930 5322 3072 5390 quod
3110 5320 3225 5375 ﬁeri
3260 5335 3366 5374 non
3399 5329 3611 5390 posset,
3642 5326 3725 5369 aut

500 5422 710 5482 delent,
739 5436 801 5473 ac
830 5436 888 5474 se
915 5436 1032 5489 qum
1060 5420 1311 5475 manibus
1340 5421 1592 5474 tenebant
1616 5434 1760 5488 aegre
1785 5419 2074 5489 persuadc-
2174 5415 2474 5469 honoriﬁce
2505 5414 2757 5479 cadendi;
2786 5414 2974 5468 videns
3005 5414 3130 5478 hoc,
3160 5416 3403 5482 inquam,
3430 5423 3485 5467 et
3511 5407 3724 5479 sapienti

501 5523 687 5564 runtur
734 5511 1030 5578 possidere.
1079 5508 1387 5564 Perrolavit
1439 5519 1616 5564 autem
1669 5509 1955 5565 celerrime
2003 5510 2070 5564 ad
2174 5509 2402 5564 consilio
2454 5508 2754 5563 decernens
2808 5507 3134 5563 necessariis
3187 5506 3398 5563 amictae
3450 5503 3723 5575 improvisa

500 5604 720 5657 Latinos
750 5603 1111 5671 Daplmusiam
1135 5611 1510 5672 Oppugnantes
1531 5610 1703 5671 captae
1727 5602 1879 5657 urbis
1904 5600 2068 5667 fama,
2173 5600 2325 5657 clade
2358 5600 2664 5668 reipublicae
2696 5601 2880 5653 usibus
2911 5599 3028 5655 illas
3060 5599 3321 5670 reliquias
3350 5613 3583 5660 servare,
3608 5595 3725 5650 sub.

498 5711 623 5749 vere
667 5694 828 5757 fama,
868 5697 969 5749 hoc
1009 5705 1093 5749 est
1131 5694 1373 5748 divinum
1418 5710 1517 5750 nec
1558 5696 1793 5751 humano
1832 5694 2069 5749 delatum
2167 5693 2465 5765 jiciendum
2499 5708 2600 5760 per
2633 5693 2822 5747 urbem
2859 5693 3034 5763 ignem
3067 5693 3318 5750 domibus
3351 5692 3538 5748 suasit.
3569 5687 3722 5758 Cujus

499 5788 802 5840 ministerio
833 5786 1118 5852 judicium,
1152 5800 1272 5838 cum
1309 5785 1482 5841 adhuc
1516 5802 1602 5841 res
1635 5787 1789 5841 ﬁeret
1821 5787 2070 5856 dit'ulga-
2126 5808 2129 5815 ι
2174 5786 2323 5840 niirre
2368 5785 2750 5854 propositionis
2794 5787 3032 5840 rationes
3077 5788 3219 5840 hunc
3263 5784 3377 5839 fere
3422 5786 3472 5838 in
3518 5782 3718 5836 modum
3768 5778 3773 5789 ‘

499 5890 609 5934 tum
641 5879 849 5949 procul.
886 5877 964 5934 Illi
1000 5876 1160 5934 simul
1190 5878 1508 5949 audierunt,
1541 5879 1703 5937 simul
1733 5878 2067 5936 consternati
2171 5876 2539 5934 subducebat:
2575 5874 2815 5930 Flamma
2851 5876 2902 5932 in
2938 5876 3078 5932 aedes
3113 5878 3311 5939 ἱιιξοςῑιι
3346 5882 3613 5933 consumet
3635 5883 3717 5925 so-
