3952 6524
341 376 451 437 589

1294 378 1390 439 DE
1433 375 1823 439 MICIIAELE
1860 374 2316 435 PALJSOIHGO
2358 375 2500 436 LIB.
2550 374 2631 434 II.

3486 376 3591 440 590

342 508 538 545 σταται
574 491 826 545 omam
859 492 935 561 τῷ
977 492 1205 562 βασιλεῖ.
1234 494 1306 546 Τὸ
1338 492 1467 561 γοῦν
1489 493 1786 556 διυπνίζειν
1804 491 1920 560 ἅμα
1952 497 1995 550 Α
2024 491 2101 559 τῷ
2132 492 2251 561 ἦθει
2281 494 2525 561 ἐμφανὴς
2544 488 2610 562 ἦν
2650 491 2718 545 τα
2749 491 2871 546 καθ’
2904 492 3096 564 ἡδονὴν
3128 491 3347 565 ἐροῦσα,
3379 496 3439 547 οὐ
3483 496 3590 566 μὴν

340 584 436 635 καὶ
454 583 634 649 λέγειν
657 582 913 651 τοιαύτην
943 584 1203 651 ἀγγελίαν
1226 583 1324 635 οὐκ
1353 583 1663 651 ἐδοκίμαζε,
1691 583 1763 651 μή
1799 596 1917 643 πως

339 677 437 729 καὶ
470 676 636 729 πάθοι
658 694 710 729 τι
740 676 992 745 ἐξαίφνης
1027 676 1119 728 καὶ
1152 676 1301 745 παρὰ
1324 676 1648 744 προσδοκίαν
1679 672 1918 736 ἀκούσας

339 769 458 838 ἅμα
495 769 574 837 τῷ
605 769 695 820 τὸν
730 769 897 821 ὕπνον
925 768 1228 832 διολισθεῖν,
1264 769 1422 834 σοφόν
1449 786 1502 820 τι
1536 768 1627 821 καὶ
1676 766 1735 819 ού
1780 766 1917 818 κατα

336 864 605 927 γυναῖκας
642 860 889 914 ποιοῦσα.
918 860 1022 912 Τοῦ
1046 867 1150 929 γὰρ
1178 860 1421 927 ἐμφύτου
1450 860 1754 928 πνεύματος
1781 861 1919 927 μετᾶ

336 957 441 1021 τὴν
474 954 681 1023 τροφὴν
713 956 840 1020 περὶ
876 953 973 1023 τὴν
1010 953 1172 1021 πζψιν
1203 952 1602 1020 ἀσχολουμένου
1639 953 1732 1003 καὶ
1769 950 1918 1012 ἐντὸς

338 1044 683 1107 είσδύνοντος
719 1046 928 1114 ἀνάγκη
970 1045 1065 1106 τὰς
1098 1044 1380 1111 αἰσθήσεις
1408 1042 1438 1111 ἦ
1480 1043 1668 1111 ἀργεῖν
1700 1041 1920 1094 ὑπνούν-

336 1137 514 1205 τωνῆ
556 1138 764 1189 ἀτονεῖν
800 1134 1229 1207 γρηγορούντων.
1283 1134 1356 1202 μὴ
1421 1133 1602 1202 σφίσιν
1660 1131 1920 1185 ἐπιπολά-

340 1229 548 1291 ζοντος,
608 1225 725 1280 εἶτα
766 1226 867 1279 κάν
924 1245 975 1279 τι
1031 1228 1155 1297 περὶ
1186 1227 1253 1277 τὰ
1293 1224 1525 1292 αἰσθητά
1577 1224 1817 1293 συμῖαίη
1846 1224 1919 1291 μὴ

339 1318 715 1379 καταστάντος
744 1319 881 1371 κατά
936 1318 1117 1387 χώραν
1172 1316 1531 1388 [ύπνούντων]
1590 1314 1682 1368 καί
1724 1332 1775 1367 τι
1829 1317 1920 1367 καὶ

340 1410 483 1478 πρὸς
514 1410 797 1478 ἀντίληψιν
825 1408 1283 1479 προσόιάζωνται,
1336 1410 1383 1459 εί
1434 1408 1530 1476 μὲν
1566 1407 1765 1477 ὁμαλὸν
1824 1406 1920 1458 καὶ

339 1503 453 1555 τῶν
510 1502 754 1571 συνήθων
801 1503 916 1553 ἐστὶ
965 1501 1026 1552 τὸ
1092 1500 1660 1569 ἀντιλαμϐανόμενον,
1724 1498 1921 1567 αἴφνης

341 1595 687 1657 ἀκούςαντας
706 1594 1284 1664 κατερρᾳθυμημὲνως
1318 1593 1633 1662 προσέσθαι,
1661 1594 1708 1644 εί
1727 1592 1769 1643 δ’
1791 1594 1921 1659 ἀτη-

342 1686 439 1755 ρον
472 1685 647 1747 ἄλλως
687 1684 720 1754 ἢ
750 1685 1055 1753 τοθμπαλιν
1085 1686 1273 1755 χαρίεν
1309 1686 1405 1737 καὶ
1447 1684 1554 1736 τῶν
1615 1683 1919 1753 ἀσυνήθων,

344 1772 424 1845 μὴ
455 1774 655 1838 ἱκανῶς
693 1776 772 1827 ἔτι
806 1776 937 1843 πρὸς
973 1774 1254 1843 ἀντίληψιν
1298 1772 1526 1842 ἐχούσας
1575 1772 1917 1841 θορυὸεῖσῠαι

341 1868 443 1920 καὶ
473 1870 537 1935 τῇ
576 1868 720 1937 ψυχῇ
758 1867 960 1928 εὐθέως
1012 1866 1455 1935 τεθορυϐημένας
1508 1864 1918 1934 προσπαιούσας

339 1956 1071 2027 ἔκπληξινςάπεργάζεσθαι.
1113 1956 1247 2008 Τότε
1271 1956 1447 2008 τοίνυν
1475 1955 1658 2024 ἐκείνη
1688 1956 1785 2023 τῇς
1826 1954 1919 2008 τοῦ

344 2049 619 2117 βασιλέως
652 2048 950 2117 ἀσφαλείας
981 2050 1079 2118 οὐχ
1116 2042 1278 2118 ἦττον
1313 2047 1344 2116 ἢ
1370 2047 1462 2100 τού
1500 2048 1564 2099 τὰ
1588 2046 1718 2117 ἡδέα
1746 2046 1923 2114 λέγειν

345 2142 627 2211 προῦνὸει,
677 2142 769 2195 καὶ
802 2140 921 2193 κατ’
979 2139 1159 2208 ὀλίγον
1210 2141 1509 2209 γρήγορσιν
1561 2136 1920 2207 ἀνελάμόανε.

342 2232 475 2287 Τῶν
531 2235 641 2302 γὰρ
702 2233 796 2286 τοῦ
850 2233 1006 2295 ποδὸς
1058 2232 1337 2285 δακτύλων
1363 2232 1452 2283 τὸν
1480 2230 1734 2301 μέγιστον
1758 2246 1922 2283 κατα-

344 2324 556 2396 σχοῦσα
591 2324 824 2395 μετρίως
857 2324 1039 2387 ἐπίεζε
1078 2326 1193 2386 τοῖς
1242 2322 1525 2385 δακτύλοις
1582 2321 1657 2385 ὡς
1705 2322 1925 2391 ὁμαλῶς

338 2417 721 2481 δωπνίσουσα,
780 2417 872 2469 καὶ
925 2415 1167 2480 διὺπνιξε
1232 2414 1573 2487 παραυτίκα.
1616 2414 1727 2469 Καὶ
1764 2415 1822 2477 ὃς
1857 2416 1921 2485 τῇ

343 2510 562 2577 μοναχῇ
622 2506 810 2560 ἐνιδὼν
872 2507 1157 2579 ἱσταμένη,
1217 2506 1245 2560 ὅ
1288 2525 1339 2560 τι
1396 2506 1642 2559 παθοῦσα
1695 2505 1924 2573 πράττει

338 2598 578 2653 τοιαῦτα
604 2597 1003 2652 διεπυνθάνετο.
1053 2599 1119 2651 'II
1145 2598 1200 2651 δὲ
1225 2598 1420 2668 γέλωτι
1452 2598 1551 2670 μὲν
1583 2598 1675 2649 καὶ
1699 2597 1923 2668 χαροπῷ

343 2779 495 2847 perit
532 2777 891 2835 dormientem
950 2777 1364 2847 imperatorem;
1406 2777 1541 2830 etin
1593 2784 1743 2829 tanta
1802 2776 1920 2829 liet'l

346 2881 464 2924 tam
498 2872 747 2939 expetita:
774 2871 851 2925 rei
903 2870 1013 2925 cito
1058 2871 1354 2925 indicanda:
1403 2870 1679 2939 prurigine
1734 2868 1926 2922 mulie-

342 2964 505 3017 brem
555 2963 901 3033 cupiditatem
966 2963 1227 3032 sapientia
1286 2962 1477 3030 majori
1548 2964 1598 3016 in
1659 2971 1927 3030 potestate

344 3054 567 3120 habuit,
599 3056 870 3108 moderata
906 3055 1029 3120 sibi,
1074 3069 1139 3108 ne
1170 3054 1320 3113 fratri
1359 3070 1388 3108 e
1441 3070 1635 3109 somno
1690 3055 1926 3109 excitato

346 3157 562 3201 tantam
621 3146 802 3200 subito
837 3145 1074 3200 laetitiam
1129 3146 1412 3215 objiceret,
1473 3163 1577 3217 qua
1629 3146 1994 3242 periclitaric

345 3238 608 3291 valetudo
635 3238 754 3310 ejus
779 3245 980 3306 posset.
1009 3238 1237 3292 extremi
1278 3238 1457 3304 gaudii
1512 3238 1928 3292 vehementissi-

349 3347 507 3384 mum
536 3346 600 3384 ex
629 3330 906 3397 inopinato
937 3328 1219 3398 appulsum
1273 3329 1364 3382 tali
1407 3329 1635 3383 articulo
1668 3329 1808 3383 haud
1846 3329 1927 3382 iu-

348 3422 521 3477 noxie
566 3421 817 3476 fortassis
863 3430 1155 3489 excepturo
1195 3421 1507 3475 semisomni
1558 3436 1805 3489 corpore,
1856 3422 1928 3475 si-

346 3516 575 3584 quidem
608 3514 836 3566 naturali
890 3514 1083 3581 spiritu
1132 3521 1252 3579 post
1314 3514 1492 3567 cibum
1548 3525 1817 3583 sumptum
1872 3514 1926 3566 in

350 3606 478 3673 eius
507 3605 855 3660 concoctione
889 3612 1175 3672 occupatu,
1228 3615 1281 3658 et
1312 3605 1461 3658 intus
1515 3620 1578 3659 ea
1628 3620 1789 3661 causa
1844 3622 1927 3659 re.

351 3708 554 3758 tracto,
584 3712 805 3751 necesse
845 3706 926 3750 est
988 3712 1183 3751 sensus
1230 3706 1323 3751 aut
1374 3697 1530 3764 plane
1582 3697 1742 3751 otiari
1802 3700 1927 3751 dor-

347 3790 657 3854 mientium,
686 3800 777 3843 aut
809 3804 996 3843 recens
1029 3789 1389 3843 excitaturum
1453 3789 1728 3859 languere,
1767 3790 1925 3857 ecpia

350 3882 604 3934 videlicet
656 3882 969 3945 spirituum,
1019 3896 1247 3948 quorum
1276 3880 1471 3933 adluxit
1535 3881 1740 3950 vigent,
1797 3889 1925 3933 tunc

349 3976 535 4030 adhuc
578 3974 702 4027 alibi
731 3974 968 4029 detenta.
1015 3972 1196 4039 Quare
1228 3974 1298 4039 si,
1350 3974 1492 4043 quod
1546 3973 1598 4027 in
1655 3981 1925 4027 momento

347 4082 465 4137 quo
496 4066 617 4134 quis
647 4064 1037 4133 expergiscitur
1078 4072 1256 4118 movet
1298 4064 1561 4128 sensum,
1594 4064 1715 4117 lene
1763 4063 1925 4117 fuerit

341 4168 413 4213 et
438 4158 676 4219 solitum,
704 4156 1029 4225 percipietur
1056 4156 1175 4210 sine
1226 4171 1386 4219 noxa,
1442 4156 1696 4210 mediocri
1747 4166 1923 4210 atten—

347 4251 525 4311 tione,
554 4257 607 4302 et
637 4249 810 4318 qualis
863 4257 947 4301 est
985 4248 1403 4301 ludibundorum
1461 4258 1515 4302 et
1564 4246 1709 4300 aliud
1759 4262 1925 4318 agen-

347 4340 516 4401 tium,
554 4338 619 4391 ad
678 4339 727 4391 id
769 4338 1088 4393 suﬂieiente.
1132 4331 1312 4391 ’Purro
1366 4338 1429 4389 ad
1482 4337 1621 4391 hanc
1670 4337 1805 4391 satis
1848 4337 1929 4389 iu-

344 4438 561 4482 structa
589 4426 814 4482 facultas
837 4438 942 4494 est,
977 4438 1249 4498 utcunque
1307 4429 1449 4482 intro
1478 4430 1650 4483 adhuc
1681 4438 1926 4482 teneatur

2018 582 2062 635 δ’
2102 583 2163 635 ὲκ
2196 583 2289 635 τού
2321 585 2634 655 παραυτίκα
2656 585 2723 639 τὰ
2749 585 2888 639 κατά
2912 586 3037 639 νοῦν
3057 586 3369 656 ὲξήγγεὶλε.
3399 588 3590 658 μέχρις

2020 673 2087 725 ἄν
2111 673 2413 743 κατασταίη
2446 674 2586 726 κατᾶ
2620 675 2678 727 τὸ
2704 675 2849 738 εἰκὸς
2888 675 2947 727 τὸ
2992 675 3249 745 φρονοῦν.
3323 677 3477 732 Ἐπεὶ
3535 678 3590 729 δὲ

2021 766 2315 819 καθίστατο
2356 768 2446 819 καὶ
2507 762 2661 830 αὖθις
2698 768 2885 837 ἠρώτα
2924 769 3110 839 μαθεῖν
3152 769 3471 839 γλιχόμενος
3532 771 3592 822 τὸ

2019 857 2265 927 ήδυνοῦν,
2297 860 2369 921 ὡς
2402 860 2640 922 ὑπενόει,
2682 860 2803 912 τότε
2836 862 3143 930 προσετίθει
3175 863 3243 913 τὰ
3270 862 3589 927 εὐαγγέλια.

2019 950 2093 1011 ὡς
2126 952 2160 1019 ἦ
2187 968 2243 1005 τε
2277 951 2429 1013 πόλις
2450 951 2600 1021 ἁλῴη
2623 954 2648 1005 ὅ
2672 969 2728 1003 τε
2752 954 2968 1018 Καῖσαρ
3000 955 3136 1019 μετά
3178 953 3268 1007 τοῦ
3322 953 3591 1006 Σκυθικοῦ

2022 1043 2169 1103 ἐντὸς
2221 1043 2411 1112 ἀνέδην
2440 1042 2636 1110 διάγοι,
2669 1044 2754 1114 |P.
2788 1043 2876 1115 98]
2906 1048 2994 1097 καὶ
3021 1045 3095 1107 ὼς
3130 1046 3420 1113 εὐαγγέλια
3448 1047 3591 1097 ἐκεῖ·

2022 1131 2113 1184 θεν
2146 1132 2391 1202 ἥκοντος,
2430 1134 2523 1186 ἐπὶ
2568 1133 2778 1196 τούτοις
2837 1136 3249 1205 ίσχνριζομένου
3299 1136 3365 1189 τὰ
3432 1136 3591 1205 μάλι-

2022 1238 2122 1276 στα
2180 1222 2256 1285 ὡς
2314 1225 2431 1276 ἐκεῖ
2491 1226 2886 1291 πραττομένων
2948 1228 3237 1293 παρόντος.
3310 1228 3462 1280 Ἐπεὶ
3535 1226 3593 1280 δὲ

2021 1311 2115 1363 καὶ
2155 1310 2201 1362 εί
2232 1311 2562 1381 ἀποσταλείη
2610 1314 2760 1381 παρά
2827 1313 2918 1365 τοῦ
2976 1314 3249 1383 Καίσαρος
3289 1308 3443 1375 οὗτος
3502 1316 3589 1368 ἀνο

2022 1398 2369 1462 επυνθάνετο,
2425 1403 2455 1468 ἡ
2499 1400 2553 1453 δὲ
2596 1402 2697 1455 οὐκ
2747 1404 2945 1455 είδέναι
2993 1404 3091 1473 μὲν
3142 1405 3400 1470 ἔφασκεν,
3444 1406 3593 1474 ὅμως

2021 1491 2183 1544 αὐτὸν
2234 1493 2473 1560 παρόντα
2530 1494 2777 1564 αὐτάρκη
2834 1490 2974 1547 εἶναι
3034 1495 3470 1566 ἀποκρινεῖσθαι.
3537 1496 3594 1549 '0

2024 1584 2205 1653 μέντοι
2236 1601 2297 1650 γε
2331 1586 2583 1655 βασιλεὺς
2618 1588 2815 1640 ὲννοῗλν
2855 1588 2953 1657 μὲν
2991 1590 3085 1641 καὶ
3120 1588 3180 1641 τὸ
3210 1588 3302 1641 τοῦ
3338 1589 3594 1657 πράγμαο

2020 1694 2111 1740 τος
2140 1677 2288 1743 ξένον
2321 1679 2414 1731 καὶ
2446 1677 2508 1748 δὴ
2544 1679 2637 1732 καὶ
2664 1680 2739 1743 ὠς
2793 1681 2892 1733 οὐκ
2935 1682 3255 1736 ἀποστὲλλοι
3300 1683 3328 1734 ὀ
3383 1684 3594 1750 Καῖσαρ

2023 1770 2116 1822 ἐπὶ
2185 1770 2413 1835 τούτοις,
2474 1773 2669 1826 ἐννοῶν
2719 1774 2775 1827 δὲ
2825 1773 2920 1826 καὶ
2987 1775 3048 1827 τὸ
3108 1774 3216 1828 τῶν
3242 1774 3594 1845 ὲφεπομένων

2027 1860 2227 1929 πλῆθος
2252 1862 2326 1924 ὡς
2351 1863 2569 1916 ἔλαττον
2590 1862 2647 1918 δν
2679 1865 2710 1934 ἢ
2745 1864 2935 1918 ταῦτα·
2964 1865 3241 1935 πράττειν,
3292 1866 3387 1920 καὶ
3426 1867 3499 1926 ὼς
3548 1868 3595 1917 εί

2026 1950 2451 2022 βουληθείη,οὑκ
2489 1954 2554 2008 ἂν
2584 1954 2844 2025 ⁴ἠδυνήθη,
2873 1957 2978 2009 οὐδ’
3015 1958 3153 2021 ὅλως
3208 1961 3320 2022 τοῖς
3377 1957 3591 2026 λεγομέ·

2023 2057 2132 2101 νοις
2168 2042 2358 2094 ἐαυτδν
2388 2043 2582 2098 ἐδίδου.
2610 2044 2693 2097 Τὰ
2725 2046 2779 2097 δὲ
2812 2045 2976 2117 χλεύη
3002 2049 3091 2100 καὶ
3134 2048 3295 2100 πάλιν
3325 2043 3487 2105 εἶναι.
3522 2050 3596 2118 μὴ

2024 2133 2116 2184 καὶ
2147 2131 2436 2204 ἀϐέλτερος
2468 2134 2552 2205 εἴη
2586 2136 2615 2188 δ
2659 2136 2830 2189 ταῦτα
2878 2137 3360 2207 συσκευαζόμενος.
3427 2142 3595 2203 Αὐτὸς

2024 2222 2116 2276 οὖν
2155 2222 2294 2291 ἔγνω
2324 2224 2555 2287 καθίσας
2591 2225 2856 2297 διερωτᾷν
2895 2230 2989 2279 τὸν
3018 2228 3247 2298 ἥκοντα,
3277 2230 3338 2282 οὐ
3370 2228 3446 2298 τῷ
3487 2234 3595 2293 τοῖς

2029 2316 2419 2387 ῥηθησομένοις
2444 2317 2502 2381 ἐξ
2529 2318 2747 2388 ἑτοίμου
2793 2319 3075 2389 θήσεσθαι,
3104 2321 3183 2392 τῷ
3241 2321 3297 2374 δὲ
3355 2322 3596 2390 νομίζειν

2025 2410 2231 2462 ἐκεῖνον
2284 2411 2362 2472 εἰς
2439 2408 2605 2478 φόόον
2660 2412 3003 2467 καταστάντα
3052 2412 3329 2489 βασιλικὸν
3389 2414 3595 2488 τάληθῆ

2023 2501 2215 2565 λέξειν,
2234 2500 2462 2570 τάληθὲς
2476 2501 2707 2565 ἐλπίζων
2731 2502 3011 2557 πυθέσθαι.
3032 2503 3295 2575 Εξσήγετο
3310 2504 3483 2559 τοίνυν
3501 2505 3596 2558 τοῦ

2026 2591 2289 2662 βασιλέως
2321 2595 2744 2664 προστάξαντος,
2779 2595 2873 2649 καὶ
2908 2596 3257 2666 ἐρωτώμενος
3284 2596 3459 2667 ἔλεγε,
3503 2602 3597 2656 καὶ

2026 2773 2326 2836 admirans,
2358 2772 2519 2826 satin‘
2544 2787 2677 2827 sana
2706 2783 2759 2827 et
2792 2788 3050 2843 quorsum
3091 2773 3163 2829 ibi
3205 2782 3350 2830 esset
3402 2774 3597 2844 quidve

2027 2876 2234 2934 ageret.
2304 2865 2394 2919 Illa
2430 2865 2591 2919 hilari
2640 2866 2887 2921 arridens
2932 2867 3081 2920 vultu
3140 2866 3273 2919 satis
3320 2865 3434 2933 ipsa
3487 2868 3597 2920 oris

2026 2957 2329 3011 renidentia
2372 2957 2713 3011 monstrabat
2754 2972 3022 3026 prospera:
3072 2973 3130 3012 se
3167 2956 3242 3013 rei
3291 2958 3481 3011 adesse
3515 2957 3595 3009 in~

2026 3048 2221 3105 dicem.
2250 3047 2497 3103 Nondum
2526 3059 2702 3104 tamen
2730 3048 2857 3118 quid
2888 3050 3104 3104 alterm
3132 3050 3401 3119 exposuit,
3426 3052 3594 3104 otium

2028 3138 2276 3209 pratbeus
2322 3141 2572 3194 sensibus
2628 3139 2935 3194 excutiendi
3002 3143 3236 3209 torporis
3291 3142 3597 3211 vigorisque

2031 3234 2359 3288 resumeudi.
2394 3233 2532 3286 Tum
2564 3230 2651 3286 ubi
2688 3234 2823 3288 satis
2849 3234 3006 3302 spatii
3051 3234 3233 3287 datum
3281 3234 3598 3304 ιιηιυταξίιις

2028 3324 2232 3380 dicavit
2257 3325 2323 3380 ad
2350 3325 2811 3394 restituendamjn
2833 3333 3029 3379 statum
3056 3337 3476 3382 consentaneum
3511 3330 3593 3381 in-

2028 3417 2302 3486 telligendi
2336 3416 2667 3482 facultatem,
2695 3418 2887 3486 cupide
2940 3418 3197 3489 flagitanti
3245 3420 3487 3490 Augusto
3532 3438 3598 3476 tto

2029 3510 2232 3564 diutius
2272 3518 2477 3563 taceret
2524 3511 2665 3579 quod
2702 3510 2856 3567 dulce
2904 3511 3091 3567 auditu
3142 3514 3452 3569 nuntiatura
3504 3530 3597 3569 ve-

2032 3606 2221 3667 nisset,
2257 3603 2474 3657 tandem
2525 3605 2777 3673 exposuit
2821 3614 3035 3673 captam
3087 3607 3257 3660 teneri
3306 3609 3490 3660 urbem
3546 3618 3599 3663 et

2026 3696 2298 3751 (lassaretur
2334 3696 2474 3749 intra
2524 3711 2643 3750 eam
2675 3710 2865 3755 secure
2923 3711 3042 3751 cum
3103 3698 3373 3769 Seytltiris
3422 3701 3597 3768 copiis

2029 3789 2245 3855 degere.
2298 3788 2352 3842 Id
2408 3798 2558 3842 certo
2593 3788 2722 3841 sciri
2770 3802 2834 3841 ex
2895 3789 3117 3843 oculato
3171 3802 3325 3853 teste,
3382 3793 3598 3845 homimt

2030 3879 2154 3932 inde
2184 3894 2393 3933 summa
2429 3878 2701 3933 celeritate
2749 3879 3015 3948 profecto,
3048 3882 3598 3952 constantissimequo

2030 3968 2334 4023 aﬂirmante
2389 3984 2509 4024 sese
2563 3968 2873 4024 interfuisse
2918 3970 3044 4025 dum
3098 3987 3187 4027 res
3234 3985 3513 4042 gereretur
3544 3984 3597 4029 et

2028 4068 2232 4129 gestam
2258 4060 2475 4115 vidisse.
2504 4060 2882 4129 [interrogante
2897 4077 3026 4117 vero
3047 4062 3371 4132 imperatore
3397 4064 3595 4131 ecquid

2030 4151 2117 4204 ille
2148 4152 2349 4207 missus
2377 4166 2407 4205 a
2430 4151 2647 4207 Caesare
2681 4153 2942 4219 venisset,
2977 4154 3064 4208 illa
3100 4170 3158 4210 se
3181 4156 3391 4211 nescire
3420 4158 3594 4214 dixit:

2030 4251 2284 4297 cazterum
2347 4243 2538 4298 adesse
2592 4243 2864 4298 hominem
2921 4254 2976 4300 et
3040 4245 3358 4317 interrogari
3416 4262 3594 4317 posse,

2028 4334 2226 4403 quippe
2287 4333 2541 4389 idoneum
2598 4335 2888 4391 reddendae
2938 4336 3025 4392 sui
3080 4339 3301 4394 rationi.
3353 4338 3596 4397 Prudens

2030 4426 2325 4494 imperator
2361 4438 2621 4495 reputans
2646 4444 2805 4497 quam
2859 4445 2995 4485 nova
3046 4441 3101 4486 et
3153 4431 3427 4500 inopinata
3464 4449 3595 4487 nar-

346 4534 485 4588 pars
516 4519 686 4587 major
706 4520 1011 4589 spirituum.
1038 4516 1132 4571 Sin
1157 4534 1281 4572 vero
1308 4518 1637 4587 inopinatum
1667 4520 1920 4588 quiddam
1949 4520 2002 4581 Ι)
2033 4528 2245 4573 raretur
2286 4534 2393 4581 res,
2425 4520 2493 4574 de
2522 4534 2626 4589 qua
2664 4520 2886 4576 nuntius
2912 4537 2940 4575 a
2974 4523 3209 4589 Caesare,
3244 4525 3335 4594 qui
3364 4526 3596 4595 gessisse

346 4620 413 4663 et
446 4626 695 4679 magnqu
726 4610 1036 4679 objiciatur,
1070 4614 1120 4663 in
1159 4610 1421 4662 utrumvis
1458 4609 1581 4663 mali
1632 4619 1725 4662 aut
1772 4609 1921 4671 boui,

347 4701 560 4755 doloris
615 4710 710 4754 aut
759 4702 937 4771 gaudii
1001 4711 1302 4755 extremum
1375 4699 1687 4764 excedens,
1747 4701 1928 4755 turbat

347 4794 594 4848 animum
626 4794 1033 4857 vehementius,
1072 4802 1125 4847 et
1153 4808 1275 4845 eum
1337 4794 1527 4859 raptim
1580 4792 1811 4846 incitans
1861 4791 1927 4845 ad

346 4886 649 4956 exigendas
681 4901 712 4940 e
746 4886 1022 4947 sensibus,
1066 4892 1212 4948 tunc,
1271 4894 1327 4936 ut
1360 4883 1560 4936 dictum
1614 4891 1715 4946 est,
1765 4882 1925 4951 spiri-

349 4990 510 5033 tuum
550 4980 790 5033 absentia
822 4978 1136 5040 debilitatis,
1196 4990 1349 5030 acres
1385 4975 1749 5043 operationes,
1783 4976 1928 5028 laedit

347 5086 451 5125 eos
490 5080 543 5123 ct
576 5071 935 5123 valetudinem
992 5069 1311 5135 corrumpit,
1372 5065 1526 5135 151
1584 5080 1807 5135 corpore
1845 5066 1931 5120 in-

349 5165 571 5215 terdum
625 5161 677 5213 itt
718 5161 1012 5226 deliquium
1069 5168 1123 5212 ct
1176 5169 1475 5230 symptuma
1517 5158 1788 5211 sonticum
1842 5169 1926 5209 re-

347 5256 536 5308 dacto.
573 5251 697 5306 llaec
732 5252 1004 5321 sapienter
1041 5263 1170 5305 tunc
1201 5262 1455 5318 reputans
1489 5250 1712 5319 Eulogia
1749 5248 1926 5303 instil-

352 5346 471 5398 lare
510 5345 763 5411 gaudium
818 5358 982 5411 quam
1038 5338 1428 5407 superfundere
1484 5338 1639 5391 fratri
1699 5336 1923 5400 maluit;

349 5453 454 5490 nec
490 5437 736 5489 nuntium
808 5433 1171 5488 felicissimum
1204 5433 1305 5486 nisi
1359 5430 1675 5501 prmparatis
1720 5430 1925 5483 idonee

350 5527 725 5594 suspensionis
761 5542 909 5579 mora
931 5524 1353 5593 espergiscentis
1378 5524 1595 5576 auribus
1627 5521 1921 5576 commisit.

349 5618 600 5673 Primum
634 5621 887 5673 vellicato
922 5618 1073 5687 pedis
1121 5617 1351 5669 articulo
1386 5614 1572 5682 majori
1614 5615 1771 5682 sopiti
1813 5614 1924 5666 fra-

352 5710 454 5763 tris
488 5725 735 5763 somnum
767 5709 1030 5763 excussit.
1061 5709 1302 5777 Cumque
1330 5709 1375 5763 is
1404 5708 1575 5764 oculis
1607 5711 1805 5778 apertis
1834 5723 1922 5761 so-

352 5802 460 5856 lattt
489 5816 555 5856 eo
584 5805 706 5857 loco
744 5817 808 5857 ac
838 5816 1077 5873 tempore
1103 5817 1342 5857 sororem
1387 5804 1627 5868 vidisset,
1676 5804 1921 5871 quaasivit

2029 4609 2334 4674 dicebatur,
2368 4610 2547 4665 nullus
2593 4622 2904 4680 appareret,
2956 4630 3166 4669 memor
3194 4615 3357 4669 etiam
3411 4617 3595 4684 pauci-

2033 4701 2159 4755 tatis
2206 4701 2492 4769 copiarum
2542 4716 2665 4755 cum
2701 4700 2913 4758 Caesare
2955 4703 3321 4773 profectarum
3368 4681 3491 4760 talis
3530 4681 3599 4760 [ut

2031 4802 2235 4845 tantam
2269 4791 2458 4846 urbem
2508 4807 2803 4863 occupasse
2845 4796 3009 4849 etiam
3060 4797 3205 4850 ultro
3254 4798 3371 4850 sine
3416 4807 3596 4853 certa-

2029 4887 2174 4939 mine
2226 4896 2494 4953 apertam,
2544 4885 2630 4940 vel
2682 4886 2730 4939 si
2778 4887 3081 4942 voluissent
3130 4889 3385 4955 maxime,
3454 4890 3593 4943 haud

2029 4977 2269 5044 potuisse
2327 4977 2664 5044 viderentur,
2694 4980 2948 5033 sustinuit
2981 4994 3262 5036 assensum
3303 4995 3399 5035 nec
3438 4982 3594 5035 tidem

2028 5067 2272 5122 adhibuit
2302 5069 2514 5132 nuntio,
2547 5069 2703 5140 152
2745 5071 3051 5139 suspicatus
3079 5072 3208 5140 quin
3241 5073 3405 5126 etiam
3442 5071 3595 5129 illudi

2028 5158 2131 5211 sibi
2162 5159 2229 5213 ab
2252 5158 2472 5213 homine
2492 5157 2722 5214 fortasse
2751 5160 2979 5215 nimium
3007 5161 3237 5230 simplici
3290 5170 3387 5215 aut
3408 5161 3593 5230 plano,

2026 5250 2117 5319 qui
2154 5252 2267 5305 haec
2300 5260 2476 5305 astute
2506 5258 2599 5305 aut
2628 5253 2791 5306 stulte
2824 5254 3170 5307 confinxerit.
3204 5251 3457 5307 Decrevit
3485 5254 3589 5323 igi-

2030 5354 2117 5396 tur
2142 5342 2257 5412 ipse
2288 5357 2385 5412 per
2412 5342 2581 5397 otium
2615 5358 2736 5397 eum
2769 5343 3127 5413 interrogare,
3172 5357 3400 5413 sperans
3441 5346 3598 5414 agni-

2032 5442 2208 5485 turum
2240 5446 2305 5486 ex
2350 5430 2470 5500 ejus
2518 5433 2791 5502 responsis
2839 5433 2965 5502 quid
3020 5433 3073 5487 iu
3132 5448 3191 5487 re
3239 5443 3432 5489 esset:
3468 5450 3591 5489 nam

2029 5533 2169 5578 ructu
2202 5522 2490 5593 praesentis
2535 5524 2835 5594 majestatis
2881 5525 3305 5591 simulationem,
3352 5527 3398 5580 si
3431 5542 3592 5598 quam

2026 5616 2386 5681 adhibuisset,
2448 5614 2550 5684 ipsi
2629 5616 3029 5679 excutiendam,
3092 5616 3469 5689 lassor-umque
3525 5633 3592 5673 ex

2026 5723 2154 5761 vero
2204 5718 2417 5762 cuncta.
2470 5706 2625 5760 Tune
2680 5708 2842 5775 igitur
2905 5709 2969 5762 ad
3013 5709 3395 5778 imperatorem
3438 5710 3592 5780 jussu

2026 5800 2195 5870 ipsius
2224 5800 2561 5855 introductus
2594 5815 2785 5855 cursor
2812 5813 2919 5867 est,
2957 5810 3010 5857 et
3043 5802 3110 5858 ab
3134 5817 3200 5860 eo
3225 5802 3592 5870 interrogatus
