3926 6524
554 436 656 504 Πίῡ

1768 444 2086 506 GEORGli
2120 442 2605 506 PACHYMERZE

3676 440 3770 506 596

548 554 630 622 τῷ
671 550 941 623 Ἀϐραάμ,
973 551 1048 613 ὡς
1078 550 1275 605 αὐτίκα
1326 551 1422 622 τῆς
1448 550 1728 623 Αἰγύπτου
1763 554 2121 624 ἀπαλλαγεῖσι
2151 559 2195 616 Α
2228 571 2399 618 σεται,
2432 556 2584 609 πόλιν
2611 552 2735 608 ἀντί
2762 551 3052 624 πολιχνίων
3082 550 3441 623 αἰρουμένων.
3496 548 3594 624 τὴν
3617 550 3773 623 δνομα

550 639 875 713 ληψομένοις
911 643 1148 711 ἐκείνην,
1178 644 1206 697 ό
1230 644 1286 698 δι
1310 643 1531 699 ἐκείνων
1562 642 1661 715 μὲν
1689 645 1782 700 ἐπὶ
1834 648 1934 716 τῆς
1987 647 2115 720 ἐρή-

553 751 658 804 μου
687 736 873 787 πεσεῖν
900 735 968 788 τὰ
995 733 1131 789 ὀστᾶ
1159 735 1559 805 παρεσκεύασε,
1592 739 1702 801 τοῖς
1727 738 1772 793 δ’
1805 738 1944 793 υἱέσι
1972 739 2112 810 πλη-

553 829 639 896 ροῖ
665 828 765 894 τὴν
812 826 1168 895 ἐπαγγελίαν.
1201 828 1295 881 καί
1323 828 1383 881 οὐ
1424 826 1671 882 διέπεσεν
1715 830 1749 897 ἡ
1800 828 2113 899 ὑπόσχεσις.

550 909 707 969 οὕτω
730 915 962 978 δικαίοις
990 917 1205 987 μέτροις
1232 917 1326 971 καὶ
1349 918 1609 987 σταθμοῖς
1639 920 1697 974 αἰ
1731 918 1871 974 Θεῖαι
1889 921 2116 991 πράξεις

549 1004 978 1077 οἰκονομοῦνται.
1007 1006 1215 1076 Καιρίις
1261 1006 1392 1074 γοῦν
1425 1009 1700 1078 μετοικεῖν
1754 1010 2119 1078 προστάσσον-

547 1112 641 1160 τος
676 1097 767 1151 τοῦ
799 1097 958 1162 Θεοῦ,
991 1096 1052 1149 οὒ
1082 1098 1372 1161 σκιαδείνιις
1424 1099 1487 1151 ἐκ
1515 1099 1730 1169 φύλλων
1784 1103 1843 1155 ὲν
1880 1090 2088 1171 ’λαμπή

548 1205 669 1243 ναις
702 1188 892 1258 (ταῦτα
926 1190 1035 1257 γὰρ
1063 1184 1199 1257 ἦσαν
1221 1188 1281 1241 τὸ
1322 1189 1534 1253 πάλαι),
1586 1190 1723 1244 ἀλλὰ
1759 1193 2118 1262 σκεπομέναις

549 1277 734 1345 χάριτι
771 1275 864 1330 τοῦ
893 1277 1049 1333 Θεοῦ.
1098 1279 1207 1331 Καὶ
1239 1278 1302 1347 δὴ
1343 1278 1401 1343 ἐξ
1440 1279 1608 1350 αὐτῆς
1654 1280 1769 1351 ἃμα
1814 1282 2114 1350 πεμπὲσθω

547 1386 634 1432 τις
676 1368 785 1420 τῶν
838 1368 1137 1440 ἀρχόντων,
1188 1377 1283 1423 καὶ
1323 1369 1645 1439 λαμϐανέτω
1690 1374 1815 1438 τοὺς
1862 1377 2040 1438 οἴκους
2068 1372 2122 1428 οἷ

551 1458 802 1512 πανοικεὶ
837 1459 1173 1528 κατοικήσει.
1216 1460 1277 1514 Εἰ
1317 1459 1415 1530 μὲν
1472 1461 1759 1530 συμϐαίνοι
1825 1465 1950 1525 τοὺς
2016 1482 2120 1518 πα-

548 1550 735 1619 τρίους
766 1545 901 1603 εἶναι
934 1552 1026 1603 καί
1054 1552 1178 1615 τοὺς
1218 1551 1311 1603 τοῦ
1339 1552 1529 1619 γένους
1558 1554 1842 1625 περιόντας
1891 1556 1994 1620 ἔτι,
2056 1554 2117 1612 εὖ

551 1641 619 1694 ἂν
650 1643 837 1712 σχήσοι
870 1658 883 1672 °
910 1643 957 1693 εἰ
984 1641 1028 1695 δ’
1058 1639 1172 1708 οὖν,
1218 1642 1352 1695 ἀλλά
1378 1660 1460 1706 τις
1499 1644 1807 1712 ἰκλεγέσθω
1861 1647 1991 1711 τοὺς
2019 1648 2119 1717 ἁρ-

551 1732 787 1802 μοδίους.
859 1733 1055 1803 Ἐχρῆν
1102 1734 1211 1805 γὰρ
1261 1734 1399 1788 Θεοῦ
1457 1736 1691 1800 διδόντος
1748 1734 2120 1812 [Ρ.101]τὴν

551 1824 711 1895 χάριν
742 1823 883 1877 κατὰ
904 1826 1097 1893 νόμους
1129 1824 1343 1881 ἐκείνου
1400 1829 1572 1879 ποιεῖν
1622 1828 1716 1881 καὶ
1767 1829 2117 1897 ἰτροσιριλοίιι⁹

2216 645 2446 718 ἔχουσαν
2474 646 2583 700 τῶν
2606 643 2905 715 ἀνωνύμων
2933 644 3029 697 καὶ
3071 643 3326 700 εὐτελῶν.
3373 644 3449 697 υῦ
3481 642 3587 713 μὴν
3613 642 3666 697 δὲ
3690 646 3777 698 καὶ

2216 736 2660 808 καταφρονητέον
2681 735 2791 788 τῶν
2810 735 2940 806 τῇδε
2973 750 2989 766 θ
3021 734 3291 804 ἀσφάλεια
3332 733 3442 804 γάρ
3492 732 3599 787 τῶν
3637 734 3775 799 me;

2220 828 2474 899 μεγίστη.
2514 827 2562 880 εἰ
2592 827 2662 881 τά
2693 826 2877 897 κύκλῳ
2909 825 3104 895 φεύγοι
3133 826 3225 880 τὸν
3278 826 3464 880 σάλον.
3488 823 3671 879 Ταῦτα
3721 827 3773 880 δὲ

2216 921 2309 974 τὸν
2339 921 2501 973 σάλον
2534 918 2854 989 φευξοῦνται
2884 919 3310 989 πολυωρούντων
3350 918 3460 970 τῶν
3493 917 3777 987 οἰκητόρων

2219 1011 2335 1080 ἅμα
2365 1014 2474 1075 τοῖς
2499 1011 2874 1082 πεμπομένοις
2904 1010 3186 1080 ἄρχουσιν.
3219 1009 3376 1063 Ἀλλά
3407 1009 3479 1062 τά
3524 1010 3620 1078 μὲν
3650 1011 3778 1063 κατὰ

2217 1106 2408 1176 καιρ“ν
2456 1106 2549 1158 καὶ
2612 1105 2957 1174 λεχθήσονται
3015 1102 3110 1156 καὶ
3168 1100 3595 1172 πραχθήσονται,
3655 1100 3776 1152 Θεοῦ

2221 1199 2608 1267 συναιρομένου
2647 1196 2713 1251 δι’
2742 1197 2886 1259 ἔλεος
2916 1211 2931 1227 ο
2958 1194 3051 1248 νῦν
3071 1194 3114 1247 δ’
3156 1190 3257 1261 ἄγε
3309 1191 3585 1254 κάκείνοις
3626 1192 3686 1244 δι’
3709 1186 3777 1246 ὧν

2219 1288 2569 1358 ἑπεμετρήοη
2616 1289 2748 1358 ἡμῖν
2796 1286 3023 1359 ήχάρις
3063 1286 3176 1353 (καὶ
3223 1286 3331 1354 γάρ
3379 1283 3610 1351 δίκαιον)
3657 1287 3774 1353 γρά-

2220 1394 2408 1445 φοντες
2440 1380 2509 1430 τὰ
2534 1379 2719 1432 εἰκότα
2745 1377 3007 1448 δείξωμεν
3029 1376 3190 1448 χάριν
3211 1379 3396 1445 σφίσιν
3423 1378 3619 1437 εἰδότες
3652 1378 3775 1446 μετὰ

2218 1468 2371 1523 Θεόν.
2420 1489 2438 1521 ι
2474 1469 2564 1539 Τῷ
2597 1488 2677 1525 τοι
2698 1471 2792 1525 καὶ
2822 1473 2886 1525 ὲκ
2917 1468 3012 1523 τοῦ
3042 1470 3382 1540 παραχρῆμα
3419 1469 3631 1521 κελεύει
3658 1486 3777 1537 γρα-

2219 1560 2384 1629 φῆναι
2411 1562 2478 1615 τὰ
2506 1564 2855 1632 χαριστήρια,
2887 1560 3171 1628 ἰκλὲγεται
3197 1559 3253 1613 δὲ
3282 1564 3379 1613 καὶ
3407 1554 3489 1623 οἷς
3544 1559 3609 1613 ἂν
3649 1576 3777 1628 πεμ-

2219 1652 2401 1723 φθεῖσι
2430 1652 2530 1724 τὴν
2552 1651 2941 1724 κληροδότησιν
2974 1650 3256 1721 ἐπιτρέψοι
3285 1649 3395 1703 τῶν
3429 1651 3772 1721 μεγιστάνων.
3856 1663 3865 1668 ’

2221 1743 2349 1808 Τοῖς
2387 1743 2496 1814 γάρ
2525 1744 2741 1807 πολλοῖς
2766 1759 2831 1809 γε
2869 1744 2962 1796 καὶ
2983 1741 3303 1796 ἀνεϐάλλετο
3331 1742 3392 1794 τὸ
3423 1741 3640 1804 διδόναι,
3694 1743 3775 1795 καὶ

2224 1837 2500 1906 πρόφασις
2528 1835 2719 1904 ἐκείνῳ
2748 1833 2810 1887 τὸ
2831 1833 2923 1887 διὰ
2956 1831 3169 1902 σπάθης
3203 1832 3417 1894 ἑλόντος
3447 1830 3653 1900 μηδένα
3704 1826 3773 1883 εἷο

528 1893 768 1983 κάεῗσθίιι
814 1913 873 1967 τδ
911 1915 1075 1983 μέρος
1126 1915 1362 1987 ἑκάστῳι
1422 1915 1558 1971 οὑδὲ
1610 1918 1717 1987 γὰρ
1748 1893 1879 1989 ἡμῖν
1911 1893 2113 1988 μένοις.
2148 1893 2190 1948 Β
2223 1893 2425 1982 ναιτδν
2457 1893 2772 1989 δ-ικαίωςδᾶν
2819 1926 2927 1979 τῶν
2965 1893 3220 1987 ἰδίωνξήεῐ
3265 1940 3368 1976 που
3401 1893 3648 1993 παρεῖεν.
3693 1921 3775 1976 ἰπὶ

546 2005 684 2059 ἀλλὰ
716 2006 809 2059 καὶ
842 2007 967 2075 ύμῖν
992 2005 1197 2060 δίκαιον
1230 2007 1479 2079 ἡγεῖσθαι
1506 2008 1564 2061 τὸ
1591 2011 1744 2063 Θεῖον
1771 2011 2111 2082 χαρίζεσθαι⁹

547 2098 641 2151 καὶ
667 2096 858 2168 ὥσπερ
881 2098 941 2151 τὸ
986 2098 1323 2171 ἅπερῤῖφθαι
1353 2100 1531 2155 κοινὸν
1572 2102 1634 2153 τὸ
1667 2102 1765 2169 τῆς
1798 2101 1971 2171 ὀργῆς
2000 2102 2116 2171 ἅμα

548 2188 765 2241 πίνουσι
792 2188 972 2255 κόνδυ,
1011 2187 1154 2243 οὕτω
1184 2189 1280 2242 καὶ
1305 2191 1366 2243 τὸ
1405 2192 1867 2246 ἐπανακαλεῖσοιι
1901 2193 2118 2245 x1091:-

547 2280 642 2332 κδν
669 2278 765 2350 τὴν
787 2279 1103 2347 εὐεργεσίαν
1157 2276 1541 2351 λαμϐάνουσιν.
1590 2283 1852 2353 Ἐψονται
1891 2283 1936 2336 δ’
1994 2286 2119 2351 ἑφε-

549 2370 645 2442 ξῆς
670 2374 840 2435 ἄλλοι,
875 2374 968 2427 καί
1000 2371 1142 2427 οῦτω
1176 2375 1338 2428 πάλιν
1364 2376 1423 2428 τδ
1459 2375 1693 2429 κενωθὲν
1722 2375 2119 2446 ἀναπληρωοή-

546 2556 793 2611 liberatis
824 2571 885 2609 ex
920 2552 1154 2627 Egypto
1179 2555 1347 2624 ipsius
1374 2554 1626 2624 posteris,
1674 2555 1726 2610 bi
1759 2556 1972 2625 quidem
2008 2572 2112 2610 non

548 2659 872 2718 acceperunt
907 2648 959 2701 iu
987 2649 1205 2702 deserto
1239 2647 1463 2711 mortui,
1519 2645 1615 2702 sed
1669 2662 1853 2702 eorum
1903 2648 2116 2703 ossibus

545 2754 770 2811 peregre
796 2740 997 2794 relictis
1029 2737 1303 2794 feliciores
1337 2738 1549 2794 illorum
1589 2739 1681 2792 lilii
1712 2739 1973 2807 desponsa
2007 2754 2112 2792 non

544 2832 771 2903 singulis
799 2831 1083 2904 quibusvis
1106 2832 1398 2900 capitibus,
1436 2832 1531 2886 sed
1566 2831 1860 2885 nniversim
1897 2830 2114 2883 Israeli-

547 2928 667 2983 tica
692 2925 838 2997 genti
870 2926 1188 2980 haereditate
1211 2925 1458 2979 adeunda
1515 2924 1670 2978 fidem
1727 2923 2108 2976 vaticittinrtmt

543 3015 864 3081 liberarunt,
900 3016 1286 3086 splendideque
1320 3015 1760 3070 demonstrarunt
1794 3013 1936 3067 haud
1968 3014 2113 3067 exci-

545 3111 693 3166 disse
741 3124 806 3164 ac
854 3109 923 3164 ad
971 3118 1275 3164 extremum
1322 3121 1477 3162 cassa
1532 3117 1725 3161 eventu
1787 3107 2114 3161 remansisse

2216 2021 2315 2088 τῆς
2353 2017 2559 2081 πόλεως
2619 2016 2998 2088 άνθεξόμενον.
3076 2015 3357 2087 Περιῆσαν
3413 2014 3526 2087 γάρ
3573 2014 3649 2066 ἔτι
3687 2012 3774 2065 ούκ

2215 2113 2373 2180 ὀλίγα
2399 2112 2495 2165 καί
2524 2110 2631 2164 τῶν
2653 2110 2945 2180 τυχόντων,
2981 2109 3039 2162 ὲν
3069 2106 3212 2161 ὀκτὼ
3259 2107 3446 2178 μόνοις
3498 2106 3633 2174 πρὸς
3676 2108 3773 2168 τοῖς

2216 2203 2551 2273 πεντήκοντα
2589 2200 2733 2253 ἔτεσι
2767 2199 3134 2269 κατεχομένης
3178 2199 3276 2268 τῆς
3302 2197 3514 2258 πόλεως
3542 2199 3649 2258 τοῖς
3698 2200 3774 2267 ἐχ.

2216 2295 2385 2366 θροῖς.
2426 2294 2513 2346 Ἐν
2531 2287 2611 2357 οἷς
2643 2293 2735 2347 καί
2765 2291 2943 2346 πάντα
2978 2292 3046 2346 ἂν
3070 2292 3357 2361 περιῆσαν,
3419 2290 3536 2358 εἴγε
3570 2291 3772 2359 εἰρήνην

2216 2383 2362 2459 εἶχον
2418 2387 2554 2457 πρὸς
2602 2385 2840 2449 ἐκείνους
2902 2385 2953 2438 οἰ
3011 2384 3251 2456 βασιλεῖς
3282 2397 3295 2416 ο
3331 2385 3382 2436 εἰ
3419 2381 3531 2453 γάρ
3574 2383 3646 2452 μὴ
3676 2380 3766 2435 τῶν

2217 2562 2380 2634 regias
2413 2562 2737 2632 inclyla’que
2764 2562 3104 2633 Splendorem
3156 2561 3397 2616 civitatis
3434 2562 3767 2617 obscurorum

2214 2667 2263 2709 et
2298 2656 2414 2709 sine
2450 2656 2665 2710 nomine
2712 2654 3090 2725 oppidulorum
3125 2654 3393 2723 angustiis
3445 2664 3499 2706 et
3532 2653 3767 2706 sordibus

2216 2746 2497 2814 prmb-rre.
2550 2744 2666 2800 Non
2716 2745 3027 2799 Iamcnbzec.
3063 2745 3152 2798 ubi
3207 2760 3349 2797 nunc
3400 2758 3588 2797 sumus
3634 2760 3766 2813 sper-

2215 2834 2387 2888 nenda
2422 2843 2516 2887 attt
2553 2834 2767 2903 penitus
2802 2834 3149 2899 relinquenda
3186 2844 3331 2885 sunt.
3365 2831 3502 2887 Nam
3534 2844 3589 2884 ut
3613 2833 3763 2885 media

2215 2935 2327 2980 tnta
2358 2927 2488 2989 sint,
2521 2925 2871 2996 circumjecta
2913 2935 3036 2978 sunt
3066 2925 3300 2988 tuenda;
3343 2940 3441 2978 nec
3490 2934 3657 2993 potest
3692 2938 3767 2974 se-

2215 3021 2419 3070 curias
2455 3017 2600 3071 intus
2647 3031 2787 3082 esse,
2837 3017 2881 3071 si
2934 3014 3202 3070 exteriora
3263 3016 3315 3069 in
3374 3016 3599 3069 tumultu
3652 3016 3763 3068 sint.

2213 3106 2595 3162 Providnbitnr
2626 3118 2805 3162 autem
2858 3116 2913 3159 ut
2952 3106 3062 3160 lnec
3113 3106 3165 3159 in
3218 3122 3349 3177 pace
3385 3110 3761 3167 contineantur.

546 3218 667 3271 quae
696 3204 835 3256 Deus
858 3200 1204 3270 praedixerat.
1238 3198 1329 3254 Sic
1352 3198 1515 3266 justls
1543 3197 1812 3251 mensuris
1836 3195 2110 3265 aequisque
2138 3220 2184 3280 α
2219 3207 2325 3250 tum
2358 3197 2668 3251 colonorum
2715 3198 2802 3252 hic
2853 3198 3165 3253 relictorum
3223 3209 3277 3252 et
3331 3215 3430 3253 sua
3482 3200 3762 3252 curantium

548 3292 876 3363 ponderibus
897 3292 1087 3345 divinae
1113 3304 1323 3357 semper
1345 3288 1728 3357 dispensantur
1744 3288 2111 3359 operationes.

546 3381 783 3456 Tempus
804 3384 974 3453 ig'tur
1003 3397 1149 3436 nunc
1177 3390 1261 3435 est
1308 3380 1534 3451 iubente
1584 3379 1713 3445 Deo,
1745 3389 1802 3433 nt
1833 3384 1955 3448 {non
1996 3394 2116 3435 utn-

550 3476 793 3532 bracnlis
849 3473 1101 3530 foliorum
1156 3479 1249 3525 aut
1287 3486 1562 3525 ramorum
1616 3470 1836 3539 attegiis
1885 3470 2113 3541 protecti

546 3581 796 3637 pompam
827 3564 1109 3621 curulibus
1158 3559 1520 3618 tabernaculis
1551 3561 1741 3617 festam
1770 3561 2115 3617 traducamus

546 3659 624 3729 (id
651 3668 772 3714 erat
800 3655 1139 3725 veterisjam
1191 3656 1454 3724 antiquati
1510 3655 1726 3721 moris),
1785 3655 1878 3709 sed
1933 3655 2111 3709 ornati

544 3748 642 3806 Dei
676 3749 846 3821 gratia
895 3750 1232 3804 celebremus
1281 3748 1520 3803 laetitiam
1575 3763 1735 3818 quam
1797 3747 1912 3817 ipse
1961 3747 2113 3814 fecit,

549 3848 712 3910 atque
746 3840 880 3897 adeo
904 3839 1017 3908 jam
1046 3856 1188 3896 nunc
1217 3840 1575 3912 praeminatur
1608 3839 1661 3895 in
1699 3838 1886 3894 urbem
1914 3838 2113 3908 aliquis

543 3930 849 4000 principum
907 3940 1136 3986 metator
1180 3929 1461 3984 domorum
1509 3927 1802 3992 avitarum,
1863 3929 1915 3982 in
1975 3943 2112 3999 quas

544 4036 734 4075 smnus
792 4020 1096 4091 ntigrattni.
1154 4020 1221 4075 Et
1269 4020 1536 4090 siquidetn
1600 4018 1739 4074 illas—
1771 4020 1915 4087 ipsas
1975 4035 2110 4089 quas

544 4121 728 4178 patres
763 4110 1106 4168 incoluerunt
1134 4110 1475 4165 hereditario
1506 4111 1703 4177 cuique
1746 4112 1869 4178 jure
1902 4111 2112 4168 debitas

543 4204 768 4257 idoneas
802 4205 1089 4270 repererit,
1142 4202 1279 4257 bene
1316 4201 1532 4256 habebit
1564 4218 1579 4256 :
1628 4205 1711 4257 sin
1762 4218 1913 4267 sero,
1949 4219 2115 4273 quas-

544 4311 756 4364 cunque
802 4306 956 4364 aptas
990 4294 1248 4359 inveniet,
1278 4307 1435 4365 paret
1485 4311 1585 4365 pro
1635 4304 1899 4365 tempore.
1951 4297 2112 4353 Decet

542 4387 685 4441 υιιίιιι
719 4401 817 4440 nos
848 4395 954 4440 tam
993 4386 1253 4455 singulari
1297 4384 1390 4441 Dei
1430 4385 1695 4442 beneﬂcio
1721 4385 1942 4443 aii‘ectos
1975 4387 2112 4458 legi-

547 4479 711 4532 timas
756 4477 804 4532 ei
843 4479 895 4533 in
935 4476 1049 4548 ipsa
1082 4476 1171 4532 illa
1201 4492 1361 4549 quam
1411 4478 1792 4534 liberalissime
1842 4480 2113 4535 cumcessit

2220 3289 2323 3342 lida
2365 3291 2632 3353 custodia,
2666 3300 2775 3342 tum
2812 3288 3096 3358 adjuVante
3122 3302 3283 3361 atque
3323 3290 3630 3360 invigilante
3656 3304 3765 3359 pro—

2218 3381 2456 3436 vitlcntia
2493 3383 2905 3450 tttagislraluttm
2944 3397 3006 3435 ex
3054 3380 3186 3435 urbe
3226 3381 3633 3436 mittendOrnnt.
3674 3379 3763 3435 Sed

2220 3473 2333 3528 haec
2377 3489 2476 3526 suo
2502 3485 2741 3541 tempore
2784 3473 3064 3527 edicuntur
3121 3474 3639 3548 agettturquc,.Den
3683 3486 3763 3538 pro

2217 3580 2312 3621 sua
2352 3567 2725 3620 misericordia
2770 3566 2924 3621 nobis
2954 3566 3257 3621 adfuturo:
3302 3583 3470 3631 nunc,
3515 3582 3630 3636 age,
3672 3565 3762 3617 illis

2216 3656 2415 3730 quibus
2443 3658 2511 3713 ad
2547 3667 2752 3714 tantum
2790 3659 2941 3714 nobis
2973 3658 3309 3730 largiendum
3351 3660 3547 3714 bonum
3602 3658 3759 3712 ditiua

2217 3751 2573 3807 beneficentia
2621 3752 2884 3807 ministris
2920 3768 3012 3808 usa
3057 3763 3158 3814 cst,
3192 3763 3375 3822 grates
3413 3751 3760 3821 rependamns,

2216 3856 2353 3909 quas
2380 3856 2478 3911 par
2499 3849 2554 3895 et
2581 3853 2791 3909 aequum
2820 3850 2903 3895 est
2931 3840 2997 3895 iis
3041 3841 3230 3918 referri
3262 3839 3460 3908 quibus
3493 3839 3759 3893 secundum

2214 3931 2385 3987 Deum
2414 3931 2636 3986 debetur
2670 3945 2697 3983 a
2725 3931 2887 3986 nobis
2914 3930 3228 4002 plurimum.
3267 3950 3286 3983 ι
3329 3929 3445 3987 Sub
3498 3932 3596 3984 hoc
3644 3942 3756 3981 con-

2216 4021 2396 4078 l'estim
2456 4022 2713 4093 praecepit
2764 4021 3039 4078 conscribi
3122 4023 3436 4076 authentico
3498 4021 3758 4089 diplomate

2217 4114 2435 4169 decreta
2469 4114 2769 4169 victoribus
2814 4114 3032 4181 praemia
3070 4131 3084 4167 :
3119 4114 3285 4183 elegit
3327 4115 3491 4170 etiam
3534 4130 3563 4167 e
3596 4126 3757 4178 proce-

2215 4205 2364 4260 ribus
2392 4221 2532 4275 quos
2567 4207 2632 4261 ad
2684 4208 2871 4261 urbem
2918 4206 3112 4261 missos
3168 4206 3241 4260 ibi
3291 4222 3525 4277 praeesse
3571 4206 3757 4273 jubere!

2213 4296 2581 4352 distributioni
2611 4298 2865 4351 domuum
2892 4309 2944 4354 et
2969 4308 3260 4361 terrarum,
3286 4309 3342 4350 et
3368 4298 3412 4353 si
3438 4313 3539 4365 qua
3569 4297 3753 4349 residua

2213 4402 2244 4443 e
2283 4389 2441 4443 bonis
2462 4388 2673 4443 caeteris
2702 4400 2882 4454 erant,
2914 4390 3232 4459 optimatqu
3283 4390 3479 4457 cuique
3525 4386 3755 4440 facienda:

2215 4495 2396 4535 rerum
2448 4482 2512 4535 ad
2562 4482 2711 4553 ipsos
2759 4497 2823 4537 ex
2880 4495 3103 4552 paterna
3174 4484 3387 4536 a\‘iln\’e
3447 4480 3757 4533 successimte

545 4573 797 4628 Et'rlesiﬂ:
825 4581 879 4627 ct
904 4574 1110 4643 imperii
1140 4572 1423 4642 metropoli
1452 4573 1656 4643 gratias
1685 4588 1868 4645 agere,
1899 4590 1962 4629 ac
1992 4590 2112 4630 cum
2151 4568 2193 4625 ι)
2221 4576 2562 4630 ιιωιριιίιειι·ἰο
2587 4575 2708 4644 jure
2758 4576 3161 4645 pertinentium.
3210 4576 3562 4644 Optimatibus
3599 4585 3751 4625 ιιιιιυιη

543 4682 630 4729 eo,
668 4676 720 4717 ιιι
758 4664 937 4716 divina
968 4664 1053 4718 lex
1087 4663 1268 4730 jubet,
1303 4664 1359 4719 in
1394 4679 1488 4719 sua
1530 4679 1796 4735 quemque
1839 4664 2109 4735 postlimi-

545 4759 637 4810 nio
695 4754 973 4810 reducere.
1025 4752 1144 4809 Non
1200 4754 1342 4810 enim
1399 4754 1556 4810 nobis
1605 4757 1757 4820 solis,
1812 4754 1907 4811 sed
1959 4755 2113 4811 vobis

544 4850 703 4901 ιιιὶοιιι
761 4854 816 4901 et
865 4855 1102 4902 vestrum
1139 4846 1345 4903 viritim
1386 4846 1616 4917 singulis
1668 4846 1963 4916 gratiﬁcari
2009 4847 2111 4903 hoc

543 4941 701 4994 ιιιὶνοκ
719 4951 914 4994 eventu
972 4939 1140 4994 Deum
1184 4940 1419 4998 voluisse
1466 4942 1761 5011 putandum
1814 4949 1919 4997 est.
1968 4940 2108 5009 Quin

544 5034 684 5086 sicut
715 5032 1081 5087 communiter
1109 5032 1176 5086 ad
1205 5045 1395 5088 omnes
1427 5033 1753 5103 imperantes
1792 5032 1947 5101 juxta
1979 5032 2109 5085 sub-

543 5124 794 5192 ditosque
823 5123 1082 5194 pertinuit
1121 5121 1459 5192 expulsionis
1506 5137 1536 5177 e
1582 5124 1757 5192 patria
1807 5122 2108 5185 calamitas,

542 5226 705 5285 atque
759 5215 811 5270 in
877 5216 1044 5270 calice
1100 5216 1194 5271 irae
1249 5213 1342 5270 Dei
1399 5230 1493 5283 per
1548 5228 1738 5268 omnes
1791 5211 2110 5268 circumlato

547 5317 755 5373 pattem
811 5308 1043 5378 quisque
1072 5323 1224 5363 suam
1266 5323 1465 5364 ωηιξη-α’
1517 5308 1752 5375 potionis
1800 5305 1999 5370 hausit,
2037 5304 2106 5358 ita

541 5398 795 5455 convenit
826 5408 886 5454 ut
914 5414 1191 5455 converse
1217 5398 1269 5453 in
1301 5399 1495 5453 melius
1523 5400 1690 5455 sortis
1728 5407 1783 5451 et
1809 5397 2111 5453 exuberan-

541 5494 611 5545 tis
648 5490 773 5547 inde
802 5491 1001 5547 latitia!
1045 5506 1206 5545 sensu
1257 5504 1448 5544 omnes
1516 5489 1928 5556 perfunduntur.
1982 5485 2112 5542 Post

540 5584 744 5650 primos
779 5584 867 5654 qui
918 5583 1045 5638 illuc
1099 5582 1534 5648 remigraverint,
1574 5591 1866 5651 sequentur
1917 5581 2106 5634 eodem

539 5692 639 5731 ειιο
678 5674 875 5731 deinde
902 5676 1093 5731 ordine
1128 5673 1339 5742 reliqui.
1380 5672 1441 5727 Bt
1486 5672 1564 5727 sic
1600 5673 1795 5729 iterum
1847 5672 2105 5727 ealrausta

540 5767 909 5837 replrbuntur,
943 5780 1285 5837 unoquoque,
1320 5764 1475 5837 157
1523 5774 1576 5816 ut
1626 5780 1720 5833 par
1786 5774 1886 5827 est,
1939 5780 2110 5832 pra'o-

538 5871 752 5927 ptaturo
808 5860 860 5916 in
915 5858 1046 5915 urbe
1107 5873 1270 5926 quam
1322 5860 1375 5913 in
1426 5857 1732 5927 numicipiis
1789 5858 2002 5927 degere.
2055 5867 2109 5911 et

2215 4680 2357 4721 nunc
2406 4668 2618 4736 quidem
2676 4665 2803 4720 solis
2860 4667 2911 4719 in
2958 4680 3025 4720 eo
3073 4679 3274 4735 genere
3321 4666 3552 4733 providit
3593 4660 3751 4731 :plebi

2216 4754 2421 4824 pariter
2470 4753 2753 4809 consulere
2800 4754 3050 4818 distulit,
3105 4756 3158 4808 in
3222 4755 3404 4808 animo
3471 4754 3659 4808 habens
3708 4749 3749 4799 id

2214 4857 2436 4912 prorsus
2493 4846 2764 4909 omittere,
2799 4843 2946 4896 nullo
2982 4857 3049 4898 se
3102 4844 3168 4896 ad
3216 4842 3267 4897 id
3308 4843 3528 4912 astringi
3560 4839 3752 4907 jnstitiar

2212 4937 2389 4993 oliicio
2409 4936 2761 5003 existimans,
2780 4938 2922 5007 quod
2948 4936 3133 4990 urbem
3164 4936 3210 4991 vi
3241 4945 3296 4989 et
3323 4936 3488 4988 armis
3519 4938 3749 4998 recept-ut:

2211 5045 2275 5088 es
2308 5031 2482 5096 hoste,
2509 5029 2630 5100 jure
2663 5028 2781 5082 belli
2832 5038 3074 5098 spectare
3112 5027 3164 5082 in
3188 5028 3418 5084 solidum
3473 5027 3536 5078 ad
3579 5020 3750 5092 princi-

2213 5138 2335 5193 pem
2388 5132 2442 5175 et
2473 5123 2525 5175 in
2581 5123 2815 5191 pra'dam
2867 5136 2932 5174 ac
3006 5123 3237 5175 fructum
3298 5118 3531 5173 victoria:
3585 5116 3748 5169 cedere

2213 5229 2426 5285 aequum
2453 5229 2573 5269 esse
2606 5214 2857 5278 dueeret;
2911 5227 3019 5282 quo
3079 5213 3295 5268 nomine
3321 5221 3575 5282 qumstum
3628 5201 3745 5259 haud

2213 5309 2480 5362 modicum
2527 5307 2670 5363 fecit.
2723 5310 3052 5376 Supererant
3107 5310 3252 5361 ettint
3305 5308 3480 5361 adhuc
3540 5320 3569 5359 e
3615 5297 3745 5355 bonis

2211 5400 2542 5470 privatorum
2584 5408 2638 5454 et
2670 5398 2946 5454 hominum
2980 5415 3011 5454 e
3041 5399 3198 5468 vulgo
3225 5415 3254 5453 a
3286 5398 3512 5453 dominis
3538 5391 3741 5456 antiquis

2212 5492 2560 5562 agnoscibilia
2588 5506 2692 5545 non
2727 5506 2918 5561 pauca,
2956 5502 3012 5545 nt
3041 5493 3091 5543 in
3120 5492 3339 5546 civitate
3385 5498 3505 5542 octo
3535 5495 3584 5538 et
3605 5482 3738 5551 quia-

2211 5583 2464 5650 quaginta
2496 5580 2669 5634 solum
2701 5582 2859 5635 annis
2895 5585 2960 5634 ab
3010 5582 3253 5635 hostibus
3302 5581 3533 5632 detenta.
3577 5574 3626 5627 ltI
3652 5583 3736 5636 'l"a

2213 5675 2364 5742 plura
2416 5672 2581 5726 etiam
2639 5680 2802 5742 atque
2861 5672 2995 5724 adeo
3047 5680 3236 5725 cuncta
3293 5666 3543 5724 serVanda
3597 5668 3642 5711 et
3691 5654 3734 5707 in

2212 5763 2387 5835 primo
2441 5772 2581 5818 statu
2630 5761 2797 5817 fuisse
2852 5761 3204 5830 relinquenda
3268 5758 3543 5815 verisimile
3572 5758 3663 5811 est.
3696 5743 3733 5797 εί

2212 5855 2483 5926 principes
2535 5856 2622 5924 qui
2669 5865 2787 5923 post
2836 5855 3024 5907 urbem
3079 5868 3107 5905 a
3148 5854 3351 5907 Latinis
3403 5860 3597 5919 captam
3642 5837 3733 5893 Per
