3926 6582
345 376 460 440 605

1286 390 1383 450 DE
1423 390 1814 452 MICHAELE
1858 391 2319 454 PALEOLOGO
2355 397 2499 457 LIB.
2543 396 2624 458 Π.

3483 392 3592 451 διιο

345 505 464 556 μην
511 490 770 561 προδαίη,
830 492 968 548 ὥστε
1027 499 1120 551 καὶ
1151 499 1177 553 ὅ
1203 518 1255 554 τι
1301 504 1506 573 αἱροῖτο
1537 503 1799 574 πράττειν
1827 502 1918 555 καὶ
1945 500 1993 560 Α
2019 502 2264 568 δυσνοίας
2304 506 2438 576 πρὸς
2469 509 2662 561 ἑαυτὸν
2695 509 2860 575 ἐπῆγε
2917 507 3006 560 καλ
3055 505 3410 561 ὑπεϐλέπετο.
3473 504 3583 554 ἐστι

348 582 518 650 μὴδέν
543 585 766 653 μηδέσιν
807 588 1187 661 ὑπολελεῖφθαι
1223 598 1301 660 εἰς
1353 598 1654 651 σκανδάλου
1709 597 1918 668 προφαο

346 685 459 724 σιν.
488 674 568 742 jP.
599 674 721 748 107]
777 679 1056 733 Ἐδεδίειδ“
1084 684 1237 747 αὖθις
1292 687 1364 758 μή
1402 705 1516 750 πως
1569 687 1921 758 ἐκκρουσθεὶς

344 762 572 836 ἁμάρτῃ
602 765 708 821 τῶν
739 772 878 824 κατὰ
926 773 1170 845 γνώμην,
1225 778 1315 830 καί
1361 779 1408 831 οἱ
1466 778 1712 832 ἐντεῦθεν
1761 779 1921 849 βυθὸς

344 856 689 921 πραγμάτων
713 859 1068 933 ἀναῤῥαγείη.
1095 867 1167 918 Τὸ
1193 867 1237 919 δ’
1270 868 1631 941 ὑπερφρονεῖν
1658 872 1748 920 καὶ
1776 871 1922 921 ἀντι.-

342 945 609 1015 κτιθίστᾷν
660 947 845 1016 ἓτερον
906 954 1219 1022 προϐαίνειν
1283 959 1381 1026 μὲν
1447 958 1738 1021 ἀκωλύτως
1807 960 1922 1020 ταῖς

349 1035 615 1120 πράξεσιν
640 1040 738 1090 οὐκ
766 1042 1046 1111 ἀμήχανον
1079 1049 1371 1115 ἐλογίζετο,
1397 1049 1641 1120 ταραχὴν
1685 1051 1729 1102 δ’
1751 1049 1924 1111 ἄλλως

346 1119 514 1191 εἶναι,
554 1127 623 1180 δι’
645 1125 710 1198 ἢν
738 1131 853 1184 οὐδὲ
897 1136 962 1186 τὰ
1014 1138 1281 1206 γενόμενα
1331 1141 1697 1209 προσήσεσθαι
1747 1156 1921 1202 τινας,

345 1215 497 1270 δεινὰ
527 1227 616 1273 καὶ
643 1223 814 1286 ἄλλως
847 1226 1000 1292 ὄντα,
1026 1230 1132 1282 τῶν
1195 1233 1424 1285 εἰκότων
1477 1233 1683 1302 ἔκρινε.
1741 1232 1920 1294 Μέσος

341 1304 441 1361 οὖν
488 1314 962 1386 ἐναπειλημμένος
1010 1324 1336 1392 ἀμφοτέρων
1387 1326 1496 1378 τῶν
1537 1326 1810 1393 λογισμῶν
1867 1327 1923 1376 ἐν

342 1402 555 1473 ἀπορίᾳ
578 1406 926 1477 καθειστήκει
951 1413 1043 1464 τοῦ
1071 1415 1178 1467 τίσι
1209 1415 1474 1471 τίθεσθαι.
1516 1420 1705 1486 Ὅμως
1751 1420 1924 1486 ἐκχωο

344 1492 458 1558 ρῶν
516 1494 593 1564 τῷ
643 1499 818 1567 καιρῷ
880 1504 1118 1570 προῖόντι
1173 1505 1247 1568 ὠς
1281 1509 1530 1578 κρεῖττόν
1554 1526 1606 1560 τι
1649 1507 1921 1570 ἐπάξοντι,

340 1587 507 1652 ἀφεῖς
529 1590 669 1642 κατὰ
702 1594 840 1660 σφᾶς
861 1597 984 1658 τοὺς
1019 1597 1279 1668 ἱεράρχας
1318 1600 1447 1670 περὶ
1482 1601 1672 1653 τούτου
1701 1599 1925 1669 βουλεύ-

341 1677 504 1729 εσθαι
543 1680 682 1734 ὥστε
713 1685 805 1736 καὶ
839 1687 1122 1753 ὁμολογεῖν
1177 1691 1427 1760 ἀλλήλοις
1466 1692 1540 1760 μὴ
1591 1691 1924 1760 διαφωνοῦν-

341 1784 464 1832 τας,
495 1771 654 1834 αὑτὸς
683 1775 772 1826 ἐπὶ
807 1776 904 1839 τὰς
934 1777 1038 1829 τῶν
1062 1781 1256 1834 κοινῶν
1303 1784 1564 1852 ἐτρέπετο
1602 1783 1919 1850 διοικήσεις,

341 1861 403 1912 οὗ
435 1862 543 1932 μὴν
577 1864 631 1916 δὲ
657 1865 798 1918 ὣστε
828 1871 919 1921 καὶ
951 1871 1323 1940 ἀφροντίστως
1355 1875 1580 1928 ἐκείνων
1611 1875 1773 1942 ἕξειν.

345 1975 443 2030 λε’.
477 1981 670 2045 Ὅπως
711 1985 742 2036 ὀ
767 1984 1071 2048 ,ϐασιλεὺς
1099 1987 1166 2040 ἐκ
1199 1987 1402 2042 ποδῶν
1429 1989 1536 2042 τὸν
1561 1991 1704 2044 νέον
1729 1991 1926 2045 Ἰωάν-

438 2067 558 2116 νην
589 2052 796 2106 ἐποίει.
833 2052 942 2107 Καὶ
970 2056 1132 2120 ὅπως
1165 2057 1570 2118 κατοικίζοντο
1599 2060 1831 2118 Ἰταλοί.

421 2138 497 2193 Τὸ
523 2144 629 2212 γὰρ
655 2145 795 2197 κατὰ
813 2146 936 2198 νοῦν
963 2147 1492 2220 βυσσοδομευὸμενον
1509 2153 1606 2222 οὐχ
1632 2153 1925 2223 ἡσυχάζειν

345 2232 524 2285 ἐποίει
554 2235 679 2295 τοὺς
713 2235 1026 2306 λογισμούς.
1066 2239 1184 2294 Οὐκ
1215 2242 1427 2312 ἀφανὴς
1487 2244 1594 2312 γὰρ
1633 2240 1699 2314 ἦν
1737 2243 1795 2309 ἐξ
1850 2239 1924 2297 ὦν

343 2326 462 2387 τοῖς
499 2326 912 2397 ὖπονοουμένοις
935 2331 1009 2401 τῷ
1053 2331 1273 2404 Ἰωάννῃ
1295 2335 1650 2405 προσκεῖσθαι
1675 2338 1927 2407 ἔγκλημα

351 2507 738 2574 patriarcltalis
770 2513 1110 2570 auctoritatis
1140 2525 1273 2570 nutu
1318 2527 1371 2572 et
1414 2517 1805 2590 suﬂ‘ragatione
1839 2536 1930 2577 ro-

349 2601 618 2656 buranda.
676 2604 767 2660 Sic
797 2607 938 2660 enim
976 2618 1029 2662 et
1055 2611 1197 2678 quod
1238 2611 1552 2667 decreverat
1605 2614 1922 2684 perliceret,

347 2703 402 2747 et
436 2695 598 2748 simul
629 2712 840 2751 omnem
874 2701 1124 2758 omnibus
1150 2701 1465 2758 offensionis
1494 2720 1558 2759 ac
1586 2708 1926 2774 querelarum

346 2786 692 2839 occasionem
724 2788 986 2846 demeret.
1012 2791 1118 2847 Sed
1153 2809 1339 2849 rursus
1391 2797 1674 2850 verebatur
1723 2813 1789 2851 ne
1836 2813 1930 2866 spe

348 2877 454 2930 ista
492 2880 750 2934 ext-idens
775 2885 1009 2938 securim
1042 2887 1152 2940 suis
1179 2888 1338 2942 rebus
1364 2905 1607 2958 magnam
1638 2889 1926 2957 indigeret,

351 2985 419 3022 ac
472 2971 626 3038 quasi
686 2973 923 3041 quadam
958 2987 1098 3028 mota
1157 2977 1442 3032 Camarina
1498 2995 1756 3035 novarmn
1809 2982 1929 3036 inde

349 3070 731 3130 tempestatum
791 3067 1272 3134 periculosissimas
1320 3074 1582 3128 excitaret
1647 3077 1862 3131 nubes:
1898 3091 1928 3130 e

2023 599 2068 651 δ’
2102 592 2162 651 οὗ
2187 598 2281 652 καὶ
2314 599 2491 663 αἰτίας
2507 595 2882 669 ,πλαττόμενος
2924 600 3150 669 ἀπηνῶς
3183 583 3428 660 ἐκόλαζε,
3457 594 3591 664 μηδὲ

2027 691 2219 760 μέχρις
2265 691 2529 759 ὀνόματος
2567 692 2818 745 κοινωνὸν
2851 693 2940 744 ἐπὶ
2984 695 3045 761 τῇ
3117 688 3361 759 βασιλείᾳ
3423 686 3594 739 θέλων

2023 779 2167 851 ἔχειν
2198 781 2288 833 τὸν
2322 780 2575 852 Ἰωάννην
2623 783 2716 833 καὶ
2752 781 2811 833 τὸ
2842 780 3086 834 ἐκποδὼν
3115 780 3222 832 τῶν
3254 779 3388 830 ὅλων
3421 790 3592 826 κατα-

2026 873 2221 941 στῆσαι
2300 872 2389 925 διὰ
2427 873 2679 926 πλείστου
2741 872 3083 941 ποιούμενος.
3117 869 3226 924 Ἤν
3276 870 3331 922 δὲ
3367 868 3426 920 τδ
3492 867 3590 936 μὲν

2024 961 2268 1030 ἐρεθίζον
2304 964 2383 1025 εἰς
2410 961 2582 1016 ταῦτα
2607 961 2713 1017 τῶν
2747 964 2844 1030 μὲν
2873 963 3174 1034 ἀνθρώπιον
3205 966 3252 1016 οἱ
3308 963 3435 1030 περὶ
3493 961 3590 1030 τὴν

2025 1055 2257 1124 ἀδελφὴν
2280 1055 2568 1122 Εὐλογίαν,
2606 1056 2710 1108 τῶν
2736 1057 2793 1110 δὲ
2825 1059 3165 1126 πραγμάτιον
3213 1057 3272 1107 τὸ
3331 1057 3421 1107 τὸν
3478 1055 3591 1107 υἱὸν

2039 1143 2372 1210 Ἀνδρόνικον
2399 1149 2464 1214 τῇ
2493 1145 2678 1218 ἡλικίᾳ
2703 1148 3057 1218 προκόπτειν,
3091 1149 3146 1200 ὃν
3181 1148 3253 1218 μὴ
3276 1149 3413 1200 κατὰ
3437 1147 3590 1217 βασι-

2025 1235 2150 1298 λὲας
2173 1239 2392 1303 ἀνάγειν
2419 1238 2588 1290 δεινὸν
2621 1241 2853 1292 ἐποιεῖτο
2889 1241 2976 1293 καί
3008 1241 3057 1292 oi.
3083 1241 3142 1293 οὐ
3205 1243 3436 1309 φορητὸν
3472 1242 3585 1291 ἐνο-

2028 1327 2232 1397 μίζετο,
2277 1328 2335 1380 τὸ
2372 1328 2426 1382 δέ
2473 1331 2633 1384 πλέον
2678 1332 2710 1400 ἡ
2780 1333 3010 1401 μεγίστη
3056 1332 3335 1400 φιλοτιμία
3377 1331 3472 1383 κοιλ¹
3531 1331 3592 1381 τὸ

2025 1419 2250 1488 ἄκαιρον
2283 1419 2628 1488 ὑπερήφακον
2658 1420 2839 1488 μένειν
2873 1421 2966 1472 ἐπὶ
2992 1420 3231 1489 μετρίοις
3255 1422 3354 1471 οῦκ
3393 1423 3595 1488 ἀρκου-

2029 1513 2214 1580 μένου.
2267 1511 2330 1562 Ἤ
2371 1511 2426 1564 δὲ
2456 1512 2547 1564 τοῦ
2578 1511 2754 1565 δοκεῖν
2781 1513 2880 1566 οὐκ
2924 1513 3224 1580 ἀλογίστως
3262 1511 3431 1564 ταῦτα
3473 1511 3598 1578 βού-

2024 1601 2207 1654 λεσθαι
2247 1601 2520 1669 πρόφασις
2574 1603 2606 1672 ἡ
2635 1603 2734 1671 τῆς
2766 1603 2973 1664 πόλεως
3004 1603 3221 1664 ἅλωσις,
3243 1603 3329 1673 [Ρ.
3364 1603 3482 1673 108]
3517 1602 3595 1664 είς

2027 1697 2213 1766 θρόνον
2250 1697 2530 1766 βασιλείας
2579 1699 2936 1768 λογιζομένης
2989 1699 3236 1769 αὐτάρκη
3282 1698 3358 1766 τῷ
3424 1713 3594 1749 κατα-

1953 1831 1996 1890 B
2027 1789 2206 1857 σχόντι
2237 1806 2253 1821 ο
2289 1791 2449 1844 αὑτὸν
2498 1791 2544 1844 δ’
2598 1786 2734 1844 εἶναι
2792 1791 2883 1843 καὶ
2943 1792 3102 1860 μόνον
3133 1792 3224 1842 τον
3265 1793 3344 1852 είς
3396 1789 3599 1855 ταύτην
3654 1833 3671 1841 .,

2027 1881 2289 1952 κληθέντα
2362 1883 2678 1954 προτείνων,
2715 1883 2880 1936 αὐτὸν
2925 1884 3018 1937 καὶ
3090 1883 3246 1951 μόνον
3294 1881 3598 1950 βασιλεύειν

2027 1973 2419 2040 συνελογίζετο.
2465 1975 2586 2027 Ἔτι
2617 1975 2662 2028 δ’
2683 1975 2829 2044 ὅμως
2863 1973 3094 2027 ὓπουλον
3126 1969 3194 2043 ἦν
3228 1972 3288 2024 τὸ
3307 1972 3476 2024 δεινὸν
3506 1973 3602 2024 καὶ

2022 2068 2134 2127 τοῖς
2165 2064 2380 2126 πολλοῖς
2415 2064 2518 2117 οὐκ
2562 2065 2921 2128 εὐσύνοπτον,
2954 2065 3003 2115 εἰ
3056 2064 3148 2116 καί
3183 2080 3297 2124 πως
3328 2063 3377 2114 οἱ
3432 2060 3597 2132 βαθύ-

2023 2173 2179 2228 τερον
2210 2156 2592 2216 ἐπιὸάλλοντες
2624 2156 2684 2208 ἐκ
2711 2171 2770 2209 τε
2805 2154 3011 2207 πολλῶν
3038 2155 3211 2207 ἄλλων
3251 2154 3344 2205 καὶ
3393 2151 3485 2204 τοῦ
3525 2151 3600 2221 μὴ

2027 2245 2386 2299 συνεισελθεῖν
2418 2248 2517 2315 τὴν
2551 2246 2703 2298 πόλιν
2726 2247 2920 2314 ἐκείνῳ
2948 2246 3038 2297 τὸν
3080 2230 3330 2311 Ἰωάννην
3370 2243 3429 2294 οὐ
3476 2242 3602 2294 δνσ-

2026 2340 2200 2410 χερῶς
2256 2335 2398 2409 εἶχεν
2443 2337 2725 2392 ὑπιδέσθαι
2756 2337 2816 2390 τὸ
2875 2337 3269 2408 μελετώμενον,
3327 2335 3353 2385 ὃ
3384 2335 3447 2406 δὴ
3481 2350 3604 2404 τρε⁸

2026 2518 2265 2573 sinebat.
2310 2515 2601 2570 Multorum
2639 2515 2690 2570 in
2733 2516 3117 2585 imperatorem
3151 2511 3449 2582 gliscebant
3487 2527 3591 2562 nnu

2028 2611 2281 2664 obscuris
2315 2610 2564 2663 excitata:
2597 2608 2811 2662 indiciis
2838 2609 3202 2676 suspiciones,
3257 2620 3442 2674 parum
3479 2619 3600 2658 eum
3630 2590 3633 2596 ’

2029 2701 2285 2756 benevole
2315 2702 2366 2754 in
2408 2701 2668 2770 pupillum
2703 2698 2966 2754 Joannem
3015 2697 3152 2752 afﬁci
3182 2709 3343 2766 atque
3379 2698 3514 2750 adeo
3547 2699 3603 2772 in

2029 2795 2147 2861 ejus
2206 2794 2725 2848 cirCtttnventimteut
2794 2793 3140 2854 incumbere,
3201 2795 3342 2846 unde
3391 2793 3600 2844 crimen

2031 2885 2267 2954 perlidite
2301 2885 2350 2938 in
2379 2898 2438 2938 se
2464 2885 2634 2950 ipsum
2658 2882 2939 2936 attrabens
2966 2882 3197 2950 obliquis
3221 2881 3606 2950 plerorumqttc

2031 2974 2406 3044 indignitatem
2439 2975 2513 3027 rei
2542 2990 2643 3027 non
2680 2972 2967 3026 ferentium
3001 2971 3172 3025 oculis
3199 2971 3601 3040 designabantur.

2029 3065 2326 3120 Constabat
2382 3079 2506 3119 eum
2588 3064 2726 3118 lictis
2785 3063 2964 3118 causis
3033 3062 3273 3132 graviter
3349 3061 3605 3116 multasse

345 3155 628 3209 contrario
655 3157 698 3210 si
749 3159 1056 3225 persislcrcl
1091 3162 1142 3214 in
1185 3163 1418 3216 Arsenio
1449 3166 1632 3232 procul
1677 3168 1925 3221 ιιηδιιηάο
1951 3181 1993 3238 C
2031 3157 2314 3228 quosdam,
2359 3173 2588 3228 quorum
2625 3158 2781 3225 culpa
2821 3171 2923 3210 non
2964 3164 3081 3209 erat
3109 3155 3211 3209 alia
3245 3170 3404 3226 quam
3441 3151 3608 3208 Joan-

347 3243 628 3313 alinmque
685 3249 1044 3314 patriarcbam
1098 3252 1218 3319 eligi
1267 3266 1524 3318 curaret,
1598 3258 1923 3311 occurrebat

353 3335 470 3389 ﬁeri
496 3337 714 3404 quidem
756 3349 880 3393 tunc
912 3356 1074 3409 posse
1097 3358 1158 3396 ac
1187 3343 1344 3398 facile
1373 3346 1576 3411 sperari
1609 3356 1661 3398 ut
1690 3348 1918 3402 cnnailia

352 3425 421 3479 de
452 3428 752 3480 amovendo
783 3446 809 3480 a
864 3445 955 3498 spe
1002 3431 1216 3500 imperii
1273 3435 1473 3502 pupillo
1524 3437 1726 3491 exitum
1764 3439 1927 3494 liabe-

358 3535 478 3577 rent
521 3542 535 3578 :
571 3534 824 3578 caeterum
869 3527 1026 3597 166
1056 3531 1291 3582 orituras
1321 3531 1442 3586 inde
1473 3533 1654 3586 turbas
1685 3536 1934 3603 provide-

357 3614 470 3677 bat,
513 3615 634 3684 cupi
663 3617 723 3668 iis
755 3631 930 3668 rerum
983 3633 1244 3671 novarum
1297 3622 1605 3688 Speeinsum
1647 3625 1930 3677 adversum

352 3721 474 3759 sese
507 3705 826 3772 c0niurandi
878 3719 1197 3774 praetextum
1246 3726 1350 3764 non
1400 3713 1761 3781 neglecturis;
1801 3731 1936 3784 qun-

358 3813 470 3848 tum
506 3798 689 3864 utique
722 3797 966 3852 seditiosi
1016 3812 1242 3854 conatus
1276 3803 1516 3856 favorem
1558 3805 1698 3873 apud
1747 3807 1936 3875 vulgus

352 3887 494 3940 baud
525 3887 742 3940 dubium
775 3889 892 3941 inde
925 3891 1217 3954 traherent,
1261 3892 1405 3960 quod
1433 3893 1658 3961 justitiae
1689 3909 1752 3948 ac
1806 3896 1934 3950 reli-

357 3978 530 4046 gionis
587 3979 639 4032 in
704 3979 1026 4033 vindicanda
1085 3983 1226 4036 sacri
1289 3985 1483 4052 capitis
1540 3984 1760 4054 injuria,
1823 3986 1935 4054 jam

356 4071 646 4140 plurimum
693 4070 979 4138 invidiosa,
1012 4074 1195 4130 colore
1245 4076 1628 4132 honestissimo
1659 4093 1935 4132 commen-

357 4166 639 4216 darentnr.
677 4161 775 4216 llis
824 4178 1122 4232 suspensus
1167 4166 1313 4220 curis
1344 4177 1508 4237 atque
1562 4173 1826 4226 utramvis
1881 4171 1934 4224 iu

358 4263 566 4321 partem
633 4255 918 4322 ambiguus
975 4256 1241 4325 optimum
1297 4257 1563 4328 judicavit
1623 4262 1936 4328 permittere

358 4343 636 4412 negotium
679 4344 834 4406 quasi
869 4347 1034 4399 sortis
1079 4349 1324 4413 arbitrio,
1360 4351 1503 4418 ipsos
1530 4353 1618 4418 qui
1655 4365 1930 4404 convene-

357 4445 479 4484 rant
512 4434 797 4502 episcopos
847 4434 1076 4488 sinendo
1127 4437 1294 4491 libere
1325 4439 1618 4492 decernere
1655 4441 1797 4508 qttod
1828 4441 1938 4495 vel-

2036 3267 2154 3304 nem
2189 3252 2570 3321 imperatorem
2601 3249 2766 3302 libera
2795 3264 2926 3304 voce
2960 3249 3318 3318 praedicasse;
3347 3260 3507 3314 quem
3539 3261 3604 3297 tte

2035 3343 2253 3398 nomine
2284 3342 2498 3412 quidem
2529 3351 2684 3395 tenus
2702 3341 2802 3394 sibi
2826 3340 3314 3411 adjungicollegam
3341 3352 3606 3407 supremae

2034 3431 2317 3500 potestatis
2374 3431 2517 3483 ferre
2574 3439 2806 3496 poterat.
2869 3429 2977 3484 Nec
3034 3430 3168 3485 satis
3227 3429 3609 3484 dissimulabat

2039 3523 2280 3590 redigere
2315 3519 2471 3588 plane
2518 3535 2576 3574 se
2623 3537 2846 3588 puerum
2894 3522 2943 3572 in
2974 3522 3216 3573 ordinem
3267 3530 3319 3574 et
3361 3521 3428 3572 ab
3459 3520 3606 3572 otuni

2035 3611 2277 3667 funditus
2340 3613 2629 3665 excludere
2690 3613 3105 3683 participatione
3175 3612 3386 3680 imperii
3457 3610 3606 3664 omni

2034 3707 2213 3762 studio
2246 3719 2464 3773 cupere,
2502 3720 2564 3756 ac
2613 3704 2664 3756 in
2699 3718 2763 3757 eo
2790 3706 2924 3757 verti
2967 3703 3235 3758 fortunam
3271 3705 3609 3772 Saitttemque

2039 3797 2308 3867 propriam
2341 3795 2564 3849 ducere.
2593 3795 2668 3847 Eo
2701 3795 2847 3847 illum
2884 3795 3181 3848 incitabant
3213 3797 3407 3865 partim
3435 3796 3611 3848 immi-

2038 3905 2152 3955 nes,
2207 3889 2400 3956 partim
2436 3890 2562 3954 ipsa:
2595 3903 2700 3941 res.
2753 3887 2973 3956 Eulogia
3019 3889 3265 3942 videlicet
3304 3889 3424 3957 ejus
3454 3905 3610 3943 soror

2037 3981 2248 4034 nullum
2292 3979 2528 4032 iaciebat
2580 3978 2747 4030 tinent
2793 3978 2910 4047 ejus
2958 3980 3263 4046 iniquitatis
3295 3981 3606 4037 suadendw.

2036 4069 2382 4124 Andronicus
2415 4080 2592 4122 autem
2636 4083 2787 4136 ptter,
2843 4069 2981 4121 [ilius
3017 4070 3365 4136 imperatoris
3412 4070 3608 4123 Pala-o-

2035 4160 2168 4230 logi,
2211 4174 2464 4214 crescens
2519 4159 2571 4212 itt
2621 4160 2735 4212 dies
2772 4175 2866 4228 Spe
2900 4159 3186 4227 indoleqne
3227 4161 3385 4223 bona,
3445 4166 3609 4213 tacito

2037 4254 2120 4305 sui
2158 4259 2377 4319 aspectu
2412 4259 2613 4320 patrem
2647 4252 2861 4302 assidue
2895 4249 3050 4320 167
3085 4249 3418 4315 stimulabat,
3454 4251 3606 4318 quasi

2039 4345 2336 4412 deprecans
2377 4359 2441 4396 ne
2487 4359 2544 4398 sc
2586 4343 2852 4412 privatum
2886 4343 3198 4396 adoleswre
3246 4344 3605 4410 permitteret.

2041 4436 2157 4502 Quo
2192 4444 2396 4489 tantum
2427 4435 2888 4501 commovebatur,
2933 4445 2987 4487 ttt
3019 4435 3199 4488 videre
3229 4434 3606 4488 cltarissitmrn

355 4523 489 4585 lt'm.
531 4535 823 4578 autumans
849 4526 1158 4587 allaturum,
1197 4538 1254 4580 ιιι
1286 4529 1442 4594 solet,
1473 4531 1671 4597 aliqttid
1702 4531 1843 4584 forte
1877 4533 1927 4584 in
1960 4521 2010 4580 D
2040 4531 2089 4582 ιιι
2118 4546 2203 4580 um
2243 4538 2514 4594 expertem
2543 4528 2742 4582 sumini
2780 4529 3006 4581 honoris
3049 4543 3158 4581 rem
3212 4527 3373 4597 plane
3415 4507 3608 4580 intule-

356 4633 467 4668 rent
507 4632 612 4670 non
660 4617 1060 4672 incommodum
1104 4629 1314 4688 tempus
1357 4623 1531 4692 ipsum
1565 4639 1624 4677 ac
1675 4640 1928 4690 moram;

360 4724 482 4775 quze
539 4719 593 4762 ut
657 4709 868 4778 longior
924 4715 1306 4780 contingeret,
1354 4715 1628 4770 antistites
1683 4717 1824 4770 inter
1877 4733 1936 4770 se

357 4801 682 4853 commissos
719 4802 1019 4868 admonuit,
1048 4805 1237 4857 darent
1267 4820 1486 4874 Operam
1521 4817 1728 4860 ntature
1757 4811 1937 4863 consi-

358 4893 616 4944 derandis
644 4894 879 4958 cunctis,
940 4910 1040 4948 nec
1072 4895 1445 4950 deliberationi
1491 4897 1651 4952 ﬁnem
1685 4900 1932 4968 impone-

363 4986 673 5049 rettqnoad
693 5002 882 5038 omnes
909 4987 974 5040 ad
995 5004 1154 5039 unum
1182 4987 1234 5039 in
1255 4989 1575 5042 concordem
1603 4992 1928 5044 sententiam

363 5077 735 5132 convenirent.
779 5077 896 5146 Ipse
951 5079 1059 5132 alio
1090 5095 1250 5134 curas
1284 5081 1441 5133 vertit
1500 5082 1563 5134 ad
1618 5082 1930 5136 instantium

362 5165 906 5232 administrationem,
953 5171 1093 5224 haud
1162 5181 1336 5224 tamen
1389 5174 1686 5225 attentione
1718 5176 1934 5242 penitus

362 5272 552 5308 aret-sa
584 5259 650 5310 ab
676 5259 740 5312 iis
769 5277 886 5327 ιιιιιι»
919 5262 970 5314 itt
1013 5265 1217 5331 synodo
1262 5279 1289 5316 a
1333 5262 1581 5318 Patribtts
1622 5276 1930 5332 agerentur.

364 5369 502 5415 quos
559 5354 714 5419 quad
771 5353 985 5408 futtivis
1029 5357 1330 5418 obtutibus,
1385 5354 1530 5406 aliud
1591 5358 1714 5411 licet
1764 5375 1927 5428 agt-rc

366 5447 654 5510 simulans,
691 5449 922 5514 perrexit
957 5452 1264 5504 observare.

368 5558 459 5611 55.
503 5555 567 5612 Ut
599 5559 884 5628 imperator
907 5579 1122 5620 puerum
1155 5563 1418 5617 Joannem
1470 5566 1715 5617 amoretit
1746 5581 1764 5628 ;
1801 5573 1847 5619 ei
1881 5573 1935 5616 ιιι

619 5627 776 5682 Italis
807 5633 1128 5685 domicilium
1159 5637 1469 5687 attributum
1505 5635 1689 5702 fuerit.

437 5716 570 5772 Nam
627 5721 768 5788 quod
825 5723 1236 5778 macltinahatur
1300 5727 1516 5791 animo,
1582 5725 1928 5793 acquiescere

351 5809 545 5888 ~ip-unt
595 5811 648 5865 itt
694 5828 748 5867 rc
783 5813 878 5867 tali
927 5823 981 5868 et
1030 5813 1206 5869 nimia:
1239 5817 1444 5870 ﬁducia:
1482 5818 1771 5872 indot'tnire
1828 5833 1930 5868 ttott

2038 4623 2258 4673 randam
2293 4624 2679 4675 arbittaretur.
2732 4617 3275 4674 Veltemenlissimum
3303 4635 3464 4689 porro
3504 4637 3606 4672 ma~

2039 4713 2371 4767 chinationis
2424 4713 2796 4781 injttstissimze
2848 4713 3178 4766 incentivum
3232 4723 3347 4766 erat
3416 4701 3610 4776 ingens

2046 4806 2268 4858 ambitio
2321 4815 2374 4857 et
2438 4805 2814 4873 intempestiva
2870 4805 3118 4874 superbia
3179 4804 3448 4856 moderari
3508 4805 3608 4856 sibi

2036 4908 2197 4964 atque
2268 4897 2407 4948 intra
2477 4896 2608 4948 ﬁnus
2659 4911 2823 4962 atquae
2874 4894 3263 4948 mediocritatis
3313 4910 3371 4946 se
3429 4905 3609 4947 tenere

2034 4985 2422 5055 dedignantis;
2465 4984 2551 5036 eui
2587 4993 2902 5052 prmtextttm
2947 4974 3296 5048 coloremque
3327 4980 3606 5047 cupiditati

2036 5079 2278 5133 fucandae
2317 5079 2639 5144 suggerebat
2671 5076 2906 5145 aliquem
2935 5075 3272 5140 recnperatio
3304 5075 3608 5139 ttrbis,q:t:e

2035 5174 2190 5226 sedes
2225 5182 2370 5225 esset
2439 5169 2652 5237 imperii
2696 5170 2988 5236 praecipua,
3042 5167 3193 5233 quasi
3247 5181 3307 5217 ea
3350 5166 3607 5231 capienda

2035 5267 2253 5333 proprie
2304 5264 2356 5317 in
2407 5263 2621 5330 imperii
2670 5266 2919 5314 thronum
2969 5261 3326 5317 ascendisset,
3360 5271 3421 5310 ac
3455 5270 3509 5306 ιιι
3555 5257 3631 5306 in.

2034 5373 2151 5411 Cant
2213 5357 2407 5420 solus,
2480 5356 2614 5409 sttis’
2649 5355 2834 5420 utique
2903 5363 3264 5419 expugnatam
3319 5349 3605 5416 auspiciis,

2035 5460 2291 5502 evocatus
2323 5461 2487 5508 esset,
2520 5449 2595 5499 sic
2643 5447 2908 5512 imperare
2961 5444 3107 5498 solus
3155 5444 3204 5494 in
3237 5460 3296 5496 ea
3329 5453 3381 5498 et
3423 5457 3488 5495 ex
3547 5459 3607 5496 ra

2038 5544 2279 5594 deberet.
2337 5539 2505 5592 Porro
2546 5539 2596 5590 id
2634 5535 2972 5604 propositum
3027 5535 3262 5590 habebat
3319 5537 3370 5589 in
3407 5550 3606 5588 arcano

2037 5630 2529 5702 indeprehensibilc
2562 5623 2750 5696 primis
2789 5628 3068 5680 obtutibus
3099 5631 3520 5681 occurrentium.
3547 5625 3601 5678 Si

2035 5722 2126 5790 qtti
2187 5730 2362 5773 tamen
2428 5721 2662 5788 pcttititts
2714 5717 3152 5784 introspicereut,
3209 5736 3328 5772 cum
3374 5733 3438 5770 ex
3483 5717 3603 5770 aliis

2037 5813 2227 5876 signis,
2261 5821 2370 5864 lunt
2412 5827 2472 5866 ex
2507 5828 2572 5866 en
2612 5809 2751 5874 quod
2787 5825 2968 5864 secum
3013 5807 3276 5864 Joannem
3333 5812 3382 5863 itt
3418 5810 3600 5863 urbem
