3926 6532
378 378 483 442 (ill

1586 379 1911 441 GEORGII
1958 377 2434 440 PACIIYMER/E

3510 378 3610 439 6i?!

378 494 452 563 μὴ
479 491 630 547 ταῦθ’
664 488 1092 561 ὕπισχνούμενον
1121 491 1377 543 ἐκτελεῖν.
1435 489 1494 542 1-2ί
1528 488 1585 542 δέ
1628 505 1691 556 γε
1722 488 1796 559 μὴ
1828 489 1946 540 πεί·
1976 493 2018 549 Α
2047 487 2121 550 ὼς
2154 488 2312 542 τοῦτο
2339 487 2436 557 μιν
2467 485 3074 555 προσαναπαυσὸμενος,
3106 484 3264 539 τοῦτο
3293 486 3349 540 δὲ
3393 490 3476 541 κα“
3518 492 3613 552 τᾶς

374 585 540 646 (tono,
590 581 863 651 αὔταρκες
916 579 1051 650 πρὸς
1106 580 1315 632 ἐκεῖνον
1358 575 1498 631 εἷναὶ
1522 578 1570 631 οἱ
1609 578 1669 629 τὸ
1695 576 1941 641 ἀξιῶσαι.

374 673 651 735 Τοιούτοις
694 669 985 741 τοιγαροῦν
1019 671 1047 722 ὁ
1077 670 1377 740 βασιλεύων
1421 667 1839 740 συγκροτηθεὶς,
1866 668 1945 721 ἐτι

372 764 482 814 τῶν
505 760 805 831 ἀρχιερέων
836 758 1267 827 διαφωνούντων,
1297 758 1645 827 προστίθεται
1669 756 1762 809 καὶ
1784 757 1943 818 αὐτὸς

373 857 485 914 τοῖς
508 855 714 905 ἐκεῖνον
756 851 1168 920 ψηφιζομένοις,
1207 851 1298 903 καὶ
1332 847 1676 920 ἀμφιρρέπει
1706 850 1775 901 τὰ
1814 848 1944 916 τῇδε

374 945 756 1012 προστιθέντος
812 942 903 995 τοῦ
945 942 1225 1011 βασιλέως.
1275 941 1512 1011 Θὰτερον
1564 940 1620 992 δὲ
1654 938 1818 1009 μέρος
1869 937 1945 999 ὡς

374 1034 686 1102 ἀσθενῆσαν
733 1032 980 1086 ἐντεῦθεν
1033 1030 1543 1097 συγκατακλίνεται,
1600 1030 1691 1080 καὶ
1746 1027 1945 1097 μᾶλλον

375 1128 462 1180 ὅτε
493 1127 586 1179 ἐπὶ
618 1127 800 1195 ῥητοῖς
834 1125 971 1193 πρὸς
1011 1124 1272 1193 βασιλέως
1304 1124 1397 1173 καὶ
1425 1124 1521 1190 τῆς
1569 1119 1786 1171 συνόδου
1846 1135 1946 1171 κα-

375 1220 536 1272 λοῖτο.
571 1215 681 1270 Ἤν
710 1219 819 1288 γὰρ
850 1217 942 1269 καὶ
987 1202 1165 1277 αὐτοῖς
1213 1215 1357 1277 ίδίως
1409 1212 1946 1281 προσαπαιτούμενον

376 1314 712 1381 ἀμνημονεῖν
747 1310 847 1378 μέν
876 1323 1022 1375 σφισι
1051 1308 1149 1375 τῆς
1189 1307 1298 1358 εἴτε
1327 1304 1656 1375 προπετείας
1683 1302 1780 1356 εῐτ’
1829 1302 1946 1355 ἀδι-

377 1404 498 1464 κίας
528 1400 635 1471 χρὴ
663 1401 862 1468 λέγειν,
902 1401 995 1451 καὶ
1020 1397 1333 1467 παραυτίκα
1392 1397 1667 1448 κοινωνεῖν
1719 1395 1946 1457 ἐκείνοις

376 1496 483 1549 τῶν
518 1494 678 1564 ἱερῶν
710 1493 951 1554 καὶτοὺς
987 1492 1135 1559 παρὰ
1166 1489 1258 1542 τοῦ
1289 1490 1602 1558 Νικηφόρου
1632 1502 1944 1557 χειροτονη-

378 1588 570 1649 θέντας
606 1586 880 1656 δέχεσθαι,
907 1586 998 1637 καὶ
1032 1583 1106 1653 μὴ
1136 1582 1339 1651 σχίζειν
1379 1581 1476 1651 τὴν
1508 1580 1837 1650 Ἐκκλησίαν
1882 1578 1945 1631 ἐκ

378 1697 520 1741 τινος
557 1678 920 1749 μικροψυχίας
954 1675 1156 1745 μηδένα
1207 1674 1440 1744 ἐχούσης
1494 1672 1703 1743 καιρόν.
1761 1671 1945 1724 Ταῦτα

381 1773 661 1834 συνθέντες
696 1769 1081 1823 ἀποστέλλουσι
1109 1768 1235 1830 τοὺς
1282 1765 1747 1833 ἀπαγγελοῦντας.
1810 1763 1869 1815 ’0
1900 1762 1944 1815 δ’

379 1863 453 1924 ὡς
483 1864 683 1931 ἤκουσε
705 1862 812 1912 τῶν
844 1858 1287 1929 διαμηνυμάτων,
1308 1858 1520 1925 πρῶτον
1551 1854 1648 1923 μὲν
1669 1851 1950 1923 ἐσχετλία-

382 1953 474 2017 ζεν
506 1953 783 2006 είκαλοῖτο
801 1946 1341 2020 προσαπαιτούμενος
1362 1947 1458 1999 καὶ
1484 1945 1559 2015 μὴ
1581 1944 1951 2013 παρακαλοῖτο

383 2042 713 2111 συγγνώμην
744 2042 851 2094 τῶν
904 2037 1311 2110 ἡμαρτημένων
1345 2038 1647 2107 παρασχεῖν
1676 2050 1689 2065 '
1742 2035 1803 2087 τὸ
1853 2033 1954 2104 μὲν

382 2137 488 2205 γὰρ
550 2135 758 2186 δίκαιον
810 2132 1043 2201 ἐχόντων
1090 2130 1176 2198 ἐφ’
1222 2124 1303 2190 οἷς
1344 2127 1585 2197 ἔπραξαν
1621 2121 1784 2188 εἶναι,
1816 2126 1878 2179 τὸ
1907 2126 1953 2180 δ’

382 2224 756 2296 ἁμαρτόντων.
818 2222 1007 2293 Ὅμως
1085 2220 1566 2291 παρακαλούμενος
1613 2220 1951 2289 ἐπραΰνετο,

383 2321 478 2371 καὶ
508 2319 724 2384 ἕτοιμος
755 2311 823 2385 ἦν
858 2313 992 2383 πρὸς
1018 2312 1077 2364 τὸ
1106 2312 1469 2382 προσχωρεῖν.
1512 2308 1656 2379 Πλὴν
1689 2309 1826 2380 πεζῇ
1855 2309 1955 2378 τὴν

386 2408 611 2477 πορείαν
646 2406 855 2459 ἐκεῖθεν
880 2402 1144 2475 διηνυκὼς
1177 2404 1233 2454 ὲν
1263 2405 1372 2466 τοῖς
1411 2400 1694 2469 Ῥουφίνου
1724 2399 1953 2467 γίνεται,

387 2590 655 2637 metueret
703 2595 767 2635 ne
816 2580 956 2635 alius
991 2580 1042 2632 in
1084 2576 1444 2648 patriarcltam
1493 2575 1683 2631 iterum
1731 2590 1789 2630 se
1835 2574 1957 2629 vivo

386 2675 699 2743 eligeretur,
724 2679 877 2739 prout
899 2670 1008 2737 jam
1034 2666 1199 2722 semel
1223 2674 1334 2720 erat
1361 2662 1582 2726 factum,
1600 2674 1654 2718 et
1680 2663 1731 2716 id
1755 2663 1954 2715 malum

389 2762 739 2833 praevertendi
770 2761 944 2815 oblata
969 2760 1250 2813 occasione
1281 2755 1415 2812 foret
1443 2757 1744 2827 gavisurus.
1773 2753 1957 2809 Tertia

387 2864 505 2908 erat
537 2857 723 2923 patriae
757 2854 1012 2911 cltaritas.
1045 2866 1150 2920 qua
1189 2865 1309 2905 eum
1336 2849 1613 2904 sollicitari
1650 2848 1713 2901 ad
1747 2848 1961 2902 deside-

390 2946 617 3000 randum
659 2946 712 2999 in
761 2945 948 2999 urbem
996 2943 1106 3011 jam
1161 2951 1431 3010 receptant
1471 2939 1756 2993 adventum
1803 2955 1958 2993 suum

394 3053 615 3092 necesse
636 3047 789 3101 erat;
822 3037 895 3089 uti
925 3045 974 3090 et
1007 3035 1318 3097 verisimile,
1350 3033 1428 3086 sic
1463 3031 1712 3085 aﬂ‘ectum
1745 3034 1962 3085 minime

388 3139 763 3183 recusaturum
797 3128 1031 3181 oblatam
1067 3124 1429 3178 conditionem
1475 3123 1807 3193 regrediendi
1837 3138 1957 3176 eum

391 3232 600 3272 summo
617 3217 894 3284 splendore
924 3217 975 3269 in
1002 3213 1226 3283 patriam
1247 3212 1643 3277 charissimam,
1669 3212 1961 3279 praesertim

391 3328 512 3365 cum
547 3310 869 3378 intelligeret
893 3325 953 3360 ea
983 3305 1178 3375 rejecta
1210 3306 1309 3359 sibi
1343 3320 1488 3373 spem
1527 3305 1724 3357 nullam
1757 3312 1965 3356 restare

393 3403 580 3470 patria:
614 3401 762 3454 urbis
809 3414 1042 3468 unquam
1090 3398 1402 3452 reviseudw.
1439 3397 1495 3450 Si
1545 3407 1724 3449 autem
1763 3395 1849 3450 ille
1886 3397 1964 3449 sic

394 3497 651 3549 invitatus
703 3493 987 3545 admittere
1029 3490 1206 3544 oblata
1252 3498 1306 3544 et
1355 3489 1518 3556 petita
1567 3486 1807 3554 polliceri
1856 3502 1962 3540 non

393 3585 671 3638 induceret
697 3582 748 3635 in
785 3582 1043 3645 animum,
1077 3579 1244 3650 ipsam
1278 3588 1454 3633 tamen
1487 3579 1639 3631 istatn
1670 3578 1963 3647 supplicem

396 3676 763 3730 imitationem
798 3674 1001 3727 idoneae
1042 3673 1106 3725 ad
1156 3670 1403 3740 populum
1450 3670 1814 3725 excusationis
1847 3670 1964 3725 loco

397 3767 515 3821 fere
562 3769 628 3821 ad
680 3768 1021 3818 avertendam
1086 3763 1154 3817 ab
1202 3763 1444 3831 Augusto
1491 3764 1701 3832 culpam
1750 3776 1961 3817 omnem

395 3858 554 3913 oliicii
590 3858 836 3927 neglecti,
863 3867 917 3910 et
953 3867 1117 3910 totam
1153 3853 1407 3908 invidiam
1440 3853 1492 3908 in
1534 3869 1657 3907 eum
1691 3855 1778 3922 qui
1812 3868 1963 3908 com-

394 3952 620 4022 pellatus
652 3952 913 4005 renuissct
945 3950 1365 4001 exonerandam.
1398 3948 1453 4000 in
1484 3947 1625 4001 hunc
1654 3947 1824 4002 l'ertne
1853 3963 1967 4001 mo-

398 4046 522 4097 dum
547 4042 807 4097 subducta
831 4056 1010 4095 secum
1037 4039 1331 4109 imperator
1358 4038 1706 4092 consiliorum
1730 4051 1961 4104 summa,

397 4134 666 4202 ingressus
692 4133 951 4203 synodum
995 4129 1239 4185 bifariam
1273 4129 1498 4183 scissam
1528 4128 1814 4184 contrariis
1842 4143 1967 4184 aen-

400 4222 599 4287 tentiis,
639 4223 828 4275 horum
880 4221 1270 4284 remeantium,
1317 4218 1532 4272 illorum
1564 4218 1963 4272 exclutlentium

396 4311 703 4378 Arseuium,
760 4312 874 4381 ipse
920 4312 984 4364 ad
1032 4318 1348 4364 revocantes
1397 4322 1457 4362 se
1502 4308 1740 4379 adiungit
1782 4317 1837 4363 et
1882 4309 1965 4364 sui

399 4404 708 4458 accessione
751 4402 992 4471 sull‘ragii
1022 4400 1175 4471 quasi
1208 4407 1480 4452 momento
1509 4397 1666 4453 alteri
1697 4397 1838 4453 lanci
1867 4400 1966 4453 ad-

400 4499 515 4547 di'o
560 4501 783 4547 eatenus
849 4492 1114 4560 ambigua:
1159 4487 1561 4543 deliberationis
1604 4486 1965 4556 aequilibrium

402 4583 686 4653 depressit,
717 4582 1094 4637 accedentibus
1139 4596 1259 4634 mox
1305 4594 1519 4649 quoque
1546 4581 1634 4651 qui
1678 4580 1964 4633 Arsenium

401 4678 762 4741 excluseraut,
797 4675 1094 4742 praesertim
1133 4673 1218 4726 ubi
1251 4687 1346 4744 per
1376 4673 1662 4744 synodum,
1696 4678 1971 4742 satageute

400 4771 746 4837 imperatore,
781 4767 1016 4835 ipsorum
1047 4774 1102 4820 et
1130 4768 1402 4820 securitati
1443 4776 1497 4819 et
1533 4766 1717 4819 honori
1749 4776 1964 4818 cautum

401 4876 486 4917 est
534 4862 746 4916 abunde
783 4863 994 4915 decreta
1045 4858 1315 4914 oblivione
1368 4872 1536 4925 nuper
1590 4866 1865 4918 actorum,
1915 4864 1972 4909 et

400 4956 613 5009 sancito
645 4968 711 5006 ne
750 4954 998 5021 cuiquam
1034 4951 1206 5005 fraudi
1235 4951 1374 5005 [oret
1405 4951 1513 5014 illa,
1548 4950 1662 5004 sive
1704 4948 1967 5016 iniustitia

402 5048 517 5098 sive
550 5044 827 5099 temeritas
860 5043 1086 5097 dicenda
1128 5050 1293 5107 esset,
1324 5056 1428 5110 qua
1473 5040 1643 5094 fuerat
1678 5040 1760 5094 vel
1802 5054 1970 5093 exan-

404 5148 646 5187 ctoratus
669 5134 932 5188 Arsenius
957 5133 1040 5187 vel
1058 5131 1391 5202 Nicephorus
1410 5132 1631 5185 electus.
1655 5131 1971 5185 Communio

407 5227 564 5296 172
614 5242 825 5296 quoque
860 5215 1054 5281 'subito
1100 5224 1581 5280 excommunicatis
1636 5238 1702 5275 eo
1751 5223 1971 5275 nomine

404 5322 632 5372 reddita.
684 5316 950 5371 Statutum
1001 5317 1162 5369 etiam
1212 5324 1271 5368 ut
1316 5313 1549 5368 ordinati
1596 5327 1627 5366 a
1666 5310 1972 5379 Nicepltoro

405 5410 796 5475 reciperentur,
831 5422 896 5462 ue
944 5406 1319 5476 intempestiva
1378 5404 1688 5459 morositate
1728 5401 1973 5457 Ecclesia

403 5500 761 5552 scinderetur.
795 5498 889 5552 His
931 5500 1238 5553 constitutis
1284 5498 1472 5567 synodi
1525 5494 1711 5549 Patres
1755 5494 1974 5546 mittunt

402 5592 467 5643 ad
497 5590 785 5643 Arsenium
815 5592 905 5659 qui
941 5591 1115 5659 ipsum
1159 5594 1225 5643 ad
1274 5588 1499 5642 reditum
1550 5586 1796 5639 invitent.
1829 5584 1974 5648 Quos

403 5683 491 5737 ille
537 5690 594 5735 ut
642 5682 868 5748 audivit,
918 5684 1147 5751 primum
1201 5680 1440 5751 graviter
1492 5679 1636 5733 ferre
1684 5677 1831 5731 visus
1865 5683 1969 5743 est,

403 5774 545 5843 quod
582 5781 788 5829 tantum
832 5773 1177 5840 invitaretur,
1210 5787 1315 5829 non
1356 5770 1523 5827 etiam
1570 5776 1849 5838 rogaretur
1874 5782 1971 5822 ve-

2048 579 2370 649 ἁποκρίσεις
2413 577 2788 649 ἑντελέστερον
2825 579 2891 631 ἐκ
2923 578 3019 631 τοῦ
3044 579 3379 649 παρασχεδὸν
3425 579 3613 632 δώσων

2046 669 2134 739 ἔφ’
2164 664 2246 733 οἷς
2273 668 2539 740 ἀπῄτητο.

2050 781 2115 854 β’.
2161 783 2354 846 Ὅπως
2378 780 2778 850 μετακληθεὶς
2805 783 2840 854 _d
2868 781 3237 854 πατριάρχης
3264 784 3350 847 εις
3378 782 3493 848 τὴν
3512 786 3619 854 πό-

2084 855 2188 905 λιν
2218 847 2545 920 εἰσάγεται,
2581 847 2678 905 καὶ
2707 847 2917 920 στέφει
2955 847 3266 914 adma—tor
3295 847 3580 917 βαι-αέα.

2120 942 2239 1015 [P.l
2258 942 2343 1015 l5]
2362 944 2568 996 Ἐκεῖσε
2595 944 2883 1015 τοιγαροῦν
2907 945 3278 1014 πεμπομένων
3295 947 3432 1017 πρός
3451 964 3510 998 τε
3531 950 3620 1001 τοῦ

2049 1034 2312 1105 βασιλέως
2341 1037 2434 1088 καὶ
2459 1035 2558 1104 τῆς
2583 1035 2821 1100 συνόδου,
2854 1038 2947 1088 καὶ
2974 1038 3306 1106 κινουμένων
3323 1037 3429 1089 τῶν
3452 1041 3622 1108 ζητη-

2057 1128 2262 1197 μάτων,
2280 1131 2308 1180 ὁ
2323 1126 2377 1179 δὲ
2396 1126 2464 1180 τὰ
2485 1127 2583 1197 μὲν
2613 1126 2788 1192 διδοὺς
2809 1127 2876 1180 τὰ
2903 1127 2960 1181 tu
2980 1130 3073 1181 καὶ
3106 1130 3622 1197 προσυποσχόμενος

2049 1219 2370 1288 περαιοῦται
2392 1235 2448 1271 τε
2471 1218 2572 1288 τὴν
2596 1218 2876 1290 ταχίστην,
2912 1220 3007 1272 καὶ
3034 1219 3131 1287 τῆς
3181 1219 3389 1281 πόλεως
3429 1217 3622 1279 ἐπιϐὰς

2045 1312 2210 1384 ψήφῳ
2246 1314 2398 1381 κοινῇ
2431 1311 2525 1365 καὶ
2554 1312 2744 1381 γνώμῃ
2761 1310 2859 1381 τὴν
2906 1310 3234 1378 Ἐκκλησίαν
3263 1308 3623 1378 καταλαμόἀ.

2046 1422 2148 1458 νει.
2192 1404 2412 1474 Πρῶτος
2465 1401 2557 1455 οὖν
2620 1404 2648 1453 ὁ
2678 1401 2925 1470 βασιλεὺς
2954 1400 3387 1468 ἀπςλογούμενος
3432 1399 3626 1468 ἐκείνῳ

2047 1501 2175 1569 περὶ
2194 1495 2302 1549 τῶν
2328 1494 2681 1564 πραχθέντων
2712 1494 2972 1562 μεγάλαις
2998 1492 3199 1565 ἧγαλλε
3250 1495 3366 1554 ταῖς
3410 1494 3624 1560 τιμαῖς.

2048 1590 2141 1644 καὶ
2170 1589 2290 1650 ταῖς
2312 1587 2393 1649 είς
2422 1586 2522 1657 τὴν
2560 1583 2886 1656 Ἐκκλησίαν
2907 1584 3188 1655 προσόδοις
3210 1584 3391 1651 ἐτίμα.
3430 1584 3545 1636 Καὶ
3569 1582 3627 1634 τὸ

2050 1682 2147 1753 μὲν
2179 1679 2324 1751 ἱερὸν
2356 1680 2503 1734 ἆπαν
2534 1678 2814 1748 μετεποίει
2851 1680 2984 1747 arpi;
3015 1678 3116 1745 τὴν
3144 1677 3419 1745 προτέραν
3456 1674 3629 1727 κατά-

2057 1788 2272 1834 στασιν,
2291 1768 2566 1840 ἐκτραπὲν
2594 1768 2687 1820 ἐπὶ
2711 1766 2924 1829 πολλοῖς
2941 1766 3089 1835 παρὰ
3105 1764 3215 1818 τῶν
3243 1764 3483 1819 Ἰταλῶν.
3521 1765 3628 1817 Καὶ

2052 1864 2116 1934 δὴ
2148 1864 2449 1932 ἐπιστήσας
2482 1862 2574 1913 τὸν
2616 1860 2847 1929 μοναχὸν
2891 1857 3118 1927 Ῥουχᾶν
3138 1896 3154 1921 ,
3184 1856 3356 1926 ἄνδρα
3386 1854 3629 1925 δραστή-

2055 1972 2170 2027 ριον
2194 1955 2285 2007 ἐπὶ
2317 1956 2429 2015 τοῖς
2452 1951 2739 2015 τοιούτοις,
2774 1949 2834 2003 τό
2867 1966 2926 2002 τε
2959 1950 3110 2021 βῆμα
3133 1948 3228 2002 καὶ
3250 1948 3517 2017 ἄμϐωνας
3536 1947 3630 2001 καὶ

2056 2047 2260 2100 σωλέαν
2286 2047 2382 2099 καὶ
2408 2044 2522 2099 ἄλλ’
2554 2044 2688 2098 ἄττα
2718 2043 3019 2113 βασιλικαῖς
3043 2040 3245 2104 ἱξόδοις
3270 2038 3629 2109 ἀνῳκοδόμει,

2054 2135 2190 2193 Εἶτα
2213 2137 2439 2200 πέπλοις
2464 2134 2558 2189 καὶ
2590 2134 2840 2187 σκεύεσιν
2882 2135 3048 2203 ἱεροῖς
3104 2132 3162 2185 τὸ
3216 2130 3360 2185 θεῖον
3405 2131 3632 2199 τέμενος

2057 2228 2291 2283 καθίστα
2323 2226 2458 2297 πρὸς
2513 2226 2575 2279 τὸ
2619 2223 3073 2294 εὐπρεπέστερον.
3120 2217 3251 2275 Εἶτα
3295 2221 3390 2274 καὶ
3447 2218 3632 2289 χώρας

2058 2318 2366 2389 προσετίθει
2394 2318 2461 2387 τῇ
2495 2314 2781 2384 ἐκκλησία,
2815 2313 3026 2382 φθάσας
3056 2312 3375 2383 προσθεῖναι
3418 2312 3517 2365 καὶ
3542 2309 3633 2363 ἅλ-

2056 2415 2154 2477 λας
2188 2412 2267 2476 είς
2290 2414 2388 2481 τὴν
2415 2408 2525 2463 τῶν
2568 2408 2883 2479 ὑμνοπὸλων
2906 2408 3238 2476 οἰκονομίαν,
3283 2406 3358 2467 ὠς
3422 2404 3500 2476 μὴ
3547 2407 3637 2458 ὲν-

2064 2587 2212 2642 ιιῖιιιιι
2245 2589 2375 2639 dare
2416 2584 2486 2639 ob
2524 2599 2585 2638 ea
2619 2599 2737 2651 quae
2783 2582 2836 2636 in
2870 2596 2929 2637 se
2972 2589 3192 2652 peccata
3237 2579 3474 2640 inerant,
3506 2594 3634 2633 t‘au-

2063 2680 2232 2733 βειιιιιο
2259 2676 2629 2730 imitationem
2654 2689 2856 2729 meram
2885 2688 3069 2727 eorum
3092 2686 3214 2727 esse
3234 2672 3321 2740 qui
3351 2687 3410 2727 se
3439 2672 3633 2726 nullius

2059 2772 2265 2842 peccati
2300 2770 2549 2825 conscios
2579 2769 2963 2839 proﬁterentur
2991 2785 3008 2822 :
3043 2784 3163 2820 nam
3200 2767 3247 2822 si
3277 2772 3637 2836 agnoscerent

2059 2860 2295 2929 Culpam,
2320 2860 2503 2928 utique
2527 2859 2965 2928 deprecarentur.
2989 2857 3193 2910 Tamen
3221 2872 3344 2911 cum
3378 2857 3482 2910 hac
3518 2857 3635 2925 ejus

2061 2950 2374 3019 exceptione
2419 2948 2679 3003 admoaiti
2728 2949 2883 3019 legati
2919 2963 3106 3017 preces
3146 2946 3306 3001 etiam
3356 2947 3634 3002 adhibuis-

2061 3053 2204 3107 sent,
2234 3041 2510 3111 mitigatus
2534 3056 2694 3094 senex
2720 3039 2966 3095 exhibuit
2999 3054 3056 3094 se
3079 3048 3386 3108 promptum
3411 3039 3482 3091 ad
3509 3053 3635 3091 cutt-

2070 3131 2196 3184 dtttn
2237 3146 2345 3199 quo
2386 3130 2700 3185 vocabatur.
2749 3127 2936 3198 Reque
2984 3127 3097 3197 ipsa
3146 3127 3341 3195 partim
3390 3128 3633 3181 terrestri

2067 3221 2258 3289 partim
2284 3222 2553 3276 maritimo
2575 3220 2766 3274 itinere
2789 3226 2854 3273 ad
2881 3218 3058 3273 Ruﬁni
3083 3202 3280 3286 praedia
3304 3232 3364 3272 se
3387 3216 3633 3280 contulit,

2065 3309 2146 3364 vel
2182 3310 2452 3378 paululum
2502 3308 2612 3364 illic
2639 3307 3014 3377 acquiescendi
3049 3322 3234 3370 causa,
3266 3308 3348 3361 vel
3375 3308 3504 3361 inde
3529 3311 3633 3360 ria-

2065 3403 2179 3455 rius
2214 3417 2276 3456 ex
2312 3402 2616 3471 propinquo
2649 3399 2958 3468 certiusque
2992 3400 3373 3469 respondendi,
3403 3398 3635 3466 cognitis

2063 3493 2365 3547 distinctius
2392 3508 2510 3562 qua:
2545 3501 2874 3560 peterentur.

2061 3607 2117 3662 2.
2154 3602 2219 3660 Ut
2243 3615 2515 3659 revocatus
2553 3605 2857 3672 patriarcha
2899 3605 3132 3659 invectus
3164 3604 3218 3658 in
3246 3605 3426 3659 urbem
3455 3605 3545 3671 ait,
3584 3610 3633 3658 et

2275 3676 2387 3729 illic
2421 3691 2605 3728 rursus
2647 3676 2977 3728 coronaveril
3021 3676 3417 3739 imperatorem.

2136 3763 2299 3835 Igitur
2321 3776 2616 3821 conventus
2646 3764 2754 3819 illic
2784 3765 3088 3833 patriarcha
3120 3765 3478 3834 legationibus
3508 3780 3626 3819 cum

2065 3858 2133 3913 ab
2166 3861 2488 3929 imperatore
2523 3865 2636 3920 tum
2664 3873 2692 3911 a
2732 3859 2935 3929 synodo
2967 3858 3166 3922 missia,
3207 3868 3434 3927 postque
3464 3858 3635 3912 disce-

2066 3949 2357 4020 ptationem
2410 3948 2551 4004 ultro
2601 3948 2848 4020 citroque
2910 3959 3233 4004 cunctorum
3292 3961 3629 4013 accuratam,

2065 4040 2261 4111 partim
2311 4041 2533 4110 largitus
2587 4042 2779 4110 partim
2824 4041 3093 4111 pollicitus
3126 4057 3245 4111 qua:
3289 4042 3632 4110 postulaban-

2068 4141 2174 4197 tur,
2206 4130 2456 4188 celeriter
2502 4133 2889 4197 translretavit,
2933 4142 2987 4188 et
3033 4133 3276 4187 invectus
3322 4135 3373 4185 in
3423 4134 3630 4196 urbem,

2067 4222 2527 4278 consentientibus
2562 4222 2673 4292 iam
2710 4224 2950 4277 omnium
2984 4226 3124 4279 votis
3160 4239 3225 4278 ac
3265 4224 3508 4289 calculis,
3539 4239 3633 4293 pa-

2068 4314 2414 4370 triarcltalem
2448 4329 2635 4370 rursus
2664 4315 2857 4370 insedit
2878 4316 3155 4375 thronum.
3180 4318 3255 4371 lbi
3279 4334 3403 4372 eum
3428 4320 3632 4388 primus

2070 4406 2387 4473 imperator,
2413 4413 2695 4476 postquam
2731 4405 3015 4476 diligenter
3043 4418 3353 4463 excusasset
3374 4423 3497 4478 quia;
3521 4417 3632 4462 acta

1997 4520 2043 4579 ο
2071 4496 2306 4561 fuerant,
2332 4497 2565 4554 demisse
2594 4508 2881 4554 veneratus
2909 4499 3192 4570 exquisitis
3239 4499 3418 4555 aﬂ‘ecit
3469 4502 3635 4556 ltouo~

2072 4588 2241 4652 r.bus,
2281 4598 2335 4644 et
2379 4588 2433 4643 in
2482 4589 2774 4644 liberaliter
2825 4606 2853 4644 a
2907 4606 2966 4647 se
3012 4591 3329 4647 collaturum
3387 4591 3632 4646 Ecclesiae

2072 4693 2353 4731 munerum
2400 4689 2859 4749 proventuumque
2904 4682 3300 4751 possessionem
3352 4684 3520 4737 misit.
3558 4682 3632 4736 Ac

2071 4782 2345 4821 sacrorum
2376 4768 2595 4835 quidem
2629 4778 2944 4839 apparatum
2970 4782 3023 4824 et
3054 4772 3476 4827 ecclesiasticam
3515 4787 3633 4841 sup-

2073 4855 2414 4924 pellectilettt,
2447 4856 2785 4912 imminutam
2840 4857 3023 4913 multis
3066 4858 3271 4914 aversis
3317 4874 3413 4930 per
3456 4860 3632 4923 Italos,

2072 4948 2330 5013 repowit,
2378 4956 2539 5018 atque
2593 4950 2643 5001 in
2700 4948 2983 5018 pristinum
3042 4947 3354 5005 reformavit
3414 4961 3631 5016 statum,

2073 5039 2357 5107 praeposito
2386 5040 2433 5093 ei
2471 5040 2543 5093 rei
2583 5042 2831 5094 curanda:
2880 5042 3142 5095 monacho
3178 5039 3381 5106 Ruclta,
3417 5043 3527 5096 viro
3556 5039 3633 5095 iu-

2070 5131 2298 5185 dustrio.
2350 5130 2505 5201 173
2544 5130 2768 5186 Oruavit
2810 5131 2877 5185 de
2926 5144 3065 5184 novo
3111 5133 3307 5198 altare;
3356 5134 3631 5186 amboueut

2069 5230 2123 5274 et
2143 5220 2365 5283 soleam,
2392 5234 2501 5273 ιιιιιι
2527 5220 2630 5275 alia
2652 5204 2920 5289 quardatn,
2949 5220 3137 5275 refecit
3159 5223 3321 5290 regiis
3343 5220 3628 5288 impensis;

2070 5310 2205 5365 velis
2233 5321 2488 5378 praeterea
2521 5321 2574 5364 et
2595 5310 2742 5365 vasis
2771 5313 2941 5365 sacris
2979 5310 3070 5365 Dei
3097 5314 3265 5366 aedem
3294 5313 3545 5367 instruxit
3565 5309 3627 5363 ad

2070 5403 2474 5457 convenientem
2524 5403 2759 5471 speciem
2809 5400 3106 5472 elegantiae.
3153 5402 3415 5473 A-ljunxit
3473 5405 3627 5457 etiam

2072 5507 2209 5546 nova
2247 5490 2498 5548 Ecclesiae
2534 5494 2755 5561 praedia,
2791 5506 2987 5564 praeter
3028 5510 3091 5550 ea
3136 5510 3256 5565 qua:
3301 5498 3447 5564 prius
3490 5493 3631 5549 attri-

2072 5587 2265 5639 buerat
2295 5586 2360 5639 ad
2390 5585 2644 5640 alimenta
2666 5597 2719 5641 et
2740 5588 3007 5658 stipendia
3027 5597 3305 5643 cantorum
3326 5602 3626 5643 sacrorum-

2072 5690 2177 5745 que
2202 5676 2599 5743 ministrorum,
2635 5692 2702 5732 ne
2729 5678 2763 5732 ii
2794 5680 3221 5734 necessariorum
3251 5688 3514 5751 pauentes
3540 5691 3627 5747 pe-

2075 5770 2285 5824 nuriam
2318 5768 2490 5826 ollicia
2535 5785 2632 5827 sua
2669 5771 3025 5844 negligentius
3057 5774 3289 5832 obirent.
3334 5772 3522 5829 Omnia
3568 5782 3625 5823 ea
