3926 6528
411 370 523 431 [ἷΙό
1345 383 1440 440 DE
1478 385 1862 441 .‘vlllillAELE
1905 385 1978 441 PA

2082 386 2362 445 EOLOGO
2402 388 2526 446 UB
2602 390 2706 449 lli.
3570 396 3672 446 his

414 487 556 549 δεῶς
577 487 646 539 τὰ
673 489 779 541 τῶν
811 489 1125 560 ἐπιτηδείων
1151 491 1364 561 ἔχοντες
1409 496 1676 563 ἀμελοῖεν.
1727 495 1786 548 '0
1813 496 1856 548 δ’
1889 498 1988 567 ἀρ·
2019 508 2061 559 Λ
2092 500 2350 571 Τοχάρων
2379 503 2615 562 Χαλαοὺ,
2639 501 2795 554 τοῦτο
2815 501 2867 554 δὲ
2896 503 2985 554 καὶ
3008 501 3138 570 πρὶς
3158 501 3246 554 τὸν
3272 501 3377 552 τῶν
3402 501 3674 556 Αἰθιότων

413 581 639 649 χιερεὺς
669 583 762 633 καὶ
786 582 860 644 ὡς
884 584 964 645 είς
992 585 1155 654 τιμὴν
1186 585 1286 654 μὲν
1307 587 1400 639 τοῦ
1427 588 1582 640 Θείου
1618 589 1790 642 ταῦτα
1837 591 1986 658 γινό-

415 687 559 736 μενα
592 673 827 734 συνόλως
862 676 1316 746 προσαπεδέχετο,
1341 679 1538 732 εἰδέναι
1585 680 1642 733 δὲ
1688 680 1783 734 καὶ
1829 684 1989 751 χάριν

415 759 588 823 ἰδίως,
620 761 694 824 ὡς
726 762 884 834 χάριν
907 767 1070 818 αὐτοῦ
1106 768 1329 835 γίνοιτο,
1364 771 1469 824 τῶν
1523 773 1747 825 εἰκότων
1803 775 1987 844 ἐνόμι-

411 852 533 916 ζεν.
567 853 731 908 Ὅθεν
766 859 858 909 καὶ
891 859 1105 926 στέφειν
1135 861 1292 930 ἦθελε
1322 862 1411 914 τὸν
1437 864 1664 930 διδόντα,
1692 866 1783 918 καὶ
1811 868 1987 937 ἀμνη-

415 947 602 1011 μονεῖν
629 945 735 998 τῶν
770 950 1116 1017 πραχθέντων
1163 956 1272 1016 τοῖς
1321 956 1667 1026 ἀρχιερεῦσιν
1718 957 1986 1024 ἐϐούλετο,

409 1036 528 1095 τοῖς
550 1036 604 1087 δέ
638 1053 697 1103 γε
724 1040 870 1107 παρὰ
893 1041 984 1092 τοῦ
1020 1041 1333 1112 Νικηφόρον
1378 1045 1829 1116 χειροθετηθεῖσιν
1894 1053 1987 1102 ἐκ·

411 1125 675 1196 χωρήσας
700 1128 766 1180 τὰ
798 1131 894 1198 τῆς
929 1133 1339 1204 ἀρχιερωσύνης
1373 1136 1605 1201 ἅπαντα,
1635 1141 1784 1208 παρὰ
1830 1143 1988 1208 μόνον

411 1216 478 1267 τὸ
506 1217 958 1289 συλλειτουργεῖν,
996 1225 1087 1275 ἐπὶ
1117 1226 1250 1276 πᾶσι
1276 1226 1387 1286 τοῖς
1415 1225 1594 1290 ἄλλοις
1627 1229 1826 1299 ἐχρῆτο
1856 1245 1870 1258 ·
1905 1225 1988 1283 εἷ-

409 1322 507 1358 ναι
538 1307 645 1376 γὰρ
675 1309 989 1378 νομίζεσθαι
1020 1313 1202 1368 δίκαια
1227 1316 1295 1369 τὰ
1342 1319 1421 1378 είς
1479 1319 1686 1372 ἐκεῖνον
1718 1321 1980 1391 πραχθέν-

410 1417 506 1458 τα,
539 1401 630 1452 καὶ
657 1403 802 1472 αύτῷ
831 1405 1124 1471 συνδοκεῖν,
1154 1409 1200 1459 εξ
1229 1409 1325 1478 τὴν
1351 1409 1442 1462 ἐπὶ
1469 1409 1560 1462 τοῦ
1586 1410 1827 1480 βήματος
1848 1415 1988 1464 ὲκεί-

412 1508 526 1542 νων
556 1496 838 1546 κοινωνίαν
873 1498 1244 1566 καταδέχοιτο.
1289 1500 1439 1552 Ἐπεὶ
1471 1503 1515 1554 δ’
1547 1503 1653 1554 ἔδει
1713 1505 1807 1556 καὶ
1861 1509 1988 1576 περὶ

412 1582 510 1632 τοῦ
545 1586 608 1634 ἐκ
649 1584 903 1657 δευτέρου
936 1589 1152 1656 στέφειν
1179 1591 1267 1644 τὸν
1299 1590 1517 1660 βασιλέα
1549 1594 1985 1662 κοινολογεῖσθαι,

413 1673 654 1742 ἑτοίμως
707 1677 804 1729 καὶ
849 1679 1000 1732 ταῦτ’
1056 1681 1239 1737 ἐδίδου.
1299 1686 1401 1737 Καὶ
1446 1685 1543 1752 μὲν
1594 1686 1657 1754 δὴ
1698 1689 1789 1741 καὶ
1820 1691 1988 1759 ἡτῶν

412 1763 642 1832 ἡμερῶν
667 1767 831 1834 κυρία
868 1771 1071 1839 παρῆν,
1097 1775 1191 1824 καὶ
1241 1777 1330 1827 ἐπὶ
1369 1776 1462 1828 τοῦ
1517 1779 1662 1845 ἱεροῦ
1727 1783 1988 1849 τεμένους

2094 594 2343 650 σουλτάν.
2377 594 2480 646 Τὸν
2511 594 2619 663 γὰρ
2651 594 2756 646 τῶν
2789 594 3014 664 Περσῶν
3047 594 3166 658 μεθ’
3194 593 3388 646 ἑαυτοῦ
3433 590 3547 662 εἶχε
3577 596 3670 646 τὸν

2105 686 2413 756 Ἀζατίνην,
2451 686 2544 740 ἐπὶ
2572 686 2671 754 τῆς
2699 686 2905 748 πόλεως
2939 685 3211 754 βλακικῶς
3243 686 3521 753 διάγοντα,
3553 684 3668 737 κώ.

2098 796 2219 848 μοις
2241 779 2335 832 καὶ
2360 780 2552 848 μέθαις
2575 778 2679 832 ἀνὰ
2729 780 2906 831 πᾶσαν
2942 778 3338 848 διημερεύοντα
3385 777 3623 846 ἄμφοδον
3650 793 3663 806 '

2094 871 2256 938 κενῆς
2280 869 2387 938 γὰρ
2410 868 2572 940 οὔσης
2596 868 2894 937 ἀνθρώπων
2921 870 3000 922 ἐτι
3025 869 3122 938 τῆς
3148 869 3354 932 πόλεως
3384 869 3664 921 συνέϐαινε

2093 961 2191 1022 τὰς
2238 962 2512 1031 ἁμφόδους
2567 962 2641 1025 ὡς
2689 961 2923 1033 ἐρημίας
2967 958 3128 1025 εἶναι,
3187 963 3270 1029 ἐφ’
3332 956 3418 1023 αἷς
3459 962 3664 1020 ἐκεῖνος

2094 1053 2287 1122 ἀνέδην
2309 1053 2611 1122 καθήμενος
2642 1055 2736 1106 σὺν
2756 1056 2865 1112 τοῖς
2889 1052 3196 1121 ἀμφάὖτδν
3228 1051 3439 1104 πολλοῖς
3455 1052 3550 1104 καὶ
3577 1069 3668 1120 μν-

2095 1145 2278 1211 γάλοις
2306 1143 2454 1198 οὖσιν
2477 1145 2712 1215 ὠργίαζέ
2736 1162 2796 1198 τε
2826 1146 2903 1214 τῷ
2935 1144 3168 1211 Διονύσῳ
3185 1143 3279 1196 καὶ
3310 1142 3662 1210 ἐμεθύσκετί.

2097 1236 2236 1305 Πρὸς
2260 1235 2390 1302 γοῦν
2424 1238 2665 1298 ἐκείνους
2696 1231 2808 1306 εἷχε
2846 1233 3333 1304 διαπρεσϐεύεσθαι
3371 1234 3460 1285 καὶ
3509 1229 3664 1293 αὖθις

2094 1327 2392 1395 λαμϐάνειν
2424 1327 2629 1380 ἐκεῖθεν
2681 1327 2957 1396 πρέσϐεις.
3009 1327 3097 1394 Τῷ
3133 1327 3228 1392 μὲν
3267 1324 3481 1376 Χαλαου
3525 1326 3661 1389 μετὰ

2092 1419 2187 1469 τοῦ
2231 1417 2462 1488 μονοιχοῦ
2495 1419 2590 1471 καὶ
2623 1419 2812 1488 ἱερέως
2840 1419 3143 1488 Πρίγκιπος
3174 1417 3403 1481 ἐξεδίδου
3448 1415 3546 1484 τὴν
3599 1416 3662 1465 ἐκ

2095 1508 2193 1573 τῆς
2221 1507 2712 1578 Διπλοὸατατζίνης
2741 1511 2802 1562 ἐκ
2838 1509 3046 1570 νοθείας
3085 1509 3244 1560 παῖδα
3277 1508 3517 1574 Μαρίαν.
3553 1506 3662 1556 Καὶ

2055 1611 2058 1614 “
2100 1600 2354 1670 Πρίγκιψ,
2392 1601 2819 1670 ἀρχιμανδρίτης
2844 1599 2918 1650 ὢν
2952 1601 3067 1651 τότε
3099 1602 3194 1668 τῆς
3229 1598 3319 1652 τοῦ
3350 1597 3662 1664 Παντοκρά-

2094 1708 2250 1759 τορος
2285 1691 2473 1760 μονῆς,
2510 1691 2615 1744 ὑπὸ
2648 1691 2913 1760 μεγάλαις
2939 1692 3260 1758 φαντασίαις
3295 1708 3352 1742 τε
3375 1691 3470 1741 καὶ
3497 1688 3660 1756 ἁϐρό·

2095 1799 2217 1848 τησι
2247 1781 2461 1851 σύναμα
2488 1785 2581 1835 καί
2612 1783 2826 1852 πλούτῳ
2856 1783 3180 1850 παντοδαπῷ
3209 1782 3310 1852 τὴν
3343 1783 3509 1851 κόρην
3535 1781 3660 1832 ὲκό-

415 1856 853 1928 μεγαλοπρεπῶς
883 1861 1096 1930 ἔστεφε.
1120 1867 1322 1936 Μνήμη
1351 1868 1394 1920 δ’
1426 1868 1524 1921 οὐκ
1555 1865 1623 1940 ἦν
1660 1871 1718 1923 τὸ
1770 1873 1987 1927 σύνολον
2021 1854 2061 1910 Β
2094 1874 2270 1943 μιζεν,
2307 1875 2701 1944 ἐπιφερόμενος
2751 1875 2845 1927 καὶ
2890 1873 3150 1944 σκηνικὴν
3180 1872 3284 1925 νεὼ
3317 1874 3380 1925 ὲκ
3439 1872 3659 1925 πέπλων

427 1945 699 2010 Ἰωάννου,
750 1948 886 2002 ἀλλὰ
945 1953 1142 2020 μᾶλλον
1188 1957 1280 2007 καὶ
1338 1957 1416 2026 τῷ
1474 1961 1711 2032 Καίσαρι
1772 1963 1990 2028 Ἀλεξίω

413 2040 1106 2112 προσεπεφιλοτίμητο,ὡς
1157 2045 1221 2098 δι’
1253 2047 1414 2100 αὑτοῦ
1462 2051 1692 2120 ἁλούσης
1748 2055 1846 2121 τῆς
1890 2057 1990 2108 πό-

409 2126 578 2190 λεως,
615 2129 673 2180 τὸ
695 2130 834 2199 μετά
863 2149 920 2184 τε
942 2135 1066 2196 τοὺς
1095 2135 1333 2203 βασιλεῖς
1367 2141 1460 2192 καὶ
1511 2141 1600 2194 τὸν
1644 2145 1989 2218 πατριάρχην

414 2221 481 2270 ὲν
524 2221 643 2282 ταῖς
681 2225 982 2286 συναπταῖς
1022 2227 1481 2296 μνημονεύεσθαι.

412 2338 487 2401 γ’.
515 2333 705 2399 Ὅπως
737 2338 772 2390 ὁ
792 2335 1096 2418 ,βασιλεὺς
1129 2339 1582 2418 διεπρεσϐεύετο
1611 2347 1756 2414 πρὸς
1805 2349 1985 2418 Τοχά-

587 2423 735 2472 ρους
763 2405 913 2472 κήδη
949 2409 1156 2472 ποιῶν,
1189 2405 1284 2464 καὶ
1323 2415 1470 2481 πρὸς
1509 2405 1808 2484 Αἰθίοπάς.

489 2493 576 2567 [Ρ.
604 2496 724 2568 HG]
759 2497 892 2550 Τότε
913 2498 976 2568 δὴ
993 2501 1068 2568 τῷ
1085 2501 1292 2570 βασιλεί
1314 2505 1419 2556 τῶν
1450 2510 1782 2576 πραγμάτων
1810 2512 1985 2574 καλῶς

413 2589 511 2640 καὶ
546 2589 620 2652 ὼς
655 2589 810 2659 ἤθελε
842 2593 1243 2658 καταστάντων,
1274 2597 1525 2664 ἐξήγοντο
1560 2602 1650 2652 καὶ
1685 2603 1819 2672 πρὸς
1861 2589 2003 2666 τοὺς

421 2682 646 2750 μακράν
683 2683 988 2752 πρεσϐεῖαι,
1025 2685 1180 2738 τοῦτο
1211 2688 1309 2758 μὲν
1333 2688 1464 2759 πρὸς
1497 2692 1585 2743 τὸν
1614 2694 1844 2762 ἄρχοντα
1879 2696 1984 2748 τῶν

405 2857 728 2924 patriarcha
772 2871 826 2915 et
873 2871 928 2916 nt
971 2864 1022 2919 in
1071 2864 1163 2920 Dei
1208 2869 1460 2924 honorem
1509 2870 1645 2927 facta
1681 2875 1985 2944 donataque

415 2951 668 3018 religiose
714 2970 776 3007 ac
821 2955 1112 3015 liberaliter
1135 2960 1528 3028 iucundissime
1563 2971 1800 3033 admisit,
1834 2983 1884 3023 et
1928 2979 1983 3024 ut

416 3041 470 3097 in
519 3044 601 3096 sui
653 3061 865 3116 quoque
929 3053 1156 3119 gratiam
1210 3057 1502 3112 studiosius
1552 3061 1788 3130 impensa
1833 3073 1982 3130 grate

2094 1963 2365 2031 στιϐαρῶν
2399 1965 2659 2033 μετάξης,
2703 1964 2803 2026 τὰς
2840 1963 2895 2016 δέ
2952 1971 3016 2029 γε
3061 1964 3172 2016 τῶν
3223 1961 3394 2030 ἁγίων
3444 1963 3659 2032 μορφὰς

2089 2054 2274 2123 χρυσῷ
2307 2055 2673 2125 πεποιημένας
2706 2055 2917 2124 ἔχοντα,
2981 2058 3232 2123 σταυροῖς
3289 2057 3377 2107 καὶ
3428 2055 3660 2124 σχοίνοις

2090 2145 2504 2215 ἐρηρεισμένας,
2526 2147 2618 2199 καὶ
2648 2145 2777 2212 ἅγια
2811 2145 2975 2214 σκεύη
3003 2145 3270 2213 πολύτιμα
3303 2144 3444 2197 κατὰ
3468 2144 3657 2212 χρείαν

2086 2238 2184 2306 τῆς
2217 2239 2364 2308 ἱράς
2399 2239 2606 2302 θυσίας.
2643 2241 2749 2292 Καὶ
2771 2239 2912 2292 οὕτω
2945 2239 3041 2308 μὲν
3071 2238 3206 2308 πρὸς
3254 2239 3315 2290 τὸ
3374 2238 3659 2306 μεγαλειό-

2087 2347 2242 2398 τερον
2271 2332 2328 2384 τὸ
2372 2332 2719 2401 συνάλλαγμα
2777 2333 3089 2402 ἐξηρτύετο,
3141 2332 3244 2384 κᾶν
3295 2332 3390 2383 τοῦ
3438 2331 3655 2385 Χαλαοὺ

2088 2423 2147 2486 ἐξ
2177 2423 2474 2490 ἀνθρώπων
2503 2424 2781 2490 γεγονότος
2817 2423 2943 2492 πρὶν
2977 2424 3213 2486 ἐκείνους
3244 2423 3443 2491 φθάσαι
3465 2424 3496 2491 ἡ
3519 2423 3655 2490 κόρη

2086 2515 2163 2582 τῷ
2207 2516 2305 2583 υἱῷ
2355 2517 2562 2568 ἐκείνου
2643 2515 2876 2582 Ἀπαγὰ,
2919 2515 3144 2585 διαδόχῳ
3206 2532 3264 2581 γε
3325 2518 3423 2582 τῆς
3482 2515 3654 2582 ἀρχῆς

2087 2605 2522 2672 καταλειφθέντι,
2542 2609 2600 2658 ἐν
2629 2607 2836 2677 ὑστέρῳ
2868 2607 3120 2674 φθάσασα
3170 2608 3520 2676 ένηρμόζετο.
3550 2608 3653 2658 Τὸν

2084 2695 2140 2747 δέ
2166 2713 2228 2764 γε
2261 2697 2368 2748 τῶν
2399 2699 2668 2750 Αἰθιόπων
2699 2700 2922 2752 σουλτὰν
2954 2699 3088 2767 ἄλλη
3113 2717 3196 2758 τις
3223 2699 3378 2769 χρεία
3410 2698 3487 2768 τῷ
3556 2699 3652 2769 βα.-
3725 2754 3734 2758 ,

2085 2887 2266 2945 aptum
2311 2877 2517 2946 putavit
2547 2876 2820 2931 mittendis
2850 2876 2912 2929 ad
2947 2883 3133 2945 gentes
3163 2873 3478 2941 longinquas
3509 2871 3654 2938 lcga—

2087 2969 2343 3028 tionihus,
2371 2967 2435 3020 ad
2459 2968 2753 3034 principem
2776 2965 3023 3020 videlicet
3049 2964 3419 3017 Tucliarorum
3445 2962 3651 3016 Chalau

2084 3073 2136 3115 et
2187 3050 2256 3113 ad
2298 3059 2606 3128 ElltiOpas.
2655 3056 2788 3111 Nam
2833 3057 3104 3111 sultanum
3141 3053 3426 3108 Persarum
3470 3068 3650 3107 secum

413 3150 712 3204 agnoscere
743 3138 1111 3212 impntareqne
1159 3147 1211 3200 in
1246 3148 1492 3204 beneﬁcii
1531 3154 1743 3222 proprie
1775 3159 1976 3224 accc-pii
2010 3185 2050 3240 ρ
2088 3154 2314 3206 habebat
2346 3152 2645 3215 Azatinern,
2695 3149 2747 3202 in
2801 3149 2932 3202 urbe
2980 3148 3141 3200 vitam
3176 3147 3456 3238 degentem
3505 3145 3654 3212 igna-

411 3240 623 3297 partem
655 3246 717 3284 ac
751 3233 923 3286 locum
961 3251 1068 3302 prte
1109 3253 1166 3292 se
1213 3240 1350 3294 tulit.
1399 3240 1580 3312 quue
1629 3245 1859 3299 maxime
1901 3250 1978 3300 in-

413 3322 607 3376 ductus
640 3328 820 3378 estad
863 3339 1231 3384 coronandum
1286 3335 1596 3388 muniﬁcum
1651 3337 1978 3407 largitorem,

407 3413 949 3485 obliviscendutuque
995 3422 1257 3487 priorum,
1292 3426 1438 3478 omni
1485 3429 1796 3494 deponendo
1841 3431 1978 3498 inju-

409 3501 618 3555 riarum
653 3520 854 3573 nupera
885 3509 1216 3584 depOsitione
1243 3514 1340 3566 sibi
1376 3515 1632 3569 fartarnm
1667 3537 1845 3572 sv-usn.
1881 3522 1977 3575 0r-

412 3589 612 3646 dinatis
642 3598 768 3660 quin
794 3599 953 3650 etiam
992 3615 1020 3652 a
1054 3601 1352 3670 Nireplioro
1399 3620 1612 3659 omnem
1651 3610 1974 3665 iunctiorn-m

410 3683 701 3737 sacerdotii
736 3690 1000 3755 permisit,
1030 3702 1256 3760 excepto
1301 3695 1468 3748 solum
1522 3715 1700 3752 Secum
1738 3717 1839 3754 una
1889 3719 1979 3770 μοι

409 3773 564 3836 riter,
597 3775 683 3828 ubi
728 3780 897 3831 sacris
929 3782 1241 3836 soletnniter
1277 3799 1611 3853 operaretur,
1642 3793 1976 3848 tninistrandi

411 3877 535 3914 ttsu.
573 3860 628 3916 In
676 3867 884 3920 caeteris
937 3870 1241 3937 promiscue
1291 3876 1402 3941 pari
1453 3875 1575 3941 jure
1628 3894 1691 3932 ac
1745 3882 1978 3949 reliquos

410 3954 672 4007 adhibuit.
702 3955 931 4011 Causam
959 3973 1134 4014 autem
1160 3966 1490 4031 exceptionis
1530 3969 1687 4036 hujus
1715 3970 1851 4040 alleg
1872 3974 1980 4028 ibat

399 4042 569 4105 'banc,
600 4049 738 4114 quod
770 4049 935 4102 videri
970 4060 1150 4118 posset
1191 4065 1245 4106 ut
1282 4055 1423 4123 jnsta
1457 4069 1510 4112 et
1555 4062 1652 4112 rite
1685 4073 1800 4113 acta
1828 4079 1981 4116 cntu-

406 4135 640 4202 probare
665 4153 784 4206 quae
823 4151 973 4209 gesta
1007 4155 1190 4197 contra
1235 4161 1293 4199 se
1328 4148 1579 4214 fuissent,
1615 4151 1658 4204 si
1698 4153 1978 4211 ordinatos

408 4229 476 4280 ab
523 4215 727 4282 intruso
759 4231 810 4282 in
857 4248 1011 4286 suum
1048 4234 1219 4288 locum
1272 4239 1325 4292 in
1376 4243 1700 4296 consortium
1744 4244 1973 4302 faciendi

406 4333 592 4371 sccnm
624 4322 688 4370 ad
723 4335 872 4374 aram
910 4327 1050 4377 sacri
1085 4330 1388 4384 communis
1430 4333 1760 4389 admitteret.
1802 4337 1973 4392 Simul

407 4421 588 4462 autem
615 4422 696 4464 est
726 4413 772 4465 ei
812 4416 1142 4482 propositum
1182 4421 1347 4475 videri
1393 4425 1683 4479 convenire
1713 4438 1771 4483 ut
1801 4428 1973 4499 impe-

407 4511 554 4554 rator
583 4503 776 4558 iterum
819 4509 920 4562 ritu
965 4507 1188 4564 solemni
1225 4525 1598 4578 coronaretur,
1633 4517 1859 4574 libenter
1908 4525 1971 4572 ad

405 4589 458 4642 id
491 4605 702 4660 quoque
730 4595 938 4649 annuit.
975 4598 1150 4662 Quare
1182 4599 1294 4653 dies
1323 4600 1409 4655 isti
1456 4609 1791 4662 caeremoniae
1832 4609 1970 4662 dicta

402 4689 489 4734 est
522 4683 795 4738 Dominica
823 4689 1088 4755 proxima,
1120 4705 1221 4756 qua
1255 4694 1561 4760 patriarcha
1591 4697 1970 4765 imperatorem

402 4774 693 4842 magniﬁco
741 4790 996 4846 apparatu
1045 4786 1341 4846 coronavit,
1392 4787 1531 4838 nulla
1579 4805 1797 4856 prorsus
1833 4793 1968 4843 facta

402 4865 680 4920 mentione
710 4877 805 4922 aut
837 4870 1133 4936 signiﬁcata
1167 4877 1426 4930 memoria
1465 4876 1707 4944 Joannis,
1751 4882 1840 4936 sed
1877 4901 1970 4951 pm

400 4956 516 5008 tius
566 4957 750 5011 eodem
805 4963 964 5014 tacite
1011 4964 1208 5033 rejecto
1259 4983 1353 5034 per
1407 4969 1454 5021 itl
1504 4971 1644 5036 quod
1696 4973 1966 5027 hOlltll‘hl'li

406 5037 649 5099 muneris
698 5047 820 5102 loco
852 5067 1168 5107 concessum
1203 5071 1262 5108 ea
1314 5060 1599 5113 occasione
1644 5061 1830 5114 Alexio
1857 5062 1970 5116 Ca:-

401 5132 514 5185 sari
544 5145 625 5188 est
661 5138 710 5189 in
746 5143 1024 5206 pra-inium
1062 5154 1231 5212 capta:
1278 5147 1446 5210 urbis,
1482 5159 1536 5200 ut
1587 5150 1831 5204 videlicet
1860 5167 1968 5203 sta-

403 5228 498 5278 tim
533 5239 650 5295 post
686 5231 1014 5297 imperantes
1044 5230 1278 5303 (hocest
1308 5237 1470 5310 174
1501 5241 1795 5309 Augustum
1842 5261 1962 5296 cum

401 5331 649 5388 Coniuge)
685 5330 737 5374 et
769 5326 1127 5390 patriarcham
1181 5341 1568 5384 memoraretur
1615 5334 1665 5386 in
1718 5338 1964 5402 precibus

402 5407 647 5474 publicis,
679 5429 809 5480 quas
836 5427 1087 5486 synaptas
1119 5431 1330 5474 vocant.

439 5521 604 5600 3._U_t
647 5529 932 5594 imperator
971 5531 1282 5600 legationem
1329 5537 1530 5590 miserit
1558 5539 1624 5590 ad
1664 5540 1926 5594 Tocharos

455 5595 757 5660 oﬂinitatem
793 5616 910 5652 cum
959 5595 1039 5654 ἧδ’
1056 5607 1386 5671 contraham,
1417 5616 1464 5659 et
1489 5608 1557 5659 ad
1601 5605 1904 5678 Ait/tropos.

475 5683 588 5740 ilac
617 5689 734 5742 vice
781 5707 956 5746 rerum
1005 5697 1298 5764 imperator
1323 5697 1730 5750 succedentibus
1761 5701 1859 5751 sibi
1894 5703 1959 5754 ad

401 5784 578 5830 votum
630 5782 876 5847 negotiis,
923 5797 973 5838 et
1024 5802 1154 5852 pace
1199 5789 1342 5841 tlomi
1401 5788 1714 5851 constituta,
1753 5799 1959 5858 tempus

2088 3245 2364 3298 vissitnam
2394 3258 2454 3296 ac
2486 3251 2622 3296 totos
2650 3244 2808 3295 etiam
2838 3241 2891 3294 in
2928 3240 3100 3294 triviis
3127 3221 3484 3292 comessaiido
3507 3251 3656 3289 com-

2088 3338 2429 3405 potandoque
2445 3344 2849 3390 consumentem
2875 3335 3006 3398 dies,
3034 3332 3230 3402 quippe
3255 3331 3512 3384 exhausta
3541 3339 3650 3380 tum

2083 3428 2258 3480 adhuc
2283 3439 2336 3482 et
2371 3427 2510 3480 raris
2547 3426 2734 3480 incolis
2769 3442 2863 3494 pro
2900 3428 2980 3480 sui
3015 3423 3382 3494 magnitudine
3408 3421 3648 3476 habitant

2082 3518 2322 3580 civitate,
2359 3532 2552 3570 vacare
2587 3517 2788 3585 plateas
2835 3514 3133 3582 frequentia
3181 3515 3378 3568 civium
3415 3522 3467 3566 et
3496 3511 3651 3579 quasi

2081 3611 2318 3662 desertas
2349 3601 2596 3670 cernens,
2632 3609 2799 3662 libere
2829 3608 2913 3660 illa
2952 3605 3238 3660 solitudine
3272 3603 3566 3659 fruebatur.
3601 3610 3652 3655 ct

2088 3704 2168 3756 sic
2204 3714 2457 3772 tauquam
2501 3719 2624 3758 rure
2655 3708 2866 3770 degeret
2901 3701 3084 3770 procul
3121 3703 3188 3754 ab
3219 3701 3458 3763 arbitris,
3491 3715 3647 3752 secn-

2083 3809 2174 3848 rus
2203 3811 2322 3848 cum
2372 3795 2728 3848 familiaribus
2759 3802 2813 3846 nt
2860 3793 3069 3860 magnis
3115 3808 3226 3845 sua:
3256 3795 3428 3858 gentis
3458 3808 3519 3844 ac
3553 3811 3645 3843 co-

2083 3888 2305 3940 mitatus
2337 3887 2490 3949 viris,
2525 3887 2728 3939 mensis
2761 3886 2812 3938 in
2855 3884 3138 3954 prepatulo
3169 3884 3358 3952 positis
3405 3884 3646 3936 assidens

2082 3978 2430 4032 bacchanalia
2462 3978 2775 4044 quotidiana
2817 3976 3144 4038 celebrabat,
3183 3978 3307 4027 vino
3354 3989 3472 4028 sese
3523 3979 3648 4027 har-

2080 4069 2208 4122 bara
2267 4069 2598 4134 impudentia
2637 4071 2808 4136 palam
2856 4068 3214 4136 iugurgitans.
3249 4067 3326 4121 Ad
3357 4083 3448 4121 eos
3479 4069 3646 4136 igitur

2077 4175 2212 4228 quos
2260 4160 2370 4213 dixi
2417 4159 2560 4212 solos
2610 4159 2956 4213 destinandas
2999 4159 3288 4225 legationes
3341 4159 3552 4221 habuit,
3591 4166 3645 4210 «ιι

2080 4262 2291 4304 mutuas
2326 4254 2447 4305 inde
2477 4251 2711 4304 vicissim
2743 4250 3100 4318 accipiendas.
3132 4251 3308 4317 Atque
3337 4251 3401 4301 ad
3433 4249 3640 4303 Chalau

2079 4344 2313 4409 quidem,
2351 4343 2644 4410 principem
2687 4341 3007 4394 monachum
3035 4348 3086 4392 cl.
3115 4341 3443 4395 sacerdotem
3473 4341 3641 4405 misit,

2079 4435 2167 4502 qui
2205 4435 2368 4487 ﬁliam
2409 4433 2577 4502 ipsius
2611 4434 2825 4485 nothain
2861 4432 3078 4485 nomine
3109 4431 3355 4497 Mariam,
3383 4448 3539 4494 quam
3577 4448 3643 4485 ex

2009 4525 2048 4574 ῐ)
2083 4523 2512 4592 Diplobatatzina
2563 4533 2898 4591 susceperat,
2946 4524 3264 4592 desponsam
3310 4523 3412 4591 ipsi
3457 4527 3644 4592 c0uju-

2074 4631 2193 4684 gem
2230 4616 2598 4668 comitaretur.
2631 4613 2695 4668 Et
2741 4616 2988 4683 princeps
3037 4630 3154 4667 cum
3205 4625 3333 4668 tunc
3379 4626 3644 4688 essetau-

2075 4707 2438 4761 chimandrita
2493 4708 2803 4760 monasterii
2845 4706 3270 4770 Pantocratoris,
3319 4709 3642 4774 splendidis-

2073 4801 2207 4852 sima
2236 4800 2414 4866 specie
2446 4799 2744 4852 mollissiini
2775 4799 2935 4853 simul
2963 4801 3316 4867 ditissimiqne
3352 4815 3637 4868 apparaurs

2077 4891 2176 4942 ista
2225 4906 2434 4958 sponsa:
2481 4892 2800 4945 deductione
2844 4890 3061 4944 functus
3109 4901 3211 4954 est,
3254 4891 3639 4945 circumferens

2073 4983 2213 5034 inter
2281 4995 2474 5036 caetera
2541 4983 2794 5048 templum
2867 4983 3077 5036 solutile
3144 4981 3473 5035 tabernaculi
3532 4981 3634 5034 ritu

2071 5072 2271 5125 crassis
2310 5087 2340 5126 e
2387 5076 2563 5126 serico
2611 5076 2742 5129 velis
2785 5076 2986 5127 circum
3037 5083 3091 5125 et
3138 5088 3369 5140 superne
3416 5081 3634 5137 tectum,

2069 5172 2376 5217 sanctorum
2405 5164 2603 5218 formas
2638 5181 2767 5218 auro
2798 5165 3101 5219 elaboratas
3132 5165 3352 5225 habens,
3377 5165 3632 5217 crucibus

2067 5265 2121 5308 et
2147 5255 2366 5309 lunihns
2394 5256 2654 5320 ﬁrmatas,
2683 5268 2937 5326 prteterea
2974 5273 3096 5310 vasa
3127 5268 3314 5311 sancta
3355 5259 3632 5325 pretious-

2066 5346 2200 5398 sima
2233 5347 2299 5400 ad
2347 5363 2500 5399 nsum
2533 5349 2698 5400 divini
2749 5348 3022 5402 sacriﬁcii.
3057 5347 3212 5416 175
3256 5346 3373 5402 Tali
3421 5353 3630 5413 magni-

2069 5435 2282 5489 ﬁcentia
2309 5438 2561 5506 nuptialis
2585 5439 2684 5492 ista
2713 5443 2994 5492 conventio
3015 5440 3400 5492 celebrabatur.
3431 5438 3632 5493 Verum

2063 5527 2266 5581 Chalau
2319 5539 2530 5581 mortuo
2576 5541 2865 5598 antequam
2919 5532 2982 5583 ad
3038 5546 3156 5584 eum
3212 5532 3457 5600 princeps
3503 5548 3626 5586 cum

2063 5633 2260 5687 sponsa
2293 5625 2681 5688 pervenissent,
2715 5623 2888 5689 puella
2923 5638 3043 5676 sero
3072 5623 3207 5676 'licet
3247 5626 3540 5677 adveniens
3571 5639 3627 5678 re

2061 5705 2257 5761 infecta
2293 5725 2396 5763 non
2433 5711 2592 5763 rediit
2627 5727 2640 5763 :
2676 5711 2855 5779 nupsit
2896 5712 3040 5766 enim
3085 5715 3193 5766 ﬁlio
3230 5725 3284 5768 et
3327 5716 3624 5769 successori

2059 5801 2258 5854 (lltalau
2285 5801 2334 5854 iu
2360 5803 2685 5869 principatu,
2711 5814 2900 5860 vocato
2921 5802 3120 5876 Apaga.
3154 5808 3435 5862 Sultanutn
3463 5823 3622 5876 porro
