3926 6544
376 404 496 469 ¹ὓῖ5
1606 394 1929 457 GEORGII

2074 392 2447 455 amntem
3522 401 3618 469 (κε

389 519 530 575 σιλεῖ
558 510 875 570 σπένδεσθαι
911 507 1350 580 κατηνάγκαζεν.
1388 506 1494 561 ’Ἕκ
1528 508 1796 577 Κομάνων
1845 505 1953 576 γὰρ
1984 516 2026 570 Α
2057 506 2154 574 ιφ*
2216 507 2455 577 ἑκάστῳ,
2499 503 2695 577 νωθροὶ
2735 505 2791 560 δὲ
2844 505 2911 560 τὰ
2960 507 3015 572 ἐς
3051 507 3225 580 ὁρμὰς
3257 509 3350 564 καὶ
3385 511 3620 581 μαλακοὶ

387 614 465 662 ὼν
497 607 722 665 tuatim,
756 598 834 664 είς
858 602 963 653 τῶν
996 601 1074 663 είς
1104 599 1354 652 δουλείαν
1410 597 1841 665 ἀποδεδομένων,
1894 596 1957 647 τὸ
2058 598 2196 667 πρὸς
2238 601 2418 669 μάχας
2470 599 2564 654 καὶ
2625 600 3028 674 ἀπραγμοσύνῃ
3081 603 3281 673 μᾶλλον
3356 607 3621 674 συζῶντες

386 700 544 767 γένος
609 695 789 765 ἐζήτει
850 692 967 745 κατ’
996 690 1177 744 αἰτίαν
1232 688 1459 759 συνετὴν
1491 691 1575 742 ὅτι
1603 688 1697 742 καὶ
1723 687 1957 740 ἐπαίνων
2057 690 2213 758 ὀλίγα
2254 690 2459 763 ἔχεινῆ
2493 691 2665 744 πολλὰ
2727 692 3313 765 πολυπραγμονοῦντες
3362 698 3623 769 αἱρούμε-

388 788 575 858 εγγύς,
605 788 687 841 Τὰ
711 786 817 857 γὰρ
851 784 1076 854 ἀντικρὺ
1120 782 1363 851 ἀλλήλων
1410 780 1647 847 κλίματα
1696 780 1794 847 τῆς
1830 779 1954 849 γῆς.

390 880 449 931 τό
476 895 533 930 τε
562 877 772 949 βόρειον
807 875 900 928 καὶ
938 875 996 926 τὸ
1019 877 1211 934 νότιον,
1244 873 1503 942 ἐμφύτοις
1557 871 1669 924 τισὶ
1727 868 1958 937 δυνάμε-

391 986 476 1021 σιν
507 969 597 1021 ὲπί
622 984 681 1019 τε
706 967 992 1036 σωματικῇ
1025 966 1118 1018 καὶ
1146 965 1352 1033 ψυχικῇ
1378 962 1615 1016 διαθέσει
1640 960 1960 1015 ἀντιπεπόν-

395 1062 574 1123 (iactv,
609 1060 799 1129 ὥσπερ
822 1060 957 1128 δῆτα
992 1060 1085 1110 καὶ
1118 1060 1399 1126 κράσεσιν,
1453 1056 1513 1106 ὲν
1562 1048 1649 1116 αἷς
1687 1053 1747 1105 οὐ
1800 1055 1958 1121 μόνον

390 1152 543 1215 ζώων
572 1150 781 1215 ἀλόγων
814 1152 948 1214 πρὸς
993 1149 1151 1218 ὅμοια
1204 1147 1317 1210 ζῶα
1371 1145 1636 1214 διαφορὰς
1679 1142 1827 1213 εὖροι
1874 1159 1959 1207 τις

389 1246 675 1313 ἐμφανεῖς,
705 1242 842 1295 ἀλλὰ
878 1243 968 1292 καὶ
990 1241 1123 1310 πρὸς
1157 1240 1476 1309 ἀνθρώπους
1508 1234 1831 1304 ἀνθρώπων.
1858 1235 1959 1287 Βο-

392 1337 556 1405 ρείοις
585 1334 693 1403 γὰρ
709 1335 775 1386 τὰ
805 1333 917 1397 ζῶα
948 1332 1297 1391 λελεύκωται,
1319 1329 1511 1390 νοτίοις
1536 1328 1592 1380 δὲ
1624 1328 1960 1397 μεμελαίνω·

390 1425 592 1499 ται.[Ρ.
624 1424 747 1497 H7]
777 1424 1089 1494 Ἄνθρωποι
1120 1423 1175 1474 δὲ
1208 1425 1264 1475 ὲν
1300 1422 1398 1488 μὲν
1430 1418 1662 1490 βορείοις
1709 1418 1960 1471 ἀσύνετοι

389 1522 566 1582 ἄλλως
592 1524 685 1573 καὶ
719 1518 868 1588 μόλις
893 1517 1099 1585 λογικοὶ
1123 1514 1411 1584 καταλαμὸ
1424 1514 1688 1584 ινόμενοι,
1717 1514 1775 1564 ὲν
1797 1506 1878 1575 οἷς
1898 1511 1959 1563 οὑ

391 1614 608 1680 λογικαὶ
640 1610 965 1679 ἐπιστῆμαι,
1013 1609 1071 1661 οὐ
1102 1607 1401 1679 μαθήματα
1432 1605 1662 1675 φυσικὰ,
1707 1606 1767 1657 οὐ
1815 1602 1959 1671 γνῶ-

395 1721 501 1768 σις,
534 1705 594 1756 οὐ
630 1703 916 1773 φρόνησις,
950 1700 1012 1753 οὐ
1042 1702 1168 1767 περὶ
1196 1700 1283 1751 τὸν
1339 1698 1453 1767 βίον
1496 1697 1805 1765 οἰκονομίαι
1868 1693 1963 1748 καὶ

393 1794 595 1863 τεχνῶν
618 1791 867 1862 ἐργασίαι
899 1792 994 1844 καὶ
1024 1790 1185 1845 τᾶλλα
1204 1786 1287 1851 οἷς
1332 1789 1442 1842 τῶν
1470 1789 1682 1855 ἀλόγων
1748 1785 1961 1855 ἄνθρω-

2055 799 2155 836 νοι.
2190 781 2408 835 Τούτων
2428 783 2484 835 δὲ
2510 781 2601 836 τὸν
2628 784 2780 853 ἣλιον
2806 784 3112 839 αἰτιάσαιτ’
3143 785 3208 840 ἄν
3230 804 3313 850 τις
3366 805 3625 856 φυσικευ-

2056 875 2271 944 όμενος,
2311 874 2390 945 τῷ
2419 874 2517 944 μὲν
2552 875 2760 944 ὁμιλεῖν
2803 875 2960 944 ὀλίγα
2999 878 3091 929 καὶ
3142 878 3279 948 τερος
3331 877 3515 948 ὀλίγον
3567 881 3625 934 οὐ

2061 965 2299 1036 μετρίως
2362 966 2726 1036 Θερμαίνοντα
2754 967 2847 1019 τὸν
2909 967 3236 1037 ἐγκέφαλον,
3281 969 3407 1023 ὄῡεν
3456 974 3548 1024 καὶ
3596 977 3627 1044 ἡ

2059 1058 2253 1126 εὐφυΐα
2297 1057 2684 1127 προσγίνεσθαι
2718 1059 2949 1127 πέφυκε,
3006 1059 3065 1113 τδ
3096 1060 3270 1132 δέρμα
3325 1061 3382 1115 δὲ
3431 1081 3632 1133 συμπι-

2060 1149 2255 1203 λοῦντα
2289 1150 2739 1221 ἀπεργαζόμενον
2767 1155 2879 1216 τοῖς
2912 1151 3100 1222 μέλεσι
3146 1153 3245 1220 τὴν
3276 1156 3628 1227 στερρότητα.

2060 1242 2152 1295 ἐπὶ
2177 1243 2232 1296 ὀὶ
2265 1242 2469 1313 Θὰτερα
2496 1243 2602 1296 τῶν
2631 1243 2813 1315 μερῶν
2846 1244 2923 1316 τῷ
2955 1247 3043 1299 ἐπὶ
3078 1247 3241 1300 πλέον
3272 1248 3487 1315 ὁμιλεῖν
3508 1250 3632 1318 θερ-

2063 1333 2318 1402 μαίνοντα
2372 1332 2470 1402 μὲν
2531 1334 2611 1396 είς
2655 1332 2903 1402 εὐφυΐαν,
2961 1333 3184 1387 ἔκλυτον
3205 1334 3368 1398 δἐίς
3419 1337 3633 1405 ἀνδρίαν

2060 1426 2511 1496 ἀπεργαζόμενον
2539 1424 2637 1497 τὴν
2685 1425 3002 1496 ὁλομέλειαν
3036 1428 3142 1479 τῶν
3169 1428 3442 1498 σωμάτων
3466 1444 3481 1460 ⁸
3502 1446 3633 1499 συμ-

2064 1516 2448 1586 μετατίθετθαι
2482 1516 2591 1587 γὰρ
2620 1518 2732 1579 τοῖς
2768 1518 2985 1586 σώμασι
3035 1520 3135 1581 τὰς
3161 1518 3339 1589 ψυχὰς
3404 1522 3432 1573 ὁ
3483 1538 3634 1588 φυσι-

2062 1606 2157 1669 κὸς
2180 1603 2337 1673 λόγος
2394 1605 2597 1659 δίδωσι.
2657 1605 2757 1658 Διὰ
2801 1605 3027 1660 τοιαῦτα
3078 1608 3171 1660 καὶ
3223 1609 3489 1677 πρότερον
3542 1608 3633 1675 μὲν

2064 1697 2261 1751 πολλοῦ
2298 1698 2500 1768 ετίμων
2534 1699 2595 1750 τὸ
2617 1698 2880 1752 Σκυθικὸν
2909 1699 3185 1763 Α’ίθίοττες,
3223 1699 3364 1751 κατὰ
3396 1699 3633 1752 δουλείαν

2070 1791 2170 1858 μὲν
2199 1790 2493 1859 κτώμενοι,
2526 1790 2701 1852 ἄλλως
2748 1790 2808 1842 δὲ
2857 1789 3217 1860 στρατιώταις
3258 1789 3401 1859 ὑπὲρ
3463 1792 3634 1844 αὐτῶν

393 1858 489 1940 ’ποι
537 1858 954 1945 διαστέλλονται,
1013 1883 1189 1952 ὁρμὰς
1240 1884 1421 1951 μέντοι
1477 1881 1821 1949 παραϐόλως
1866 1879 1960 1932 καὶ
1992 1858 2033 1913 Β
2064 1882 2360 1954 χρώμενοι.
2388 1881 2521 1935 Τότε
2547 1881 2605 1934 δὲ
2637 1883 2730 1935 καὶ
2758 1884 2837 1945 είς
2871 1858 3039 1952 αὗτὴν
3095 1883 3193 1953 τὴν
3231 1883 3410 1954 ἀρχὴν
3471 1900 3634 1935 κατα-

395 1977 533 2046 πρὸς
579 1977 761 2048 μάχην
796 1976 1040 2044 ἑτοίμους
1073 1975 1310 2045 ἔχοντες,
1361 1975 1457 2027 καὶ
1504 1972 1734 2040 ἑτοίμως
1787 1971 1962 2040 ὁρμή-

397 2087 584 2134 σοντες
613 2071 677 2140 ἡν
704 2086 788 2129 τις
812 2067 1105 2137 ἐποτρύνῃ,
1138 2065 1445 2136 παράϐολον
1485 2082 1536 2116 τι
1570 2068 1665 2116 καὶ
1704 2063 1961 2133 βακχεχὸν

394 2162 607 2230 ἔχοντες
637 2160 721 2212 ἐπ’
745 2158 1012 2227 ἀλλήλοις,
1043 2159 1138 2211 καὶ
1166 2157 1243 2227 τῷ
1283 2157 1438 2226 "Aps:
1490 2155 1801 2217 σπένδοντες
1833 2169 1847 2184 ·
1905 2154 1963 2205 ὲν

394 2255 450 2307 δὲ
501 2253 693 2315 νοτίοις
745 2251 1054 2304 τούναντίον
1107 2252 1271 2304 ἅπαν.
1330 2249 1559 2301 Ἐκεῖνοι
1607 2250 1715 2318 γὰρ
1747 2248 1965 2315 εὐφυεῖς

399 2347 496 2413 μὲν
537 2345 710 2407 ἄλλως
739 2345 832 2395 καὶ
857 2343 997 2410 ἄγαν
1031 2344 1241 2395 συνετοὶ
1263 2343 1356 2395 καὶ
1379 2326 1592 2412 ἄριστοι
1614 2340 1682 2393 τὰ
1722 2341 1778 2402 ἔς
1815 2338 1967 2392 πολι-

399 2438 544 2491 τείαν
574 2440 669 2492 καὶ
690 2440 883 2506 τέχνας
921 2436 1016 2487 καὶ
1042 2435 1239 2502 λογικὰ
1271 2435 1572 2504 μαθήματα
1614 2434 1708 2486 καὶ
1770 2430 1966 2503 βουλὰς

400 2616 717 2687 Ειιιῑοριιιιι
748 2617 865 2670 alim
898 2616 1160 2671 utilitates
1191 2616 1518 2684 impulerunt
1545 2616 1607 2669 ad
1632 2615 1812 2669 fmdus
1841 2629 1965 2669 cum

400 2713 729 2779 imperatore
778 2710 1108 2763 faciundum.
1150 2709 1277 2763 Erat
1329 2708 1377 2763 is
1425 2721 1622 2777 genere
1663 2707 1965 2771 Cumanus,

400 2799 651 2853 venditus
682 2799 808 2853 olim
845 2800 896 2852 in
925 2800 1266 2862 servitutem,
1288 2813 1390 2867 qua
1418 2799 1469 2851 itt
1507 2814 1728 2867 regnum
1758 2807 1967 2851 mutata

398 2893 678 2961 catagebat
702 2893 944 2956 prudenti
971 2891 1329 2962 landabilique
1355 2889 1581 2946 Consilio
1605 2899 1663 2943 ut
1702 2905 1969 2944 commea-

398 2994 487 3039 tus
521 2993 664 3039 esset
684 2982 865 3039 facilis
896 2983 1243 3053 popularibus
1277 2981 1390 3036 suis
1421 2983 1486 3034 ad
1515 2996 1607 3037 eos
1641 2982 1836 3051 quibus
1868 2983 1970 3034 im-

398 3073 645 3144 perabat,
693 3073 935 3144 indigere
982 3074 1126 3141 ipsos
1175 3074 1413 3127 sentiens
1457 3072 1548 3126 tali
1582 3073 1803 3128 auxilio.
1836 3072 1973 3127 Sunt

2064 1973 2287 2036 στάντος
2320 1973 2526 2027 Σκύθου
2547 1975 2607 2028 τὸ
2625 1974 2889 2029 Σκυθικὸν
2931 1973 3242 2044 ἁνεζητεῖτο
3266 1975 3341 2037 ὡς
3378 1974 3637 2045 στρατεύο

2068 2070 2233 2136 ματος
2263 2065 2446 2135 σφίσιν
2474 2065 2680 2120 ἐκεῖθεν
2735 2067 3161 2135 συστησομένου,
3214 2066 3355 2136 ὅπερ
3403 2067 3501 2119 οὐκ
3551 2067 3638 2121 ἄλ-

2061 2156 2167 2220 λως
2193 2151 2261 2227 ἦν
2281 2156 2462 2218 αὐτοῖς
2487 2154 2814 2224 ὠνουμένοις
2844 2153 3257 2224 μετακομίζειν,
3314 2157 3365 2208 εί
3416 2159 3492 2225 μὴ
3551 2156 3633 2210 διὰ

2063 2250 2155 2303 τοῦ
2181 2249 2366 2302 στενοῦ
2393 2265 2475 2311 τις
2506 2247 2744 2319 Εὐξείνῳ
2777 2247 3101 2319 προσϐάλλοι
3146 2251 3418 2322 θαλάσσῃ.
3478 2252 3638 2306 Τοῦτο

2063 2340 2119 2393 δὲ
2151 2341 2320 2391 ποιεῖν
2358 2337 2738 2409 μὴ,αξιοῦντας
2793 2339 2884 2390 τὸν
2934 2338 3160 2407 βασιλέα
3204 2343 3506 2413 ἀμήχ;.νον.
3550 2344 3635 2395 Διὸ

2065 2432 2159 2484 καὶ
2192 2431 2407 2494 πολλαῖς
2439 2430 2690 2503 ἐδωρεῖτο
2713 2429 2899 2485 τοῦτον
2926 2432 3274 2498 ἀποστολαῖς,
3313 2434 3402 2501 ἐφ’
3455 2427 3499 2501 ᾧ
3546 2437 3636 2498 τὰς

2069 2610 2193 2673 bus,
2227 2610 2337 2685 otio
2376 2610 2748 2678 gaudentibus,
2793 2624 2953 2677 egere
2998 2609 3239 2666 feriando
3281 2628 3443 2680 quam
3495 2626 3630 2665 sata-

2067 2706 2242 2775 geudo
2286 2704 2563 2758 abundare
2611 2694 2962 2758 utalentibus.
3014 2703 3184 2773 Cujus
3232 2711 3398 2758 tantae
3444 2706 3635 2759 (1-Serie-

2069 2797 2270 2867 pantiaa
2294 2797 2339 2850 si
2366 2797 2488 2866 quis
2512 2795 2607 2850 soli
2634 2810 2852 2850 causam
2880 2797 3245 2864 itnpntaverit.
3273 2798 3417 2852 haud
3444 2814 3470 2850 a
3499 2812 3636 2862 vero,

2078 2891 2133 2941 ni
2163 2887 2337 2953 fallor,
2364 2889 2659 2943 aberrabit.
2688 2887 2821 2956 Quia
2854 2890 2997 2943 enim
3040 2890 3157 2960 ejus
3186 2891 3317 2944 radii
3345 2894 3563 2946 Arctoos
3589 2899 3637 2944 et

2070 2980 2266 3051 exiguo
2314 2992 2554 3050 tempore
2593 2988 2647 3034 et
2677 2994 2800 3034 raro
2830 2989 2884 3034 et
2921 2981 3136 3048 oblique
3179 2980 3509 3044 illuminant,
3541 2997 3635 3032 ttou

2073 3088 2191 3126 eam
2217 3071 2455 3126 cerebris
2493 3071 2743 3127 humanis
2776 3072 2948 3126 vitalis
2977 3072 3175 3125 caloris
3222 3088 3530 3127 mensuram
3558 3070 3635 3124 af-

396 3167 677 3221 enimvero
712 3180 818 3218 non
866 3165 1037 3233 magis
1070 3165 1176 3219 situ
1207 3179 1367 3234 quam
1411 3164 1587 3218 indole
1627 3164 1970 3233 naturalique
1997 3183 2046 3249 ο
2074 3163 2223 3230 ﬂant,
2248 3178 2367 3235 que
2387 3166 2455 3217 ad
2472 3161 2833 3232 expediendas
2864 3164 3206 3232 operationes
3230 3163 3637 3222 meutium.sen-

400 3257 664 3326 qualitate
691 3256 832 3310 inter
859 3270 917 3311 se
942 3254 1189 3309 adversae
1225 3264 1385 3324 atque
1424 3269 1454 3310 e
1494 3256 1759 3311 diametro
1803 3270 1971 3325 oppo-

398 3347 522 3403 sitae
553 3354 754 3401 arctoae
786 3346 1149 3414 austrinaeque
1177 3345 1448 3410 nationes,
1478 3346 1789 3401 commissis
1834 3346 1975 3400 invi-

403 3455 521 3495 cem
569 3441 895 3509 penitusque
942 3438 1329 3492 dissidentibus
1375 3452 1481 3508 qua
1534 3453 1820 3507 corporum
1865 3452 1971 3507 qua

402 3531 567 3584 etiam
597 3531 902 3584 animorum
946 3530 1344 3595 affectionibus,
1372 3545 1470 3601 pro
1502 3529 1802 3616 differentia
1830 3531 1975 3585 vide-

404 3623 532 3676 licet
579 3621 986 3689 temperamenti
1038 3636 1101 3675 ac
1140 3621 1285 3686 cmli,
1336 3637 1454 3691 qua;
1504 3623 1646 3676 inter
1681 3632 1974 3692 utrumque

406 3722 638 3766 tractum
684 3712 998 3777 intercedit;
1031 3710 1188 3781 cujus
1218 3711 1379 3765 etiam
1412 3713 1636 3783 vestigia
1673 3724 1975 3767 cernuntur

404 3805 458 3859 in
486 3804 659 3857 brutis
690 3801 1073 3863 animantibus,
1104 3817 1332 3869 quarum
1368 3804 1470 3856 sub
1509 3802 1975 3869 Septentrionibus

404 3901 546 3947 nata
571 3893 799 3959 altaeque
826 3907 855 3943 a
889 3892 1104 3960 generis
1130 3892 1369 3961 ejusdem
1409 3895 1603 3962 genitis
1631 3895 1978 3960 educatisque

404 3987 460 4041 in
506 3984 818 4053 regionibus
852 3981 1164 4036 meridianis
1212 3982 1353 4038 haud
1389 3984 1613 4039 modicis
1647 3984 1976 4037 diversitati-

403 4076 505 4129 bus
536 4072 813 4137 differunt,
856 4072 1004 4127 color
1033 4071 1303 4142 siquidem
1334 4074 1499 4129 etiam
1536 4074 1652 4144 ipse
1688 4088 1975 4143 corporum

403 4167 699 4233 discrepat,
731 4166 783 4218 in
813 4163 1129 4219 Borealibus
1158 4163 1274 4219 fere
1314 4168 1595 4231 candidus,
1629 4168 1680 4220 in
1712 4167 1980 4221 Australi-

405 4258 508 4310 bus
532 4264 669 4310 ater.
704 4254 811 4309 Sed
840 4256 1148 4309 animorum
1179 4258 1233 4309 in
1269 4258 1577 4314 hominibus
1607 4259 1828 4327 majoris
1857 4273 1976 4312 mo-

406 4347 577 4401 menti
602 4348 894 4402 discrimen
917 4357 1023 4413 est,
1050 4346 1373 4402 stolidarum
1400 4358 1452 4402 et
1477 4350 1565 4403 vix
1594 4352 1801 4405 ratione
1827 4360 1978 4405 uten-

405 4442 542 4491 tium
590 4441 641 4491 in
689 4439 1249 4508 Septentrionalibus.
1294 4442 1435 4510 apud
1468 4455 1611 4512 quos
1653 4442 1853 4498 frustra
1894 4457 1980 4499 re-

2076 3271 2274 3328 susque
2296 3256 2600 3312 communis
2621 3255 2976 3311 acrimoniam
3032 3257 3413 3325 requireretur.
3458 3252 3636 3323 Frigus

2075 3363 2236 3418 porro
2264 3348 2407 3403 illius
2429 3348 2550 3404 ραιιὶ
2588 3334 2852 3413 naturale,
2877 3347 3068 3402 solaris
3096 3347 3298 3416 teporis
3325 3348 3636 3401 adrnistione

2073 3439 2326 3505 liberum,
2352 3438 2612 3493 addensat
2649 3440 2914 3504 duratque
2956 3447 3133 3494 cutem
3163 3454 3471 3507 corporum,
3501 3454 3635 3492 cras-

2074 3533 2365 3599 sitiemque
2387 3539 2443 3585 et
2468 3530 2798 3585 soliditatem
2832 3530 3034 3587 inducit
3077 3532 3353 3584 membris.
3389 3532 3497 3585 Sub
3535 3546 3635 3583 tue-

2074 3623 2288 3679 ritliano
2321 3634 2508 3678 contra
2545 3621 2749 3676 circulo
2781 3631 2869 3675 aut
2898 3621 2951 3675 in
2983 3624 3366 3678 accedentibus
3397 3623 3463 3678 ad
3498 3622 3633 3676 illum

2075 3714 2240 3770 terris
2280 3713 2614 3783 frequentius
2654 3700 2943 3769 iturninens
2984 3715 3429 3783 cortstantiusque
3458 3714 3633 3767 immo-

2076 3819 2205 3860 rans
2238 3818 2301 3859 ac
2340 3817 2570 3872 superne
2615 3804 2915 3871 ineoquens
2946 3802 3191 3872 subjecta
3218 3819 3386 3873 vapor
3413 3803 3633 3859 ardentis

2078 3899 2205 3952 solis
2236 3897 2438 3965 eliquat
2480 3910 2730 3963 corpora,
2775 3905 2828 3949 et
2876 3893 2943 3949 ad
2989 3909 3204 3948 omnem
3255 3906 3495 3951 motunru
3536 3895 3633 3947 ala-

2077 3991 2326 4046 critatem
2379 3986 2769 4054 audaciamque
2829 3985 3185 4039 certaminum
3229 3987 3402 4039 ﬂuxos
3448 3985 3633 4055 langui-

2078 4081 2281 4148 dosquc
2330 4091 2480 4133 artus
2529 4078 2711 4133 ellicit.
2760 4077 2908 4131 Aﬂici
2945 4087 3124 4130 autem
3160 4077 3490 4146 alterarique
3531 4075 3632 4128 ani-

2078 4185 2194 4224 tnos
2221 4185 2485 4224 consensu
2510 4169 2745 4238 quodam
2775 4168 3122 4235 qualitatibus
3145 4178 3197 4220 et
3220 4175 3632 4236 temperamento

2076 4274 2383 4329 corporum,
2436 4257 2699 4313 naturalis
2744 4259 2908 4311 tradit
2952 4259 3111 4320 ratio,
3152 4259 3483 4324 experientia
3516 4270 3632 4310 sane

2079 4352 2433 4421 suﬂragante.
2483 4347 2576 4403 liis
2609 4349 2675 4402 de
2719 4349 2899 4402 causis
2927 4358 2980 4402 et
3014 4347 3143 4403 olim
3184 4346 3467 4417 Ethiopes
3494 4350 3632 4400 valde

2080 4444 2388 4511 gaudebant
2446 4439 2695 4494 anluente
2749 4439 2813 4491 ad
2864 4440 3007 4508 ipsos
3052 4440 3205 4510 copia
3255 4440 3631 4503 mancipiorum

406 4535 595 4601 quiras
630 4531 832 4600 logicas
858 4531 1179 4601 physicasve
1207 4533 1544 4602 disciplinas,
1577 4536 1857 4590 scientiam
1887 4546 1978 4591 aut
2003 4529 2058 4589 D
2085 4533 2320 4605 Scythici
2379 4533 2613 4603 generis,
2678 4531 2872 4601 quippe
2920 4545 3149 4601 quorum
3196 4546 3358 4602 Opera
3411 4547 3527 4585 cum
3573 4529 3631 4583 ad

405 4619 774 4686 prudentiam,
810 4634 930 4673 cum
978 4635 1045 4674 ne
1094 4621 1233 4674 ratio
1261 4623 1476 4690 quidem
1520 4625 1746 4691 parandi
1792 4640 1976 4681 neces-

405 4711 539 4764 sarii
573 4712 746 4765 victus
775 4722 866 4764 aut
899 4712 1273 4767 convenientis
1313 4713 1507 4779 cultus,
1540 4730 1643 4768 non
1675 4725 1842 4781 artes,
1867 4732 1974 4771 non

408 4802 648 4867 (ψωθία,
684 4814 791 4855 non
814 4811 1005 4856 cratera
1036 4802 1234 4871 quibus
1262 4804 1509 4859 homines
1536 4819 1568 4859 a
1600 4807 1789 4861 belluis
1826 4806 1979 4863 αισθ-

409 4903 562 4956 ειιιιι,
605 4895 658 4947 in
678 4892 755 4947 iis
797 4898 1150 4961 reperiantur.
1184 4894 1358 4951 Vividi
1402 4910 1435 4951 e
1477 4900 1750 4954 contrario
1794 4913 1977 4954 acres-

409 5003 537 5053 que,
570 4986 794 5054 projecti
854 4987 919 5039 ad
963 4997 1333 5056 contemptum
1377 4989 1739 5058 periculorum
1771 4990 1980 5058 cupidi-

409 5092 517 5143 que
551 5076 854 5145 praeliorum
900 5076 1151 5133 Boreales
1182 5089 1328 5143 sunt,
1359 5090 1468 5133 tum
1503 5079 1817 5146 irritabiles,
1845 5090 1899 5134 et
1934 5079 1979 5133 si

410 5171 537 5237 quis
573 5170 896 5233 lacessierit,
928 5168 1170 5225 fanatico
1212 5183 1430 5225 ruentes
1473 5173 1675 5241 impetu
1723 5172 1776 5226 in
1807 5174 1982 5226 credes

415 5271 651 5328 tnutuas,
704 5263 864 5334 176
896 5264 1146 5319 martiale
1186 5278 1411 5334 prorsus
1449 5279 1615 5333 genus
1662 5275 1715 5319 et
1756 5275 1982 5319 crurnte

414 5368 650 5423 pugnax.
697 5354 934 5420 Quorum
980 5365 1173 5411 cuncta
1211 5357 1268 5411 in
1301 5357 1641 5411 Australibtts
1686 5358 1977 5421 contraria,

416 5445 726 5511 solertibus,
765 5447 1083 5512 mansuetis,
1129 5447 1329 5501 eximie
1372 5446 1599 5510 callidis,
1635 5447 1861 5515 pelitit-a:
1900 5464 1984 5499 ra-

418 5534 586 5589 tionis
609 5534 892 5599 consultis,
922 5537 1206 5591 industriis
1231 5538 1299 5591 ad
1325 5545 1490 5600 artes,
1516 5538 1792 5591 rationalis
1820 5538 1919 5591 dis;
1937 5538 1983 5590 i-

418 5624 579 5694 plinze
624 5625 933 5692 capacibus.
963 5625 1208 5681 fecundis
1235 5626 1608 5693 consiliorum,
1641 5637 1696 5682 et
1743 5628 1795 5681 in
1840 5626 1983 5681 omni

417 5716 705 5771 occasione
738 5716 862 5783 quid
898 5719 1164 5789 optimum
1197 5717 1339 5773 factu
1384 5718 1455 5773 sit
1497 5728 1765 5773 momento
1798 5719 1986 5773 viden-

415 5808 588 5876 tibus,
623 5807 857 5865 vicissim
893 5811 961 5866 ad
989 5811 1202 5867 labores
1241 5811 1430 5882 pigris,
1476 5811 1540 5865 ad
1573 5826 1774 5882 pugnas
1808 5813 1986 5867 molli-

2083 4642 2244 4683 omne
2270 4625 2597 4680 laboriosum
2639 4623 2999 4679 ministerium
3031 4632 3143 4676 tum
3175 4624 3239 4676 ad
3275 4625 3631 4677 contentiones

2086 4721 2424 4787 impetusque
2468 4715 2774 4785 praeliorum
2825 4714 2879 4769 in
2929 4730 3025 4768 usu
3076 4715 3396 4769 necessariw
3440 4714 3630 4769 tuendis

2084 4809 2285 4864 finibus
2330 4806 2534 4861 militiae
2575 4807 2955 4876 percommode
2986 4817 3302 4874 uterentur;
3340 4825 3445 4878 quo
3473 4807 3628 4861 ιιιίυυε

2084 4900 2278 4954 mirum
2335 4898 2727 4965 imperitantem
2772 4896 2886 4967 jam
2931 4898 3066 4966 ipsis
3115 4898 3390 4953 hominem
3432 4907 3545 4952 ortu
3584 4904 3628 4949 et

2085 4989 2354 5045 natalibus
2391 4997 2659 5052 exterum,
2714 5004 2836 5043 cum
2892 4989 3130 5059 proprio,
3179 5000 3289 5044 tum
3339 4991 3510 5060 populi
3555 4987 3627 5041 cui

2087 5090 2315 5153 praeerat
2342 5083 2522 5150 gen'o.
2564 5092 2676 5133 sum
2709 5078 2886 5149 gentis
2928 5080 3260 5134 consortium
3302 5076 3627 5135 consuetudi-

2089 5184 2319 5239 nemque
2372 5169 2679 5234 aﬂ'ectasse.
2740 5170 2957 5225 militari
3017 5173 3237 5242 utique,
3283 5188 3385 5243 qua
3439 5172 3625 5240 egebat,

2087 5279 2250 5318 manu
2284 5277 2388 5317 non
2434 5261 2649 5316 aliunde
2695 5260 2793 5330 ipsi
2827 5276 2985 5333 quam
3021 5278 3085 5317 ex
3116 5274 3292 5333 empta
3324 5271 3625 5329 evocataqut

2090 5356 2213 5410 inde
2240 5354 2523 5423 iuventute
2550 5355 2906 5425 suggerenda.
2933 5354 3067 5422 Quia
3096 5371 3222 5412 vero
3254 5356 3477 5427 Scythas
3497 5353 3557 5408 ad
3578 5366 3625 5406 se

2091 5456 2204 5500 tuto
2232 5447 2519 5515 deportare
2551 5448 2652 5501 nisi
2683 5447 2859 5503 missis
2892 5450 2958 5502 ad
2994 5449 3263 5504 Euxinum
3308 5451 3526 5503 navibus
3549 5459 3626 5500 uc-

2090 5539 2297 5608 quihat,
2326 5536 2483 5604 cujus
2530 5538 2696 5592 maris
2750 5539 2932 5594 fauces
2960 5555 3082 5594 cum
3114 5543 3252 5595 baud
3282 5543 3440 5595 dubie
3472 5540 3623 5613 forent

2092 5631 2144 5686 in
2185 5630 2343 5702 177
2387 5640 2652 5700 potestate
2686 5630 3023 5687 imminentis
3064 5633 3168 5686 illis
3206 5631 3622 5697 Constantinopo-

2094 5721 2269 5776 lilauze
2315 5723 2589 5790 civitatis,
2636 5721 2794 5778 facile
2843 5724 3057 5780 videbat
3102 5728 3340 5796 prudens
3390 5725 3623 5779 barbam:

2096 5831 2436 5883 nequaquam
2471 5816 2596 5883 sibi,
2624 5815 2768 5884 quod
2806 5817 3046 5885 optabat,
3089 5820 3247 5874 aliter
3285 5832 3441 5886 quam
3472 5809 3620 5880 gratia
