3926 6526
218 167 263 184 “

272 355 389 417 ῧΠ
1200 355 1298 413 DE
1340 352 1732 412 MICHAELE
1773 349 1858 410 ΡΛ

1965 350 2232 410 SOLUGO
2275 351 2419 408 LIB.
2459 344 2572 409 III.
2785 407 2788 410 ,
3411 341 3516 400 618

265 471 494 522 ἐκεῖθεν
513 465 953 535 διαπλοῖζομένας
991 465 1123 534 νῆας
1156 465 1344 534 ῥᾳδίως
1391 464 1625 533 Εὐξείνῳ
1676 480 1845 533 προσ·
1873 471 1919 526 Α
1949 463 2238 528 ἄλλω;,ὡ;
2274 466 2365 516 καὶ
2385 464 2542 516 παισὶ
2573 459 2861 521 παίζεσῖαι
2917 457 3179 526 ἀγόμενον
3231 457 3293 506 ἐκ
3345 454 3510 524 ῥινὸς,
3557 501 3566 508 .

269 561 521 622 ϐάλλειν,
547 560 638 612 καὶ
669 559 792 620 τοὺς
815 559 873 609 ἐν
900 558 1089 619 αὐταῖς
1120 557 1288 610 πολλὰ
1321 555 1560 617 διδόντας
1585 554 1848 623 μείρακας
1951 556 2043 608 καὶ
2071 553 2344 621 πειθήνιον
2375 553 2429 612 ὲς
2451 553 2584 603 ὅπου
2615 549 2788 611 θέλοις
2824 549 3020 616 ὀρμᾷν,
3076 545 3376 613 non-$5.7m,
3421 545 3514 594 καὶ

269 652 583 712 Σκυθικοὺς
622 648 933 714 ἐξωνεῖσθαι
957 650 1048 702 καὶ
1078 647 1210 718 πρὸς
1237 648 1305 700 τὰ
1338 647 1445 699 ἴδια
1473 648 1847 715 ἐπανήκοντας
1949 647 2099 717 ἄρτῳ
2135 646 2226 696 καὶ
2260 643 2420 714 κριθῇ
2448 642 2590 696 κατά
2624 641 2682 692 τὸ
2717 640 2986 710 πρόϐατον
3011 639 3409 707 ψωμιζόμενπαν.
3444 635 3517 686 Τὸ

272 745 497 812 φέρειν,
526 742 554 795 ὃ
581 742 645 810 δὴ
673 743 764 794 καὶ
795 739 1053 802 πολλάκις
1090 739 1310 807 γεγονὸς
1341 738 1604 810 ἔγνωμεν,
1641 737 1850 790 ἐκεῖθεν
1947 737 1992 790 δ’
2021 733 2151 807 ἦθος
2181 735 2480 806 χειρόηθες.
2512 735 2575 786 Ἦ
2605 733 2652 785 δ’
2697 732 2874 801 ἄμυνα
2932 730 3104 800 τούτῳ
3135 730 3271 798 πρὸς
3317 727 3378 779 τὸ
3424 726 3520 776 λυ-

271 834 383 901 μὲν
419 833 525 886 τῶν
553 833 903 902 χαρισμάτων
943 831 1077 900 πρὸς
1113 829 1338 899 βασιλέα
1366 828 1846 897 διαπεμπομένων,
1951 829 2088 882 ποῦν
2117 829 2216 897 (τῷ
2251 827 2494 896 μεγίστῳ
2515 825 2622 895 γὰρ
2659 825 2814 895 μέρει
2839 823 2931 876 καὶ
2975 822 3130 875 τοῦτο
3159 819 3520 890 φιλοτιμεῖται

268 925 614 978 ἐντεῦθενδ⁹
644 923 997 993 ἀνοιγομένης
1028 922 1178 989 σφίσι
1205 921 1307 991 τῆς
1351 923 1486 992 πρὸς
1529 921 1732 973 ἐκεῖνον
1757 934 1849 971 κε·-
1950 923 2058 982 τοῐς
2100 918 2256 984 ζώοις
2301 921 2332 975 ἡ
2371 918 2550 988 φύσις,
2587 917 2662 979 ὡς
2692 916 2744 968 εἴ
2771 935 2850 978 τις,
2888 914 3179 967 ὲπιτὶθοιτο
3235 925 3519 993 προσαμυ-

269 1021 499 1074 λεῦθου.
1949 1011 2176 1081 νεῖσθαι)
2207 1011 2309 1088 οὐχ
2330 1010 2470 1080 ὁπλῇ
2491 1008 2630 1062 κατὰ
2651 1008 2776 1070 τοὺς
2804 1008 3021 1070 ἵππους,
3057 1006 3087 1074 ἢ
3148 1005 3337 1073 κέρατι
3379 991 3521 1055 κατὰ

1953 1104 2078 1174 βοῦς
2115 1104 2253 1175 (οὐδὲ
2287 1103 2394 1172 γὰρ
2424 1102 2647 1169 κέρασιν
2681 1099 2985 1168 ἔστεπται),
3034 1099 3134 1150 οὐκ
3170 1096 3341 1148 ὀδόντι
3377 1092 3521 1147 κατὰ

418 1155 482 1207 δ’.
509 1153 648 1220 Περὶ
682 1148 1292 1220 καμηλοπαρδάλεως,
1331 1145 1544 1199 ὁποῖόν
1570 1145 1724 1198 ἐστι.

357 1287 591 1361 [P.ll8]
635 1290 723 1341 Ἐν
752 1288 806 1340 δὲ
825 1289 933 1350 τοῖς
977 1287 1306 1357 χαρίσμασιν
1359 1279 1428 1355 ἦν
1469 1285 1562 1337 καὶ
1611 1279 1854 1350 καμηλο-

268 1379 566 1450 πάρδαλις,
602 1378 738 1443 ζῶον
791 1369 1090 1446 θαθμάσιον
1137 1377 1232 1429 καὶ
1299 1373 1585 1440 ἀσύνηθες,
1616 1372 1742 1441 περὶ
1794 1362 1854 1422 οὗ

265 1473 441 1540 ὀλίγα
474 1472 732 1542 βούλομαι
752 1472 951 1537 λέγειν,
979 1471 1090 1532 τοῖς
1140 1469 1239 1535 μὲν
1273 1467 1471 1521 ἰδοῦσιν
1527 1465 1852 1532 ὑπόμνησιν,

266 1567 392 1628 τοῖς
432 1564 488 1617 δὲ
518 1563 650 1634 μηδὲ
676 1561 1032 1630 Θεασαμένοις
1078 1557 1442 1613 διδασκαλίαν.
1489 1557 1654 1625 Σῶμα
1683 1554 1856 1624 τούτῳ

269 1654 504 1724 μέτριον
533 1653 649 1707 κατ’
677 1652 829 1716 ὅνους
859 1651 953 1716 οὓς
986 1652 1262 1712 κάνθωνας
1311 1649 1647 1717 ὀνομάζομεν
1726 1647 1850 1716 δέρε

270 1763 362 1813 μα
385 1747 524 1797 κατὰ
556 1744 871 1814 παρδάλεις,
891 1744 1078 1796 λευκὸν
1106 1744 1200 1794 καὶ
1225 1743 1460 1812 πυρραἰς
1482 1740 1659 1806 φολίσι
1688 1738 1857 1791 κατά-

1954 1196 2074 1258 τοίις
2104 1195 2370 1264 κάπρους,
2391 1191 2490 1245 οὐκ
2519 1191 2667 1257 ὄνυξι
2692 1191 2832 1243 κατὰ
2879 1190 2974 1252 τὰς
3022 1188 3214 1256 γαλᾶς,
3258 1185 3436 1256 μόνοις
3464 1184 3521 1236 δὲ

1951 1291 2064 1350 τοῖς
2092 1287 2324 1351 ὀδοῦσιν,
2353 1282 2532 1354 οἶμαι,
2579 1285 2668 1338 διά
2718 1283 3017 1354 δηγμάτων
3074 1279 3329 1351 μετρίων,
3399 1279 3521 1331 ὅσον

1957 1381 2051 1434 καὶ
2079 1379 2369 1432 ἀποσοϐεῖν
2397 1381 2457 1431 τὸ
2487 1377 2692 1430 λυποῦν
2717 1376 2793 1447 μὴ
2837 1375 3074 1446 βλάπτον
3113 1389 3127 1404 ·
3159 1372 3280 1425 οὐδὲ
3303 1371 3412 1440 γάρ
3443 1388 3525 1430 τις

1960 1472 2038 1534 ἰὸς
2068 1472 2181 1532 τοῖς
2231 1469 2440 1522 ὀδοῦσιν
2489 1469 2852 1538 ὲντέθραπται
2889 1465 3007 1520 κατ’
3031 1467 3212 1519 ἐκεῖνα
3258 1463 3293 1517 ἂ
3317 1463 3379 1533 δὴ
3413 1463 3525 1522 τοῖς

1957 1560 2216 1622 τοιούτοις
2263 1560 2295 1628 ἡ
2344 1558 2503 1628 φύσις
2554 1559 2784 1623 ὁπλίζει.
2842 1556 3012 1611 Τοῦτο
3073 1556 3146 1619 ὡς
3187 1555 3315 1608 εἴτι
3359 1555 3526 1622 τέρας

1958 1655 2168 1707 ἐκεῖθεν
2195 1656 2330 1724 πρὸς
2358 1653 2580 1724 βασιλέα
2606 1651 2956 1721 διακομισθὲν
2978 1652 3214 1719 ἑκάστης
3258 1649 3436 1718 θέαμα
3456 1643 3524 1717 ἦν

1961 1748 2056 1800 καὶ
2084 1747 2264 1818 τρυφὴ
2283 1749 2392 1808 τοῖς
2419 1745 2587 1816 ὁρῶσι
2618 1745 2684 1799 δι’
2709 1745 2912 1814 ἀγορᾶς
2933 1744 3241 1818 ἑλκόμενον.

270 1855 522 1902 anno“
554 1813 699 1899 θὲάιί
729 1835 976 1928 “6W”
1011 1837 1152 1890 κατὰ
1176 1832 1586 1928 “in???”
1634 1833 1691 1897 ἐξ
1729 1832 1854 1928 ᾄδῃ
1886 1813 1928 1867 Β
1959 1860 2018 1916 ε’.
2052 1813 2641 1928 Ὄπω-ςῑαὺξιηάέγτες
2686 1861 2958 1922 Αἰθίοπες
3005 1816 3075 1912 τὰ
3109 1856 3256 1928 κατὰ
3305 1854 3527 1921 Συρίαν

271 1929 453 1982 σθίων
470 1928 752 2000 βουϐώνων
770 1931 826 1990 ἐς
851 1925 1032 1997 ὤμους
1058 1926 1363 1996 ἀνωφερὴς,
1382 1926 1490 1978 τῶν
1510 1923 1856 1993 ἐμπροσθίων

270 2021 462 2075 ποδῶν
493 2020 901 2091 ὑπερκειμένων
950 2019 1240 2088 αὐτάρκως
1262 2018 1370 2070 τῶν
1400 2016 1644 2071 ὄπισθεν.
1706 2015 1854 2086 Τρά-

268 2113 450 2182 χηλος
484 2113 624 2165 κατὰ
647 2112 906 2182 γεράνους
931 2110 1024 2163 ἐπὶ
1057 2110 1322 2181 μήκιστον
1357 2109 1732 2178 ὲκτεινὸμενος
1761 2113 1856 2160 καὶ

269 2209 343 2267 ὲς
369 2205 606 2273 κεφαλὴν
635 2203 984 2271 ἀναγόμενος,
1019 2201 1095 2264 ὡς
1131 2201 1408 2271 ἀγέρωχον
1439 2200 1498 2252 τὸ
1528 2199 1662 2264 ζῶον
1689 2200 1858 2261 ἐγκα-

274 2295 496 2366 θιστᾷν.
535 2295 758 2366 Κεφαλὴ
791 2294 847 2346 δὲ
881 2293 1006 2364 βαιά
1039 2294 1132 2346 καὶ
1164 2290 1529 2362 καμηλοειδὴς
1589 2289 1667 2361 τῷ
1731 2291 1859 2360 σκή-

284 2407 447 2457 ματι.
486 2388 690 2441 Λευκὸν
747 2386 846 2459 τὴν
896 2385 1121 2451 κοιλίαν,
1180 2389 1273 2438 καὶ
1313 2385 1418 2438 ἀπὸ
1449 2384 1721 2455 τραχήλου
1769 2383 1858 2438 διὰ

287 2481 504 2550 ῥάχεως
529 2481 706 2548 πάσης
754 2479 846 2531 καὶ
872 2477 976 2541 ἓως
1006 2477 1170 2548 οὐρᾶς
1206 2476 1434 2547 μετρίας
1464 2473 1727 2546 γραμμὴν
1763 2474 1858 2528 ἐπὶ

279 2571 537 2640 στάθμην
589 2569 842 2639 μέλαιναν
902 2567 1155 2622 ἰθύντατα
1224 2566 1629 2639 περικείμενον.
1693 2564 1858 2629 Πόδες

276 2663 476 2714 λεπτοὶ
521 2659 640 2715 κατ’
687 2660 918 2729 ἐλάφους
953 2661 1046 2713 καὶ
1092 2658 1455 2729 διχηλοῦντες.
1510 2656 1757 2728 Ἥμερον
1813 2653 1859 2709 δ’

282 2852 346 2893 et
372 2839 636 2892 beneﬁcio
661 2838 977 2906 imperantis
1004 2835 1111 2889 illic
1139 2852 1294 2904 posse
1321 2837 1654 2902 contingere.
1681 2833 1861 2901 Quare

282 2933 401 2988 isto
444 2940 501 2985 ut
546 2931 752 3000 placato
787 2931 1153 2999 benevoloque
1196 2939 1457 2995 uteretur,
1493 2929 1676 2982 multis
1717 2928 1862 2997 lega-

285 3025 499 3076 tionum
531 3032 586 3076 et
634 3023 920 3076 missorum
955 3036 1074 3074 cum
1109 3022 1214 3076 illis
1243 3037 1527 3074 uulnerum
1561 3021 1862 3074 conabatur

2125 1931 2546 1998 διεπράξαντο.
2583 1932 2690 1986 Καὶ
2717 1934 2786 1984 τὰ
2827 1929 2976 1982 κατὰ
3001 1929 3107 1981 τὸν
3137 1927 3358 1994 Νόγαν.

2031 2021 2115 2094 [Ρ.
2151 2020 2273 2093 H9]
2310 2021 2470 2076 Ἀλλὰ
2496 2023 2668 2075 ταῦτα
2694 2022 2790 2090 μὲν
2825 2021 2900 2088 τῷ
2928 2017 3215 2090 κρατοῦντι
3237 2016 3526 2086 πεπράχα-

1959 2133 2048 2169 ται
2076 2115 2296 2184 δοκήσει
2334 2113 2426 2167 τοῦ
2455 2113 2721 2168 συνοίσειν
2751 2116 2860 2176 τοῖς
2908 2111 3216 2182 ἡμετέροις.
3254 2113 3363 2162 Καὶ
3401 2113 3524 2162 ὅσον

1963 2201 2062 2270 μὲν
2091 2202 2170 2261 εἰς
2198 2202 2421 2272 εἰρήνην
2466 2201 2693 2255 ἀνυστὸν
2741 2197 2808 2272 ἦν
2853 2203 2914 2254 τὸ
2981 2203 3524 2270 πραγματευόμενον,

1960 2290 2135 2354 ἄλλως
2164 2292 2223 2345 δὲ
2263 2292 2356 2344 καὶ
2417 2295 2471 2354 ἐς
2506 2292 2763 2360 μέγιστον
2826 2291 3201 2360 ἐλυμήναντοο
3258 2295 3371 2352 ταῖς
3423 2293 3526 2361 γὰρ

1964 2383 2216 2454 συνεχέσι
2244 2384 2640 2454 μετακομίσεσι
2679 2385 2786 2436 τῶν
2844 2383 3100 2454 βορέαθεν
3155 2385 3530 2453 μειρακίσκων

1963 2472 2163 2540 πλῆθος
2192 2476 2249 2528 έν
2285 2474 2465 2544 καιρῷ
2522 2475 2724 2527 συστὰν
2771 2475 3159 2543 στρατιωτικὸν
3213 2474 3418 2544 ηὔξησέ
3467 2493 3530 2528 τε

1959 2566 2056 2634 τὴν
2085 2565 2192 2619 τῶν
2219 2566 2492 2619 Αἰθιόπων
2535 2566 2733 2636 ὁρμὴν,
2769 2567 2865 2620 καὶ
2900 2569 3038 2637 ὑπὲρ
3096 2569 3163 2620 τὰ
3207 2570 3530 2637 ἐσκαμμένα

1962 2657 2200 2728 ἐπήδων,
2236 2657 2310 2720 ὼς
2334 2656 2596 2721 πολλάκις
2641 2659 2719 2729 τῷ
2747 2659 2889 2712 κατά
2918 2662 3056 2728 σφᾶς
3101 2661 3342 2730 ἀσφαλεῖ
3397 2665 3531 2734 Bap-

1966 2844 2170 2891 etnaso
2206 2845 2438 2891 tractum
2493 2853 2598 2892 non
2630 2839 2856 2894 invitum
2909 2853 3166 2912 sequatur
3210 2861 3531 2915 quocunque

1968 2926 2208 2980 duxeris.
2237 2924 2410 2980 Herba
2444 2929 2676 2983 vescitur
2712 2943 2726 2980 :
2760 2929 2852 2985 sed
2884 2939 2937 2985 et
2967 2949 3155 3001 panem
3186 2945 3240 2990 et.
3270 2936 3528 2991 hordeum

1966 3033 2072 3070 non
2111 3017 2287 3071 minus
2315 3033 2473 3085 quam
2506 3033 2634 3072 oves
2663 3020 2896 3078 libenter
2929 3031 3134 3093 gustat.
3174 3025 3382 3082 lndoles
3413 3038 3530 3083 tra-

281 3113 481 3170 oﬂiciis
513 3113 753 3181 assequi.
785 3110 896 3166 Nec
940 3114 1081 3167 votis
1114 3113 1314 3167 excidit
1347 3130 1362 3166 :
1397 3123 1625 3183 angusto
1664 3114 1863 3182 quippe
1888 3153 1930 3211 Ο
1966 3109 2180 3163 stabilis
2217 3127 2314 3164 nec
2345 3112 2625 3168 iracunda.
2665 3112 2721 3168 Si
2757 3116 2884 3185 quid
2916 3117 3154 3171 offendat
3185 3119 3330 3188 (nam
3360 3121 3529 3177 ferme

286 3215 562 3260 annuente
591 3203 758 3259 libere
783 3205 1156 3260 commeabant
1185 3204 1238 3257 iu
1271 3204 1534 3257 Euxinum
1560 3205 1708 3259 missi
1736 3220 1858 3258 cum

283 3312 428 3351 auro
458 3297 624 3351 multo
667 3297 734 3351 ab
763 3297 1075 3366 Aitbiopum
1117 3297 1379 3367 principe,
1413 3298 1501 3366 qui
1535 3295 1859 3368 Scytharum

285 3388 812 3442 adulescentulorum
849 3389 1140 3442 maximum
1178 3402 1370 3458 magna
1409 3390 1632 3457 pecunia
1678 3404 1862 3444 coem-

287 3490 442 3549 ptum
474 3495 753 3533 numernnt
783 3480 882 3548 ipsi
919 3480 1303 3548 perducerent;
1336 3481 1475 3548 quod
1521 3495 1661 3549 stepe
1707 3478 1862 3534 facti-

288 3584 465 3626 tatum
499 3573 766 3636 novimus,
803 3587 866 3626 ex
903 3587 1014 3640 quo
1057 3572 1330 3626 blanditiis
1360 3573 1623 3627 donorum
1665 3572 1861 3627 delini-

288 3677 382 3720 lus
416 3666 710 3754 imperator
752 3679 881 3720 eam,
917 3664 1116 3735 aperiri
1143 3671 1198 3720 et
1232 3673 1346 3718 tuto
1376 3663 1703 3735 frequentari
1741 3679 1862 3734 per-

290 3761 444 3813 misit
468 3759 630 3810 viam.

473 3851 530 3905 4.
565 3849 638 3903 De
687 3845 1116 3917 camelopardali,
1169 3845 1325 3916 quale
1369 3845 1566 3899 animal
1595 3846 1682 3899 ait.

363 3943 628 3998 Caeterum
657 3942 713 3996 in
754 3939 915 3994 donis
946 3941 1046 3992 bac
1085 3940 1150 3991 de
1186 3951 1346 3990 causa
1385 3936 1560 3991 missis
1610 3934 1852 3990 camelo-

302 4033 542 4104 pardalis
579 4033 702 4097 fuit,
737 4030 935 4086 animal
987 4044 1170 4084 rarum
1227 4038 1279 4081 et
1312 4027 1577 4093 mirabile,
1635 4029 1700 4081 de
1757 4042 1863 4096 quo

296 4124 542 4194 plusCula
604 4124 690 4177 bic
746 4124 1014 4191 subjicere
1067 4121 1302 4181 decrevi,
1369 4127 1428 4172 ιιι
1483 4119 1573 4188 qui
1615 4119 1864 4173 viderunt

295 4219 677 4282 recordentur,
715 4217 807 4284 qui
865 4231 970 4269 non
1026 4215 1278 4269 viderunt
1329 4214 1556 4268 discant.
1612 4212 1776 4267 Moles
1815 4215 1864 4267 ei

294 4312 542 4382 corporis
592 4326 696 4364 non
735 4324 949 4376 magna,
984 4307 1158 4376 qualis
1192 4310 1357 4361 lenne
1396 4321 1708 4377 magnorum
1758 4309 1864 4359 asi-

294 4419 512 4464 norum.
551 4416 686 4469 quos
721 4399 1016 4452 canthones
1059 4410 1334 4451 vocamus.
1387 4394 1530 4449 Pelle
1579 4395 1864 4449 obducitur

1963 3202 2327 3256 animantibus
2353 3214 2539 3258 natura
2563 3205 2760 3274 quibus
2781 3207 3006 3294 injurias
3034 3213 3348 3279 propulsent
3376 3230 3525 3269 arma

1965 3308 2068 3345 non
2101 3295 2359 3366 negavit),
2387 3297 2428 3348 si
2457 3297 2608 3366 quid,
2661 3299 2904 3367 inquam,
2944 3301 3191 3356 infestum
3242 3305 3526 3374 ingruerit,

1964 3399 2069 3439 non
2099 3384 2150 3438 id
2183 3387 2332 3441 calce
2364 3397 2421 3442 ιιι
2443 3391 2592 3457 equi,
2629 3406 2736 3445 non
2769 3400 2826 3446 ut
2871 3393 3033 3448 boves
3061 3411 3258 3461 cornu,
3299 3396 3404 3467 quo
3431 3417 3526 3454 ca-

1966 3485 2066 3554 ret,
2098 3489 2202 3528 non
2231 3477 2391 3531 dente
2413 3481 2761 3549 sanguinaria
2783 3491 2837 3537 et
2884 3485 3134 3552 terribili,
3167 3498 3224 3542 ιιι
3254 3492 3388 3558 apri,
3422 3509 3524 3544 non

1963 3568 2230 3637 unguibus
2263 3580 2321 3624 ut
2350 3570 2502 3638 feles,
2530 3577 2622 3628 sed
2654 3575 2806 3640 solis,
2850 3587 2998 3645 puto,
3029 3596 3134 3633 non
3189 3585 3365 3638 acutis
3401 3589 3529 3640 ιιι-ιι-

1967 3657 2108 3728 tibus
2141 3660 2422 3716 ulciscitur
2448 3679 2544 3733 per
2575 3681 2789 3720 morsus
2823 3684 2926 3723 non
2959 3673 3220 3735 rabiosus,
3267 3679 3358 3730 sed
3413 3697 3527 3732 mo-

1964 3751 2200 3814 deratos,
2233 3763 2289 3806 ut
2322 3755 2588 3824 intelligas
2618 3758 2757 3812 nolle
2783 3759 2954 3828 ipsum
2997 3764 3117 3821 aliis
3151 3783 3364 3832 nocere,
3396 3776 3529 3825 satis

1966 3841 2167 3897 habens
2199 3847 2265 3898 ab
2295 3861 2413 3900 sese
2464 3853 2944 3922 quomodocunque
2975 3859 3528 3924 propnISarenoxam.

1963 3931 2146 4000 Neque
2181 3937 2260 3990 vis
2289 3937 2390 3989 ufla
2427 3941 2610 3992 veneni
2645 3939 2896 3999 dentibus
2923 3947 3106 4001 subest
3132 3948 3184 4001 in
3235 3953 3524 4018 perniciem

1966 4041 2144 4078 morsu
2188 4033 2553 4096 plepaganda,
2574 4041 2630 4086 ut
2658 4034 2708 4086 itt
2727 4036 2908 4090 multis
2929 4039 3290 4097 animantibus
3334 4048 3527 4113 quibus

1964 4119 2152 4173 dentes
2205 4131 2394 4175 natura
2446 4137 2544 4190 pro
2598 4127 2764 4179 armis
2823 4129 2990 4182 dedit.
3042 4130 3170 4186 'l‘ale
3227 4139 3524 4206 peregrina:

1967 4207 2150 4262 formae
2180 4211 2462 4266 animale:
2490 4213 2767 4283 [Ethiottia
2792 4221 2855 4272 ad
2889 4219 3262 4288 imperatorem
3302 4244 3520 4282 nassum

1965 4301 2327 4391 Spectaculum
2363 4303 2453 4357 ditt
2491 4307 2865 4375 quotidianum
2909 4323 2961 4366 et
2987 4313 3281 4380 jucundum
3315 4318 3522 4391 Byzanc

1969 4390 2096 4443 tinis
2129 4394 2380 4460 praebuit,
2412 4410 2505 4463 per
2529 4396 2640 4451 lora
2667 4409 2719 4452 et
2746 4402 2948 4466 plateas
2976 4405 3195 4460 ductum
3225 4446 3241 4462 .
3327 4403 3336 4416 ’

292 4499 604 4568 pardalibus
663 4495 851 4557 simili,
913 4495 1092 4548 rubris
1144 4492 1197 4547 in
1245 4492 1369 4546 albo
1421 4491 1654 4559 sparsim
1707 4505 1858 4546 com-

1966 4504 2019 4558 5.
2065 4503 2131 4558 Ut
2157 4509 2300 4561 aucti
2333 4510 2526 4564 viribus
2556 4511 2832 4593 Ait-hinec;
2854 4517 2906 4568 in
2931 4515 3084 4586 Syria
3117 4535 3221 4574 rem
3248 4527 3524 4593 gesserint,

291 4600 491 4660 puncta
557 4587 804 4648 maculis.
856 4585 1240 4655 magnitudinis
1293 4599 1356 4638 ac
1409 4582 1590 4652 ﬁgura:
1641 4598 1860 4652 squam-

296 4698 532 4737 marum.
567 4679 761 4734 Forma
793 4679 1039 4746 corporis
1069 4679 1304 4732 camelos
1347 4678 1608 4742 imitatur,
1645 4693 1673 4730 a
1711 4685 1858 4747 tergo

294 4788 347 4828 et
376 4778 583 4828 leniore
619 4775 683 4825 ad
724 4787 906 4824 annos
937 4788 1149 4842 sursum
1190 4771 1459 4832 eminens,
1494 4767 1859 4822 anterioribus

297 4866 552 4921 cruribus
581 4865 914 4933 longitudine
951 4878 1053 4915 non
1096 4863 1302 4915 modice
1336 4863 1712 4931 superantibus
1761 4876 1860 4930 po-

293 4957 545 5011 merium.
583 4955 787 5010 Collum
820 4965 876 5007 ιιι
901 4955 951 5007 ἱιι
980 4955 1196 5022 gruibus
1219 4954 1524 5020 longiSsime
1551 4961 1857 5022 prolensum

294 5056 400 5107 alte
450 5055 502 5103 ιιι
536 5055 788 5104 verticem
836 5052 1069 5118 assurgit
1118 5049 1394 5102 fastidiose
1438 5051 1858 5116 circutttqttaque

291 5147 703 5213 despectantem
731 5143 960 5209 quodam
981 5140 1131 5209 quasi
1161 5141 1447 5206 supercilio
1467 5138 1651 5192 ferinae
1671 5153 1861 5206 super-

296 5235 415 5287 bi.e.
456 5232 631 5301 Caput
665 5231 916 5300 exiguum
953 5245 980 5283 a
1013 5230 1233 5283 camelis
1283 5231 1452 5297 ﬁgura
1490 5245 1596 5282 non
1653 5228 1862 5281 discre-

298 5341 450 5394 pans.
496 5322 700 5378 Venter
753 5322 930 5385 albus,
981 5336 1009 5374 a
1069 5323 1246 5390 capite
1297 5335 1390 5390 per
1453 5321 1596 5374 dorsi
1649 5322 1857 5388 spinam

296 5432 470 5486 usque
502 5419 567 5468 ad
604 5416 859 5478 caudam,
910 5430 1029 5482 qua:
1083 5414 1291 5468 modica
1349 5423 1453 5476 εει,
1510 5413 1652 5466 linea
1709 5413 1858 5479 nigra

296 5519 339 5552 Vt
361 5503 440 5554 lut
475 5501 540 5553 ad
571 5516 812 5554 normam
843 5502 1140 5555 rectissime
1171 5503 1428 5570 producta
1457 5502 1720 5566 signatur.
1750 5501 1860 5554 Pe-

294 5596 388 5648 des
421 5593 681 5646 tenuesin
704 5593 1105 5646 similitudinem
1124 5595 1488 5656 cervinorum,
1520 5593 1662 5646 lissis
1700 5592 1860 5661 178

296 5699 346 5738 et
381 5687 477 5751 ipsi
521 5677 754 5754 ungulis.
787 5683 963 5751 l,.sum
1021 5686 1214 5754 alioqui
1266 5685 1464 5737 animal
1519 5698 1856 5738 mansuetum

301 5794 357 5832 ac
399 5779 569 5841 citur,
614 5785 671 5829 ιιι
723 5781 882 5829 ιιιιιιιιι
948 5777 1236 5830 ludendum
1293 5793 1350 5832 se
1411 5779 1587 5847 pueris
1621 5778 1854 5846 praebeat

617 5873 886 5934 ΡΑτιιοι..
938 5875 1050 5934 Gtt.
1089 5874 1321 5934 CXLlll

2566 4591 2612 4635 el
2635 4586 2698 4636 de
2739 4588 2783 4634 Ν
2794 4604 2913 4654 oga.

2033 4669 2164 4735 Quae
2193 4671 2488 4742 imperator
2507 4680 2812 4732 ostentabat
2846 4695 2910 4734 eo
2945 4682 3189 4749 consilio,
3219 4697 3275 4740 ut
3297 4690 3525 4758 p0pulus

1963 4761 2262 4818 delectatus
2292 4765 2465 4820 fructu
2527 4769 2630 4822 ἱειο
2696 4770 2969 4841 longinqui
3001 4781 3307 4832 commercii
3335 4796 3521 4848 pacem

1961 4863 2016 4906 et
2046 4855 2356 4911 societatem
2394 4859 2578 4913 initam
2608 4876 2730 4916 cum
2761 4861 3014 4935 IEtbiupe
3047 4878 3102 4919 ιιι
3135 4871 3333 4925 nostris
3369 4875 3526 4928 rebus

1966 4947 2149 5001 utilem
2201 4951 2470 5014 probaret.
2518 4950 2584 5005 Et
2629 4966 2746 5007 erat
2791 4957 2842 5008 in
2905 4973 2969 5011 ea
3013 4961 3147 5013 forte
3187 4963 3525 5019 conducibile

1963 5038 2258 5106 quidpiam,
2311 5039 2499 5108 siquis
2537 5043 2588 5096 in
2653 5050 2934 5112 praesentis
2991 5065 3086 5103 ttstt
3125 5053 3530 5122 tranquillitatis

1964 5123 2377 5198 acquiesceret:
2412 5133 2504 5185 sed
2542 5135 2632 5203 qui
2693 5135 2847 5206 longe
2899 5140 3203 5194 consuleret
3262 5143 3314 5194 in
3349 5155 3532 5210 postc-

1963 5235 2103 5284 rum,
2139 5237 2387 5290 magnam
2416 5239 2637 5280 summa:
2675 5242 2854 5280 rerum
2885 5240 2939 5283 et
2993 5232 3191 5284 nomini
3221 5233 3528 5292 Christiano

1963 5315 2144 5381 parari
2180 5315 2472 5380 perniciem
2507 5317 2610 5371 ista
2645 5317 2696 5371 itt
2735 5317 2991 5374 barbaros
3045 5321 3367 5394 indulgentia
3401 5341 3530 5383 sen-

1966 5404 2108 5458 tiret.
2132 5403 2205 5458 Ex
2215 5407 2476 5476 perientia
2492 5417 2640 5462 certe
2655 5408 2836 5463 docuit
2857 5421 3044 5465 auctos
3065 5424 3119 5466 et
3141 5419 3528 5478 corroboratus

1965 5493 2259 5571 IEtbippas
2289 5499 2389 5553 isto
2419 5500 2586 5554 libere
2608 5516 2866 5556 concesso
2897 5515 3200 5559 commeatu
3235 5523 3525 5577 puerorum

1963 5603 1992 5640 e
2020 5590 2323 5644 borealibus
2349 5591 2632 5656 tractibus,
2669 5593 2759 5661 qui
2797 5595 2987 5648 deinde
3042 5595 3093 5649 iu
3129 5599 3267 5653 cmlo
3327 5602 3529 5657 mitiori

1963 5682 2212 5734 aillucute
2232 5685 2403 5737 victus
2421 5685 2570 5753 copia
2593 5685 2643 5737 itt
2666 5702 2817 5740 acres
2839 5688 3120 5743 bellatores
3136 5693 3497 5747 adolescerent
3513 5732 3529 5757 ,

1966 5776 2331 5828 fuitmdabiles
2355 5779 2618 5842 evasisse,
2665 5782 2985 5849 conscriptis
3041 5783 3368 5837 exercitibus
3393 5788 3533 5838 invi-

3057 5877 3135 5933 ⁵20
