3926 6522
450 350 562 414 619

1672 347 1992 409 GEORGII
2031 346 2224 407 PACH
2234 346 2509 408 ῩΜΕΡυΕ

3586 345 3692 411 ﬂii

458 465 684 538 ροὖντας
725 462 1050 531 ὑπερορίους
1102 458 1361 530 ἐκφέρειν
1416 459 1689 529 πολέμους
1749 460 1843 513 καὶ
1887 458 2030 512 κατὰ
2057 465 2103 521 Α
2134 462 2431 527 πεσόντων,
2451 458 2558 515 τῶν
2588 458 2687 532 μὲν
2717 460 2955 531 πολέμου
2989 458 3161 532 νόμῳ,
3184 454 3292 513 τῶν
3319 455 3374 511 δι
3398 457 3499 512 καὶ
3525 457 3695 522 ἄλλως

456 554 801 626 Χριστιανῶν
830 552 1199 624 ἀνδρίζεσθαι.
1228 552 1349 608 Τῶν
1388 553 1497 623 γάρ
1522 552 1739 605 Ἰταλῶν
1796 551 1895 619 τὴν
1926 550 2026 620 τῆς

458 648 656 719 Συρίας
682 647 900 715 ἀπάσης
926 644 1201 716 παραλίαν
1247 646 1586 716 κατεχόντων
1630 647 1724 697 καὶ
1773 643 2028 713 Φοινίκης

457 739 733 808 ἀρχόντων
761 740 855 789 καὶ
888 735 1060 805 αὐτῆς
1107 735 1437 807 Ἀντιοχείας
1473 736 1533 787 τὸ
1553 736 1752 805 κράτος
1774 734 2025 803 ἑχόντων,

455 826 1002 897 διαμφισϐητούντων
1036 825 1081 879 δ’
1106 825 1164 890 ἐξ
1200 826 1507 896 ὑπερτέρας
1553 826 1733 897 ἰσχύος
1772 827 1866 879 καί
1917 825 2027 877 τῶν

455 918 552 1015 τῆς
595 918 965 1015 Παλαιστίνης
993 918 1188 1015 τόπων
1222 917 1298 1015 ῶς
1323 916 1616 1015 άγιότητος
1666 916 1823 1015 δόξαν
1873 915 2028 1015 ἑχόν-

453 990 583 1076 τωῖι,
613 1011 708 1064 καὶ
744 990 1142 1081 μάλαέίκότως
1164 1008 1255 1063 διὰ
1281 1008 1378 1072 τὰς
1402 1010 1582 1061 ικεῖσε
1625 1008 1720 1061 τοῦ
1774 1008 2027 1078 Σωτῆρος

451 1102 732 1173 διατριϐὰς
762 1103 857 1155 καὶ
896 1102 964 1155 τὰ
995 1103 1093 1171 τῆς
1141 1102 1453 1171 οἰκονομίας
1482 1101 1804 1171 τεραστικὲ,
1866 1099 2024 1153 αὐτοί

453 1211 519 1263 γε
548 1195 924 1267 θαρσήσαντες
955 1197 1071 1257 ταῖς
1105 1195 1169 1247 ὲκ
1203 1193 1313 1248 τῶν
1341 1192 1562 1246 Σκυθῶν
1588 1194 1883 1253 συστάσαις
1936 1192 2028 1244 δυ-

453 1284 705 1355 νάμεσιν,
742 1284 1048 1350 ἐξελθόντες
1070 1286 1249 1339 πᾶσαν
1279 1283 1494 1354 ἐκείνην
1524 1283 1623 1354 τὴν
1668 1284 1770 1352 γῆν
1824 1282 2026 1337 Μυσῶν

452 1378 514 1431 τὸ
570 1377 862 1448 λεγόμενον
924 1376 1076 1430 λείαν
1136 1377 1378 1441 ιποίουν,
1431 1376 1538 1439 ἕως
1581 1371 1643 1428 οὗ
1688 1374 1810 1429 κατ’
1844 1374 2026 1441 ὀλίγον

454 1469 596 1541 (οὐδὲ
623 1469 730 1538 γὰρ
764 1464 833 1541 ἦν
855 1470 966 1533 τοῖς
1017 1468 1240 1532 Ἰταλοῖς
1281 1467 1415 1540 πρὸς
1458 1468 1655 1529 αὐτοὺς
1709 1466 2025 1519 σπένδεσθαι

452 1561 774 1633 ὲχθρούς’γε
797 1560 956 1623 ὄντας
980 1559 1076 1613 καὶ
1104 1558 1430 1629 λεγομένους
1485 1559 1578 1612 τοῦ
1624 1558 1807 1628 τιμίου
1866 1574 2027 1610 σταυ-

456 1654 574 1725 ροῦ)
604 1654 696 1706 καὶ
725 1650 904 1705 αὐτῶν
927 1650 991 1722 δὴ
1024 1651 1131 1703 τῶν
1164 1650 1443 1720 μεγίστων
1488 1650 1695 1702 πόλεων
1728 1648 2025 1713 ἐξώσαντες

455 1745 625 1809 αὐτὰς
661 1746 741 1808 εἰς
774 1744 894 1807 ἕδος
920 1742 1282 1813 κατήρειψαν.
1316 1744 1429 1797 Καὶ
1484 1741 1579 1796 νῦν
1608 1744 1785 1795 κεῖται
1830 1742 1928 1811 μὲν
1986 1743 2020 1811 ἡ

453 1836 760 1909 περιφανὴς
799 1835 1116 1906 ’Δντιόχεια,
1145 1838 1323 1889 κεῖται
1359 1836 1415 1888 δὲ
1455 1838 1488 1906 ἡ
1529 1837 1828 1905 ’Δπέιμεια,
1864 1834 2026 1889 κατέ-

454 1929 696 1984 σκαπταί
733 1946 792 1984 τε
824 1928 999 2001 Τύρος
1028 1929 1122 1982 καὶ
1146 1927 1412 1998 Βηρυτδς,
1438 1930 1530 1981 καὶ
1561 1927 1727 1981 Σιδὼν
1766 1930 1835 1981 τὰ
1862 1928 2024 1997 ὃμοια

453 2022 671 2092 πάσχει.
719 2020 1019 2093 Ἑτέρωθεν
1042 2019 1098 2073 δὲ
1125 2020 1314 2092 θρηνεῖ
1336 2020 1647 2075 Λαοδίκεια.
1680 2019 1939 2089 Τρίπολίς
1963 2036 2023 2072 τε

454 2115 547 2168 καὶ
577 2110 905 2183 Πτολεμαῒς,
931 2112 1000 2167 τὰ
1033 2112 1245 2182 μεγάλα
1296 2111 1405 2164 τῶν
1447 2111 1663 2165 Ἰταλῶν
1699 2112 1888 2177 ἄστεα,
1949 2113 2025 2174 ὡς

451 2204 557 2258 οὐδ’
579 2202 643 2258 ἂν
671 2199 810 2274 ἦσαν
837 2204 1164 2272 λογίζονται.
1206 2204 1316 2258 Καὶ
1351 2203 1415 2275 δὴ
1454 2204 1746 2274 Δαμασκὸς
1799 2206 1832 2275 ὴ
1887 2204 2023 2257 καλ-

449 2296 631 2366 λίστη,
661 2297 729 2349 τὰ
754 2296 889 2350 ποτὲ
912 2295 1014 2364 τῆς
1052 2295 1352 2365 Ῥωμαϊδος
1380 2297 1504 2369 ὅρια
1528 2295 1649 2350 καθ’
1677 2297 1836 2368 ἑῴαν,
1883 2297 2027 2367 ἠφά-

453 2406 629 2443 νισται
651 2388 950 2452 παντελῶς,
978 2390 1071 2441 καὶ
1099 2387 1236 2452 ὅλως
1273 2389 1412 2460 πλὴν
1445 2388 1551 2441 τῶν
1583 2390 1662 2451 si;
1702 2390 2024 2459 Ἀρμενίους

451 2480 749 2534 τελούντων
782 2480 933 2535 οὐδὲν
965 2481 995 2534 ὃ
1026 2494 1080 2532 τι
1115 2481 1451 2534 συνίσταται.
1504 2481 1563 2534 Ὀ
1596 2482 1653 2534 δὲ
1683 2480 2023 2552 παμπληθὴς

452 2572 678 2627 ἐκείνων
732 2572 857 2637 λαὸς
908 2572 1185 2643 πανταχοῦ
1248 2573 1349 2643 γῆς
1411 2572 1680 2644 διεσπάρη
1738 2573 1867 2628 ἄνευ
1913 2574 2024 2628 τῶν

457 2755 563 2811 clis
594 2768 611 2821 ;
641 2753 867 2823 necjam
899 2751 1092 2807 virium
1140 2752 1385 2807 conscios
1432 2768 1654 2808 suarum
1705 2769 1830 2811 sese
1881 2755 2024 2810 intra

454 2846 726 2903 cancellos
748 2844 910 2915 179
925 2844 1050 2899 olim
1069 2845 1209 2900 ﬁxos
1233 2844 1469 2900 tenuisse
1487 2856 1579 2899 aut
1601 2860 1787 2902 secura
1806 2862 2025 2918 posses-

454 2941 609 2995 sione
630 2940 973 3009 propriorum
994 2944 1278 2995 contentos
1294 2938 1437 2991 domi
1464 2939 1819 3007 acquievisse,
1841 2956 2024 2995 verum

434 3046 628 3087 'ausos
657 3040 948 3098 erumpere
1008 3044 1071 3085 ac
1128 3043 1270 3100 saepe
1324 3030 1459 3085 bella
1522 3033 1765 3088 linitimis
1801 3034 2023 3101 inferre,

453 3119 641 3188 sicque
687 3132 884 3186 magno
945 3117 1024 3171 rei
1056 3117 1374 3173 Christiana:
1434 3122 1632 3175 damno
1689 3123 1885 3177 famam
1922 3125 2023 3179 sibi

455 3223 680 3279 parasse
740 3209 946 3264 bellicae
986 3209 1219 3263 virtutis.
1284 3207 1428 3267 Italis
1480 3213 1624 3266 enim
1657 3228 1807 3267 oram
1857 3213 2025 3285 Syriae

457 3302 783 3358 maritimam
817 3303 1125 3355 universam
1183 3301 1573 3369 obtinentibus,
1636 3305 2026 3373 imperantibus

455 3395 617 3450 etiam
641 3391 936 3448 Pitmnicia:
989 3404 1046 3448 et
1103 3393 1204 3463 ipsi
1238 3395 1453 3450 urbium
1482 3396 1611 3450 olim
1651 3398 1876 3469 principi
1911 3401 2027 3454 An-

457 3489 672 3544 tiochiae
701 3487 1133 3554 dominantibus,
1166 3494 1222 3541 et
1249 3485 1459 3542 eductis
1497 3489 1621 3544 inde
1679 3490 1873 3547 validis
1926 3507 2023 3547 co-

457 3582 562 3653 piis
594 3593 852 3651 prospere
882 3578 1115 3633 subinde
1138 3587 1351 3636 certare
1379 3582 1562 3638 solitis
1592 3583 1662 3639 de
1681 3587 2027 3655 possessione

457 3676 699 3732 locorum
724 3675 1023 3730 Paiaestinm
1049 3674 1272 3745 antiqua
1303 3679 1609 3732 sanctitatis
1667 3676 1805 3731 fama
1834 3678 2027 3733 merito

455 3768 802 3837 inclytorutn,
831 3765 973 3839 quod
1033 3766 1087 3819 in
1142 3766 1206 3821 iis
1267 3778 1536 3836 versatus,
1572 3784 1768 3838 passus
1800 3779 1852 3826 et
1886 3772 2024 3825 mira

454 3870 709 3929 operatus
740 3858 904 3914 fuerit
950 3858 1091 3914 Deus
1146 3857 1323 3915 iactus
1354 3860 1535 3927 homo,
1593 3862 1693 3930 illi,
1735 3863 1801 3917 de
1828 3862 2025 3934 quibus

455 3957 686 4023 agimus,
729 3951 1015 4022 Ethiopcs
1062 3953 1183 4007 freti
1229 3956 1557 4011 exercitibus
1608 3971 1673 4012 ex
1718 3958 2023 4027 juventute,

453 4059 514 4100 ιιι
541 4045 799 4111 diximus,
856 4043 1112 4115 Scythica
1142 4044 1412 4111 conﬂatis,
1451 4057 1794 4117 erumpentes
1820 4063 1850 4103 e
1910 4049 2025 4105 suis

454 4140 679 4193 latebris
698 4142 847 4193 istas
885 4138 1134 4207 regiones
1202 4139 1482 4191 universas
1536 4136 1940 4194 latrociniorum
1972 4150 2026 4197 et

454 4234 756 4300 pranlatnm
783 4244 1031 4298 campum
1058 4231 1389 4294 habuerunt,
1418 4226 1652 4283 ferentes
1695 4231 1805 4286 illic
1862 4246 2028 4303 agen-

457 4335 644 4391 tesque
697 4330 907 4386 cuncta,
966 4327 1020 4373 et
1080 4327 1335 4388 tanquam
1392 4322 1456 4373 de
1522 4319 1880 4391 Mysis,quod
1916 4324 2023 4379 dici

362 4488 369 4493 ι
457 4416 617 4478 solet,
676 4413 896 4482 impune
943 4412 1113 4479 spolia
1179 4421 1476 4479 rapi-antes,
1536 4413 1707 4468 donec
1763 4414 2022 4483 paulatim

2050 1802 2100 1862 B

2130 555 2279 621 νόμῳ
2304 550 2647 624 μαρτυρικῷ,
2674 552 2748 621 μὴ
2803 552 3253 621 καταδεχομένων
3306 550 3402 620 τὴν
3445 550 3692 618 ἄρνησιν.

2130 647 2238 699 Και
2271 646 2439 698 ταῦτα
2476 644 2574 714 μὲν
2598 644 2870 697 Αἰθιόπων
2906 644 2966 695 τὸ
2992 640 3376 711 Χριστιανικὸν
3407 638 3698 693 ἁπὼναντο

2129 739 2245 798 ταῖς
2280 738 2573 806 ἡμετέραις
2600 734 2882 797 ἀϐουλίαις
2906 734 2940 805 ἢ
2972 732 3284 794 κακονοίαις
3313 731 3347 802 ἢ
3373 730 3696 798 αὐτονόμοις

2128 829 2323 898 ὁρμαῖς
2354 828 2447 880 καὶ
2475 825 2689 897 ὀρέξεσι
2729 840 2743 855 ο
2767 824 3029 894 Τοχάρων
3053 822 3110 875 δὲ
3156 819 3250 872 τοῦ
3308 820 3548 892 θράσους
3608 820 3699 872 καὶ

2128 919 2209 972 ἔτι
2252 920 2537 989 ἁνέχομεν.
2569 917 2633 970 ού
2663 915 2957 986 δυνάμεσιν
2988 913 3252 984 οὖμενουν
3287 912 3375 986 [Ρ.
3408 908 3542 982 120]
3572 909 3702 979 θαρ-

2131 1009 2531 1074 σαλέαις,ἀλλά
2560 1010 2795 1077 φιλικαῖς
2841 1006 2940 1059 εἶτ’
2990 1001 3083 1059 οὖν
3134 1004 3406 1067 δουλικαῖς
3469 1001 3702 1054 ὐπελεύ-

2132 1118 2271 1166 σεσι,
2314 1101 2450 1171 κήδη
2490 1101 2771 1163 ποιοῦντες
2796 1100 2888 1153 καὶ
2940 1097 3379 1167 δωροφοροῦντες
3439 1095 3701 1163 συχνάκις

2127 1196 2196 1247 τὰ
2225 1192 2489 1247 κάλλιστά
2514 1209 2573 1246 τε
2610 1196 2703 1246 καὶ
2732 1193 2989 1264 μέγιστα,
3025 1189 3100 1253 ὡς
3130 1189 3227 1242 καὶ
3282 1187 3543 1256 δεύτερον
3579 1185 3703 1239 ἄλλο

2131 1286 2269 1355 μετὰ
2294 1284 2466 1338 ταῦτα
2490 1286 2581 1338 καὶ
2613 1285 2825 1356 χρόνοις
2862 1284 3112 1353 ὑστέροις
3142 1282 3371 1351 συνέστη
3405 1278 3548 1349 πρὸς
3581 1277 3702 1339 τοὺς

2127 1380 2373 1441 δυτικοὺς
2402 1378 2700 1449 Τοχάρους,
2725 1378 2788 1431 ἐκ
2810 1378 2972 1430 ποθεν
3004 1358 3225 1445 deditth
3250 1373 3585 1433 ἑπιστάντας
3614 1368 3703 1422 καὶ

2126 1471 2195 1524 τὰ
2218 1472 2407 1541 βόρεια
2442 1470 2817 1540 κατασχόντας
2840 1467 2960 1540 μεθ’
2985 1469 3068 1522 δτι
3101 1468 3358 1520 πλείστου
3392 1463 3700 1531 δυνάμεως,

2130 1564 2483 1635 συνάλλαγμα
2500 1563 2578 1635 τῷ
2610 1563 2834 1634 ἄρχοντι
2855 1559 3061 1613 τούτων
3095 1559 3269 1628 Νογᾷ,
3304 1555 3553 1616 ὲνδόιτος
3611 1551 3702 1604 τοῦ

2128 1658 2394 1729 βασιλέως
2432 1658 2629 1729 ἑτέραν
2663 1656 2829 1710 παῖδά
2856 1656 2906 1708 oi
2962 1657 3025 1706 ὲκ
3090 1646 3321 1706 σκοτίων
3364 1646 3699 1717 σπερμάτων

2128 1750 2559 1821 γεγεννημένην,
2592 1749 2948 1821 Εὐφροσύνην
2963 1744 3222 1815 τοῠνομα,
3248 1743 3304 1808 ἐξ
3322 1736 3397 1795 ὧν
3419 1738 3702 1792 συνέϐαινε

2132 1841 2270 1915 μετὰ
2300 1844 2477 1911 φιλίας
2501 1842 2742 1903 ἐκείνους
2770 1839 2913 1909 ἔχειν
2942 1838 2978 1892 ἃ
3024 1837 3091 1907 δὴ
3152 1830 3706 1906 προσταλαιπωροῶο

2124 1952 2222 2005 τες
2257 1936 2480 2006 πολέμῳ
2515 1934 2669 2005 μόλις
2696 1933 2761 1987 ἂν
2779 1931 3036 1986 ἐκτῶντο.

2130 2061 2203 2122 ς’.
2236 2055 2428 2120 Ὅπως
2454 2053 2514 2107 al
2540 2049 2696 2118 τρεῖς
2724 2044 3369 2122 ,βασιτῖίδες-ἀνδράσιν
3396 2041 3704 2110 ἡρμόσνῗηο

2652 2136 2776 2173 σαν
2801 2119 2898 2173 καί
2930 2119 3181 2183 ὁποίοις.

2198 2217 2290 2289 Τῷ
2319 2217 2417 2286 μὲν
2443 2212 2536 2269 οὖν
2573 2190 2786 2284 βασιλεῖ
2817 2211 2955 2280 μετὰ
2999 2209 3173 2262 ταῦτα
3204 2208 3500 2276 διέγνωστο
3530 2204 3703 2258 ἀπαλ-

2126 2309 2358 2378 λαγῆναι
2389 2309 2482 2360 καὶ
2505 2307 2615 2360 τῶν
2648 2303 2936 2376 βασιλίδων
2962 2304 3069 2357 τῶν
3095 2304 3188 2356 καὶ
3219 2301 3582 2368 αύταδέλφων
3610 2296 3697 2351 τοῦ

2127 2401 2317 2463 παιδὸς
2358 2400 2628 2460 Ἰωάννου,
2656 2396 2928 2450 δοκουσῶν
2953 2395 3097 2463 ἔχειν
3121 2393 3211 2445 καὶ
3265 2392 3477 2444 τούτων
3515 2390 3576 2442 τὸ
3604 2389 3699 2457 μὲ-

2130 2507 2223 2563 ρος
2252 2490 2525 2561 βασιλείας
2580 2489 2782 2558 κλῆρον
2808 2485 3169 2556 ἁπὸκπατρός.
3232 2484 3341 2538 Καὶ
3391 2483 3486 2536 διὰ
3544 2480 3697 2534 τοῦτο

2130 2583 2265 2657 βαθύ
2292 2601 2344 2637 τι
2374 2583 2588 2637 σκοπῶν
2618 2584 2825 2644 ἐκεῖνος
2856 2578 3161 2649 Ῥωμαίους
3185 2579 3375 2640 αὐταῖς
3407 2575 3697 2647 ούὶσυνήρ·

2132 2762 2270 2817 bello
2330 2760 2647 2815 ceciderunt
2707 2768 2799 2813 aut
2857 2759 3153 2829 tyrannicis
3213 2758 3506 2812 tormentis
3547 2757 3701 2828 180

2128 2856 2452 2911 Christiana:
2504 2869 2665 2908 causa
2700 2852 2844 2917 fidei,
2898 2851 3041 2920 quod
3099 2865 3215 2904 eam
3263 2851 3541 2921 abnegare
3568 2850 3697 2917 jussi

2131 2954 2458 3009 renuercnt,
2516 2944 2820 3011 consumpti
2873 2949 3018 2995 sunt.
3074 2939 3151 2993 En
3210 2938 3336 3005 quid
3394 2940 3700 2994 Christiana

2132 3038 2429 3108 respublica
2486 3036 2777 3105 proiecerit
2850 3047 2917 3088 ex
2971 3035 3145 3087 auctis
3196 3030 3520 3102 [Ethiopum
3573 3031 3697 3086 viri-

2052 3154 2093 3209 ο
2128 3132 2230 3186 bus
2252 3128 2608 3200 imprudentia
2643 3127 2724 3182 vel
2750 3127 2929 3197 potius
2959 3120 3160 3180 malitia
3186 3138 3397 3190 nostra,
3432 3126 3697 3182 consiliis-

2131 3238 2234 3294 que
2262 3222 2563 3277 ambitiosis
2599 3228 2652 3275 et
2691 3220 2930 3288 privatas
2955 3218 3214 3273 utilitates
3244 3214 3380 3274 bene
3416 3218 3696 3288 quantovis

2131 3323 2342 3381 emptas
2376 3311 2661 3380 dispendio
2692 3309 2972 3364 arbitratis
3001 3309 3389 3379 cupiditatibus
3425 3310 3441 3364 ι
3487 3307 3695 3365 Tocha-

2129 3419 2312 3460 rorum
2366 3417 2493 3458 vero
2552 3403 2603 3456 in
2669 3401 2852 3457 clades
2909 3399 3369 3483 _ChriStianorum
3448 3401 3695 3458 ferociam

2131 3495 2311 3551 adhuc
2363 3494 2579 3565 quidem
2614 3500 2889 3563 utcunque
2923 3507 3261 3558 coercemus,
3293 3506 3401 3548 non
3433 3506 3696 3548 armorum

2129 3594 2315 3658 diique
2349 3599 2491 3641 metu
2524 3596 2616 3640 attt
2643 3585 2850 3640 viribus
2895 3585 3116 3649 nostris,
3170 3586 3367 3655 quibus
3430 3598 3589 3656 quam
3614 3600 3698 3654 pa-

2130 3688 2248 3733 rum
2291 3676 2521 3731 lidamns
2542 3675 2643 3745 ipsi
2674 3683 2897 3741 nurum,
2933 3676 3027 3729 sed
3059 3676 3307 3745 precario
3365 3677 3697 3732 emendicats

2130 3770 2303 3839 gratia
2342 3768 2578 3832 illorum,
2603 3767 2742 3829 sive,
2792 3776 2851 3820 ut
2906 3781 3036 3821 vero
3067 3767 3330 3822 vocabulo
3386 3781 3506 3821 rem
3538 3775 3595 3821 ut
3620 3774 3697 3821 est

2128 3862 2521 3932 exprimamus,
2550 3858 2839 3915 servilibus
2863 3859 3164 3931 obsequiis,
3195 3858 3553 3917 aﬂinitatibus
3585 3861 3696 3915 illos

2133 3958 2483 4020 honorantes,
2509 3963 2563 4009 et
2598 3952 2833 4008 ditantes
2858 3953 3014 4008 donis
3036 3954 3367 4008 creberrime
3394 3953 3693 4018 missitatis,

2092 4048 2291 4122 'qnam
2331 4051 2382 4103 in
2418 4060 2530 4103 rem
2589 4048 2790 4119 uptima
2849 4056 2903 4102 et
2956 4046 3344 4118 pretiosissima
3393 4056 3692 4103 nostrorum

2129 4142 2513 4210 impendimus.
2544 4140 2658 4194 linc
2692 4141 2926 4209 pertinet
2961 4139 3099 4207 quod
3133 4138 3411 4208 aliquanto
3447 4141 3693 4211 posthaec

2129 4242 2366 4303 tempora
2400 4231 2576 4287 foedus
2611 4230 2762 4285 inivit
2799 4231 3092 4300 imperator
3124 4243 3246 4284 cum
3301 4231 3569 4285 Tocharis
3596 4229 3691 4286 0c-

2127 4322 2322 4387 ciduis,
2372 4336 2438 4376 ex
2478 4323 2625 4391 prius
2647 4320 2843 4391 ignOtis
2894 4320 3120 4393 prodere
3174 4336 3236 4378 se
3265 4337 3330 4375 ac
3381 4322 3621 4394 proferre
3645 4321 3690 4375 in

2130 4416 2307 4469 lucem
2352 4411 2761 4481 incipientibus,
2815 4422 2872 4466 et
2903 4427 3022 4482 qua:
3067 4413 3266 4469 nostris
3298 4408 3498 4470 finibus
3527 4428 3556 4467 a
3601 4412 3692 4468 Sc-

457 4508 630 4575 (ltuiis
660 4503 1083 4558 abhorrentibus
1105 4516 1135 4556 ιι
1171 4502 1378 4557 findere
1405 4517 1526 4556 cum
1562 4502 1694 4572 ipsis
1726 4504 1917 4559 icendo
1941 4515 2028 4557 ut-
2059 4496 2104 4551 D
2133 4506 2439 4576 ptentrione
2480 4504 2733 4573 oltjacent
2758 4505 2809 4559 vi
2847 4506 3078 4558 maxima
3107 4507 3522 4576 occupantibus.
3555 4505 3691 4574 Quo-

459 4608 583 4666 pote
617 4593 939 4649 veneranda;
965 4593 1143 4647 crucis
1194 4592 1493 4648 notissimis
1545 4603 1598 4647 et
1663 4593 2021 4662 implacabili-

457 4688 560 4742 bus
590 4682 880 4754 hostibus),
912 4682 1112 4753 quoad,
1136 4681 1374 4752 inquam,
1406 4681 1662 4751 paulatim
1682 4692 1801 4751 post
1826 4684 2027 4751 ejectos

456 4779 796 4836 Christianos
854 4790 885 4829 e
934 4774 1185 4829 maximis
1243 4774 1467 4829 urbibus
1529 4775 1670 4844 ipsas
1695 4775 1809 4830 solo
1840 4792 2025 4847 aequa-

458 4877 604 4927 runt.
635 4869 701 4924 Et
734 4883 878 4923 nunc
914 4867 1059 4938 jacet
1089 4866 1303 4937 quidem
1351 4866 1573 4922 illustris
1604 4867 1689 4920 illa
1715 4867 2024 4934 Antiochia,

455 4964 598 5035 jacet
628 4972 682 5017 et
707 4962 968 5031 Apamea.
1013 4959 1292 5013 Destructa
1322 4965 1406 5011 est
1438 4954 1610 5027 Tyrus
1660 4966 1714 5013 et
1773 4958 2024 5030 Berytus.

462 5057 626 5111 Sidon
664 5067 878 5125 quoque
907 5050 1106 5107 similia
1146 5048 1363 5119 patitur.
1404 5048 1523 5102 Alia
1584 5064 1647 5104 ex
1679 5062 1829 5119 parte
1883 5035 2026 5125 luget

460 5148 746 5203 Laodicea.
783 5145 1020 5215 Tripolis
1067 5153 1120 5197 et
1158 5140 1467 5205 Ptolemais,
1502 5157 1709 5211 magne
1768 5141 2023 5195 Italorum

460 5242 646 5305 urbes,
667 5254 734 5294 ac
763 5240 807 5293 si
839 5250 1108 5306 nunquam
1137 5232 1386 5297 fuissent,
1411 5242 1747 5303 repuiantur.
1771 5233 2027 5288 Pulcher-

462 5331 600 5386 rima
646 5329 809 5385 etiam
848 5328 1167 5391 Damascus,
1220 5324 1482 5379 terminus
1516 5323 1644 5377 olim
1676 5323 1931 5379 Romanae
1960 5327 2027 5380 ad

460 5423 733 5477 orientem
762 5420 1004 5483 ditionis,
1038 5428 1230 5471 eversa
1264 5415 1504 5468 funditus
1566 5428 1673 5469 est.
1710 5416 1773 5469 Et
1806 5418 2029 5472 mnnino

463 5526 660 5584 praeter
690 5510 980 5580 vectigales
1007 5507 1276 5562 Armeniis
1308 5510 1558 5577 regiones
1600 5508 1733 5560 nlhil
1770 5510 1839 5561 ibi
1886 5514 2026 5563 sub-

459 5608 625 5663 sistit.
647 5603 1101 5658 Numerosissima
1132 5614 1263 5654 vero
1317 5598 1626 5667 provincias
1659 5600 1777 5652 illas
1819 5604 2029 5670 opimas

460 5698 811 5754 incolentium
877 5692 1168 5749 multitudo
1225 5707 1318 5759 per
1348 5706 1539 5746 omnes
1575 5691 1816 5760 dispersa
1856 5704 2032 5749 terras

461 5792 514 5846 in
572 5789 878 5846 miserrimo
931 5785 1102 5858 gemit
1149 5783 1356 5850 exsilio,
1422 5792 1617 5852 pneter
1671 5800 1765 5840 eos
1819 5787 1908 5854 qni
1940 5799 2029 5839 aut

2128 4614 2249 4653 rum
2278 4597 2510 4667 principi
2554 4595 2703 4667 Noga
2735 4598 2878 4652 dicto
2930 4598 3226 4668 imperator
3256 4600 3415 4655 aliam
3460 4616 3605 4657 suam
3633 4600 3692 4655 li-

2128 4690 2277 4756 liam,
2327 4703 2382 4744 et
2414 4692 2584 4757 ipsam
2613 4704 2677 4743 ex
2706 4688 2897 4759 pellice
2948 4689 3203 4757 genitam,
3253 4690 3404 4747 dedit
3455 4705 3686 4753 uxorem,

2128 4782 2530 4855 Euphrosyncm
2590 4785 2827 4837 nomine.
2883 4781 3041 4839 Unde
3085 4784 3313 4854 contigit
3376 4787 3521 4855 ipsos
3562 4784 3687 4838 ultro

2129 4890 2159 4927 a
2191 4875 2346 4928 nobis
2408 4872 2659 4927 atnicitize
2710 4874 2929 4928 nomine
2956 4875 3261 4929 condonata
3295 4876 3534 4941 auferre,
3573 4888 3683 4945 qua:

2129 4965 2356 5034 ancipiti
2386 4973 2441 5019 et
2472 4965 2742 5020 laborioso
2764 4965 2901 5019 bello
2927 4966 3015 5021 vix
3038 4982 3273 5037 unquam
3299 4969 3577 5038 acquirere
3601 4981 3683 5037 po-

2130 5058 2382 5112 inissent.

2130 5196 2182 5249 6.
2241 5193 2306 5249 Ut
2340 5207 2442 5250 tres
2490 5199 2681 5267 regina:
2734 5198 2947 5252 tradita:
2993 5199 3140 5266 viris,
3174 5209 3221 5253 et
3252 5198 3440 5267 quibus
3478 5198 3678 5268 fuerint.

2206 5328 2331 5383 Post
2365 5330 2476 5383 haec
2512 5330 2746 5384 decrevit
2781 5332 3075 5402 imperator
3107 5347 3360 5389 amovere
3401 5349 3428 5387 a
3465 5350 3523 5391 se
3575 5340 3675 5388 tres

2132 5421 2349 5490 reginas
2376 5424 2522 5488 pueri
2550 5419 2773 5477 Joannis
2803 5420 3021 5478 sorores
3052 5438 3357 5495 germanas,
3379 5441 3495 5494 quae
3520 5424 3676 5478 videri

2132 5524 2382 5582 poterant
2415 5526 2620 5582 partem
2667 5515 3064 5586 aliquamjnris
3102 5517 3167 5572 ad
3203 5516 3484 5589 imperium
3532 5538 3557 5571 a
3589 5534 3675 5586 pa-

2132 5616 2215 5661 tre
2245 5611 2476 5660 traherc.
2530 5606 2709 5672 Quare
2761 5610 3055 5662 cavendum
3102 5612 3264 5665 etiam
3320 5624 3477 5681 atque
3529 5611 3675 5664 etiam

2133 5697 2337 5779 pn_la\it
2363 5713 2429 5751 ne
2461 5698 2523 5749 iis
2559 5698 2795 5750 Romani
2844 5696 3103 5766 c0njugcs
3146 5703 3422 5763 darentur,
3470 5715 3536 5753 ne
3579 5709 3670 5762 qua

2135 5789 2257 5842 inde
2287 5789 2527 5857 cuiquam
2558 5787 2741 5843 olIerri
2773 5805 2956 5843 rerum
2986 5805 3241 5845 novarum
3298 5791 3672 5848 moliendumth
