3926 6520
309 319 424 382 621

1264 319 1361 381 DE
1401 319 1790 382 MICHAELE
1834 316 2292 376 PALr'EOLOGO
2337 316 2482 376 LIB.
2530 316 2616 375 llI

3474 315 3580 376 632

313 449 513 500 μοττε.
560 431 670 497 Τὴν
708 439 806 502 μὲν
833 433 938 502 γάρ
955 431 1032 502 τῷ
1056 433 1162 485 άπὸ
1183 431 1516 502 τούΜορέου
1542 431 1753 499 εὐγενεῖ
1787 430 1892 482 Λα·
1922 431 1971 488 Α
1998 425 2162 486 λικῶς
2202 427 2378 478 πάντα
2405 443 2606 495 τροπον
2631 426 2827 494 ἐπείρα
2853 427 2947 494 τῆς
2999 425 3352 495 σωφροσύνης
3415 441 3576 494 σπερμ-

309 523 456 594 τίνῳ
480 525 641 594 Μαΐῳ
668 526 948 580 Δι6ελικού
959 544 1065 596 ρτῳ
1081 526 1360 595 λεγομένῳ
1391 527 1624 592 συνῆγεν
1648 524 1724 585 εἰς
1743 521 1896 590 λέχος

308 615 573 669 ἐντεῦθεν
602 618 990 688 ἐνδημῆσαντι,
1023 618 1121 689 τὴν
1141 617 1198 670 δὲ
1223 618 1485 686 δευτέραν
1519 616 1736 684 Λατίνῳ
1800 631 1898 683 μεο

307 710 558 774 γιστᾶνι,
587 707 648 762 ὃν
692 709 760 762 ἂν
800 711 994 763 ἐκεῖνοι
1061 712 1219 778 φαῖεν
1269 708 1629 777 σεμνύνοντες
1679 706 1893 767 κόντον,

305 798 493 867 ὄνομα
546 798 880 870 Βιντιμίλια,
929 800 1036 853 ἀπὸ
1069 799 1334 862 Γεννούας
1361 798 1484 850 τότε
1545 794 1896 868 προσελθόντι

308 892 466 945 κατὰ
491 893 683 962 φήμην
713 892 792 963 τῷ
828 891 1061 962 βασιλεῖ,
1089 893 1170 954 είς
1196 892 1375 961 γάμον
1421 889 1613 951 ἐκδοὺς
1672 890 1768 940 καὶ
1797 884 1898 939 δώ-

309 998 438 1052 ροις
468 983 535 1035 τά
573 983 760 1038 εἰκότα
786 983 1326 1052 φιλοφρονησάμενος
1355 982 1675 1050 ἀποπέμπει
1701 978 1896 1047 σύναμ’

308 1072 505 1146 ἐκείνῃ
531 1074 776 1144 συζύγῳ,
803 1074 901 1144 τὴν
917 1076 973 1126 δὲ
998 1075 1185 1144 τρίτην
1206 1074 1501 1143 Βουλγάρῳ
1524 1074 1600 1144 τῷ
1634 1073 1896 1140 Σφεντισ-

307 1161 504 1237 Θλάόῳ
537 1169 679 1220 κατὰ
707 1167 922 1220 Μυσίαν
962 1167 1068 1220 τῶν
1123 1167 1265 1220 κατὰ
1311 1168 1399 1218 τὸν
1434 1161 1607 1234 Αἷμον
1669 1164 1896 1232 ὀρεινῶν

309 1259 548 1328 ἄρχοντι
582 1258 787 1312 δίδωσι.
817 1261 924 1313 Καὶ
953 1259 1126 1322 οὕτως
1153 1259 1377 1311 ἐκείνων
1431 1257 1772 1322 ἀπαλλαγεὶς
1802 1255 1896 1308 καὶ

308 1351 430 1402 τῶν
465 1352 758 1418 φροντίδων
784 1352 892 1403 τῶν
920 1353 1017 1404 ἐπὶ
1042 1352 1269 1414 ταύταις
1295 1353 1487 1421 ῥαΐσας
1518 1350 1732 1420 ἑτέραις
1757 1350 1898 1417 πρά-

313 1438 471 1500 ξεσιν
496 1440 865 1493 ἐπιϐάλλεται.

312 1573 388 1637 ζ’.
425 1575 498 1627 Τὰ
532 1573 680 1626 κατὰ
725 1573 840 1640 τὴν
880 1571 1212 1626 δέσποιναν
1261 1573 1609 1643 Ἀλαμάνίιν
1645 1574 1894 1628 Ἅνναν.

394 1709 632 1782 ιΡΛὲι]
692 1709 888 1762 Φθάνει
948 1709 1047 1779 μὲν
1105 1709 1197 1762 οὖν
1254 1709 1332 1778 τῷ
1382 1709 1516 1776 πρὸς
1587 1708 1895 1778 ’Δλαμάναν

2000 518 2274 584 γενέσθαι.
2344 519 2430 579 Ὠς
2476 518 2520 570 δ’
2566 520 2667 571 οὐκ
2725 519 2910 570 ἔπειθε
2969 518 3139 572 πολλὰ
3199 519 3454 588 πράττων
3485 517 3580 570 καὶ

1998 610 2338 680 δεξιούμενος
2396 611 2557 680 (μηδὲ
2620 612 2728 682 γὰρ
2773 611 2838 664 ἂν
2910 612 3073 665 καλὸν
3125 607 3264 666 εἶναι
3311 612 3344 681 ἢ
3389 612 3581 681 εύπρευ

2002 703 2099 765 πὲς
2170 703 2431 774 βασιλέως
2512 702 2823 755 ἀκούσασαν
2901 704 3153 773 δάμαρτα
3223 702 3364 757 οὕτω
3422 704 3582 773 μεγί-

1999 811 2125 849 στου
2184 799 2277 849 καὶ
2333 795 2564 864 φοϐεροῦ
2627 797 2683 846 ἐν
2748 796 2960 866 ὑστέρῳ
3015 797 3074 850 τὸ
3139 796 3294 866 λέχος
3318 795 3576 864 αἰσχῦναι

2000 889 2096 941 καὶ
2143 886 2220 959 τῷ
2283 889 2475 956 δούλῳ,
2514 890 2562 939 εξ
2598 889 2691 940 καὶ
2746 889 3018 957 βασιλεύοι
3075 889 3192 955 νῦν,
3244 890 3581 942 παλλακεύε-

2003 978 2124 1031 σθαι
2185 981 2448 1050 μεγίστην
2494 979 2662 1034 οὖσαν
2722 984 2785 1032 ἐκ
2843 982 3176 1050 μεγίστων),
3233 983 3394 1035 ἄλλον
3455 983 3581 1034 τινὰ

2002 1072 2200 1141 τρόπον
2259 1072 2400 1140 ἔγνω
2458 1073 2783 1142 θεραπεύειν
2821 1077 2910 1127 τὸν
2961 1075 3324 1143 τυραννοῦντα
3351 1074 3577 1144 μανικὸν

2004 1165 2199 1235 ἔρωτα.
2225 1166 2340 1218 Καὶ
2377 1167 2440 1235 δὴ
2489 1167 2631 1237 αὐτῇ
2671 1168 2770 1236 μὲν
2825 1168 3094 1237 ὑπέσχετο
3130 1167 3306 1237 ἑαυτῷ
3340 1168 3582 1220 συνοικί-

2001 1255 2114 1320 ζειν
2147 1257 2229 1318 εἰς
2256 1256 2432 1326 γάμον
2459 1257 2668 1325 ἀφέντα
2693 1259 2794 1326 τὴν
2833 1257 3053 1321 ἑαυτοῦ,
3088 1258 3232 1326 πλὴν
3277 1260 3366 1310 ἐπὶ
3387 1258 3581 1311 δοκού-

2002 1345 2123 1409 σίιις
2153 1347 2395 1415 εὐλόγοις
2458 1349 2814 1418 προφάσεσιν,
2849 1348 2916 1411 ἃς
2966 1352 3059 1402 καὶ⁵
3111 1347 3426 1417 προύτεινεν
3487 1350 3581 1401 ἐπὶ

2001 1439 2232 1502 πολλῶν,
2267 1439 2438 1509 καλὴν
2476 1439 2572 1507 μὲν
2601 1434 2868 1508 εἶναιτὴν
2919 1440 3203 1507 Θεοδώραν
3257 1440 3420 1509 (οὕτω
3472 1441 3580 1509 γὰρ

1997 1529 2314 1599 ὠνομάζετο
2338 1532 2370 1598 ὴ
2406 1530 2714 1599 Αύγούστα)
2751 1533 2838 1583 καὶ
2865 1532 3055 1599 γένους
3087 1532 3239 1596 ἀξίου
3264 1533 3452 1586 τούτου
3485 1533 3552 1602 βα

2003 1619 2233 1684 σιλικοῦ,
2294 1622 2390 1673 καὶ
2449 1621 2616 1690 μηδὲν
2677 1621 2821 1690 ἔχειν
2864 1623 3276 1695 ἐπαιτιᾶσθαιῆ
3332 1624 3580 1694 γένουςῆ

2003 1714 2357 1781 σωφροσύνης
2379 1715 2595 1783 τρόπων
2623 1714 3128 1784 παραϐεϐασμένων
3159 1716 3190 1786 ἢ
3220 1717 3313 1768 τοῦ
3375 1718 3449 1787 μὴ
3496 1719 3582 1786 φί-

318 1802 648 1872 Ἀνδαν,ἣν
683 1800 1036 1854 συνοικοῦσαν
1069 1803 1152 1853 ἐπ’
1193 1800 1368 1867 ὀλίγον
1395 1797 1540 1873 εἶχεν
1567 1801 1593 1850 ὁ
1641 1798 1734 1852 τοῦ
1782 1800 1897 1853 Λά-
1931 1779 1966 1831 Β
2002 1804 2223 1875 λανόρον
2266 1804 2405 1860 εἶναι
2460 1807 2552 1860 καί
2605 1808 2654 1860 οι
2701 1809 2858 1872 ἀξίαν
2915 1809 3353 1877 συμϐασιλεύειν.
3430 1811 3584 1862 Ἀλλ’

317 1909 492 1960 σκαρι
525 1893 705 1960 πατὴρ
751 1891 1001 1961 Ἰωάννης
1022 1894 1079 1943 ἐν
1115 1892 1327 1959 ἐσχάτῳ
1361 1891 1525 1961 γήρᾳ,
1570 1890 1896 1960 Φρεδερίχου

315 1987 418 2038 τοῦ
476 1984 574 2052 τῆς
628 1984 875 2045 Σικελίας
929 1985 1185 2052 ἄρχοντος
1237 1983 1422 2045 παῖδα,
1461 1982 1556 2034 τού
1605 1983 1804 2052 Μαιρρέ
1854 1981 1900 2033 δ’

321 2077 583 2144 ἀδελφὴν,
621 2078 687 2147 ῆν
724 2077 789 2145 δὴ
815 2077 910 2129 καὶ
932 2080 994 2128 ἐκ
1028 2077 1322 2144 πρεσϐείας
1363 2075 1625 2128 ἐλθοῦσαν
1685 2073 1902 2128 ταινιώ-

325 2185 430 2230 σας
455 2167 751 2237 ὀδηλωθεὶς
779 2166 1031 2236 βασιλεὺς
1067 2167 1318 2233 Ἰωάννης
1344 2163 1664 2232 Αύγούσταν
1687 2162 1900 2223 δεικνὺς

325 2259 579 2312 σύνοικον
619 2259 729 2328 εἶχε
777 2261 872 2312 καὶ
907 2259 1156 2327 ἔστεργε,
1186 2284 1247 2295 --
1281 2256 1357 2326 τῷ
1395 2255 1525 2322 γοῦν
1573 2255 1705 2324 πρὸς
1730 2253 1901 2322 αὐτὴν

325 2352 495 2423 ἔρωτι
523 2352 550 2402 ὁ
579 2351 835 2420 βασιλεὺς
873 2349 1087 2420 Μιχαὴλ
1133 2349 1295 2411 ἁλοὺς
1340 2351 1394 2400 ἐν
1434 2348 1668 2413 ἀσφαλεῖ
1697 2347 1793 2414 μὲν
1825 2342 1904 2397 εἶ-

326 2459 422 2512 χεν
448 2440 530 2508 ἐφ’
559 2434 603 2507 ᾧ
639 2442 776 2510 τάχα
811 2440 886 2510 μὴ
932 2439 1237 2507 ἀποδρᾶναι
1280 2439 1414 2506 πρὸς
1462 2440 1586 2498 τοὺς
1643 2437 1898 2498 οἰκείους,

324 2534 479 2602 ὅμως
537 2532 584 2584 δ’
644 2531 828 2602 ἐκείνῃ
899 2531 1143 2600 προνοῶν
1213 2530 1319 2582 τῶν
1373 2529 1695 2598 ἐπιτηδείων
1747 2528 1901 2596 βασι-

325 2723 512 2785 posset
549 2717 764 2768 occasio
790 2724 844 2768 et
877 2713 1008 2768 oriri
1067 2713 1398 2782 perturbatio
1426 2712 1526 2766 sibi
1584 2711 1905 2780 familiaeque

328 2824 443 2862 suae
465 2807 786 2876 periculosa.
823 2806 987 2875 Igitur
1019 2822 1178 2860 unam
1209 2805 1424 2874 quidem
1457 2805 1694 2874 ipsarum
1731 2804 1902 2857 nobili

326 2899 524 2952 Latino
559 2898 697 2952 Maio
724 2899 789 2952 de
818 2896 1082 2951 Belicurto
1120 2897 1274 2966 181
1305 2907 1636 2965 nuncupato,
1695 2897 1788 2964 qui
1830 2909 1894 2947 ex

331 2991 535 3052 Murco,
566 2993 706 3044 unde
734 3001 888 3045 ortus
921 2999 1058 3054 erat,
1089 2988 1618 3058 Constantinopolim
1669 2990 1900 3041 adtenti-

2001 1901 2299 1965 ἀναγκαῖον
2355 1895 2495 1952 εἶναι
2534 1901 2750 1962 πάντως
2777 1901 3240 1970 εύφυλακτὸτερον
3296 1903 3388 1954 καὶ
3445 1907 3580 1969 πρὶς

2002 1990 2368 2059 τοὺςέχθροὺς
2402 1991 2547 2061 ἐχειν
2577 1992 2668 2044 ἐπὶ
2691 1993 2787 2062 τῆς
2830 1993 3033 2056 πόλεως
3062 1993 3243 2056 ὄντας,
3295 1989 3361 2062 ἦς
3414 2011 3453 2044 π
3488 1995 3514 2045 λ
3554 2012 3582 2056 ς

2007 2082 2345 2152 μένὸζῆλος
2389 2086 2686 2151 ἀναγκαῖος
2737 2085 2794 2136 δ’
2826 2087 2854 2137 ὁ
2907 2085 3171 2147 κίνδυνος,
3233 2086 3330 2138 οὐκ
3383 2086 3583 2151 ὀλίγων

2003 2178 2326 2246 ὲπεισφρεῖν
2361 2177 2613 2246 ἐχόντων,
2643 2179 2732 2230 καὶ
2755 2177 2917 2230 ταῦτ’
2952 2178 3172 2230 Ἰταλῶν
3206 2178 3312 2230 τῶν
3347 2180 3582 2246 ἐχόντων

2005 2267 2290 2336 πρότερον,
2324 2268 2856 2338 παρακεκνισμένων
2883 2269 2977 2321 καὶ
3036 2269 3214 2330 ἄλλως
3264 2273 3342 2331 εἰς
3399 2273 3590 2338 μῆνιν,

2005 2359 2086 2409 ὅτι
2117 2359 2329 2428 ἔχοντες
2381 2360 2758 2432 ἀφῃρέθησαν.
2815 2360 2926 2413 Καὶ
2973 2359 3069 2412 νῦν
3109 2361 3583 2430 παρακινηθέντας

2007 2451 2191 2502 στόλον
2238 2452 2536 2504 ἀκούεσθαι
2568 2452 2797 2522 φοόερὸν
2851 2451 3233 2521 ἐξαρτύεσθαι,
3274 2454 3472 2514 αὐτοὺς
3526 2453 3584 2504 δ’

2006 2545 2271 2596 άντωπεῖν
2339 2547 2534 2614 ὁρμαῖς
2582 2545 2860 2606 τοιαύταις
2916 2545 2990 2614 μὴ
3045 2545 3188 2615 ἐχειν
3225 2563 3238 2575 ·
3293 2545 3418 2598 οὔτε
3475 2545 3582 2614 γάρ

2008 2739 2120 2775 sam
2155 2724 2414 2776 hactenus
2442 2723 2638 2774 famam
2701 2731 2993 2790 transacta,
3033 2723 3248 2777 viduam
3279 2723 3496 2777 maximi
3530 2735 3587 2780 et

2011 2816 2368 2884 potentissimi
2410 2816 2568 2884 182
2602 2817 2966 2884 imperatoris,
2991 2818 3361 2871 contaminare
3385 2817 3582 2872 lectum

2008 2909 2124 2975 ejus
2182 2918 2236 2962 et
2263 2908 2541 2976 augustale
2566 2908 2733 2961 decus
2773 2924 2896 2962 cum
2934 2908 3131 2962 illustri
3161 2910 3422 2962 memoria
3451 2911 3583 2963 tanti

2009 2999 2257 3068 conjugis
2286 2999 2584 3054 fwdissimo
2619 3001 2866 3068 pellit-am
2899 3001 3212 3071 proﬂigare,
3246 3002 3584 3069 sulijiciendo

329 3095 439 3144 rat,
475 3083 818 3136 matrimonio
871 3082 1151 3151 conjunxit
1186 3097 1202 3146 ;
1261 3083 1484 3134 alteram
1525 3079 1718 3134 Latino
1777 3084 1900 3133 item
1940 3117 1978 3170 Ο
2015 3108 2134 3145 sese
2164 3093 2305 3160 ιυιιρί
2340 3092 2550 3145 libidini
2605 3094 2744 3144 servi
2774 3093 2899 3145 ou.“
2955 3094 3072 3159 eius
3098 3108 3160 3147 ac
3207 3076 3428 3158 εὐωδίη,
3463 3095 3588 3149 licet

329 3176 639 3245 megistani,
675 3191 834 3245 quem
859 3176 941 3228 sui
977 3174 1373 3241 perhonoriﬁeo
1405 3175 1544 3242 apud
1567 3175 1712 3242 ipsos
1743 3189 1903 3226 voca-

330 3268 460 3323 bulo
491 3278 711 3322 contum
764 3266 1123 3335 appellabant,
1181 3265 1397 3320 nomine
1453 3263 1768 3328 Vintitnilia,
1812 3267 1902 3332 qui

332 3373 466 3417 tunc
492 3362 694 3416 fatuam
724 3371 942 3416 secutus
985 3375 1051 3414 ex
1089 3357 1220 3412 urbe
1249 3357 1432 3413 Genua
1464 3357 1534 3413 ad
1563 3357 1905 3426 imperatoris

332 3459 650 3510 comitatum
682 3464 1010 3515 accesserat,
1041 3466 1264 3506 uxorem
1322 3451 1554 3515 dedit,et
1598 3452 1751 3505 donis
1778 3466 1902 3505 eum

332 3548 637 3616 magniﬁcis
667 3548 989 3601 honoratum
1019 3546 1070 3598 in
1098 3545 1328 3614 patriam
1361 3560 1487 3598 cum
1517 3559 1658 3599 nova
1694 3547 1906 3599 remisit

331 3641 583 3710 c0njuge.
614 3638 854 3694 Tertiam
886 3637 1171 3691 collocavit
1190 3635 1418 3705 Bulgaro
1435 3633 1903 3703 Sphentistldabo,

333 3743 606 3786 montana:
637 3732 780 3784 circa
807 3729 1052 3784 [lanium
1092 3730 1327 3799 regionis
1351 3729 1400 3782 in
1432 3727 1599 3798 Mysia
1650 3729 1902 3798 principi.

334 3828 536 3894 Sicque
570 3826 655 3879 his
685 3825 1017 3893 imperatorii
1073 3826 1290 3892 generis
1349 3822 1662 3873 mulieribus
1717 3820 1908 3888 procul

333 3921 661 3980 amandatis,
689 3919 895 3970 solutus
923 3931 985 3969 ea
1021 3927 1171 3984 parte
1191 3928 1466 3974 curarum,
1520 3913 1640 3966 aliis
1675 3927 1772 3982 pro
1823 3928 1910 3966 ar-

333 4014 502 4068 bitrio
525 4010 780 4078 gerendis
826 4009 938 4076 jam
975 4006 1305 4062 securiorem
1336 4005 1597 4074 applicuit
1642 4006 1904 4060 animum.

647 4145 694 4200 7.
725 4145 801 4200 De
831 4145 1045 4198 domina
1074 4145 1227 4196 Anna
1262 4143 1581 4197 Alamanna.

404 4284 547 4336 Ante
582 4281 762 4334 omnia
804 4275 1209 4332 memorandum
1242 4285 1325 4330 est
1354 4276 1484 4346 quid
1507 4276 1573 4330 de
1605 4277 1761 4330 Anna
1784 4276 1911 4330 Ala-

335 4391 532 4428 manna
554 4369 858 4426 tentaverit.
881 4366 1078 4421 Fuerat
1105 4369 1218 4422 [nec
1244 4369 1438 4435 exiguo
1460 4368 1910 4438 teinpore_conjux

2019 3184 2174 3237 hodie
2209 3184 2274 3236 ad
2300 3184 2584 3251 imperium
2613 3186 2806 3237 evecti.
2842 3184 3011 3251 Cujus
3038 3186 3406 3239 honestissimi
3439 3198 3586 3240 certa

2016 3276 2273 3345 propositi
2313 3289 2437 3328 cum
2471 3285 2652 3330 tamen
2684 3278 2977 3342 prudenter
3006 3287 3286 3330 Vereretur
3320 3292 3580 3345 quorsum

2021 3385 2174 3422 amor
2210 3370 2479 3438 impotens
2513 3369 2784 3435 desperati
2813 3385 3100 3424 successus
3141 3371 3296 3424 lui-iis
3326 3371 3584 3424 incrnsns

2015 3463 2068 3513 in
2130 3460 2413 3530 tyrannica
2465 3460 2680 3516 licentia
2741 3471 2924 3530 posset
2967 3477 3274 3528 erumpere,
3321 3465 3584 3532 optimmn

2015 3551 2161 3604 factu
2194 3551 2401 3620 putavit
2453 3550 2592 3604 hanc
2621 3552 2941 3604 deliniendze
3001 3552 3279 3622 ﬂagrantis
3322 3557 3592 3622 cupidita-

2015 3643 2086 3695 tis
2118 3644 2254 3695 inire
2272 3643 2561 3696 rationem.
2601 3640 2747 3694 Dixit
2782 3643 3097 3709 imperatori
3161 3644 3582 3714 haudquaquam

2015 3746 2074 3785 se
2109 3731 2402 3785 abhorrere
2436 3730 2502 3783 ab
2528 3730 2642 3796 ejus
2673 3730 2946 3800 conjugio,
2973 3732 3019 3784 si
3050 3733 3174 3801 quis
3208 3737 3397 3788 modus
3424 3751 3582 3804 repe-

2016 3826 2214 3879 riretur
2247 3823 2366 3892 ejus
2399 3822 2638 3891 legitime
2656 3835 2953 3891 sancteque
2984 3825 3380 3880 committendi.
3406 3826 3584 3892 Quare

2017 3918 2224 3970 videret
2249 3916 2443 3982 ecquid
2474 3928 2538 3967 eo
2565 3927 2674 3982 quo
2699 3929 2844 3968 nunc
2875 3926 3020 3968 esset
3048 3915 3355 3984 implicatus
3390 3922 3583 3971 matri-

2017 4011 2200 4066 monio
2234 4024 2354 4064 sese
2382 4009 2486 4062 rite
2508 4014 2696 4078 posset
2727 4008 3034 4062 exsolvere.
3092 4007 3207 4062 Tali
3239 4025 3377 4064 nexu
3411 4011 3582 4066 libero

2016 4114 2096 4162 se,
2130 4109 2188 4152 ut
2217 4099 2465 4162 honeste,
2499 4097 2570 4150 ita
2601 4111 2707 4150 non
2753 4095 3024 4151 illibeuter
3057 4111 3240 4166 postea
3274 4111 3584 4164 nupturam.

2020 4192 2243 4248 Arrexit
2282 4205 2441 4245 aures
2473 4189 2541 4244 ad
2576 4205 2637 4244 ea
2671 4190 2921 4255 Michael,
2971 4199 3027 4246 et
3054 4196 3348 4247 excitatum
3404 4197 3587 4249 oblata

2019 4298 2111 4351 spe
2145 4282 2385 4339 animum
2414 4280 2604 4349 cupide
2655 4281 2886 4334 advertit
2915 4281 2980 4335 ad
3017 4285 3508 4340 conuniniscenilas
3534 4298 3590 4342 et

2019 4370 2217 4438 quibus
2249 4385 2382 4438 Opus
2413 4379 2532 4423 erat
2580 4370 2873 4424 artiliciose
2935 4371 3285 4428 iusinuandas
3315 4379 3587 4444 speciosas

331 4469 559 4524 Joannis
588 4467 834 4545 Augusti,
888 4466 1058 4533 patris
1099 4463 1366 4518 Theodori
1425 4463 1691 4527 Lascaris,
1748 4467 1817 4518 ab
1840 4481 1908 4520 eo
1943 4455 1984 4507 [δ
2017 4476 2212 4516 causas
2248 4462 2618 4530 repudiandae,
2659 4478 2821 4533 quam
2853 4463 3162 4518 habebatin
3200 4470 3582 4533 contubernio,

335 4564 496 4615 ducta
525 4560 578 4612 in
604 4571 850 4611 extremo
879 4557 1048 4619 senio,
1080 4554 1337 4608 Friderici
1371 4555 1570 4610 Sicilia:
1605 4557 1746 4625 regis
1775 4557 1907 4622 ﬁlia,

336 4651 603 4706 Manlredi
635 4665 810 4714 soror,
845 4664 1004 4717 quam
1064 4664 1092 4700 a
1127 4648 1314 4714 legatis
1371 4649 1436 4700 ad
1478 4666 1594 4702 eam
1629 4665 1914 4704 accersen-

338 4749 462 4799 dam
502 4745 682 4796 tnissis
707 4743 994 4796 deductam
1027 4750 1081 4794 et
1110 4741 1339 4794 solemni
1373 4743 1745 4796 coronationis
1805 4745 1911 4795 ritu

341 4841 637 4906 Augustam
679 4835 1004 4888 ἀρείω-ξηαπ)
1040 4843 1371 4885 memoratus
1407 4833 1700 4899 imperator
1747 4833 1912 4886 Joan-

342 4947 436 4985 nes
469 4943 714 4994 uxorein,
749 4941 977 4994 eamque
1032 4939 1338 4992 percaram,
1408 4925 1693 4978 habuerat.
1745 4924 1918 4992 Hujus

340 5039 530 5078 amore
558 5030 748 5089 captus
778 5021 1071 5088 imperator
1101 5017 1324 5071 Michael
1356 5018 1649 5070 custodivit
1683 5031 1802 5070 eam
1839 5018 1917 5070 di-

340 5117 572 5186 ligenter
603 5131 668 5168 ne
699 5115 899 5167 rediret
935 5112 1000 5164 ad
1029 5125 1174 5175 suos,
1212 5111 1493 5177 magniﬁce
1514 5119 1690 5163 tamen
1724 5111 1824 5178 ipsi
1854 5126 1918 5164 ac

340 5211 487 5278 regie
519 5225 639 5274 qua:
691 5222 827 5274 Opus
891 5206 988 5273 ipsi
1049 5215 1204 5256 erant
1255 5206 1321 5257 ad
1376 5204 1578 5256 victum
1607 5203 1918 5271 cultumque

342 5299 716 5368 suppeditans,
747 5306 803 5348 at
829 5296 1030 5347 nullam
1068 5308 1173 5345 non
1214 5291 1431 5344 iuteiint
1489 5293 1782 5342 admovens
1809 5307 1918 5342 ma-

340 5393 562 5446 chinam
591 5388 826 5456 ad'ejus,
860 5388 904 5440 si
930 5402 1035 5454 qua
1074 5386 1283 5438 ratione
1336 5395 1538 5452 posset,
1597 5383 1913 5450 pudicitiam

343 5484 780 5554 expugnandam.
820 5479 877 5534 lu
899 5495 1006 5549 quo
1031 5480 1226 5532 [rustra
1255 5477 1378 5543 fuit,
1413 5486 1558 5530 artes
1587 5477 1702 5543 ejus
1726 5491 1916 5530 amnes

345 5577 743 5642 insidiosasque
776 5571 1066 5626 blanditias
1097 5583 1341 5623 matrona
1380 5567 1690 5636 repellente,
1721 5569 1917 5636 quippe

347 5682 463 5732 qum
482 5665 755 5733 sapienter
777 5671 1048 5730 reputaret
1070 5675 1228 5726 quam
1251 5658 1566 5727 probrosum
1587 5660 1720 5712 let-et
1744 5677 1798 5709 sc
1823 5660 1916 5712 tali

346 5769 516 5809 ortam
554 5756 738 5818 domo,
776 5754 880 5806 vita
920 5755 970 5806 in
999 5768 1203 5804 summa
1243 5751 1504 5821 dignitate
1557 5766 1652 5819 per
1688 5752 1918 5806 inoll'cn-

2016 4557 2284 4626 conjugis.
2344 4557 2536 4612 Aiebat
2595 4560 2735 4612 haud
2793 4575 2852 4612 se
2893 4560 2968 4613 ire
3000 4561 3209 4615 inﬁcias
3266 4561 3422 4616 talem
3469 4577 3592 4614 esse

2020 4648 2359 4702 Theodoram
2391 4651 2466 4718 (id
2499 4659 2614 4703 crat
2642 4650 2904 4719 Augustae
2947 4652 3162 4720 nomen)
3222 4655 3274 4705 in
3309 4670 3413 4721 qua
3454 4655 3589 4706 nihil

2017 4739 2084 4792 ad
2114 4740 2246 4806 regii
2277 4741 2490 4808 generis
2519 4741 2846 4806 claritatem,
2877 4744 2943 4796 ad
2979 4745 3250 4811 pudicitiae
3295 4746 3483 4806 decus.
3522 4750 3588 4798 ad

2020 4845 2232 4884 morum
2263 4833 2608 4886 sanctitatem
2637 4843 2727 4886 aut
2755 4835 3034 4888 caritatem
3069 4837 3122 4889 in
3171 4838 3348 4890 virum
3407 4849 3590 4904 poswt

2018 4921 2318 4988 requirere,
2377 4925 2669 4990 quominus
2733 4924 3110 4994 dignissimam
3148 4928 3405 4982 fateretur
3469 4947 3587 4996 qua:

2019 5026 2200 5066 secum
2243 5013 2554 5082 imperaret.
2613 5015 3071 5070 Considerandum
3141 5032 3314 5072 tamen
3345 5036 3462 5074 e~se
3494 5037 3588 5074 nc-

2019 5104 2322 5156 cessitatcin
2355 5121 2596 5172 gravem,
2627 5107 2928 5160 imminenti
2959 5123 3098 5161 nunc
3140 5111 3300 5162 rebus
3326 5110 3588 5167 Romanis

2021 5198 2190 5249 atroci
2258 5197 2496 5265 periculo
2557 5198 2890 5266 impOsitam,
2954 5201 3180 5254 sollicite
3249 5205 3588 5269 praecavendi

2023 5284 2339 5340 Latinorum
2417 5287 2546 5352 iras,
2619 5300 2807 5356 erepta
2882 5307 3051 5359 nuper
3128 5293 3592 5363 Consmntinopoli

2022 5378 2338 5432 furentium.
2373 5380 2576 5449 Opibus
2636 5382 2780 5451 ipsos
2831 5393 2883 5436 et
2916 5400 3138 5440 nmnero
3163 5388 3362 5451 valere,
3421 5406 3590 5446 causa

2021 5489 2234 5543 quoque
2267 5475 2469 5528 irritari
2526 5479 2886 5530 communiter
2945 5481 3232 5548 plausibili,
3275 5484 3462 5553 plllaUS
3526 5503 3592 5540 ex

2021 5566 2361 5635 possessione
2395 5567 2646 5620 diuturna
2681 5578 2734 5621 et
2772 5571 2952 5624 multis
2985 5574 3261 5640 spoliatos,
3299 5593 3418 5643 quae
3471 5595 3596 5646 pro-

2025 5662 2136 5730 pria
2196 5662 2396 5713 dudum
2447 5660 2838 5730 carissimaque
2872 5663 3189 5719 habuerant.
3253 5668 3593 5723 Concilatnnt

2027 5755 2201 5807 audiri
2237 5763 2404 5808 totum
2467 5751 2721 5806 ltalorutn
2785 5769 3002 5822 nomen,
3061 5769 3114 5812 ct
3148 5763 3348 5814 armari
3379 5767 3598 5831 conspi-
