3926 6520
409 314 514 374 633

1617 302 1944 364 GEORGII
1986 301 2468 362 PACHYMERE

3558 301 3660 366 ϐἔὶ

410 427 573 480 ναυσὶ
638 426 927 488 τοσαύταις
978 418 1118 477 εἶναι
1198 421 1335 492 πρδς
1405 419 1644 486 ἐκείνους
1701 421 1948 492 ἀντέχειν
1978 458 1995 487 ,
2031 430 2072 487 Λ
2104 421 2197 474 τὸν
2227 421 2503 490 Μανουὴλ,
2537 415 2655 474 εἶτα
2682 419 2737 488 δέ
2777 418 2870 474 καὶ
2901 418 2990 473 τὸν
3019 419 3278 488 περιόντα
3314 420 3667 491 Ἀνδρόνικον,

408 518 531 570 οὔτε
585 517 689 587 μὴν
759 518 904 579 οἴους
976 516 1037 569 τ’
1093 510 1231 568 εἶναι
1292 514 1664 584 στρατεύμασι
1721 515 1983 581 πολεμεῖν
2085 511 2144 565 δν
2168 510 2463 583 βασιλικῶς
2514 511 2753 582 ὀπατηρ
2802 512 3014 583 τρέφοι,
3067 511 3165 565 καὶ
3216 511 3400 581 τρίτον
3449 511 3543 564 τὸν
3581 513 3671 566 ἐπι

411 610 552 662 κατὰ
599 610 720 677 γῆν.
793 608 934 669 Τοὺς
989 607 1045 660 δέ
1104 606 1437 676 Βουλγάρους
1495 606 1588 658 καὶ
1627 607 1821 669 αὖτοὺς
1880 606 1985 658 ἑτέ·

412 698 584 768 ρκοοεν
634 696 879 751 ἀπειλεῖν
920 695 1226 749 εἰσϐάλλειν
1274 696 1363 748 διὰ.
1411 694 1655 766 Θρᾴκης,
1699 694 1815 747 καὶι
1858 694 1986 765 μᾶλ-

409 787 501 842 λον
534 787 635 857 τῆς
666 786 741 857 τῷ
787 786 897 839 τῶν
932 787 1264 855 Βουλγάρων
1296 786 1542 857 ,ἄρχοντι
1594 786 1986 855 Κωνσταντίνῳ

412 879 764 948 συνοικούσης
792 880 1031 949 Εἰρήνης
1070 879 1143 949 μὴ
1171 880 1401 949 ἠρεμεῖν
1428 877 1603 947 ἐώσης
1644 878 1734 931 τὸν
1755 877 1988 948 σύζυγον

407 975 475 1042 τῇ
509 972 645 1043 πρὸς
666 972 756 1024 τὸν
794 970 1147 1041 βασιλεύοντα
1175 969 1460 1041 ἀπεχθείᾳ.
1513 967 1710 1039 Κύκλῳ
1743 966 1829 1040 [Ρ.
1860 966 1985 1039 1Ξὲ]

407 1062 536 1132 γοῦν
574 1064 681 1116 τῶν
709 1062 922 1133 ἐχθρῶν
980 1061 1481 1132 παρακινουμένων
1537 1061 1731 1130 χρῆναι
1785 1059 1989 1127 φυλάσ-

410 1156 597 1210 σεσθαι
622 1155 720 1219 τὰς
753 1156 1029 1219 ἐπιθέσεις
1059 1156 1135 1217 είς
1163 1155 1284 1206 ὅσον
1321 1152 1565 1218 δυνατὸν,
1601 1151 1743 1213 ἰδίως
1792 1152 1847 1204 δέ
1901 1152 1989 1205 δε-

406 1248 574 1303 διέναι
620 1248 717 1302 καὶ
756 1247 882 1311 τοὺς
936 1248 1035 1318 τῆς
1091 1247 1361 1317 βασιλίδος
1398 1247 1597 1314 Ἀννης
1640 1245 1875 1307 οἰκείους
1913 1243 1990 1306 ὡς

410 1341 643 1410 ἑτοίμως
668 1340 757 1395 διὰ
788 1338 993 1410 ταύτην
1027 1339 1313 1401 κάκείνους
1371 1340 1485 1401 τοῖς
1511 1336 1691 1401 ἄλλοις
1726 1337 1986 1405 συνεξορι

412 1432 705 1502 μήσοντας.
748 1432 810 1483 El
838 1431 893 1483 δέ
924 1447 975 1483 τι
1006 1429 1557 1501 προμηθευσαίμεθα,
1588 1433 1837 1492 κρεῖττον
1875 1445 1994 1482 και-

410 1521 503 1592 ρὸν
538 1520 775 1591 ἔχοντες,
803 1520 879 1591 μὴ
921 1520 1101 1591 μόνον’
1124 1520 1350 1591 ἐχθροὺς
1380 1522 1626 1585 ἐκείνους
1648 1561 1665 1587 ,
1704 1522 1840 1575 ἀλλὰ
1897 1522 1995 1576 καὶ

409 1612 596 1681 φίλους
649 1613 925 1682 γενέσθαι,
994 1613 1346 1683 αίδουμένους
1384 1613 1444 1666 τδ
1490 1614 1674 1683 κῆδος,
1727 1614 1821 1667 καὶ
1873 1615 1994 1668 κατ’

407 1707 748 1774 ἀγχιστείαν,
808 1706 856 1758 εί
917 1705 1299 1776 συνοικίσομεν
1359 1706 1573 1771 ἑαυτοῖς
1618 1708 1716 1777 τὴν
1746 1709 1991 1771 ἐκείνων,

2086 603 2185 671 τῆς
2232 604 2439 668 πόλεως
2469 603 2798 675 γεννηθέιτα
2820 605 2913 657 τὸν
2967 604 3488 674 Πορφυρογέννητον
3525 605 3674 658 Κων-

2090 700 2390 762 σταντίνον,
2423 696 2649 751 τοιαῦτα
2676 697 2841 751 πάθοι
2873 696 3287 781 ἀπολειφθεῖσα,
3335 697 3665 769 στερηθεῖσα

2092 792 2192 862 μὲν
2224 791 2318 845 τοῦ
2371 793 2582 863 ἀνδρὸς,
2620 792 2945 864 στερηθεῖσα
2975 791 3031 845 δὲ
3070 792 3166 845 καὶ
3215 792 3314 861 τῆς
3370 791 3673 861 βασιλείας,

2090 886 2184 938 καλ⁸
2219 885 2402 955 πάσης
2448 886 2838 958 ἀπερριμμένη
2892 886 3083 955 τιμῆς,
3126 884 3232 955 τὴν
3270 883 3315 937 δ’
3376 883 3669 955 ἀντίξηλον

2091 977 2184 1030 ἐπὶ
2212 982 2306 1029 τοῦ
2334 977 2526 1047 θρόνου
2554 978 2651 1046 τῆς
2677 977 2954 1045 βασιλείας
3010 977 3195 1047 δρῶσα
3244 974 3682 1045 συμϐασιλεύου-

2094 1085 2191 1122 σαν
2220 1067 2295 1138 τῷ
2331 1068 2505 1139 ἀνδρί.
2532 1069 2817 1123 Ὀθεγκαὶ
2850 1069 2990 1140 πρὸς
3018 1070 3111 1123 τὸν
3141 1068 3499 1139 πατριάρχην
3537 1067 3677 1137 πέμ-

2091 1160 2242 1230 ψασα
2296 1161 2533 1215 ἱκετεύει
2570 1162 2827 1233 τοιαύτην
2889 1160 3173 1232 συμφορὰν
3223 1159 3433 1230 ἀμῦναι
3479 1158 3674 1230 ταύτῃ,

2095 1253 2191 1306 καὶ
2220 1252 2403 1321 νόμων
2433 1252 2593 1307 θείων
2613 1251 2957 1324 ὑπερμαχεῖν
2987 1253 3150 1319 ἀξιοῖ.
3216 1252 3309 1313 '0;
3362 1249 3431 1320 δὴ
3491 1248 3677 1319 μαθὼν

2095 1346 2191 1400 καὶ
2213 1345 2512 1414 ἀγάμενος,
2563 1346 2612 1398 εί
2653 1344 2923 1409 τοιούτοις
2960 1343 3267 1416 ἐπιχειροίη
3329 1344 3359 1394 ό
3422 1340 3679 1411 βασιλεὺς

2097 1440 2191 1493 καὶ
2215 1437 2407 1507 ἀνέδην
2445 1437 2555 1490 τῶν
2573 1438 2811 1492 ἀθίκτων
2855 1437 3107 1501 ἆπτεται,
3131 1435 3208 1501 ὡς
3259 1434 3352 1489 καὶ
3392 1434 3524 1496 τοὺς
3571 1449 3683 1486 κει-

2101 1527 2298 1600 μένους
2327 1529 2525 1598 νόμους
2554 1526 2760 1581 ἐθέλειν
2786 1529 3142 1587 καταπατεῖν.
3200 1524 3366 1589 αὐτὸς
3431 1523 3673 1585 τοιοῦτος

2103 1620 2177 1691 μὴ
2206 1618 2556 1689 νομιζόμενος
2574 1618 2859 1690 πρότερον,
2887 1618 3035 1672 δεινά
3064 1617 3236 1672 ἐποίει
3264 1618 3359 1670 καὶ
3376 1616 3673 1685 διεμήνυε,

2098 1714 2159 1767 τὸ
2193 1712 2291 1783 μὲν
2330 1713 2628 1778 ὀνειδίζων,
2671 1712 2789 1765 τὸδ’
2820 1712 3078 1765 ἐπισείων
3128 1709 3323 1781 ἐκείνῳ
3357 1709 3459 1764 καὶ
3486 1707 3588 1780 τὴν
3615 1708 3678 1764 ἐκ

407 1799 624 1860 οἰκείως
662 1798 798 1867 πρὸς
844 1799 992 1869 ἡμᾶς
1031 1798 1275 1869 ἔχοντας.
1339 1798 1526 1852 Ταῦτα
1581 1798 1671 1851 τοῦ
1716 1798 1987 1868 βασιλέως
2025 1779 2067 1837 Β
2095 1779 2231 1859 θεοῦ
2262 1805 2660 1875 ἀγανάκτησιν.
2695 1802 2806 1867 Τὰς
2851 1802 2908 1856 δέ
2949 1819 3012 1871 γε
3057 1779 3366 1873 προφάσεις
3396 1799 3474 1864 ὡς
3535 1799 3678 1853 ἱστὸν

409 1888 798 1959 βουλευομένου
830 1891 924 1944 καὶ
948 1890 1279 1958 σοφιστικῶς
1325 1891 1575 1959 λέγοντος
1624 1892 1827 1959 (ἔπειθε
1880 1893 1989 1961 γὰρ

407 1983 437 2034 ό
468 1982 705 2035 ἐκκαίων
739 1981 900 2052 ἔρως,
931 1982 1026 2035 καὶ
1090 1981 1289 2051 μᾶλλον
1341 1984 1490 2052 παρὰ
1542 1982 1640 2051 τῆς
1696 1983 1986 2051 δεσποίνης

414 2074 613 2144 Ἀννης
646 2072 1163 2145 περιφρονούμενος)
1192 2074 1224 2141 ἠ
1278 2072 1490 2143 βασιλὶς
1523 2073 1775 2143 Θεοδὼρα
1815 2073 1987 2127 πυθο-

413 2164 549 2236 μένη
579 2164 832 2235 χαλεπῶς
859 2159 1007 2234 εἶχεν
1045 2164 1287 2233 ἐνέγκαι,
1312 2167 1361 2218 εἰ
1388 2165 1647 2219 δέσποινα
1676 2164 1985 2235 ἐστεμμένη

410 2252 547 2312 οὖσα
596 2258 691 2312 καὶ
754 2258 954 2329 γνησία
1021 2256 1175 2328 γυνὴ,
1225 2257 1316 2311 ὑπ’
1351 2257 1506 2328 ἀνδρί
1568 2274 1627 2312 τε
1668 2256 1747 2329 τῷ
1778 2257 1989 2329 βασιλεῖ

410 2350 650 2405 τεκοῦσα
675 2350 895 2414 παῖδας.
925 2351 1020 2404 καὶ
1061 2348 1277 2421 πρῶτον
1306 2350 1409 2422 μὲν
1435 2349 1799 2421 ἀποιχόμενον
1827 2351 1987 2406 ἄλλον

415 2542 568 2589 rante
599 2533 868 2590 sententia
887 2532 1237 2604 potentiaque
1260 2531 1719 2589 ferocissimarum
1746 2536 1985 2609 gentium

412 2625 852 2697 potentissimam
882 2624 1133 2693 classem,
1165 2626 1251 2680 cui
1286 2625 1370 2680 vix
1403 2626 1600 2680 habeat
1662 2626 1987 2693 Romanum,

414 2733 524 2788 quo
552 2732 694 2772 nunc
733 2725 875 2773 statu
906 2726 1006 2781 est,
1071 2717 1354 2787 imperium
1415 2718 1545 2788 quid
1582 2717 1716 2774 satis
1751 2716 1986 2772 validum

415 2818 675 2880 opponat.
706 2808 892 2880 Neque
916 2809 1190 2865 maritimo
1218 2820 1477 2879 apparatu
1515 2810 1658 2864 haud
1692 2809 1851 2865 dubie
1885 2809 1990 2865 int-

414 2916 596 2972 pares,
632 2902 983 2959 terrestribus
1014 2900 1204 2957 saltem
1240 2902 1412 2972 cepiis
1450 2901 1619 2957 ﬁdere
1677 2917 1988 2972 possumus,

414 2992 611 3063 quibus
641 2993 772 3045 satis
828 2990 1024 3060 negotii
1080 2990 1354 3044 lacessent
1411 2996 1767 3058 exsurgentes
1798 3003 1828 3042 e
1863 2989 1989 3039 Bul-

415 3086 561 3157 garia
598 3083 757 3154 183
796 3091 995 3160 motus,
1029 3082 1171 3136 unde
1222 3080 1641 3135 Constantinum
1693 3080 1986 3150 priucipvtlt

2096 1896 2338 1967 ἀράχνης
2364 1896 2537 1949 διέλυε
2565 1911 2581 1924 ’
2607 1895 2668 1949 τὸ
2690 1895 2797 1965 γὰρ
2825 1893 2990 1963 φόϐον
3029 1893 3174 1948 θεῖον
3213 1892 3347 1965 παρ’
3397 1891 3555 1945 οὐδὲν
3602 1890 3678 1943 τί·

2098 1987 2286 2041 θεσθαι
2314 1987 2501 2049 κακῶς
2531 1986 2739 2053 κρίνειν
2769 1984 2972 2047 εἰδότος
3021 1978 3162 2038 εἶναι
3208 1982 3269 2036 τὸ
3295 1980 3557 2051 φοϐερὸν,
3617 1979 3677 2033 τδ

2100 2079 2283 2147 μέντοι
2340 2094 2403 2146 γε
2465 2078 2592 2140 τοὺς
2639 2076 2819 2139 θείους
2875 2076 3071 2145 νόμους
3118 2073 3403 2143 φοϐεῖσθαι
3445 2069 3676 2140 ἀφοὸίαν

2097 2162 2239 2220 εἶναι
2275 2167 2540 2237 μεγίστην
2564 2168 2641 2236 τῷ
2668 2165 3013 2234 φοὸουμὲνῳ,
3067 2162 3174 2217 κᾶν
3219 2163 3249 2216 δ
3284 2180 3338 2216 τι
3405 2160 3674 2232 προτείνοι

2097 2275 2181 2322 τις
2208 2259 2300 2311 ἐπὶ
2329 2258 2408 2330 τῷ
2435 2258 2641 2327 φοϐεῖν.
2665 2255 2855 2310 Ταῦτα
2878 2255 2972 2309 τοῦ
2997 2256 3340 2326 πατριάρχου
3373 2257 3472 2307 καὶ
3497 2253 3675 2320 λέγον-

2098 2369 2189 2416 τος
2222 2352 2317 2405 καὶ
2351 2350 2679 2422 μηνύοντος,
2704 2348 2784 2402 ἐτι
2812 2349 2856 2404 δ’
2885 2348 3109 2418 ἐτοίμου
3143 2347 3295 2412 ὄντος
3340 2345 3675 2402 ἀποκόπτειν

2100 2540 2229 2592 ιιοτσ
2261 2535 2525 2608 graviter,
2558 2543 2616 2589 ut
2649 2542 2767 2588 erat
2814 2541 3263 2595 consentaneum,
3326 2530 3474 2584 tulit.
3505 2529 3671 2596 Quam

2100 2632 2245 2687 enim
2282 2628 2680 2685 intolerandum
2710 2625 3047 2681 contumeliae
3076 2638 3245 2694 genus
3276 2624 3395 2678 fore
3452 2638 3513 2678 se
3544 2623 3671 2694 legi-

2105 2723 2292 2778 timam
2324 2718 2629 2789 conjugem,
2657 2732 2777 2789 quas
2803 2718 2923 2771 viro
2963 2714 3279 2786 imperatori
3321 2726 3435 2771 tres
3503 2729 3674 2770 mares

2102 2813 2424 2885 peperisset,
2461 2812 2696 2882 primum
2727 2807 3027 2863 Manuelem
3079 2807 3188 2861 lato
3221 2817 3574 2877 praereptum,
3600 2806 3674 2860 al-

2102 2921 2276 2962 terum
2333 2906 2701 2961 Andronicum
2769 2902 3143 2970 superstitem,
3210 2901 3357 2971 regie
3433 2915 3464 2954 a
3522 2910 3671 2970 patre

2098 3001 2411 3063 educatum,
2448 2998 2686 3061 tertium,
2716 2996 2784 3049 'ex
2839 3007 2947 3063 quo
3000 2990 3527 3061 Constan'inOpolim
3576 2989 3671 3044 mi-

2102 3103 2410 3162 εγενιθιιτιηι,
2437 3091 2508 3145 ibi
2565 3098 2749 3143 natum
2795 3087 2847 3141 itt
2904 3101 3165 3157 purpura,
3224 3082 3668 3151 Constantinum,

417 3173 636 3230 assidue
669 3175 722 3227 in
756 3188 855 3226 nos
884 3140 1227 3226 stimulatum
1258 3165 1661 3224 ardenlissimis
1694 3169 1991 3239 instigatio-

2099 3140 2222 3241 itinde
2278 3140 2824 3255 Porphyrogenitum,
2879 3140 3025 3251 post.
3049 3186 3198 3233 tanta
3249 3178 3447 3233 merita
3475 3140 3667 3231 nullius

417 3268 576 3323 nibus
607 3265 793 3321 irenes
822 3263 1067 3335 conjugis
1093 3260 1249 3318 nobis
1283 3262 1610 3333 perinfensa:
1644 3262 1837 3316 minari
1895 3277 1992 3315 au-

417 3362 599 3416 dimus
626 3358 980 3427 irruptionem
1011 3357 1062 3410 in
1093 3366 1267 3410 terras
1302 3365 1518 3410 nostras
1548 3371 1643 3426 per
1677 3354 1989 3411 Thraciam.

416 3454 478 3510 In
512 3461 658 3508 tanta
700 3449 1044 3505 multitudine
1102 3457 1157 3503 et
1195 3448 1343 3502 rabie
1396 3449 1750 3503 eoorientium
1804 3448 1854 3503 in
1889 3463 1992 3504 nos

418 3564 485 3602 ex
542 3544 692 3602 omni
744 3545 948 3598 circum
1006 3549 1158 3612 parte
1209 3540 1670 3595 ferocissimorum
1730 3541 1990 3609 hostium,

420 3641 546 3710 quis
608 3653 715 3693 non
776 3637 924 3691 videt
957 3633 1333 3690 consulturum
1393 3633 1578 3704 utique
1611 3634 1994 3689 circumventa:

420 3732 660 3801 undique
708 3728 1053 3799 reipublicae,
1115 3728 1206 3797 qui
1259 3726 1467 3782 dederit
1514 3742 1734 3795 operam
1770 3742 1993 3781 nmuero

419 3841 608 3882 eorum
647 3821 938 3877 minuendo
963 3819 1288 3890 quibusdam
1313 3825 1407 3872 aut
1431 3817 1499 3873 ad
1542 3826 1785 3873 nostram
1814 3819 1994 3873 socie-

424 3927 588 3972 tatem
616 3913 955 3970 attrahendis
1005 3922 1099 3966 aut
1157 3926 1188 3965 a
1228 3911 1500 3966 communi
1553 3923 1702 3965 certe
1761 3909 1990 3964 aliorum

421 4010 823 4081 conspiratione
850 4006 1183 4062 ahtlucendis
1214 4004 1373 4074 ?jam
1404 4003 1532 4060 illud
1566 4006 1700 4061 satis
1760 4015 1991 4071 constat,

422 4105 475 4161 in
512 4104 699 4176 primis
728 4100 1046 4156 Latinorum
1096 4098 1299 4154 ditione
1353 4112 1416 4153 ac
1445 4099 1497 4152 vi
1528 4097 1719 4153 bellica
1763 4098 1997 4168 impera-

423 4197 575 4251 trieis
604 4196 772 4248 Annae
799 4200 1054 4262 cognatos
1089 4190 1385 4245 numerari.
1443 4188 1611 4244 Porro
1662 4191 1797 4245 istos
1850 4205 1997 4245 com-

423 4287 679 4342 munione
716 4282 951 4338 nominis
991 4295 1054 4335 ac
1080 4278 1299 4350 generis
1325 4279 1459 4334 satis
1484 4295 1579 4349 per
1609 4294 1668 4334 se
1701 4295 1901 4350 pronos
1924 4280 1976 4334 in

423 4388 605 4449 partes
639 4377 875 4431 hostium
931 4386 1245 4428 nostrorum
1301 4374 1531 4441 propria:
1562 4371 1614 4424 in
1655 4385 1753 4426 nos
1802 4373 1996 4428 saevius

2095 3286 2427 3347 compertam
2493 3276 2662 3344 culpae
2720 3272 3018 3343 repudiari,
3087 3270 3457 3332 exauctorari,
3520 3266 3693 3331 viro,“

2097 3369 2347 3438 imperio,
2387 3369 2593 3422 bouore
2624 3365 2770 3421 omni
2805 3364 3070 3436 privatam
3106 3360 3286 3431 abjici,
3321 3368 3382 3416 et
3431 3361 3668 3415 :emulam

2096 3463 2151 3517 in
2177 3463 2350 3517 locum
2379 3477 2536 3517 suum
2568 3462 2837 3515 intrusam
2868 3456 3035 3529 184
3062 3470 3311 3512 cernere.
3360 3453 3476 3509 Hoc
3528 3463 3664 3507 metu

2096 3556 2256 3611 anxia
2295 3554 2457 3609 mittit
2487 3554 2553 3608 ad
2584 3551 2949 3623 patriarcbam
3003 3549 3097 3619 qui
3129 3563 3253 3604 eum
3300 3562 3406 3604 suo
3456 3546 3667 3601 nomine

2096 3646 2422 3717 suppliciter
2451 3652 2703 3715 rogarent
2751 3652 2808 3696 ut
2836 3652 2944 3697 tam
2977 3649 3215 3694 atrocem
3248 3653 3279 3694 a
3308 3652 3371 3694 se
3425 3635 3664 3704 iniuriam

2096 3748 2329 3803 arceret,
2359 3737 2786 3807 dignareturque
2841 3746 2939 3803 pro
2965 3746 3064 3788 sua
3118 3730 3450 3787 auctoritate
3495 3728 3665 3784 deter-

2096 3844 2221 3885 rere
2274 3829 2681 3897 imperatorem,
2736 3838 2804 3880 ne
2865 3834 2974 3880 tam
3020 3833 3273 3894 ριόιθτνο
3322 3836 3526 3878 ιιιοῐοε
3572 3832 3663 3889 ί)ΐο

2097 3922 2249 3976 libito
2286 3918 2679 3975 commutando
2706 3916 2907 3971 divinis
2933 3914 3147 3986 legibus
3173 3913 3402 3970 illudere
3425 3915 3660 3968 auderet.

2098 4013 2325 4067 Miratus
2355 4011 2647 4079 plurimum
2687 4010 2790 4064 hoc
2821 4008 3049 4063 audiens
3072 4007 3388 4078 patriarcha
3411 4014 3495 4061 est
3516 4004 3654 4075 cogi-

2100 4103 2202 4158 tari
2238 4102 2605 4170 attentarique
2641 4115 2726 4156 res
2750 4100 2880 4156 tales
2907 4098 2977 4154 ab
3005 4100 3353 4168 imperatore,
3384 4098 3558 4168 palam
3591 4097 3665 4149 in-

2097 4195 2371 4250 concessis
2400 4192 2664 4259 initiante,
2696 4207 2795 4247 nec
2822 4200 3047 4247 verente
3078 4206 3172 4261 per
3189 4190 3537 4245 conculcatas
3588 4189 3660 4242 le-

2099 4302 2190 4357 ges
2223 4288 2275 4341 in
2308 4286 2665 4356 cupiditatum
2698 4283 3017 4353 obsequium
3050 4296 3229 4347 ruere,
3277 4289 3493 4351 quantae
3526 4280 3659 4334 illum

2101 4376 2357 4448 nequitia:
2396 4391 2651 4446 capacem
2676 4390 2780 4431 non
2810 4383 2939 4430 ante
2962 4373 3305 4429 credidisset.
3329 4372 3509 4440 Quare
3528 4368 3659 4425 haud

422 4469 846 4527 commovebunt
875 4481 1070 4529 causae,
1102 4466 1409 4534 repetenda:
1462 4463 1886 4534 redttcentlzeque
1909 4467 2000 4519 do-
2026 4494 2073 4552 D
2102 4468 2335 4523 molliter
2358 4468 2732 4535 castigandam
2766 4476 2916 4521 ratus
2947 4460 3327 4535 erumpentem
3359 4466 3413 4520 in
3453 4476 3554 4521 tam
3583 4466 3659 4519 in-

422 4579 570 4617 mum
607 4559 1025 4627 consanguineae
1062 4568 1322 4611 matrona:
1352 4555 1506 4625 quasi
1531 4555 1759 4608 detentae
1783 4570 1814 4608 a
1842 4555 1994 4611 nobis

2101 4557 2441 4612 verecundos
2466 4572 2631 4612 ausus
2662 4559 2956 4623 insaniant,
3003 4558 3326 4626 gravissime
3379 4557 3525 4612 illum
3559 4571 3655 4625 qua

423 4655 640 4725 indigna
676 4651 943 4716 custodia,
974 4651 1080 4704 nisi
1118 4658 1327 4703 mature
1375 4662 1746 4719 pmcavetttus
1804 4658 1861 4703 et
1893 4664 1996 4718 “ex
2096 4648 2473 4717 exprobrando
2495 4663 2603 4718 qua
2631 4647 2972 4717 obiurgando
2992 4649 3286 4719 increpuit,
3314 4648 3476 4703 minis
3505 4646 3656 4702 etiam

424 4752 537 4818 ipsa
573 4747 698 4801 mali
723 4759 887 4800 causa
923 4744 1222 4798 remedium
1255 4743 1569 4811 quaerimus,
1598 4742 1919 4811 tempestiva
1949 4743 1996 4798 si

424 4857 655 4911 unquam
685 4838 943 4891 allinitate
977 4835 1372 4899 contrahenda,
1403 4850 1512 4904 qua
1569 4834 1996 4904 propinquorum

423 4934 653 4989 domina:
684 4931 854 4982 Anna:
892 4943 996 4981 non
1031 4926 1207 4979 solum
1240 4936 1596 4979 exarmeutur
1633 4924 1729 4979 irae
1773 4924 1999 4979 sublatis

424 5024 713 5080 incentivis
761 5021 1032 5083 lllel‘lllll,
1085 5019 1179 5074 sed
1221 5018 1388 5070 etiam
1431 5031 1648 5071 amores
1690 5016 1999 5085 auxiliaque

422 5119 803 5180 concilientur,
835 5126 1095 5180 lanqtttttlt
1139 5122 1325 5178 uttque
1356 5110 1674 5179 propinquis
1700 5119 1756 5163 et
1808 5125 1999 5164 neces-

422 5213 659 5264 suudittc
719 5205 973 5260 connubii
1019 5213 1141 5258 cum
1205 5216 1393 5257 smore
1458 5200 1722 5255 Manfredi
1785 5201 2001 5270 liliaque

421 5301 811 5366 Fridericijam
839 5299 993 5367 quasi
1030 5295 1342 5349 domesticis
1390 5294 1653 5360 ipsorum.
1703 5291 1855 5346 Talia
1886 5308 2002 5347 vcr-

425 5411 550 5451 sare
573 5395 756 5446 animo
787 5406 849 5444 ac
875 5388 1189 5458 sOphisticis
1219 5390 1511 5440 honestare
1555 5385 1741 5439 conari
1774 5386 1999 5439 rationi-

423 5492 524 5543 bus
577 5489 956 5553 imperatorem
1017 5481 1198 5550 (prout
1263 5478 1514 5548 adigebat
1565 5477 1712 5530 illuttt
1768 5493 2002 5533 exurens

426 5577 613 5635 intime
644 5588 888 5629 vaesanas
950 5588 1122 5638 antur,
1157 5571 1369 5625 irrideri
1394 5585 1513 5625 sese
1538 5585 1566 5624 a
1603 5570 1819 5625 domina
1847 5574 2001 5626 Anna

425 5679 479 5724 et
516 5685 649 5722 vana
675 5665 891 5733 objecta
920 5664 1154 5732 imagine
1187 5677 1462 5731 nunquam
1498 5664 1807 5717 successuri
1867 5678 2000 5718 con-

416 5762 550 5835 jugii
579 5760 754 5817 deludi
789 5775 891 5813 non
924 5758 1270 5826 sentientem)
1305 5756 1536 5810 audiens
1554 5755 1790 5824 Augusta
1820 5755 1998 5812 Theo-

2100 4740 2379 4794 intentatis
2400 4741 2491 4792 ira:
2505 4739 2899 4794 divina-.Sitnul
2912 4738 3171 4809 allegatos
3185 4741 3237 4794 in
3255 4739 3529 4796 obtentum
3544 4750 3657 4807 pro-

2101 4845 2264 4887 teme
2293 4831 2528 4887 lasciviae
2549 4841 2839 4898 praetextus
2870 4840 2929 4887 ut
2955 4833 3089 4889 telas
3115 4847 3436 4889 aranearum
3466 4831 3655 4886 amovit

2099 4925 2458 4995 diiﬂavitque,
2486 4924 2760 4994 sapienter
2782 4939 3008 4981 monens
3037 4923 3334 4982 formidare
3358 4926 3460 4980 visu
3485 4920 3653 4980 homi—

2113 5035 2241 5072 num
2272 5028 2327 5071 et
2362 5018 2456 5071 Dei
2485 5034 2681 5073 numen
2710 5032 2773 5072 ac
2791 5017 3006 5087 vigilem
3057 5017 3110 5072 in
3142 5017 3349 5073 scelera
3372 5016 3650 5083 vindictam

2106 5113 2297 5167 audaci
2332 5113 2545 5166 licentia
2575 5127 2833 5182 spernere
2891 5112 3109 5167 nonnisi
3143 5111 3261 5183 ejus
3305 5125 3425 5168 esse
3476 5106 3563 5181 qui
3588 5107 3649 5161 de

2103 5221 2230 5261 vere
2287 5207 2623 5261 terribilibus
2684 5206 2918 5274 pessime
2967 5205 3196 5275 judicet,
3252 5204 3377 5261 hinc
3449 5203 3648 5273 quidem

2102 5297 2263 5351 stulte
2290 5298 2554 5366 trepidus,
2579 5299 2700 5351 inde
2721 5305 3051 5369 praepostere
3104 5312 3361 5369 securus.
3409 5295 3653 5363 Quaecun-

2105 5405 2210 5455 que
2241 5389 2344 5442 sibi
2368 5390 2593 5441 ‘detnum
2632 5367 2900 5442 terrorum
2952 5397 3168 5457 spectra
3197 5367 3364 5457 prave
3411 5381 3651 5440 formido-

2104 5480 2203 5532 losi
2237 5477 2572 5548 contingant,
2601 5478 2810 5532 divinas
2843 5479 3016 5533 vereri
3070 5478 3213 5547 leges
3249 5491 3425 5529 veram
3456 5476 3648 5527 demunt

2103 5571 2452 5627 securitatem
2506 5585 2650 5624 esse.
2709 5570 2989 5624 Desineret
3040 5569 3204 5638 igitur
3256 5582 3390 5622 vana
3445 5560 3653 5620 commi-

2107 5664 2267 5728 nisci,
2300 5673 2353 5718 et
2378 5664 2790 5731 trepidationem
2824 5667 3036 5717 inanem
3087 5662 3233 5732 justo
3268 5671 3332 5716 et‘
3365 5671 3544 5714 sancto
3568 5651 3649 5707 Dei

2110 5771 2253 5833 metu
2286 5759 2689 5828 comprimeret.
2746 5755 2869 5812 llaec
2923 5765 2973 5811 et
3031 5757 3111 5810 his
3158 5765 3512 5824 consentanea
3544 5760 3654 5818 star
