3926 6568
297 496 414 560 025

1255 505 1350 563 DE
1394 505 1782 564 )llCliiELE
1828 506 2282 566 l‘.-\L.'EOLOG0
2323 507 2467 565 LIB.
2517 507 2632 566 lll.

3449 503 3552 564 026

295 610 537 672 ἐκεῖνον,
572 611 620 662 εἰ
644 612 769 666 ἄλλο
792 630 843 664 τι
879 613 1125 683 πράττοι.
1151 615 1244 685 τῆς
1277 615 1371 668 τοῦ
1407 615 1644 685 Χριστοῦ
1684 617 1868 684 ὁλομε-
1902 612 1950 671 Α
1976 616 2070 669 τοῦ
2103 617 2300 670 πάππα
2326 619 2419 669 καὶ
2441 616 2546 668 τῶν
2571 615 2660 667 τοῦ
2693 615 3016 671 πάππα.καὶ
3037 615 3109 676 ὡς
3125 612 3275 666 αὐτοὶ
3295 614 3449 680 φαῖεν
3467 613 3556 678 ἄν,

294 701 456 764 λείας
479 702 554 764 ὡς
583 703 742 771 μέλος
767 705 999 772 σεσηπὸς
1026 705 1124 775 ἢδη
1157 705 1249 758 καὶ
1279 705 1576 774 θεραπείαν
1606 705 1680 776 μὴ
1713 723 1877 774 προσ-

301 794 544 864 ιέμενον,
580 795 701 849 ἐπεὶ
727 797 868 863 ἔγνω
897 798 1281 870 προσκρούσας
1315 801 1341 852 6
1364 800 1614 870 βασιλεὺς
1662 805 1877 870 ἰσχυροι-

291 887 449 956 τέρῳ
469 887 575 940 τῶν
604 888 767 940 αὐτοῦ
791 890 1070 957 δυνάμεων
1105 890 1196 943 καὶ
1229 891 1303 954 ὡς
1354 892 1488 960 πρδς
1523 893 1714 961 Κρῆτα
1750 909 1881 962 κρη-

294 974 444 1038 τίζει
475 975 636 1044 δῆθεν
654 977 744 1028 τὸν
782 979 882 1046 ἤδη
919 978 1158 1047 μαθόντα
1201 980 1301 1042 τὰς
1333 980 1541 1033 ἐκείνου
1594 981 1877 1051 ἐπιχειρή-

298 1083 422 1129 σεις
464 1067 604 1136 (οὐδὲ
648 1069 756 1138 γὰρ
790 1071 878 1122 ἐπὶ
909 1071 1105 1139 μικρὸν
1138 1072 1244 1123 οὐδ’
1280 1073 1495 1125 ἐκείνου
1538 1075 1768 1143 ἠρεμεῖν
1798 1075 1882 1126 εῖα

294 1157 432 1216 τοὺς
475 1156 770 1225 λογισμοὺς
815 1161 846 1228 ἠ
889 1160 983 1212 τοῦ
1010 1162 1197 1224 παιδθις
1248 1161 1492 1216 Ἰωάννου
1521 1164 1612 1216 ἐπὶ
1637 1159 1701 1236 τῇ
1735 1164 1885 1232 βασι-

295 1245 426 1314 λεία
459 1249 806 1318 παρόρασις),
847 1247 1118 1321 πρύμναν
1141 1270 1197 1305 τε
1232 1253 1507 1322 κρούεται,
1542 1255 1600 1306 τὸ
1652 1255 1746 1306 τοῦ
1800 1245 1901 1306 λοέ
1930 1317 1933 1320 _

304 1356 434 1406 γον.
493 1343 586 1394 καὶ
624 1343 697 1404 ὡς
753 1339 896 1412 εἶχεν
933 1345 1223 1412 ὲφοδιάσας
1270 1347 1370 1416 τὴν
1411 1345 1697 1399 δέσποιναν
1759 1349 1888 1398 ’Λν-

299 1450 403 1483 ναν
436 1435 526 1485 ἐπὶ
552 1434 618 1485 τὰ
648 1436 820 1488 οἰκεῖα
853 1437 1090 1506 πέμπειν
1123 1440 1378 1507 αἱρεῖται,
1433 1437 1516 1508 [Ρ.
1553 1436 1676 1508 19.3]
1742 1439 1884 1509 πλὴν

299 1525 396 1576 ἐπ’
454 1526 750 1597 ἀνταμοιόῇ
800 1528 892 1580 τοῦ
946 1532 1094 1598 παρά
1149 1530 1394 1602 τάδελφῷ
1425 1532 1630 1600 ταύτης
1686 1531 1887 1600 Μαφρὲ

229 1637 231 1639 ·
302 1616 675 1682 κατεχομένου
724 1618 1045 1688 Καίσαρος·
1112 1620 1231 1671 ἐκεῖ
1277 1621 1384 1689 γάρ
1449 1622 1497 1672 οἱ
1543 1623 1569 1673 6
1631 1620 1890 1690 πενθερὸς

301 1706 524 1760 ἐκείνου
549 1709 761 1777 Μιχαὴλ
789 1711 815 1762 ὀ
843 1709 1105 1780 δεσπότης
1138 1711 1323 1765 τοῦτον
1358 1715 1635 1782 κρατήσας
1658 1713 1892 1783 ἐξέπεμ-

303 1800 439 1867 ψεν,
501 1800 575 1860 ὡς
638 1804 978 1873 προείρηται.
1036 1804 1159 1858 Ὀτι
1197 1805 1249 1858 δὲ
1287 1806 1486 1874 σκῆψις
1513 1802 1580 1876 ἦν
1611 1807 1804 1876 ἐκείνῳ
1832 1807 1895 1860 τὸ

305 1891 773 1960 προϐαλλόμενον,
806 1895 899 1946 καὶ
933 1894 1092 1962 μόνον
1127 1893 1325 1964 ἔρωτος
1361 1895 1628 1964 Θεραπεία
1687 1897 1778 1948 καὶ
1831 1895 1892 1947 ού

1979 711 2080 775 τῆς
2109 707 2651 774 αὑτῶνἚκκλησίας.
2680 706 2811 760 Οὐδὲ
2833 707 2939 774 γὰρ
2968 705 3249 758 ἐϐούλοντο
3276 705 3413 758 κατὰ
3431 707 3558 770 τοὺς

1981 801 2171 862 ἄλλους
2202 801 2297 853 καὶ
2321 800 2474 853 αὐτοὶ
2506 799 2781 852 εύπειθεῖν
2812 815 2868 850 τε
2895 798 2987 850 καὶ
3024 797 3557 850 ὑποκατακλίνεσθαι

1985 890 2108 945 καθ’
2136 891 2163 944 ὃ
2194 907 2242 942 τι
2267 889 2409 954 λέξοι
2455 890 2547 943 καὶ
2584 889 2777 958 πράξοι
2835 891 2862 940 6
2895 889 2993 957 τῆς
3036 888 3366 956 Ἐκκλησίας
3408 891 3561 942 ἐπει-

1983 983 2278 1052 λημμένος,
2317 981 2434 1033 ἀλλ’
2468 981 2789 1049 αὐτονόμοις
2829 980 3042 1048 χαίρειν
3090 982 3291 1050 ὁρμαῖς
3343 982 3436 1032 καὶ
3467 979 3560 1032 ob-

1984 1091 2091 1136 τως
2121 1074 2211 1126 ἐπὶ
2234 1073 2482 1134 Σικελίας
2518 1073 2611 1125 καὶ
2643 1057 2752 1124 τῶν
2783 1073 2938 1134 ἐκτὸς
2961 1070 3059 1140 τὴν
3091 1071 3267 1141 ἀρχὴν
3314 1073 3560 1124 διοικεῖν.

1997 1165 2376 1235 ’Υόριοπιιθῶν
2395 1166 2438 1218 δ’
2468 1167 2495 1218 6
2512 1165 2741 1226 πάππας
2767 1164 2900 1231 πρὸς
2923 1163 3117 1222 ταῦτα,
3141 1164 3314 1233 εὑρὼν
3329 1163 3564 1233 δραστή-

1988 1274 2102 1330 ριον
2135 1257 2324 1326 ἄνδρα,
2360 1255 2588 1325 ἀδελφὺν
2634 1255 2802 1327 ρηγός
2836 1255 2944 1308 τῶν
2994 1254 3379 1325 Φραντζίσκων
3437 1254 3564 1308 ὄντα

1991 1349 2085 1403 καὶ
2113 1350 2194 1411 εἰς
2233 1348 2463 1410 κύντους
2489 1349 2843 1416 τεταγμένον,
2869 1347 2960 1400 τὸν
3003 1347 3304 1416 Κάρουλον,
3325 1347 3417 1399 τὸν
3447 1348 3567 1400 κατ’

1991 1439 2212 1493 ἐκείνων
2248 1439 2320 1502 ὡς
2359 1439 2518 1508 δῆθεν
2574 1440 2898 1492 ἀποστατῶν
2951 1439 3245 1507 ἐγχειρίζει
3304 1439 3566 1508 πόλεμον,

1990 1535 2159 1597 τάξας
2233 1535 2437 1585 ²ἐκεῖνον
2490 1535 2568 1595 είς
2633 1532 2732 1601 τὴν
2765 1532 2946 1584 αὐτῶν
3003 1534 3171 1600 ρἦα,
3214 1533 3304 1582 καὶ
3337 1531 3571 1596 πόλεμον

1994 1622 2250 1692 ἐμϐαλὼν
2279 1623 2505 1686 ἐκείνοις
2531 1623 2779 1675 ἐντεῦθεν
2812 1623 3147 1690 ἀκήρυκτον.
3172 1622 3254 1692 [Ρ.
3297 1621 3418 1692 1241
3450 1623 3571 1684 Πῶς

1994 1712 2086 1769 οὖν
2109 1717 2156 1768 οξ
2191 1718 2340 1767 τόσον
2369 1715 2750 1783 διαφερόμενοι
2780 1713 2914 1782 πρὸς
2936 1712 3025 1763 τὸν
3085 1711 3358 1782 Κάρουλον
3414 1714 3575 1779 ὁμαι-

1997 1807 2166 1876 χμεῖν-
2199 1804 2337 1873 μετὰ
2366 1803 2460 1856 τοῦ
2513 1802 2774 1872 βασιλέως
2808 1801 3035 1868 ἔμελλον
3075 1801 3336 1866 mimo-ta;
3385 1801 3575 1870 Ὅμως

1999 1897 2058 1949 τδ
2093 1893 2467 1965 μελετώμενον
2499 1892 2873 1962 ἀπεκρούσθη,
2909 1894 2998 1945 καὶ
3032 1895 3058 1944 6
3097 1892 3350 1959 βασιλεὺς
3385 1892 3575 1962 ἔμενεν

305 1981 410 2033 τοῦ
461 1981 639 2036 κοινοῦ
685 1984 1017 2055 προμήθεια,
1077 1987 1105 2039 6
1159 1985 1265 2038 τῶν
1338 1989 1685 2058 πραγμάτων
1736 1987 1891 2050 εἰδὼς
1928 1969 1967 2023 Β
2000 1990 2090 2040 ἐπὶ
2121 1987 2324 2053 τρόπον
2357 1985 2452 2036 καὶ
2477 1981 2544 2036 τὰ
2575 1983 2738 2036 αὑτοῦ
2771 1983 3030 2036 ἕποαττε.
3067 1981 3148 2034 Τὰ
3211 1982 3256 2034 δ’
3308 1977 3448 2051 ἦσαν
3516 1981 3576 2032 τὸ

309 2075 557 2144 ἀκριϐῶς
588 2075 685 2146 τὴν
711 2077 940 2146 μελέτην
985 2077 1377 2149 συνελογίζετο.

313 2237 391 2301 η’.
426 2231 506 2286 Τὰ
531 2232 684 2288 κατά
721 2232 829 2286 τὸν
865 2233 1136 2307 ᾀὸελφὸν
1161 2235 1387 2307 Ἀθήνης
1427 2233 1533 2307 τῆς
1560 2237 1896 2307 δεσποίνης

685 2304 898 2372 Μαφρὲ
932 2303 1031 2358 καὶ
1055 2307 1160 2358 τὸν
1190 2303 1528 2375 Κάρουλοὺ.

392 2441 454 2495 'll
495 2444 603 2513 γὰρ
637 2445 803 2498 Ἀννα
826 2445 1152 2518 Φρεδερίχου
1187 2445 1370 2520 μὲνῆν
1403 2449 1668 2520 θυγάτηρ,
1701 2450 1900 2522 Μαιιςρὲ

319 2536 370 2589 δ’
392 2536 716 2606 αύταδέλφη,
732 2538 801 2602 ὡς
823 2538 850 2589 6
869 2539 1023 2607 λνῖγος
1047 2541 1252 2610 φθάσας
1279 2541 1564 2613 ἐδήλωσεν,
1584 2543 1901 2596 ἀποστατῶν

330 2723 503 2773 vitate
528 2721 619 2772 tali
651 2735 874 2788 persona
925 2720 1083 2788 digna
1153 2732 1460 2777 monentem
1517 2724 1902 2792 patriarcham,

329 2814 591 2883 clareque
647 2815 868 2884 insuper
921 2815 1214 2869 minantem
1255 2831 1376 2871 sese
1429 2817 1602 2883 illum,
1649 2817 1692 2871 si
1745 2831 1906 2886 porro

332 2907 573 2973 cogitata
609 2914 972 2977 promoveret,
1021 2920 1050 2959 e
1078 2905 1279 2960 Christi
1306 2923 1532 2977 corpore
1561 2909 1705 2962 velut
1737 2923 1907 2962 mem-

336 3000 495 3052 brum
529 2998 802 3068 putridnm
859 3007 912 3052 et
944 2998 1279 3053 curationem
1320 3015 1578 3070 respuens
1631 3000 1906 3054 abscissu-

337 3108 482 3154 rum,
515 3091 777 3144 reveritus
807 3090 1121 3156 imperator,
1149 3099 1239 3143 aut
1288 3092 1465 3161 potius
1511 3091 1770 3148 confusus
1825 3092 1912 3145 dc-

343 3185 610 3255 prehensa
641 3183 812 3248 turpis
867 3182 977 3235 voti
1010 3182 1360 3247 conscientia,
1407 3191 1766 3252 eventumque
1820 3184 1911 3239 de-

2001 2075 2198 2146 βουλὰς
2254 2074 2501 2142 ὑφαίνειν
2555 2076 2648 2127 σὺν
2698 2075 2979 2143 ἄρχουσιν,
3037 2074 3183 2135 ὅπως
3235 2072 3579 2134 ἀνακτίζοιτο

2003 2169 2101 2240 μὲν
2147 2171 2180 2239 ἡ
2235 2169 2385 2232 πόλις
2421 2167 2510 2220 διὰ
2544 2166 2754 2238 ταχέων
2810 2165 2895 2219 ἐπ’
2945 2165 3124 2236 ἀδήλῳ
3162 2165 3325 2235 τῷτί
3385 2163 3580 2218 Ἰταλοὶ

2002 2264 2248 2333 φρονοῖεν
2276 2263 2404 2332 περὶ
2433 2261 2604 2330 αὐτῆς
2624 2260 2759 2324 (δέος
2779 2261 2886 2328 γὰρ
2913 2257 2986 2328 μὴ
3012 2257 3234 2326 ἀφανῶς
3262 2256 3579 2324 ἐπιθοῖντο),

2003 2356 2149 2418 ὅπως
2181 2353 2237 2408 δὲ
2273 2353 2572 2424 φυλαχθείη
2610 2349 2902 2420 Ῥωμαίοις
2948 2352 3289 2402 ἐπιστάντων
3333 2349 3578 2408 ἐκείνων,

2002 2450 2096 2500 καὶ
2129 2449 2203 2517 μὴ
2237 2447 2493 2516 φανέντες
2525 2443 2819 2513 λαφύξαιεν
2857 2444 2932 2506 ὡς
2975 2441 3035 2506 ἐξ
3054 2442 3297 2510 ἀνάγκης
3326 2441 3585 2512 κραταιὸ-

2003 2556 2159 2610 τερον
2215 2539 2546 2610 ἐπιθέμενοι.
2607 2539 2742 2592 Οὐδὲ
2777 2539 2884 2608 γὰρ
2915 2538 3145 2608 ἠρεμεῖν
3207 2535 3326 2589 οὐδὲ
3388 2533 3583 2603 μικρὸν

2011 2743 2075 2784 ac
2103 2725 2314 2796 placitis
2345 2723 2678 2780 moderantis
2708 2722 3004 2778 Ecclesiam
3033 2722 3304 2786 volebant,
3333 2721 3427 2774 sed
3457 2719 3587 2775 aﬂ'e-

2009 2821 2231 2877 ctabant
2266 2820 2711 2887 usurpaliantque
2746 2815 2946 2869 nemini
2982 2814 3267 2869 obnoxiam
3315 2811 3585 2866 licentiam

2011 2909 2200 2981 agendi
2227 2919 2282 2964 et
2307 2909 2576 2964 statuendi
2612 2915 2770 2976 prout
2798 2906 3010 2970 liberet,
3032 2920 3095 2958 ac
3125 2905 3201 2958 sic
3232 2915 3336 2956 tam
3370 2903 3422 2956 in
3453 2903 3590 2956 Sici-

2012 3002 2080 3055 lia
2109 3016 2268 3070 quam
2301 3009 2474 3062 extra,
2510 2997 2664 3067 pleno
2695 3005 2747 3050 et
2775 2996 2977 3050 nullum
3006 3002 3327 3064 agnoscente
3349 2992 3592 3062 superio-

2016 3108 2126 3146 rem
2157 3091 2417 3154 dominio,
2449 3105 2692 3158 regnare.
2720 3088 2958 3156 Quarum
2994 3086 3410 3140 intolerabilium
3446 3083 3590 3150 inju-

2015 3186 2218 3237 riarum
2254 3194 2446 3236 nactus
2479 3197 2612 3251 papa
2650 3181 2896 3234 idoneum
2933 3179 3164 3234 ultorem
3199 3177 3446 3232 Carolum
3481 3175 3592 3229 fra-

338 3292 570 3346 sperans
603 3275 766 3344 ccepti
827 3273 1086 3329 facultate
1136 3275 1296 3346 (quod
1350 3289 1473 3330 sero
1525 3275 1817 3345 sentiebat)
1857 3285 1910 3330 et
1938 3306 1982 3362 ο
2018 3285 2154 3330 trem
2194 3276 2336 3343 regis
2372 3273 2742 3338 Francorum,
2770 3287 2835 3326 ex
2873 3279 3155 3325 contorum
3190 3269 3303 3324 sive
3336 3269 3594 3322 COIIIilllm

341 3368 552 3422 viribus
591 3365 910 3435 superioris,
945 3365 1165 3435 insuper
1197 3373 1444 3422 metuens
1489 3383 1554 3422 ne
1580 3375 1789 3422 veteres
1823 3382 1914 3437 pa-

342 3459 595 3514 triarcha:
626 3458 677 3511 in
711 3471 769 3511 se
793 3456 1118 3512 oﬂ‘ensiones
1164 3459 1234 3512 ob
1296 3467 1533 3514 amotum
1587 3461 1653 3515 ab
1703 3461 1915 3531 imperii

341 3551 570 3621 collegio
605 3548 870 3603 Joannem
903 3549 1211 3614 refricaret,
1244 3564 1308 3606 ac
1332 3551 1479 3607 clare
1513 3554 1726 3608 tandem
1760 3555 1920 3610 intel-

343 3645 518 3714 ligens
549 3643 749 3697 frustra
777 3656 835 3696 se
870 3642 1051 3696 fucum
1083 3645 1488 3711 perspicacibus
1545 3644 1704 3716 185
1738 3646 1919 3702 facere

347 3746 607 3792 conatum
639 3746 958 3804 erumpente
988 3735 1043 3789 in
1080 3735 1327 3789 notitiam
1362 3736 1502 3792 male
1530 3747 1668 3794 teeta
1707 3737 1919 3806 fraude,

346 3830 657 3898 remigium,
693 3839 750 3882 ut
783 3829 862 3882 sic
888 3828 1101 3898 loquar,
1145 3828 1402 3892 inhibuit,
1434 3839 1486 3884 et
1519 3831 1672 3900 quasi
1701 3847 1729 3885 a
1762 3848 1921 3888 cursu

351 3931 556 3976 temere
589 3923 722 3974 inito
773 3935 830 3973 se
875 3921 1176 3990 reprimens
1209 3919 1472 3986 incubuit,
1507 3921 1648 3990 quod
1703 3921 1921 3988 dicitur,

352 4015 404 4067 in
438 4028 678 4082 prozam,
711 4020 852 4066 retro
880 4013 1074 4065 cessim
1108 4011 1347 4078 nitendo,
1382 4027 1522 4066 novo
1577 4013 1826 4069 videlicet
1857 4030 1924 4068 ex

353 4124 413 4162 re
467 4116 626 4175 capto
671 4107 918 4169 consilio,
967 4105 1272 4161 dimittendi
1319 4107 1382 4160 ad
1439 4121 1536 4160 sua
1586 4108 1806 4176 cepioso
1841 4108 1925 4162 in-

351 4211 616 4256 structam
649 4201 844 4254 viatico
871 4200 1142 4255 dominam
1179 4201 1411 4264 Annam,
1449 4210 1701 4254 cazlerum
1736 4212 1921 4271 postu-

352 4295 471 4350 lans
496 4309 615 4348 cum
648 4307 708 4346 ea
743 4293 1042 4360 permutari
1089 4299 1144 4346 et
1192 4291 1427 4346 vicissim
1461 4291 1692 4347 liberum
1719 4293 1919 4348 dimitti

354 4389 624 4446 Caesarem
656 4387 797 4456 apud
813 4384 1154 4440 Manfredum
1179 4384 1344 4439 Anna:
1371 4385 1592 4440 fratrem
1623 4385 1923 4443 detentum:

356 4499 422 4539 eo
449 4482 644 4552 quippe
672 4481 824 4536 illum
863 4495 891 4532 a
917 4495 976 4534 se
1005 4478 1144 4533 bello
1170 4488 1383 4547 captum
1441 4479 1559 4549 ejus
1603 4493 1760 4534 socer
1806 4479 1927 4536 des-

356 4587 482 4646 pota
519 4573 747 4628 Michael
786 4572 1090 4627 ducendum
1148 4580 1459 4636 curaverat,
1494 4580 1553 4626 ut
1585 4571 1789 4626 dictum
1823 4582 1926 4627 est.

2018 3367 2246 3432 ordine,
2286 3367 2459 3419 virutn
2512 3376 2820 3428 strenuum,
2860 3362 3001 3417 bello
3043 3377 3162 3415 eum
3212 3361 3452 3430 praefecit
3495 3359 3596 3413 illis

2022 3461 2183 3518 veluti
2220 3459 2507 3516 rebellibus
2540 3469 2594 3514 et
2627 3455 2889 3526 apostatis
2929 3454 3165 3519 indicto,
3201 3469 3422 3523 regnum
3467 3452 3600 3521 ipsis

2020 3562 2262 3624 ereptum
2308 3550 2382 3604 illi
2426 3550 2667 3604 tribuens
2709 3562 2870 3618 quam
2914 3545 3119 3621 optimo
3155 3543 3277 3612 jure
3318 3541 3601 3612 possiden-

2023 3646 2170 3710 dum,
2190 3644 2231 3698 si
2256 3658 2348 3697 eos
2369 3643 2420 3696 vi
2448 3653 2499 3694 ct
2523 3639 2688 3694 armis
2713 3637 2836 3691 inde
2861 3635 3115 3706 pelleret;
3145 3635 3196 3688 id
3220 3634 3360 3702 quod
3386 3648 3598 3688 summa

2025 3753 2125 3806 ope
2154 3744 2279 3789 tunc
2308 3749 2428 3790 cum
2462 3731 2696 3786 maxime
2727 3729 2816 3782 ille
2842 3730 3036 3781 ardens
3065 3726 3308 3794 nihilque
3343 3739 3449 3779 non
3483 3739 3601 3777 mo-

2024 3842 2158 3881 vens
2189 3824 2510 3879 conabatur.
2544 3819 2828 3887 Quodnam
2866 3833 3023 3888 ergo,
3057 3831 3271 3884 quzeso,
3304 3815 3602 3882 periculum

2025 3926 2165 3981 erat,
2205 3929 2270 3969 ne
2307 3913 2393 3968 isti
2446 3912 2608 3982 186
2649 3925 2772 3964 cum
2820 3907 3014 3962 Carolo
3063 3906 3366 3960 communis
3413 3906 3464 3956 in
3507 3919 3606 3958 nos

2028 4003 2395 4076 expeditionis
2430 4000 2743 4070 societatem
2781 3997 3004 4058 inirent,
3035 3995 3249 4062 quicum
3286 3993 3605 4060 capitalibus

2028 4096 2302 4154 commissi
2338 4093 2476 4149 odiis
2513 4090 2848 4146 iutcrnecino
2885 4087 3022 4142 bello
3057 4086 3125 4140 de
3159 4094 3298 4139 statu
3345 4093 3396 4137 et
3431 4085 3606 4138 salute

2029 4185 2392 4244 dimicabant?
2424 4184 2480 4238 ln
2519 4182 2665 4237 hunc
2703 4181 2918 4234 modum
2956 4178 3058 4232 illa:
3088 4178 3153 4229 de
3182 4191 3320 4228 novo
3355 4175 3608 4242 conjugio

2030 4279 2376 4350 imperatoris
2410 4274 2769 4344 cogitationes
2800 4277 3156 4333 evanuerunt,
3193 4267 3310 4336 ipso
3347 4267 3396 4320 in
3432 4267 3608 4320 oillcio

2028 4379 2382 4446 permanente
2415 4383 2478 4422 ac
2512 4366 2580 4422 de
2617 4375 2814 4419 czntero
2849 4362 3056 4416 intento
3092 4359 3255 4413 rebus
3297 4359 3430 4413 suis.
3465 4357 3610 4413 inter

2030 4480 2164 4538 quas
2189 4479 2308 4535 quae
2334 4471 2460 4517 tunc
2483 4457 2768 4528 urgebant,
2790 4464 2946 4508 erant
2974 4451 3390 4507 deliberationes
3415 4451 3608 4504 crebro

2032 4559 2100 4614 ab
2137 4557 2226 4613 illo
2263 4555 2457 4610 habita:
2490 4566 2614 4606 cum
2649 4548 2838 4619 primis
2881 4560 3105 4600 suorum
3149 4544 3215 4598 de
3257 4544 3611 4598 restauranda

357 4669 527 4723 Porro
557 4666 709 4720 istam
765 4666 830 4718 ab
871 4665 1198 4734 imperatOre
1232 4671 1556 4718 ostentatum
1613 4663 1912 4720 sollicitudi‘

2034 4649 2435 4723 quamprimum
2460 4644 2615 4708 urbe,
2632 4643 2818 4710 sicque
2844 4639 2990 4695 omni
3014 4637 3391 4705 'przesidiorum
3414 4653 3613 4707 genere

361 4774 480 4812 nem
501 4754 836 4826 praecavendi
869 4769 935 4808 ne
960 4753 1174 4824 cognati
1201 4754 1365 4807 Anna:
1396 4755 1650 4821 Augustae
1677 4767 1800 4807 cum
1833 4768 1930 4808 caa-

361 4854 497 4906 teris
529 4848 738 4902 Latinis
761 4848 1158 4916 conspirarent,
1215 4845 1348 4900 nihil
1382 4845 1488 4898 nisi
1524 4861 1720 4899 vanum
1753 4855 1806 4900 et
1845 4845 1933 4899 in-

361 4943 714 4996 verisimilem
745 4950 1063 5010 praetextum
1090 4937 1256 4992 fuisse
1279 4939 1426 4990 vafra
1450 4936 1800 4992 simulatione
1836 4938 1935 4990 ob-

363 5047 572 5091 tentum
611 5035 805 5088 vitioso
836 5037 1003 5086 amori
1035 5045 1141 5100 quo
1191 5027 1481 5098 ﬂagrabat,
1539 5030 1713 5099 palam
1771 5044 1936 5098 appa-

367 5129 477 5182 ruit
505 5136 703 5182 statum
739 5139 920 5178 rerum
947 5132 1073 5177 tunc
1121 5119 1426 5175 ltalicarum
1456 5136 1520 5174 ex
1557 5135 1682 5173 vero
1706 5119 1930 5174 scienti-

369 5216 492 5268 bus.

366 5347 422 5401 8.
455 5346 531 5400 De
558 5345 721 5414 fratre
773 5343 1000 5396 domina:
1032 5344 1194 5396 Annae
1223 5340 1520 5410 Manfredo,
1548 5352 1594 5394 et
1629 5341 1696 5394 de
1720 5341 1934 5396 Carolo.

440 5478 754 5534 Fridericus
781 5477 923 5532 enim
955 5485 1006 5530 et
1036 5473 1365 5534 Manfredus,
1393 5488 1619 5543 quorum
1649 5473 1795 5528 illum
1823 5479 1940 5543 qui-

371 5579 495 5631 dem
542 5576 708 5626 Anna:
753 5581 982 5639 patrem,
1020 5571 1161 5623 hunc
1210 5569 1426 5622 fratrem
1470 5566 1635 5622 fuisse
1679 5566 1937 5633 diximus,

371 5673 534 5725 ambo
568 5685 596 5722 a
629 5683 761 5738 papa
799 5677 853 5720 et.
882 5683 1030 5736 papae
1064 5665 1307 5735 partibus
1343 5663 1671 5729 defecerant,
1702 5674 1752 5718 et
1780 5673 1837 5717 ut
1870 5666 1939 5718 ibi

372 5762 762 5830 loquebantur,
804 5757 1252 5813 excommunicati
1305 5755 1372 5810 ab
1419 5754 1653 5810 Ecclesia
1704 5756 1941 5824 ipsorum

375 5870 504 5907 suas
550 5851 655 5905 sibi
708 5852 932 5905 seorsim
981 5866 1065 5904 res
1117 5849 1403 5903 habebant.
1450 5846 1566 5900 Non
1614 5847 1754 5901 enim
1807 5850 1945 5903 sicut

379 5943 556 5998 caeleri
588 5942 964 6010 obtemperare
999 5957 1060 5995 ac
1095 5957 1152 5995 sc
1184 5939 1479 6007 morigeros
1515 5939 1754 6006 prachere
1782 5937 1945 6006 jussis

2035 4755 2090 4800 et
2120 4745 2339 4796 intenta:
2365 4737 2560 4808 vigiliae
2589 4733 2834 4790 custodia
2870 4729 3154 4793 ﬁrmanda,
3183 4738 3241 4782 ut
3267 4743 3386 4797 qua:
3416 4742 3616 4782 arczmo

2035 4833 2342 4905 comparari
2386 4832 2699 4885 ferebantur
2743 4828 2811 4880 ad
2853 4840 2972 4879 eam
3019 4822 3439 4890 recuperandam
3481 4823 3617 4874 insi-

2036 4929 2200 4982 diosae
2229 4923 2538 4980 molitiones
2566 4919 2878 4972 Latinorum
2897 4955 2914 4980 ,
2939 4913 3366 4984 quandocunque
3403 4913 3454 4965 in
3506 4913 3612 4964 vim

2036 5018 2363 5086 erupissent,
2386 5025 2638 5068 successu
2664 5010 3080 5064 frustrarentur.
3097 5003 3450 5058 Timebantur
3471 5004 3615 5057 enim

2035 5109 2259 5166 occultae
2315 5119 2460 5162 artes
2513 5116 2566 5162 et
2617 5105 2981 5174 proditionum
3038 5102 3278 5156 fraudes.
3325 5099 3614 5168 Copiarum

2041 5217 2259 5272 quoque
2295 5216 2360 5255 ac
2395 5209 2715 5255 ca‘terorum
2747 5206 3105 5268 apparatuum
3141 5193 3265 5248 belli
3300 5192 3626 5264 curabatur,

2042 5305 2099 5348 ut
2132 5303 2338 5374 tantum
2373 5301 2515 5347 esset
2546 5291 2612 5344 ad
2659 5305 2876 5344 manum
2921 5296 3176 5354 quantunt
3220 5300 3354 5354 opus
3397 5293 3512 5337 erat
3554 5282 3622 5334 ad

2042 5387 2469 5456 prohibendum,
2505 5400 2569 5438 ne
2602 5383 2784 5436 statim
2819 5393 2978 5450 atque
3009 5381 3063 5434 in
3093 5387 3441 5446 conspectum
3475 5375 3624 5428 urbis

2045 5481 2278 5535 venisset
2306 5475 2667 5532 formidabilis
2698 5475 2806 5536 ille,
2832 5488 2992 5543 quem
3022 5472 3164 5526 fama
3195 5479 3315 5524 erat
3341 5468 3616 5534 adornari,

2045 5573 2316 5627 exercitus
2349 5569 2630 5633 ltalorum,
2664 5581 2780 5620 eam
2820 5566 3156 5630 absorberet,
3185 5563 3276 5618 sed
3312 5562 3378 5616 ab
3407 5561 3621 5615 illorum

2048 5662 2398 5734 quantumvis
2449 5659 2858 5714 vehementibus
2911 5657 3289 5712 defenderetur
3338 5653 3626 5708 insultibus

2049 5769 2104 5812 et
2143 5755 2386 5810 Romano
2436 5751 2661 5820 imperio
2707 5762 3038 5806 servaretur.
3074 5749 3407 5817 Frequentes
3459 5759 3624 5814 porro

2051 5848 2425 5902 memorabant
2455 5841 2629 5898 nuntii
2664 5843 2806 5897 haud
2842 5856 3061 5897 cessare
3099 5841 3204 5894 ulla
3244 5840 3295 5892 iu
3334 5848 3484 5908 parte
3517 5835 3622 5889 lta-

2053 5941 2155 6004 los,
2185 5938 2278 5992 sed
2305 5937 2356 5990 in
2389 5934 2744 6004 expeditionis
2774 5942 3032 6004 apparatu
3059 5930 3256 6000 duplici
3289 5939 3426 5982 totos
3452 5941 3574 5980 esse
3601 5944 3616 5980 :
