  <div class='ocr_page' id='page_1' title='image "/cluster/home/n/w/nwhite01/storage/ocr_20150623/143/hvd.32044019208321/334.png"; bbox 0 0 3926 6522; ppageno 0'>
   <div class='ocr_carea' id='block_1_1' title="bbox 222 419 334 482">
    <p class='ocr_par' dir='ltr' id='par_1_1' title="bbox 222 419 334 482">
     <span class='ocr_line' id='line_1_1' title="bbox 222 419 334 482; baseline 0.036 -4"><span class='ocrx_word' id='word_1_1' title='bbox 222 419 334 482; x_wconf 70' lang='grc' dir='ltr'>θὲθ</span> 
     </span>
    </p>
   </div>
   <div class='ocr_carea' id='block_1_2' title="bbox 1185 421 2561 487">
    <p class='ocr_par' dir='ltr' id='par_1_2' title="bbox 1185 421 2561 487">
     <span class='ocr_line' id='line_1_2' title="bbox 1185 421 2561 487; baseline 0.004 -6"><span class='ocrx_word' id='word_1_2' title='bbox 1185 422 1280 481; x_wconf 88' lang='lat' dir='ltr'><strong>DE</strong></span> <span class='ocrx_word' id='word_1_3' title='bbox 1325 421 1714 480; x_wconf 72' lang='lat' dir='ltr'><strong>M‘iCllAELE</strong></span> <span class='ocrx_word' id='word_1_4' title='bbox 1759 421 2216 483; x_wconf 77' lang='lat' dir='ltr'><strong>PAL/EOLOGO</strong></span> <span class='ocrx_word' id='word_1_5' title='bbox 2258 424 2406 487; x_wconf 84' lang='lat' dir='ltr'><strong>LIB.</strong></span> <span class='ocrx_word' id='word_1_6' title='bbox 2449 424 2561 486; x_wconf 81' lang='grc' dir='ltr'><strong>ΙΙΙ.</strong></span> 
     </span>
    </p>
   </div>
   <div class='ocr_carea' id='block_1_3' title="bbox 3368 428 3473 489">
    <p class='ocr_par' dir='ltr' id='par_1_3' title="bbox 3368 428 3473 489">
     <span class='ocr_line' id='line_1_3' title="bbox 3368 428 3473 489; baseline 0 -2"><span class='ocrx_word' id='word_1_7' title='bbox 3368 428 3473 489; x_wconf 63' lang='lat'><strong>630</strong></span> 
     </span>
    </p>
   </div>
   <div class='ocr_carea' id='block_1_4' title="bbox 215 506 3480 612">
    <p class='ocr_par' dir='ltr' id='par_1_4' title="bbox 215 506 3480 612">
     <span class='ocr_line' id='line_1_4' title="bbox 215 506 3480 612; baseline 0.003 -31"><span class='ocrx_word' id='word_1_8' title='bbox 215 530 312 600; x_wconf 85' lang='grc' dir='ltr'><strong>Τῷ</strong></span> <span class='ocrx_word' id='word_1_9' title='bbox 345 528 406 584; x_wconf 81' lang='grc' dir='ltr'>δέ</span> <span class='ocrx_word' id='word_1_10' title='bbox 439 546 504 600; x_wconf 89' lang='grc' dir='ltr'><strong>γε</strong></span> <span class='ocrx_word' id='word_1_11' title='bbox 556 530 936 601; x_wconf 79' lang='grc' dir='ltr'>Γασμουλικῷ,</span> <span class='ocrx_word' id='word_1_12' title='bbox 970 530 1063 593; x_wconf 82' lang='grc' dir='ltr'><strong>οὓς</strong></span> <span class='ocrx_word' id='word_1_13' title='bbox 1121 530 1185 601; x_wconf 79' lang='grc' dir='ltr'>δὴ</span> <span class='ocrx_word' id='word_1_14' title='bbox 1220 531 1557 599; x_wconf 79' lang='grc' dir='ltr'><strong>συμμίκτους</strong></span> <span class='ocrx_word' id='word_1_15' title='bbox 1612 533 1644 599; x_wconf 84' lang='grc' dir='ltr'><strong>ἡ</strong></span> <span class='ocrx_word' id='word_1_16' title='bbox 1702 532 1808 583; x_wconf 77' lang='grc' dir='ltr'>τῶν</span> <span class='ocrx_word' id='word_1_17' title='bbox 1837 532 1883 591; x_wconf 83' lang='grc' dir='ltr'><strong>Α</strong></span> <span class='ocrx_word' id='word_1_18' title='bbox 1913 533 2000 585; x_wconf 64' lang='lat' dir='ltr'><strong>vim</strong></span> <span class='ocrx_word' id='word_1_19' title='bbox 2038 535 2173 603; x_wconf 79' lang='grc' dir='ltr'>πρὸς</span> <span class='ocrx_word' id='word_1_20' title='bbox 2199 537 2389 607; x_wconf 78' lang='grc' dir='ltr'>ἄρχειν</span> <span class='ocrx_word' id='word_1_21' title='bbox 2423 537 2533 603; x_wconf 74' lang='grc' dir='ltr'>ἔξει</span> <span class='ocrx_word' id='word_1_22' title='bbox 2573 539 2647 610; x_wconf 79' lang='grc' dir='ltr'>μὴ</span> <span class='ocrx_word' id='word_1_23' title='bbox 2678 506 2803 603; x_wconf 79' lang='grc' dir='ltr'>τοὺς</span> <span class='ocrx_word' id='word_1_24' title='bbox 2834 539 3110 612; x_wconf 78' lang='grc' dir='ltr'><strong>ὑπηκόους</strong></span> <span class='ocrx_word' id='word_1_25' title='bbox 3134 539 3480 612; x_wconf 75' lang='grc' dir='ltr'>ἐὐεργετῶν.</span> 
     </span>
    </p>
   </div>
   <div class='ocr_carea' id='block_1_5' title="bbox 227 618 1805 693">
    <p class='ocr_par' dir='ltr' id='par_1_5' title="bbox 227 618 1805 693">
     <span class='ocr_line' id='line_1_5' title="bbox 227 618 1805 693; baseline -0.001 -19"><span class='ocrx_word' id='word_1_26' title='bbox 227 621 457 674; x_wconf 77' lang='grc' dir='ltr'><strong>Ἰταλῶν</strong></span> <span class='ocrx_word' id='word_1_27' title='bbox 484 622 656 675; x_wconf 85' lang='grc' dir='ltr'>είπειε</span> <span class='ocrx_word' id='word_1_28' title='bbox 682 620 901 690; x_wconf 82' lang='grc' dir='ltr'>γλῶσσα</span> <span class='ocrx_word' id='word_1_29' title='bbox 925 618 1086 693; x_wconf 79' lang='grc' dir='ltr'>(ἦσαν</span> <span class='ocrx_word' id='word_1_30' title='bbox 1140 622 1247 692; x_wconf 76' lang='grc' dir='ltr'>γὰρ</span> <span class='ocrx_word' id='word_1_31' title='bbox 1293 623 1355 675; x_wconf 73' lang='grc' dir='ltr'><strong>ἐκ</strong></span> <span class='ocrx_word' id='word_1_32' title='bbox 1399 641 1459 674; x_wconf 84' lang='grc' dir='ltr'><strong>τε</strong></span> <span class='ocrx_word' id='word_1_33' title='bbox 1513 623 1805 689; x_wconf 68' lang='grc' dir='ltr'>Ῥωμαίων</span> 
     </span>
    </p>
   </div>
   <div class='ocr_carea' id='block_1_6' title="bbox 214 713 1808 785">
    <p class='ocr_par' dir='ltr' id='par_1_6' title="bbox 214 713 1808 785">
     <span class='ocr_line' id='line_1_6' title="bbox 214 713 1808 785; baseline 0.001 -21"><span class='ocrx_word' id='word_1_34' title='bbox 214 713 312 765; x_wconf 68' lang='grc' dir='ltr'><strong>καὶ</strong></span> <span class='ocrx_word' id='word_1_35' title='bbox 337 714 591 767; x_wconf 79' lang='grc' dir='ltr'><strong>Λατίνων</strong></span> <span class='ocrx_word' id='word_1_36' title='bbox 616 713 1069 785; x_wconf 76' lang='grc' dir='ltr'>⁸γεγεννημένοι),</span> <span class='ocrx_word' id='word_1_37' title='bbox 1108 716 1550 783; x_wconf 76' lang='grc' dir='ltr'>προσανεπαύετο</span> <span class='ocrx_word' id='word_1_38' title='bbox 1599 717 1808 781; x_wconf 78' lang='grc' dir='ltr'>ἐκπέμ-</span> 
     </span>
    </p>
   </div>
   <div class='ocr_carea' id='block_1_7' title="bbox 215 804 1811 879">
    <p class='ocr_par' dir='ltr' id='par_1_7' title="bbox 215 804 1811 879">
     <span class='ocr_line' id='line_1_7' title="bbox 215 804 1811 879; baseline 0.001 -22"><span class='ocrx_word' id='word_1_39' title='bbox 215 824 342 858; x_wconf 89' lang='grc' dir='ltr'><strong>πων</strong></span> <span class='ocrx_word' id='word_1_40' title='bbox 402 808 497 859; x_wconf 72' lang='grc' dir='ltr'>ἐπὶ</span> <span class='ocrx_word' id='word_1_41' title='bbox 560 810 743 877; x_wconf 69' lang='grc' dir='ltr'>νηιτινο</span> <span class='ocrx_word' id='word_1_42' title='bbox 798 804 940 878; x_wconf 76' lang='grc' dir='ltr'>ἦσαν</span> <span class='ocrx_word' id='word_1_43' title='bbox 993 808 1100 879; x_wconf 75' lang='grc' dir='ltr'>γὰρ</span> <span class='ocrx_word' id='word_1_44' title='bbox 1162 809 1220 860; x_wconf 81' lang='grc' dir='ltr'>τὺ</span> <span class='ocrx_word' id='word_1_45' title='bbox 1282 810 1380 875; x_wconf 81' lang='grc' dir='ltr'>μὲν</span> <span class='ocrx_word' id='word_1_46' title='bbox 1405 808 1683 876; x_wconf 76' lang='grc' dir='ltr'>προμηθὲς</span> <span class='ocrx_word' id='word_1_47' title='bbox 1732 807 1811 863; x_wconf 77' lang='grc' dir='ltr'>εἰς</span> 
     </span>
    </p>
   </div>
   <div class='ocr_carea' id='block_1_8' title="bbox 214 898 1809 970">
    <p class='ocr_par' dir='ltr' id='par_1_8' title="bbox 214 898 1809 970">
     <span class='ocr_line' id='line_1_8' title="bbox 214 898 1809 970; baseline 0.001 -19"><span class='ocrx_word' id='word_1_48' title='bbox 214 898 499 968; x_wconf 70' lang='grc' dir='ltr'>πολέμους</span> <span class='ocrx_word' id='word_1_49' title='bbox 526 902 620 954; x_wconf 72' lang='grc' dir='ltr'><strong>καὶ</strong></span> <span class='ocrx_word' id='word_1_50' title='bbox 654 902 870 953; x_wconf 76' lang='grc' dir='ltr'>συνετὸν</span> <span class='ocrx_word' id='word_1_51' title='bbox 899 904 962 954; x_wconf 82' lang='grc' dir='ltr'>ὲκ</span> <span class='ocrx_word' id='word_1_52' title='bbox 992 899 1307 967; x_wconf 78' lang='grc' dir='ltr'>Ῥωμαίων,</span> <span class='ocrx_word' id='word_1_53' title='bbox 1347 902 1407 953; x_wconf 69' lang='grc' dir='ltr'>τὸ</span> <span class='ocrx_word' id='word_1_54' title='bbox 1435 902 1479 953; x_wconf 78' lang='grc' dir='ltr'>δ’</span> <span class='ocrx_word' id='word_1_55' title='bbox 1510 900 1809 970; x_wconf 81' lang='grc' dir='ltr'>ὁρμητικόν</span> 
     </span>
    </p>
   </div>
   <div class='ocr_carea' id='block_1_9' title="bbox 214 990 1809 1063">
    <p class='ocr_par' dir='ltr' id='par_1_9' title="bbox 214 990 1809 1063">
     <span class='ocr_line' id='line_1_9' title="bbox 214 990 1809 1063; baseline 0.003 -23"><span class='ocrx_word' id='word_1_56' title='bbox 214 1005 274 1041; x_wconf 89' lang='grc' dir='ltr'><strong>τε</strong></span> <span class='ocrx_word' id='word_1_57' title='bbox 321 992 422 1044; x_wconf 81' lang='grc' dir='ltr'>καὶ</span> <span class='ocrx_word' id='word_1_58' title='bbox 460 990 691 1055; x_wconf 69' lang='grc' dir='ltr'>αὔθαδες</span> <span class='ocrx_word' id='word_1_59' title='bbox 750 995 812 1045; x_wconf 85' lang='grc' dir='ltr'>ὲκ</span> <span class='ocrx_word' id='word_1_60' title='bbox 876 993 1125 1045; x_wconf 90' lang='grc' dir='ltr'>Λατίνων</span> <span class='ocrx_word' id='word_1_61' title='bbox 1176 995 1410 1063; x_wconf 79' lang='grc' dir='ltr'>ἔχοντες.</span> <span class='ocrx_word' id='word_1_62' title='bbox 1458 994 1567 1047; x_wconf 76' lang='grc' dir='ltr'>Καὶ</span> <span class='ocrx_word' id='word_1_63' title='bbox 1624 992 1809 1045; x_wconf 82' lang='grc' dir='ltr'>στόλον</span> 
     </span>
    </p>
   </div>
   <div class='ocr_carea' id='block_1_10' title="bbox 215 1080 1809 1157">
    <p class='ocr_par' dir='ltr' id='par_1_10' title="bbox 215 1080 1809 1157">
     <span class='ocr_line' id='line_1_10' title="bbox 215 1080 1809 1157; baseline 0.003 -24"><span class='ocrx_word' id='word_1_64' title='bbox 215 1080 455 1151; x_wconf 80' lang='grc' dir='ltr'>μέτριον</span> <span class='ocrx_word' id='word_1_65' title='bbox 486 1084 798 1154; x_wconf 78' lang='grc' dir='ltr'><strong>ἐξηρτύετο,</strong></span> <span class='ocrx_word' id='word_1_66' title='bbox 830 1087 925 1139; x_wconf 72' lang='grc' dir='ltr'><strong>καὶ</strong></span> <span class='ocrx_word' id='word_1_67' title='bbox 976 1088 1316 1157; x_wconf 77' lang='grc' dir='ltr'>προσεκτᾶτο</span> <span class='ocrx_word' id='word_1_68' title='bbox 1348 1088 1411 1138; x_wconf 63' lang='grc' dir='ltr'>τὰ</span> <span class='ocrx_word' id='word_1_69' title='bbox 1464 1085 1572 1137; x_wconf 83' lang='grc' dir='ltr'><strong>τῶν</strong></span> <span class='ocrx_word' id='word_1_70' title='bbox 1631 1086 1809 1153; x_wconf 78' lang='grc' dir='ltr'>νήσων</span> 
     </span>
    </p>
   </div>
   <div class='ocr_carea' id='block_1_11' title="bbox 213 1171 1808 1245">
    <p class='ocr_par' dir='ltr' id='par_1_11' title="bbox 213 1171 1808 1245">
     <span class='ocr_line' id='line_1_11' title="bbox 213 1171 1808 1245; baseline 0.001 -19"><span class='ocrx_word' id='word_1_71' title='bbox 213 1171 523 1243; x_wconf 60' lang='grc' dir='ltr'>ἑγγύτερα,</span> <span class='ocrx_word' id='word_1_72' title='bbox 556 1176 723 1245; x_wconf 79' lang='grc' dir='ltr'>ρόγας</span> <span class='ocrx_word' id='word_1_73' title='bbox 749 1176 847 1244; x_wconf 79' lang='grc' dir='ltr'><strong>μὲν</strong></span> <span class='ocrx_word' id='word_1_74' title='bbox 898 1179 1215 1232; x_wconf 85' lang='grc' dir='ltr'>ἀποτάττων</span> <span class='ocrx_word' id='word_1_75' title='bbox 1247 1178 1429 1238; x_wconf 78' lang='grc' dir='ltr'>αὐτοῖς</span> <span class='ocrx_word' id='word_1_76' title='bbox 1464 1179 1526 1229; x_wconf 82' lang='grc' dir='ltr'>ὲκ</span> <span class='ocrx_word' id='word_1_77' title='bbox 1570 1174 1663 1229; x_wconf 84' lang='grc' dir='ltr'>τοῦ</span> <span class='ocrx_word' id='word_1_78' title='bbox 1695 1194 1808 1229; x_wconf 80' lang='grc' dir='ltr'>κοι-</span> 
     </span>
    </p>
   </div>
   <div class='ocr_carea' id='block_1_12' title="bbox 217 1264 1807 1338">
    <p class='ocr_par' dir='ltr' id='par_1_12' title="bbox 217 1264 1807 1338">
     <span class='ocr_line' id='line_1_12' title="bbox 217 1264 1807 1338; baseline 0.003 -22"><span class='ocrx_word' id='word_1_79' title='bbox 217 1264 313 1317; x_wconf 79' lang='grc' dir='ltr'>νοῦ</span> <span class='ocrx_word' id='word_1_80' title='bbox 348 1265 605 1332; x_wconf 79' lang='grc' dir='ltr'>ταμιείου</span> <span class='ocrx_word' id='word_1_81' title='bbox 642 1270 733 1320; x_wconf 67' lang='grc' dir='ltr'>καὶ</span> <span class='ocrx_word' id='word_1_82' title='bbox 767 1268 1099 1338; x_wconf 73' lang='grc' dir='ltr'><strong>φιλοτιμίαις</strong></span> <span class='ocrx_word' id='word_1_83' title='bbox 1123 1269 1299 1334; x_wconf 70' lang='grc' dir='ltr'>αὔξων</span> <span class='ocrx_word' id='word_1_84' title='bbox 1322 1270 1421 1331; x_wconf 77' lang='grc' dir='ltr'><strong>τὰς</strong></span> <span class='ocrx_word' id='word_1_85' title='bbox 1478 1268 1807 1337; x_wconf 76' lang='grc' dir='ltr'>προθυμίας,</span> 
     </span>
    </p>
   </div>
   <div class='ocr_carea' id='block_1_13' title="bbox 220 1354 1809 1430">
    <p class='ocr_par' dir='ltr' id='par_1_13' title="bbox 220 1354 1809 1430">
     <span class='ocr_line' id='line_1_13' title="bbox 220 1354 1809 1430; baseline 0.005 -25"><span class='ocrx_word' id='word_1_86' title='bbox 220 1354 649 1423; x_wconf 77' lang='grc' dir='ltr'>ἂντιλαμόάνων</span> <span class='ocrx_word' id='word_1_87' title='bbox 676 1358 721 1410; x_wconf 83' lang='grc' dir='ltr'>δ’</span> <span class='ocrx_word' id='word_1_88' title='bbox 752 1360 816 1411; x_wconf 80' lang='grc' dir='ltr'><strong>ἐκ</strong></span> <span class='ocrx_word' id='word_1_89' title='bbox 865 1360 966 1429; x_wconf 75' lang='grc' dir='ltr'><strong>τῆς</strong></span> <span class='ocrx_word' id='word_1_90' title='bbox 997 1361 1218 1412; x_wconf 77' lang='grc' dir='ltr'>ἐκείνων</span> <span class='ocrx_word' id='word_1_91' title='bbox 1252 1360 1489 1430; x_wconf 78' lang='grc' dir='ltr'>σπουδῆς</span> <span class='ocrx_word' id='word_1_92' title='bbox 1513 1360 1606 1412; x_wconf 68' lang='grc' dir='ltr'><strong>καὶ</strong></span> <span class='ocrx_word' id='word_1_93' title='bbox 1639 1361 1809 1427; x_wconf 82' lang='grc' dir='ltr'>ἐργα-</span> 
     </span>
    </p>
   </div>
   <div class='ocr_carea' id='block_1_14' title="bbox 217 1444 1809 1521">
    <p class='ocr_par' dir='ltr' id='par_1_14' title="bbox 217 1444 1809 1521">
     <span class='ocr_line' id='line_1_14' title="bbox 217 1444 1809 1521; baseline 0.005 -26"><span class='ocrx_word' id='word_1_94' title='bbox 217 1444 347 1507; x_wconf 82' lang='grc' dir='ltr'>σίας</span> <span class='ocrx_word' id='word_1_95' title='bbox 372 1447 622 1502; x_wconf 86' lang='grc' dir='ltr'>πλείονα.</span> <span class='ocrx_word' id='word_1_96' title='bbox 665 1447 791 1519; x_wconf 76' lang='grc' dir='ltr'>Εἶχε</span> <span class='ocrx_word' id='word_1_97' title='bbox 825 1452 934 1521; x_wconf 86' lang='grc' dir='ltr'>γὰρ</span> <span class='ocrx_word' id='word_1_98' title='bbox 962 1455 1081 1515; x_wconf 85' lang='grc' dir='ltr'>ταῖς</span> <span class='ocrx_word' id='word_1_99' title='bbox 1114 1452 1394 1521; x_wconf 77' lang='grc' dir='ltr'>ἀληθείαις</span> <span class='ocrx_word' id='word_1_100' title='bbox 1426 1453 1520 1505; x_wconf 73' lang='grc' dir='ltr'>καὶ</span> <span class='ocrx_word' id='word_1_101' title='bbox 1554 1452 1614 1503; x_wconf 84' lang='grc' dir='ltr'><strong>τὸ</strong></span> <span class='ocrx_word' id='word_1_102' title='bbox 1654 1452 1809 1521; x_wconf 83' lang='grc' dir='ltr'>εὐερ-</span> 
     </span>
    </p>
   </div>
   <div class='ocr_carea' id='block_1_15' title="bbox 210 1538 1807 1613">
    <p class='ocr_par' dir='ltr' id='par_1_15' title="bbox 210 1538 1807 1613">
     <span class='ocr_line' id='line_1_15' title="bbox 210 1538 1807 1613; baseline 0.005 -26"><span class='ocrx_word' id='word_1_103' title='bbox 210 1538 444 1603; x_wconf 81' lang='grc' dir='ltr'>γετικὸν</span> <span class='ocrx_word' id='word_1_104' title='bbox 496 1539 631 1609; x_wconf 79' lang='grc' dir='ltr'>πρὸς</span> <span class='ocrx_word' id='word_1_105' title='bbox 688 1540 952 1606; x_wconf 76' lang='grc' dir='ltr'>ἅπαντας,</span> <span class='ocrx_word' id='word_1_106' title='bbox 1014 1544 1107 1596; x_wconf 68' lang='grc' dir='ltr'><strong>καὶ</strong></span> <span class='ocrx_word' id='word_1_107' title='bbox 1177 1544 1515 1613; x_wconf 72' lang='grc' dir='ltr'>ἀμφοτέραις</span> <span class='ocrx_word' id='word_1_108' title='bbox 1563 1543 1807 1611; x_wconf 82' lang='grc' dir='ltr'>ὲξήντλει</span> 
     </span>
    </p>
   </div>
   <div class='ocr_carea' id='block_1_16' title="bbox 212 1625 1808 1703">
    <p class='ocr_par' dir='ltr' id='par_1_16' title="bbox 212 1625 1808 1703">
     <span class='ocr_line' id='line_1_16' title="bbox 212 1625 1808 1703; baseline 0.004 -26"><span class='ocrx_word' id='word_1_109' title='bbox 212 1625 440 1679; x_wconf 77' lang='grc' dir='ltr'>πολλῶν</span> <span class='ocrx_word' id='word_1_110' title='bbox 493 1631 996 1702; x_wconf 75' lang='grc' dir='ltr'>προαποκειμένων,</span> <span class='ocrx_word' id='word_1_111' title='bbox 1080 1634 1180 1686; x_wconf 81' lang='grc' dir='ltr'>οὐκ</span> <span class='ocrx_word' id='word_1_112' title='bbox 1236 1631 1351 1687; x_wconf 72' lang='grc' dir='ltr'>οἴδα</span> <span class='ocrx_word' id='word_1_113' title='bbox 1406 1635 1516 1703; x_wconf 72' lang='grc' dir='ltr'>εἴτε</span> <span class='ocrx_word' id='word_1_114' title='bbox 1572 1650 1655 1694; x_wconf 87' lang='grc' dir='ltr'><strong>τις</strong></span> <span class='ocrx_word' id='word_1_115' title='bbox 1708 1632 1808 1701; x_wconf 82' lang='grc' dir='ltr'><strong>τὴν</strong></span> 
     </span>
    </p>
   </div>
   <div class='ocr_carea' id='block_1_17' title="bbox 217 1716 1809 1795">
    <p class='ocr_par' dir='ltr' id='par_1_17' title="bbox 217 1716 1809 1795">
     <span class='ocr_line' id='line_1_17' title="bbox 217 1716 1809 1795; baseline 0.004 -27"><span class='ocrx_word' id='word_1_116' title='bbox 217 1716 393 1785; x_wconf 84' lang='grc' dir='ltr'>φύσιν</span> <span class='ocrx_word' id='word_1_117' title='bbox 431 1720 671 1784; x_wconf 79' lang='grc' dir='ltr'>τοιοῦτος</span> <span class='ocrx_word' id='word_1_118' title='bbox 706 1723 859 1793; x_wconf 78' lang='grc' dir='ltr'>ὣν,ῆ</span> <span class='ocrx_word' id='word_1_119' title='bbox 913 1724 1377 1795; x_wconf 83' lang='grc' dir='ltr'>προσποιούμενος</span> <span class='ocrx_word' id='word_1_120' title='bbox 1416 1726 1484 1777; x_wconf 88' lang='grc' dir='ltr'>δι’</span> <span class='ocrx_word' id='word_1_121' title='bbox 1517 1724 1652 1779; x_wconf 77' lang='grc' dir='ltr'>ἄλλα</span> <span class='ocrx_word' id='word_1_122' title='bbox 1714 1723 1809 1792; x_wconf 78' lang='grc' dir='ltr'><strong>μέ-</strong></span> 
     </span>
    </p>
   </div>
   <div class='ocr_carea' id='block_1_18' title="bbox 216 1811 1808 1883">
    <p class='ocr_par' dir='ltr' id='par_1_18' title="bbox 216 1811 1808 1883">
     <span class='ocr_line' id='line_1_18' title="bbox 216 1811 1808 1883; baseline 0.011 -24"><span class='ocrx_word' id='word_1_123' title='bbox 216 1824 394 1875; x_wconf 85' lang='grc' dir='ltr'>γιστα</span> <span class='ocrx_word' id='word_1_124' title='bbox 452 1811 515 1863; x_wconf 79' lang='grc' dir='ltr'>τὸ</span> <span class='ocrx_word' id='word_1_125' title='bbox 577 1814 893 1883; x_wconf 82' lang='grc' dir='ltr'>φιλότιμον,</span> <span class='ocrx_word' id='word_1_126' title='bbox 968 1817 1379 1883; x_wconf 79' lang='grc' dir='ltr'>ἁναγκαστικὰς</span> <span class='ocrx_word' id='word_1_127' title='bbox 1436 1816 1535 1878; x_wconf 66' lang='grc' dir='ltr'>τὰς</span> <span class='ocrx_word' id='word_1_128' title='bbox 1593 1814 1808 1876; x_wconf 75' lang='grc' dir='ltr'>εὐνοίας</span> 
     </span>
    </p>
   </div>
   <div class='ocr_carea' id='block_1_19' title="bbox 218 1900 1810 1977">
    <p class='ocr_par' dir='ltr' id='par_1_19' title="bbox 218 1900 1810 1977">
     <span class='ocr_line' id='line_1_19' title="bbox 218 1900 1810 1977; baseline 0.003 -23"><span class='ocrx_word' id='word_1_129' title='bbox 218 1900 684 1973; x_wconf 77' lang='grc' dir='ltr'>ὑποποιούμενος,</span> <span class='ocrx_word' id='word_1_130' title='bbox 715 1906 790 1966; x_wconf 83' lang='grc' dir='ltr'><strong>ὡς</strong></span> <span class='ocrx_word' id='word_1_131' title='bbox 809 1905 966 1975; x_wconf 77' lang='grc' dir='ltr'>δῆθεν</span> <span class='ocrx_word' id='word_1_132' title='bbox 993 1907 1094 1960; x_wconf 83' lang='grc' dir='ltr'><strong>οὐκ</strong></span> <span class='ocrx_word' id='word_1_133' title='bbox 1126 1908 1353 1970; x_wconf 78' lang='grc' dir='ltr'>ἐκδίκως</span> <span class='ocrx_word' id='word_1_134' title='bbox 1378 1908 1567 1977; x_wconf 78' lang='grc' dir='ltr'>ἄρξας,</span> <span class='ocrx_word' id='word_1_135' title='bbox 1594 1906 1625 1974; x_wconf 80' lang='grc' dir='ltr'>ἢ</span> <span class='ocrx_word' id='word_1_136' title='bbox 1656 1907 1716 1959; x_wconf 86' lang='grc' dir='ltr'><strong>τό</strong></span> <span class='ocrx_word' id='word_1_137' title='bbox 1748 1923 1810 1974; x_wconf 80' lang='grc' dir='ltr'><strong>γε</strong></span> 
     </span>
    </p>
   </div>
   <div class='ocr_carea' id='block_1_20' title="bbox 215 1993 1817 2071">
    <p class='ocr_par' dir='ltr' id='par_1_20' title="bbox 215 1993 1817 2071">
     <span class='ocr_line' id='line_1_20' title="bbox 215 1993 1817 2071; baseline 0.003 -25"><span class='ocrx_word' id='word_1_138' title='bbox 215 1993 437 2063; x_wconf 73' lang='grc' dir='ltr'>τρίτον,</span> <span class='ocrx_word' id='word_1_139' title='bbox 489 1997 624 2067; x_wconf 74' lang='grc' dir='ltr'>πρὸς</span> <span class='ocrx_word' id='word_1_140' title='bbox 685 1998 781 2061; x_wconf 81' lang='grc' dir='ltr'>τὰς</span> <span class='ocrx_word' id='word_1_141' title='bbox 845 1999 953 2052; x_wconf 85' lang='grc' dir='ltr'><strong>τῶν</strong></span> <span class='ocrx_word' id='word_1_142' title='bbox 1002 2000 1284 2070; x_wconf 79' lang='grc' dir='ltr'>προτέρων</span> <span class='ocrx_word' id='word_1_143' title='bbox 1343 2000 1602 2070; x_wconf 78' lang='grc' dir='ltr'>βασιλέων</span> <span class='ocrx_word' id='word_1_144' title='bbox 1660 2000 1817 2071; x_wconf 69' lang='grc' dir='ltr'>εὐερ-</span> 
     </span>
    </p>
   </div>
   <div class='ocr_carea' id='block_1_21' title="bbox 214 2086 1813 2169">
    <p class='ocr_par' dir='ltr' id='par_1_21' title="bbox 214 2086 1813 2169">
     <span class='ocr_line' id='line_1_21' title="bbox 214 2086 1813 2169; baseline 0.005 -32"><span class='ocrx_word' id='word_1_145' title='bbox 214 2086 423 2153; x_wconf 83' lang='grc' dir='ltr'>γεσίας</span> <span class='ocrx_word' id='word_1_146' title='bbox 480 2089 959 2169; x_wconf 57' lang='grc' dir='ltr'>αντιὸαλλόμενος,</span> <span class='ocrx_word' id='word_1_147' title='bbox 1011 2093 1114 2145; x_wconf 69' lang='grc' dir='ltr'>κᾶν</span> <span class='ocrx_word' id='word_1_148' title='bbox 1171 2093 1246 2163; x_wconf 73' lang='grc' dir='ltr'>μὴ</span> <span class='ocrx_word' id='word_1_149' title='bbox 1305 2093 1461 2145; x_wconf 84' lang='grc' dir='ltr'>τόσον</span> <span class='ocrx_word' id='word_1_150' title='bbox 1524 2092 1813 2161; x_wconf 69' lang='grc' dir='ltr'>εὐηργέτει</span> 
     </span>
    </p>
   </div>
   <div class='ocr_carea' id='block_1_22' title="bbox 220 2179 1816 2253">
    <p class='ocr_par' dir='ltr' id='par_1_22' title="bbox 220 2179 1816 2253">
     <span class='ocr_line' id='line_1_22' title="bbox 220 2179 1816 2253; baseline 0.003 -21"><span class='ocrx_word' id='word_1_151' title='bbox 220 2179 355 2249; x_wconf 80' lang='grc' dir='ltr'>μηδ’</span> <span class='ocrx_word' id='word_1_152' title='bbox 380 2182 577 2242; x_wconf 74' lang='grc' dir='ltr'>οὕτως.</span> <span class='ocrx_word' id='word_1_153' title='bbox 609 2183 758 2245; x_wconf 80' lang='grc' dir='ltr'>Τέως</span> <span class='ocrx_word' id='word_1_154' title='bbox 786 2184 842 2235; x_wconf 75' lang='grc' dir='ltr'>δέ</span> <span class='ocrx_word' id='word_1_155' title='bbox 898 2201 960 2252; x_wconf 88' lang='grc' dir='ltr'><strong>γε</strong></span> <span class='ocrx_word' id='word_1_156' title='bbox 1007 2184 1147 2236; x_wconf 77' lang='grc' dir='ltr'>κατὰ</span> <span class='ocrx_word' id='word_1_157' title='bbox 1198 2184 1437 2253; x_wconf 78' lang='grc' dir='ltr'>βασιλεῖς</span> <span class='ocrx_word' id='word_1_158' title='bbox 1474 2184 1816 2253; x_wconf 74' lang='grc' dir='ltr'>ἠναγκάζετο</span> 
     </span>
    </p>
   </div>
   <div class='ocr_carea' id='block_1_23' title="bbox 217 2271 1816 2346">
    <p class='ocr_par' dir='ltr' id='par_1_23' title="bbox 217 2271 1816 2346">
     <span class='ocr_line' id='line_1_23' title="bbox 217 2271 1816 2346; baseline 0.004 -23"><span class='ocrx_word' id='word_1_159' title='bbox 217 2271 474 2343; x_wconf 72' lang='grc' dir='ltr'>χρῆσθαι</span> <span class='ocrx_word' id='word_1_160' title='bbox 501 2276 613 2336; x_wconf 79' lang='grc' dir='ltr'>τοῖς</span> <span class='ocrx_word' id='word_1_161' title='bbox 639 2278 947 2345; x_wconf 78' lang='grc' dir='ltr'>πράγμασι,</span> <span class='ocrx_word' id='word_1_162' title='bbox 996 2277 1069 2346; x_wconf 81' lang='grc' dir='ltr'>μὴ</span> <span class='ocrx_word' id='word_1_163' title='bbox 1118 2277 1213 2329; x_wconf 71' lang='grc' dir='ltr'>καλ.</span> <span class='ocrx_word' id='word_1_164' title='bbox 1258 2277 1398 2341; x_wconf 80' lang='grc' dir='ltr'>δόξοι</span> <span class='ocrx_word' id='word_1_165' title='bbox 1431 2277 1700 2346; x_wconf 82' lang='grc' dir='ltr'>σκηνικῶς</span> <span class='ocrx_word' id='word_1_166' title='bbox 1757 2278 1816 2330; x_wconf 80' lang='grc' dir='ltr'>τὸ</span> 
     </span>
    </p>
   </div>
   <div class='ocr_carea' id='block_1_24' title="bbox 216 2364 1815 2438">
    <p class='ocr_par' dir='ltr' id='par_1_24' title="bbox 216 2364 1815 2438">
     <span class='ocr_line' id='line_1_24' title="bbox 216 2364 1815 2438; baseline 0.003 -23"><span class='ocrx_word' id='word_1_167' title='bbox 216 2364 425 2433; x_wconf 79' lang='grc' dir='ltr'>ἄρχειν</span> <span class='ocrx_word' id='word_1_168' title='bbox 478 2365 834 2435; x_wconf 73' lang='grc' dir='ltr'>ἐπιτηδεύων.</span> <span class='ocrx_word' id='word_1_169' title='bbox 888 2365 1023 2419; x_wconf 79' lang='grc' dir='ltr'>Οῠτε</span> <span class='ocrx_word' id='word_1_170' title='bbox 1073 2368 1183 2437; x_wconf 73' lang='grc' dir='ltr'>γὰρ</span> <span class='ocrx_word' id='word_1_171' title='bbox 1238 2367 1390 2438; x_wconf 77' lang='grc' dir='ltr'>ἥλιος</span> <span class='ocrx_word' id='word_1_172' title='bbox 1434 2367 1690 2429; x_wconf 70' lang='grc' dir='ltr'>ποθεινὸς</span> <span class='ocrx_word' id='word_1_173' title='bbox 1740 2367 1815 2437; x_wconf 79' lang='grc' dir='ltr'>μὴ</span> 
     </span>
    </p>
   </div>
   <div class='ocr_carea' id='block_1_25' title="bbox 216 2452 1817 2528">
    <p class='ocr_par' dir='ltr' id='par_1_25' title="bbox 216 2452 1817 2528">
     <span class='ocr_line' id='line_1_25' title="bbox 216 2452 1817 2528; baseline 0.001 -21"><span class='ocrx_word' id='word_1_174' title='bbox 216 2452 322 2516; x_wconf 76' lang='grc' dir='ltr'>τὰς</span> <span class='ocrx_word' id='word_1_175' title='bbox 382 2454 609 2518; x_wconf 84' lang='grc' dir='ltr'>ἀκτῖνας</span> <span class='ocrx_word' id='word_1_176' title='bbox 664 2457 946 2527; x_wconf 85' lang='grc' dir='ltr'>παρίσχων</span> <span class='ocrx_word' id='word_1_177' title='bbox 1008 2457 1164 2511; x_wconf 80' lang='grc' dir='ltr'>τοῦτο</span> <span class='ocrx_word' id='word_1_178' title='bbox 1207 2459 1304 2527; x_wconf 87' lang='grc' dir='ltr'><strong>μὲν</strong></span> <span class='ocrx_word' id='word_1_179' title='bbox 1348 2460 1417 2528; x_wconf 82' lang='grc' dir='ltr'>γῇ</span> <span class='ocrx_word' id='word_1_180' title='bbox 1459 2457 1615 2510; x_wconf 76' lang='grc' dir='ltr'>τοῦτο</span> <span class='ocrx_word' id='word_1_181' title='bbox 1641 2457 1685 2509; x_wconf 74' lang='grc' dir='ltr'>δ’</span> <span class='ocrx_word' id='word_1_182' title='bbox 1725 2458 1817 2510; x_wconf 71' lang='grc' dir='ltr'><strong>ἀνα</strong></span> 
     </span>
    </p>
   </div>
   <div class='ocr_carea' id='block_1_26' title="bbox 224 2544 1817 2621">
    <p class='ocr_par' dir='ltr' id='par_1_26' title="bbox 224 2544 1817 2621">
     <span class='ocr_line' id='line_1_26' title="bbox 224 2544 1817 2621; baseline 0.004 -25"><span class='ocrx_word' id='word_1_183' title='bbox 224 2544 483 2616; x_wconf 78' lang='grc' dir='ltr'>θρώποις</span> <span class='ocrx_word' id='word_1_184' title='bbox 509 2548 601 2600; x_wconf 76' lang='grc' dir='ltr'>καὶ</span> <span class='ocrx_word' id='word_1_185' title='bbox 627 2546 784 2611; x_wconf 79' lang='grc' dir='ltr'>ζώοις</span> <span class='ocrx_word' id='word_1_186' title='bbox 816 2548 1043 2616; x_wconf 74' lang='grc' dir='ltr'>ἅπασιν,</span> <span class='ocrx_word' id='word_1_187' title='bbox 1072 2548 1195 2602; x_wconf 71' lang='grc' dir='ltr'>οὔτε</span> <span class='ocrx_word' id='word_1_188' title='bbox 1225 2550 1479 2621; x_wconf 83' lang='grc' dir='ltr'>βασιλεὺς</span> <span class='ocrx_word' id='word_1_189' title='bbox 1532 2550 1593 2601; x_wconf 83' lang='grc' dir='ltr'>τὸ</span> <span class='ocrx_word' id='word_1_190' title='bbox 1631 2550 1817 2619; x_wconf 86' lang='grc' dir='ltr'>ἀληθι-</span> 
     </span>
    </p>
   </div>
   <div class='ocr_carea' id='block_1_27' title="bbox 227 2723 1818 2801">
    <p class='ocr_par' dir='ltr' id='par_1_27' title="bbox 227 2723 1818 2801">
     <span class='ocr_line' id='line_1_27' title="bbox 227 2723 1818 2801; baseline 0.003 -15"><span class='ocrx_word' id='word_1_191' title='bbox 227 2744 359 2786; x_wconf 85' lang='lat' dir='ltr'><strong>rum</strong></span> <span class='ocrx_word' id='word_1_192' title='bbox 400 2744 627 2800; x_wconf 80' lang='lat' dir='ltr'><strong>genere,</strong></span> <span class='ocrx_word' id='word_1_193' title='bbox 658 2745 791 2801; x_wconf 90' lang='lat' dir='ltr'><strong>quos</strong></span> <span class='ocrx_word' id='word_1_194' title='bbox 826 2731 1079 2787; x_wconf 74' lang='lat' dir='ltr'><strong>[talorum</strong></span> <span class='ocrx_word' id='word_1_195' title='bbox 1113 2723 1292 2801; x_wconf 81' lang='lat' dir='ltr'><strong>lingua</strong></span> <span class='ocrx_word' id='word_1_196' title='bbox 1328 2734 1638 2789; x_wconf 88' lang='lat' dir='ltr'><strong>commistos</strong></span> <span class='ocrx_word' id='word_1_197' title='bbox 1670 2734 1818 2791; x_wconf 83' lang='lat' dir='ltr'><strong>dice-</strong></span> 
     </span>
    </p>
   </div>
   <div class='ocr_carea' id='block_1_28' title="bbox 225 2823 1818 2895">
    <p class='ocr_par' dir='ltr' id='par_1_28' title="bbox 225 2823 1818 2895">
     <span class='ocr_line' id='line_1_28' title="bbox 225 2823 1818 2895; baseline 0.003 -17"><span class='ocrx_word' id='word_1_198' title='bbox 225 2833 338 2890; x_wconf 87' lang='lat' dir='ltr'><strong>ret,</strong></span> <span class='ocrx_word' id='word_1_199' title='bbox 373 2823 620 2887; x_wconf 85' lang='lat' dir='ltr'><strong>conlidit,</strong></span> <span class='ocrx_word' id='word_1_200' title='bbox 649 2836 856 2892; x_wconf 88' lang='lat' dir='ltr'><strong>partem</strong></span> <span class='ocrx_word' id='word_1_201' title='bbox 890 2825 1087 2880; x_wconf 91' lang='lat' dir='ltr'><strong>talibus</strong></span> <span class='ocrx_word' id='word_1_202' title='bbox 1115 2824 1423 2895; x_wconf 71' lang='lat' dir='ltr'><strong>reipublica:</strong></span> <span class='ocrx_word' id='word_1_203' title='bbox 1450 2826 1818 2892; x_wconf 88' lang='lat' dir='ltr'><strong>committens,</strong></span> 
     </span>
    </p>
   </div>
   <div class='ocr_carea' id='block_1_29' title="bbox 229 2913 1819 2985">
    <p class='ocr_par' dir='ltr' id='par_1_29' title="bbox 229 2913 1819 2985">
     <span class='ocr_line' id='line_1_29' title="bbox 229 2913 1819 2985; baseline 0.001 -17"><span class='ocrx_word' id='word_1_204' title='bbox 229 2913 494 2968; x_wconf 79' lang='lat' dir='ltr'><strong>navalem</strong></span> <span class='ocrx_word' id='word_1_205' title='bbox 524 2913 774 2969; x_wconf 88' lang='lat' dir='ltr'><strong>videlicet</strong></span> <span class='ocrx_word' id='word_1_206' title='bbox 805 2914 1047 2969; x_wconf 75' lang='lat' dir='ltr'><strong>militiam</strong></span> <span class='ocrx_word' id='word_1_207' title='bbox 1067 2956 1082 2980; x_wconf 89' lang='lat'><strong>,</strong></span> <span class='ocrx_word' id='word_1_208' title='bbox 1110 2915 1164 2969; x_wconf 91' lang='lat' dir='ltr'><strong>in</strong></span> <span class='ocrx_word' id='word_1_209' title='bbox 1192 2931 1356 2985; x_wconf 89' lang='lat' dir='ltr'><strong>quam</strong></span> <span class='ocrx_word' id='word_1_210' title='bbox 1390 2930 1578 2970; x_wconf 87' lang='lat' dir='ltr'><strong>eorum</strong></span> <span class='ocrx_word' id='word_1_211' title='bbox 1612 2918 1819 2982; x_wconf 86' lang='lat' dir='ltr'><strong>pleros-</strong></span> 
     </span>
    </p>
   </div>
   <div class='ocr_carea' id='block_1_30' title="bbox 230 3004 1819 3076">
    <p class='ocr_par' dir='ltr' id='par_1_30' title="bbox 230 3004 1819 3076">
     <span class='ocr_line' id='line_1_30' title="bbox 230 3004 1819 3076; baseline 0.003 -20"><span class='ocrx_word' id='word_1_212' title='bbox 230 3019 345 3073; x_wconf 87' lang='lat' dir='ltr'><strong>que</strong></span> <span class='ocrx_word' id='word_1_213' title='bbox 388 3005 744 3073; x_wconf 74' lang='lat' dir='ltr'><strong>conscripsit,</strong></span> <span class='ocrx_word' id='word_1_214' title='bbox 781 3016 933 3075; x_wconf 89' lang='lat' dir='ltr'><strong>aptos</strong></span> <span class='ocrx_word' id='word_1_215' title='bbox 973 3005 1023 3060; x_wconf 89' lang='lat' dir='ltr'><strong>ei</strong></span> <span class='ocrx_word' id='word_1_216' title='bbox 1060 3004 1321 3061; x_wconf 77' lang='lat' dir='ltr'><strong>functioni</strong></span> <span class='ocrx_word' id='word_1_217' title='bbox 1361 3015 1545 3075; x_wconf 88' lang='lat' dir='ltr'><strong>utpote</strong></span> <span class='ocrx_word' id='word_1_218' title='bbox 1580 3008 1819 3076; x_wconf 90' lang='lat' dir='ltr'><strong>pruden-</strong></span> 
     </span>
    </p>
   </div>
   <div class='ocr_carea' id='block_1_31' title="bbox 231 3096 1822 3168">
    <p class='ocr_par' dir='ltr' id='par_1_31' title="bbox 231 3096 1822 3168">
     <span class='ocr_line' id='line_1_31' title="bbox 231 3096 1822 3168; baseline 0.003 -18"><span class='ocrx_word' id='word_1_219' title='bbox 231 3097 374 3150; x_wconf 88' lang='lat' dir='ltr'><strong>tiam</strong></span> <span class='ocrx_word' id='word_1_220' title='bbox 423 3096 809 3164; x_wconf 85' lang='lat' dir='ltr'><strong>solertiamque</strong></span> <span class='ocrx_word' id='word_1_221' title='bbox 855 3112 920 3152; x_wconf 84' lang='lat' dir='ltr'><strong>ex</strong></span> <span class='ocrx_word' id='word_1_222' title='bbox 962 3098 1258 3166; x_wconf 82' lang='lat' dir='ltr'><strong>Romanis,</strong></span> <span class='ocrx_word' id='word_1_223' title='bbox 1295 3100 1553 3168; x_wconf 79' lang='lat' dir='ltr'><strong>impetum</strong></span> <span class='ocrx_word' id='word_1_224' title='bbox 1598 3116 1726 3155; x_wconf 70' lang='lat' dir='ltr'><strong>vero</strong></span> <span class='ocrx_word' id='word_1_225' title='bbox 1768 3110 1822 3155; x_wconf 92' lang='lat' dir='ltr'><strong>et</strong></span> 
     </span>
    </p>
   </div>
   <div class='ocr_carea' id='block_1_32' title="bbox 232 3187 1820 3261">
    <p class='ocr_par' dir='ltr' id='par_1_32' title="bbox 232 3187 1820 3261">
     <span class='ocr_line' id='line_1_32' title="bbox 232 3187 1820 3261; baseline 0.004 -21"><span class='ocrx_word' id='word_1_226' title='bbox 232 3187 524 3241; x_wconf 80' lang='lat' dir='ltr'><strong>audaciam</strong></span> <span class='ocrx_word' id='word_1_227' title='bbox 551 3204 614 3242; x_wconf 83' lang='lat' dir='ltr'><strong>ex</strong></span> <span class='ocrx_word' id='word_1_228' title='bbox 640 3187 845 3244; x_wconf 80' lang='lat' dir='ltr'><strong>Latinis</strong></span> <span class='ocrx_word' id='word_1_229' title='bbox 872 3190 1120 3244; x_wconf 84' lang='lat' dir='ltr'><strong>haustam</strong></span> <span class='ocrx_word' id='word_1_230' title='bbox 1149 3190 1309 3244; x_wconf 85' lang='lat' dir='ltr'><strong>simul</strong></span> <span class='ocrx_word' id='word_1_231' title='bbox 1333 3192 1614 3245; x_wconf 66' lang='lat' dir='ltr'><strong>habentes.</strong></span> <span class='ocrx_word' id='word_1_232' title='bbox 1634 3191 1820 3261; x_wconf 87' lang='lat' dir='ltr'><strong>Itaque</strong></span> 
     </span>
    </p>
   </div>
   <div class='ocr_carea' id='block_1_33' title="bbox 229 3278 1815 3353">
    <p class='ocr_par' dir='ltr' id='par_1_33' title="bbox 229 3278 1815 3353">
     <span class='ocr_line' id='line_1_33' title="bbox 229 3278 1815 3353; baseline 0.001 -17"><span class='ocrx_word' id='word_1_233' title='bbox 229 3295 300 3336; x_wconf 80' lang='lat' dir='ltr'><strong>ex</strong></span> <span class='ocrx_word' id='word_1_234' title='bbox 356 3278 444 3334; x_wconf 89' lang='lat' dir='ltr'><strong>his</strong></span> <span class='ocrx_word' id='word_1_235' title='bbox 492 3281 729 3335; x_wconf 81' lang='lat' dir='ltr'><strong>maxime</strong></span> <span class='ocrx_word' id='word_1_236' title='bbox 778 3282 1011 3336; x_wconf 84' lang='lat' dir='ltr'><strong>classem</strong></span> <span class='ocrx_word' id='word_1_237' title='bbox 1061 3283 1317 3335; x_wconf 79' lang='lat' dir='ltr'><strong>instruxit</strong></span> <span class='ocrx_word' id='word_1_238' title='bbox 1360 3284 1494 3337; x_wconf 85' lang='lat' dir='ltr'><strong>satis</strong></span> <span class='ocrx_word' id='word_1_239' title='bbox 1544 3300 1815 3353; x_wconf 76' lang='lat' dir='ltr'><strong>magnam,</strong></span> 
     </span>
    </p>
   </div>
   <div class='ocr_carea' id='block_1_34' title="bbox 231 3369 1819 3443">
    <p class='ocr_par' dir='ltr' id='par_1_34' title="bbox 231 3369 1819 3443">
     <span class='ocr_line' id='line_1_34' title="bbox 231 3369 1819 3443; baseline 0.003 -20"><span class='ocrx_word' id='word_1_240' title='bbox 231 3384 345 3438; x_wconf 88' lang='lat' dir='ltr'><strong>qua</strong></span> <span class='ocrx_word' id='word_1_241' title='bbox 375 3369 583 3423; x_wconf 83' lang='lat' dir='ltr'><strong>vicinas</strong></span> <span class='ocrx_word' id='word_1_242' title='bbox 625 3370 826 3425; x_wconf 90' lang='lat' dir='ltr'><strong>insulas</strong></span> <span class='ocrx_word' id='word_1_243' title='bbox 862 3372 1201 3439; x_wconf 80' lang='lat' dir='ltr'><strong>recuperavit</strong></span> <span class='ocrx_word' id='word_1_244' title='bbox 1234 3381 1287 3427; x_wconf 89' lang='lat' dir='ltr'><strong>et</strong></span> <span class='ocrx_word' id='word_1_245' title='bbox 1321 3372 1579 3437; x_wconf 90' lang='lat' dir='ltr'><strong>obtinuit,</strong></span> <span class='ocrx_word' id='word_1_246' title='bbox 1614 3374 1819 3443; x_wconf 88' lang='lat' dir='ltr'><strong>stipen-</strong></span> 
     </span>
    </p>
   </div>
   <div class='ocr_carea' id='block_1_35' title="bbox 236 3464 1821 3534">
    <p class='ocr_par' dir='ltr' id='par_1_35' title="bbox 236 3464 1821 3534">
     <span class='ocr_line' id='line_1_35' title="bbox 236 3464 1821 3534; baseline 0.001 -15"><span class='ocrx_word' id='word_1_247' title='bbox 236 3465 325 3519; x_wconf 90' lang='lat' dir='ltr'><strong>dia</strong></span> <span class='ocrx_word' id='word_1_248' title='bbox 370 3473 425 3519; x_wconf 91' lang='lat' dir='ltr'><strong>et</strong></span> <span class='ocrx_word' id='word_1_249' title='bbox 469 3464 720 3520; x_wconf 86' lang='lat' dir='ltr'><strong>donativa</strong></span> <span class='ocrx_word' id='word_1_250' title='bbox 762 3464 893 3534; x_wconf 88' lang='lat' dir='ltr'><strong>ipsis</strong></span> <span class='ocrx_word' id='word_1_251' title='bbox 956 3480 1023 3519; x_wconf 81' lang='lat' dir='ltr'><strong>ex</strong></span> <span class='ocrx_word' id='word_1_252' title='bbox 1063 3466 1256 3519; x_wconf 67' lang='lat' dir='ltr'><strong>mrario</strong></span> <span class='ocrx_word' id='word_1_253' title='bbox 1300 3467 1569 3520; x_wconf 90' lang='lat' dir='ltr'><strong>communi</strong></span> <span class='ocrx_word' id='word_1_254' title='bbox 1612 3470 1821 3521; x_wconf 86' lang='lat' dir='ltr'><strong>consti-</strong></span> 
     </span>
    </p>
   </div>
   <div class='ocr_carea' id='block_1_36' title="bbox 235 3558 1820 3629">
    <p class='ocr_par' dir='ltr' id='par_1_36' title="bbox 235 3558 1820 3629">
     <span class='ocr_line' id='line_1_36' title="bbox 235 3558 1820 3629; baseline 0.002 -19"><span class='ocrx_word' id='word_1_255' title='bbox 235 3567 422 3621; x_wconf 85' lang='lat' dir='ltr'><strong>tuens,</strong></span> <span class='ocrx_word' id='word_1_256' title='bbox 456 3572 518 3611; x_wconf 92' lang='lat' dir='ltr'><strong>ac</strong></span> <span class='ocrx_word' id='word_1_257' title='bbox 560 3574 678 3611; x_wconf 88' lang='lat' dir='ltr'><strong>cum</strong></span> <span class='ocrx_word' id='word_1_258' title='bbox 728 3558 829 3612; x_wconf 84' lang='lat' dir='ltr'><strong>(ide</strong></span> <span class='ocrx_word' id='word_1_259' title='bbox 871 3569 1289 3627; x_wconf 62' lang='lat' dir='ltr'><strong>repraesentans,</strong></span> <span class='ocrx_word' id='word_1_260' title='bbox 1317 3558 1544 3627; x_wconf 82' lang='lat' dir='ltr'><strong>aliisque</strong></span> <span class='ocrx_word' id='word_1_261' title='bbox 1586 3561 1820 3629; x_wconf 66' lang='lat' dir='ltr'><strong>prmmiis</strong></span> 
     </span>
    </p>
   </div>
   <div class='ocr_carea' id='block_1_37' title="bbox 235 3648 1819 3719">
    <p class='ocr_par' dir='ltr' id='par_1_37' title="bbox 235 3648 1819 3719">
     <span class='ocr_line' id='line_1_37' title="bbox 235 3648 1819 3719; baseline 0.002 -16"><span class='ocrx_word' id='word_1_262' title='bbox 235 3650 387 3703; x_wconf 90' lang='lat' dir='ltr'><strong>ultro</strong></span> <span class='ocrx_word' id='word_1_263' title='bbox 436 3648 664 3703; x_wconf 78' lang='lat' dir='ltr'><strong>subinde</strong></span> <span class='ocrx_word' id='word_1_264' title='bbox 710 3650 849 3705; x_wconf 90' lang='lat' dir='ltr'><strong>datis</strong></span> <span class='ocrx_word' id='word_1_265' title='bbox 896 3650 1231 3705; x_wconf 81' lang='lat' dir='ltr'><strong>alacritatem</strong></span> <span class='ocrx_word' id='word_1_266' title='bbox 1280 3651 1520 3719; x_wconf 91' lang='lat' dir='ltr'><strong>ipsorum</strong></span> <span class='ocrx_word' id='word_1_267' title='bbox 1574 3652 1819 3706; x_wconf 80' lang='lat' dir='ltr'><strong>excitans</strong></span> 
     </span>
    </p>
   </div>
   <div class='ocr_carea' id='block_1_38' title="bbox 239 3740 1820 3811">
    <p class='ocr_par' dir='ltr' id='par_1_38' title="bbox 239 3740 1820 3811">
     <span class='ocr_line' id='line_1_38' title="bbox 239 3740 1820 3811; baseline 0 -16"><span class='ocrx_word' id='word_1_268' title='bbox 239 3755 583 3811; x_wconf 81' lang='lat' dir='ltr'><strong>angeusqne,</strong></span> <span class='ocrx_word' id='word_1_269' title='bbox 621 3740 971 3811; x_wconf 78' lang='lat' dir='ltr'><strong>vicissimque</strong></span> <span class='ocrx_word' id='word_1_270' title='bbox 1013 3740 1081 3796; x_wconf 85' lang='lat' dir='ltr'><strong>ab</strong></span> <span class='ocrx_word' id='word_1_271' title='bbox 1111 3742 1177 3796; x_wconf 90' lang='lat' dir='ltr'><strong>iis</strong></span> <span class='ocrx_word' id='word_1_272' title='bbox 1222 3742 1402 3796; x_wconf 88' lang='lat' dir='ltr'><strong>utilem</strong></span> <span class='ocrx_word' id='word_1_273' title='bbox 1442 3758 1662 3811; x_wconf 85' lang='lat' dir='ltr'><strong>operam</strong></span> <span class='ocrx_word' id='word_1_274' title='bbox 1703 3752 1820 3795; x_wconf 86' lang='lat' dir='ltr'><strong>stu-</strong></span> 
     </span>
    </p>
   </div>
   <div class='ocr_carea' id='block_1_39' title="bbox 241 3830 1819 3904">
    <p class='ocr_par' dir='ltr' id='par_1_39' title="bbox 241 3830 1819 3904">
     <span class='ocr_line' id='line_1_39' title="bbox 241 3830 1819 3904; baseline 0.003 -20"><span class='ocrx_word' id='word_1_275' title='bbox 241 3831 505 3898; x_wconf 90' lang='lat' dir='ltr'><strong>diumque</strong></span> <span class='ocrx_word' id='word_1_276' title='bbox 552 3830 601 3883; x_wconf 92' lang='lat' dir='ltr'><strong>in</strong></span> <span class='ocrx_word' id='word_1_277' title='bbox 650 3831 906 3899; x_wconf 73' lang='lat' dir='ltr'><strong>obsequia</strong></span> <span class='ocrx_word' id='word_1_278' title='bbox 954 3832 1115 3885; x_wconf 88' lang='lat' dir='ltr'><strong>etiam</strong></span> <span class='ocrx_word' id='word_1_279' title='bbox 1164 3834 1466 3903; x_wconf 82' lang='lat' dir='ltr'><strong>periculosa</strong></span> <span class='ocrx_word' id='word_1_280' title='bbox 1511 3844 1819 3904; x_wconf 86' lang='lat' dir='ltr'><strong>prOmptum</strong></span> 
     </span>
    </p>
   </div>
   <div class='ocr_carea' id='block_1_40' title="bbox 239 3922 1820 3993">
    <p class='ocr_par' dir='ltr' id='par_1_40' title="bbox 239 3922 1820 3993">
     <span class='ocr_line' id='line_1_40' title="bbox 239 3922 1820 3993; baseline 0.002 -17"><span class='ocrx_word' id='word_1_281' title='bbox 239 3924 533 3991; x_wconf 86' lang='lat' dir='ltr'><strong>recipiens.</strong></span> <span class='ocrx_word' id='word_1_282' title='bbox 571 3922 767 3976; x_wconf 90' lang='lat' dir='ltr'><strong>llabuit</strong></span> <span class='ocrx_word' id='word_1_283' title='bbox 800 3925 941 3975; x_wconf 90' lang='lat' dir='ltr'><strong>enim</strong></span> <span class='ocrx_word' id='word_1_284' title='bbox 978 3924 1064 3978; x_wconf 92' lang='lat' dir='ltr'><strong>hic</strong></span> <span class='ocrx_word' id='word_1_285' title='bbox 1099 3926 1389 3993; x_wconf 88' lang='lat' dir='ltr'><strong>imperator</strong></span> <span class='ocrx_word' id='word_1_286' title='bbox 1421 3939 1548 3979; x_wconf 82' lang='lat' dir='ltr'><strong>vere</strong></span> <span class='ocrx_word' id='word_1_287' title='bbox 1582 3926 1820 3979; x_wconf 81' lang='lat' dir='ltr'><strong>liberali-</strong></span> 
     </span>
    </p>
   </div>
   <div class='ocr_carea' id='block_1_41' title="bbox 243 4016 1821 4087">
    <p class='ocr_par' dir='ltr' id='par_1_41' title="bbox 243 4016 1821 4087">
     <span class='ocr_line' id='line_1_41' title="bbox 243 4016 1821 4087; baseline 0 -18"><span class='ocrx_word' id='word_1_288' title='bbox 243 4024 411 4069; x_wconf 89' lang='lat' dir='ltr'><strong>tatem</strong></span> <span class='ocrx_word' id='word_1_289' title='bbox 458 4016 512 4067; x_wconf 89' lang='lat' dir='ltr'><strong>iu</strong></span> <span class='ocrx_word' id='word_1_290' title='bbox 562 4028 721 4068; x_wconf 89' lang='lat' dir='ltr'><strong>omne</strong></span> <span class='ocrx_word' id='word_1_291' title='bbox 770 4016 1045 4069; x_wconf 86' lang='lat' dir='ltr'><strong>hominum</strong></span> <span class='ocrx_word' id='word_1_292' title='bbox 1097 4032 1263 4085; x_wconf 91' lang='lat' dir='ltr'><strong>genus</strong></span> <span class='ocrx_word' id='word_1_293' title='bbox 1305 4016 1562 4082; x_wconf 73' lang='lat' dir='ltr'><strong>eﬂusam,</strong></span> <span class='ocrx_word' id='word_1_294' title='bbox 1598 4029 1821 4087; x_wconf 90' lang='lat' dir='ltr'><strong>utraque</strong></span> 
     </span>
    </p>
   </div>
   <div class='ocr_carea' id='block_1_42' title="bbox 240 4109 1820 4179">
    <p class='ocr_par' dir='ltr' id='par_1_42' title="bbox 240 4109 1820 4179">
     <span class='ocr_line' id='line_1_42' title="bbox 240 4109 1820 4179; baseline 0 -15"><span class='ocrx_word' id='word_1_295' title='bbox 240 4109 510 4164; x_wconf 82' lang='lat' dir='ltr'><strong>hauriens</strong></span> <span class='ocrx_word' id='word_1_296' title='bbox 552 4123 710 4161; x_wconf 88' lang='lat' dir='ltr'><strong>manu</strong></span> <span class='ocrx_word' id='word_1_297' title='bbox 753 4124 814 4161; x_wconf 81' lang='lat' dir='ltr'><strong>ex</strong></span> <span class='ocrx_word' id='word_1_298' title='bbox 861 4118 1045 4175; x_wconf 88' lang='lat' dir='ltr'><strong>parata</strong></span> <span class='ocrx_word' id='word_1_299' title='bbox 1089 4111 1240 4177; x_wconf 84' lang='lat' dir='ltr'><strong>copia</strong></span> <span class='ocrx_word' id='word_1_300' title='bbox 1270 4111 1621 4165; x_wconf 78' lang='lat' dir='ltr'><strong>’conditarum</strong></span> <span class='ocrx_word' id='word_1_301' title='bbox 1664 4112 1820 4179; x_wconf 81' lang='lat' dir='ltr'><strong>longa</strong></span> 
     </span>
    </p>
   </div>
   <div class='ocr_carea' id='block_1_43' title="bbox 245 4205 1823 4279">
    <p class='ocr_par' dir='ltr' id='par_1_43' title="bbox 245 4205 1823 4279">
     <span class='ocr_line' id='line_1_43' title="bbox 245 4205 1823 4279; baseline -0.004 -18"><span class='ocrx_word' id='word_1_302' title='bbox 245 4205 587 4279; x_wconf 89' lang='lat' dir='ltr'><strong>parcimonia</strong></span> <span class='ocrx_word' id='word_1_303' title='bbox 617 4221 797 4275; x_wconf 91' lang='lat' dir='ltr'><strong>opum,</strong></span> <span class='ocrx_word' id='word_1_304' title='bbox 825 4219 944 4273; x_wconf 65' lang='lat' dir='ltr'><strong>quae</strong></span> <span class='ocrx_word' id='word_1_305' title='bbox 977 4205 1081 4258; x_wconf 90' lang='lat' dir='ltr'><strong>late</strong></span> <span class='ocrx_word' id='word_1_306' title='bbox 1112 4212 1391 4272; x_wconf 78' lang='lat' dir='ltr'><strong>Spargeret</strong></span> <span class='ocrx_word' id='word_1_307' title='bbox 1420 4205 1471 4257; x_wconf 90' lang='lat' dir='ltr'><strong>in</strong></span> <span class='ocrx_word' id='word_1_308' title='bbox 1504 4218 1631 4256; x_wconf 89' lang='lat' dir='ltr'><strong>usus</strong></span> <span class='ocrx_word' id='word_1_309' title='bbox 1662 4218 1823 4271; x_wconf 83' lang='lat' dir='ltr'><strong>egen-</strong></span> 
     </span>
    </p>
   </div>
   <div class='ocr_carea' id='block_1_44' title="bbox 246 4294 1823 4368">
    <p class='ocr_par' dir='ltr' id='par_1_44' title="bbox 246 4294 1823 4368">
     <span class='ocr_line' id='line_1_44' title="bbox 246 4294 1823 4368; baseline -0.004 -12"><span class='ocrx_word' id='word_1_310' title='bbox 246 4302 419 4368; x_wconf 87' lang='lat' dir='ltr'><strong>tium,</strong></span> <span class='ocrx_word' id='word_1_311' title='bbox 455 4300 602 4353; x_wconf 87' lang='lat' dir='ltr'><strong>baud</strong></span> <span class='ocrx_word' id='word_1_312' title='bbox 653 4301 899 4366; x_wconf 87' lang='lat' dir='ltr'><strong>equidem</strong></span> <span class='ocrx_word' id='word_1_313' title='bbox 952 4298 1065 4351; x_wconf 90' lang='lat' dir='ltr'><strong>scio</strong></span> <span class='ocrx_word' id='word_1_314' title='bbox 1111 4313 1177 4350; x_wconf 88' lang='lat' dir='ltr'><strong>an</strong></span> <span class='ocrx_word' id='word_1_315' title='bbox 1231 4294 1486 4349; x_wconf 91' lang='lat' dir='ltr'><strong>instinctu</strong></span> <span class='ocrx_word' id='word_1_316' title='bbox 1539 4296 1823 4363; x_wconf 80' lang='lat' dir='ltr'><strong>indoleque</strong></span> 
     </span>
    </p>
   </div>
   <div class='ocr_carea' id='block_1_45' title="bbox 247 4378 1821 4457">
    <p class='ocr_par' dir='ltr' id='par_1_45' title="bbox 247 4378 1821 4457">
     <span class='ocr_line' id='line_1_45' title="bbox 247 4378 1821 4457; baseline -0.002 -12"><span class='ocrx_word' id='word_1_317' title='bbox 247 4378 483 4453; x_wconf 55' lang='lat' dir='ltr'><strong>natura,</strong></span> <span class='ocrx_word' id='word_1_318' title='bbox 513 4406 578 4443; x_wconf 92' lang='lat' dir='ltr'><strong>an</strong></span> <span class='ocrx_word' id='word_1_319' title='bbox 606 4388 813 4457; x_wconf 88' lang='lat' dir='ltr'><strong>judicio</strong></span> <span class='ocrx_word' id='word_1_320' title='bbox 840 4388 1005 4443; x_wconf 88' lang='lat' dir='ltr'><strong>animi</strong></span> <span class='ocrx_word' id='word_1_321' title='bbox 1032 4389 1097 4440; x_wconf 88' lang='lat' dir='ltr'><strong>ob</strong></span> <span class='ocrx_word' id='word_1_322' title='bbox 1129 4396 1443 4457; x_wconf 72' lang='lat' dir='ltr'><strong>przescntem</strong></span> <span class='ocrx_word' id='word_1_323' title='bbox 1472 4389 1589 4455; x_wconf 82' lang='lat' dir='ltr'><strong>ejus</strong></span> <span class='ocrx_word' id='word_1_324' title='bbox 1618 4389 1689 4441; x_wconf 89' lang='lat' dir='ltr'><strong>rei</strong></span> <span class='ocrx_word' id='word_1_325' title='bbox 1721 4389 1821 4442; x_wconf 82' lang='lat' dir='ltr'><strong>nti-</strong></span> 
     </span>
    </p>
   </div>
   <div class='ocr_carea' id='block_1_46' title="bbox 249 4479 1824 4545">
    <p class='ocr_par' dir='ltr' id='par_1_46' title="bbox 249 4479 1824 4545">
     <span class='ocr_line' id='line_1_46' title="bbox 249 4479 1824 4545; baseline -0.001 -11"><span class='ocrx_word' id='word_1_326' title='bbox 249 4481 461 4535; x_wconf 88' lang='lat' dir='ltr'><strong>litatem</strong></span> <span class='ocrx_word' id='word_1_327' title='bbox 502 4479 726 4534; x_wconf 86' lang='lat' dir='ltr'><strong>benetlci</strong></span> <span class='ocrx_word' id='word_1_328' title='bbox 768 4495 960 4533; x_wconf 92' lang='lat' dir='ltr'><strong>nomen</strong></span> <span class='ocrx_word' id='word_1_329' title='bbox 1004 4479 1326 4545; x_wconf 79' lang='lat' dir='ltr'><strong>aﬁ&#39;eetantis,</strong></span> <span class='ocrx_word' id='word_1_330' title='bbox 1358 4494 1421 4533; x_wconf 90' lang='lat' dir='ltr'><strong>eo</strong></span> <span class='ocrx_word' id='word_1_331' title='bbox 1465 4480 1669 4533; x_wconf 77' lang='lat' dir='ltr'><strong>scilicet</strong></span> <span class='ocrx_word' id='word_1_332' title='bbox 1708 4480 1824 4533; x_wconf 84' lang='lat' dir='ltr'><strong>adi-</strong></span> 
     </span>
    </p>
   </div>
   <div class='ocr_carea' id='block_1_47' title="bbox 250 4558 1900 4643">
    <p class='ocr_par' dir='ltr' id='par_1_47' title="bbox 250 4558 1900 4643">
     <span class='ocr_line' id='line_1_47' title="bbox 250 4558 1900 4643; baseline -0.003 -15"><span class='ocrx_word' id='word_1_333' title='bbox 250 4581 414 4643; x_wconf 78' lang='lat' dir='ltr'><strong>gente</strong></span> <span class='ocrx_word' id='word_1_334' title='bbox 452 4572 777 4627; x_wconf 78' lang='lat' dir='ltr'><strong>necessitate</strong></span> <span class='ocrx_word' id='word_1_335' title='bbox 816 4571 1068 4642; x_wconf 69' lang='lat' dir='ltr'><strong>paranda:</strong></span> <span class='ocrx_word' id='word_1_336' title='bbox 1109 4571 1188 4624; x_wconf 92' lang='lat' dir='ltr'><strong>sic</strong></span> <span class='ocrx_word' id='word_1_337' title='bbox 1224 4570 1367 4639; x_wconf 83' lang='lat' dir='ltr'><strong>vulgi</strong></span> <span class='ocrx_word' id='word_1_338' title='bbox 1406 4572 1820 4637; x_wconf 70' lang='lat' dir='ltr'><strong>benevolentiae,</strong></span> <span class='ocrx_word' id='word_1_339' title='bbox 1859 4558 1900 4611; x_wconf 81' lang='grc' dir='ltr'>Ῑ)</span> 
     </span>
    </p>
   </div>
   <div class='ocr_carea' id='block_1_48' title="bbox 251 4662 1825 4733">
    <p class='ocr_par' dir='ltr' id='par_1_48' title="bbox 251 4662 1825 4733">
     <span class='ocr_line' id='line_1_48' title="bbox 251 4662 1825 4733; baseline 0.002 -18"><span class='ocrx_word' id='word_1_340' title='bbox 251 4678 358 4733; x_wconf 86' lang='lat' dir='ltr'><strong>qua</strong></span> <span class='ocrx_word' id='word_1_341' title='bbox 408 4663 463 4715; x_wconf 91' lang='lat' dir='ltr'><strong>in</strong></span> <span class='ocrx_word' id='word_1_342' title='bbox 510 4662 700 4731; x_wconf 84' lang='lat' dir='ltr'><strong>primis</strong></span> <span class='ocrx_word' id='word_1_343' title='bbox 750 4676 885 4731; x_wconf 84' lang='lat' dir='ltr'><strong>Opus</strong></span> <span class='ocrx_word' id='word_1_344' title='bbox 934 4662 1095 4732; x_wconf 81' lang='lat'><strong>189</strong></span> <span class='ocrx_word' id='word_1_345' title='bbox 1139 4672 1257 4717; x_wconf 86' lang='lat' dir='ltr'><strong>erat</strong></span> <span class='ocrx_word' id='word_1_346' title='bbox 1302 4664 1349 4717; x_wconf 91' lang='lat' dir='ltr'><strong>ei</strong></span> <span class='ocrx_word' id='word_1_347' title='bbox 1397 4662 1486 4731; x_wconf 89' lang='lat' dir='ltr'><strong>qui</strong></span> <span class='ocrx_word' id='word_1_348' title='bbox 1532 4664 1633 4717; x_wconf 83' lang='lat' dir='ltr'><strong>sibi</strong></span> <span class='ocrx_word' id='word_1_349' title='bbox 1678 4674 1825 4718; x_wconf 89' lang='lat' dir='ltr'><strong>esset</strong></span> 
     </span>
    </p>
   </div>
   <div class='ocr_carea' id='block_1_49' title="bbox 252 4754 1825 4824">
    <p class='ocr_par' dir='ltr' id='par_1_49' title="bbox 252 4754 1825 4824">
     <span class='ocr_line' id='line_1_49' title="bbox 252 4754 1825 4824; baseline -0.003 -13"><span class='ocrx_word' id='word_1_350' title='bbox 252 4756 508 4811; x_wconf 88' lang='lat' dir='ltr'><strong>conscius</strong></span> <span class='ocrx_word' id='word_1_351' title='bbox 543 4754 787 4822; x_wconf 85' lang='lat' dir='ltr'><strong>usurpati</strong></span> <span class='ocrx_word' id='word_1_352' title='bbox 822 4754 1007 4808; x_wconf 79' lang='lat' dir='ltr'><strong>fraude</strong></span> <span class='ocrx_word' id='word_1_353' title='bbox 1044 4770 1140 4808; x_wconf 90' lang='lat' dir='ltr'><strong>nec</strong></span> <span class='ocrx_word' id='word_1_354' title='bbox 1168 4754 1310 4822; x_wconf 89' lang='lat' dir='ltr'><strong>juste</strong></span> <span class='ocrx_word' id='word_1_355' title='bbox 1352 4756 1582 4824; x_wconf 88' lang='lat' dir='ltr'><strong>possessi</strong></span> <span class='ocrx_word' id='word_1_356' title='bbox 1627 4754 1825 4823; x_wconf 90' lang='lat' dir='ltr'><strong>princi-</strong></span> 
     </span>
    </p>
   </div>
   <div class='ocr_carea' id='block_1_50' title="bbox 254 4846 1826 4916">
    <p class='ocr_par' dir='ltr' id='par_1_50' title="bbox 254 4846 1826 4916">
     <span class='ocr_line' id='line_1_50' title="bbox 254 4846 1826 4916; baseline 0 -17"><span class='ocrx_word' id='word_1_357' title='bbox 254 4858 431 4916; x_wconf 90' lang='lat' dir='ltr'><strong>patus.</strong></span> <span class='ocrx_word' id='word_1_358' title='bbox 458 4846 640 4901; x_wconf 87' lang='lat' dir='ltr'><strong>Potest</strong></span> <span class='ocrx_word' id='word_1_359' title='bbox 661 4856 714 4900; x_wconf 87' lang='lat' dir='ltr'><strong>et</strong></span> <span class='ocrx_word' id='word_1_360' title='bbox 740 4847 896 4900; x_wconf 88' lang='lat' dir='ltr'><strong>tertia</strong></span> <span class='ocrx_word' id='word_1_361' title='bbox 922 4846 1216 4913; x_wconf 79' lang='lat' dir='ltr'><strong>excogitari</strong></span> <span class='ocrx_word' id='word_1_362' title='bbox 1246 4861 1430 4909; x_wconf 89' lang='lat' dir='ltr'><strong>causa,</strong></span> <span class='ocrx_word' id='word_1_363' title='bbox 1454 4863 1569 4913; x_wconf 77' lang='lat' dir='ltr'><strong>ane</strong></span> <span class='ocrx_word' id='word_1_364' title='bbox 1595 4846 1826 4899; x_wconf 81' lang='lat' dir='ltr'><strong>Michae-</strong></span> 
     </span>
    </p>
   </div>
   <div class='ocr_carea' id='block_1_51' title="bbox 256 4935 1824 5006">
    <p class='ocr_par' dir='ltr' id='par_1_51' title="bbox 256 4935 1824 5006">
     <span class='ocr_line' id='line_1_51' title="bbox 256 4935 1824 5006; baseline -0.003 -15"><span class='ocrx_word' id='word_1_365' title='bbox 256 4938 356 4991; x_wconf 91' lang='lat' dir='ltr'><strong>lem</strong></span> <span class='ocrx_word' id='word_1_366' title='bbox 392 4936 752 5006; x_wconf 66' lang='lat' dir='ltr'><strong>Palmologum</strong></span> <span class='ocrx_word' id='word_1_367' title='bbox 794 4936 859 4989; x_wconf 90' lang='lat' dir='ltr'><strong>ad</strong></span> <span class='ocrx_word' id='word_1_368' title='bbox 900 4935 1045 5005; x_wconf 85' lang='lat' dir='ltr'><strong>large</strong></span> <span class='ocrx_word' id='word_1_369' title='bbox 1087 4936 1336 5004; x_wconf 87' lang='lat' dir='ltr'><strong>plurimis</strong></span> <span class='ocrx_word' id='word_1_370' title='bbox 1382 4936 1824 4989; x_wconf 79' lang='lat' dir='ltr'><strong>benefaciendum</strong></span> 
     </span>
    </p>
   </div>
   <div class='ocr_carea' id='block_1_52' title="bbox 254 5027 1829 5101">
    <p class='ocr_par' dir='ltr' id='par_1_52' title="bbox 254 5027 1829 5101">
     <span class='ocr_line' id='line_1_52' title="bbox 254 5027 1829 5101; baseline -0.002 -18"><span class='ocrx_word' id='word_1_371' title='bbox 254 5029 491 5101; x_wconf 87' lang='lat' dir='ltr'><strong>potuerit</strong></span> <span class='ocrx_word' id='word_1_372' title='bbox 532 5028 833 5096; x_wconf 87' lang='lat' dir='ltr'><strong>impellere,</strong></span> <span class='ocrx_word' id='word_1_373' title='bbox 864 5028 1134 5081; x_wconf 65' lang='lat' dir='ltr'><strong>renuntiatio</strong></span> <span class='ocrx_word' id='word_1_374' title='bbox 1175 5027 1349 5081; x_wconf 88' lang='lat' dir='ltr'><strong>laudis</strong></span> <span class='ocrx_word' id='word_1_375' title='bbox 1391 5030 1440 5081; x_wconf 93' lang='lat' dir='ltr'><strong>in</strong></span> <span class='ocrx_word' id='word_1_376' title='bbox 1486 5029 1586 5079; x_wconf 82' lang='lat' dir='ltr'><strong>isto</strong></span> <span class='ocrx_word' id='word_1_377' title='bbox 1632 5040 1829 5094; x_wconf 75' lang='lat' dir='ltr'><strong>genere</strong></span> 
     </span>
    </p>
   </div>
   <div class='ocr_carea' id='block_1_53' title="bbox 255 5116 1825 5186">
    <p class='ocr_par' dir='ltr' id='par_1_53' title="bbox 255 5116 1825 5186">
     <span class='ocr_line' id='line_1_53' title="bbox 255 5116 1825 5186; baseline -0.001 -17"><span class='ocrx_word' id='word_1_378' title='bbox 255 5116 536 5186; x_wconf 60' lang='lat' dir='ltr'><strong>praeclarae</strong></span> <span class='ocrx_word' id='word_1_379' title='bbox 585 5116 801 5171; x_wconf 88' lang='lat' dir='ltr'><strong>illorum</strong></span> <span class='ocrx_word' id='word_1_380' title='bbox 849 5117 938 5186; x_wconf 89' lang='lat' dir='ltr'><strong>qui</strong></span> <span class='ocrx_word' id='word_1_381' title='bbox 993 5128 1121 5171; x_wconf 90' lang='lat' dir='ltr'><strong>ante</strong></span> <span class='ocrx_word' id='word_1_382' title='bbox 1173 5116 1347 5186; x_wconf 90' lang='lat' dir='ltr'><strong>ipsum</strong></span> <span class='ocrx_word' id='word_1_383' title='bbox 1398 5118 1825 5186; x_wconf 87' lang='lat' dir='ltr'><strong>imperaverant;</strong></span> 
     </span>
    </p>
   </div>
   <div class='ocr_carea' id='block_1_54' title="bbox 259 5208 1827 5277">
    <p class='ocr_par' dir='ltr' id='par_1_54' title="bbox 259 5208 1827 5277">
     <span class='ocr_line' id='line_1_54' title="bbox 259 5208 1827 5277; baseline 0 -16"><span class='ocrx_word' id='word_1_384' title='bbox 259 5224 495 5277; x_wconf 90' lang='lat' dir='ltr'><strong>quorum</strong></span> <span class='ocrx_word' id='word_1_385' title='bbox 533 5208 759 5263; x_wconf 76' lang='lat' dir='ltr'><strong>effusum</strong></span> <span class='ocrx_word' id='word_1_386' title='bbox 798 5209 1038 5263; x_wconf 88' lang='lat' dir='ltr'><strong>studium</strong></span> <span class='ocrx_word' id='word_1_387' title='bbox 1074 5214 1206 5263; x_wconf 87' lang='lat' dir='ltr'><strong>bene</strong></span> <span class='ocrx_word' id='word_1_388' title='bbox 1241 5210 1482 5263; x_wconf 89' lang='lat' dir='ltr'><strong>merendi</strong></span> <span class='ocrx_word' id='word_1_389' title='bbox 1528 5208 1827 5263; x_wconf 89' lang='lat' dir='ltr'><strong>tribuendi-</strong></span> 
     </span>
    </p>
   </div>
   <div class='ocr_carea' id='block_1_55' title="bbox 258 5301 1829 5370">
    <p class='ocr_par' dir='ltr' id='par_1_55' title="bbox 258 5301 1829 5370">
     <span class='ocr_line' id='line_1_55' title="bbox 258 5301 1829 5370; baseline -0.001 -15"><span class='ocrx_word' id='word_1_390' title='bbox 258 5316 362 5370; x_wconf 91' lang='lat' dir='ltr'><strong>quc</strong></span> <span class='ocrx_word' id='word_1_391' title='bbox 394 5316 459 5355; x_wconf 79' lang='lat' dir='ltr'><strong>ex</strong></span> <span class='ocrx_word' id='word_1_392' title='bbox 492 5301 660 5370; x_wconf 87' lang='lat' dir='ltr'><strong>priori</strong></span> <span class='ocrx_word' id='word_1_393' title='bbox 695 5301 956 5355; x_wconf 87' lang='lat' dir='ltr'><strong>memoria</strong></span> <span class='ocrx_word' id='word_1_394' title='bbox 993 5317 1115 5354; x_wconf 91' lang='lat' dir='ltr'><strong>cum</strong></span> <span class='ocrx_word' id='word_1_395' title='bbox 1152 5311 1434 5370; x_wconf 83' lang='lat' dir='ltr'><strong>repeteret,</strong></span> <span class='ocrx_word' id='word_1_396' title='bbox 1466 5316 1735 5370; x_wconf 87' lang='lat' dir='ltr'><strong>nunquam</strong></span> <span class='ocrx_word' id='word_1_397' title='bbox 1771 5316 1829 5354; x_wconf 69' lang='lat' dir='ltr'><strong>se</strong></span> 
     </span>
    </p>
   </div>
   <div class='ocr_carea' id='block_1_56' title="bbox 259 5391 1833 5460">
    <p class='ocr_par' dir='ltr' id='par_1_56' title="bbox 259 5391 1833 5460">
     <span class='ocr_line' id='line_1_56' title="bbox 259 5391 1833 5460; baseline 0.001 -17"><span class='ocrx_word' id='word_1_398' title='bbox 259 5401 494 5459; x_wconf 85' lang='lat' dir='ltr'><strong>putaret,</strong></span> <span class='ocrx_word' id='word_1_399' title='bbox 529 5394 879 5459; x_wconf 88' lang='lat' dir='ltr'><strong>quantumvis</strong></span> <span class='ocrx_word' id='word_1_400' title='bbox 915 5391 1058 5460; x_wconf 82' lang='lat' dir='ltr'><strong>large</strong></span> <span class='ocrx_word' id='word_1_401' title='bbox 1092 5394 1289 5459; x_wconf 85' lang='lat' dir='ltr'><strong>passim</strong></span> <span class='ocrx_word' id='word_1_402' title='bbox 1323 5391 1573 5445; x_wconf 90' lang='lat' dir='ltr'><strong>donando</strong></span> <span class='ocrx_word' id='word_1_403' title='bbox 1607 5406 1833 5446; x_wconf 83' lang='lat' dir='ltr'><strong>conare-</strong></span> 
     </span>
    </p>
   </div>
   <div class='ocr_carea' id='block_1_57' title="bbox 265 5483 1831 5552">
    <p class='ocr_par' dir='ltr' id='par_1_57' title="bbox 265 5483 1831 5552">
     <span class='ocr_line' id='line_1_57' title="bbox 265 5483 1831 5552; baseline 0.001 -16"><span class='ocrx_word' id='word_1_404' title='bbox 265 5493 371 5549; x_wconf 92' lang='lat' dir='ltr'><strong>tur,</strong></span> <span class='ocrx_word' id='word_1_405' title='bbox 404 5483 570 5537; x_wconf 85' lang='lat' dir='ltr'><strong>decus</strong></span> <span class='ocrx_word' id='word_1_406' title='bbox 603 5483 703 5537; x_wconf 90' lang='lat' dir='ltr'><strong>hoc</strong></span> <span class='ocrx_word' id='word_1_407' title='bbox 736 5483 975 5551; x_wconf 85' lang='lat' dir='ltr'><strong>ipsorum</strong></span> <span class='ocrx_word' id='word_1_408' title='bbox 1008 5500 1070 5537; x_wconf 89' lang='lat' dir='ltr'><strong>ac</strong></span> <span class='ocrx_word' id='word_1_409' title='bbox 1098 5484 1291 5537; x_wconf 76' lang='lat' dir='ltr'><strong>fatuam</strong></span> <span class='ocrx_word' id='word_1_410' title='bbox 1322 5499 1536 5552; x_wconf 71' lang='lat' dir='ltr'><strong>azquare</strong></span> <span class='ocrx_word' id='word_1_411' title='bbox 1572 5484 1831 5538; x_wconf 90' lang='lat' dir='ltr'><strong>imitando</strong></span> 
     </span>
    </p>
   </div>
   <div class='ocr_carea' id='block_1_58' title="bbox 264 5576 1831 5645">
    <p class='ocr_par' dir='ltr' id='par_1_58' title="bbox 264 5576 1831 5645">
     <span class='ocr_line' id='line_1_58' title="bbox 264 5576 1831 5645; baseline 0.001 -18"><span class='ocrx_word' id='word_1_412' title='bbox 264 5587 357 5629; x_wconf 90' lang='lat' dir='ltr'><strong>aut</strong></span> <span class='ocrx_word' id='word_1_413' title='bbox 388 5577 625 5645; x_wconf 90' lang='lat' dir='ltr'><strong>assequi.</strong></span> <span class='ocrx_word' id='word_1_414' title='bbox 654 5576 781 5629; x_wconf 81' lang='lat' dir='ltr'><strong>Mihi</strong></span> <span class='ocrx_word' id='word_1_415' title='bbox 812 5578 1026 5643; x_wconf 84' lang='lat' dir='ltr'><strong>quidem</strong></span> <span class='ocrx_word' id='word_1_416' title='bbox 1065 5578 1143 5630; x_wconf 87' lang='lat' dir='ltr'><strong>sic</strong></span> <span class='ocrx_word' id='word_1_417' title='bbox 1173 5578 1407 5638; x_wconf 88' lang='lat' dir='ltr'><strong>videtur,</strong></span> <span class='ocrx_word' id='word_1_418' title='bbox 1437 5577 1584 5629; x_wconf 90' lang='lat' dir='ltr'><strong>illum</strong></span> <span class='ocrx_word' id='word_1_419' title='bbox 1622 5591 1686 5630; x_wconf 82' lang='lat' dir='ltr'><strong>ex</strong></span> <span class='ocrx_word' id='word_1_420' title='bbox 1722 5590 1831 5644; x_wconf 91' lang='lat' dir='ltr'><strong>quo</strong></span> 
     </span>
    </p>
   </div>
   <div class='ocr_carea' id='block_1_59' title="bbox 265 5667 1832 5737">
    <p class='ocr_par' dir='ltr' id='par_1_59' title="bbox 265 5667 1832 5737">
     <span class='ocr_line' id='line_1_59' title="bbox 265 5667 1832 5737; baseline 0.001 -17"><span class='ocrx_word' id='word_1_421' title='bbox 265 5667 609 5737; x_wconf 84' lang='lat' dir='ltr'><strong>imperatoris</strong></span> <span class='ocrx_word' id='word_1_422' title='bbox 639 5684 831 5722; x_wconf 90' lang='lat' dir='ltr'><strong>nomen</strong></span> <span class='ocrx_word' id='word_1_423' title='bbox 876 5678 1268 5736; x_wconf 53' lang='lat' dir='ltr'><strong>assumpscrat,</strong></span> <span class='ocrx_word' id='word_1_424' title='bbox 1326 5668 1586 5722; x_wconf 77' lang='lat' dir='ltr'><strong>indixisse</strong></span> <span class='ocrx_word' id='word_1_425' title='bbox 1620 5668 1721 5722; x_wconf 86' lang='lat' dir='ltr'><strong>sibi</strong></span> <span class='ocrx_word' id='word_1_426' title='bbox 1757 5668 1832 5722; x_wconf 90' lang='lat' dir='ltr'><strong>in-</strong></span> 
     </span>
    </p>
   </div>
   <div class='ocr_carea' id='block_1_60' title="bbox 263 5758 1829 5828">
    <p class='ocr_par' dir='ltr' id='par_1_60' title="bbox 263 5758 1829 5828">
     <span class='ocr_line' id='line_1_60' title="bbox 263 5758 1829 5828; baseline -0.001 -16"><span class='ocrx_word' id='word_1_427' title='bbox 263 5758 613 5813; x_wconf 86' lang='lat' dir='ltr'><strong>eluctabilem</strong></span> <span class='ocrx_word' id='word_1_428' title='bbox 652 5761 1025 5815; x_wconf 79' lang='lat' dir='ltr'><strong>necessitatem</strong></span> <span class='ocrx_word' id='word_1_429' title='bbox 1070 5760 1416 5828; x_wconf 88' lang='lat' dir='ltr'><strong>imperatorio</strong></span> <span class='ocrx_word' id='word_1_430' title='bbox 1443 5773 1588 5813; x_wconf 91' lang='lat' dir='ltr'><strong>more</strong></span> <span class='ocrx_word' id='word_1_431' title='bbox 1613 5760 1829 5827; x_wconf 83' lang='lat' dir='ltr'><strong>agendi,</strong></span> 
     </span>
    </p>
   </div>
   <div class='ocr_carea' id='block_1_61' title="bbox 270 5849 1835 5921">
    <p class='ocr_par' dir='ltr' id='par_1_61' title="bbox 270 5849 1835 5921">
     <span class='ocr_line' id='line_1_61' title="bbox 270 5849 1835 5921; baseline 0.003 -18"><span class='ocrx_word' id='word_1_432' title='bbox 270 5864 333 5905; x_wconf 86' lang='lat' dir='ltr'><strong>ne</strong></span> <span class='ocrx_word' id='word_1_433' title='bbox 366 5865 471 5905; x_wconf 90' lang='lat' dir='ltr'><strong>non</strong></span> <span class='ocrx_word' id='word_1_434' title='bbox 510 5865 635 5905; x_wconf 84' lang='lat' dir='ltr'><strong>vere</strong></span> <span class='ocrx_word' id='word_1_435' title='bbox 670 5850 933 5921; x_wconf 87' lang='lat' dir='ltr'><strong>imperare</strong></span> <span class='ocrx_word' id='word_1_436' title='bbox 968 5850 1060 5905; x_wconf 89' lang='lat' dir='ltr'><strong>sed</strong></span> <span class='ocrx_word' id='word_1_437' title='bbox 1097 5849 1237 5904; x_wconf 86' lang='lat' dir='ltr'><strong>velut</strong></span> <span class='ocrx_word' id='word_1_438' title='bbox 1280 5851 1330 5904; x_wconf 91' lang='lat' dir='ltr'><strong>in</strong></span> <span class='ocrx_word' id='word_1_439' title='bbox 1374 5863 1534 5905; x_wconf 85' lang='lat' dir='ltr'><strong>scena</strong></span> <span class='ocrx_word' id='word_1_440' title='bbox 1579 5850 1835 5907; x_wconf 87' lang='lat' dir='ltr'><strong>simulare</strong></span> 
     </span>
    </p>
   </div>
   <div class='ocr_carea' id='block_1_62' title="bbox 1913 625 3485 703">
    <p class='ocr_par' dir='ltr' id='par_1_62' title="bbox 1913 625 3485 703">
     <span class='ocr_line' id='line_1_62' title="bbox 1913 625 3485 703; baseline 0.006 -27"><span class='ocrx_word' id='word_1_441' title='bbox 1913 625 2102 688; x_wconf 85' lang='grc' dir='ltr'>Ὅστις</span> <span class='ocrx_word' id='word_1_442' title='bbox 2127 627 2182 679; x_wconf 80' lang='grc' dir='ltr'>δὲ</span> <span class='ocrx_word' id='word_1_443' title='bbox 2211 628 2509 698; x_wconf 83' lang='grc' dir='ltr'>βασιλεύων</span> <span class='ocrx_word' id='word_1_444' title='bbox 2537 630 2793 702; x_wconf 84' lang='grc' dir='ltr'>γλίσχρος</span> <span class='ocrx_word' id='word_1_445' title='bbox 2818 632 2935 685; x_wconf 72' lang='grc' dir='ltr'>ἐστὶ</span> <span class='ocrx_word' id='word_1_446' title='bbox 2960 632 3100 703; x_wconf 79' lang='grc' dir='ltr'>πρὸς</span> <span class='ocrx_word' id='word_1_447' title='bbox 3154 633 3214 687; x_wconf 79' lang='grc' dir='ltr'>τὸ</span> <span class='ocrx_word' id='word_1_448' title='bbox 3265 633 3485 695; x_wconf 80' lang='grc' dir='ltr'>διδόναι,</span> 
     </span>
    </p>
   </div>
   <div class='ocr_carea' id='block_1_63' title="bbox 1912 720 3481 797">
    <p class='ocr_par' dir='ltr' id='par_1_63' title="bbox 1912 720 3481 797">
     <span class='ocr_line' id='line_1_63' title="bbox 1912 720 3481 797; baseline 0.008 -27"><span class='ocrx_word' id='word_1_449' title='bbox 1912 720 2117 782; x_wconf 80' lang='grc' dir='ltr'>ἐκεῖνος</span> <span class='ocrx_word' id='word_1_450' title='bbox 2146 723 2349 791; x_wconf 83' lang='grc' dir='ltr'>σκηνὴν</span> <span class='ocrx_word' id='word_1_451' title='bbox 2376 723 2668 792; x_wconf 86' lang='grc' dir='ltr'>βασιλείας,</span> <span class='ocrx_word' id='word_1_452' title='bbox 2701 725 2761 778; x_wconf 79' lang='grc' dir='ltr'><strong>οὐ</strong></span> <span class='ocrx_word' id='word_1_453' title='bbox 2783 726 3065 797; x_wconf 83' lang='grc' dir='ltr'>βασιλείαν</span> <span class='ocrx_word' id='word_1_454' title='bbox 3089 726 3481 796; x_wconf 76' lang='grc' dir='ltr'>μεταχειρίξει.</span> 
     </span>
    </p>
   </div>
   <div class='ocr_carea' id='block_1_64' title="bbox 1911 811 3487 890">
    <p class='ocr_par' dir='ltr' id='par_1_64' title="bbox 1911 811 3487 890">
     <span class='ocr_line' id='line_1_64' title="bbox 1911 811 3487 890; baseline 0.006 -26"><span class='ocrx_word' id='word_1_455' title='bbox 1911 811 1997 883; x_wconf 86' lang='grc' dir='ltr'><strong>[Ρ.</strong></span> <span class='ocrx_word' id='word_1_456' title='bbox 2030 813 2151 885; x_wconf 69' lang='lat'><strong>126]</strong></span> <span class='ocrx_word' id='word_1_457' title='bbox 2203 816 2514 887; x_wconf 83' lang='grc' dir='ltr'>Τεκμήριον</span> <span class='ocrx_word' id='word_1_458' title='bbox 2567 818 2624 870; x_wconf 74' lang='grc' dir='ltr'>δὲ</span> <span class='ocrx_word' id='word_1_459' title='bbox 2682 820 2710 870; x_wconf 87' lang='grc' dir='ltr'><strong>ό</strong></span> <span class='ocrx_word' id='word_1_460' title='bbox 2754 820 2845 872; x_wconf 66' lang='grc' dir='ltr'><strong>ἐπὶ</strong></span> <span class='ocrx_word' id='word_1_461' title='bbox 2893 820 3097 890; x_wconf 84' lang='grc' dir='ltr'>σκηνῆς</span> <span class='ocrx_word' id='word_1_462' title='bbox 3118 821 3487 890; x_wconf 81' lang='grc' dir='ltr'>Ἀγαμέμνων</span> 
     </span>
    </p>
   </div>
   <div class='ocr_carea' id='block_1_65' title="bbox 1911 908 3485 977">
    <p class='ocr_par' dir='ltr' id='par_1_65' title="bbox 1911 908 3485 977">
     <span class='ocr_line' id='line_1_65' title="bbox 1911 908 3485 977; baseline 0.003 -16"><span class='ocrx_word' id='word_1_463' title='bbox 1911 909 2004 961; x_wconf 71' lang='grc' dir='ltr'><strong>καὶ</strong></span> <span class='ocrx_word' id='word_1_464' title='bbox 2062 908 2349 977; x_wconf 77' lang='grc' dir='ltr'>Οἰνόμαος,</span> <span class='ocrx_word' id='word_1_465' title='bbox 2411 910 2664 973; x_wconf 80' lang='grc' dir='ltr'>Οἰδίπους</span> <span class='ocrx_word' id='word_1_466' title='bbox 2720 928 2779 964; x_wconf 86' lang='grc' dir='ltr'><strong>τε</strong></span> <span class='ocrx_word' id='word_1_467' title='bbox 2828 912 2923 964; x_wconf 70' lang='grc' dir='ltr'><strong>καὶ</strong></span> <span class='ocrx_word' id='word_1_468' title='bbox 2958 913 3007 964; x_wconf 82' lang='grc' dir='ltr'><strong>οί</strong></span> <span class='ocrx_word' id='word_1_469' title='bbox 3068 912 3127 976; x_wconf 80' lang='grc' dir='ltr'><strong>ἐξ</strong></span> <span class='ocrx_word' id='word_1_470' title='bbox 3170 912 3334 966; x_wconf 78' lang='grc' dir='ltr'>αὑτοῦ</span> <span class='ocrx_word' id='word_1_471' title='bbox 3390 914 3485 966; x_wconf 73' lang='grc' dir='ltr'><strong>καὶ</strong></span> 
     </span>
    </p>
   </div>
   <div class='ocr_carea' id='block_1_66' title="bbox 1916 1000 3485 1073">
    <p class='ocr_par' dir='ltr' id='par_1_66' title="bbox 1916 1000 3485 1073">
     <span class='ocr_line' id='line_1_66' title="bbox 1916 1000 3485 1073; baseline 0.003 -22"><span class='ocrx_word' id='word_1_472' title='bbox 1916 1000 2210 1068; x_wconf 64' lang='grc' dir='ltr'>’Ἄδραστος</span> <span class='ocrx_word' id='word_1_473' title='bbox 2241 1000 2494 1069; x_wconf 83' lang='grc' dir='ltr'>βασιλεὺς</span> <span class='ocrx_word' id='word_1_474' title='bbox 2528 1003 2759 1070; x_wconf 80' lang='grc' dir='ltr'>Ἄργους</span> <span class='ocrx_word' id='word_1_475' title='bbox 2790 1004 2885 1055; x_wconf 71' lang='grc' dir='ltr'><strong>καὶ</strong></span> <span class='ocrx_word' id='word_1_476' title='bbox 2929 1002 2976 1054; x_wconf 77' lang='lat' dir='ltr'><strong>oi</strong></span> <span class='ocrx_word' id='word_1_477' title='bbox 3028 1003 3225 1065; x_wconf 78' lang='grc' dir='ltr'>λοιποὶ,</span> <span class='ocrx_word' id='word_1_478' title='bbox 3259 1004 3345 1055; x_wconf 84' lang='grc' dir='ltr'><strong>ἴνα</strong></span> <span class='ocrx_word' id='word_1_479' title='bbox 3411 1004 3485 1073; x_wconf 83' lang='grc' dir='ltr'>μὴ</span> 
     </span>
    </p>
   </div>
   <div class='ocr_carea' id='block_1_67' title="bbox 1913 1090 3485 1164">
    <p class='ocr_par' dir='ltr' id='par_1_67' title="bbox 1913 1090 3485 1164">
     <span class='ocr_line' id='line_1_67' title="bbox 1913 1090 3485 1164; baseline 0.005 -23"><span class='ocrx_word' id='word_1_480' title='bbox 1913 1090 2035 1142; x_wconf 85' lang='grc' dir='ltr'>καθ’</span> <span class='ocrx_word' id='word_1_481' title='bbox 2058 1091 2286 1145; x_wconf 64' lang='grc' dir='ltr'>ἕκαστον</span> <span class='ocrx_word' id='word_1_482' title='bbox 2313 1092 2454 1160; x_wconf 78' lang='grc' dir='ltr'>λέγω</span> <span class='ocrx_word' id='word_1_483' title='bbox 2486 1094 2595 1146; x_wconf 85' lang='grc' dir='ltr'>τῶν</span> <span class='ocrx_word' id='word_1_484' title='bbox 2624 1093 2714 1147; x_wconf 68' lang='grc' dir='ltr'>ἐπὶ</span> <span class='ocrx_word' id='word_1_485' title='bbox 2748 1094 2955 1162; x_wconf 83' lang='grc' dir='ltr'>σκηνῆς</span> <span class='ocrx_word' id='word_1_486' title='bbox 3006 1094 3290 1164; x_wconf 81' lang='grc' dir='ltr'>βασιλέων.</span> <span class='ocrx_word' id='word_1_487' title='bbox 3346 1097 3485 1149; x_wconf 84' lang='grc' dir='ltr'>Πότε</span> 
     </span>
    </p>
   </div>
   <div class='ocr_carea' id='block_1_68' title="bbox 1913 1181 3486 1255">
    <p class='ocr_par' dir='ltr' id='par_1_68' title="bbox 1913 1181 3486 1255">
     <span class='ocr_line' id='line_1_68' title="bbox 1913 1181 3486 1255; baseline 0.004 -22"><span class='ocrx_word' id='word_1_488' title='bbox 1913 1181 2021 1251; x_wconf 76' lang='grc' dir='ltr'>γὰρ</span> <span class='ocrx_word' id='word_1_489' title='bbox 2050 1182 2105 1248; x_wconf 82' lang='grc' dir='ltr'>ἐξ</span> <span class='ocrx_word' id='word_1_490' title='bbox 2142 1181 2367 1236; x_wconf 74' lang='grc' dir='ltr'>ἐκείνων</span> <span class='ocrx_word' id='word_1_491' title='bbox 2399 1202 2481 1245; x_wconf 89' lang='grc' dir='ltr'><strong>τις</strong></span> <span class='ocrx_word' id='word_1_492' title='bbox 2512 1183 2571 1237; x_wconf 78' lang='grc' dir='ltr'>εὖ</span> <span class='ocrx_word' id='word_1_493' title='bbox 2606 1184 2787 1249; x_wconf 83' lang='grc' dir='ltr'>πάθοι,</span> <span class='ocrx_word' id='word_1_494' title='bbox 2823 1187 2951 1238; x_wconf 89' lang='grc' dir='ltr'>πότε</span> <span class='ocrx_word' id='word_1_495' title='bbox 2986 1185 3041 1249; x_wconf 69' lang='grc' dir='ltr'>δὲ</span> <span class='ocrx_word' id='word_1_496' title='bbox 3073 1186 3164 1239; x_wconf 76' lang='grc' dir='ltr'><strong>καὶ</strong></span> <span class='ocrx_word' id='word_1_497' title='bbox 3192 1187 3486 1255; x_wconf 82' lang='grc' dir='ltr'>εὐεργετη-</span> 
     </span>
    </p>
   </div>
   <div class='ocr_carea' id='block_1_69' title="bbox 1913 1273 3485 1346">
    <p class='ocr_par' dir='ltr' id='par_1_69' title="bbox 1913 1273 3485 1346">
     <span class='ocr_line' id='line_1_69' title="bbox 1913 1273 3485 1346; baseline 0 -17"><span class='ocrx_word' id='word_1_498' title='bbox 1913 1273 2052 1341; x_wconf 81' lang='grc' dir='ltr'>θείη,</span> <span class='ocrx_word' id='word_1_499' title='bbox 2098 1276 2542 1346; x_wconf 79' lang='grc' dir='ltr'>ὑποκρινομένων</span> <span class='ocrx_word' id='word_1_500' title='bbox 2594 1278 2663 1329; x_wconf 84' lang='grc' dir='ltr'>τὰ</span> <span class='ocrx_word' id='word_1_501' title='bbox 2711 1278 2818 1330; x_wconf 84' lang='grc' dir='ltr'><strong>τῶν</strong></span> <span class='ocrx_word' id='word_1_502' title='bbox 2877 1277 3142 1346; x_wconf 83' lang='grc' dir='ltr'>βασιλέων</span> <span class='ocrx_word' id='word_1_503' title='bbox 3190 1280 3485 1346; x_wconf 85' lang='grc' dir='ltr'>πρόσωπα;</span> 
     </span>
    </p>
   </div>
   <div class='ocr_carea' id='block_1_70' title="bbox 1925 1366 3489 1439">
    <p class='ocr_par' dir='ltr' id='par_1_70' title="bbox 1925 1366 3489 1439">
     <span class='ocr_line' id='line_1_70' title="bbox 1925 1366 3489 1439; baseline 0.004 -23"><span class='ocrx_word' id='word_1_504' title='bbox 1925 1366 2065 1419; x_wconf 86' lang='grc' dir='ltr'>Ἀλλ’</span> <span class='ocrx_word' id='word_1_505' title='bbox 2120 1369 2351 1429; x_wconf 76' lang='grc' dir='ltr'>ἐκείνοις</span> <span class='ocrx_word' id='word_1_506' title='bbox 2390 1368 2491 1436; x_wconf 71' lang='grc' dir='ltr'>μὲν</span> <span class='ocrx_word' id='word_1_507' title='bbox 2553 1368 2669 1420; x_wconf 77' lang='grc' dir='ltr'>ἔστι</span> <span class='ocrx_word' id='word_1_508' title='bbox 2722 1369 2816 1421; x_wconf 71' lang='grc' dir='ltr'>καὶ</span> <span class='ocrx_word' id='word_1_509' title='bbox 2864 1369 3249 1437; x_wconf 86' lang='grc' dir='ltr'>ἀπολογεῖσθαι</span> <span class='ocrx_word' id='word_1_510' title='bbox 3272 1370 3364 1422; x_wconf 73' lang='grc' dir='ltr'>καὶ</span> <span class='ocrx_word' id='word_1_511' title='bbox 3394 1370 3489 1439; x_wconf 72' lang='grc' dir='ltr'><strong>τὴν</strong></span> 
     </span>
    </p>
   </div>
   <div class='ocr_carea' id='block_1_71' title="bbox 1916 1456 3488 1532">
    <p class='ocr_par' dir='ltr' id='par_1_71' title="bbox 1916 1456 3488 1532">
     <span class='ocr_line' id='line_1_71' title="bbox 1916 1456 3488 1532; baseline 0.004 -24"><span class='ocrx_word' id='word_1_512' title='bbox 1916 1456 2120 1526; x_wconf 71' lang='grc' dir='ltr'>μέμψιν</span> <span class='ocrx_word' id='word_1_513' title='bbox 2146 1458 2459 1527; x_wconf 78' lang='grc' dir='ltr'>διαφεύγειν</span> <span class='ocrx_word' id='word_1_514' title='bbox 2485 1460 2583 1530; x_wconf 82' lang='grc' dir='ltr'>τὴν</span> <span class='ocrx_word' id='word_1_515' title='bbox 2636 1461 2744 1514; x_wconf 84' lang='grc' dir='ltr'>τῶν</span> <span class='ocrx_word' id='word_1_516' title='bbox 2797 1462 3008 1515; x_wconf 85' lang='grc' dir='ltr'>πολλῶν</span> <span class='ocrx_word' id='word_1_517' title='bbox 3038 1478 3052 1491; x_wconf 86' lang='grc'><strong>·</strong></span> <span class='ocrx_word' id='word_1_518' title='bbox 3088 1464 3339 1531; x_wconf 83' lang='grc' dir='ltr'>σχήματα</span> <span class='ocrx_word' id='word_1_519' title='bbox 3377 1463 3488 1532; x_wconf 72' lang='grc' dir='ltr'><strong>γὰρ</strong></span> 
     </span>
    </p>
   </div>
   <div class='ocr_carea' id='block_1_72' title="bbox 1912 1549 3490 1623">
    <p class='ocr_par' dir='ltr' id='par_1_72' title="bbox 1912 1549 3490 1623">
     <span class='ocr_line' id='line_1_72' title="bbox 1912 1549 3490 1623; baseline 0.004 -23"><span class='ocrx_word' id='word_1_520' title='bbox 1912 1549 2221 1619; x_wconf 71' lang='grc' dir='ltr'>προσώπων</span> <span class='ocrx_word' id='word_1_521' title='bbox 2248 1550 2341 1603; x_wconf 73' lang='grc' dir='ltr'><strong>καὶ</strong></span> <span class='ocrx_word' id='word_1_522' title='bbox 2371 1552 2431 1604; x_wconf 87' lang='grc' dir='ltr'><strong>ού</strong></span> <span class='ocrx_word' id='word_1_523' title='bbox 2463 1552 2729 1621; x_wconf 78' lang='grc' dir='ltr'>πρόσωπα</span> <span class='ocrx_word' id='word_1_524' title='bbox 2760 1552 2921 1615; x_wconf 72' lang='grc' dir='ltr'>ὄντας</span> <span class='ocrx_word' id='word_1_525' title='bbox 2958 1554 3172 1623; x_wconf 81' lang='grc' dir='ltr'>ἀνάγκη</span> <span class='ocrx_word' id='word_1_526' title='bbox 3227 1556 3318 1607; x_wconf 68' lang='grc' dir='ltr'>καὶ</span> <span class='ocrx_word' id='word_1_527' title='bbox 3357 1557 3490 1623; x_wconf 75' lang='grc' dir='ltr'><strong>σχή-</strong></span> 
     </span>
    </p>
   </div>
   <div class='ocr_carea' id='block_1_73' title="bbox 1916 1640 3488 1712">
    <p class='ocr_par' dir='ltr' id='par_1_73' title="bbox 1916 1640 3488 1712">
     <span class='ocr_line' id='line_1_73' title="bbox 1916 1640 3488 1712; baseline 0.004 -19"><span class='ocrx_word' id='word_1_528' title='bbox 1916 1657 2045 1705; x_wconf 82' lang='grc' dir='ltr'>μασι</span> <span class='ocrx_word' id='word_1_529' title='bbox 2079 1640 2261 1709; x_wconf 87' lang='grc' dir='ltr'>μόνοις</span> <span class='ocrx_word' id='word_1_530' title='bbox 2289 1642 2593 1709; x_wconf 81' lang='grc' dir='ltr'>εὐεργετεῖν</span> <span class='ocrx_word' id='word_1_531' title='bbox 2622 1658 2636 1673; x_wconf 89' lang='grc'>·</span> <span class='ocrx_word' id='word_1_532' title='bbox 2689 1643 2898 1705; x_wconf 79' lang='grc' dir='ltr'>τούτοις</span> <span class='ocrx_word' id='word_1_533' title='bbox 2927 1645 2981 1696; x_wconf 83' lang='grc' dir='ltr'>δέ</span> <span class='ocrx_word' id='word_1_534' title='bbox 3013 1662 3074 1712; x_wconf 91' lang='grc' dir='ltr'><strong>γε</strong></span> <span class='ocrx_word' id='word_1_535' title='bbox 3106 1646 3188 1707; x_wconf 86' lang='grc' dir='ltr'><strong>τίς</strong></span> <span class='ocrx_word' id='word_1_536' title='bbox 3226 1647 3488 1712; x_wconf 72' lang='grc' dir='ltr'>ἀπολογία</span> 
     </span>
    </p>
   </div>
   <div class='ocr_carea' id='block_1_74' title="bbox 1913 1730 3493 1806">
    <p class='ocr_par' dir='ltr' id='par_1_74' title="bbox 1913 1730 3493 1806">
     <span class='ocr_line' id='line_1_74' title="bbox 1913 1730 3493 1806; baseline 0.006 -25"><span class='ocrx_word' id='word_1_537' title='bbox 1913 1730 2007 1781; x_wconf 74' lang='grc' dir='ltr'><strong>καὶ</strong></span> <span class='ocrx_word' id='word_1_538' title='bbox 2038 1731 2421 1785; x_wconf 78' lang='grc' dir='ltr'>ὑπολέλειπται</span> <span class='ocrx_word' id='word_1_539' title='bbox 2448 1736 2522 1803; x_wconf 77' lang='grc' dir='ltr'>μὴ</span> <span class='ocrx_word' id='word_1_540' title='bbox 2562 1734 2795 1786; x_wconf 76' lang='grc' dir='ltr'>διδοῦσιν</span> <span class='ocrx_word' id='word_1_541' title='bbox 2832 1750 2848 1798; x_wconf 86' lang='grc'><strong>;</strong></span> <span class='ocrx_word' id='word_1_542' title='bbox 2877 1736 2939 1788; x_wconf 75' lang='lat' dir='ltr'><strong>El</strong></span> <span class='ocrx_word' id='word_1_543' title='bbox 2974 1734 3018 1786; x_wconf 88' lang='grc' dir='ltr'>δ’</span> <span class='ocrx_word' id='word_1_544' title='bbox 3040 1730 3154 1797; x_wconf 75' lang='grc' dir='ltr'>οὖν,</span> <span class='ocrx_word' id='word_1_545' title='bbox 3193 1736 3328 1790; x_wconf 70' lang='grc' dir='ltr'>ἀλλὰ</span> <span class='ocrx_word' id='word_1_546' title='bbox 3364 1755 3493 1806; x_wconf 79' lang='grc' dir='ltr'>σχη-</span> 
     </span>
    </p>
   </div>
   <div class='ocr_carea' id='block_1_75' title="bbox 1918 1820 3491 1898">
    <p class='ocr_par' dir='ltr' id='par_1_75' title="bbox 1918 1820 3491 1898">
     <span class='ocr_line' id='line_1_75' title="bbox 1918 1820 3491 1898; baseline 0.005 -25"><span class='ocrx_word' id='word_1_547' title='bbox 1918 1821 2229 1889; x_wconf 82' lang='grc' dir='ltr'>ματίζονται</span> <span class='ocrx_word' id='word_1_548' title='bbox 2271 1826 2365 1877; x_wconf 73' lang='grc' dir='ltr'><strong>καὶ</strong></span> <span class='ocrx_word' id='word_1_549' title='bbox 2390 1820 2538 1878; x_wconf 72' lang='grc' dir='ltr'>οὗτοι</span> <span class='ocrx_word' id='word_1_550' title='bbox 2569 1827 2659 1879; x_wconf 81' lang='grc' dir='ltr'><strong>τὸν</strong></span> <span class='ocrx_word' id='word_1_551' title='bbox 2701 1827 2945 1894; x_wconf 77' lang='grc' dir='ltr'>βασιλέα,</span> <span class='ocrx_word' id='word_1_552' title='bbox 2973 1828 3213 1897; x_wconf 81' lang='grc' dir='ltr'>βασιλεῖς</span> <span class='ocrx_word' id='word_1_553' title='bbox 3246 1830 3319 1898; x_wconf 78' lang='grc' dir='ltr'>μὴ</span> <span class='ocrx_word' id='word_1_554' title='bbox 3341 1830 3491 1892; x_wconf 80' lang='grc' dir='ltr'>ὅντες</span> 
     </span>
    </p>
   </div>
   <div class='ocr_carea' id='block_1_76' title="bbox 1918 1911 3489 1987">
    <p class='ocr_par' dir='ltr' id='par_1_76' title="bbox 1918 1911 3489 1987">
     <span class='ocr_line' id='line_1_76' title="bbox 1918 1911 3489 1987; baseline 0.004 -25"><span class='ocrx_word' id='word_1_555' title='bbox 1918 1911 2041 1980; x_wconf 86' lang='grc' dir='ltr'>μηδ’</span> <span class='ocrx_word' id='word_1_556' title='bbox 2072 1912 2338 1966; x_wconf 78' lang='grc' dir='ltr'>ὁπωσοῦν.</span> <span class='ocrx_word' id='word_1_557' title='bbox 2365 1914 2612 1967; x_wconf 79' lang='grc' dir='ltr'>Τοιοῦτοι</span> <span class='ocrx_word' id='word_1_558' title='bbox 2646 1916 2689 1968; x_wconf 76' lang='grc' dir='ltr'>δ’</span> <span class='ocrx_word' id='word_1_559' title='bbox 2712 1916 2863 1979; x_wconf 76' lang='grc' dir='ltr'>ὄντες</span> <span class='ocrx_word' id='word_1_560' title='bbox 2886 1917 2938 1968; x_wconf 85' lang='grc' dir='ltr'><strong>τί</strong></span> <span class='ocrx_word' id='word_1_561' title='bbox 2969 1917 3175 1983; x_wconf 75' lang='grc' dir='ltr'>ἀξιοῦσι</span> <span class='ocrx_word' id='word_1_562' title='bbox 3202 1920 3489 1987; x_wconf 77' lang='grc' dir='ltr'>τιμᾶσθαι,</span> 
     </span>
    </p>
   </div>
   <div class='ocr_carea' id='block_1_77' title="bbox 1920 2003 3493 2079">
    <p class='ocr_par' dir='ltr' id='par_1_77' title="bbox 1920 2003 3493 2079">
     <span class='ocr_line' id='line_1_77' title="bbox 1920 2003 3493 2079; baseline 0.006 -26"><span class='ocrx_word' id='word_1_563' title='bbox 1920 2003 1993 2071; x_wconf 86' lang='grc' dir='ltr'>μὴ</span> <span class='ocrx_word' id='word_1_564' title='bbox 2051 2003 2319 2070; x_wconf 80' lang='grc' dir='ltr'>ἀληθινῶς</span> <span class='ocrx_word' id='word_1_565' title='bbox 2370 2004 2781 2074; x_wconf 79' lang='grc' dir='ltr'>βασιλεύοντεςς</span> <span class='ocrx_word' id='word_1_566' title='bbox 2844 2010 2877 2077; x_wconf 82' lang='grc' dir='ltr'>ἡ</span> <span class='ocrx_word' id='word_1_567' title='bbox 2942 2008 3050 2078; x_wconf 78' lang='grc' dir='ltr'>γὰρ</span> <span class='ocrx_word' id='word_1_568' title='bbox 3099 2010 3232 2077; x_wconf 84' lang='grc' dir='ltr'>τιμὴ</span> <span class='ocrx_word' id='word_1_569' title='bbox 3282 2010 3493 2079; x_wconf 82' lang='grc' dir='ltr'>βασιλεί</span> 
     </span>
    </p>
   </div>
   <div class='ocr_carea' id='block_1_78' title="bbox 1921 2093 3493 2167">
    <p class='ocr_par' dir='ltr' id='par_1_78' title="bbox 1921 2093 3493 2167">
     <span class='ocr_line' id='line_1_78' title="bbox 1921 2093 3493 2167; baseline 0.005 -23"><span class='ocrx_word' id='word_1_570' title='bbox 1921 2093 2079 2161; x_wconf 73' lang='grc' dir='ltr'>μετὸν</span> <span class='ocrx_word' id='word_1_571' title='bbox 2117 2094 2214 2146; x_wconf 76' lang='grc' dir='ltr'><strong>καὶ</strong></span> <span class='ocrx_word' id='word_1_572' title='bbox 2271 2095 2332 2145; x_wconf 84' lang='grc' dir='ltr'><strong>ού</strong></span> <span class='ocrx_word' id='word_1_573' title='bbox 2393 2095 2666 2164; x_wconf 80' lang='grc' dir='ltr'>σκηνικῶς</span> <span class='ocrx_word' id='word_1_574' title='bbox 2710 2095 3072 2165; x_wconf 84' lang='grc' dir='ltr'>βασιλεύοντι.</span> <span class='ocrx_word' id='word_1_575' title='bbox 3120 2096 3289 2150; x_wconf 79' lang='grc' dir='ltr'>Ταῦθ’</span> <span class='ocrx_word' id='word_1_576' title='bbox 3346 2099 3493 2167; x_wconf 83' lang='grc' dir='ltr'>ὁρῶν</span> 
     </span>
    </p>
   </div>
   <div class='ocr_carea' id='block_1_79' title="bbox 1916 2182 3490 2259">
    <p class='ocr_par' dir='ltr' id='par_1_79' title="bbox 1916 2182 3490 2259">
     <span class='ocr_line' id='line_1_79' title="bbox 1916 2182 3490 2259; baseline 0.004 -25"><span class='ocrx_word' id='word_1_577' title='bbox 1916 2184 2140 2247; x_wconf 82' lang='grc' dir='ltr'>ἐκεῖνος,</span> <span class='ocrx_word' id='word_1_578' title='bbox 2168 2182 2259 2235; x_wconf 64' lang='grc' dir='ltr'><strong>καὶ</strong></span> <span class='ocrx_word' id='word_1_579' title='bbox 2285 2183 2483 2253; x_wconf 78' lang='grc' dir='ltr'>μᾶλλον</span> <span class='ocrx_word' id='word_1_580' title='bbox 2524 2185 2583 2249; x_wconf 81' lang='grc' dir='ltr'><strong>ὲξ</strong></span> <span class='ocrx_word' id='word_1_581' title='bbox 2634 2186 2871 2254; x_wconf 79' lang='grc' dir='ltr'>ὑπογύου</span> <span class='ocrx_word' id='word_1_582' title='bbox 2908 2187 3118 2256; x_wconf 77' lang='grc' dir='ltr'>βλέπων</span> <span class='ocrx_word' id='word_1_583' title='bbox 3154 2190 3280 2251; x_wconf 83' lang='grc' dir='ltr'>τοὺς</span> <span class='ocrx_word' id='word_1_584' title='bbox 3340 2190 3490 2259; x_wconf 82' lang='grc' dir='ltr'>παρά</span> 
     </span>
    </p>
   </div>
   <div class='ocr_carea' id='block_1_80' title="bbox 1896 2273 3491 2349">
    <p class='ocr_par' dir='ltr' id='par_1_80' title="bbox 1896 2273 3491 2349">
     <span class='ocr_line' id='line_1_80' title="bbox 1896 2273 3491 2349; baseline 0.004 -24"><span class='ocrx_word' id='word_1_585' title='bbox 1896 2273 2024 2341; x_wconf 66' lang='grc' dir='ltr'><strong>⁸τῶν</strong></span> <span class='ocrx_word' id='word_1_586' title='bbox 2052 2274 2391 2328; x_wconf 81' lang='grc' dir='ltr'>ἀπελθόντων</span> <span class='ocrx_word' id='word_1_587' title='bbox 2416 2275 2680 2345; x_wconf 82' lang='grc' dir='ltr'>βασιλέων</span> <span class='ocrx_word' id='word_1_588' title='bbox 2697 2277 3221 2349; x_wconf 79' lang='grc' dir='ltr'>εὐεργετουμένους,</span> <span class='ocrx_word' id='word_1_589' title='bbox 3252 2281 3491 2342; x_wconf 76' lang='grc' dir='ltr'>συνειδὸς</span> 
     </span>
    </p>
   </div>
   <div class='ocr_carea' id='block_1_81' title="bbox 1917 2364 3489 2439">
    <p class='ocr_par' dir='ltr' id='par_1_81' title="bbox 1917 2364 3489 2439">
     <span class='ocr_line' id='line_1_81' title="bbox 1917 2364 3489 2439; baseline 0.004 -22"><span class='ocrx_word' id='word_1_590' title='bbox 1917 2364 2055 2434; x_wconf 80' lang='grc' dir='ltr'>ἔχων</span> <span class='ocrx_word' id='word_1_591' title='bbox 2105 2366 2386 2435; x_wconf 78' lang='grc' dir='ltr'>ἠλέγχετο,</span> <span class='ocrx_word' id='word_1_592' title='bbox 2442 2367 2535 2420; x_wconf 74' lang='grc' dir='ltr'><strong>καὶ</strong></span> <span class='ocrx_word' id='word_1_593' title='bbox 2586 2367 2871 2437; x_wconf 78' lang='grc' dir='ltr'>εὐηργέτει</span> <span class='ocrx_word' id='word_1_594' title='bbox 2905 2368 3024 2438; x_wconf 81' lang='grc' dir='ltr'>μὲν,</span> <span class='ocrx_word' id='word_1_595' title='bbox 3078 2370 3216 2439; x_wconf 80' lang='grc' dir='ltr'>πλὴν</span> <span class='ocrx_word' id='word_1_596' title='bbox 3246 2371 3343 2439; x_wconf 81' lang='grc' dir='ltr'>οὐχ</span> <span class='ocrx_word' id='word_1_597' title='bbox 3366 2374 3489 2425; x_wconf 84' lang='grc' dir='ltr'>ὅσον</span> 
     </span>
    </p>
   </div>
   <div class='ocr_carea' id='block_1_82' title="bbox 1918 2456 3491 2531">
    <p class='ocr_par' dir='ltr' id='par_1_82' title="bbox 1918 2456 3491 2531">
     <span class='ocr_line' id='line_1_82' title="bbox 1918 2456 3491 2531; baseline 0.004 -24"><span class='ocrx_word' id='word_1_598' title='bbox 1918 2458 2141 2519; x_wconf 79' lang='grc' dir='ltr'>ἐκεῖνοι,</span> <span class='ocrx_word' id='word_1_599' title='bbox 2194 2456 2254 2508; x_wconf 80' lang='grc' dir='ltr'>τὸ</span> <span class='ocrx_word' id='word_1_600' title='bbox 2293 2456 2393 2525; x_wconf 82' lang='grc' dir='ltr'><strong>μὲν</strong></span> <span class='ocrx_word' id='word_1_601' title='bbox 2420 2457 2509 2510; x_wconf 79' lang='grc' dir='ltr'>διὰ</span> <span class='ocrx_word' id='word_1_602' title='bbox 2532 2457 2631 2527; x_wconf 75' lang='grc' dir='ltr'>τὴν</span> <span class='ocrx_word' id='word_1_603' title='bbox 2664 2460 2911 2529; x_wconf 82' lang='grc' dir='ltr'>ἀνάγκην</span> <span class='ocrx_word' id='word_1_604' title='bbox 2946 2462 3042 2513; x_wconf 74' lang='grc' dir='ltr'><strong>καὶ</strong></span> <span class='ocrx_word' id='word_1_605' title='bbox 3084 2462 3209 2524; x_wconf 76' lang='grc' dir='ltr'>τοὺς</span> <span class='ocrx_word' id='word_1_606' title='bbox 3236 2462 3491 2531; x_wconf 77' lang='grc' dir='ltr'>ἐλέγχους</span> 
     </span>
    </p>
   </div>
   <div class='ocr_carea' id='block_1_83' title="bbox 1918 2545 3493 2625">
    <p class='ocr_par' dir='ltr' id='par_1_83' title="bbox 1918 2545 3493 2625">
     <span class='ocr_line' id='line_1_83' title="bbox 1918 2545 3493 2625; baseline 0.004 -26"><span class='ocrx_word' id='word_1_607' title='bbox 1918 2545 2108 2610; x_wconf 85' lang='grc' dir='ltr'>δεδιὼς</span> <span class='ocrx_word' id='word_1_608' title='bbox 2151 2548 2225 2612; x_wconf 86' lang='grc' dir='ltr'>ὼς</span> <span class='ocrx_word' id='word_1_609' title='bbox 2256 2551 2376 2602; x_wconf 81' lang='grc' dir='ltr'>κατ’</span> <span class='ocrx_word' id='word_1_610' title='bbox 2411 2548 2723 2620; x_wconf 82' lang='grc' dir='ltr'>ὀφθαλμοὺς</span> <span class='ocrx_word' id='word_1_611' title='bbox 2757 2552 2938 2616; x_wconf 69' lang='grc' dir='ltr'>ὄντας,</span> <span class='ocrx_word' id='word_1_612' title='bbox 2970 2551 3031 2605; x_wconf 82' lang='grc' dir='ltr'>τὸ</span> <span class='ocrx_word' id='word_1_613' title='bbox 3055 2552 3111 2604; x_wconf 84' lang='grc' dir='ltr'>δὲ</span> <span class='ocrx_word' id='word_1_614' title='bbox 3154 2554 3313 2621; x_wconf 85' lang='grc' dir='ltr'>φύσει</span> <span class='ocrx_word' id='word_1_615' title='bbox 3347 2555 3493 2625; x_wconf 80' lang='grc' dir='ltr'>χρώ-</span> 
     </span>
    </p>
   </div>
   <div class='ocr_carea' id='block_1_84' title="bbox 1921 2726 3488 2795">
    <p class='ocr_par' dir='ltr' id='par_1_84' title="bbox 1921 2726 3488 2795">
     <span class='ocr_line' id='line_1_84' title="bbox 1921 2726 3488 2795; baseline 0.004 -17"><span class='ocrx_word' id='word_1_616' title='bbox 1921 2727 2299 2795; x_wconf 85' lang='lat' dir='ltr'><strong>imperatorem</strong></span> <span class='ocrx_word' id='word_1_617' title='bbox 2342 2726 2639 2782; x_wconf 86' lang='lat' dir='ltr'><strong>videretur.</strong></span> <span class='ocrx_word' id='word_1_618' title='bbox 2673 2727 2741 2782; x_wconf 90' lang='lat' dir='ltr'><strong>Ut</strong></span> <span class='ocrx_word' id='word_1_619' title='bbox 2783 2728 2923 2783; x_wconf 88' lang='lat' dir='ltr'><strong>enim</strong></span> <span class='ocrx_word' id='word_1_620' title='bbox 2970 2730 3217 2784; x_wconf 83' lang='lat' dir='ltr'><strong>amabilis</strong></span> <span class='ocrx_word' id='word_1_621' title='bbox 3258 2731 3337 2785; x_wconf 85' lang='lat' dir='ltr'><strong>sol</strong></span> <span class='ocrx_word' id='word_1_622' title='bbox 3384 2747 3488 2785; x_wconf 83' lang='lat' dir='ltr'><strong>non</strong></span> 
     </span>
    </p>
   </div>
   <div class='ocr_carea' id='block_1_85' title="bbox 1921 2819 3491 2889">
    <p class='ocr_par' dir='ltr' id='par_1_85' title="bbox 1921 2819 3491 2889">
     <span class='ocr_line' id='line_1_85' title="bbox 1921 2819 3491 2889; baseline 0.001 -15"><span class='ocrx_word' id='word_1_623' title='bbox 1921 2828 2066 2874; x_wconf 88' lang='lat' dir='ltr'><strong>esset</strong></span> <span class='ocrx_word' id='word_1_624' title='bbox 2108 2819 2209 2873; x_wconf 89' lang='lat' dir='ltr'><strong>nisi</strong></span> <span class='ocrx_word' id='word_1_625' title='bbox 2258 2819 2439 2874; x_wconf 87' lang='lat' dir='ltr'><strong>radios</strong></span> <span class='ocrx_word' id='word_1_626' title='bbox 2476 2828 2783 2888; x_wconf 88' lang='lat' dir='ltr'><strong>spargeret,</strong></span> <span class='ocrx_word' id='word_1_627' title='bbox 2818 2836 3063 2889; x_wconf 87' lang='lat' dir='ltr'><strong>perquos</strong></span> <span class='ocrx_word' id='word_1_628' title='bbox 3099 2824 3248 2888; x_wconf 85' lang='lat' dir='ltr'><strong>juvat</strong></span> <span class='ocrx_word' id='word_1_629' title='bbox 3299 2834 3491 2888; x_wconf 67' lang='lat' dir='ltr'><strong>terras,</strong></span> 
     </span>
    </p>
   </div>
   <div class='ocr_carea' id='block_1_86' title="bbox 1923 2912 3491 2979">
    <p class='ocr_par' dir='ltr' id='par_1_86' title="bbox 1923 2912 3491 2979">
     <span class='ocr_line' id='line_1_86' title="bbox 1923 2912 3491 2979; baseline 0.002 -14"><span class='ocrx_word' id='word_1_630' title='bbox 1923 2912 2168 2965; x_wconf 86' lang='lat' dir='ltr'><strong>homines</strong></span> <span class='ocrx_word' id='word_1_631' title='bbox 2214 2921 2266 2965; x_wconf 91' lang='lat' dir='ltr'><strong>et</strong></span> <span class='ocrx_word' id='word_1_632' title='bbox 2303 2923 2529 2967; x_wconf 89' lang='lat' dir='ltr'><strong>cunctas</strong></span> <span class='ocrx_word' id='word_1_633' title='bbox 2567 2913 2904 2979; x_wconf 86' lang='lat' dir='ltr'><strong>animantes,</strong></span> <span class='ocrx_word' id='word_1_634' title='bbox 2930 2916 3001 2969; x_wconf 85' lang='lat' dir='ltr'><strong>ita</strong></span> <span class='ocrx_word' id='word_1_635' title='bbox 3043 2916 3131 2969; x_wconf 86' lang='lat' dir='ltr'><strong>ille</strong></span> <span class='ocrx_word' id='word_1_636' title='bbox 3176 2932 3359 2969; x_wconf 83' lang='lat' dir='ltr'><strong>verum</strong></span> <span class='ocrx_word' id='word_1_637' title='bbox 3406 2919 3491 2969; x_wconf 87' lang='lat' dir='ltr'><strong>iu-</strong></span> 
     </span>
    </p>
   </div>
   <div class='ocr_carea' id='block_1_87' title="bbox 1922 3005 3487 3075">
    <p class='ocr_par' dir='ltr' id='par_1_87' title="bbox 1922 3005 3487 3075">
     <span class='ocr_line' id='line_1_87' title="bbox 1922 3005 3487 3075; baseline 0.001 -15"><span class='ocrx_word' id='word_1_638' title='bbox 1922 3018 2033 3060; x_wconf 89' lang='lat' dir='ltr'><strong>star</strong></span> <span class='ocrx_word' id='word_1_639' title='bbox 2052 3006 2307 3075; x_wconf 88' lang='lat' dir='ltr'><strong>principis</strong></span> <span class='ocrx_word' id='word_1_640' title='bbox 2338 3020 2440 3059; x_wconf 89' lang='lat' dir='ltr'><strong>non</strong></span> <span class='ocrx_word' id='word_1_641' title='bbox 2472 3005 2654 3071; x_wconf 80' lang='lat' dir='ltr'><strong>habet,</strong></span> <span class='ocrx_word' id='word_1_642' title='bbox 2679 3006 2767 3073; x_wconf 90' lang='lat' dir='ltr'><strong>qui</strong></span> <span class='ocrx_word' id='word_1_643' title='bbox 2790 3008 3066 3063; x_wconf 91' lang='lat' dir='ltr'><strong>cumulare</strong></span> <span class='ocrx_word' id='word_1_644' title='bbox 3095 3010 3367 3063; x_wconf 71' lang='lat' dir='ltr'><strong>beneficiis</strong></span> <span class='ocrx_word' id='word_1_645' title='bbox 3386 3027 3487 3062; x_wconf 83' lang='lat' dir='ltr'><strong>non</strong></span> 
     </span>
    </p>
   </div>
   <div class='ocr_carea' id='block_1_88' title="bbox 1924 3097 3491 3168">
    <p class='ocr_par' dir='ltr' id='par_1_88' title="bbox 1924 3097 3491 3168">
     <span class='ocr_line' id='line_1_88' title="bbox 1924 3097 3491 3168; baseline -0.002 -16"><span class='ocrx_word' id='word_1_646' title='bbox 1924 3098 2103 3152; x_wconf 91' lang='lat' dir='ltr'><strong>studet</strong></span> <span class='ocrx_word' id='word_1_647' title='bbox 2131 3112 2225 3152; x_wconf 87' lang='lat' dir='ltr'><strong>eos</strong></span> <span class='ocrx_word' id='word_1_648' title='bbox 2252 3097 2445 3165; x_wconf 90' lang='lat' dir='ltr'><strong>quibus</strong></span> <span class='ocrx_word' id='word_1_649' title='bbox 2476 3097 2725 3167; x_wconf 87' lang='lat' dir='ltr'><strong>imperat.</strong></span> <span class='ocrx_word' id='word_1_650' title='bbox 2759 3097 2897 3161; x_wconf 82' lang='lat' dir='ltr'><strong>Mea,</strong></span> <span class='ocrx_word' id='word_1_651' title='bbox 2928 3101 3168 3168; x_wconf 86' lang='lat' dir='ltr'><strong>inquam,</strong></span> <span class='ocrx_word' id='word_1_652' title='bbox 3198 3102 3491 3167; x_wconf 65' lang='lat' dir='ltr'><strong>sententia,</strong></span> 
     </span>
    </p>
   </div>
   <div class='ocr_carea' id='block_1_89' title="bbox 1848 3188 3495 3280">
    <p class='ocr_par' dir='ltr' id='par_1_89' title="bbox 1848 3188 3495 3280">
     <span class='ocr_line' id='line_1_89' title="bbox 1848 3188 3495 3280; baseline 0.004 -40"><span class='ocrx_word' id='word_1_653' title='bbox 1848 3220 1893 3280; x_wconf 67' lang='grc' dir='ltr'>α</span> <span class='ocrx_word' id='word_1_654' title='bbox 1925 3188 2014 3253; x_wconf 87' lang='lat' dir='ltr'><strong>qui</strong></span> <span class='ocrx_word' id='word_1_655' title='bbox 2060 3188 2202 3258; x_wconf 85' lang='lat' dir='ltr'><strong>regis</strong></span> <span class='ocrx_word' id='word_1_656' title='bbox 2244 3189 2449 3242; x_wconf 89' lang='lat' dir='ltr'><strong>habens</strong></span> <span class='ocrx_word' id='word_1_657' title='bbox 2491 3202 2684 3242; x_wconf 90' lang='lat' dir='ltr'><strong>nomen</strong></span> <span class='ocrx_word' id='word_1_658' title='bbox 2727 3203 2924 3253; x_wconf 88' lang='lat' dir='ltr'><strong>parcus</strong></span> <span class='ocrx_word' id='word_1_659' title='bbox 2965 3199 3018 3245; x_wconf 89' lang='lat' dir='ltr'><strong>et</strong></span> <span class='ocrx_word' id='word_1_660' title='bbox 3059 3192 3244 3245; x_wconf 88' lang='lat' dir='ltr'><strong>tardus</strong></span> <span class='ocrx_word' id='word_1_661' title='bbox 3288 3194 3354 3244; x_wconf 87' lang='lat' dir='ltr'><strong>ad</strong></span> <span class='ocrx_word' id='word_1_662' title='bbox 3397 3198 3495 3246; x_wconf 91' lang='lat' dir='ltr'><strong>do-</strong></span> 
     </span>
    </p>
   </div>
   <div class='ocr_carea' id='block_1_90' title="bbox 1926 3279 3579 3352">
    <p class='ocr_par' dir='ltr' id='par_1_90' title="bbox 1926 3279 3579 3352">
     <span class='ocr_line' id='line_1_90' title="bbox 1926 3279 3579 3352; baseline 0.003 -19"><span class='ocrx_word' id='word_1_663' title='bbox 1926 3282 2158 3333; x_wconf 87' lang='lat' dir='ltr'><strong>nandum</strong></span> <span class='ocrx_word' id='word_1_664' title='bbox 2206 3288 2318 3343; x_wconf 89' lang='lat' dir='ltr'><strong>est,</strong></span> <span class='ocrx_word' id='word_1_665' title='bbox 2351 3279 2699 3334; x_wconf 86' lang='lat' dir='ltr'><strong>simulacrum</strong></span> <span class='ocrx_word' id='word_1_666' title='bbox 2746 3289 2801 3335; x_wconf 92' lang='lat' dir='ltr'><strong>et</strong></span> <span class='ocrx_word' id='word_1_667' title='bbox 2846 3281 3049 3335; x_wconf 89' lang='lat' dir='ltr'><strong>larvam</strong></span> <span class='ocrx_word' id='word_1_668' title='bbox 3096 3293 3267 3351; x_wconf 81' lang='lat' dir='ltr'><strong>gestat</strong></span> <span class='ocrx_word' id='word_1_669' title='bbox 3308 3285 3491 3352; x_wconf 81' lang='lat' dir='ltr'><strong>regni,</strong></span> <span class='ocrx_word' id='word_1_670' title='bbox 3573 3324 3579 3330; x_wconf 84' lang='lat'><em>.</em></span> 
     </span>
    </p>
   </div>
   <div class='ocr_carea' id='block_1_91' title="bbox 1923 3374 3490 3442">
    <p class='ocr_par' dir='ltr' id='par_1_91' title="bbox 1923 3374 3490 3442">
     <span class='ocr_line' id='line_1_91' title="bbox 1923 3374 3490 3442; baseline 0.004 -16"><span class='ocrx_word' id='word_1_671' title='bbox 1923 3374 2141 3426; x_wconf 88' lang='lat' dir='ltr'><strong>minimc</strong></span> <span class='ocrx_word' id='word_1_672' title='bbox 2167 3381 2346 3426; x_wconf 87' lang='lat' dir='ltr'><strong>autem</strong></span> <span class='ocrx_word' id='word_1_673' title='bbox 2372 3386 2556 3425; x_wconf 88' lang='lat' dir='ltr'><strong>veram</strong></span> <span class='ocrx_word' id='word_1_674' title='bbox 2587 3374 2701 3442; x_wconf 83' lang='lat' dir='ltr'><strong>ejus</strong></span> <span class='ocrx_word' id='word_1_675' title='bbox 2729 3374 2867 3427; x_wconf 91' lang='lat' dir='ltr'><strong>tituli</strong></span> <span class='ocrx_word' id='word_1_676' title='bbox 2898 3374 3233 3441; x_wconf 85' lang='lat' dir='ltr'><strong>majestatem</strong></span> <span class='ocrx_word' id='word_1_677' title='bbox 3260 3378 3490 3433; x_wconf 83' lang='lat' dir='ltr'><strong>obtinet.</strong></span> 
     </span>
    </p>
   </div>
   <div class='ocr_carea' id='block_1_92' title="bbox 1924 3462 3495 3535">
    <p class='ocr_par' dir='ltr' id='par_1_92' title="bbox 1924 3462 3495 3535">
     <span class='ocr_line' id='line_1_92' title="bbox 1924 3462 3495 3535; baseline 0.005 -21"><span class='ocrx_word' id='word_1_678' title='bbox 1924 3462 2256 3531; x_wconf 78' lang='lat' dir='ltr'><strong>Argumento</strong></span> <span class='ocrx_word' id='word_1_679' title='bbox 2288 3464 2395 3517; x_wconf 91' lang='lat' dir='ltr'><strong>sint</strong></span> <span class='ocrx_word' id='word_1_680' title='bbox 2430 3463 2501 3521; x_wconf 81' lang='lat' dir='ltr'><strong>illi</strong></span> <span class='ocrx_word' id='word_1_681' title='bbox 2540 3465 2780 3518; x_wconf 86' lang='lat' dir='ltr'><strong>tralatitii</strong></span> <span class='ocrx_word' id='word_1_682' title='bbox 2818 3480 3103 3519; x_wconf 79' lang='lat' dir='ltr'><strong>scenarum</strong></span> <span class='ocrx_word' id='word_1_683' title='bbox 3140 3482 3321 3535; x_wconf 82' lang='lat' dir='ltr'><strong>reges,</strong></span> <span class='ocrx_word' id='word_1_684' title='bbox 3353 3470 3495 3535; x_wconf 80' lang='lat' dir='ltr'><strong>Aga-</strong></span> 
     </span>
    </p>
   </div>
   <div class='ocr_carea' id='block_1_93' title="bbox 1924 3555 3489 3629">
    <p class='ocr_par' dir='ltr' id='par_1_93' title="bbox 1924 3555 3489 3629">
     <span class='ocr_line' id='line_1_93' title="bbox 1924 3555 3489 3629; baseline 0.004 -21"><span class='ocrx_word' id='word_1_685' title='bbox 1924 3571 2211 3620; x_wconf 87' lang='lat' dir='ltr'><strong>memnon,</strong></span> <span class='ocrx_word' id='word_1_686' title='bbox 2260 3555 2602 3623; x_wconf 86' lang='lat' dir='ltr'><strong>OEnomaus,</strong></span> <span class='ocrx_word' id='word_1_687' title='bbox 2653 3556 2892 3625; x_wconf 83' lang='lat' dir='ltr'><strong>OEdipus</strong></span> <span class='ocrx_word' id='word_1_688' title='bbox 2948 3568 3001 3613; x_wconf 91' lang='lat' dir='ltr'><strong>et</strong></span> <span class='ocrx_word' id='word_1_689' title='bbox 3055 3559 3215 3627; x_wconf 89' lang='lat' dir='ltr'><strong>hujus</strong></span> <span class='ocrx_word' id='word_1_690' title='bbox 3270 3564 3489 3629; x_wconf 86' lang='lat' dir='ltr'><strong>posteri.</strong></span> 
     </span>
    </p>
   </div>
   <div class='ocr_carea' id='block_1_94' title="bbox 1921 3647 3494 3720">
    <p class='ocr_par' dir='ltr' id='par_1_94' title="bbox 1921 3647 3494 3720">
     <span class='ocr_line' id='line_1_94' title="bbox 1921 3647 3494 3720; baseline 0.002 -21"><span class='ocrx_word' id='word_1_691' title='bbox 1921 3648 2189 3701; x_wconf 76' lang='lat' dir='ltr'><strong>Adrastus</strong></span> <span class='ocrx_word' id='word_1_692' title='bbox 2225 3662 2438 3716; x_wconf 91' lang='lat' dir='ltr'><strong>quoque</strong></span> <span class='ocrx_word' id='word_1_693' title='bbox 2469 3647 2731 3717; x_wconf 86' lang='lat' dir='ltr'><strong>Argornm</strong></span> <span class='ocrx_word' id='word_1_694' title='bbox 2769 3664 2893 3710; x_wconf 82' lang='lat' dir='ltr'><strong>rex,</strong></span> <span class='ocrx_word' id='word_1_695' title='bbox 2926 3660 2980 3703; x_wconf 88' lang='lat' dir='ltr'><strong>et</strong></span> <span class='ocrx_word' id='word_1_696' title='bbox 3014 3665 3080 3705; x_wconf 90' lang='lat' dir='ltr'><strong>ne</strong></span> <span class='ocrx_word' id='word_1_697' title='bbox 3114 3652 3355 3720; x_wconf 81' lang='lat' dir='ltr'><strong>singulos</strong></span> <span class='ocrx_word' id='word_1_698' title='bbox 3394 3671 3494 3704; x_wconf 87' lang='lat' dir='ltr'><strong>nu-</strong></span> 
     </span>
    </p>
   </div>
   <div class='ocr_carea' id='block_1_95' title="bbox 1926 3741 3490 3812">
    <p class='ocr_par' dir='ltr' id='par_1_95' title="bbox 1926 3741 3490 3812">
     <span class='ocr_line' id='line_1_95' title="bbox 1926 3741 3490 3812; baseline 0.003 -19"><span class='ocrx_word' id='word_1_699' title='bbox 1926 3754 2151 3801; x_wconf 73' lang='lat' dir='ltr'><strong>merr-m,</strong></span> <span class='ocrx_word' id='word_1_700' title='bbox 2178 3741 2293 3807; x_wconf 89' lang='lat' dir='ltr'><strong>ejus</strong></span> <span class='ocrx_word' id='word_1_701' title='bbox 2328 3741 2517 3794; x_wconf 67' lang='lat' dir='ltr'><strong>forma:</strong></span> <span class='ocrx_word' id='word_1_702' title='bbox 2552 3742 2765 3804; x_wconf 64' lang='lat' dir='ltr'><strong>caueri;</strong></span> <span class='ocrx_word' id='word_1_703' title='bbox 2802 3757 2830 3794; x_wconf 90' lang='lat' dir='ltr'><strong>a</strong></span> <span class='ocrx_word' id='word_1_704' title='bbox 2869 3744 3067 3808; x_wconf 88' lang='lat' dir='ltr'><strong>quibus</strong></span> <span class='ocrx_word' id='word_1_705' title='bbox 3098 3746 3220 3811; x_wconf 90' lang='lat' dir='ltr'><strong>quis</strong></span> <span class='ocrx_word' id='word_1_706' title='bbox 3256 3760 3490 3812; x_wconf 86' lang='lat' dir='ltr'><strong>unquam</strong></span> 
     </span>
    </p>
   </div>
   <div class='ocr_carea' id='block_1_96' title="bbox 1924 3832 3494 3902">
    <p class='ocr_par' dir='ltr' id='par_1_96' title="bbox 1924 3832 3494 3902">
     <span class='ocr_line' id='line_1_96' title="bbox 1924 3832 3494 3902; baseline 0.003 -17"><span class='ocrx_word' id='word_1_707' title='bbox 1924 3832 2288 3902; x_wconf 83' lang='lat' dir='ltr'><strong>spectatorum</strong></span> <span class='ocrx_word' id='word_1_708' title='bbox 2326 3833 2618 3900; x_wconf 90' lang='lat' dir='ltr'><strong>patientem</strong></span> <span class='ocrx_word' id='word_1_709' title='bbox 2651 3833 2783 3900; x_wconf 88' lang='lat' dir='ltr'><strong>ipsis</strong></span> <span class='ocrx_word' id='word_1_710' title='bbox 2813 3847 3032 3901; x_wconf 83' lang='lat' dir='ltr'><strong>Operam</strong></span> <span class='ocrx_word' id='word_1_711' title='bbox 3066 3834 3295 3888; x_wconf 87' lang='lat' dir='ltr'><strong>inhianti</strong></span> <span class='ocrx_word' id='word_1_712' title='bbox 3324 3838 3494 3891; x_wconf 81' lang='lat' dir='ltr'><strong>silen-</strong></span> 
     </span>
    </p>
   </div>
   <div class='ocr_carea' id='block_1_97' title="bbox 1927 3924 3492 3994">
    <p class='ocr_par' dir='ltr' id='par_1_97' title="bbox 1927 3924 3492 3994">
     <span class='ocr_line' id='line_1_97' title="bbox 1927 3924 3492 3994; baseline 0.002 -15"><span class='ocrx_word' id='word_1_713' title='bbox 1927 3927 2000 3979; x_wconf 90' lang='lat' dir='ltr'><strong>tio</strong></span> <span class='ocrx_word' id='word_1_714' title='bbox 2031 3925 2297 3988; x_wconf 87' lang='lat' dir='ltr'><strong>dantium,</strong></span> <span class='ocrx_word' id='word_1_715' title='bbox 2318 3924 2446 3977; x_wconf 92' lang='lat' dir='ltr'><strong>dum</strong></span> <span class='ocrx_word' id='word_1_716' title='bbox 2476 3938 2535 3979; x_wconf 90' lang='lat' dir='ltr'><strong>se</strong></span> <span class='ocrx_word' id='word_1_717' title='bbox 2567 3924 2850 3989; x_wconf 84' lang='lat' dir='ltr'><strong>magniﬁce</strong></span> <span class='ocrx_word' id='word_1_718' title='bbox 2880 3934 3151 3980; x_wconf 85' lang='lat' dir='ltr'><strong>ostentant</strong></span> <span class='ocrx_word' id='word_1_719' title='bbox 3180 3926 3231 3978; x_wconf 87' lang='lat' dir='ltr'><strong>in</strong></span> <span class='ocrx_word' id='word_1_720' title='bbox 3260 3940 3492 3994; x_wconf 84' lang='lat' dir='ltr'><strong>purpura</strong></span> 
     </span>
    </p>
   </div>
   <div class='ocr_carea' id='block_1_98' title="bbox 1925 4015 3492 4086">
    <p class='ocr_par' dir='ltr' id='par_1_98' title="bbox 1925 4015 3492 4086">
     <span class='ocr_line' id='line_1_98' title="bbox 1925 4015 3492 4086; baseline 0.001 -15"><span class='ocrx_word' id='word_1_721' title='bbox 1925 4033 2028 4071; x_wconf 90' lang='lat' dir='ltr'><strong>non</strong></span> <span class='ocrx_word' id='word_1_722' title='bbox 2070 4032 2199 4081; x_wconf 87' lang='lat' dir='ltr'><strong>sua,</strong></span> <span class='ocrx_word' id='word_1_723' title='bbox 2232 4026 2432 4069; x_wconf 62' lang='lat' dir='ltr'><strong>mutuae</strong></span> <span class='ocrx_word' id='word_1_724' title='bbox 2475 4015 2766 4084; x_wconf 84' lang='lat' dir='ltr'><strong>quidquam</strong></span> <span class='ocrx_word' id='word_1_725' title='bbox 2806 4017 3017 4083; x_wconf 85' lang='lat' dir='ltr'><strong>accepit</strong></span> <span class='ocrx_word' id='word_1_726' title='bbox 3059 4019 3282 4086; x_wconf 60' lang='lat' dir='ltr'><strong>gratias?</strong></span> <span class='ocrx_word' id='word_1_727' title='bbox 3324 4018 3492 4084; x_wconf 81' lang='lat' dir='ltr'><strong>Quem</strong></span> 
     </span>
    </p>
   </div>
   <div class='ocr_carea' id='block_1_99' title="bbox 1926 4107 3495 4179">
    <p class='ocr_par' dir='ltr' id='par_1_99' title="bbox 1926 4107 3495 4179">
     <span class='ocr_line' id='line_1_99' title="bbox 1926 4107 3495 4179; baseline 0 -16"><span class='ocrx_word' id='word_1_728' title='bbox 1926 4126 2085 4163; x_wconf 88' lang='lat' dir='ltr'><strong>nmnn</strong></span> <span class='ocrx_word' id='word_1_729' title='bbox 2114 4110 2366 4179; x_wconf 86' lang='lat' dir='ltr'><strong>juverunt</strong></span> <span class='ocrx_word' id='word_1_730' title='bbox 2395 4123 2452 4161; x_wconf 91' lang='lat' dir='ltr'><strong>re</strong></span> <span class='ocrx_word' id='word_1_731' title='bbox 2483 4107 2622 4161; x_wconf 85' lang='lat' dir='ltr'><strong>ulla?</strong></span> <span class='ocrx_word' id='word_1_732' title='bbox 2648 4107 2748 4161; x_wconf 81' lang='lat' dir='ltr'><strong>Cui</strong></span> <span class='ocrx_word' id='word_1_733' title='bbox 2777 4109 3044 4162; x_wconf 90' lang='lat' dir='ltr'><strong>commodi</strong></span> <span class='ocrx_word' id='word_1_734' title='bbox 3077 4111 3366 4178; x_wconf 86' lang='lat' dir='ltr'><strong>quidquam</strong></span> <span class='ocrx_word' id='word_1_735' title='bbox 3400 4121 3495 4165; x_wconf 88' lang='lat' dir='ltr'><strong>aut</strong></span> 
     </span>
    </p>
   </div>
   <div class='ocr_carea' id='block_1_100' title="bbox 1925 4200 3492 4272">
    <p class='ocr_par' dir='ltr' id='par_1_100' title="bbox 1925 4200 3492 4272">
     <span class='ocr_line' id='line_1_100' title="bbox 1925 4200 3492 4272; baseline 0.001 -18"><span class='ocrx_word' id='word_1_736' title='bbox 1925 4203 2050 4256; x_wconf 87' lang='lat' dir='ltr'><strong>doni</strong></span> <span class='ocrx_word' id='word_1_737' title='bbox 2102 4200 2446 4255; x_wconf 88' lang='lat' dir='ltr'><strong>tribuerunt?</strong></span> <span class='ocrx_word' id='word_1_738' title='bbox 2489 4201 2664 4268; x_wconf 87' lang='lat' dir='ltr'><strong>Atque</strong></span> <span class='ocrx_word' id='word_1_739' title='bbox 2716 4201 2770 4254; x_wconf 89' lang='lat' dir='ltr'><strong>hi</strong></span> <span class='ocrx_word' id='word_1_740' title='bbox 2819 4202 3034 4272; x_wconf 90' lang='lat' dir='ltr'><strong>quidem</strong></span> <span class='ocrx_word' id='word_1_741' title='bbox 3086 4203 3492 4257; x_wconf 83' lang='lat' dir='ltr'><strong>excusationem</strong></span> 
     </span>
    </p>
   </div>
   <div class='ocr_carea' id='block_1_101' title="bbox 1927 4292 3493 4362">
    <p class='ocr_par' dir='ltr' id='par_1_101' title="bbox 1927 4292 3493 4362">
     <span class='ocr_line' id='line_1_101' title="bbox 1927 4292 3493 4362; baseline 0.003 -17"><span class='ocrx_word' id='word_1_742' title='bbox 1927 4292 2127 4345; x_wconf 86' lang='lat' dir='ltr'><strong>habent</strong></span> <span class='ocrx_word' id='word_1_743' title='bbox 2184 4292 2471 4361; x_wconf 64' lang='lat' dir='ltr'><strong>purgandae</strong></span> <span class='ocrx_word' id='word_1_744' title='bbox 2524 4294 2596 4347; x_wconf 86' lang='lat' dir='ltr'><strong>ad</strong></span> <span class='ocrx_word' id='word_1_745' title='bbox 2650 4292 2900 4362; x_wconf 85' lang='lat' dir='ltr'><strong>populum</strong></span> <span class='ocrx_word' id='word_1_746' title='bbox 2954 4293 3329 4349; x_wconf 86' lang='lat' dir='ltr'><strong>illiberalitatis</strong></span> <span class='ocrx_word' id='word_1_747' title='bbox 3383 4311 3493 4349; x_wconf 74' lang='lat' dir='ltr'><strong>sua:</strong></span> 
     </span>
    </p>
   </div>
   <div class='ocr_carea' id='block_1_102' title="bbox 1927 4384 3495 4457">
    <p class='ocr_par' dir='ltr' id='par_1_102' title="bbox 1927 4384 3495 4457">
     <span class='ocr_line' id='line_1_102' title="bbox 1927 4384 3495 4457; baseline 0.003 -20"><span class='ocrx_word' id='word_1_748' title='bbox 1927 4384 2288 4453; x_wconf 81' lang='lat' dir='ltr'><strong>plausibilem,</strong></span> <span class='ocrx_word' id='word_1_749' title='bbox 2319 4385 2460 4454; x_wconf 91' lang='lat' dir='ltr'><strong>quod</strong></span> <span class='ocrx_word' id='word_1_750' title='bbox 2489 4388 2758 4456; x_wconf 88' lang='lat' dir='ltr'><strong>personati</strong></span> <span class='ocrx_word' id='word_1_751' title='bbox 2793 4391 3162 4442; x_wconf 85' lang='lat' dir='ltr'><strong>tantummodo</strong></span> <span class='ocrx_word' id='word_1_752' title='bbox 3194 4398 3316 4443; x_wconf 91' lang='lat' dir='ltr'><strong>sunt</strong></span> <span class='ocrx_word' id='word_1_753' title='bbox 3346 4389 3495 4457; x_wconf 85' lang='lat' dir='ltr'><strong>prin-</strong></span> 
     </span>
    </p>
   </div>
   <div class='ocr_carea' id='block_1_103' title="bbox 1926 4480 3493 4550">
    <p class='ocr_par' dir='ltr' id='par_1_103' title="bbox 1926 4480 3493 4550">
     <span class='ocr_line' id='line_1_103' title="bbox 1926 4480 3493 4550; baseline 0.004 -20"><span class='ocrx_word' id='word_1_754' title='bbox 1926 4480 2101 4544; x_wconf 78' lang='lat' dir='ltr'><strong>cipes;</strong></span> <span class='ocrx_word' id='word_1_755' title='bbox 2138 4494 2307 4546; x_wconf 84' lang='lat' dir='ltr'><strong>quare</strong></span> <span class='ocrx_word' id='word_1_756' title='bbox 2345 4482 2475 4549; x_wconf 86' lang='lat' dir='ltr'><strong>ipsis</strong></span> <span class='ocrx_word' id='word_1_757' title='bbox 2509 4480 2577 4533; x_wconf 84' lang='lat' dir='ltr'><strong>ad</strong></span> <span class='ocrx_word' id='word_1_758' title='bbox 2614 4490 2886 4549; x_wconf 87' lang='lat' dir='ltr'><strong>utcunque</strong></span> <span class='ocrx_word' id='word_1_759' title='bbox 2938 4480 3331 4550; x_wconf 79' lang='lat' dir='ltr'><strong>defungen-lum</strong></span> <span class='ocrx_word' id='word_1_760' title='bbox 3370 4497 3493 4547; x_wconf 81' lang='lat' dir='ltr'><strong>pre-</strong></span> 
     </span>
    </p>
   </div>
   <div class='ocr_carea' id='block_1_104' title="bbox 1927 4570 3497 4641">
    <p class='ocr_par' dir='ltr' id='par_1_104' title="bbox 1927 4570 3497 4641">
     <span class='ocr_line' id='line_1_104' title="bbox 1927 4570 3497 4641; baseline 0.004 -20"><span class='ocrx_word' id='word_1_761' title='bbox 1927 4571 2077 4623; x_wconf 74' lang='lat' dir='ltr'><strong>cario</strong></span> <span class='ocrx_word' id='word_1_762' title='bbox 2115 4571 2217 4624; x_wconf 89' lang='lat' dir='ltr'><strong>isto</strong></span> <span class='ocrx_word' id='word_1_763' title='bbox 2248 4571 2481 4639; x_wconf 89' lang='lat' dir='ltr'><strong>quodam</strong></span> <span class='ocrx_word' id='word_1_764' title='bbox 2516 4570 2693 4625; x_wconf 84' lang='lat' dir='ltr'><strong>ollicio</strong></span> <span class='ocrx_word' id='word_1_765' title='bbox 2724 4571 2988 4625; x_wconf 75' lang='lat' dir='ltr'><strong>simulata:</strong></span> <span class='ocrx_word' id='word_1_766' title='bbox 3021 4574 3085 4625; x_wconf 88' lang='lat' dir='ltr'><strong>ad</strong></span> <span class='ocrx_word' id='word_1_767' title='bbox 3122 4573 3309 4626; x_wconf 87' lang='lat' dir='ltr'><strong>horam</strong></span> <span class='ocrx_word' id='word_1_768' title='bbox 3344 4584 3497 4641; x_wconf 81' lang='lat' dir='ltr'><strong>pote-</strong></span> 
     </span>
    </p>
   </div>
   <div class='ocr_carea' id='block_1_105' title="bbox 1926 4660 3496 4729">
    <p class='ocr_par' dir='ltr' id='par_1_105' title="bbox 1926 4660 3496 4729">
     <span class='ocr_line' id='line_1_105' title="bbox 1926 4660 3496 4729; baseline 0.001 -15"><span class='ocrx_word' id='word_1_769' title='bbox 1926 4661 2084 4715; x_wconf 82' lang='lat' dir='ltr'><strong>statis</strong></span> <span class='ocrx_word' id='word_1_770' title='bbox 2126 4660 2340 4714; x_wconf 89' lang='lat' dir='ltr'><strong>abunde</strong></span> <span class='ocrx_word' id='word_1_771' title='bbox 2380 4660 2451 4714; x_wconf 84' lang='lat' dir='ltr'><strong>sit</strong></span> <span class='ocrx_word' id='word_1_772' title='bbox 2493 4661 2745 4715; x_wconf 86' lang='lat' dir='ltr'><strong>simulata</strong></span> <span class='ocrx_word' id='word_1_773' title='bbox 2791 4660 2918 4714; x_wconf 85' lang='lat' dir='ltr'><strong>item</strong></span> <span class='ocrx_word' id='word_1_774' title='bbox 2962 4671 3017 4715; x_wconf 91' lang='lat' dir='ltr'><strong>et</strong></span> <span class='ocrx_word' id='word_1_775' title='bbox 3057 4675 3196 4714; x_wconf 88' lang='lat' dir='ltr'><strong>vano</strong></span> <span class='ocrx_word' id='word_1_776' title='bbox 3240 4677 3496 4729; x_wconf 79' lang='lat' dir='ltr'><strong>expressa</strong></span> 
     </span>
    </p>
   </div>
   <div class='ocr_carea' id='block_1_106' title="bbox 1928 4752 3496 4823">
    <p class='ocr_par' dir='ltr' id='par_1_106' title="bbox 1928 4752 3496 4823">
     <span class='ocr_line' id='line_1_106' title="bbox 1928 4752 3496 4823; baseline 0.002 -19"><span class='ocrx_word' id='word_1_777' title='bbox 1928 4760 2076 4819; x_wconf 90' lang='lat' dir='ltr'><strong>gestu</strong></span> <span class='ocrx_word' id='word_1_778' title='bbox 2143 4752 2519 4807; x_wconf 82' lang='lat' dir='ltr'><strong>beneﬁcentia.</strong></span> <span class='ocrx_word' id='word_1_779' title='bbox 2571 4753 2640 4806; x_wconf 88' lang='lat' dir='ltr'><strong>At</strong></span> <span class='ocrx_word' id='word_1_780' title='bbox 2692 4753 2812 4808; x_wconf 88' lang='lat' dir='ltr'><strong>istis</strong></span> <span class='ocrx_word' id='word_1_781' title='bbox 2866 4756 2957 4821; x_wconf 90' lang='lat' dir='ltr'><strong>qui</strong></span> <span class='ocrx_word' id='word_1_782' title='bbox 3010 4769 3168 4808; x_wconf 84' lang='lat' dir='ltr'><strong>veros</strong></span> <span class='ocrx_word' id='word_1_783' title='bbox 3226 4770 3285 4808; x_wconf 88' lang='lat' dir='ltr'><strong>se</strong></span> <span class='ocrx_word' id='word_1_784' title='bbox 3339 4770 3496 4823; x_wconf 84' lang='lat' dir='ltr'><strong>reges</strong></span> 
     </span>
    </p>
   </div>
   <div class='ocr_carea' id='block_1_107' title="bbox 1929 4843 3498 4915">
    <p class='ocr_par' dir='ltr' id='par_1_107' title="bbox 1929 4843 3498 4915">
     <span class='ocr_line' id='line_1_107' title="bbox 1929 4843 3498 4915; baseline 0.003 -20"><span class='ocrx_word' id='word_1_785' title='bbox 1929 4852 2132 4911; x_wconf 86' lang='lat' dir='ltr'><strong>putant,</strong></span> <span class='ocrx_word' id='word_1_786' title='bbox 2169 4844 2297 4913; x_wconf 88' lang='lat' dir='ltr'><strong>quid</strong></span> <span class='ocrx_word' id='word_1_787' title='bbox 2339 4846 2402 4897; x_wconf 89' lang='lat' dir='ltr'><strong>ad</strong></span> <span class='ocrx_word' id='word_1_788' title='bbox 2447 4843 2812 4901; x_wconf 76' lang='lat' dir='ltr'><strong>defensionem</strong></span> <span class='ocrx_word' id='word_1_789' title='bbox 2864 4846 3203 4915; x_wconf 88' lang='lat' dir='ltr'><strong>relinquitur,</strong></span> <span class='ocrx_word' id='word_1_790' title='bbox 3242 4849 3340 4901; x_wconf 84' lang='lat' dir='ltr'><strong>nisi</strong></span> <span class='ocrx_word' id='word_1_791' title='bbox 3388 4849 3498 4899; x_wconf 88' lang='lat' dir='ltr'><strong>lar-</strong></span> 
     </span>
    </p>
   </div>
   <div class='ocr_carea' id='block_1_108' title="bbox 1930 4938 3492 5007">
    <p class='ocr_par' dir='ltr' id='par_1_108' title="bbox 1930 4938 3492 5007">
     <span class='ocr_line' id='line_1_108' title="bbox 1930 4938 3492 5007; baseline 0.001 -19"><span class='ocrx_word' id='word_1_792' title='bbox 1930 4940 2163 5007; x_wconf 79' lang='lat' dir='ltr'><strong>g&#39;autur,</strong></span> <span class='ocrx_word' id='word_1_793' title='bbox 2197 4952 2303 5005; x_wconf 81' lang='lat' dir='ltr'><strong>quo</strong></span> <span class='ocrx_word' id='word_1_794' title='bbox 2350 4938 2525 4990; x_wconf 86' lang='lat' dir='ltr'><strong>minus</strong></span> <span class='ocrx_word' id='word_1_795' title='bbox 2574 4938 2624 4991; x_wconf 88' lang='lat' dir='ltr'><strong>in</strong></span> <span class='ocrx_word' id='word_1_796' title='bbox 2676 4938 2999 4993; x_wconf 76' lang='lat' dir='ltr'><strong>Ltt&#39;vatorum</strong></span> <span class='ocrx_word' id='word_1_797' title='bbox 3049 4954 3260 5007; x_wconf 86' lang='lat' dir='ltr'><strong>quoque</strong></span> <span class='ocrx_word' id='word_1_798' title='bbox 3313 4956 3492 5006; x_wconf 82' lang='lat' dir='ltr'><strong>regum</strong></span> 
     </span>
    </p>
   </div>
   <div class='ocr_carea' id='block_1_109' title="bbox 1930 5030 3498 5099">
    <p class='ocr_par' dir='ltr' id='par_1_109' title="bbox 1930 5030 3498 5099">
     <span class='ocr_line' id='line_1_109' title="bbox 1930 5030 3498 5099; baseline 0.003 -18"><span class='ocrx_word' id='word_1_799' title='bbox 1930 5045 2211 5082; x_wconf 89' lang='lat' dir='ltr'><strong>numerum</strong></span> <span class='ocrx_word' id='word_1_800' title='bbox 2266 5043 2331 5082; x_wconf 90' lang='lat' dir='ltr'><strong>ac</strong></span> <span class='ocrx_word' id='word_1_801' title='bbox 2382 5044 2595 5097; x_wconf 81' lang='lat' dir='ltr'><strong>gregem</strong></span> <span class='ocrx_word' id='word_1_802' title='bbox 2648 5030 3023 5099; x_wconf 88' lang='lat' dir='ltr'><strong>eompingendi</strong></span> <span class='ocrx_word' id='word_1_803' title='bbox 3078 5030 3221 5084; x_wconf 88' lang='lat' dir='ltr'><strong>sint?</strong></span> <span class='ocrx_word' id='word_1_804' title='bbox 3268 5030 3498 5086; x_wconf 81' lang='lat' dir='ltr'><strong>Prorsus</strong></span> 
     </span>
    </p>
   </div>
   <div class='ocr_carea' id='block_1_110' title="bbox 1930 5117 3495 5187">
    <p class='ocr_par' dir='ltr' id='par_1_110' title="bbox 1930 5117 3495 5187">
     <span class='ocr_line' id='line_1_110' title="bbox 1930 5117 3495 5187; baseline 0.002 -18"><span class='ocrx_word' id='word_1_805' title='bbox 1930 5132 2058 5171; x_wconf 87' lang='lat' dir='ltr'><strong>vero</strong></span> <span class='ocrx_word' id='word_1_806' title='bbox 2114 5118 2439 5172; x_wconf 78' lang='lat' dir='ltr'><strong>exturbandi</strong></span> <span class='ocrx_word' id='word_1_807' title='bbox 2501 5117 2769 5187; x_wconf 83' lang='lat' dir='ltr'><strong>longeque</strong></span> <span class='ocrx_word' id='word_1_808' title='bbox 2832 5118 3182 5171; x_wconf 89' lang='lat' dir='ltr'><strong>submovendi</strong></span> <span class='ocrx_word' id='word_1_809' title='bbox 3240 5134 3269 5171; x_wconf 91' lang='lat' dir='ltr'><strong>a</strong></span> <span class='ocrx_word' id='word_1_810' title='bbox 3331 5134 3495 5172; x_wconf 84' lang='lat' dir='ltr'><strong>censu</strong></span> 
     </span>
    </p>
   </div>
   <div class='ocr_carea' id='block_1_111' title="bbox 1934 5208 3497 5278">
    <p class='ocr_par' dir='ltr' id='par_1_111' title="bbox 1934 5208 3497 5278">
     <span class='ocr_line' id='line_1_111' title="bbox 1934 5208 3497 5278; baseline 0.001 -18"><span class='ocrx_word' id='word_1_811' title='bbox 1934 5209 2093 5278; x_wconf 81' lang='lat' dir='ltr'><strong>19o</strong></span> <span class='ocrx_word' id='word_1_812' title='bbox 2146 5225 2208 5262; x_wconf 87' lang='lat' dir='ltr'><strong>ac</strong></span> <span class='ocrx_word' id='word_1_813' title='bbox 2261 5224 2519 5263; x_wconf 86' lang='lat' dir='ltr'><strong>consessu</strong></span> <span class='ocrx_word' id='word_1_814' title='bbox 2573 5224 2823 5263; x_wconf 85' lang='lat' dir='ltr'><strong>verorum</strong></span> <span class='ocrx_word' id='word_1_815' title='bbox 2876 5208 3219 5277; x_wconf 83' lang='lat' dir='ltr'><strong>principum,</strong></span> <span class='ocrx_word' id='word_1_816' title='bbox 3267 5223 3497 5276; x_wconf 88' lang='lat' dir='ltr'><strong>quorum</strong></span> 
     </span>
    </p>
   </div>
   <div class='ocr_carea' id='block_1_112' title="bbox 1930 5301 3496 5369">
    <p class='ocr_par' dir='ltr' id='par_1_112' title="bbox 1930 5301 3496 5369">
     <span class='ocr_line' id='line_1_112' title="bbox 1930 5301 3496 5369; baseline -0.001 -14"><span class='ocrx_word' id='word_1_817' title='bbox 1930 5304 2057 5369; x_wconf 90' lang='lat' dir='ltr'><strong>quid</strong></span> <span class='ocrx_word' id='word_1_818' title='bbox 2103 5316 2227 5369; x_wconf 89' lang='lat' dir='ltr'><strong>ergo</strong></span> <span class='ocrx_word' id='word_1_819' title='bbox 2273 5302 2375 5355; x_wconf 87' lang='lat' dir='ltr'><strong>sibi</strong></span> <span class='ocrx_word' id='word_1_820' title='bbox 2422 5303 2679 5355; x_wconf 87' lang='lat' dir='ltr'><strong>honorem</strong></span> <span class='ocrx_word' id='word_1_821' title='bbox 2724 5309 3010 5366; x_wconf 84' lang='lat' dir='ltr'><strong>arrogant,</strong></span> <span class='ocrx_word' id='word_1_822' title='bbox 3042 5314 3164 5352; x_wconf 90' lang='lat' dir='ltr'><strong>cum</strong></span> <span class='ocrx_word' id='word_1_823' title='bbox 3212 5301 3341 5352; x_wconf 82' lang='lat' dir='ltr'><strong>tales</strong></span> <span class='ocrx_word' id='word_1_824' title='bbox 3389 5316 3496 5354; x_wconf 92' lang='lat' dir='ltr'><strong>non</strong></span> 
     </span>
    </p>
   </div>
   <div class='ocr_carea' id='block_1_113' title="bbox 1932 5391 3497 5461">
    <p class='ocr_par' dir='ltr' id='par_1_113' title="bbox 1932 5391 3497 5461">
     <span class='ocr_line' id='line_1_113' title="bbox 1932 5391 3497 5461; baseline 0.001 -16"><span class='ocrx_word' id='word_1_825' title='bbox 1932 5393 2075 5445; x_wconf 83' lang='lat' dir='ltr'><strong>sint?</strong></span> <span class='ocrx_word' id='word_1_826' title='bbox 2122 5393 2257 5446; x_wconf 85' lang='lat' dir='ltr'><strong>Nam</strong></span> <span class='ocrx_word' id='word_1_827' title='bbox 2303 5393 2475 5446; x_wconf 91' lang='lat' dir='ltr'><strong>honor</strong></span> <span class='ocrx_word' id='word_1_828' title='bbox 2524 5392 2666 5461; x_wconf 89' lang='lat' dir='ltr'><strong>regis</strong></span> <span class='ocrx_word' id='word_1_829' title='bbox 2708 5392 2818 5445; x_wconf 84' lang='lat' dir='ltr'><strong>veri</strong></span> <span class='ocrx_word' id='word_1_830' title='bbox 2866 5391 3080 5461; x_wconf 91' lang='lat' dir='ltr'><strong>propria</strong></span> <span class='ocrx_word' id='word_1_831' title='bbox 3125 5406 3213 5446; x_wconf 86' lang='lat' dir='ltr'><strong>res</strong></span> <span class='ocrx_word' id='word_1_832' title='bbox 3257 5399 3359 5457; x_wconf 86' lang='lat' dir='ltr'><strong>est,</strong></span> <span class='ocrx_word' id='word_1_833' title='bbox 3394 5410 3497 5446; x_wconf 90' lang='lat' dir='ltr'><strong>non</strong></span> 
     </span>
    </p>
   </div>
   <div class='ocr_carea' id='block_1_114' title="bbox 1936 5484 3500 5554">
    <p class='ocr_par' dir='ltr' id='par_1_114' title="bbox 1936 5484 3500 5554">
     <span class='ocr_line' id='line_1_114' title="bbox 1936 5484 3500 5554; baseline 0.001 -16"><span class='ocrx_word' id='word_1_834' title='bbox 1936 5486 2083 5540; x_wconf 90' lang='lat' dir='ltr'><strong>mimi</strong></span> <span class='ocrx_word' id='word_1_835' title='bbox 2117 5486 2418 5539; x_wconf 87' lang='lat' dir='ltr'><strong>diademate</strong></span> <span class='ocrx_word' id='word_1_836' title='bbox 2452 5484 2665 5539; x_wconf 85' lang='lat' dir='ltr'><strong>larvati.</strong></span> <span class='ocrx_word' id='word_1_837' title='bbox 2694 5484 2817 5539; x_wconf 62' lang='lat' dir='ltr'><strong>Haec</strong></span> <span class='ocrx_word' id='word_1_838' title='bbox 2847 5484 3073 5539; x_wconf 79' lang='lat' dir='ltr'><strong>Michael</strong></span> <span class='ocrx_word' id='word_1_839' title='bbox 3110 5484 3255 5539; x_wconf 87' lang='lat' dir='ltr'><strong>clare</strong></span> <span class='ocrx_word' id='word_1_840' title='bbox 3290 5487 3500 5554; x_wconf 79' lang='lat' dir='ltr'><strong>perspi-</strong></span> 
     </span>
    </p>
   </div>
   <div class='ocr_carea' id='block_1_115' title="bbox 1934 5575 3501 5645">
    <p class='ocr_par' dir='ltr' id='par_1_115' title="bbox 1934 5575 3501 5645">
     <span class='ocr_line' id='line_1_115' title="bbox 1934 5575 3501 5645; baseline 0.001 -15"><span class='ocrx_word' id='word_1_841' title='bbox 1934 5578 2113 5642; x_wconf 86' lang='lat' dir='ltr'><strong>ciens,</strong></span> <span class='ocrx_word' id='word_1_842' title='bbox 2142 5592 2204 5631; x_wconf 92' lang='lat' dir='ltr'><strong>ac</strong></span> <span class='ocrx_word' id='word_1_843' title='bbox 2239 5576 2492 5630; x_wconf 81' lang='lat' dir='ltr'><strong>beneﬁcia</strong></span> <span class='ocrx_word' id='word_1_844' title='bbox 2526 5590 2645 5643; x_wconf 63' lang='lat' dir='ltr'><strong>quae</strong></span> <span class='ocrx_word' id='word_1_845' title='bbox 2678 5589 2870 5645; x_wconf 81' lang='lat' dir='ltr'><strong>magna</strong></span> <span class='ocrx_word' id='word_1_846' title='bbox 2902 5575 2953 5629; x_wconf 91' lang='lat' dir='ltr'><strong>in</strong></span> <span class='ocrx_word' id='word_1_847' title='bbox 2987 5576 3183 5631; x_wconf 89' lang='lat' dir='ltr'><strong>multos</strong></span> <span class='ocrx_word' id='word_1_848' title='bbox 3216 5578 3501 5632; x_wconf 78' lang='lat' dir='ltr'><strong>exstabant</strong></span> 
     </span>
    </p>
   </div>
   <div class='ocr_carea' id='block_1_116' title="bbox 1937 5668 3501 5739">
    <p class='ocr_par' dir='ltr' id='par_1_116' title="bbox 1937 5668 3501 5739">
     <span class='ocr_line' id='line_1_116' title="bbox 1937 5668 3501 5739; baseline 0.003 -18"><span class='ocrx_word' id='word_1_849' title='bbox 1937 5670 2174 5737; x_wconf 90' lang='lat' dir='ltr'><strong>priorum</strong></span> <span class='ocrx_word' id='word_1_850' title='bbox 2228 5668 2647 5735; x_wconf 84' lang='lat' dir='ltr'><strong>imperatorum,</strong></span> <span class='ocrx_word' id='word_1_851' title='bbox 2683 5668 2797 5723; x_wconf 87' lang='lat' dir='ltr'><strong>suis</strong></span> <span class='ocrx_word' id='word_1_852' title='bbox 2841 5679 3149 5737; x_wconf 87' lang='lat' dir='ltr'><strong>comparata</strong></span> <span class='ocrx_word' id='word_1_853' title='bbox 3193 5671 3501 5739; x_wconf 58' lang='lat' dir='ltr'><strong>praecellere</strong></span> 
     </span>
    </p>
   </div>
   <div class='ocr_carea' id='block_1_117' title="bbox 1936 5756 3502 5829">
    <p class='ocr_par' dir='ltr' id='par_1_117' title="bbox 1936 5756 3502 5829">
     <span class='ocr_line' id='line_1_117' title="bbox 1936 5756 3502 5829; baseline 0.001 -16"><span class='ocrx_word' id='word_1_854' title='bbox 1936 5757 2206 5823; x_wconf 89' lang='lat' dir='ltr'><strong>sentiens;</strong></span> <span class='ocrx_word' id='word_1_855' title='bbox 2253 5756 2553 5826; x_wconf 89' lang='lat' dir='ltr'><strong>simulque,</strong></span> <span class='ocrx_word' id='word_1_856' title='bbox 2584 5762 2727 5826; x_wconf 91' lang='lat' dir='ltr'><strong>quod</strong></span> <span class='ocrx_word' id='word_1_857' title='bbox 2774 5758 2888 5829; x_wconf 91' lang='lat' dir='ltr'><strong>ipse</strong></span> <span class='ocrx_word' id='word_1_858' title='bbox 2923 5759 3276 5815; x_wconf 83' lang='lat' dir='ltr'><strong>convincente</strong></span> <span class='ocrx_word' id='word_1_859' title='bbox 3312 5762 3502 5814; x_wconf 88' lang='lat' dir='ltr'><strong>intime</strong></span> 
     </span>
    </p>
   </div>
   <div class='ocr_carea' id='block_1_118' title="bbox 1936 5848 3502 5919">
    <p class='ocr_par' dir='ltr' id='par_1_118' title="bbox 1936 5848 3502 5919">
     <span class='ocr_line' id='line_1_118' title="bbox 1936 5848 3502 5919; baseline 0.002 -13"><span class='ocrx_word' id='word_1_860' title='bbox 1936 5849 2264 5907; x_wconf 85' lang='lat' dir='ltr'><strong>conscientia</strong></span> <span class='ocrx_word' id='word_1_861' title='bbox 2320 5848 2512 5905; x_wconf 89' lang='lat' dir='ltr'><strong>tacitus</strong></span> <span class='ocrx_word' id='word_1_862' title='bbox 2565 5848 2864 5919; x_wconf 76' lang='lat' dir='ltr'><strong>fatebatur,</strong></span> <span class='ocrx_word' id='word_1_863' title='bbox 2909 5868 2975 5907; x_wconf 91' lang='lat' dir='ltr'><strong>ne</strong></span> <span class='ocrx_word' id='word_1_864' title='bbox 3026 5852 3115 5906; x_wconf 89' lang='lat' dir='ltr'><strong>alii</strong></span> <span class='ocrx_word' id='word_1_865' title='bbox 3169 5861 3502 5909; x_wconf 78' lang='lat' dir='ltr'><strong>monstrante</strong></span> 
     </span>
    </p>
   </div>
   <div class='ocr_carea' id='block_1_119' title="bbox 2545 6010 2573 6031">
    <p class='ocr_par' dir='ltr' id='par_1_119' title="bbox 2545 6010 2573 6031">
     <span class='ocr_line' id='line_1_119' title="bbox 2545 6010 2573 6031; baseline 0 -6"><span class='ocrx_word' id='word_1_866' title='bbox 2545 6010 2573 6031; x_wconf 64' lang='grc' dir='ltr'><em>κ</em></span> 
     </span>
    </p>
   </div>
  </div>
