3926 6576
477 400 575 463 ea}
1671 415 1996 476 GEORGII
2043 416 2522 476 eaet-trutina:
2854 435 2863 442 -
3592 439 3675 500 ego

479 534 663 617 pauci,
691 518 818 617 ἴσως
844 521 919 617 μιὴ
953 525 1352 617 παρακατέχειν
1403 528 1730 598 αἱρούμενος
1776 530 1923 603 ζωὴν
1972 548 2067 583 τα·
2094 529 2143 588 Δ
2173 532 2306 599 φασί
2337 549 2502 600 τινες,
2565 504 2746 606 ἀρχὴν.
2772 533 2817 588 δ’
2851 531 2990 590 εἶναι
3023 536 3084 590 τὸ
3113 533 3237 591 οἷον
3272 546 3680 617 κατασιγασθῆναι

476 605 770 679 λαιπὼρων
795 611 1124 683 ἀνθρώπων,
1167 617 1276 669 τῶν
1308 619 1589 691 προῦργου
1647 624 1847 683 παντδς
1891 623 2056 690 ἀναγ-

474 699 906 774 καίουιπορίξειν
936 705 1152 776 ἔχοντος
1197 709 1296 780 τὴν
1349 713 1558 783 τροφὴν
1613 716 1704 767 ἐπὶ
1760 715 2054 787 θεραπείαν

2159 622 2258 694 τὴν
2280 625 2494 679 ἐκείνου
2531 627 2774 696 μνήμην,
2803 626 2877 691 ὡς
2935 628 3072 697 μηδὲ
3109 629 3391 701 συνάρχειν
3418 634 3685 707 ύπολαμὸἀ.

2157 714 2342 768 νεσθαι
2369 730 2385 747 ’
2416 714 2475 768 τὸ
2502 715 2610 785 γὰρ
2640 716 2732 768 καὶ
2760 716 3010 787 δεύτερον
3039 722 3373 788 στεφομένου
3423 723 3491 795 μὴ
3530 730 3683 783 κάκεῖ.

474 792 940 889 ἐκείνων-ίόντων
982 801 1124 855 κατά
1184 820 1237 856 τι
1298 804 1527 875 ἀρχαῖον
1582 807 1832 875 νόμιμον.
1889 806 2054 861 nam
2156 822 2245 859 vov
2277 797 2761 875 συντιμᾶσθαικαὶ
2789 808 3371 879 συνευφημεῖσθαιτοῦ
3390 792 3682 889 πατριάρχου

469 882 643 936 ταῦτα
670 886 769 954 μὲν
798 888 933 952 ἴσως
957 890 1053 943 καί⁷
1084 893 1451 964 παρακαίρια,
1484 895 1569 957 ἐφ’
1596 889 1640 963 ᾧ
1671 895 1833 964 μόνον
1881 893 2049 959 δεῖξαι

472 978 633 1042 φύσει
664 978 868 1047 προσὸν
898 982 962 1051 τῇ
992 980 1243 1053 βασιλείᾳ
1269 985 1330 1037 τὸ
1373 986 1743 1056 εὐεργετικόν.
1807 982 1881 1040 Οὖ
1908 988 2050 1040 ἐκείρ

469 1083 559 1130 νος
588 1067 877 1138 αὐτάρκως
910 1076 1183 1144 μετεῖχεν,
1214 1078 1274 1129 ού
1303 1076 1370 1130 τὰ
1404 1078 1575 1135 πολλά
1601 1094 1663 1147 γε
1688 1080 2049 1151 μικρολογού-

383 1174 389 1181 '
472 1175 653 1228 μενος.
690 1161 1014 1239 ’Δπέστελλε
1041 1164 1098 1218 δὲ
1129 1167 1224 1219 καὶ
1273 1167 1411 1237 πρὸς
1462 1168 1591 1229 τοὺς
1621 1154 1903 1235 ἐπιδόξους
1947 1169 2047 1239 τῆς

479 1249 731 1317 Ἰταλίας,
765 1254 860 1307 καὶ
892 1236 1093 1325 μᾶλλον
1123 1259 1250 1321 τοὺς
1312 1261 1410 1331 τῆς
1452 1260 1807 1333 Ἐκκλησίας,
1858 1236 2046 1333 φίλους

412 1374 425 1387 ι
466 1343 711 1407 ἐκείνους
746 1347 842 1400 καὶ
880 1350 1156 1420 μακρόθεν
1190 1353 1487 1422 κτώμενος.

469 1461 522 1509 ιί.
558 1456 752 1525 Ὅπως
799 1462 907 1515 τὸν
975 1464 1264 1529 Ἰωάννην
1317 1468 1351 1519 ό
1405 1467 1708 1533 ,ϐασιλεὺς
1768 1468 2044 1523 ἐκποδὼν

962 1533 1150 1586 ποιῶν
1189 1534 1544 1605 ἐξετύφλου.

537 1618 624 1692 [Ρ.
655 1622 779 1696 127]
813 1625 944 1677 Τότε
965 1625 1009 1677 δ’
1039 1627 1436 1696 ὲνευκαιρήσας
1469 1632 1533 1682 ὲκ
1563 1628 1667 1682 τῶν
1726 1629 1900 1684 ἄλλων
1949 1632 2039 1686 τὸν

464 1711 562 1778 τῆς
618 1712 844 1782 καρδίας
902 1713 1135 1784 ἔμμονον
1184 1714 1444 1786 λογισμὸν
1466 1716 1607 1787 ἔγνω
1654 1719 2038 1775 καταστέλλειν

464 1803 744 1866 κακίστοις
790 1806 1236 1877 ἐπιχειρήμασιν.
1286 1808 1345 1860 Ὀ
1378 1808 1479 1880 μὲν
1544 1809 1637 1863 οὖν
1682 1810 1938 1879 λογισμὸς
1975 1810 2036 1863 τὸ

464 1897 558 1945 καὶ
586 1896 864 1950 εἰσέπειτά
888 1899 939 1950 οἱ
972 1900 1260 1971 συνάρχειν
1291 1899 1384 1952 τὸν
1433 1900 1689 1971 Ἰωάννην
1748 1902 1843 1955 xal
1893 1901 2039 1955 δυοῖν

465 1987 727 2055 κεφαλαῖν
751 1988 833 2060 (τὸ
853 1993 946 2043 τοῦ
972 1990 1157 2064 λόγου)
1192 1994 1321 2063 μίαν
1353 1993 1667 2047 ἐπικεῖσθαι
1724 1993 2042 2065 καλύπτραν

463 2082 558 2132 καὶ
588 2081 702 2134 λίαν
741 2083 944 2154 ἀπᾷδον
975 2080 1112 2153 εἶχε,
1138 2088 1308 2157 χωρὶς
1330 2088 1425 2140 καὶ
1456 2086 1548 2140 τοῦ
1580 2087 1658 2156 μὴ
1688 2090 1747 2141 ἐν
1806 2090 2042 2156 ἀσφαλεῖ

462 2172 854 2229 καθίστασθαι·
912 2177 1004 2230 τὸν
1063 2178 1161 2248 μὲν
1213 2181 1322 2251 γὰρ
1375 2175 1528 2244 οὗτος
1585 2181 1676 2235 τὸν
1726 2181 1773 2234 δ’
1833 2183 2040 2245 ἐκεῖνος

458 2266 691 2337 στέρξοι,
719 2268 819 2322 ἀνὰ
846 2270 1015 2340 μέρος
1041 2272 1402 2344 ἁποστὲργων
1432 2275 1523 2329 τὸν
1561 2273 1776 2343 ἕτερον,
1810 2274 1905 2327 καὶ
1939 2273 2036 2327 οὔ·

458 2375 566 2420 τως
587 2359 823 2413 ἄτακτον
859 2360 919 2413 τὸ
944 2362 1274 2433 πολύαρχον.
1314 2364 1527 2435 Χρῆναι
1567 2366 1695 2433 γοῦν
1758 2365 2037 2418 σϐεννύειν

457 2453 518 2501 rb
545 2453 625 2515 είς
654 2453 863 2509 ἐκεῖνον
892 2453 1000 2505 τῶν
1021 2453 1235 2508 πολλῶν
1262 2454 1486 2527 θάρρος,
1519 2458 1614 2508 καὶ
1664 2454 1729 2526 δὴ
1757 2456 2037 2526 καταρξά-

461 2560 625 2614 μενον
643 2545 901 2599 τελειοῦν.
941 2547 1150 2617 Ἦμισν
1184 2548 1294 2618 γὰρ
1330 2547 1425 2602 τοῦ
1480 2549 1677 2613 παντὸς
1711 2551 1811 2620 τὴν
1857 2551 2035 2621 ἀρχήν

462 2740 642 2779 rerum
677 2726 942 2782 evidentia
973 2737 1261 2790 cernerent
1288 2739 1345 2785 et
1377 2730 1428 2784 in
1463 2744 1523 2785 se
1552 2729 1815 2785 invidiose
1848 2728 2038 2798 loque-

458 2830 673 2882 rentur.
699 2830 967 2887 metuens,
994 2838 1115 2876 cum
1148 2821 1311 2892 hujus
1342 2821 1705 2892 prmcavendte
1731 2822 2038 2892 ignominiae

458 2914 815 2977 necessitate,
848 2923 959 2968 tum
1014 2914 1190 2970 indole
1235 2914 1392 2971 bonae
1436 2929 1640 2972 naturae
1689 2917 1828 2971 haud
1871 2918 2037 2972 susti-

460 3014 623 3057 nente
682 3004 844 3058 vitam
909 3004 1230 3059 miscrorum
1294 3006 1571 3061 hominum
1634 3008 2033 3064 interverteuda

457 3097 722 3165 operariis
754 3098 1004 3152 mercede
1038 3098 1255 3163 iniustis
1286 3099 1533 3155 detinere
1575 3103 1859 3166 manibus,
1890 3103 2033 3172 quod

2156 898 2446 969 πέφοντος
2479 899 2662 971 ἡρέμα
2694 918 2809 962 πως
2842 901 3103 972 ὑπορρεῖν
3132 903 3368 973 ἀνάγκη,
3418 907 3502 960 καί
3532 909 3578 975 γ’
3607 913 3683 964 εὖ-

2152 990 2310 1061 χερὲς
2361 989 2428 1045 ἂν
2476 988 2615 1044 εἶναι
2671 992 2764 1045 καὶ
2817 994 2878 1044 τὸ
2922 993 3086 1045 πλέον
3110 992 3445 1063 ἐπιτεθῆναι,
3473 996 3540 1062 ὼς
3578 1002 3682 1070 μηδ’

2150 1080 2345 1135 ἐλπίδα
2390 1081 2798 1151 ὑπολελεῖφθαι.
2842 1083 3065 1146 Τούτοις
3115 1088 3685 1158 καταστρατηγηθέντος

2147 1174 2262 1233 τοῖς
2292 1172 2574 1244 λογισμοῖς
2601 1173 2696 1228 τοῦ
2739 1174 3003 1245 βασιλέως
3040 1176 3294 1245 (ὑπέκαιε
3348 1176 3449 1248 γὰρ
3478 1181 3619 1233 αὑτὸν
3663 1187 3686 1235 ὁ

2146 1261 2245 1331 τῆς
2282 1263 2588 1334 μοναρχίας
2651 1262 2815 1334 ἔρως,
2848 1264 2942 1317 καὶ
2978 1265 3075 1334 τὴν
3121 1265 3528 1335 παρερχομένην
3554 1268 3685 1334 δόξαν

2145 1352 2275 1422 περὶ
2312 1353 2559 1418 πλείονος
2606 1356 2773 1409 ἐτίθει
2829 1354 2923 1409 τοῦ
2979 1357 3125 1410 θείου
3166 1360 3333 1427 φόϐου
3369 1358 3452 1413 διὰ
3487 1361 3574 1431 τὴν
3609 1363 3685 1415 τοῦ

2145 1443 2390 1507 πλείονος
2421 1445 2621 1516 ὄρεξιν)
2652 1448 2853 1519 βουλὴν
2878 1448 3195 1518 βουλεύεται
3223 1448 3368 1518 μάλα
3410 1450 3504 1520 μὲν
3538 1452 3686 1523 αἰσχί-

2144 1551 2298 1606 στην,
2353 1537 2499 1606 μάλα
2561 1539 2618 1592 δὲ
2670 1541 2765 1592 καὶ
2818 1540 2954 1594 Θεοῦ
3007 1541 3195 1612 πόρρω
3243 1541 3565 1611 βάλλουσαν,
3609 1546 3687 1598 xal
3743 1602 3747 1605 γ

2142 1624 2364 1695 πέμψας
2403 1628 2706 1698 ἐκτυφλοῦν
2731 1630 2823 1684 τὸν
2856 1631 3029 1685 παῖδα
3086 1632 3441 1702 προσέταττε,
3500 1634 3688 1688 παιδίον

2141 1716 2349 1771 ἁπαλὸν
2397 1721 2492 1773 καὶ
2526 1721 2693 1790 μηδὲν
2725 1722 2806 1775 ἔτι
2850 1721 3037 1793 σχεδὸν
3076 1724 3276 1787 τελέως
3327 1723 3357 1793 ἢ
3408 1724 3466 1779 τδ
3508 1726 3690 1796 χαίρειν

2139 1808 2172 1879 ἢ
2198 1809 2257 1862 τὸ
2279 1808 2566 1867 λυπεῖσθαι
2586 1804 2780 1883 μαθὸν,
2795 1813 2887 1868 καί
2908 1814 2959 1867 κ’
2976 1816 3033 1867 ἐν
3054 1814 3153 1885 ἴσῳ
3171 1814 3454 1883 τιθέμενον
3470 1816 3527 1868 τό
3547 1816 3589 1869 τ’
3611 1816 3690 1886 ἄρα

2142 1921 2260 1974 χειν
2281 1906 2375 1959 καὶ
2395 1906 2458 1961 τὸ
2475 1906 2763 1978 ἄρχεσθαι,
2792 1908 2940 1980 μόνῳ
2967 1909 3024 1963 δὲ
3041 1909 3118 1979 τῷ
3137 1909 3449 1983 πατριάρχῃ
3465 1910 3690 1963 πιστεῦον

2143 1995 2239 2050 καὶ
2254 1999 2367 2055 τοῖς
2380 1997 2524 2052 οὕτω
2553 1999 2622 2055 τὰ
2642 2007 2761 2055 κατ’
2778 2001 2939 2055 αὐτὸν
2961 2000 3249 2067 διοικοῦσι,
3284 2003 3383 2054 καὶ
3418 2003 3542 2073 μηδὲ
3558 2005 3631 2056 ὃτι
3648 2004 3690 2054 τί

2139 2088 2287 2140 ἐστιν
2299 2088 2461 2160 ὅρκος
2479 2090 2639 2156 είδὸς,
2653 2091 2714 2156 ἐξ
2729 2084 2791 2146 οὗ
2813 2093 2907 2147 καὶ
2925 2092 3150 2165 θαρρεῖν
3163 2090 3275 2164 εἶχε
3297 2093 3398 2165 μὲν
3418 2094 3513 2151 οὐκ
3528 2095 3688 2159 αὐτὸς.

2140 2180 2257 2234 ἀλλ’
2292 2184 2340 2234 oi
2359 2182 2489 2250 περὶ
2525 2184 2756 2248 ἐκεῖνον,
2784 2185 2997 2239 ἐκεῖνον
3025 2185 3313 2249 σώζεσθαι.
3349 2186 3550 2239 Γίνεται
3574 2186 3685 2253 γοῦν

2136 2268 2212 2331 ὡς
2239 2268 2339 2337 τὴν
2367 2271 2541 2341 ἀρχὴν
2581 2273 2950 2346 προσετάχθη,
2983 2275 3079 2329 καὶ
3109 2264 3225 2328 ’ποῦ’
3251 2277 3480 2346 βρέφους
3519 2276 3691 2345 μικρὸν

2138 2362 2518 2433 ὑπερϐεϐηκὸς
2551 2366 2768 2420 παιδίον
2793 2366 3185 2436 στερεῖταιτοῦ
3249 2368 3492 2438 βλέπειν,
3550 2368 3689 2422 τοῦτο

2143 2454 2305 2521 μόνον
2338 2455 2996 2528 φιλανθρωπευσαμένων
3044 2459 3152 2514 τῶν
3201 2458 3692 2530 ὲξυπηρετουμένων

2138 2541 2213 2612 τῷ
2238 2542 2420 2615 μιαρῷ
2444 2544 2778 2616 τολμήματι,
2829 2550 2889 2601 τὸ
2932 2549 3006 2617 μὴ
3043 2548 3281 2619 σιδήροις
3351 2551 3693 2621 ὲκπῦρωθείσι

2138 2730 2348 2797 capite,
2418 2738 2737 2799 matureque
2777 2730 3126 2799 exstinguere
3173 2746 3292 2787 mox
3335 2740 3628 2800 erupturam
3669 2746 3694 2786 θ

2138 2823 2370 2879 scintilla
2416 2820 2721 2898 ﬂammam,
2769 2837 2867 2878 nec
2917 2838 3136 2880 cessare
3191 2823 3244 2877 in
3295 2823 3693 2883 consummando

2137 2915 2281 2987 quod
2332 2915 2683 2981 inchoatum,
2734 2915 2843 2970 imo
2892 2926 3198 2985 promotum
3247 2917 3321 2971 sit
3377 2934 3391 2971 :
3439 2915 3693 2970 dimidium

2139 3008 2285 3062 enim
2322 3006 2491 3061 totius
2524 3016 2670 3061 recte
2703 3005 2809 3061 dici
2848 3006 3107 3076 coepisse,
3138 3016 3380 3073 emptum
3414 3015 3582 3061 autem
3612 3007 3695 3059 du-

2138 3099 2264 3154 dum
2300 3108 2357 3155 et
2385 3099 2598 3169 quidem
2634 3099 2888 3163 feliciter,
2916 3098 2969 3153 id
3002 3099 3270 3168 negotium
3295 3141 3310 3166 ,
3347 3099 3540 3154 abolita
3566 3110 3696 3166 paene

459 3189 833 3257 antiquissima
871 3189 953 3243 lex
988 3199 1165 3255 vetat,
1201 3190 1438 3245 stimulis
1481 3192 1623 3244 ultro
1666 3191 1862 3247 additis
1896 3194 2036 3248 haud
2063 3215 2106 3273 ε
2142 3191 2293 3263 pueri
2339 3190 2597 3245 memoria
2634 3206 2697 3245 ac
2734 3190 2945 3245 nemine
2971 3187 3084 3258 jam
3122 3188 3234 3244 fere
3270 3190 3532 3259 imperare
3565 3188 3694 3242 illum

463 3282 711 3336 mollibus
740 3281 980 3335 innatam
1009 3282 1073 3334 ad
1103 3284 1243 3336 bene
1273 3284 1585 3336 merendum
1616 3284 2035 3353 propensionem

459 3372 727 3427 incitavit.
779 3372 884 3428 Sed
937 3373 1051 3427 bare
1101 3373 1329 3427 otiosius
1375 3381 1429 3427 et
1474 3374 1614 3428 forte
1664 3375 2039 3443 intempestive

456 3470 821 3538 uisputamus.
855 3469 1099 3524 Suﬂiciat
1138 3471 1300 3540 igitur
1335 3470 1596 3524 hactenus
1639 3471 2038 3526 demonstrasse

461 3574 656 3615 natura
691 3563 1042 3632 eoujunctum
1080 3580 1199 3616 cum
1232 3577 1483 3631 stiprema
1519 3573 1786 3631 putestate
1823 3564 2038 3616 benefa-

457 3654 632 3710 ciendi
677 3655 912 3709 studium
956 3670 1093 3709 esse.
1130 3652 1249 3720 Quo
1297 3655 1406 3719 ille,
1439 3666 1699 3723 quantum
1746 3667 1831 3709 sat
1871 3665 2036 3719 esset,

457 3745 717 3813 pimditus
751 3746 914 3799 etiam
953 3747 1018 3798 ad
1057 3746 1296 3799 illustres
1332 3761 1426 3812 per
1458 3746 1663 3799 Italiam
1694 3749 1871 3810 viros,
1905 3762 2036 3814 prte-

458 3838 646 3891 sertiut
683 3836 1045 3891 ecclesiastici
1079 3837 1314 3900 ordinis,
1346 3837 1501 3905 pretii
1541 3853 1647 3891 non
1683 3839 1861 3907 exigui
1895 3839 2033 3892 dona

456 3928 638 3991 misit,
673 3928 832 3996 longe
880 3942 1157 3998 aucupans
1200 3926 1305 3983 sibi
1352 3928 1536 3981 utilem
1577 3928 1805 3998 gratiam
1848 3943 2034 3984 eorum

460 4023 527 4075 ad
555 4036 785 4076 arcanas
811 4021 1246 4091 opportunitates
1271 4019 1624 4077 consiliorum
1657 4008 2032 4095 votorumque,

459 4129 579 4181 qua:
609 4124 787 4168 mente
813 4113 1082 4169 versabat.

465 4227 551 4288 10.
584 4224 650 4280 Ut
694 4236 927 4281 amotum
961 4229 1025 4281 ab
1055 4229 1262 4297 imperii
1290 4234 1552 4286 consortio
1579 4232 1841 4287 Joannem
1870 4232 2035 4302 impe-

969 4309 1117 4352 rator
1137 4304 1502 4357 cremaverit.

534 4390 736 4445 Horum
791 4406 955 4443 Itlllllll
1003 4401 1151 4456 erat,
1185 4403 1239 4448 et
1283 4393 1550 4463 profunde
1593 4397 1807 4464 quidem
1856 4397 2036 4452 animo

466 4485 630 4538 fzxum
677 4483 915 4553 olimque
955 4495 1260 4552 versatum,
1298 4491 1585 4557 expunctio
1631 4490 1848 4559 pupilli,
1881 4490 2034 4557 cujus

2141 3283 2424 3354 opinante,
2459 3283 2643 3352 utique
2686 3281 2950 3338 Michaele
2991 3281 3157 3337 semel
3198 3296 3262 3337 ac
3305 3282 3421 3346 bis,
3454 3282 3565 3336 sine
3603 3278 3695 3333 ulla

2141 3376 2310 3445 ipsius
2347 3382 2404 3430 ut
2439 3373 2651 3445 imperii
2691 3374 2910 3445 collega:
2947 3373 3343 3429 acclamatione
3374 3384 3465 3429 aut
3495 3375 3695 3431 omn'uo

2141 3468 2447 3528 mentione,
2501 3477 2764 3521 coronato
2825 3480 2919 3535 per
2970 3466 3266 3523 solemnem
3326 3482 3355 3518 a
3414 3461 3693 3535 patriarcha

2138 3559 2555 3622 cteretuoniam;
2602 3560 2740 3611 unde
2774 3559 2975 3613 sensim
3011 3557 3255 3613 diffluere
3290 3574 3356 3612 ac
3392 3569 3696 3612 evanescere

2140 3649 2286 3704 hunc
2330 3647 2472 3703 illius
2515 3649 2775 3701 honorem
2819 3662 3038 3701 necesse
3079 3647 3172 3713 sit,
3201 3656 3258 3699 ut
3292 3645 3454 3702 facile
3491 3645 3595 3711 jam
3638 3643 3697 3698 sit

2139 3747 2281 3814 quod
2315 3744 2466 3798 deest
2498 3744 2730 3809 addere,
2762 3759 2827 3799 ac
2856 3743 3129 3814 fastigium
3162 3743 3269 3799 alte
3288 3743 3399 3811 jam
3431 3739 3696 3797 exstruct‘s

2138 3833 2493 3904 ultimamque
2525 3836 2669 3888 velut
2701 3850 2923 3889 manum
2956 3835 3107 3904 operi
3144 3844 3408 3905 provecto
3440 3834 3695 3901 imponere

2138 3927 2399 3982 demenda
2465 3928 2516 3982 iu
2585 3938 2856 3997 posterum
2917 3929 3064 3983 omni
3131 3943 3246 3998 spe.
3314 3927 3589 3997 Ejusmodi
3649 3922 3693 3980 in

2134 4004 2414 4073 Michaelis
2450 4018 2656 4085 animo,
2693 4020 2898 4075 calcata
2935 4018 3073 4087 juris
3115 4028 3170 4074 et
3210 4019 3351 4089 aequi
3395 4014 3692 4075 reverentia,

2137 4109 2504 4179 praevalebant
2539 4110 2717 4180 impiae
2747 4110 3138 4181 cogitationes,
3180 4111 3480 4166 ambitione
3513 4118 3690 4162 vesana

2136 4216 2192 4260 et
2218 4220 2358 4261 caeco
2391 4220 2577 4259 amore
2610 4206 2952 4275 principatus
2986 4193 3308 4274 posthabere
3337 4205 3497 4259 fluxa:
3527 4201 3695 4271 gloria:

2138 4297 2232 4352 Dei
2283 4305 2482 4353 metum
2533 4297 2911 4353 suadentibus.
2942 4297 3147 4366 ;ltaque
3200 4297 3283 4352 his
3330 4294 3697 4364 impulsoribus

2136 4388 2427 4458 expeditur
2464 4389 2699 4458 impetus
2747 4388 2800 4443 iu
2841 4388 3079 4444 immane
3111 4403 3270 4457 quam
3309 4398 3465 4442 atrox
3504 4386 3699 4456 Deoquo

2136 4496 2360 4537 exosum
2394 4480 2638 4547 facinus,
2668 4482 2922 4549 mittente
2957 4483 3279 4551 imperatore
3310 4481 3405 4551 qui
3437 4495 3535 4533 suo
3556 4478 3696 4548 jussu

459 4575 803 4643 rogitationis
850 4594 915 4632 ex
964 4579 1229 4634 hactenus
1278 4591 1552 4651 utcunque
1595 4583 1928 4638 dissimulata
1980 4584 2032 4637 iu

2139 4582 2473 4629 excazcarent
2500 4588 2721 4643 puerum
2753 4575 2928 4630 adhuc
2961 4574 3240 4639 tenellam,
3261 4583 3315 4628 et
3346 4572 3570 4629 necdum
3600 4569 3699 4623 fere

460 4689 595 4740 t’ptts
651 4683 896 4742 apertum
958 4673 1250 4744 aliquando
1306 4673 1640 4742 proferenda!
1694 4676 2030 4730 commodam

455 4780 599 4819 nuttc
649 4765 750 4819 sibi
800 4765 1085 4820 videbatur
1125 4765 1581 4835 oppertmzitatem
1634 4767 1891 4831 temporis
1939 4782 2034 4818 na-

455 4863 601 4907 ctus.
634 4853 939 4908 Absurdnm
974 4864 1025 4910 et
1065 4856 1563 4923 perincommodum
1601 4857 1823 4924 putabat
1853 4858 2032 4910 adlue-

459 4958 577 4999 rere
608 4944 769 5000 istum
801 4945 902 5000 sibi
930 4961 1157 5017 puerum
1193 4946 1403 5016 imperii
1434 4947 1715 5017 collegam,
1741 4958 1835 5002 nec
1864 4949 2033 5017 magis

457 5036 737 5092 tolerabile
774 5047 866 5092 aut
902 5037 1063 5093 facile
1098 5054 1258 5109 quam
1297 5039 1404 5092 duo
1439 5038 1607 5108 (quod
1641 5040 1812 5110 aiunt)
1856 5042 2028 5109 capita

458 5144 567 5184 uno
596 5131 701 5199 tegi
730 5128 890 5198 pileo.
921 5128 1055 5183 Nam
1088 5139 1443 5200 praeterquam
1475 5132 1615 5199 quod
1643 5132 1722 5186 sic
1749 5143 1941 5186 nutare
1968 5148 2033 5186 ac

456 5222 682 5278 minime
723 5222 825 5278 sibi
868 5231 1078 5278 eertum
1124 5222 1470 5279 existimabat
1509 5222 1627 5279 fore
1669 5225 2027 5295 principatum

465 5312 618 5382 191
647 5328 824 5373 suum,
850 5313 990 5367 votis
1019 5312 1268 5367 videlicet
1296 5312 1574 5367 hominum
1604 5314 1808 5377 divisis,
1838 5323 1892 5368 et
1915 5314 2033 5385 qui-

462 5409 686 5460 busdam
714 5404 929 5474 quidem
958 5407 1050 5461 uni
1075 5406 1303 5460 duorum
1327 5403 1712 5475 Augustorum,
1730 5406 1850 5460 aliis
1875 5408 2028 5461 alteri

459 5497 837 5563 studentibus,
870 5498 1032 5553 etiam
1068 5498 1404 5569 perturbatio
1438 5497 1747 5564 reipublicae
1784 5499 1944 5552 totius
1977 5511 2027 5553 et

454 5603 574 5654 qua:
627 5599 927 5658 sequuntur
972 5602 1040 5644 ex
1087 5588 1348 5658 regimine
1400 5587 1634 5655 plurium
1689 5588 2026 5643 incommoda

453 5679 577 5734 inde
616 5679 740 5748 jure
785 5680 1135 5736 timebantur.
1167 5679 1399 5735 Omnino
1446 5679 1610 5747 igitur
1650 5680 1903 5748 expedire
1946 5695 2030 5734 se-

454 5774 597 5826 mina
649 5774 944 5827 novitatum
998 5775 1052 5827 in
1104 5771 1393 5826 multorum
1440 5771 1551 5840 jam
1601 5771 1828 5835 animis,
1875 5773 2027 5839 pueri

457 5866 677 5929 ﬁducia,
716 5867 1046 5938 periculosos
1088 5879 1250 5923 ausus
1296 5862 1687 5932 designantium
1729 5863 1931 5919 elidere
1972 5866 2024 5919 in

2136 4667 2264 4735 quid
2304 4667 2376 4721 sit
2414 4652 2668 4736 gaudium
2712 4678 2805 4722 aut
2846 4667 3001 4722 dolor
3039 4667 3305 4735 scientem,
3344 4682 3441 4737 per
3479 4672 3697 4720 aetatem,

2135 4760 2332 4827 cuique
2359 4758 2498 4812 idem
2529 4770 2618 4811 aut
2648 4760 2869 4826 perinde
2897 4770 3039 4815 esset
3068 4760 3336 4830 imperare
3358 4758 3441 4812 vel
3468 4756 3695 4811 subes~e.

2137 4854 2400 4918 infantia,
2452 4871 2561 4923 qua
2617 4855 2837 4908 vixdum
2892 4865 3231 4920 excesserat,
3287 4854 3477 4907 talium
3536 4860 3696 4903 rerum

2136 4946 2419 5016 ignorante
2467 4946 2795 5012 discrimen,
2843 4947 3275 5015 acquiesceutem
3326 4953 3508 4999 autem
3554 4939 3696 4993 unice

2135 5036 2258 5091 ﬁdei
2309 5037 2767 5106 providentiarque
2815 5036 3169 5104 patriarchae,
3207 5035 3538 5090 nescientem
3582 5043 3696 5083 vero

2134 5128 2265 5199 quid
2305 5128 2674 5196 juramentum
2718 5127 2790 5183 sit
2823 5142 3052 5195 quaeque
3086 5127 3166 5181 vis
3205 5123 3489 5194 religionis
3534 5120 3691 5183 istius,

2134 5236 2295 5289 quam
2327 5237 2433 5276 non
2464 5223 2597 5289 ipse,
2628 5222 2723 5275 sed
2755 5219 2790 5273 ii
2822 5219 3021 5285 quibus
3050 5227 3170 5273 erat
3194 5233 3341 5272 cura:
3374 5215 3693 5288 profuturam

2135 5315 2183 5368 ei
2223 5314 2290 5367 ad
2336 5312 2557 5368 tutelam
2604 5304 3064 5381 securitatemque
3097 5312 3300 5366 frustra
3330 5311 3696 5379 speraverant.

2139 5404 2296 5475 192
2330 5405 2474 5472 Ergo
2503 5403 2745 5473 privatur
2774 5402 2949 5459 oculis
2981 5401 3239 5472 parvulus
3268 5398 3490 5470 paulum
3521 5407 3699 5461 super-

2134 5509 2352 5564 gressus
2379 5492 2684 5559 infantiam,
2711 5492 2817 5546 hoc
2845 5490 3017 5546 solum
3049 5491 3284 5547 humane
3310 5483 3697 5556 indulgentibus

2133 5584 2399 5639 ministris
2444 5583 2659 5637 barbari
2701 5582 2976 5647 mandati,
3009 5591 3067 5634 ut
3099 5595 3210 5635 non
3246 5579 3444 5633 ferreis
3477 5572 3639 5632 clavis
3670 5586 3697 5622 e

2132 5660 2353 5732 fornace
2386 5675 2747 5730 candentibus
2774 5673 2974 5728 ocellos
3011 5671 3290 5726 teuellulos
3319 5670 3584 5726 fuderant,
3611 5660 3694 5714 sed

2132 5766 2467 5836 crepitaculo
2509 5768 2741 5834 quodam
2790 5764 2956 5834 iguito
3003 5765 3137 5818 aciei
3186 5763 3452 5816 luminum
3499 5757 3696 5824 oijcm

2130 5861 2343 5917 videndi
2378 5858 2690 5917 facultatem
2718 5858 3065 5914 absumerent
3093 5864 3145 5908 el
3177 5854 3380 5909 sensim
3412 5849 3696 5906 arefactatu
