3926 6532
306 488 344 502 ”
376 418 481 479 635
1595 421 1915 482 usuusu
1957 422 1961 480 :

2063 420 2436 483 CHYMERE
3525 411 3627 474 636

382 529 617 592 Nimis;
672 529 848 600 τᾶκρα
906 532 1156 601 χωρῖται,
1214 532 1446 603 ἀγρόται
1510 532 1607 601 μὲν
1659 532 1812 596 ὅντες
1861 531 1957 585 καὶ
1985 535 2030 590 Α
2061 546 2183 593 σαις
2211 532 2331 593 ταῖς
2364 528 2484 583 κατ’
2507 529 2710 582 ἐκεῖνον
2734 525 3066 598 προθυμίαις
3096 523 3346 590 ἐνεδίδου,
3370 524 3466 579 καὶ
3489 525 3627 580 ἅπαν

383 622 629 692 γεωργίᾳ
672 620 1054 690 προσέχοντες,
1090 622 1381 695 θαρραλέοι
1423 622 1468 676 δ’
1513 623 1710 687 ἄλλως,
1743 625 1957 678 πίσυνοι
2057 621 2119 674 τὸ
2153 620 2547 692 στρατιωτικὸν
2577 621 2635 673 ὲν
2684 618 2866 689 ταυτῷ
2910 617 3166 682 συλλέξας
3206 616 3507 671 ἀπέστελλε
3538 634 3629 671 πο-

380 709 574 774 τὸξνιις,
613 712 729 779 ἅμα
773 710 828 763 δὲ
878 712 972 763 καὶ
1022 714 1143 775 ταῖς
1186 714 1328 767 κατὰ
1377 716 1518 781 σφᾶς
1543 715 1871 785 δυσχωρίαις
1897 714 1957 768 τὸ
2058 713 2255 783 λέμους
2286 714 2695 784 πολεμήσοντας
2729 711 3044 782 ἐμφυλίους.
3076 712 3184 764 Καί
3223 727 3286 780 γε
3317 710 3507 764 πολλοὶ
3539 711 3632 779 τῆς

381 804 571 855 πιστὸν
604 804 819 871 ἔχοντες
839 804 914 867 ὼς
935 804 995 857 οὐ
1025 805 1225 876 ῥᾳδίως
1247 809 1560 876 πεισόμενοι
1583 808 1688 862 κᾶν
1706 827 1759 862 τι
1787 810 1959 879 πράτ-
2058 804 2200 860 κατὰ
2242 806 2383 873 σφᾶς
2432 805 2615 876 ἰσχύος
2668 806 2976 876 κρείττονες
3013 801 3219 874 ὥρμων
3270 804 3490 874 δοκήσει
3534 801 3633 871 τῆς

381 911 548 954 τοιεν,
590 894 842 962 εὑρόντες
869 896 1075 966 ἥκοντά
1114 897 1278 952 ποθεν
1325 898 1607 952 νεανίσκον
1631 899 1773 969 νόσῳ
1802 899 1958 952 λελυ-
2059 898 2198 967 πρὸς
2230 897 2455 967 βασιλέα
2485 897 2717 961 εὐνοίας,
2750 897 2846 952 καὶ
2884 899 2998 969 ἔρις
3031 895 3098 969 ἦν
3140 897 3207 967 ἦν
3235 914 3318 959 τις
3347 892 3634 966 προκινδυ-

385 986 662 1052 μασμένον
722 988 849 1049 τοὺς
908 988 1223 1058 ὀφθαλμοὺς
1242 1028 1257 1053 ,
1319 991 1507 1061 φήμης
1561 990 1959 1061 προοδευοὼης
2060 990 2261 1054 νεύσας
2284 990 2595 1061 χαρίσαιτο.
2632 989 2696 1062 [Ρ
2722 989 2847 1063 150]
2878 991 2940 1043 Ol
2968 989 3025 1043 δὲ
3048 988 3313 1059 μαθόντες
3339 985 3483 1041 οὕτω
3505 983 3638 1039 πολ-

380 1079 592 1129 ὲκεὶνου
643 1079 795 1149 παρὰ
841 1080 953 1133 τῶν
1013 1082 1512 1151 συσκευασαμένων
1564 1083 1622 1135 τὸ
1659 1083 1842 1152 δρᾶμα
1883 1083 1959 1146 ὡς
2059 1083 2184 1147 λοὺς
2212 1085 2336 1138 καθ’
2366 1085 2547 1138 αὐτῶν
2573 1083 2861 1153 ὁρμῶντας
2892 1085 2968 1147 ὡς
3005 1081 3330 1139 ἀποστατῶν
3351 1081 3636 1148 ἄντικρυς,

382 1169 545 1229 αὐτὸς
578 1169 663 1238 εἴη
694 1169 754 1222 τὸ
789 1171 1000 1223 παιδίον
1027 1174 1055 1224 ό
1093 1172 1365 1242 Ἰωάννης,
1402 1173 1570 1241 ἀπρὶξ
1603 1174 1959 1243 συναχθέντες
2059 1175 2158 1244 τὴν
2225 1176 2325 1245 μὲν
2376 1174 2715 1229 ἀποστασίαν
2768 1175 2964 1227 πολλοῦ
3027 1191 3171 1238 τινος
3233 1170 3638 1241 συγκαλύπτειν

382 1259 596 1329 ἔχονται
629 1260 840 1323 τούτου,
877 1262 992 1333 ἅμα
1021 1263 1119 1333 μὲν
1159 1264 1234 1326 ὠς
1259 1264 1524 1318 δεσπότου
1556 1266 1957 1333 ὑπονοουμένου
2060 1267 2304 1335 ἐδέησαν,
2328 1266 2469 1320 ὥστε
2517 1267 2615 1320 καὶ
2645 1267 2961 1337 ὡμολόγουν
2989 1266 3086 1320 καὶ
3132 1265 3276 1336 μέγα
3314 1281 3366 1317 τι
3416 1261 3637 1316 ἐδόκουν

385 1354 592 1421 σφίσιν,
627 1354 713 1423 ἔφ’
750 1347 903 1424 ᾧπερ
954 1357 1050 1411 καὶ
1097 1358 1283 1427 ὅρκοις
1314 1361 1426 1420 τοῖς
1457 1358 1591 1428 πρὸς
1620 1360 1710 1411 τὸν
1745 1360 1959 1427 πατέρα
2059 1359 2323 1430 πράττειν
2369 1361 2449 1423 είς
2489 1359 2688 1427 δεῖγμα
2727 1360 2827 1430 τῆς
2878 1357 3022 1412 κατὰ
3071 1358 3213 1427 σφᾶς
3260 1354 3645 1418 εὐσεϐείας,εῐ

383 1445 702 1514 πεδούμενοι
719 1450 838 1511 ταῖς
860 1448 999 1518 ὑπὲρ
1028 1449 1239 1502 ἐκείνου
1271 1450 1601 1519 προθυμίαις
1631 1451 1956 1519 ἐσφάδαζον,

384 1534 501 1601 ἅμα
557 1535 615 1585 δὲ
672 1537 765 1587 καὶ
823 1538 900 1599 ὡς
957 1538 1273 1609 ἠδικημένῳ
1330 1538 1795 1609 προσαμύνοντες.
1851 1540 1960 1594 Καὶ

384 1628 715 1679 ἀποστατεῖν
746 1627 1001 1697 ἤρξαντο,
1035 1629 1186 1700 δῆλοι
1213 1630 1367 1693 ὄντες
1406 1632 1466 1697 ἐξ
1492 1625 1567 1685 ὧν
1594 1632 1814 1685 ἐποίουν
1846 1634 1960 1697 τοῖς

382 1717 804 1788 ἐπιθησομὲνοις
844 1720 1317 1790 πολεμησείοντες.
1349 1723 1461 1776 Καὶ
1492 1722 1557 1795 δὴ
1585 1725 1961 1794 περιστείλαν-

384 1824 475 1868 τες
510 1810 621 1871 τοῖς
646 1809 853 1862 είκόσιν
880 1810 1084 1864 ἐκεῖνον
1114 1811 1208 1864 καὶ
1234 1812 1494 1877 δουλικῶς
1521 1815 1956 1885 προσφερόμενοι

385 1898 661 1967 προϊστων
710 1902 792 1964 είς
837 1901 1066 1972 βασιλέα
1099 1905 1196 1958 καὶ
1228 1905 1371 1976 ὑπὲρ
1405 1906 1571 1960 αὐτοῦ
1626 1907 1959 1962 κινδυνεύειν

2060 1465 2124 1517 γε
2163 1451 2259 1503 καὶ
2292 1450 2435 1522 ὑπὲρ
2466 1451 2734 1521 βασιλέως
2772 1451 2865 1504 καὶ
2893 1449 3225 1520 ἠδικημένου
3252 1448 3638 1504 κινδυνεύοιεν.

2061 1542 2174 1596 Καὶ
2204 1542 2453 1612 σύνθημα
2478 1538 2545 1613 ἦν
2578 1542 2805 1605 ἐκείνοις
2844 1541 2923 1607 ἓν,
2951 1541 2984 1612 ἢ
3012 1542 3169 1613 νικᾷν
3200 1540 3233 1611 ἢ
3284 1539 3495 1601 πάντας
3540 1538 3641 1590 πί-

2060 1646 2240 1689 πτειν.
2268 1634 2432 1689 Ὅθεν
2465 1635 2817 1706 περισχόντες
2854 1634 2922 1687 τὰ
2956 1633 3310 1704 ὀχυρώματα,
3335 1631 3432 1686 ἀπ’
3457 1627 3638 1685 αὐτῶν

2059 1742 2121 1779 τε
2150 1726 2220 1780 τὰ
2247 1727 2335 1781 διὰ
2365 1727 2534 1795 τόξων
2574 1728 2704 1798 βέλη
2747 1727 2963 1781 ἐνίεσαν
2991 1726 3116 1781 καθ’
3142 1726 3292 1789 ὅστις
3331 1723 3397 1778 ἂν
3427 1722 3522 1777 καὶ
3549 1722 3648 1790 εγ-

2060 1818 2163 1886 γῦς
2200 1819 2556 1889 προσϐάλλοι,
2593 1820 2687 1874 καὶ
2731 1817 3121 1890 προπηδῶντες
3148 1818 3407 1888 γυμνῐται
3437 1817 3645 1885 προσι-

2060 1908 2277 1974 δαλλον,
2326 1909 2504 1980 τόλμῃ
2541 1926 2601 1964 τε
2659 1909 3098 1982 προσπίπτοντες
3140 1906 3347 1979 μείζονι
3376 1905 3649 1976 κατηκόν-

382 1987 611 2058 ῶρμων.
648 1992 708 2045 Ὀ
739 1995 922 2063 μέντοι
956 2011 1019 2063 γε
1061 1996 1317 2067 βασιλεὺς
1350 1999 1537 2069 μαθὼν
1564 2000 1634 2054 τὰ
1678 2001 1804 2071 περὶ
1833 2001 1959 2054 τού-
2059 2000 2211 2065 τιζον
2246 2000 2321 2071 μὴ
2348 1999 2832 2072 καταθαρῤοῦντας
2866 2000 3091 2053 ἐκείνων
3115 1999 3246 2063 τοὺς
3277 1997 3648 2070 στρατιώτας.

386 2097 504 2146 του,
542 2084 722 2149 ἁνέζει
774 2104 834 2140 τε
882 2087 963 2158 τῷ
1001 2088 1160 2161 θυμῷ
1213 2091 1306 2145 καὶ
1356 2091 1622 2158 καθεκτὸς
1655 2096 1755 2148 οὐκ
1791 2090 1881 2166 ἦν,
1909 2095 1959 2147 εί
2061 2094 2124 2146 0i
2149 2091 2206 2146 δὲ
2234 2093 2329 2146 καὶ
2362 2091 2653 2157 πονοῦντες
2692 2092 2988 2162 ὑφίσταντο
3012 2091 3106 2145 καὶ
3132 2091 3305 2145 δεινὸν
3334 2091 3647 2156 ποιοῦντες,

384 2174 553 2240 ἄκραι
574 2177 820 2233 τοιαῦται
841 2182 1239 2251 παρασπᾶσθαι
1262 2184 1363 2252 τῆς
1390 2185 1750 2258 ἑντρεχούσης
1770 2189 1959 2257 φήμης
2059 2186 2110 2240 εί
2136 2185 2355 2250 πλείους
2374 2185 2570 2254 ὀλίγων
2592 2187 2685 2240 καὶ
2711 2186 2961 2256 ἄγροικοι
2980 2185 3219 2240 ἀστικῶν
3243 2184 3648 2253 περιγένοιντοο

380 2262 546 2320 ἕνεκα
595 2269 1023 2355 κινδυνεύουσιν,
1058 2273 1121 2339 ἐξ
1153 2266 1229 2329 ὧν
1267 2277 1415 2340 εἰκὸς
1452 2270 1590 2331 εἶναι
1635 2282 1729 2332 καὶ
1766 2279 1960 2342 ἄλλους
2039 2276 2467 2362 ετροσεόοήθουν
2497 2294 2557 2329 τε
2594 2276 2864 2347 ἀλλήλοις,
2914 2277 3008 2331 καὶ
3039 2276 3345 2362 ἔξειπιπτον
3384 2274 3654 2346 κραταιό-

382 2361 804 2427 παρακινεῖσθαι
834 2354 1119 2429 πλείστους
1160 2368 1509 2424 ἀποστατεῖν.
1543 2369 1706 2425 Ὅθεν
1734 2373 1828 2425 καὶ
1855 2371 1963 2426 πά-

386 2556 485 2598 nes
510 2552 564 2598 et
594 2545 754 2618 194
777 2548 1118 2620 agricultura:
1146 2554 1505 2624 attendentes,
1531 2556 1699 2613 fortes
1724 2559 1959 2630 alioquin

378 2645 437 2690 et
482 2640 750 2703 audaces,
795 2642 1026 2698 arcubus
1072 2644 1229 2712 freti,
1275 2648 1435 2703 simul
1486 2658 1700 2718 autem,
1740 2665 1963 2724 propter

380 2729 728 2797 asperitatem
760 2732 1163 2792 inaccessorum
1193 2740 1430 2799 saltuum
1453 2752 1511 2801 et
1532 2745 1877 2800 cacuminum
1906 2747 1958 2801 in

380 2818 580 2887 quibus
618 2819 776 2878 sedes
819 2823 1053 2894 habent,
1087 2828 1277 2886 conllsi
1324 2845 1384 2887 se
1429 2848 1535 2889 nnn
1578 2830 1739 2891 facile
1779 2836 1959 2905 damni

379 2910 674 2980 quidquam
719 2931 1005 2986 passuros,
1036 2925 1385 2992 quantumvis
1423 2927 1554 2997 quid
1596 2939 1819 2997 agerent
1854 2944 1961 2999 quo

380 3001 761 3071 imperatorem
798 3009 1099 3081 irritarent,
1130 3029 1251 3070 cum
1289 3016 1625 3075 invenissent
1658 3020 1960 3090 proiectum

381 3096 570 3151 nescio
601 3098 746 3153 unde
779 3101 1247 3161 adolescentulum
1284 3108 1477 3164 morbo
1511 3120 1864 3176 exctecotum,
1896 3112 1963 3165 de

2059 2359 2241 2440 τερον,
2274 2369 2370 2424 καὶ
2420 2368 2652 2432 πολλοὺς
2708 2371 2808 2439 μὲν
2849 2359 3121 2439 ἐφθειρῗν,
3164 2368 3224 2421 οὐ
3265 2368 3455 2439 μὴνδὲ
3497 2366 3649 2421 ὥστε

2060 2544 2242 2614 cupidi
2273 2558 2374 2614 pro
2402 2559 2462 2600 se
2493 2546 2724 2615 quisque
2755 2546 3093 2601 ostentandae
3125 2545 3411 2616 praecipuae
3453 2544 3650 2614 cujus-

2059 2636 2184 2692 dam
2208 2652 2336 2709 erga
2362 2639 2748 2709 imperatorem
2778 2638 3182 2702 benevolentia,
3208 2639 3367 2710 195
3389 2639 3650 2694 certatim

2062 2742 2182 2784 sese
2208 2737 2395 2785 mutuo
2421 2738 2749 2798 praevertere
2775 2729 3057 2785 studentes
3088 2728 3341 2798 periculis
3371 2729 3513 2785 ultro
3544 2732 3650 2786 de-

2061 2821 2346 2890 poscendis
2378 2820 2769 2890 adeundisque.
2803 2820 2882 2875 llli
2917 2836 3079 2891 porro
3109 2836 3246 2890 quos
3279 2822 3382 2876 iste
3404 2836 3650 2892 appara-

2062 2920 2151 2973 tus
2182 2912 2433 2983 petebat,
2465 2928 2586 2970 cum
2624 2913 2902 2968 audissent
2935 2923 3138 2969 tantum
3177 2914 3228 2969 in
3262 2928 3322 2970 se
3354 2928 3651 2971 numerum

2064 3005 2487 3074 oppugnantium
2530 3005 2748 3059 immitti
2786 3012 3042 3074 tanquam
3078 3005 3132 3060 in
3167 3020 3293 3063 vere
3328 3007 3562 3063 rebelles
3599 3015 3656 3062 et

2066 3092 2254 3149 hostes
2296 3094 2535 3164 imperii.
2567 3094 2878 3151 rebellionis
2914 3095 3132 3164 quidem
3177 3094 3430 3165 probrum
3476 3106 3653 3165 atque

381 3200 489 3254 quo
517 3187 657 3243 fama
687 3192 973 3260 ρηενθηι
999 3210 1161 3265 opera
1191 3200 1548 3268 quorumdam
1577 3200 1736 3257 istius
1760 3202 1958 3257 fabula,
1986 3204 2033 3266 ο
2064 3184 2320 3240 invidiam
2349 3185 2506 3239 enixe
2534 3185 2869 3253 depellehant
2898 3202 2913 3240 :
2941 3186 3070 3255 quin
3100 3198 3285 3239 contra
3314 3189 3653 3256 proﬁteban-

380 3278 654 3335 artiiicum
700 3297 821 3338 esse
865 3284 1011 3341 illum
1060 3303 1286 3359 puerum
1331 3288 1613 3359 Joannem,
1651 3298 1960 3365 congregati

383 3387 583 3441 magno
615 3390 844 3432 numero
877 3378 1305 3437 irrevocabiliter
1329 3383 1379 3437 ei
1411 3386 1751 3441 adhaeserunt
1781 3396 1840 3442 ut
1864 3404 1964 3444 suo

379 3463 638 3528 domino,
684 3481 844 3535 quem
896 3469 1147 3526 videlicet
1194 3473 1367 3543 ipsum
1422 3491 1545 3533 esse
1597 3479 1963 3549 opinabantur

381 3551 659 3611 Theodori
694 3573 870 3628 nuper
900 3560 1216 3631 imperantis
1247 3565 1437 3630 filium.
1461 3569 1549 3623 cui
1582 3585 1640 3624 se
1675 3571 1963 3628 obstrictos

381 3645 770 3703 existimabant
810 3650 1072 3720 religione
1113 3659 1443 3712 sacramenti
1483 3660 1681 3715 dudum
1722 3663 1790 3717 ab
1828 3662 1963 3732 ipsis

381 3738 487 3794 rite
515 3742 760 3810 concepti
794 3742 848 3798 in
877 3745 1045 3802 verba
1073 3744 1341 3804 Theodori
1371 3752 1540 3820 patris
1571 3761 1624 3807 et
1655 3753 1959 3810 decessoris

382 3826 530 3896 ejus,
557 3833 844 3902 studioque
876 3835 1079 3905 ingenti
1113 3839 1178 3892 ad
1215 3840 1429 3909 quidvis
1463 3858 1563 3913 pro
1597 3828 1752 3912 hujus
1787 3846 1961 3901 salute

380 3933 447 3974 ac
473 3921 735 3989 dignitate
763 3925 1072 4008 audendum
1104 3931 1554 4003 subeundumque
1579 3935 1962 4003 incubuerunt,

385 4011 588 4068 ultores
630 4014 843 4085 injuriae
884 4020 1085 4076 atrocis
1119 4022 1223 4091 ipsi
1254 4023 1414 4079 facta:
1447 4040 1507 4081 se
1540 4025 1792 4085 ferentes.
1826 4028 1964 4101 Ergo

380 4100 556 4171 palam
586 4105 654 4160 ab
681 4105 1007 4175 imperatore
1032 4110 1373 4180 defecerunt,
1395 4114 1440 4169 si
1468 4115 1561 4184 qui
1589 4116 1657 4173 ab
1678 4131 1746 4172 eo
1774 4100 1963 4174 contra

380 4193 657 4260 venirent,
675 4198 876 4253 acriter
896 4214 954 4255 se
976 4201 1263 4259 restituros
1286 4218 1350 4259 ac
1371 4207 1750 4276 qualecunque
1773 4209 1965 4265 discri-

386 4292 512 4334 men
567 4297 757 4355 pugnte
804 4287 1166 4346 libentissime
1216 4293 1462 4350 adituros
1509 4298 1965 4355 demonstrantes.

388 4369 632 4428 Primum
667 4377 908 4433 omnium
944 4381 1139 4439 vestitu
1174 4395 1480 4456 ornatuque
1505 4387 1761 4457 Augusta!
1795 4392 1967 4461 maje-

383 4463 515 4518 stati
566 4479 808 4537 congruo
854 4469 1098 4528 indutum
1152 4474 1661 4548 circumdatumque
1708 4483 1961 4541 comitatu

2068 3284 2154 3331 tur
2183 3285 2238 3329 et
2270 3275 2411 3333 ultro
2440 3275 2727 3346 jactabaut
2756 3292 2953 3347 magno
2990 3292 3049 3333 se
3093 3278 3278 3347 utique
3320 3280 3653 3337 documento

2070 3377 2376 3423 monstrare
2411 3367 2568 3423 [idem
2605 3383 2670 3423 ac
2704 3368 2957 3436 pietatem
2995 3383 3181 3433 suam,
3209 3370 3304 3439 qui
3336 3385 3431 3441 pro
3466 3372 3651 3441 impe-

2066 3467 2247 3515 ratore
2288 3473 2319 3514 a
2358 3459 2675 3530 gravissima
2720 3459 2917 3530 injuria
2952 3460 3275 3516 vindicando
3309 3463 3487 3533 capita
3530 3463 3653 3521 for-

2067 3559 2332 3622 tunasque
2381 3566 2507 3607 suas
2556 3553 2797 3623 ipsorum
2851 3552 2951 3607 sub
3000 3564 3299 3609 extremum
3348 3555 3650 3612 discrimen

2066 3641 2365 3698 mitterent.
2399 3643 2580 3709 Quare
2613 3644 2712 3697 bac
2749 3642 2972 3699 animati
3015 3644 3351 3700 conscientia
3385 3645 3485 3713 pia:
3519 3646 3651 3702 belli

2064 3747 2263 3800 cauam,
2299 3734 2403 3790 hoc
2433 3734 2587 3805 quasi
2623 3749 2723 3806 pro
2753 3742 2958 3791 tessera
2995 3734 3048 3789 in
3081 3750 3176 3791 ore
3206 3750 3268 3790 ac
3294 3736 3496 3792 mutuis
3524 3751 3654 3792 ser—

2065 3827 2316 3883 monibus
2360 3826 2580 3883 assidue
2614 3826 2886 3884 babebant
2910 3827 3059 3889 forte
3090 3838 3253 3899 atque
3289 3828 3651 3885 irrevocabile

2063 3920 2398 3990 propositum
2446 3920 2699 3975 vincendi
2753 3928 2847 3974 aut
2890 3919 3113 3977 omnino
3162 3918 3447 3975 moriendi.
3499 3920 3650 3984 Ergo

2065 4011 2289 4066 insessis
2340 4025 2532 4080 magna
2577 4011 2919 4069 multitudine
2963 4011 3184 4066 arcibus
3223 4024 3289 4066 ac
3334 4011 3492 4068 editis
3534 4013 3647 4069 situ

2064 4103 2229 4169 locis,
2258 4103 2380 4160 inde
2412 4103 2683 4173 ingentem
2717 4103 2945 4158 telorum
2974 4103 3082 4159 vim
3113 4101 3524 4172 ejaculabantur
3554 4119 3651 4160 ar-

2066 4197 2256 4260 cubus,
2288 4197 2686 4266 tuebanturque
2717 4196 2952 4265 spatium
2985 4197 3125 4251 intra
3164 4195 3393 4265 iaetum,
3426 4213 3491 4252 ue
3519 4198 3651 4267 quis

2066 4305 2133 4346 co
2161 4306 2220 4346 se
2253 4292 2470 4359 impune
2492 4291 2807 4347 admoveret
2835 4305 2850 4342 :
2883 4288 2977 4345 sed
3009 4299 3064 4344 et
3090 4290 3265 4347 auctis
3292 4306 3418 4357 mox
3446 4292 3650 4357 animis

2067 4382 2408 4451 prosilieutes
2459 4381 2614 4448 inde,
2662 4381 2782 4439 sine
2840 4379 3024 4437 loricis
3074 4388 3135 4441 et
3184 4381 3386 4451 galeis,
3433 4383 3650 4448 irruere

2068 4478 2339 4531 audebant
2369 4490 2528 4535 manu
2558 4473 2720 4535 facta,
2748 4484 2803 4529 et
2828 4479 2967 4529 ultro
2996 4486 3342 4543 aggressores
3372 4475 3647 4533 lacessere

378 4567 505 4617 eum
548 4565 609 4610 ut
655 4557 1037 4628 imperatorem
1085 4578 1426 4634 agnoverunt
1461 4570 1869 4640 colueruntque,
1900 4588 1961 4628 ac
1994 4566 2038 4619 ι)
2066 4569 2262 4625 crebro
2294 4568 2598 4635 iaculorum
2642 4566 2831 4625 missu.
2860 4564 3064 4633 Quibus
3106 4566 3304 4627 milites
3342 4566 3645 4635 imperato-

378 4662 443 4705 se
481 4663 581 4717 pro
624 4649 716 4705 illo
758 4652 998 4722 cujusvis
1037 4656 1263 4725 periculi
1304 4658 1476 4717 aleam
1515 4662 1700 4729 jacere
1740 4673 1959 4733 paratos

380 4739 611 4809 professi
644 4750 791 4797 sunt.
812 4742 1022 4810 Quibus
1046 4747 1342 4817 imperator
1371 4754 1606 4824 cognitis
1635 4754 1964 4812 incredibili-

381 4838 468 4886 ter
492 4836 721 4900 exarsit,
745 4836 927 4893 mistis
956 4838 1036 4894 ira
1065 4851 1323 4912 metuque
1350 4844 1775 4916 indignationem
1801 4849 1963 4905 vehe-

381 4923 779 4985 mentissimam
816 4927 1248 4991 incendentibus.
1282 4933 1445 4990 Extra
1481 4938 1624 4995 enim
1661 4953 1784 4995 sese
1817 4938 1962 4996 fere-

377 5014 538 5072 batur
563 5033 687 5074 cum
719 5022 995 5093 cogitabat
1021 5024 1107 5079 illa
1136 5026 1296 5083 fama:
1324 5029 1429 5085 late
1455 5033 1698 5102 vagantis
1725 5034 1962 5089 vanitate

376 5111 624 5179 perielita
638 5111 681 5168 ri
728 5129 882 5178 sese.
915 5131 983 5173 ne
1025 5118 1101 5174 illi
1146 5131 1362 5178 montes
1395 5132 1449 5178 et
1483 5139 1638 5180 arces
1672 5127 1806 5185 tanti
1842 5143 1961 5183 mo-

378 5204 548 5259 menti
575 5220 604 5259 a
635 5204 735 5263 suo
765 5208 996 5278 imperio
1023 5213 1413 5284 avellerentur;
1446 5219 1716 5289 simulque
1744 5230 1963 5291 reputa-

379 5296 473 5353 bat
495 5301 866 5359 verisimiliter
889 5304 1013 5361 inde
1039 5317 1347 5365 secuturam
1373 5310 1726 5379 plurimorum
1748 5328 1961 5383 quoque

378 5389 608 5445 aliorum
659 5391 1045 5451 defectionem.
1096 5395 1365 5463 Quocirca
1418 5407 1624 5465 totum,
1670 5416 1778 5471 quo
1834 5411 1961 5458 tunc

384 5493 533 5539 motu
564 5488 737 5554 primo
762 5484 961 5544 ardens
992 5490 1274 5562 flagrabat,
1297 5491 1553 5562 impetum
1586 5493 1678 5549 ira:
1704 5495 1962 5550 continuo

379 5576 603 5631 admisit
624 5582 689 5632 ad
716 5595 909 5635 severe
934 5582 1339 5652 quamprimum
1364 5583 1741 5639 vindicandam
1768 5586 1959 5638 horum

380 5672 752 5728 rebellionem.
788 5676 974 5743 Itaque
1020 5674 1204 5729 subito
1249 5676 1476 5731 immisit
1516 5676 1571 5730 in
1615 5676 1759 5731 istud
1804 5676 1961 5731 civile

382 5763 578 5819 bellum
621 5765 816 5833 raptim
858 5768 1095 5837 undique
1137 5782 1352 5823 coactas
1393 5779 1604 5837 tmpertt
1647 5768 1869 5839 copias,
1905 5770 1959 5824 in

382 5856 583 5925 quibus
625 5858 873 5930 plerique
911 5861 1196 5919 alacritate
1234 5861 1460 5918 ruebant
1494 5861 1703 5920 viribus
1743 5861 1958 5934 majori,

2063 4658 2172 4723 ris,
2202 4659 2345 4713 haud
2377 4658 2493 4714 ausi
2527 4658 2856 4714 descendere
2891 4657 2958 4712 in‘
2977 4664 3246 4723 certamen
3280 4658 3527 4719 cominus
3558 4664 3645 4715 vel

2061 4765 2219 4819 aequo
2267 4766 2329 4807 se
2373 4736 2562 4820 campo
2608 4749 2862 4815 credere,
2903 4756 3020 4803 tuta
3068 4748 3257 4817 procul
3306 4748 3645 4819 iaculatione

2064 4844 2490 4914 respondebant,
2541 4858 2732 4913 magna
2785 4840 3029 4911 pernicie
3080 4841 3361 4911 ipsarum,
3402 4856 3527 4898 cum
3583 4842 3642 4898 in

2061 4936 2334 4992 confertos
2364 4935 2565 4990 nullum
2602 4934 2767 4989 telum
2796 4934 2898 4988 iret
2922 4933 3158 4987 irritum.
3188 4932 3266 4988 llli
3298 4933 3643 5005 indignantes

2062 5037 2271 5083 tantum
2307 5026 2495 5082 inferri
2529 5025 2630 5085 sibi
2666 5025 2847 5081 damni
2882 5040 2989 5079 non
3023 5026 3090 5085 ab
3115 5026 3354 5083 exercitu
3395 5026 3513 5080 acie
3552 5026 3641 5081 in-

2061 5129 2270 5177 structo
2298 5118 2391 5174 sed
2416 5107 2449 5174 a
2476 5117 2827 5189 praesidiariis
2852 5115 3149 5179 stationum
3176 5116 3411 5185 sparsim
3438 5119 3643 5189 posita-

2062 5228 2205 5275 rum,
2236 5212 2288 5267 in
2323 5226 2551 5281 quarum
2584 5211 2836 5269 viciniam
2873 5210 3167 5276 irruerent,
3198 5209 3498 5281 ingensque
3534 5210 3639 5267 rati

2063 5319 2221 5361 suum
2253 5303 2487 5360 dedecus
2527 5303 2572 5358 si
2617 5302 2796 5373 plures
2836 5317 2869 5358 a
2908 5301 3096 5371 paucis
3129 5310 3187 5359 et
3217 5303 3398 5357 durati
3430 5301 3634 5373 frigore

2065 5407 2319 5451 montano
2346 5409 2411 5450 ac
2438 5394 2644 5476 rustico
2670 5393 2855 5450 labore
2884 5393 2953 5451 ab
2981 5394 3263 5453 inuutritis
3292 5394 3406 5450 otio
3429 5394 3637 5453 urbano

2063 5486 2381 5557 deliciisque
2417 5487 2796 5551 vincerentur,
2839 5487 3241 5544 concurrebant
3290 5484 3481 5554 majori
3534 5500 3634 5547 nu-

2061 5597 2213 5638 mero
2238 5591 2401 5652 atque
2416 5581 2653 5647 impetu,
2683 5587 2870 5636 mutuo
2894 5593 2957 5635 se
2986 5579 3268 5637 hortantes
3292 5578 3637 5649 adiuvantes-

2061 5687 2199 5744 que;
2243 5674 2387 5729 unde
2424 5682 2479 5728 et
2510 5672 2690 5742 plures
2728 5672 2968 5743 ipsorum
3005 5669 3228 5741 contigit
3257 5672 3454 5726 cadere
3491 5680 3633 5725 stra-

2064 5766 2424 5838 gemque‘non
2455 5778 2676 5837 parvam
2705 5764 2814 5822 edi.
2845 5764 2955 5820 Nec
2986 5773 3163 5821 tamen
3192 5761 3248 5823 id
3282 5762 3351 5820 ad
3383 5763 3632 5823 minuen-

2067 5864 2193 5920 dam
2221 5862 2508 5921 audaciam
2531 5876 2720 5920 eorum
2749 5859 3210 5930 mmittendosque
3243 5857 3496 5919 ardentes
3526 5856 3628 5913 im-
