3926 6520
430 446 537 507 G39

1650 444 1976 506 GEORGII
2020 441 2501 502 PACllYMERJ’.

3584 441 3675 503 fill)

431 553 652 626 συχναῖς
697 550 832 603 ὅπου
882 550 1138 619 παρείκοι
1190 549 1510 620 χριιιμένους
1566 554 1683 615 ταῖς
1721 552 2012 623 ὲκόρομαῖς
2046 555 2086 608 Λ
2128 548 2402 616 Ίωάινην,
2440 549 2563 619 μηδ’
2595 549 2661 602 ἂν
2697 548 2893 610 πάντες
2928 547 3137 616 λέγοιεν
3165 563 3178 577 ⁸
3212 548 3373 602 αὐτὸν
3414 548 3523 618 γάρ
3558 552 3681 604 ἁπο-

431 643 816 697 ἒπεισπίπτειν
858 644 953 696 καλ⁹
994 643 1247 713 ῥοπάλοις
1302 645 1383 711 (ού
1429 646 1536 712 γὰρ
1582 640 1729 715 εἶχον
1776 646 2014 704 ἅπαντες

434 736 667 805 σπάθας)
704 738 1200 804 καταγωνίξεσθαι.
1246 738 1402 791 Οὕτω
1454 739 1582 808 γοῦν
1618 741 1709 794 ἐπὶ
1745 740 1878 794 πολὺ
1919 745 2013 793 τοῦ

432 829 670 896 πολέμου
708 830 1106 896 συνισταμένου
1133 832 1227 884 καὶ
1253 832 1361 885 τῶν
1389 833 1730 902 πραγμάτων
1759 829 2016 902 τριϐομέ-

431 937 559 979 νων,
603 921 726 973 ἐπεὶ
771 922 871 974 οὐκ
924 917 992 991 ἦν
1043 923 1196 990 σφίσι
1256 925 1586 994 μαχομένοις
1634 910 2013 994 περιγίνεσθαι

430 1015 540 1064 τῶν
582 1014 1019 1082 ἀνθισταμένων,
1062 1016 1304 1085 ἔγνωσαν
1343 1019 1649 1081 εύσυνέτως
1679 1018 2015 1088 ὑπέρχεσθαι

435 1105 553 1173 μετ’
589 1106 828 1176 εἰρήνης.
877 1106 939 1158 ού
976 1108 1184 1167 πάντας
1216 1106 1333 1175 ἅμα
1363 1123 1377 1135 ·
1413 1108 1650 1160 ἀδύνατα
1690 1109 1800 1178 γὰρ
1842 1108 2014 1171 οὕτως

431 1192 500 1266 ἦν
540 1198 923 1250 ύπσκλῐνεσθαι
961 1198 1357 1267 σπενδομένους
1383 1216 1397 1230 ·
1439 1203 1553 1262 τοῖς
1595 1201 1703 1271 γάρ
1737 1200 1794 1265 ἐξ
1839 1201 2015 1271 ἀρχῆς

432 1291 802 1359 ἐγνωσμένοις
854 1291 1186 1362 ἐμμένοντες
1240 1292 1595 1361 μεταϐάλλειν
1657 1293 1882 1364 ᾐδοῦντο
1924 1294 2015 1347 τὸν

433 1383 663 1451 πλησίον
695 1384 944 1444 ἕκαστος,
979 1383 1073 1435 καὶ
1117 1384 1176 1435 τὸ
1222 1384 1444 1436 δὶσελπι
1483 1386 1637 1451 σφίσι
1693 1386 1903 1455 προσῆν
1939 1385 2015 1450 ὡς

435 1475 828 1541 ἀπολουμένοις
864 1478 911 1526 εί
947 1476 1160 1527 ἐνδοῖεν.
1213 1475 1303 1545 Τῷ
1334 1492 1415 1527 τοι
1457 1477 1550 1528 καὶ
1594 1476 1715 1530 καθ’
1745 1477 1838 1529 ἕνα
1874 1477 2014 1546 πέμ-

437 1583 632 1625 ποντες
660 1567 771 1617 τῶν
813 1568 911 1635 μὲν
951 1569 1272 1635 συμϐάντων
1298 1568 1603 1637 ἀμνηστίαν
1634 1569 1776 1640 ἔχειν
1801 1572 1892 1623 καὶ
1916 1570 2014 1639 βτ-

434 1658 585 1711 σιλέα
611 1658 703 1711 καὶ
723 1660 916 1721 αὖτοὺς
945 1659 1329 1731 ὑπισχνοῦντο,
1362 1661 1590 1723 ἐκείνοις
1612 1662 1667 1715 δὲ
1695 1664 1769 1732 μὴ
1794 1663 2013 1733 διηνεκῆ

434 1751 534 1817 τὴν
566 1752 658 1802 ἐπὶ
691 1750 969 1814 κακίστοις
1016 1752 1271 1821 ὁμόνοιαν
1318 1754 1455 1824 πρὸς
1487 1755 1614 1818 τοὺς
1646 1753 1841 1817 ἄλλους
1869 1756 2015 1824 ἔχειν

432 1842 510 1905 ὡς
563 1837 674 1895 οἷόν
725 1860 783 1895 τε
847 1843 1256 1910 συνεϐούλευον,
1322 1847 1416 1898 καὶ
1470 1849 1634 1915 σφᾶς.
1685 1849 1733 1901 εί
1786 1846 2013 1911 θέλοιεν,

439 1937 680 2007 ⁸προῆγον
712 1940 792 2000 εἰς
817 1940 1016 2001 τόπους
1042 1939 1496 2008 σεσημασμένους
1517 1938 1695 2004 ὄντας,
1723 1940 1865 2011 πλὴν
1894 1941 2013 2010 μεθ’

434 2027 664 2097 ὁμήρων
708 2028 790 2091 (ού
843 2029 951 2101 γὰρ
1004 2029 1223 2099 ἀπατᾷν
1268 2027 1604 2099 ὀρέγεσθαι),
1643 2032 2012 2102 ἐντυγχάνειν,

433 2118 495 2182 ἐξ
527 2113 601 2172 ὧν
639 2115 778 2173 εἶναι
832 2122 1131 2190 μανθάνειν
1167 2121 1343 2175 ὁπόσα
1391 2122 1529 2191 πρὸς
1563 2122 1827 2193 βασιλέως
1860 2126 2016 2195 εὔερ-

433 2214 832 2283 γετηθήσονται
863 2214 1105 2277 ἐνδόντες
1147 2216 1245 2284 μὲν
1275 2214 1375 2279 τὰς
1424 2217 1705 2280 ἐνστάσεις
1733 2216 1813 2288 τῷ
1849 2219 2014 2270 σπέν-

430 2304 647 2369 δεσθαι(
678 2305 967 2375 προδόντες
997 2307 1053 2358 δὲ
1085 2308 1179 2358 καὶ
1207 2307 1299 2361 τὸν
1336 2310 1415 2371 είς
1448 2307 1672 2378 βασιλέα
1705 2309 2016 2379 φημιζόμε-

433 2413 523 2450 νον
557 2397 780 2450 πλάνον,
816 2398 967 2466 Μηδὲ
998 2398 1109 2469 γὰρ
1159 2394 1300 2452 εἶναι
1346 2399 1536 2454 τοῦτον
1590 2401 1686 2455 τὸν
1734 2403 2015 2475 Λάσκαριν

437 2523 577 2566 sen’.
611 2515 687 2567 Ac
716 2529 1024 2582 quanquam
1059 2510 1272 2567 illorum
1312 2514 1555 2585 plerique
1588 2526 1841 2572 carentes
1869 2520 2016 2574 ensi-

439 2608 539 2656 hns
566 2605 747 2657 claVaS
775 2606 946 2659 solum
976 2614 1030 2659 et
1056 2605 1277 2658 ramalia
1309 2607 1508 2659 nodosa
1537 2622 1635 2677 pro
1662 2609 1828 2663 armis
1854 2609 2014 2663 habe-

440 2698 591 2759 bant,
633 2708 811 2751 tamen
858 2696 1147 2762 adiuvante
1190 2697 1476 2766 iniquitate
1518 2698 1760 2753 locorum
1804 2711 2017 2756 nostros

439 2792 717 2856 utcunque
742 2786 949 2855 eptime
975 2797 1233 2850 armatos.
1262 2805 1358 2858 per
1384 2799 1510 2845 nota
1542 2790 1675 2860 ipsis
1700 2791 2014 2847 diverticula

440 2880 831 2947 deprehensos,
865 2879 1023 2935 facile
1056 2883 1434 2950 opprimebant
1462 2882 1877 2951 vincebantque.
1908 2882 2017 2938 Hac

437 2970 749 3025 conditione
791 2980 896 3026 tam
941 2973 1099 3027 nobis
1130 2972 1391 3027 damnosa
1422 2975 1540 3028 belli
1571 2991 1691 3029 cum
1724 2975 1883 3046 longo
1904 2977 2014 3044 jam

435 3072 587 3116 esset
626 3070 870 3132 tempore
914 3074 1211 3133 pugnatum
1258 3080 1357 3119 nec
1394 3081 1480 3121 res
1523 3067 1726 3122 exitum
1769 3069 2016 3135 haberet,

436 3154 581 3209 versi
610 3155 676 3210 ad
703 3165 853 3211 artes
884 3157 1075 3222 nostri,
1107 3156 1248 3225 quod
1281 3157 1361 3212 vis
1392 3173 1495 3215 non
1531 3161 1866 3225 succederet,
1895 3170 2017 3217 ten-

438 3247 663 3302 tandum
693 3247 792 3302 sibi
826 3257 1115 3316 putarunt,
1134 3248 1177 3302 si
1212 3264 1411 3317 paucos
1440 3249 1630 3304 saltem
1665 3251 1924 3320 hostium,
1954 3269 2017 3310 ac
2044 3233 2086 3288 θ

439 3354 535 3408 per
562 3340 729 3393 vicem
768 3338 930 3408 198
958 3340 1215 3407 singulos.
1252 3340 1523 3394 abducere
1556 3358 1583 3393 ιι
1616 3343 2020 3413 conspiratione

439 3433 718 3503 rotnntuni
748 3444 800 3488 et
822 3434 886 3487 ad
913 3436 1065 3502 pacis
1093 3436 1466 3488 tractationem
1493 3436 1755 3491 inclinare
1779 3448 2017 3504 possent.

440 3527 607 3579 ltatio
634 3527 747 3581 haec
778 3534 896 3580 erat
923 3526 1133 3581 consilii
1167 3527 1468 3596 prudentis.
1499 3526 1652 3583 llaud
1691 3531 2018 3600 sperandmn

441 3620 723 3674 videbatur
766 3634 923 3689 posse
962 3619 1175 3674 admitti
1221 3634 1286 3674 ae
1337 3621 1420 3675 vel
1460 3621 1634 3676 audiri
1677 3623 1947 3691 patienter
1989 3640 2016 3677 a

439 3710 713 3767 communi
740 3711 970 3766 consilio
997 3712 1192 3781 gentis,
1211 3722 1264 3767 et
1286 3714 1363 3766 ira
1388 3712 1665 3789 flagrantis
1685 3723 1739 3770 et
1761 3729 2017 3770 successu

441 3804 565 3859 belli
606 3806 793 3870 elata,
823 3804 1232 3875 compositionis
1270 3806 1597 3860 mentionem
1641 3824 1652 3860 :
1693 3807 1784 3860 fixi
1823 3807 2019 3877 quippe

434 3913 626 3952 οιιιιιεε
680 3905 839 3951 erant
893 3898 945 3951 in
998 3896 1273 3966 preposito
1324 3898 1635 3952 vindicandi
1695 3899 2014 3969 tuendique,

434 4004 596 4056 quem
628 4004 689 4044 se
716 3988 919 4044 habere
949 3986 1236 4058 putabant,
1263 3986 1485 4057 legitimi
1513 3988 1593 4041 sui
1627 3988 1916 4058 principis;
1950 3991 2015 4043 ad

439 4081 557 4136 htec
603 4082 827 4137 insidias
870 4081 926 4137 in
970 4082 1329 4136 conventione
1374 4090 1787 4149 suspectantes,
1819 4091 1875 4137 et
1910 4100 2015 4138 non

436 4177 556 4231 sine
585 4190 750 4230 causa
783 4183 1088 4229 metuentes
1117 4188 1182 4228 ne
1207 4172 1390 4228 dolose
1420 4173 1627 4228 inducti
1658 4175 1841 4242 specie
1867 4177 2017 4245 pacis

433 4268 820 4325 irritatissimis
847 4267 1091 4322 hostibus
1115 4267 1181 4321 ad
1208 4281 1396 4335 ptenas
1424 4277 1639 4321 atroces
1664 4268 2013 4335 dederentur,

433 4370 627 4416 cuneta
659 4361 777 4429 ejus
805 4358 1018 4430 generis
1052 4359 1235 4413 statim
1273 4358 1452 4414 oblata
1494 4361 1844 4430 respuebant.
1875 4360 2015 4429 Ergo

435 4455 668 4525 primum
715 4452 992 4508 ad‘unum
1035 4463 1088 4506 et
1129 4452 1382 4518 alterum,
1416 4467 1540 4507 mox
1581 4452 1779 4506 sensim
1823 4468 2015 4508 succe-

436 4548 599 4603 dente
641 4546 863 4615 negotio
908 4546 974 4599 ad
1018 4543 1181 4599 alium
1227 4544 1502 4615 aliumque
1548 4545 1836 4600 mittuntur
1879 4544 2015 4600 certi

433 4655 534 4696 nec
558 4640 756 4710 ingrati
785 4638 1036 4708 privatim
1068 4638 1339 4703 homines,
1364 4639 1453 4708 qui
1483 4638 1808 4694 oblivionem
1839 4641 2018 4692 utrin-

433 4749 539 4803 que
585 4739 983 4787 transactorum
1033 4739 1425 4801 proponerent,
1459 4730 1778 4801 pollicentes
1820 4733 2018 4801 optima

437 4827 542 4883 ﬁde
593 4826 662 4882 ab
710 4827 1035 4895 imperatore
1083 4824 1475 4891 sanciendam,
1522 4825 1567 4879 si
1617 4836 1673 4880 et
1722 4826 1823 4895 ipsi
1873 4828 2020 4897 paria

435 4921 708 4990 spondere
751 4921 815 4975 de
854 4934 914 4975 se
947 4919 1171 4975 vellent.
1208 4917 1320 4973 Sub
1359 4921 1473 4974 hmc
1511 4917 1864 4973 insinuabant
1899 4934 2020 4976 sese

434 5012 573 5079 illis,
604 5013 777 5069 amice
815 5014 1150 5083 suggerendo
1190 5010 1536 5067 consulerent
1565 5011 1726 5066 rebus
1757 5013 1872 5067 suis
1906 5012 2022 5082 pri-

435 5104 634 5167 vatim,
667 5120 769 5160 nec
813 5118 960 5159 cteco
1012 5119 1071 5158 se
1122 5103 1417 5158 multorum
1467 5103 1668 5173 impetu
1716 5103 1769 5157 in
1816 5112 2022 5159 certum

437 5184 664 5251 exitium
713 5197 885 5266 abripi
932 5195 1239 5265 prmcipites
1284 5195 1546 5250 sinerent.
1578 5194 1689 5249 Non
1736 5209 1796 5251 se
1833 5206 2023 5265 postu-

435 5290 551 5347 lare
598 5299 656 5343 ut
702 5288 880 5344 verbis
933 5290 1222 5344 crederent
1267 5304 1283 5341 :
1328 5302 1523 5356 capere
1570 5289 1734 5343 licere
1784 5302 2023 5358 praesens

437 5382 868 5449 experimentum
928 5396 1110 5435 rerum
1171 5380 1429 5448 ipsarum.
1487 5379 1688 5435 Venire
1740 5382 1897 5435 modo
1955 5395 2022 5435 ne

436 5482 813 5542 gravarentur,
846 5473 1125 5529 obsidibus
1166 5474 1221 5528 in
1259 5483 1432 5528 tutum
1475 5473 1705 5529 reditum
1747 5473 2019 5543 acceptis,

440 5568 506 5617 ad
540 5563 659 5619 loca
689 5564 970 5635 designata
993 5604 1008 5628 ,
1037 5565 1127 5618 ubi
1158 5564 1465 5620 distinctius
1499 5566 1875 5636 esplicaudum
1916 5565 2023 5620 illis

439 5655 583 5712 foret
612 5658 834 5726 quantis
864 5666 1048 5711 essent
1077 5655 1145 5711 ab
1177 5657 1501 5727 imperatore
1534 5656 1846 5711 cumulandi
1880 5672 2022 5725 prte-

440 5749 586 5813 miis,
612 5750 656 5804 si
690 5748 867 5804 redire
898 5765 1019 5804 cum
1052 5765 1118 5805 eo
1153 5751 1205 5805 in
1234 5751 1464 5822 gratiam
1496 5749 1699 5805 vellent
1725 5750 2024 5819 impostore

442 5841 557 5908 illo,
583 5858 678 5912 pro
708 5858 817 5912 quo
850 5853 1198 5915 pugnassent,
1228 5843 1544 5915 abdicando.
1577 5841 1868 5897 Nonfenim
1902 5857 2024 5897 esse

449 5935 605 5992 illum
656 5934 916 5994 Joannem
966 5935 1283 6003 Lascarim,
1338 5935 1603 6007 quidquid
1656 5934 1784 6006 ipsis
1834 5933 2022 5990 fuisset

2094 643 2430 705 ⁴κεκλεῖσθαι
2464 643 2542 713 τῷ
2582 642 2689 696 τῶν
2727 643 3080 713 Νικητιάτων
3113 644 3354 715 φρουρίῳ
3390 643 3487 696 καὶ
3519 644 3684 712 ἁσφα·

2115 734 2226 797 λῶς
2257 734 2775 807 ἐγκαθείργνυσθαι.
2817 736 2919 788 Ἦν
2957 735 3131 799 δέ’τις
3166 737 3260 788 καὶ
3290 734 3541 807 βούλεται
3570 737 3685 807 ﬁt-

2117 844 2242 880 πειν
2270 828 2352 895 ἐφ’
2373 827 2560 899 ὅρκοις
2578 827 2758 881 λαϐὼν
2780 828 2848 881 τὰ
2872 827 3039 881 πιστά
3064 828 3386 900 φρικώδεσι,
3412 833 3687 900 προσεῖναι

2117 921 2311 975 τοῦτον
2342 923 2478 976 ἰέναι
2509 922 2603 975 καλ.
2631 922 2871 994 βλέπειν.
2905 921 3129 987 Τούτοις
3151 923 3246 976 καὶ
3276 923 3522 977 πλείοσιν
3554 925 3690 979 ὲκεί-

2116 1029 2240 1075 νους
2272 1013 2636 1081 ύπεξάγοντες
2666 1012 2788 1066 καθ’
2840 1013 3076 1083 ἡμέραν,
3130 1013 3247 1083 ἅμα
3299 1014 3355 1067 δὲ
3399 1017 3495 1069 καὶ
3525 1034 3686 1087 προσ-

2117 1092 2425 1173 πέμποντες
2476 1104 2656 1170 ἱκανά,
2706 1104 2861 1174 μόλις
2907 1090 3266 1159 ἔπειθονκαὶ
3317 1106 3570 1160 ὲδούλουν
3599 1109 3690 1172 τὰς

2115 1196 2342 1266 γνώμας
2370 1198 2575 1268 χρυσίῳ
2612 1196 2950 1268 μερίζοντες.
2978 1194 3088 1250 Καὶ
3115 1196 3213 1250 νῦν
3244 1198 3344 1266 μὲν
3362 1197 3574 1264 τοῦτον,
3599 1198 3688 1253 νῦν

2116 1288 2173 1341 δὲ
2219 1289 2428 1342 ἐκεῖνον
2469 1289 2833 1359 ὑπερχόμενοι
2866 1291 2977 1353 τοῖς
3025 1289 3339 1360 μηνύμασι,
3389 1290 3552 1344 τοῦτο
3599 1292 3691 1362 μὲν

2117 1380 2531 1449 θεραπεύοντες,
2573 1381 2729 1435 τοῦτο
2761 1381 2817 1434 δέ
2845 1398 2909 1450 γε
2940 1383 3032 1435 καὶ
3070 1382 3499 1453 ὑπισχνούμενοι
3536 1385 3694 1454 παρέ-

2118 1474 2307 1528 πειθον
2349 1476 2474 1538 τοὺς
2529 1474 2781 1539 πολλοὺς,
2836 1477 2931 1529 καὶ
2981 1476 3183 1547 μᾶλλον
3222 1477 3349 1538 τοὺς
3387 1475 3690 1546 ἑπιδήλους.

2116 1564 2183 1619 Οἳ
2217 1565 2279 1629 δὴ
2319 1568 2592 1637 ὁσημέραι
2632 1566 2795 1620 πλέον
2849 1568 3279 1637 μαλακιζόμενοι
3324 1566 3566 1635 ὑποψίαν
3607 1574 3694 1620 τοῦ

2118 1658 2430 1727 προδιδόναι
2466 1662 2726 1731 παρεῖχον
2746 1662 2858 1724 τοῖς
2882 1659 3083 1724 ἄλλοις.
3119 1661 3266 1731 Πλὴν
3296 1661 3390 1714 καὶ
3414 1661 3515 1730 τῆς
3540 1677 3699 1729 μετα-

2117 1751 2279 1824 ϐολῆς
2332 1752 2717 1824 αἰσθανόμενοι
2771 1753 2873 1806 ούκ
2926 1749 3129 1822 εῐχονὸ
3161 1769 3215 1805 τι
3256 1753 3351 1807 καὶ
3399 1752 3694 1824 πράξειαν·

2122 1846 2315 1914 μόνους
2360 1846 2466 1915 γὰρ
2510 1844 2639 1908 τοὺς
2696 1843 3096 1915 σπενδομένους
3148 1844 3536 1914 ὑπελάμϐανον
3593 1844 3697 1897 σώ-

2117 1937 2331 2003 ζεσθαι,
2377 1936 2443 2010 ἱΡ
2482 1935 2605 2009 132]
2651 1936 2931 2000 κάκείνοις
2963 1938 3236 2008 ὁσημέραι
3275 1937 3466 2015 πολλοὶ
3504 1950 3696 2010 ¹προσε-

2116 2031 2329 2087 τίθεντο
2362 2032 2471 2085 δέει
2502 2029 2597 2084 τοῦ
2635 2029 2988 2085 κινδυνεύειν.
3018 2024 3206 2083 Ἦσαν
3243 2029 3300 2083 δὲ
3342 2031 3436 2084 καί
3477 2047 3622 2092 τινες
3649 2030 3695 2084 οἳ

2118 2123 2252 2177 πολὺ
2296 2123 2582 2195 κρείττονα
2628 2121 2719 2175 τὸν
2770 2123 2830 2175 ἐν
2867 2121 2946 2191 τῷ
2986 2120 3212 2192 πολέμῳ
3255 2122 3492 2193 ἡγοῦντο
3537 2123 3697 2176 θάνα-

2116 2232 2206 2269 τον
2239 2215 2338 2285 τῆς
2372 2214 2854 2286 προσδοκωμένης,
2894 2215 2942 2267 εί
2995 2213 3323 2282 καθυφεῖντο
3371 2215 3469 2268 καὶ
3512 2215 3693 2287 προδο-

2116 2309 2280 2373 θεῖεν.
2311 2310 2612 2377 κολάσεως,
2644 2311 2738 2364 καὶ
2779 2309 3030 2379 ἀντέχειν
3066 2308 3161 2362 διὰ
3192 2309 3367 2364 ταῦτα
3394 2310 3484 2365 διὰ
3519 2311 3698 2374 τέλους

2117 2403 2330 2475 ἤθελον.

2117 2518 2389 2574 universis
2422 2532 2767 2588 persuasum,
2800 2520 2892 2575 sed
2928 2528 3176 2591 agyrtam
3208 2529 3261 2575 et
3291 2521 3539 2591 planum,
3571 2521 3698 2576 falso

2119 2628 2178 2667 se
2224 2615 2598 2669 Venditautem
2654 2613 2872 2669 nomine
2928 2614 3167 2684 ipsisque
3217 2615 3534 2670 illudentem
3587 2632 3601 2668 :
3648 2625 3699 2671 et

2123 2704 2464 2759 manifestam
2492 2705 2803 2774 imposturse
2825 2703 3220 2759 convictionem
3249 2704 3574 2771 offerebant,
3592 2721 3699 2761 ser-

2121 2797 2231 2850 vari
2263 2812 2448 2851 verum
2479 2796 2748 2853 Joannem
2784 2798 3122 2854 afﬁrmantes
3157 2799 3430 2855 tutissima
3462 2794 3697 2856 custodia

2121 2889 2174 2941 in
2219 2904 2344 2941 arce
2387 2887 2812 2957 Nicetiatarum,
2847 2905 2957 2960 quo
3006 2900 3307 2969 spectatum
3357 2908 3418 2948 se
3460 2895 3699 2949 conferre

2121 2982 2239 3036 sine
2285 2981 2395 3037 ullo
2449 2984 2687 3051 periculo
2738 2991 2963 3054 possent
3012 3001 3029 3040 :
3078 2998 3511 3055 praesumpturos
3558 2991 3695 3044 enim

2122 3084 2574 3145 quantascunqne
2604 3076 2802 3131 vellent
2823 3076 3261 3152 juramentorum
3295 3089 3389 3131 aut
3421 3080 3695 3149 pignorum

2123 3167 2432 3233 cautiones,
2462 3169 2651 3239 sicque
2695 3170 2836 3225 istuc
2867 3185 3026 3240 atquo
3064 3184 3128 3224 ac
3169 3172 3698 3230 securo-intraturos

2122 3261 2341 3325 animo,
2392 3276 2517 3315 cum
2576 3260 2734 3332 pleno
2786 3262 3016 3318 arbitrio
3069 3260 3225 3317 liberi
3278 3263 3523 3331 reditus,
3571 3268 3698 3321 citra

2124 3351 2287 3406 ullam
2325 3354 2650 3421 suspicionis
2680 3356 2956 3411 umbram.
2990 3356 3262 3426 Ejusmodi
3295 3358 3462 3431 199
3498 3360 3697 3414 blandi-

2124 3445 2324 3500 mentis
2362 3445 2734 3516 plausibilium
2780 3463 3093 3504 sermonum
3126 3450 3527 3519 aliquantulum
3558 3454 3699 3508 initio

2122 3534 2448 3591 labefactata
2497 3538 2700 3593 duritie
2742 3542 3103 3609 quorumdam
3150 3557 3180 3595 e
3223 3544 3523 3610 montanis,
3554 3559 3699 3599 acce-

2121 3630 2287 3683 dente
2326 3644 2459 3685 vero
2499 3629 2645 3700 larga
2690 3632 3055 3687 missitatione
3093 3647 3377 3688 numerum
3417 3634 3695 3689 vehemen-

2123 3721 2232 3775 tius
2265 3722 2521 3790 itnpulsa,
2548 3723 2635 3777 vix
2674 3726 2890 3779 tandem
2919 3724 3037 3779 loco
3062 3725 3250 3789 cessit,
3281 3724 3494 3794 placida
3520 3725 3698 3782 docili-

2130 3819 2238 3866 tate
2268 3815 2593 3868 succedente
2623 3828 2688 3867 ac
2715 3814 2871 3884 plena
2900 3817 3261 3886 promissione
3292 3821 3411 3873 veri
3446 3820 3501 3874 in
3540 3823 3696 3890 impe-

2122 3906 2320 3961 ratoris
2352 3907 2614 3976 obsequia
2645 3909 2843 3974 studii,
2873 3925 3040 3977 auro,
3071 3918 3130 3964 ut
3160 3909 3336 3976 solet,
3365 3911 3693 3967 distrahente

2121 3999 2419 4053 concordes
2460 4009 2519 4054 et
2558 3998 2733 4054 studia
2780 3999 3011 4054 invicem
3054 4011 3289 4068 votaque
3330 4001 3699 4055 connuittente

2120 4089 2273 4159 prius
2304 4089 2637 4145 unanimiter
2664 4090 3121 4160 conspirantium.
3151 4087 3226 4145 Ea
3268 4091 3484 4147 ratione
3525 4103 3695 4146 traxe-

2122 4192 2251 4236 runt
2280 4182 2334 4237 in
2365 4194 2553 4251 partes
2581 4182 2805 4247 multos,
2832 4184 2964 4238 etin
2999 4182 3064 4237 iis
3093 4185 3269 4253 capita
3302 4186 3416 4253 ipsa
3450 4184 3695 4249 nationis,

2124 4273 2455 4328 auctoritate
2487 4275 2596 4330 illic
2628 4285 2683 4329 et
2712 4274 3116 4331 existimatione
3144 4277 3439 4345 principes.
3473 4276 3697 4344 Quibus-

2124 4381 2244 4420 cum
2296 4379 2574 4436 utcunque
2614 4367 2805 4422 isthaac
2847 4382 3052 4423 arcano
3095 4368 3491 4436 tractabantur,
3519 4378 3573 4424 et
3605 4367 3694 4439 ipsi

2117 4457 2308 4512 sedulo
2350 4455 2630 4521 celabant,
2664 4469 2843 4512 tamen
2878 4473 3002 4514 cum
3038 4459 3092 4514 in
3128 4459 3606 4515 deliberationibus
3637 4460 3697 4512 de

2051 4587 2093 4641 ο
2125 4550 2267 4605 bello
2308 4560 2363 4605 et
2400 4551 2453 4605 in
2490 4551 2639 4605 omni
2681 4553 2972 4607 occasione
3010 4551 3266 4608 similium
3310 4568 3622 4609 sermonum
3665 4551 3694 4604 ii

2125 4640 2399 4698 molliores
2447 4642 2499 4698 in
2546 4643 2661 4698 dies
2697 4659 2757 4699 se
2798 4644 3135 4715 praeberent,
3168 4644 3536 4713 suspicionem
3584 4644 3696 4699 aliis

2125 4745 2411 4792 moverunt
2446 4737 2602 4807 quasi
2637 4739 2995 4802 proditionem
3031 4739 3449 4795 meditarentur.
3481 4739 3695 4806 Moxque

2122 4830 2363 4898 suspicio
2406 4829 2458 4883 in
2501 4828 2809 4897 opinionem
2858 4831 3098 4896 transiit,
3131 4833 3340 4888 idoneis
3375 4831 3696 4888 exstantibus

2122 4920 2438 4976 mutationis
2461 4921 2650 4991 signis.
2671 4920 2823 4977 Unde
2847 4936 2951 4976 non
2979 4938 3169 4991 parum
3197 4924 3507 4978 conturbari
3534 4922 3691 4977 conti-

2121 5012 2197 5081 git
2220 5013 2526 5083 plerosque,
2550 5012 2801 5069 videlicet
2823 5014 3201 5071 existimantes
3227 5016 3327 5070 sibi
3353 5029 3545 5070 cavere
3570 5012 3690 5069 solis

2120 5116 2185 5155 ac
2219 5101 2448 5157 salutem
2482 5102 2747 5157 duntaxat
2777 5104 3053 5175 propriam
3086 5105 3286 5175 pacisci
3319 5119 3415 5160 eos
3451 5104 3541 5173 qui
3575 5117 3684 5157 cutn

2123 5189 2449 5259 imperatore
2483 5201 2782 5247 tractarent
2816 5211 2831 5250 :
2866 5202 3091 5250 caeteros
3120 5210 3309 5250 onlnes
3338 5195 3431 5249 irae
3460 5193 3681 5249 hostium

2124 5284 2396 5353 expositos
2436 5283 2688 5354 relinqui.
2721 5284 2799 5340 Eo
2838 5286 3003 5343 valuit
3037 5288 3197 5358 hujus
3238 5286 3461 5358 periculi
3501 5296 3686 5345 metus,

2126 5383 2183 5428 ut
2213 5375 2365 5429 multi
2393 5376 2632 5444 quotidie
2668 5375 2736 5430 ad
2773 5392 2866 5431 eos
2893 5379 2983 5447 qui
3015 5378 3319 5433 tractabant
3347 5392 3405 5432 se
3432 5386 3681 5446 aggrega-

2124 5474 2263 5522 rent.
2293 5464 2463 5519 Erant
2494 5473 2670 5519 tamen
2701 5465 2791 5535 qui
2818 5477 3046 5521 mortem
3078 5466 3132 5521 in
3165 5466 3304 5522 bello
3338 5466 3512 5520 minus
3540 5476 3684 5517 acer-

2123 5556 2245 5612 bam
2278 5558 2538 5613 ducerent
2564 5557 2721 5613 malis
2753 5557 3173 5627 suppliciisque,
3205 5558 3399 5628 quibus
3440 5572 3498 5612 se
3528 5551 3685 5624 subji-

2128 5654 2350 5709 ciendos
2377 5628 2862 5723 exspectabantfsi
2892 5659 2985 5704 aut
3012 5649 3153 5704 ultro
3178 5650 3432 5705 cederent
3453 5654 3542 5702 aut
3567 5643 3688 5698 alio-

2126 5762 2243 5802 rum
2271 5745 2394 5800 dolo
2425 5744 2805 5811 proderentur.
2829 5741 3005 5809 Quare
3030 5741 3394 5797 obﬁrmabant
3417 5754 3475 5796 se
3500 5741 3550 5793 in
3578 5751 3680 5791 sen-

2126 5838 2285 5893 tentia
2333 5836 2622 5905 resistendi
2662 5834 3041 5905 bellaudique,
3081 5832 3256 5906 quoad
3297 5832 3565 5888 vincerent
3598 5832 3680 5880 aut

2125 5930 2400 5987 caderent.
