3926 6536
249 279 346 340 (ΝΗ

1185 285 1285 344 DE
1327 284 1722 344 MlClIAELE
1765 282 2228 343 ΡΑΙ..ἘΟΙ,ΟΟΟ
2269 284 2414 343 LIB.
2459 282 2572 343 ῙΙῘ.

3397 275 3508 338 Ci?

247 402 342 461 ιγ’.
387 396 706 467 Ἀπολογίᾳ
762 395 879 448 τῶν
937 397 1225 467 Ζινγηνῶν
1304 399 1453 462 πριλς
1505 397 1824 464 ἀλλήλους
1854 400 1893 453 Α
1928 395 2191 463 ἀφέμενοι
2223 394 2554 464 μέμφεσθαι,
2589 393 3047 462 συναρπασθείσιν
3074 391 3243 453 οὕτως
3271 391 3362 444 καὶ
3397 393 3512 445 κίν-

411 465 558 531 ὺπὲρ
592 465 696 517 τοῦ
727 467 797 518 ὃν
833 468 911 532 ὡς
943 465 1233 534 Ἰωάννην
1274 468 1667 532 ὑπεδέξαντο.

315 575 405 645 μ’,
455 576 576 646 155]
622 578 1036 633 Ἐπλεονέκτουν
1074 581 1130 634 δὲ
1161 581 1358 652 μᾶλλον
1382 584 1430 634 oi
1461 581 1554 633 καὶ
1595 579 1666 633 τὰ
1685 581 1822 648 ὑπὲρ

237 669 334 718 τοῦ
383 668 786 735 τυφλώττοντος
819 671 1266 742 προϐαλλόμενοι.
1319 672 1453 734 Καὶ.
1489 691 1506 723 ¢
1547 673 1611 724 Τί
1642 672 1770 741 γὰρ,
1799 690 1816 723 ι

240 755 458 825 ἔλεγον,
493 777 509 808 ι
538 758 745 812 δίκαιον
781 762 908 830 ἡμῖν
942 763 1252 829 πέπρακται
1286 765 1377 816 ἐπὶ
1418 764 1495 834 τῷ
1539 762 1824 833 ἀλλοδαπῷ

237 851 402 918 τῷδε,
443 853 488 903 εἰ
527 855 776 907 κάκεῖνος
815 854 920 922 εἴη,
967 857 1014 906 εἰ
1064 856 1265 920 ἄλλος;
1312 857 1496 926 ἐπειδὴ
1543 857 1823 922 δεξάμενοι

237 943 497 1013 ἐτίθεμεν
525 945 661 1014 ὑπὲρ
694 947 855 999 αὑτοῦ
892 949 987 1010 τὰς
1027 949 1222 1016 ψυχὰς,
1258 952 1517 1014 γυναῖκας
1565 952 1650 1000 κατ
1685 949 1824 1001 αὐτὰ

235 1036 305 1088 τὰ
339 1038 545 1104 γνήσια
593 1039 1041 1108 προϐαλλόμειὊι,
1073 1043 1130 1104 ὲς
1173 1041 1199 1093 δ
1233 1041 1433 1110 σωθείη
1465 1041 1492 1092 ὁ
1527 1044 1604 1102 εἰς
1635 1044 1824 1110 χεῖρας

235 1128 521 1196 ἡμετέρας
554 1129 908 1196 καταφυγὼν.
939 1131 1033 1182 νῦν
1073 1132 1466 1199 μεταϐαλόντες
1495 1131 1822 1200 καταπροὼ-

237 1219 385 1286 μεθα
415 1236 428 1282 ;
457 1220 509 1272 τί
535 1220 578 1271 δ’
613 1223 744 1288 ἠμῖλ
779 1224 854 1283 εἰς
883 1223 1175 1289 ἀπολογίαν
1209 1226 1340 1291 πρδς
1380 1223 1506 1284 τοὶς
1541 1222 1824 1290 μεμφομέ-

235 1326 359 1369 νους
394 1312 600 1362 ἐσεῖται
636 1311 953 1379 προδοῦσινς
998 1313 1080 1364 ὅτι
1103 1315 1421 1383 παρώτρυνε
1443 1315 1516 1383 μὴ
1539 1311 1824 1378 θέλοντας;

255 1395 312 1449 Ἀ
323 1399 410 1451 λλ⁹
429 1401 560 1468 ἡμῖν
575 1400 912 1471 γλιχομένοις
928 1403 1066 1474 ὑπὲρ
1081 1403 1337 1456 δεσπότου
1353 1405 1586 1472 πάσχειν
1599 1402 1823 1471 ἐπέστη.

249 1488 392 1542 Ἀλλ’
422 1491 504 1542 δτι
535 1492 600 1543 τὰ
637 1491 759 1544 καθ’
792 1493 938 1562 ἡμᾶς
962 1494 1019 1546 ὲν
1059 1496 1269 1564 ταραχῇ
1309 1482 1642 1564 κατέστησεν
1668 1509 1682 1558 ;
1713 1493 1827 1547 ἀλλ’

237 1581 375 1650 ἡμῖν
417 1599 484 1649 γε
529 1582 998 1653 προθυμουμένοις
1046 1584 1307 1657 μᾶλλονῆ
1353 1585 1528 1656 τούτῳ
1563 1584 1828 1655 μέμψοιτό

235 1690 342 1735 τις.
391 1674 534 1726 Ἀλλ’
567 1675 649 1728 ὅτι
683 1675 950 1747 ὑπεκρίθη
1009 1677 1101 1730 τὸν
1152 1677 1376 1747 βασιλέα
1429 1679 1522 1730 καὶ
1569 1677 1828 1746 προσεκέ-

1927 477 2082 538 δυνον
2114 488 2571 556 ἐπανῃρημένοις,
2625 487 2812 556 μῶμον
2845 486 3040 555 ἐκείνῳ
3083 485 3506 554 προστρίϐομεν,

1928 580 2023 630 καὶ
2059 581 2180 631 ἀντὶ
2213 580 2306 630 τοῦ
2337 577 2531 640 σώζειν
2563 579 2803 648 μεγίστῳ
2826 578 3056 645 κινδύνῳ
3086 577 3506 646 περιϐάλλομεν,

1928 670 2104 725 ἄλλως
2143 687 2223 728 τε,
2278 671 2324 720 εί
2358 671 2448 720 καί
2489 672 2537 720 οἱ
2585 670 2651 721 τὰ
2705 669 3035 737 παγχάλεπα
3079 669 3415 738 πέπρακται,
3449 669 3510 719 τὸ

1929 760 2059 827 γοῦν
2093 760 2281 828 σχῆμα.
2325 761 2434 831 τῆς.
2468 759 2702 822 ἱκετείας
2750 761 2933 811 ἱκανὸν
2973 761 3066 812 καὶ
3115 761 3203 812 τὸν
3251 759 3511 811 κάκιστον

1933 852 2144 916 σώζειν.
2204 853 2337 904 Οὐδὲ
2378 850 2484 921 γὰρ
2543 850 2610 903 ἂν
2661 851 2714 903 τί
2769 851 2959 904 παθεῖν
3009 853 3234 916 ἐκεῖνον,
3278 852 3414 902 ἀλλὰ
3459 852 3511 903 τί

1932 947 2102 995 ποιεῖν
2137 944 2284 1007 ἄξιον
2326 945 2471 1013 ἡμᾶς
2522 947 2878 1013 προσκοπεῖν.
2923 963 2941 995 i
2983 943 3170 996 Ταῦτα
3222 943 3382 995 τινῶν
3426 943 3514 994 λε-

1917 1037 2137 1104 ,γόντων
2191 1036 2360 1088 ἐδόκει
2406 1036 2550 1087 τισὶν
2610 1035 2816 1099 ἀδοξεῖν
2862 1038 2928 1088 τὰ
2977 1035 3208 1102 μεγαλα,
3262 1037 3310 1085 εἰ
3342 1033 3512 1086 κατα-ἶ

1935 1127 2182 1192 προοῖιτο
2207 1127 2297 1176 τὸν
2332 1124 2534 1194 ἱκέτην.
2574 1126 2680 1178 Καὶ
2713 1124 2772 1176 τὸ
2819 1125 2916 1193 μὲν
2946 1125 3208 1193 διηνεκιῖς
3251 1142 3289 1175 π
3311 1125 3510 1192 ,λεμεῖν

1933 1215 2184 1283 (καὶγὰρ
2219 1217 2282 1267 ἂν
2321 1215 2533 1286 ἀνάγκῃ
2581 1214 2722 1267 τοῦτ’
2753 1212 2889 1268 εἶναι
2941 1216 3015 1285 μὴ
3057 1218 3514 1286 περιγενομένους

1933 1305 2042 1356 τῶν
2078 1306 2318 1370 πάντων,
2365 1304 2522 1358 τοῦτο
2561 1305 2606 1359 δ’
2633 1303 2699 1377 ἦν
2747 1306 3028 1377 ἀδύνατον)
3079 1307 3152 1367 ὡς
3201 1307 3515 1369 κινδυνῶδες

1936 1395 2030 1446 καὶ
2063 1395 2235 1458 ἄλλως
2266 1395 2325 1448 ὃν
2368 1397 2615 1464 ἀπρεπὲς
2648 1397 2930 1464 ἁπέλεγον,
2961 1397 3022 1450 τὸ
3069 1398 3113 1450 δ’
3144 1398 3298 1460 αὖθις
3344 1416 3514 1451 κατα-

1935 1486 2270 1556 προεμένους
2299 1488 2390 1540 τὸν
2431 1486 2579 1552 ξένον
2619 1490 2942 1543 σπένδεσθαι
2982 1492 3270 1560 έπέμωμον
3301 1489 3513 1560 ἔκρινον

1935 1578 2030 1630 καὶ
2055 1578 2236 1632 ἄδικον
2294 1579 2471 1650 πάντη
2524 1583 2659 1651 πρὸς
2712 1581 2803 1634 τὸν
2848 1582 3073 1651 ἥκοντα,
3125 1583 3174 1634 si
3218 1582 3514 1646 πιστεύσας

1935 1667 2163 1728 ἐκείνοις
2197 1669 2473 1738 σφάζοιτο.
2510 1670 2599 1741 Τῷ
2629 1689 2708 1724 τοι
2742 1674 2836 1725 καὶ
2860 1672 2957 1742 τὴν
2993 1673 3166 1742 μέσην
3185 1674 3510 1742 χωροῦντες,

233 1781 442 1828 causa;
489 1766 585 1818 καὶ
624 1768 840 1838 πρῶτον
873 1768 972 1836 μὲν
1015 1769 1096 1833 τίς
1128 1764 1270 1822 οῐδεν
1317 1769 1382 1822 ἂν
1411 1768 1586 1838 ἀληθῆ
1615 1766 1826 1831 ταῦτα;
1864 1781 1903 1834 Β
1934 1762 2094 1814 αὐτὸν
2132 1761 2230 1832 μὲν
2265 1763 2496 1816 ἀπεῖπον
2532 1765 2606 1834 μὴ
2641 1765 2966 1836 προδιδόναι,
3008 1767 3204 1829 αὐτοὺς
3237 1767 3294 1819 δὲ
3344 1766 3512 1817 σπέν-

236 1856 370 1924 ρᾷον
406 1858 594 1920 αὐτοῖς
628 1858 784 1911 ἄλλον
827 1859 947 1912 ἀντὶ
983 1862 1076 1912 τοῦ
1115 1861 1346 1930 ἀληθοῦς
1381 1861 1700 1929 ἐμφανίζειν
1732 1861 1824 1912 καὶ

236 1951 489 2018 ἁπατᾷν,
522 1954 568 2003 εἰ
607 1953 953 2019 έπισταῖμεν,
996 1955 1028 2024 ἢ
1063 1952 1247 2005 τοῦτον
1277 1953 1432 2006 ἄλλον
1463 1953 1592 2007 ὄντα
1622 1955 1825 2006 ἐκεῖνον

235 2039 681 2110 ὑποκρινεῖσθαι.
712 2039 844 2096 Εἶτα
876 2043 1016 2097 ἔστω
1042 2046 1136 2097 καὶ
1165 2044 1344 2099 τοῦτο.
1374 2045 1520 2115 Πλὴν
1559 2047 1693 2098 πᾶσι
1725 2045 1826 2114 μὲν

235 2133 269 2201 ὴ
297 2131 396 2185 τοῦ
435 2135 673 2199 πλείονος
695 2138 900 2206 ἔφεσις,
939 2140 1033 2192 καὶ
1063 2139 1346 2206 ἀγαπητὸν
1382 2140 1479 2208 μὲν
1504 2139 1666 2192 αὑτὸν
1695 2138 1825 2192 ἕκα-

237 2242 365 2278 στον
400 2226 536 2282 ὄντα
577 2229 668 2281 τὸν
710 2229 1140 2302 σπουδαζόμενον
1176 2231 1281 2284 τῶν
1309 2231 1486 2284 καλῶν
1514 2233 1823 2302 τυγχάνειν,

235 2319 284 2369 εἰ
313 2317 359 2369 δ’
394 2317 514 2382 οὖν,
545 2319 677 2372 ἀλλὰ
707 2320 800 2374 καὶ
835 2293 1176 2374 τὸὶδοκοῦντα
1209 2293 1828 2391 μεγαλύνεσθαιμοίραν

235 2410 296 2461 οὔ
339 2411 449 2480 τὴν
501 2411 768 2480 τυχοῦσαν
822 2413 1130 2482 φιλοτιμίας
1187 2413 1322 2484 ἔχει.
1375 2413 1438 2466 Τί
1491 2410 1586 2467 οὖν
1613 2416 1827 2478 ἑαυτοῖς

244 2592 334 2646 15.
391 2591 636 2660 Allegaia
694 2603 1066 2646 montanorum
1122 2593 1259 2646 inter
1301 2608 1412 2646 sese
1449 2608 1540 2658 pro
1590 2609 1650 2647 eo
1676 2611 1827 2663 quem

431 2674 483 2714 ut
513 2664 766 2715 Joannem
823 2677 1088 2731 iii-ceptum
1126 2666 1266 2732 apud
1289 2679 1342 2715 se
1371 2664 1649 2718 habebant.

314 2776 556 2830 Maxima
605 2777 791 2830 horum
849 2793 976 2846 pars
1033 2786 1148 2830 erat
1199 2777 1568 2830 miserantium
1625 2793 1827 2832 caecum

241 2884 409 2936 quem
443 2869 582 2937 apud
613 2884 670 2922 se
695 2869 995 2932 habebant,
1028 2879 1078 2923 et
1111 2869 1252 2922 tactu
1295 2869 1568 2938 indignum
1606 2882 1830 2924 conten.

242 2961 492 3014 dentium
561 2961 748 3024 illum,
823 2963 1126 3031 quicunque
1183 2972 1355 3024 esset,
1416 2963 1661 3030 prodere.
1715 2965 1831 3028 Quo

245 3055 394 3105 enim
415 3093 432 3118 ,
465 3053 679 3108 aiebant
699 3095 712 3116 ,
738 3053 860 3124 jure
889 3054 1122 3108 alienum
1154 3053 1322 3115 hunc,
1351 3055 1462 3108 sive
1487 3054 1726 3111 JOaiuics
1748 3065 1827 3108 est

1926 1853 2111 1907 δεσθαι
2141 1853 2333 1921 οὕτως,
2361 1860 2409 1908 εἱ
2446 1857 2649 1911 θέλοιεν
2676 1877 2690 1889 ·
2740 1859 2786 1910 εἰ
2815 1859 2861 1911 δ’
2887 1858 3002 1924 οὖν,
3048 1859 3182 1912 ἀλλὰ
3210 1859 3298 1912 διὰ
3325 1860 3512 1922 τέλους

1931 1947 2197 2016 μάχεσθαι
2230 1949 2585 2003 συνετίθεντο.
2635 1951 2721 2003 Ἑν
2763 1951 3003 2021 τοσούτῳ
3039 1950 3131 2006 οῦν
3177 1950 3272 2004 τοῦ
3315 1950 3510 2021 καιροῦ

1927 2039 2252 2109 τριϐομένου
2319 2042 2413 2094 καὶ
2466 2043 2575 2095 τῶν
2639 2041 2739 2112 μὲν
2793 2043 2958 2112 μηδὲν
2998 2043 3228 2112 ἐχόντων
3269 2041 3333 2113 [Ρ
3385 2042 3510 2113 134]

1931 2135 2122 2195 ποιεῖν,
2159 2134 2268 2185 τῶν
2319 2133 2375 2186 δὲ
2433 2137 2506 2205 μή
2566 2153 2618 2188 τι
2669 2135 3104 2204 ἀποκρινεῖσθαι,
3153 2137 3180 2187 ὁ
3218 2137 3317 2204 μὲν
3362 2135 3512 2202 ξένος

1929 2226 2112 2278 ἀνεῖτο
2147 2225 2371 2292 φεύγειν
2402 2228 2536 2297 πρὸς
2571 2228 2807 2297 Πέρσας,
2839 2225 2915 2288 οἷς
2951 2228 2996 2281 δ’
3027 2225 3166 2298 ἦσαν
3194 2229 3511 2298 ὑποσχέσεις

1929 2320 2083 2385 παρά
2116 2319 2225 2371 τῶν
2258 2320 2383 2390 τῇδε
2416 2322 2511 2373 καὶ
2562 2322 2863 2383 συνθεσίαι,
2899 2323 3218 2375 ἐσπένδοντο
3243 2323 3312 2374 τὰ
3344 2323 3512 2375 πιστὰ

1929 2412 2188 2475 λαϐόντες
2214 2410 2309 2465 τοῦ
2345 2413 2423 2484 μὴ
2455 2413 2666 2466 παθεῖν.
2698 2415 2761 2467 Oi
2809 2413 2864 2466 δὲ
2906 2417 3023 2477 ταῖς
3071 2416 3326 2478 σπονδαῖς
3373 2416 3513 2485 πρὸς

1931 2592 2100 2658 Quem
2149 2594 2334 2662 utique
2382 2593 2659 2646 absentem
2709 2593 3102 2661 desideratum,
3139 2606 3513 2649 occurrentem

1931 2696 2206 2748 evectum,
2237 2700 2300 2738 ac
2331 2687 2376 2739 si
2409 2686 2536 2754 quid
2569 2687 2620 2738 in
2655 2701 2720 2740 eo
2751 2687 3004 2754 deliquit,
3039 2703 3265 2754 peccare
3296 2704 3324 2740 a
3359 2689 3516 2743 nobis

1935 2788 2178 2830 coactum
2230 2777 2362 2829 tueri
2410 2776 2583 2842 potius
2623 2786 2676 2830 et
2712 2792 2929 2831 serVare
2973 2780 3287 2834 deberemus
3331 2795 3512 2848 quam,

1934 2868 2074 2934 quod
2109 2868 2227 2920 sine
2252 2867 2392 2932 jiista
2427 2868 2818 2936 vituperatione
2851 2871 3131 2937 nequimus
3165 2872 3357 2925 facere.
3387 2888 3514 2940 gru-

1935 2961 2157 3015 viSsiino
2186 2959 2332 3013 illum
2365 2959 2604 3028 periculo
2627 2977 2917 3025 exponere,
2940 2963 3330 3019 sitieut‘ssiniis
3357 2981 3516 3020 cruo-

1935 3053 2010 3104 ris
2039 3053 2156 3120 ejus
2188 3052 2360 3122 ipsum
2392 3053 2636 3108 hostibus
2662 3055 3039 3110 condonanda.
3068 3057 3228 3125 Atqui
3257 3057 3336 3110 vel
3369 3071 3519 3112 atro-

252 3147 517 3203 Lascaris
541 3147 654 3201 sive
689 3162 791 3198 non
824 3156 928 3212 est,
963 3146 1210 3200 hostibus
1241 3145 1358 3215 ejus
1388 3148 1453 3200 ad
1482 3148 1754 3202 cruciatus
1780 3158 1828 3202 ei
1863 3124 1902 3178 (ἶ
1939 3145 2143 3198 cissimi
2173 3155 2505 3214 compertum
2536 3145 2949 3216 convictumque
2977 3149 3158 3218 ﬂagitii
3192 3151 3517 3218 pessimum-

170 3286 172 3288 ,
248 3256 442 3294 necem
493 3241 738 3306 acerbam
795 3237 1152 3293 dederenuis?
1200 3238 1486 3307 Postquam
1539 3238 1680 3292 enim
1733 3254 1830 3306 pro

246 3332 396 3387 illius
429 3333 494 3385 ad
528 3347 628 3385 nos
657 3331 1020 3400 confugientis
1051 3332 1223 3386 salute
1251 3330 1426 3400 capita
1458 3339 1638 3385 nostra
1659 3369 1673 3393 ,
1701 3346 1834 3384 uxo-

246 3438 332 3476 res
363 3433 422 3476 et
469 3421 784 3476 charissima
818 3437 1042 3490 quaeque
1075 3421 1126 3475 in
1158 3423 1445 3475 discrimen
1489 3421 1761 3483 misimus,
1788 3419 1833 3474 si

245 3510 396 3566 hunc
442 3511 601 3564 modo
647 3521 848 3563 mutata
894 3519 1109 3578 repente
1149 3513 1414 3564 sententia
1457 3509 1831 3572 destituimus,

247 3604 382 3673 quid
417 3603 574 3657 nobis
605 3604 669 3656 ad
703 3602 1062 3657 defensionem
1095 3602 1354 3656 faciemus
1385 3603 1600 3670 reliqui,
1623 3604 1836 3672 quomi-

257 3711 360 3750 nus
392 3695 462 3750 ab
493 3695 740 3748 omnibus
775 3695 1092 3764 proditionis
1125 3695 1580 3762 perﬁdiosissimus
1613 3697 1828 3748 damne-

253 3792 415 3844 ntur?
458 3791 538 3843 An
589 3792 827 3845 dicemus
879 3807 974 3846 nos
1019 3791 1087 3844 ab
1134 3791 1247 3860 ipso
1297 3790 1535 3844 nolentes
1577 3791 1836 3860 impulsos

247 3881 621 3950 coactosque?
657 3881 726 3935 At
765 3881 924 3936 nobis
968 3881 1078 3949 jam
1125 3891 1279 3935 antea
1328 3882 1530 3951 paratis
1572 3893 1624 3936 et
1673 3882 1836 3951 200

249 3975 612 4046 gestientibus
659 3989 754 4040 pro
808 3974 1028 4026 domino
1072 3973 1267 4041 injuSta
1315 3987 1474 4042 passo
1514 3973 1836 4026 vindicando

252 4081 500 4137 pugnare
528 4067 860 4134 supervenit.
885 4065 964 4117 An
1000 4065 1127 4118 illud
1159 4065 1527 4126 causabiniur,
1557 4063 1672 4132 ejus
1708 4079 1833 4134 gra-

256 4164 324 4212 tia
355 4159 703 4230 perturbatos
731 4171 817 4210 ies
842 4166 1054 4210 nostras
1075 4156 1234 4209 esse?
1255 4155 1414 4224 Atqui
1439 4167 1637 4210 nosme
1659 4156 1836 4210 verius

251 4252 516 4323 praecipiti
559 4252 625 4304 ad
676 4248 981 4304 novandum
1027 4249 1266 4303 audacia:
1309 4265 1468 4317 qnam
1514 4249 1641 4304 huic
1681 4251 1832 4318 culpa

252 4347 410 4399 istius
447 4344 710 4398 tumultus
745 4342 1124 4411 imputabitur.
1155 4342 1234 4394 An
1272 4341 1413 4411 quod
1447 4357 1506 4395 se
1538 4343 1834 4411 imperato-

1937 3252 2043 3304 que
2073 3236 2247 3304 palam
2276 3245 2436 3304 caput
2459 3236 2673 3289 habitus
2697 3237 2976 3306 supplicis,
3003 3239 3081 3291 l‘as
3109 3253 3172 3293 ac
3194 3241 3514 3300 verecundia

1935 3326 2296 3395 confugientis
2347 3327 2397 3380 in
2455 3325 2611 3380 ﬁdem
2679 3336 2841 3396 atque
2903 3328 3110 3398 asylum
3172 3339 3518 3398 protetons

1939 3427 2164 3476 IIOSll‘iB,
2198 3427 2453 3484 praestare
2499 3419 2754 3473 intactum
2803 3419 3204 3486 immunemque
3247 3423 3517 3475 communi

1938 3508 2294 3561 humanitatis
2339 3506 2514 3562 cilicio
2549 3509 2768 3562 deberet
2805 3525 2821 3562 :
2859 3525 3032 3579 neque
3065 3511 3208 3564 enim
3247 3519 3374 3566 tunc
3411 3523 3516 3565 tam

1937 3610 2185 3667 spectare
2241 3611 2518 3668 oporteret
2569 3601 2700 3670 quid
2761 3617 2883 3657 eum
2941 3603 3048 3669 pati
3092 3603 3295 3671 juswin
3345 3618 3518 3668 esset,

1941 3710 2102 3758 quam
2141 3693 2268 3757 quid
2306 3685 2400 3746 tios
2435 3693 2611 3746 facere
2643 3697 2878 3748 deceret.
2914 3694 3060 3750 Talia
3099 3699 3312 3764 quidam
3347 3701 3520 3754 disse-

1943 3793 2121 3836 rentes
2149 3785 2546 3850 persuadebant
2567 3784 2836 3852 aliquibus
2861 3802 2963 3839 non
2992 3804 3147 3855 posse
3171 3789 3284 3842 sine
3307 3805 3517 3844 summa

1939 3892 2048 3929 suae
2091 3877 2266 3944 gentis
2311 3875 2528 3929 infamia
2565 3877 2715 3944 prodi
2749 3882 2816 3930 ab
2853 3879 2978 3944 ipsis
3011 3881 3240 3948 dedique
3279 3882 3520 3937 liustilms

1940 3970 2256 4037 supplicem.
2287 3969 2452 4023 lideiii
2499 3981 2675 4023 tamen
2716 3973 2860 4026 anxii
2901 3988 3081 4025 secum
3129 3975 3466 4042 inquirebant
3503 3995 3518 4029 :

1938 4061 2065 4128 quid
2109 4062 2268 4130 igitur
2313 4063 2611 4131 agendum?
2653 4061 2842 4117 Utrum
2891 4069 3230 4134 pugnandum
3273 4070 3523 4135 sempe:?

1938 4152 1996 4206 Id
2025 4153 2223 4221 quippe
2251 4153 2560 4207 necessario
2588 4157 2842 4222 consequi
2868 4171 2934 4210 ex
2966 4160 3241 4226 proposito
3271 4175 3522 4227 pem-ve-

1942 4243 2092 4296 ratidi
2127 4245 2193 4298 ad
2223 4253 2524 4298 extremum
2752 4247 2804 4299 iii
2834 4248 3148 4303 ilrfeiisione
3182 4253 3350 4319 pueri.
3384 4251 3519 4317 Nisi,

1938 4335 2080 4404 quod
2115 4337 2324 4403 sperari
2359 4352 2463 4389 non
2499 4348 2731 4403 poti-rat,
2759 4355 2860 4391 una
2896 4340 2997 4408 ipsi
3033 4357 3129 4394 nec
3163 4358 3350 4411 magna
3388 4360 3518 4408 gens

252 4453 366 4491 rem
396 4451 517 4490 esse
543 4436 836 4498 simulavit,
862 4443 995 4489 etut
1020 4435 1110 4487 tali
1142 4435 1244 4489 sibi
1275 4449 1687 4490 sucurrereiniis
1715 4450 1838 4487 ora-
1863 4454 1916 4512 Β
1945 4428 2252 4482 universum
2307 4427 2359 4480 in
2409 4444 2468 4482 se
2513 4429 2850 4500 conjuratuin
2899 4434 3180 4502 imperium
3227 4437 3520 4500 vincerent,

250 4527 360 4582 vit?
393 4526 635 4581 Primum
671 4527 789 4595 quis
821 4526 924 4580 scit
951 4525 1238 4580 simulasse
1275 4525 1454 4588 illum,
1483 4535 1536 4579 et
1571 4541 1678 4577 non
1713 4540 1838 4578 esse

253 4637 437 4674 verum
483 4620 700 4688 qualem
742 4633 800 4672 se
844 4621 1087 4672 nominat
1120 4615 1412 4670 Joannem?
1454 4615 1518 4670 Et
1560 4615 1644 4670 cui
1691 4625 1840 4670 certo

263 4713 464 4781 poterit
496 4719 739 4766 constare
769 4709 914 4762 illiiiu
952 4708 1145 4777 alium,
1178 4725 1334 4777 quem
1369 4709 1652 4762 ostendere
1687 4707 1840 4761 nobis

253 4821 311 4860 se
358 4813 578 4874 paratos
631 4804 817 4865 aiunt,
864 4801 1188 4855 custoditum
1245 4801 1384 4869 apud
1436 4799 1580 4869 ipsos
1636 4814 1836 4852 Circum

259 4895 720 4951 adolescentulum
782 4909 968 4947 revera
1025 4892 1285 4946 Joannem
1349 4905 1468 4946 esse
1526 4889 1842 4944 Lascariin?

259 4990 461 5045 Deinde
503 4998 618 5041 esto
661 4988 755 5050 ita,
795 4987 864 5040 sit
897 5001 910 5038 ι
951 4996 1126 5038 tamen
1164 4985 1249 5037 isti
1286 4985 1484 5052 culpae,
1513 4999 1578 5037 ne
1618 4999 1646 5034 a
1686 4982 1841 5035 nobis

263 5093 366 5136 tam
403 5081 662 5135 atrociter
690 5078 1009 5132 vindicanda
1044 5078 1310 5141 rideatur,
1347 5090 1592 5145 magnam
1631 5083 1838 5144 partem

260 5169 496 5226 detrahit
529 5169 742 5222 invidia:
789 5166 970 5220 innata
1012 5165 1262 5218 omnibus
1303 5173 1356 5218 et
1399 5165 1502 5217 late
1541 5163 1838 5216 i-oniniuiiis

261 5263 528 5333 Cupiditas
561 5261 787 5329 augendi
827 5259 1095 5312 fortunam
1135 5272 1318 5317 suam,
1354 5255 1650 5324 praesertim
1689 5255 1838 5324 iuge-

257 5369 410 5411 reiite
459 5370 517 5408 se
564 5353 837 5408 crescendi
887 5353 1168 5404 occasione
1214 5360 1268 5401 et
1317 5349 1530 5409 studiis.
1563 5347 1835 5400 hominum

257 5453 394 5502 ultro
429 5450 496 5501 ad
532 5446 730 5514 majora
764 5443 1104 5506 vocantibus;
1141 5457 1246 5510 quo
1287 5451 1524 5506 tempore
1555 5438 1678 5506 quis
1722 5454 1832 5490 iiou

257 5544 407 5596 venia
437 5542 649 5609 dignam
679 5536 950 5591 existimet
972 5535 1316 5589 ambitionem
1351 5532 1465 5600 ejus
1493 5532 1580 5599 qui
1613 5547 1834 5598 regnum

258 5649 286 5688 a
320 5633 625 5689 volentibus
657 5630 893 5684 delatum
939 5643 1040 5680 non
1087 5624 1451 5679 recusastcrit?
1492 5621 1630 5689 Quid
1679 5623 1837 5690 igitur

262 5731 450 5778 attinet
502 5724 653 5776 nobis
700 5721 851 5790 riilpa
900 5719 1090 5773 solutis
1137 5717 1208 5770 illi
1259 5717 1462 5771 crimen
1512 5715 1837 5784 impingere?

1942 4534 2006 4572 ac
2054 4536 2121 4574 ne
2167 4519 2211 4573 si
2259 4519 2474 4588 quidem
2525 4532 2706 4590 posset
2751 4525 3074 4588 succedere,
3111 4537 3284 4580 laiiieii
3331 4533 3523 4582 tentari

1943 4613 2279 4666 conveniret.
2313 4611 2413 4668 llic
2445 4629 2570 4667 vero
2597 4629 2719 4667 cum
2753 4616 2818 4668 ad
2853 4617 3063 4670 unicam
3098 4620 3332 4672 oblatam
3371 4636 3522 4673 coui-

1941 4707 2202 4774 p0ueudae
2237 4705 2385 4772 pacis
2416 4707 2677 4758 rationem
2712 4705 3025 4762 referebant-
3047 4712 3306 4773 animum,
3332 4715 3396 4762 at
3431 4712 3524 4764 de-

1941 4796 2202 4850 ditionem
2249 4810 2442 4862 nempe
2485 4797 2638 4863 pueri
2682 4795 2943 4862 hospitis,
2972 4797 3333 4852 abhorrebant
3365 4808 3525 4865 atque

1943 4888 2367 4953 aversabantur,
2421 4887 2705 4955 potiusque
2758 4891 3159 4957 propendebant
3213 4889 3264 4942 in
3320 4907 3524 4958 anei-ps

1943 4979 2373 5045 dainnosuinque
2403 4981 2686 5033 consilium
2719 4979 2949 5033 bellandi
2984 4981 3048 5033 ad
3085 4993 3386 5034 extremum
3425 4999 3519 5049 pe-

1940 5069 2112 5126 riculo
2143 5085 2482 5138 quocanque.
2516 5069 2660 5124 Inter
2701 5070 2798 5124 hos
2837 5071 3128 5124 mult-rrum
3171 5081 3360 5134 astus,
3398 5087 3520 5124 cum

1939 5160 2096 5231 longa
2129 5163 2504 5231 perplexarum
2529 5162 2974 5217 deliberationum
3009 5179 3151 5214 mora
3179 5164 3309 5216 certi
3343 5168 3524 5215 cousi-

1943 5254 1998 5306 lii
2031 5253 2164 5308 nihil
2195 5257 2564 5322 expediretur,
2593 5270 2766 5308 caecus
2795 5256 3026 5316 advena,
3054 5269 3212 5307 causa
3248 5264 3332 5305 ian
3362 5270 3517 5308 0|U|l|

1943 5357 2220 5407 motuum,
2255 5347 2511 5400 dimissus
2561 5347 2625 5398 ad
2673 5346 2867 5400 Persas
2913 5345 3067 5413 fugit.
3105 5346 3202 5410 Qui
3254 5361 3414 5413 μοι-ιο
3454 5361 3519 5400 ex

1945 5440 2218 5492 montanis
2271 5441 2471 5508 pacisci
2525 5457 2642 5494 cum
2695 5440 2897 5492 nostris
2943 5450 2995 5492 ct
3041 5455 3237 5493 arcano
3285 5435 3562 5516 iractaie‘

1939 5533 2142 5584 dudum
2173 5540 2471 5600 caeperaiit,
2503 5533 2536 5585 ii
2565 5532 2740 5586 taedas
2761 5530 2870 5598 jam
2904 5531 3074 5598 palam
3110 5533 3336 5594 icerant,
3370 5549 3522 5586 recc-

1942 5625 2126 5692 p'iqtte
2157 5626 2208 5678 in
2244 5625 2500 5694 gratiam,
2527 5641 2648 5679 cum
2687 5635 2898 5688 essent,
2932 5637 2985 5676 ut
3019 5627 3125 5678 dixi
3148 5666 3162 5688 ,
3191 5637 3241 5680 et
3275 5628 3424 5680 multi
3461 5638 3516 5680 et

1945 5716 2200 5783 Pl'u‘i‘iplli
2258 5726 2672 5779 montanorum,
2723 5715 2954 5784 reliquos
3007 5716 3326 5769 illlil‘llli‘Jl‘CS
3377 5715 3521 5768 illius
