3926 6530
273 313 381 376 8ἰῦ

1212 315 1310 374 DE
1355 309 1746 372 MICIIAELE
1793 305 2254 367 PALEOLOGO
2299 305 2446 364 LIB.
2493 301 2602 365 [ΙΙ.

2543 144 2570 168 l

3439 291 3544 359 616
3581 288 3602 319 ’

273 444 364 491 τις
403 427 500 480 κα)⁵
533 427 809 498 petiti/3.10
833 431 944 492 τοῖς
991 428 1274 496 γεγονόσιν
1304 431 1379 493 ὡς
1404 430 1464 483 οὐ
1491 426 1632 482 κατὰ
1661 427 1861 497 τρόπον
1894 431 1935 486 Α
1969 439 2051 476 σιν
2079 425 2106 476 ό
2136 421 2374 491 κρατῶν,
2429 421 2523 473 καὶ
2573 419 2736 472 τόπον
2787 416 2963 481 διδοὺς
3008 414 3084 485 τῷ
3137 412 3331 485 δικαίῳ
3387 410 3545 482 θυμῷ

270 520 559 588 γεγονόσι,
623 519 716 573 καὶ
777 520 1322 590 ὐπεραπολογήσαιτο
1375 521 1490 575 τῶν
1535 520 1858 591 πραξάντων

273 608 444 663 πάλιν
492 608 569 673 ὡς
622 609 722 663 οὐκ
777 609 954 674 ἄλλως
1005 613 1179 665 ποιεῖν
1236 612 1485 682 ἐχόντων.
1540 613 1648 664 Καὶ
1687 613 1719 681 ἡ
1764 611 1860 679 μὲν

277 701 514 768 μέμψις,
544 701 627 754 ὅτι
677 699 788 765 Oet;
820 701 912 755 τὸν
941 701 1138 771 δεσμὸν
1169 704 1340 771 ἐφῆκε
1372 706 1483 766 τοῖς
1513 701 1605 756 τοῦ
1661 703 1860 772 κλήρου

272 791 508 860 ψάλλειν
538 793 748 847 ἐκείνου
784 793 967 864 χάριν,
1014 794 1154 850 ὥστε
1185 796 1236 848 oi.
1278 797 1372 848 καὶ
1415 795 1692 850 κοινωνεῖν
1724 792 1865 847 ὲκεί-

274 900 405 947 νους
440 884 529 938 διὰ
567 885 676 938 τῶν
735 885 898 957 ιερῶν
946 886 1198 952 τελετῶν,
1255 888 1413 950 αὐτός
1458 904 1516 939 τε
1565 887 1661 948 τὰς
1713 885 1865 954 ἱεράς

277 976 458 1030 ἐτέλει
495 979 907 1047 μυσταγωγίας,
951 978 1035 1048 ἐφ’
1071 974 1160 1043 αἷς
1201 975 1268 1051 ἦν
1321 979 1589 1050 άριδήλως
1627 979 1715 1031 τὸν
1746 979 1870 1032 δεσ-

278 1069 407 1135 μοῖς
461 1059 852 1136 πνευματικοῖς
895 1070 1257 1140 κατεχόμενον
1306 1069 1762 1139 μνημονεύεσθαι.
1801 1069 1866 1121 ἸΙ

273 1157 321 1212 δ’
354 1159 451 1212 ἐπὶ
478 1160 690 1224 τούτοις
733 1161 1020 1230 ἀπολογία,
1050 1163 1132 1216 ὅτι
1165 1163 1455 1231 αὐτάρκως
1497 1157 1610 1232 εἶχε
1639 1162 1867 1232 τοιούτῳ

276 1251 563 1322 προσώπῳ
592 1253 659 1306 τά
682 1253 782 1322 τῆς
805 1255 1197 1325 ἐπιτιμήσεως,
1222 1255 1297 1318 ὡς
1320 1255 1370 1307 εί
1393 1255 1488 1308 καὶ
1513 1241 1868 1324 προσετίθετο

275 1340 470 1405 πλέον,
504 1343 840 1397 κινδυνεύειν
871 1344 1242 1414 συγκεχύσθαι
1280 1345 1349 1399 τὰ
1398 1339 1744 1398 πάντακατὰ
1778 1346 1868 1397 τὸν

286 1434 714 1502 Ἐμπεδόκλειον
745 1440 993 1508 σφαίρον,
1028 1439 1120 1491 καί
1159 1455 1212 1491 τι
1257 1439 1352 1494 καὶ¹
1383 1438 1694 1508 παράλογον
1730 1455 1866 1508 προ-

273 1525 444 1595 ϐῆναι
475 1528 569 1580 τοῦ
603 1528 867 1598 βασιλέως
915 1529 1406 1592 ἁπαυθαδίσαντος.
1443 1531 1505 1582 Εἰ
1548 1533 1653 1600 γὰρ
1682 1531 1872 1600 δοιχε-

274 1619 371 1687 ρὲς
408 1620 587 1687 μέγαν
617 1618 762 1674 οἶκον
798 1623 1001 1693 μικράν
1036 1622 1326 1693 δυστυχίαν
1371 1623 1643 1693 δέχεσθαι,
1683 1622 1869 1694 ὥσπερ

272 1711 371 1763 καὶ
408 1712 606 1782 μικρὸν
637 1713 904 1783 μεγάλην,
929 1713 1040 1767 ἀλλ’
1065 1714 1159 1770 οὖν
1183 1717 1245 1768 τὸ
1272 1715 1372 1787 τὴν
1402 1716 1644 1785 μεγάλην
1672 1715 1867 1768 δυστυο

1964 514 2258 584 ἡσύχαζεν,
2301 513 2424 564 οὔτε
2471 513 2818 581 μεμφόμενος
2858 511 2938 570 (οὐ
2987 511 3096 580 γάρ
3129 511 3176 590 ot
3223 507 3414 577 ἄξιον),
3450 509 3546 559 καὶ

1964 605 2033 658 τὰ
2063 607 2158 673 τῆς
2213 603 2464 675 πράξεως
2523 603 2597 665 ὡς
2650 598 2799 673 εῖχεν
2853 602 3192 670 ἀπελογεῖτο.
3251 601 3439 668 Ὅμως
3487 600 3546 650 ὲν

1967 695 2230 763 ἀφύκτοις
2282 695 2381 746 οὐκ
2432 693 2640 761 ἀγνοῶν
2682 692 3043 762 κατεχόμενος
3095 689 3280 759 ἠρέμα
3329 689 3546 756 διέφερε

1966 785 2064 855 τὴν
2098 785 2287 853 ὀργὴν,
2339 784 2432 836 καὶ
2475 784 2665 852 καιρὸν
2701 781 2990 852 μετανοίας
3023 781 3206 850 ἐζήτει
3256 779 3340 848 ἐφ’
3375 771 3419 846 ᾧ
3445 778 3545 847 τὴν

1969 879 2313 947 συγχώρησιν
2369 873 2644 939 δέξασθαι.
2695 874 2929 938 Ἤλπιζε
2982 875 3089 944 γὰρ
3142 872 3216 935 ὡς
3261 874 3309 924 εἰ
3353 871 3547 941 μικρὸν

1968 969 2274 1041 ἡσυχάσας,
2306 964 2425 1020 εἷτα
2461 964 2806 1036 μεταγνῶναι
2841 964 2997 1028 δόξας
3027 965 3124 1033 τὴν
3153 963 3304 1015 λύσιν
3333 961 3547 1031 ζητοίη,

1968 1060 2159 1130 ἕψεταί
2190 1061 2240 1112 οἱ
2270 1059 2583 1130 παραυτίκα
2626 1057 2722 1112 καὶ
2749 1058 2781 1127 ή
2827 1055 3196 1126 συγχώρησις.

1973 1192 2018 1228 ιε
2040 1211 2056 1228 .
2093 1175 2286 1239 Ὅπως
2317 1172 2414 1224 διὰ
2438 1171 2557 1224 τῶν
2604 1170 2891 1238 τριήρεων
2924 1168 3343 1236 ήνδραγάθουν
3372 1170 3404 1220 ό
3438 1165 3549 1220 τοῦ

2270 1245 2502 1297 στόλου
2549 1239 2659 1308 τῆς
2707 1240 3026 1308 Ῥωμαΐδος
3063 1241 3232 1303 λαός.

2042 1335 2106 1407 [Ρ
2133 1333 2259 1406 156]
2297 1332 2518 1392 Ἀμέλει
2545 1349 2627 1383 τοι
2659 1331 2754 1383 καὶ
2784 1331 2980 1399 μικρὸν
3011 1329 3248 1397 ἐπισχὼν
3281 1330 3346 1380 τὰ
3378 1324 3543 1379 αὑτοῦ

1971 1428 2261 1498 ἔπραττεν.
2309 1425 2368 1478 '0
2405 1424 2450 1476 δ’
2481 1419 2574 1476 οὖν
2627 1422 2724 1492 σὴς
2778 1421 2869 1474 τοῦ
2914 1421 3211 1482 συνειδότος
3245 1419 3319 1482 ὡς
3368 1420 3553 1471 όστέον

1971 1520 2069 1588 τὴν
2094 1515 2323 1584 καρδίαν
2359 1513 2633 1573 ἐϐόσκετο,
2677 1512 2772 1564 καὶ
2810 1510 3065 1572 ταπεινὸς
3099 1509 3297 1573 ἐδόκει,
3329 1509 3430 1560 κᾶν
3475 1507 3551 1573 τῷ

1974 1605 2190 1676 σοϐαρῷ
2238 1605 2333 1674 τῆς
2374 1603 2648 1673 βασιλείας
2688 1601 2942 1672 αἴρεσθαι
2996 1600 3336 1670 προὺνοεῖτο,
3383 1595 3467 1666 ἐφ’
3511 1590 3555 1664 ᾧ

1978 1699 2050 1769 μὴ
2085 1696 2600 1767 καταφρονούμενος
2636 1695 2730 1748 καί⁴
2752 1695 2861 1746 τῶν
2894 1692 3209 1761 ἀναγκαίων
3241 1691 3558 1759 ἀποτυγχά-

248 1776 528 1871 ’χίαντῷ-
549 1776 792 1874 μεγίστῳ
837 1776 972 1875 οἴκῳ
1027 1776 1462 1860 ὲπεισπεσοδσαν
1484 1776 1610 1877 ’μὴ’
1637 1807 1781 1860 κατὰ
1807 1805 1866 1859 τὸ
1900 1776 1942 1832 Β
1972 1807 2071 1843 νοι·
2109 1787 2182 1842 Τδ
2211 1787 2341 1856 γοῦν
2378 1787 2628 1840 ναυτικὸν
2677 1785 2850 1877 επλειτ
2907 1784 3002 1877 καί
3051 1783 3108 1877 “Ai
3157 1783 3402 1877 τριήρεις
3431 1785 3555 1844 τλῖῖ

273 1890 430 1956 εἰκὸς
469 1894 913 1964 ἐκμειλιχθεῖσαν
964 1896 1285 1966 καθυφιέναι
1315 1897 1415 1967 τῆς
1467 1898 1738 1968 ἁπηνείας
1767 1885 1868 1952 οὐκ

271 1983 438 2051 ὀλίγα
501 1984 757 2055 βλάψειεν
814 1987 900 2043 ἄν.
963 1989 1242 2053 Οἰδίποδες
1300 1989 1476 2043 ταῦτα
1541 1990 1636 2044 καὶ
1693 1992 1866 2044 θοῖναι

275 2076 523 2130 Θυέστου
551 2079 644 2132 καὶ
673 2079 862 2133 πλάνοι
899 2079 1200 2135 Ὀδύσσειοι
1226 2083 1867 2154 μαρτυρήσουσιν.0’ύτω

279 2169 381 2239 μὲν
419 2170 512 2224 οὖν
555 2171 650 2225 τοῦ
709 2175 1052 2244 πατριάρχου
1105 2175 1457 2244 μετελθόντος
1489 2177 1547 2228 τὸ
1580 2177 1674 2229 τοῦ
1713 2157 1858 2247 βασι-

275 2261 416 2324 λέως
448 2263 727 2334 τόλμημα,
759 2263 900 2319 ἑκὼν
930 2265 1005 2336 μὴ
1038 2265 1205 2320 θέλων
1235 2267 1453 2338 δέχεται
1484 2268 1581 2338 τὴν
1610 2270 1868 2342 ἐπιτίμη-

179 2437 186 2445 ’
275 2451 477 2495 contra
512 2443 750 2498 vicissim
786 2443 1111 2515 allegaretur
1139 2461 1237 2515 pro
1269 2446 1351 2500 sic
1378 2446 1691 2514 agentibus,
1721 2446 1866 2515 quod

277 2535 446 2590 aliter
495 2535 584 2589 vix
625 2543 866 2606 possent.
902 2537 1304 2608 inconsequens
1346 2538 1512 2592 videri
1557 2539 1732 2606 potuit
1775 2553 1869 2607 pa‘

281 2630 581 2684 triarcham
599 2671 614 2695 ,
646 2631 1114 2686 excommunicato
1138 2631 1470 2699 ;uoniinatim
1509 2632 1864 2701 imperatore,

281 2719 625 2786 permittere,
651 2717 1102 2788 quemadmodum
1131 2720 1281 2785 fecit,
1307 2722 1518 2776 clericis
1551 2734 1612 2777 ut
1639 2737 1866 2778 consue-

280 2816 364 2862 tas
420 2823 520 2877 pro
569 2824 634 2864 eo
683 2824 870 2878 preces
921 2811 1094 2880 palam
1141 2812 1194 2864 in
1242 2812 1408 2868 choro
1457 2815 1868 2882 pronuntiarent

281 2895 434 2971 (nam
471 2899 574 2954 hoc
601 2909 719 2954 erat
750 2901 895 2970 ipsos
923 2917 1045 2956 cum
1079 2917 1142 2955 eo
1173 2903 1226 2956 in
1259 2903 1428 2959 sacris
1464 2907 1871 2962 communicare

281 2993 375 3062 qui
415 3007 443 3045 a
480 2994 868 3065 communione
899 2995 1172 3049 abscissus
1202 2993 1428 3066 fuerat),
1464 3006 1572 3050 tum
1611 3006 1869 3066 praeterea

1967 1881 2153 1951 νήσοις
2190 1879 2586 1949 προσίσχουσαι
2622 1877 2722 1931 οὐκ
2767 1876 2957 1943 ὀλίγας
2982 1875 3205 1928 ἐκείνων
3239 1874 3426 1944 ᾕρουν,
3458 1883 3556 1935 καὶ

1969 1973 2281 2044 παραυτίκα
2325 1972 2382 2025 αἱ
2432 1969 2656 2024 ἁλοῦσαι
2712 1970 2966 2039 φρουροῖς
3023 1965 3407 2036 ἠσφαλίζονιο,
3459 1967 3556 2017 καὶ

1980 2065 2275 2134 Ῥωμαίοις
2335 2061 2716 2134 προσεκτῶντο
2774 2061 2830 2112 αί
2883 2060 3134 2121 Λατίνοις
3183 2057 3554 2111 δουλεύουσα.

1980 2157 2074 2221 Ἐξ
2103 2149 2178 2209 ὧν
2218 2155 2556 2224 ἁλισκομένη
2605 2153 2702 2222 μὲν
2742 2153 2980 2221 ἔγνωστο
3025 2151 3219 2212 Νάξος,
3257 2151 3556 2220 αἱρουμένη

1969 2249 2026 2301 δὲ
2062 2250 2241 2317 Πάρος
2273 2247 2523 2318 ἠκούετο,
2575 2249 2668 2300 καὶ
2722 2247 2876 2307 Κέως
2926 2244 3018 2298 καὶ
3054 2245 3336 2314 Κάρυστος
3384 2243 3557 2312 Ὠρεῷ

1972 2427 2074 2482 bus
2116 2428 2480 2497 praecipitatus
2528 2426 2745 2496 injuriis
2787 2435 2899 2481 tota
2948 2426 3195 2496 queritur
3229 2425 3550 2494 antiquitas,

1981 2521 2431 2587 responsantibus
2467 2520 2731 2588 hodieque
2763 2520 2983 2588 tragicis
3011 2519 3209 2574 scenis.
3242 2517 3427 2586 Itaque
3464 2533 3558 2586 pa-

1976 2612 2225 2666 triarcha:
2264 2626 2408 2666 nunc
2442 2627 2658 2681 quoque
2698 2611 2855 2665 istius
2894 2626 3004 2664 sua:
3040 2611 3428 2665 moderationis
3470 2610 3556 2663 hic

1975 2706 2184 2758 frui-tus
2232 2703 2497 2768 constitit,
2534 2711 2590 2754 ut
2634 2704 2934 2771 imperator
2977 2718 3134 2756 suum
3181 2701 3389 2755 facinus
3429 2716 3560 2753 ana-

1976 2800 2210 2850 themate
2239 2797 2354 2848 diro
2383 2797 2714 2848 vindicatum
2755 2804 2846 2846 aut
2875 2792 3056 2846 tulerit
3087 2804 3178 2846 aut
3213 2792 3352 2845 ferre
3387 2794 3556 2846 simu-

1974 2890 2167 2943 laverit
2200 2891 2492 2958 patienter,
2521 2904 2584 2941 ac
2612 2887 2800 2940 volens
2835 2887 3024 2939 uolens
3049 2887 3316 2938 sulnnissa
3347 2885 3560 2938 l'erirnti

1975 2980 2210 3043 cervice,
2239 2982 2372 3032 dans
2406 2979 2578 3032 locum
2605 2978 2768 3047 justae
2800 2979 2917 3037 irae,
2945 2976 3235 3045 quieverit.
3272 2992 3374 3028 non
3413 2993 3563 3027 Inut-

280 3086 654 3155 palriarcbam
697 3089 870 3157 ipsum
915 3104 1013 3159 per
1061 3105 1120 3144 se
1165 3091 1380 3158 operari
1431 3092 1506 3145 rei
1555 3093 1778 3158 divinm’
1814 3093 1868 3147 in
1899 3116 1942 3173 Ο
1978 3085 2199 3125 murans
2229 3071 2294 3124 de
2327 3083 2519 3139 νωιιιι,
2547 3071 2639 3123 sed
2670 3069 2870 3124 factum
2904 3080 2960 3122 ut
2993 3078 3201 3136 poterat
3234 3085 3503 3122 excusans
3541 3085 3555 3121 :

283 3189 392 3243 qua
423 3177 636 3230 sciebat
664 3178 956 3234 honoriﬁce
986 3180 1393 3234 memorandtun
1427 3197 1548 3235 eum
1579 3197 1737 3250 quem
1767 3186 1865 3239 diri

284 3267 658 3320 auathematis
689 3269 1238 3326 vinculis-irretisset.
1277 3270 1475 3326 Verum
1514 3275 1579 3325 ad
1617 3276 1729 3330 baac
1763 3275 1865 3330 dici

283 3366 467 3427 potest
498 3359 694 3414 merito
725 3359 894 3416 visum
931 3361 1176 3417 subicere
1201 3364 1397 3419 debere
1428 3365 1481 3419 in
1513 3365 1599 3418 tali
1634 3381 1867 3434 persona

285 3451 634 3503 severitatem
675 3451 1194 3517 animadversionis,
1223 3471 1344 3524 quae
1370 3455 1571 3526 aliquid
1601 3472 1630 3510 e
1655 3472 1869 3514 summo

286 3541 472 3610 rigore
501 3543 799 3597 remitteret
827 3560 842 3598 :
875 3545 1170 3614 periculum
1205 3548 1347 3600 enim
1379 3547 1579 3616 fuisse,
1610 3564 1679 3604 ne
1711 3553 1764 3605 si.
1786 3555 1870 3608 vel

289 3633 582 3701 pauxillum
616 3634 732 3703 plus
763 3637 1078 3693 acerbitatis
1103 3639 1501 3694 admisceretor
1529 3644 1744 3711 negotio
1775 3661 1871 3713 per

288 3741 350 3781 se
387 3727 610 3792 odioso,
635 3739 829 3784 cuncta
872 3733 1050 3785 statim
1098 3733 1311 3788 modico
1355 3744 1630 3792 momento
1663 3739 1716 3793 in
1751 3755 1870 3809 per-

290 3817 488 3871 niciem
528 3819 860 3888 praecipitata
892 3821 1380 3888 coulonderentur,
1413 3831 1867 3894 quemadmodum

294 3907 348 3962 in
408 3907 768 3978 Empedocleo
831 3912 1178 3982 contingebat
1230 3914 1424 3984 globo,
1476 3933 1636 3986 quem
1691 3920 1871 3976 ventis

294 4003 622 4067 compressis
671 4013 721 4055 et
765 4005 955 4072 sopitis
993 4005 1180 4061 ftetum
1227 4007 1272 4062 si
1313 4008 1437 4076 quis
1478 4010 1870 4080 imprudentius

293 4106 682 4160 Cttn'reclarel,
713 4113 779 4150 ex
813 4114 876 4150 eo
913 4110 1132 4168 repente
1159 4102 1407 4170 procellae
1439 4103 1702 4159 immanes
1731 4121 1868 4161 cun-

294 4196 378 4238 cta
418 4185 526 4240 late
552 4200 990 4266 iconquassanles
1031 4195 1406 4261 erumpebant.
1437 4193 1572 4250 Nam
1613 4211 1720 4266 quo
1764 4215 1868 4254 non

298 4287 417 4330 erat
443 4265 735 4334 verisimile
763 4281 979 4349 prodire
1014 4281 1362 4339 immanitatis
1395 4300 1554 4354 posse
1587 4265 1868 4343 efferatum

300 4368 462 4424 nimis
495 4371 604 4423 acri
641 4373 1000 4438 contumelia,
1035 4374 1350 4430 irritabilein
1385 4378 1622 4448 alioqui,
1653 4381 1721 4436 ad
1757 4379 1869 4437 haec

296 4473 518 4514 summae
569 4462 854 4528 potestatis
897 4462 1001 4517 sibi
1045 4466 1322 4521 conscium
1362 4466 1707 4537 imperatoris
1745 4471 1867 4525 ani-
1900 4451 1946 4507 θ

295 4568 440 4606 mum
461 4593 476 4620 ,
507 4554 594 4607 cui
632 4556 865 4610 tenendo
898 4541 1023 4610 dum
1057 4559 1364 4614 vehementi
1392 4562 1685 4628 cupiditate
1712 4579 1870 4634 rape-

295 4655 478 4708 retur,
526 4645 770 4700 intirmos
823 4663 946 4703 esse
1000 4651 1342 4706 verecundia:
1391 4655 1662 4710 cancellos
1706 4668 1872 4726 atque

295 4733 454 4788 oilicii
501 4736 634 4789 satis
684 4746 802 4791 erat
851 4739 1186 4806 experientia
1231 4755 1590 4811 compertum.
1636 4743 1776 4798 Sane
1821 4746 1868 4799 si

296 4841 397 4880 non
434 4827 548 4881 fere
585 4827 881 4896 patientius
915 4831 1108 4886 domus
1145 4848 1339 4902 magna
1372 4849 1599 4903 parvum
1639 4836 1868 4890 infortu-

296 4919 440 4972 nium
477 4936 636 4988 qnam
675 4921 866 4974 domus
920 4938 1081 4990 parva
1125 4923 1330 4978 cladem
1372 4928 1665 4982 maximam
1707 4927 1870 4999 204

299 5010 512 5073 tolerat,
551 5013 674 5082 quis
713 5025 867 5083 neget
899 5015 1196 5082 prudenter
1224 5017 1422 5073 factum
1455 5029 1512 5073 ut
1543 5023 1608 5074 de
1638 5022 1870 5074 maxima

297 5099 348 5153 in
381 5101 640 5156 familiam
675 5104 1051 5170 potentissime
1080 5118 1392 5176 regnantem
1427 5111 1736 5166 necessario
1768 5114 1872 5166 im-

301 5195 558 5248 mittenda
594 5196 919 5264 calamitate,
954 5209 1212 5266 quantum
1242 5212 1444 5269 posset,
1472 5203 1868 5272 detraheretur,

298 5297 347 5340 et
379 5288 803 5357 adjtmgereutur
829 5289 1399 5362 delinimenta-quihus
1429 5295 1707 5350 amarities
1740 5307 1874 5352 tem-

301 5389 603 5445 per-aretur,
630 5394 696 5434 ne
721 5380 953 5434 stimulis
972 5381 1118 5450 justo
1144 5382 1475 5437 acutioribus
1502 5385 1578 5437 ira
1603 5386 1870 5440 concitata

301 5469 585 5523 elTerretur
618 5470 670 5522 in
709 5475 1054 5540 desperatum
1099 5473 1355 5542 impetum
1398 5476 1645 5531 universa
1687 5493 1870 5532 serum

303 5574 520 5629 possunt
554 5565 606 5614 in
638 5563 860 5616 exitium
891 5563 1171 5617 trahendi?
1198 5563 1385 5619 Testes
1415 5567 1576 5636 hujus
1605 5571 1678 5623 rei
1711 5569 1873 5625 OEdi-

301 5653 494 5721 podcs,
529 5667 697 5706 coma:
729 5651 980 5723 Thyesus
1012 5663 1064 5710 et
1100 5655 1309 5727 Ulyssei
1343 5673 1561 5712 errores
1583 5701 1597 5726 ,
1629 5670 1869 5714 extrema

301 5744 479 5800 omnia
513 5745 767 5813 consilia,
799 5747 852 5801 in
896 5764 1014 5816 quae
1054 5751 1259 5818 priscos
1299 5751 1489 5804 heroas
1533 5755 1691 5807 nimis
1729 5757 1870 5808 atri-

1976 3179 2098 3217 cum
2131 3163 2274 3216 enim
2308 3179 2412 3215 non
2449 3163 2723 3232 ignoraret
2757 3162 2878 3214 talis
2912 3175 2971 3214 se
3001 3169 3334 3229 compertum
3370 3161 3561 3213 erimé—

1979 3256 2064 3309 nis
2093 3257 2233 3323 quod
2266 3255 2407 3308 nulla
2433 3257 2568 3309 satis
2593 3264 2775 3325 posset
2804 3252 3118 3308 defensione
3144 3253 3300 3316 dilui,
3323 3255 3363 3304 si
3397 3267 3556 3321 quam

1981 3346 2134 3400 intus
2164 3347 2215 3400 in
2245 3347 2430 3400 animo
2458 3345 2723 3400 adversus
2749 3347 3094 3401 uiCi5(ettietlt
3128 3345 3260 3398 iram
3290 3357 3560 3413 ('OliCt‘pil,

1973 3439 2206 3507 prodere
2247 3437 2443 3492 saltem
2477 3436 2722 3501 distulit,
2756 3437 2808 3490 in
2856 3450 3094 3504 praesens
3128 3446 3418 3489 contentus
3454 3435 3561 3488 lt-i.i

1973 3545 2263 3598 responso,
2337 3530 2572 3598 spatium
2623 3532 2690 3582 ad
2723 3529 3099 3598 pmnitentiam
3156 3544 3409 3596 poscere,
3454 3535 3558 3598 qua

1973 3622 2272 3690 promereri
2307 3622 2518 3674 veniam
2568 3633 2781 3688 posset,
2815 3623 2891 3674 sic
2925 3636 3109 3674 secum
3145 3624 3407 3674 sobdu:ta
3445 3622 3559 3688 spei

1975 3729 2038 3767 at.-
2078 3716 2348 3768 ratiunutn
2387 3729 2597 3766 summa
2621 3753 2636 3777 ,
2670 3725 2789 3782 post
2827 3717 3039 3767 brevem
3084 3716 3330 3768 obnoxia:
3363 3717 3563 3782 quietis

1981 3823 2212 3871 tnoraiu,
2244 3808 2287 3860 si
2325 3806 2467 3860 velut
2489 3808 2598 3875 jam
2634 3807 2773 3860 datis
2807 3821 2939 3861 satis
2970 3808 3262 3860 illo-tribus
3295 3809 3563 3876 perniten-

1975 3899 2060 3952 tiaa
2091 3913 2204 3951 sua:
2237 3897 2408 3966 signis
2439 3897 2934 3951 recciiciliationem
2963 3909 3190 3967 petent,
3231 3902 3336 3952 voti
3369 3904 3552 3955 Statili!)

1975 4005 2035 4044 se
2081 4001 2386 4058 compotem
2436 3992 2714 4054 futurum,
2769 3992 2966 4059 quippe
3027 4007 3146 4044 mox
3202 3991 3269 4045 ah
3317 4000 3559 4048 exoratis

1971 4082 2294 4149 praesidibus
2356 4095 2634 4136 saerorum
2691 4083 2918 4136 libenter
2967 4083 3438 4152 redintegrandum
3499 4102 3552 4140 in

1973 4183 2174 4229 statum
2203 4173 2515 4243 pristinum.
3592 4167 3594 4170 ’

1974 4286 2061 4342 15.
2107 4284 2174 4340 Ut
2205 4286 2415 4340 navales
2458 4285 2820 4339 Romanorum
2879 4288 3041 4354 ευρίω
3089 4287 3389 4342 triremibus
3432 4292 3560 4347 bona

2265 4359 2290 4374 “
2550 4373 2657 4409 rem
2703 4375 2866 4426 gesset
2883 4372 2977 4410 ml.

2047 4449 2162 4504 Hoc
2197 4447 2424 4503 consilio
2463 4463 2521 4503 se
2569 4449 2739 4516 ipsum
2789 4451 3049 4504 cohibens
3084 4453 3392 4522 aliquandiu
3430 4473 3555 4510 snas

1972 4541 2071 4597 sibi
2122 4541 2375 4611 privatim
2432 4556 2519 4594 res
2574 4541 2793 4604 habuit,
2844 4542 3012 4595 luctui
3072 4545 3380 4616 indulgens,
3432 4565 3555 4602 lett)

1972 4634 2207 4689 fortasse
2257 4633 2470 4697 dolore,
2505 4639 2664 4701 quem
2708 4633 2894 4702 utique
2939 4639 3136 4690 vermis
3176 4645 3552 4702 co:i.~rie.-t.-..-,

1975 4725 2238 4780 teredinis
2270 4726 2443 4779 instar
2471 4740 2592 4778 ossa
2624 4725 2813 4779 intime
2849 4729 3109 4788 rudentis,
3139 4745 3232 4783 Cor
3259 4745 3503 4798 (ll‘lldbtgt‘l
3530 4752 3554 4783 s

1975 4821 2158 4872 animo
2192 4821 2406 4886 penitus
2438 4819 2701 4884 inﬁgeret.
2736 4818 2863 4871 lude
2897 4823 3080 4874 habitu
3119 4829 3252 4875 tristi
3289 4829 3553 4876 (lenus-0—

1974 4925 2080 4980 que
2141 4911 2441 4980 majestatis
2498 4914 2863 4979 imperatoriae
2918 4915 3259 4980 deprimebat
3315 4914 3554 4982 laswtn,

1974 5021 2095 5058 cum
2132 5019 2197 5058 eo
2232 5015 2409 5058 tamen
2447 5015 2505 5058 ut
2538 5006 2699 5058 simul
2743 5016 2958 5059 caveret
2994 5020 3061 5060 ne
3097 5008 3148 5060 in
3184 5018 3550 5078 contemptum

1974 5097 2340 5168 perniciosum
2399 5099 2560 5152 rebus
2613 5100 2727 5153 Suis
2788 5099 2887 5151 ista
2947 5101 3250 5155 humilitate
3310 5105 3552 5159 caderet.

1972 5192 2103 5258 Quae
2134 5192 2298 5262 igitur
2320 5206 2456 5261 opus
2482 5201 2636 5249 erant
2661 5206 2766 5244 non
2799 5192 3056 5247 omitteus
3084 5194 3159 5244 vel
3191 5195 3280 5246 tali
3315 5206 3556 5263 tempore

1973 5303 2196 5356 curare,
2225 5289 2389 5357 jussit
2419 5291 2640 5358 prodire
2669 5289 2889 5342 navales
2923 5291 3138 5356 copias;
3177 5299 3228 5342 et
3258 5289 3416 5358 205
3456 5290 3555 5342 tri-

1976 5396 2152 5435 remes
2179 5382 2243 5435 ad
2278 5384 2482 5437 insulas
2509 5381 2744 5452 appulsae
2774 5397 2879 5434 non
2911 5397 3107 5450 paucas
3131 5399 3316 5436 earum
3343 5383 3556 5438 Latinis

1973 5487 2132 5530 antea
2166 5477 2410 5529 subditas
2441 5485 2853 5545 recuperarunt,
2879 5484 3177 5544 captasque
3204 5476 3384 5530 statim
3417 5492 3557 5545 prte-

1974 5569 2124 5621 sitliis
2170 5568 2440 5635 impositis
2486 5568 2536 5638 in
2585 5567 2952 5620 Romanorum
2990 5570 3333 5634 [l05583550lle
3370 5569 3555 5622 lirma—

1978 5671 2120 5712 I'tttlt.
2170 5659 2368 5712 “Ul'tllll
2425 5663 2596 5713 tittntii
2652 5677 3002 5715 Stttrtjc's‘suuut
3057 5662 3147 5715 alii
3206 5675 3368 5730 super
3413 5661 3560 5716 alios

1978 5757 2288 5809 adio7atiles
2327 5755 2517 5807 merita
2555 5757 2918 5824 gratulatione
2957 5757 3387 5830 excipiebantur,
3423 5757 3555 5812 dum
