3926 6520
349 266 479 382 647⁵

1507 374 1510 378 Α
1555 319 1873 382 GEORGII
1916 314 2400 378 PACUYMEll/E

3490 314 3593 376 6&8

347 429 488 482 κατὰ
518 426 739 497 καιροὺς
773 425 936 489 ἰδίους
970 425 1456 495 συνελαμϐάνοντο,
1490 429 1584 482 καὶ
1612 429 1707 481 σὺν
1737 428 1918 489 ἄλλοις
1944 433 1994 491 Α
2018 424 2151 495 εἶχε.
2185 426 2257 479 Τὸ
2281 424 2337 478 δέ
2362 442 2424 494 γε
2454 421 2709 477 ναότικδν
2734 422 2886 476 ἔπλει
2914 420 2974 488 ἐξ
2998 416 3131 494 ἦρος
3158 424 3214 487 ἐς
3245 421 3594 497 Ἀρκτοῦρον,

346 521 493 591 ἄκρα
524 520 931 591 Πελοποννήσου
965 519 1108 588 ἀμφὶ
1143 520 1531 591 Μονεμϐασίαν
1563 520 1658 573 σὺν
1696 520 1922 591 Σπάρτῃ

348 613 445 663 καὶ
480 609 842 679 Λακεδαίμονι
875 608 982 661 ὑπὸ
1026 609 1315 680 Ῥωμαίοις
1345 610 1613 677 ἐγένοντο.

351 729 449 792 ις’.
484 726 675 789 Ὅπως
697 726 751 792 οὶ
786 722 1039 791 ἀδελφοὶ
1072 725 1179 779 τοῦ
1200 724 1512 789 βασιλέως
1541 725 1648 789 τὰς
1684 720 1801 775 τῶν
1825 720 1926 775 δυ-

587 791 771 846 τικῶν
803 794 1311 861 ἐνεχειρίσθησαν
1335 793 1687 858 διοικήσεις.

422 887 486 961 [Ρ
518 886 645 959 1⁸57]
682 887 817 940 Τότε
846 886 1027 939 τοίνυν
1058 889 1170 949 τοῖς
1216 886 1462 955 ἀδελφοῖς
1505 885 1817 954 ἐγχειρίσας
1858 882 1925 933 τὰ

349 981 564 1043 δυτικά,
594 979 670 1050 τῷ
704 980 799 1049 μὲν
827 979 1063 1051 δεσπότῃ
1105 978 1327 1051 Ἰωάννῃ
1349 979 1446 1040 τὰς
1476 975 1799 1039 ἀνατολικὰς
1824 992 1928 1027 πα-

356 1073 547 1142 ραδοὺς
577 1073 831 1141 δυνάμεις
868 1071 1086 1138 σύναμα
1133 1070 1210 1141 τῷ
1259 1068 1508 1137 Σκυθικῷ
1547 1067 1615 1121 τὰ
1648 1068 1788 1120 κατὰ
1824 1068 1928 1137 γῆν

352 1166 686 1235 προσέταττε
722 1165 985 1234 μετιίναιί,
1015 1166 1109 1217 καὶ
1142 1162 1210 1215 τὰ
1237 1162 1345 1215 τῶν
1368 1161 1640 1232 Ἰλλυριῶν
1670 1160 1927 1229 μεθέπειν

354 1258 449 1310 καὶ
478 1255 814 1325 Τριϐαλλῶν,
847 1258 941 1308 καὶ
969 1256 1035 1308 τὰ
1063 1256 1153 1308 τοῦ
1187 1253 1414 1322 Πηνειοῦ
1439 1254 1630 1321 πέραν,
1657 1254 1756 1322 τὴν
1784 1251 1929 1313 ίδίως

364 1349 589 1404 Ἐλλάδα
634 1348 957 1417 λεγομένην,
1009 1346 1386 1417 κατατρέχειν,
1434 1345 1511 1415 τῷ
1557 1345 1789 1417 δεσπότῃ
1825 1345 1930 1397 Mt-

355 1441 493 1512 χαὴλ
528 1441 869 1510 πολεμοῦντα
896 1456 910 1469 °
943 1440 1191 1509 οὐδὲγὰρ
1219 1436 1286 1510 ἦν
1320 1438 1466 1508 αύτῷ
1498 1438 1928 1509 προφασίζεσθαι

352 1533 436 1586 ὅτι
474 1532 579 1598 ἔξω
616 1548 717 1585 που
764 1535 863 1601 τῆς
910 1531 1165 1602 πατρίδος
1218 1530 1371 1594 ὄντος
1412 1528 1508 1583 τοῦ
1554 1528 1817 1599 βασιλέως
1846 1529 1925 1582 διο

352 1624 550 1681 statuit”
584 1625 651 1679 ἂν
698 1626 952 1688 κάκεῖνος
1001 1625 1069 1678 τὰ
1116 1624 1257 1693 μέρη
1308 1622 1583 1692 κατέχειν.
1624 1621 1729 1674 Τὸν
1767 1619 1825 1673 δέ
1862 1636 1927 1688 γε

357 1716 842 1787 σεϐαστοκράτορα
876 1718 1254 1769 Κωνταντῖνον
1278 1717 1472 1769 ναυσὶν
1501 1714 1807 1783 ἐμϐιϐάσας
1838 1713 1929 1765 επὶ

353 1784 748 1877 Μονεμϐασίας
773 1784 1086 1878 ⁷ἐκπέμπει,
1122 1809 1398 1880 παραδοὺς
1442 1809 1681 1877 κάκείνῳ
1706 1807 1830 1860 ὅσον
1862 1802 1928 1875 ἦν
1963 1784 2003 1838 Β

354 1902 419 1955 ἐκ
454 1902 783 1970 Μαγεδῶπος
830 1901 1139 1969 Ῥωμαίων,
1185 1901 1279 1952 καὶ
1328 1899 1388 1950 τδ
1439 1898 1707 1966 Περσικὸν
1747 1896 1925 1950 amv-

354 1996 416 2047 τὸ
454 1995 563 2063 γὰρ
589 1992 852 2046 Ἰταλικὸν
885 1994 960 2064 μὴ
986 1992 1227 2063 ἁρμόζον
1259 1993 1395 2059 arpi):
1448 1991 1626 2059 μάχην
1650 1988 1930 2058 ,Ἰταλικὴν

353 2090 381 2140 6
412 2088 678 2157 δεσπότης
724 2087 1147 2156 ουνεπεφέρετο.
1198 2085 1453 2153 Συνῆσαν
1496 2084 1553 2137 δὲ
1593 2081 1671 2153 τῷ
1707 2082 1809 2152 μὲν
1846 2082 1932 2134 δε-

357 2180 528 2248 σπότῃ
564 2178 750 2232 πολλοὶ
795 2178 895 2247 μὲν
928 2179 1021 2231 καὶ
1066 2178 1216 2232 ἄλλοι
1256 2176 1363 2230 τῶν
1406 2175 1873 2246 μεγιστάνωνδκαὶ
1904 2175 1932 2227 6

356 2271 817 2340 Καντακουζηνὶς
856 2270 1077 2341 Μιχαὴλ
1106 2271 1134 2323 6
1167 2269 1263 2322 καὶ
1310 2269 1484 2338 μέγας
1507 2270 1563 2321 ἐν
1593 2267 1808 2337 ὑστέρῳ
1841 2284 1934 2319 κο-

356 2360 669 2427 νοσταῦλος,
720 2363 767 2414 oi
824 2360 1036 2430 ἀνεψιοὶ
1087 2360 1299 2413 ἐκείνου
1353 2358 1785 2430 Ταρχαιιειῶται,
1836 2359 1933 2412 καὶ

359 2454 511 2506 ἄλλοι
542 2454 728 2524 συχνοὶ
754 2455 819 2506 ἐκ
848 2452 945 2523 τῆς
980 2453 1185 2516 δύσεως
1223 2452 1303 2521 τῷ
1348 2450 1563 2521 βασιλεί
1604 2450 1933 2521 προσχωρήο

358 2530 577 2609 σαντες,
611 2546 688 2617 τῷ
720 2546 777 2599 δέ
816 2563 879 2614 γε
910 2545 1374 2614 σεϐαστοκράτορι
1406 2542 1555 2597 ἄλλοι
1595 2558 1654 2596 τε
1690 2541 1933 2621 πλεῖστοι

361 2639 458 2691 καὶ
486 2640 513 2691 ό
543 2638 717 2708 μέγας
746 2639 1068 2709 δομέστικος
1111 2639 1139 2692 6
1168 2637 1334 2706 Φιλῆς
1377 2635 1633 2702 ’Δλέξιος,
1663 2635 1761 2687 σὺν
1784 2630 1935 2696 αύτῷ

358 2730 416 2784 δὲ
449 2732 541 2786 καὶ
588 2734 617 2784 6
659 2732 976 2803 Μακρηνὸς,
1024 2730 1083 2783 ὃν
1116 2726 1616 2802 παρακοιμώμενον
1658 2727 1686 2780 6
1717 2725 1934 2797 κρατῶν

360 2923 626 2970 relcrrent
664 2916 821 2971 modo
858 2914 1065 2971 Naxum
1102 2924 1452 2986 occupatam,
1484 2913 1616 2967 alias
1658 2924 1931 2981 expugna-

361 3019 470 3065 tam
511 3010 715 3074 Paron,
745 3008 891 3064 Ceon
938 3023 1000 3062 ac
1044 3007 1330 3079 Carystum
1373 3020 1588 3076 quoque
1626 3018 1752 3059 cum
1792 3001 1935 3058 Orco

361 3102 591 3157 subinde
643 3111 835 3170 capta;
894 3110 949 3155 et
996 3107 1056 3154 ut
1103 3110 1298 3154 cetera
1348 3097 1630 3160 omittam,
1679 3102 1936 3149 montana

362 3194 720 3265 Peloponnesi
776 3195 922 3248 circa
982 3190 1401 3246 Manctubasiam
1459 3204 1579 3243 cum
1634 3188 1827 3259 Sparta
1884 3196 1940 3244 et

364 3287 754 3368 Lacedaemone
775 3283 1037 3339 Romanis
1062 3298 1123 3337 ca
1152 3282 1492 3353 expeditione
1518 3280 1759 3351 subjecta
1790 3290 1938 3338 sunt.

434 3442 526 3501 l6.
564 3443 631 3501 Ut
654 3443 915 3515 fratribus
944 3445 1278 3515 imperatoris
1313 3440 1560 3515 Occidere
1585 3440 1870 3511 provincia:

861 3516 1159 3568 commissa:
1185 3513 1405 3583 fuerint.

437 3651 607 3706 Porro
667 3661 793 3704 tunc
851 3649 1145 3719 imperator
1195 3647 1308 3705 suis
1359 3647 1617 3703 fratribus
1675 3644 1858 3727 Qccidt
1880 3662 1942 3701 as

364 3743 673 3813 provincias
714 3741 1136 3798 commendavit.
1170 3738 1545 3795 Ae'Joannem
1589 3739 1807 3809 quidem
1849 3740 1943 3792 de-

365 3849 574 3904 spoam
621 3833 796 3902 copiis
838 3832 1206 3888 Orientalibus
1253 3841 1308 3888 et
1354 3830 1676 3902 Scytharum
1727 3830 1944 3886 auxili's

368 3926 696 3981 instructum
740 3934 882 3978 terra
923 3939 1112 3994 gerere
1153 3939 1265 3978 rem
1308 3923 1469 3993 jussit
1510 3938 1605 3990 per
1647 3922 1855 3993 Illyrios
1890 3932 1946 3976 et

363 4019 661 4085 Triballos,
713 4029 876 4088 atque
928 4018 1065 4071 ultra
1116 4014 1352 4071 Peneum
1409 4016 1682 4087 regionem
1732 4016 1947 4085 proprie

365 4111 624 4168 Cnet-iant
654 4122 900 4165 vocatam
934 4112 1248 4171 incursare,
1274 4108 1525 4164 bellando
1558 4106 1816 4163 adversus
1846 4106 1944 4162 Mi-

367 4206 609 4259 chaelem
642 4204 945 4273 despotam.
978 4200 1074 4256 Cui
1107 4201 1219 4269 jam
1259 4202 1473 4269 dempta
1510 4207 1626 4254 erat
1657 4199 1744 4254 illa
1779 4214 1947 4255 excu-

367 4295 545 4359 satio,
578 4310 683 4363 qua
722 4296 901 4364 prius,
932 4309 1053 4347 cum
1088 4293 1396 4362 provincias
1430 4292 1548 4346 illas
1585 4300 1942 4360 repeteretur,

367 4387 619 4456 excipere
665 4387 907 4449 solebat,
946 4401 1135 4453 parum
1188 4384 1479 4438 convenire
1528 4383 1939 4453 imperatorem,

2027 518 2130 569 κάν
2166 516 2376 579 πολλοῖς
2406 517 2672 585 εὐστόχει.
2696 511 2841 585 Ἶιγε
2871 514 2926 568 δὲ
2960 514 3118 569 τοῦτο
3145 517 3173 569 6
3201 515 3599 585 Φιλανθρωπη-

2027 609 2114 670 νὸς
2153 611 2179 660 ὁ
2225 610 2671 679 πρωτοστράτωρ
2730 608 2986 673 Ἀλέξιος,
3035 607 3173 678 ἀνὴρ
3223 604 3458 681 γεραρδς
3507 610 3602 660 καὶ

2027 702 2294 766 γενναῖος,
2323 701 2472 769 παρὰ
2506 699 2761 751 τοσοῦτον
2803 699 3125 770 εἰργόμενος
3162 697 3240 767 τῷ
3277 697 3576 767 μεγαλοδο)

2027 793 2178 863 κάτῳ
2209 791 2573 861 σεμνύνεσθαι
2599 791 2870 863 ἀξιώματι
2912 790 3044 861 παρ’
3072 792 3198 844 ὅσον
3220 786 3289 862 ἦν
3319 790 3480 854 ἄλλος
3511 791 3606 843 ἐπὶ

2024 886 2118 938 τοῦ
2151 884 2484 956 ἀξιώματος,
2507 888 2535 939 6
2560 884 2655 938 τοῦ
2689 883 2923 939 παλαιοῦ
2948 884 3195 953 Λάσκαρι
3221 883 3312 938 τοῦ
3340 883 3609 953 βασιλέως

2027 976 2383 1048 αύτάδελφος,
2433 979 2637 1048 ἔξωρος
2681 978 2781 1049 ἤδη
2829 978 2925 1031 καὶ
2976 976 3322 1047 παρηϐηκὼς
3374 975 3467 1028 ἐπὶ
3508 976 3604 1042 τῆς

2028 1071 2441 1126 Κωνσταντίνου
2462 1096 2465 1099 λ
2487 1072 2819 1140 καθήμενος,
2858 1070 3078 1141 βουλαῖς
3109 1068 3234 1122 καθ’
3266 1071 3498 1139 ἡσυχίαν
3530 1068 3609 1138 τῷ

2029 1159 2241 1231 βασιλεῖ
2271 1161 2369 1231 τῆς
2399 1160 2506 1213 τῶν
2541 1161 2738 1213 κοινῶν
2763 1161 3046 1230 φροντίδος
3086 1161 3161 1223 ὡς
3197 1160 3316 1211 ἐνὸν
3349 1160 3611 1231 συναιρό·

2030 1268 2214 1321 μενος,
2254 1253 2282 1303 6
2315 1253 2503 1323 μέντοι
2546 1270 2609 1320 γε
2652 1252 3106 1325 Φιλανθρωπηνδς
3156 1251 3493 1323 ἁγχιστεύων
3526 1253 3610 1321 τῷ

2029 1340 2281 1411 βασιλεῖ)
2318 1344 2411 1396 τὸν
2446 1344 2554 1416 γὰρ
2600 1344 2823 1414 ἀνεψιὸν
2867 1344 3079 1398 ἐκείνου
3115 1345 3206 1397 τὸν
3240 1348 3337 1413 τῆς
3376 1346 3611 1414 Μάρθας

2029 1427 2145 1487 υἱὸν
2176 1435 2395 1507 Μιχαὴλ
2438 1436 2691 1508 γαμϐρὸν
2735 1432 2885 1509 εἶχεν
2924 1440 3018 1491 ἐπὶ
3064 1437 3321 1508 θυγατρί.
3371 1438 3430 1491 Ὀ
3478 1437 3611 1506 γοῦν

2027 1529 2270 1593 τοιοῦτος
2293 1533 2510 1603 κατεῖχε
2544 1530 2604 1584 τὸ
2631 1531 2879 1601 πλόϊμον,
2920 1531 3016 1585 καὶ
3044 1526 3178 1603 ἦρος
3209 1531 3613 1601 ἐξαρτυόμενος

2030 1620 2216 1675 στόλον
2250 1622 2546 1689 ἀπέπλεεν,
2594 1623 2744 1695 ὅμως
2787 1623 2833 1676 δ’
2879 1624 3172 1694 ἐσύστερον
3222 1624 3475 1686 θανόντος
3513 1621 3614 1677 τοῦ

2031 1713 2282 1785 Λὰσκαρι
2311 1714 2410 1785 τὴν
2439 1715 2532 1769 τοῦ
2568 1716 2805 1785 μεγάλου
2839 1716 3036 1789 δουκδς
3075 1717 3231 1782 ἀξίαν
3270 1719 3424 1789 παρὰ
3455 1717 3619 1788 βασι-

2032 1806 2168 1871 λέως
2204 1811 2283 1871 εἰς
2317 1810 2555 1879 ἀμοιϐὴν
2595 1810 2705 1863 τῶν
2739 1812 2928 1863 κόπων
2968 1810 3297 1881 ἐλάμϐανεν,
3330 1812 3405 1875 ὡς
3441 1811 3620 1883 ῥηθή-

2035 1914 2207 1952 σεται.
2239 1898 2380 1951 Ἀλλ’
2404 1896 2555 1954 οὗτοι
2584 1901 2684 1968 μὲν
2716 1900 2877 1972 τριχῆ
2909 1902 3276 1971 κοσμούμενοι
3306 1902 3408 1954 ἀνὰ
3445 1902 3623 1972 μέρος

2030 1991 2100 2042 τὰ
2150 1991 2293 2042 κατὰ
2326 1990 2482 2045 δύσιν
2528 1991 2808 2063 μεθεῖπον.
2860 1992 2966 2046 Καὶ
3000 1996 3028 2047 6
3073 1994 3173 2063 μὶν
3222 1994 3490 2062 δεσπότης
3542 1993 3624 2062 τῷ

2032 2081 2250 2152 Μιχαὴλ
2276 2082 2512 2157 δεσπότῃ
2542 2085 2748 2154 ἐπεῖχε,
2782 2086 2878 2138 καὶ
2919 2086 3235 2139 ἀνεκαλεῖτο
3270 2084 3334 2157 [Ρ
3364 2085 3486 2157 158]
3519 2086 3625 2156 τὴν

2035 2173 2247 2225 ἐκείνου
2278 2172 2461 2244 χώραν
2498 2174 2574 2238 ὡς
2605 2176 2772 2229 πάλαι
2806 2178 2871 2246 τῇ
2909 2176 3159 2247 βασιλείᾳ
3194 2178 3621 2247 προσήκουσαν.

2045 2262 2109 2316 '0
2141 2264 2198 2316 δὲ
2224 2260 2338 2335 εἶχε
2372 2265 2471 2335 μὲν
2520 2265 2785 2337 πρότερον
2829 2266 3290 2337 προφασίζεσθαι.
3326 2269 3418 2319 καί
3449 2269 3622 2337 ἐπρο-

2037 2358 2299 2426 φασίζετο
2338 2359 2889 2431 πιθανολογούμενος,
2938 2360 3013 2423 ὡς
3047 2359 3148 2412 οὐκ
3198 2360 3413 2428 ἀνάγκη
3446 2357 3625 2412 αὐτοῦ

2033 2450 2127 2503 τοῦ
2175 2452 2444 2521 βασιλέως
2490 2453 2584 2507 τὸν
2627 2454 2725 2525 τῆς
2771 2453 3049 2525 βασιλείας
3089 2453 3282 2523 θρόνον
3314 2454 3363 2523 (ό
3403 2452 3451 2507 δ’
3481 2448 3559 2522 ἦν
3590 2454 3625 2523 ἡ

2038 2543 2651 2616 Κωνσταντινούπολις)
2710 2543 2787 2615 μὴ
2844 2545 3168 2616 κατέχοντος
3229 2543 3393 2597 αὐτὸν
3444 2544 3629 2597 ἀπαι-

2033 2639 2245 2692 τεῖσθαι
2275 2639 2337 2692 τδ
2370 2639 2557 2695 λεῖπον
2582 2659 2597 2675 ·
2634 2642 2940 2711 ἀπαιτητέα
2979 2639 3087 2713 γὰρ
3128 2637 3268 2695 εἶναι
3299 2639 3501 2711 μᾶλλον
3529 2642 3629 2693 τον

2036 2730 2226 2804 θρόνον
2254 2735 2380 2800 τοὺς
2414 2733 2650 2801 Ἰταλοὺς
2677 2735 2710 2808 ἦ
2740 2737 2945 2790 ἐκεῖνον
2976 2736 3047 2789 τὰ
3078 2736 3219 2789 κατὰ
3242 2736 3413 2802 δύσιν,
3440 2733 3630 2800 οὕτως

2035 2928 2159 2970 cum
2204 2916 2294 2971 alii
2350 2916 2602 2988 plurimi,
2648 2918 2812 2990 206
2858 2928 2969 2972 tum
3016 2929 3243 2984 magnus
3292 2916 3632 2970 domesticus

2036 3004 2216 3062 Philes
2245 3008 2495 3077 Alexius;
2533 3025 2654 3063 cum
2691 3010 2810 3080 ipso
2844 3009 3124 3063 Macronns
3160 3019 3213 3063 et
3244 3022 3401 3078 quem
3439 3008 3624 3075 iupe-

2041 3109 2190 3152 rator
2215 3098 2446 3153 cubiculi
2480 3098 2796 3170 prtefectum
2830 3099 3034 3153 habuit.
3058 3097 3259 3153 Classis
3292 3099 3568 3163 navigavit
3595 3112 3628 3149 δ

2045 3199 2173 3240 vere
2199 3186 2266 3240 ad
2298 3186 2620 3251 Arcturum,
2651 3195 2705 3241 et
2736 3188 2902 3241 multa
2938 3203 3058 3242 cum
3090 3201 3337 3241 successu
3375 3188 3629 3242 tentavit.

2040 3277 2311 3333 Ductabat
2357 3278 2501 3331 illam
2538 3278 2761 3333 Alexius
2798 3277 3286 3346 Pltilanthropenus
3320 3289 3632 3349 protostra-

2042 3374 2149 3432 tor,
2185 3369 2482 3425 honoratus
2513 3369 2594 3423 vir
2620 3379 2671 3422 et
2703 3379 2957 3425 strenuus
2979 3411 2994 3437 ,
3025 3371 3333 3440 designatus
3364 3371 3476 3440 jam
3518 3373 3631 3427 dux

2044 3476 2307 3532 magnus,
2335 3470 2391 3516 et
2415 3460 2697 3532 dignitatis
2726 3462 2884 3516 istius
2916 3461 3071 3516 titulo
3098 3474 3259 3532 atque
3288 3478 3387 3516 usu
3418 3461 3473 3516 in
3507 3472 3635 3516 tan-

2042 3564 2152 3608 tum
2189 3554 2496 3619 abstinens,
2525 3556 2667 3625 quod
2699 3554 2910 3608 vivebat
2940 3553 3120 3609 adhuc
3150 3555 3285 3610 alius
3324 3555 3418 3610 illo
3454 3557 3635 3627 magi.

2041 3655 2213 3701 stratu
2254 3646 2545 3715 insignitus
2578 3646 2746 3700 frater
2779 3659 3071 3715 germanus
3103 3644 3353 3700 Lascaris
3392 3644 3634 3702 senioris

2041 3738 2302 3808 Augusti,
2343 3736 2537 3793 effetus
2580 3737 2693 3805 jam
2739 3737 2891 3790 senio
2935 3745 2991 3789 et
3031 3733 3146 3791 fere
3189 3735 3524 3804 dtcrcpitus,
3576 3737 3635 3791 in

2045 3830 2228 3898 quiete
2258 3843 2420 3898 quam
2452 3836 2583 3883 aetas
2612 3837 2853 3882 extrema
2883 3827 3159 3897 poscebat,
3189 3826 3430 3881 consiliis
3462 3829 3636 3898 impe-

2042 3922 2210 3975 ratori
2248 3920 2567 3991 opportunis
2601 3918 2668 3974 ad
2699 3933 2987 3974 commune
3019 3917 3259 3988 regimen
3301 3933 3635 3987 cooperans-

2044 4012 2319 4067 Amnitate
2375 4026 2539 4083 porro
2586 4009 3076 4081 Pltilanthropenus
3124 4011 3436 4081 Imperatori
3479 4021 3636 4067 arcta

2046 4105 2373 4175 coniunctus
2401 4115 2553 4172 erat,
2577 4104 2775 4176 quippe
2806 4104 2897 4174 qui
2934 4103 3249 4161 Michaelem
3286 4103 3491 4159 Martha
3531 4108 3639 4160 im-

2045 4198 2313 4268 peratoris
2343 4210 2530 4251 sorore
2561 4203 2765 4258 natum,
2792 4195 3048 4249 collocata
3080 4194 3182 4265 ipsi
3215 4194 3347 4260 lilia,
3373 4209 3635 4263 generum

2048 4289 2294 4345 haberet.
2330 4287 2481 4343 Talis
2521 4287 2686 4355 igitur
2721 4287 2800 4340 vir
2830 4285 3108 4341 navalibus
3143 4284 3426 4355 praefectus
3458 4288 3639 4357 copiis

2045 4382 2220 4436 classe
2269 4382 2443 4450 primo
2485 4394 2613 4434 vere
2661 4379 2919 4433 instructa
2971 4378 3283 4448 navigavit,
3321 4388 3374 4431 et
3410 4376 3637 4434 Lascari

368 4481 460 4549 qui
494 4480 626 4536 urbe
654 4494 747 4534 sua
780 4478 953 4549 patria
982 4489 1036 4532 et
1062 4477 1283 4546 imperii
1306 4478 1481 4546 capite
1516 4488 1746 4537 careret,
1775 4492 1945 4533 metu-
1979 4502 2023 4558 ο
2054 4474 2216 4545 paulo
2257 4482 2383 4543 post
2414 4480 2628 4526 mortuo
2663 4470 2844 4540 magni
2876 4469 3029 4559 tLucis
3058 4469 3375 4539 dignitatem
3416 4471 3484 4523 ab
3525 4470 3634 4524 im-

369 4570 466 4625 bra
504 4569 592 4622 illa
628 4578 681 4624 et
714 4579 894 4636 partes
927 4569 1166 4637 ejusdem
1202 4568 1357 4637 quasi
1393 4567 1640 4640 corporis
1674 4580 1947 4626 extremas

371 4660 654 4732 requirere
678 4676 743 4713 ac
767 4659 919 4728 longe
945 4660 1214 4729 persequi.
1240 4658 1738 4715 Sebastocratorem
1766 4671 1946 4715 autem

371 4749 788 4805 Constantinum
818 4750 1127 4820 impositum
1158 4749 1387 4806 navibus
1416 4751 1678 4806 adversus
1706 4749 1949 4806 Monem-

374 4842 582 4900 basiam
633 4843 830 4911 mittit,
875 4844 1099 4898 tradens
1150 4842 1221 4896 illi
1268 4852 1527 4912 quantum
1578 4842 1947 4898 Romanorum

374 4935 532 5005 prius
578 4934 629 4987 itt
677 4932 1029 5003 Magedonum
1077 4931 1296 5003 regimte
1341 4931 1695 4994 militaverat,
1728 4942 1787 4987 ct
1827 4934 1948 4987 uni-

379 5039 589 5078 versam
632 5037 890 5094 prteterea
930 5023 1170 5077 militiam
1211 5024 1503 5079 Persicam.
1536 5024 1668 5079 Nam
1708 5026 1949 5081 Italicum

378 5119 707 5182 exercitum,
736 5119 875 5171 Itautl
908 5129 1089 5186 aptum
1120 5117 1292 5169 visunt
1325 5117 1467 5171 bello
1499 5116 1762 5173 adversus
1794 5117 1953 5174 Italos

377 5209 643 5280 gerendo,
677 5210 914 5264 Joannes
958 5212 1181 5279 despota
1227 5224 1411 5263 secum
1460 5209 1781 5266 abduxerat.
1820 5211 1951 5267 Cum

376 5303 567 5358 eodem
610 5319 776 5375 porro
815 5304 1034 5368 despma
1080 5305 1306 5358 comites
1348 5305 1701 5372 expeditionis
1744 5306 1957 5360 iverunt

375 5395 466 5449 alii
501 5413 713 5466 quoque
751 5400 904 5450 multi
941 5398 1300 5466 optimatum,
1335 5398 1478 5451 inter
1509 5411 1645 5465 quos
1678 5398 1951 5452 Cantacu-

372 5504 541 5543 ttcuus
571 5487 824 5553 Michael,
851 5490 942 5558 qui
979 5501 1165 5558 postea
1198 5506 1423 5558 magnus
1455 5491 1803 5545 t'onostaulus
1831 5489 1953 5558 fuit,

374 5582 628 5650 illtusque
670 5583 939 5651 patrueles
982 5581 1397 5651 Tarcbauiotte;
1448 5586 1668 5651 insuper
1706 5586 1826 5649 alii,
1863 5587 1953 5654 qui

378 5673 695 5740 frequentes
728 5689 793 5727 ex
826 5673 1079 5730 Occiduis
1118 5675 1379 5731 tractibus
1411 5677 1475 5730 ad
1511 5689 1691 5745 partes
1730 5679 1957 5747 impera-

381 5766 519 5823 toris
547 5767 893 5823 transierant.
921 5766 1416 5825 Sebastocratorcm
1444 5784 1571 5824 vero
1596 5772 1957 5839 sequebantur

2052 4577 2305 4639 peratore
2346 4565 2399 4619 in
2439 4564 2718 4635 praemium
2758 4563 3007 4619 laborum
3049 4565 3277 4630 accepit,
3311 4572 3367 4616 ut
3400 4563 3635 4619 t.icetur.

2053 4662 2208 4717 Hunc
2235 4661 2287 4715 in
2320 4659 2536 4714 modum
2564 4658 2825 4714 trifariam
2855 4659 3108 4714 instructi
3138 4656 3333 4713 fratres
3358 4668 3413 4713 et
3438 4674 3635 4713 neces-

2050 4754 2184 4811 sarii
2227 4752 2569 4824 imperatoris
2618 4751 2673 4806 in
2725 4752 2945 4806 totidem
2985 4749 3346 4806 Occiduarum
3393 4752 3638 4819 partium

2054 4859 2259 4905 tractus
2309 4853 2616 4901 moverunt.
2653 4847 2730 4899 Ac
2776 4844 3000 4914 despota
3046 4843 3262 4912 quidem
3316 4841 3636 4899 Michaelem

2054 4946 2333 5011 despotatn
2378 4939 2611 4993 adortus
2638 4935 2918 5007 repetebat
2954 4944 3254 5005 occupatas
3291 4936 3358 4990 ab
3396 4951 3460 4990 eo
3505 4952 3638 5006 pro.

2055 5033 2261 5087 vincias
2297 5041 2355 5087 ιιι
2388 5030 2512 5085 olim
2554 5030 2620 5083 ad
2658 5030 2943 5098 imperium
2990 5031 3348 5097 pertinentes.
3382 5029 3469 5083 Ea:
3508 5045 3634 5085 cum

2056 5137 2214 5182 antea
2256 5124 2709 5193 reposcebantur,
2734 5121 2939 5175 solebat
2984 5119 3070 5174 ille
3112 5120 3470 5189 plausibiliter
3504 5137 3638 5175 cau-

2056 5218 2166 5273 sari
2221 5215 2362 5270 haud
2414 5215 2788 5283 tempestivam
2846 5215 3220 5281 repetitionem
3273 5214 3428 5267 istam
3478 5228 3634 5279 esse;

2058 5324 2181 5364 nam
2212 5307 2338 5377 quid
2368 5307 2625 5360 attineret
2661 5308 3041 5373 imperatorem
3078 5307 3204 5359 sede
3239 5306 3353 5372 ipsa
3392 5308 3633 5373 imperti,

2057 5401 2190 5455 urbe
2229 5398 2728 5467 Constantinopoli,
2761 5399 3041 5452 exclusum
3071 5397 3136 5450 de
3165 5398 3324 5450 rebus
3358 5408 3507 5451 tanto
3536 5400 3635 5450 mi-

2061 5492 2207 5548 noris
2249 5492 2514 5546 momenti
2555 5492 2940 5561 recuperandis
2967 5505 3090 5545 esse
3121 5491 3447 5546 sollicitum?
3478 5488 3636 5544 Reci-

2059 5596 2211 5656 pcret
2250 5586 2483 5655 priurum
2526 5585 2593 5638 ab
2633 5583 2777 5639 Italis
2812 5584 3010 5637 solium
3051 5583 3229 5651 regni,
3259 5593 3370 5637 tum
3412 5597 3544 5638 sane
3574 5584 3637 5637 tle

2062 5679 2391 5749 rcgiunculis
2438 5679 2558 5733 istis
2597 5676 2855 5732 Occiduis
2890 5675 3050 5746 207
3088 5675 3157 5730 ab
3194 5690 3251 5729 se
3292 5675 3636 5744 reposceudis

2061 5769 2347 5839 cogitaret.
2399 5766 2505 5825 Nec
2557 5784 2723 5839 porro
2780 5768 2941 5823 istam
3003 5782 3161 5834 rem,
3216 5782 3380 5837 quam
3439 5768 3639 5825 dixisse
