3926 6516
297 390 399 451 649

1228 386 1325 448 DE
1369 385 1760 446 MICHAELE
1800 383 2261 449 PALEOLOGO
2302 383 2448 443 LIB.
2491 381 2602 443 III.

3431 378 3533 438 050

293 500 707 571 ἀνηρτημένους
735 499 967 567 πάμπαν
1009 496 1100 550 καλ¹
1146 496 1299 564 μόλις
1343 496 1689 566 ὁριζομένους
1726 494 1859 548 Θεσ-
1888 496 1932 551 Α
1958 493 2050 547 θεν
2078 494 2548 561 ἐπαναζεύξαντος
2572 510 2800 563 υστερον
2827 494 3020 556 αὐτοὺς
3043 493 3533 561 ἐγκαταλελεῖφθαι

296 590 573 661 σαλονίκῃ.
606 589 845 642 Τοιαῦτα
875 588 1007 657 γοῦν
1041 587 1363 654 ἀπελογεῖτο
1402 588 1685 657 πρότερον.
1731 588 1866 641 Τότε

293 683 349 734 δὲ
410 681 545 734 ἀλλά
594 680 777 751 χώραν
827 680 894 750 ἢν
954 680 1003 731 οῖ
1056 681 1228 746 γονεῖς
1283 678 1494 731 ἐκείνου
1543 679 1726 739 πόνοις
1774 677 1869 729 καὶ

298 772 489 843 ἱδρῶσι
535 772 631 825 καὶ
667 771 828 840 μόνον
854 768 952 840 οὐχ
1000 769 1195 837 αἵμασι
1232 767 1519 832 στὰζοντες
1562 767 1870 836 προσεκτή-

297 884 461 921 σαντο
503 870 595 920 καὶ
642 867 841 937 κλῆρον
896 864 1186 919 κατέλιπον
1240 866 1351 926 τοῖς
1406 865 1585 927 παισὶ,
1636 863 1754 926 πῶς
1803 862 1870 916 ἂν

296 962 391 1015 καὶ
446 960 671 1021 δικαίως
726 957 1126 1026 ἀπαιτούμενος
1177 956 1438 1025 ἀποδῴη;
1480 954 1717 1017 Ἰταλοὺς
1762 954 1870 1025 γὰρ

297 1053 761 1122 ἀφαιρουμένους,
790 1051 885 1103 καὶ
923 1050 996 1119 μὴ
1038 1048 1360 1115 Ῥωμαίους,
1402 1048 1544 1101 κατὰ
1573 1048 1633 1101 τὺ
1662 1048 1872 1101 δίκαιον

296 1146 393 1200 καὶ
445 1147 562 1208 τοῖς
610 1145 669 1208 ἐξ
714 1145 939 1195 ἐκείνων
988 1144 1067 1202 είς
1115 1140 1364 1209 διαδοχὴν
1413 1140 1761 1193 καταλείπειν
1797 1138 1872 1200 ὡς

298 1240 565 1307 σφέτερον
600 1236 802 1305 κλῆρον
841 1234 902 1297 ὲξ
935 1235 1134 1303 ἀρετῆς
1158 1247 1173 1263 ⁸
1222 1229 1281 1285 εὖ
1322 1232 1431 1301 γάρ
1478 1232 1575 1285 καὶ
1620 1230 1873 1299 λελέχθαι

298 1329 372 1391 ὡς
401 1328 558 1381 οὐδὲν
590 1328 803 1389 οὐδενὸς
838 1326 977 1396 πλὴν
1027 1326 1120 1377 τοῦ
1166 1323 1561 1387 σπουδάζοντος
1600 1322 1741 1376 κατά
1773 1324 1873 1376 πό-

296 1422 490 1490 λεμον.
536 1423 644 1475 Καὶ
696 1419 839 1472 οὕτω
892 1420 989 1488 μὲν
1043 1398 1584 1487 διαμφισϐητούντων
1628 1418 1693 1469 τὰ
1737 1417 1873 1469 Ῥω-

302 1513 481 1581 μαίων
515 1511 593 1580 τῷ
624 1511 863 1583 δεσπότῃ
895 1509 1283 1579 στρατεύματα
1308 1508 1727 1579 κατετρίὸοντοο
1759 1511 1787 1561 ό
1818 1506 1875 1560 δέ

297 1615 361 1666 γε
403 1599 859 1669 σεϐαστοκράτωρ
908 1602 973 1669 τῇ
1024 1598 1384 1670 Μονεμὸασίᾳ
1429 1600 1524 1653 καὶ
1564 1600 1675 1662 τοῖς
1714 1598 1877 1668 πέριξ

242 1678 245 1681 ’
300 1688 762 1758 προσκαθήμενος
815 1687 1220 1758 καθημερινοὺς
1276 1688 1549 1759 πολέμους
1594 1689 1733 1759 πρὸς
1784 1690 1877 1743 τὸν

206 1760 244 1792 Α
302 1780 578 1851 Πρίντζην
614 1781 814 1849 ἐξῆγε·
848 1782 983 1851 μηδὲ
1014 1782 1122 1851 γὰρ
1147 1782 1434 1845 ἀρκεῖσθαι
1468 1782 1547 1851 τῷ
1581 1782 1740 1853 μέρει
1779 1782 1878 1851 τῆς

301 1873 493 1938 νήσου,
533 1874 713 1925 πᾶσαν
753 1873 808 1925 δὲ
854 1875 1128 1943 κρατῆσαι
1189 1874 1381 1939 θέλων,
1436 1874 1711 1944 ὑπάρχους
1740 1874 1879 1943 ἔχων

302 1962 396 2014 τόν
431 1980 493 2015 τε
527 1965 701 2033 μέγαν
729 1965 1047 2033 δομέστικον
1066 1965 1154 2018 τὸν
1173 1965 1340 2034 Φιλῆν
1374 1967 1470 2018 καὶ
1491 1966 1583 2019 τὶν
1616 1982 1881 2037 παρακοι-

306 2056 563 2125 μώμενον
597 2057 914 2127 Μακρηνὸν,
944 2056 1018 2121 ὡς
1053 2057 1172 2110 ὲνὸν
1206 2056 1526 2127 ἠγωνίζετο.

382 2215 555 2281 .ζ’.Τὰ
588 2217 739 2271 κατά
778 2216 887 2271 τὸν
911 2216 1447 2341 σξιῖρὲκοιμὼμενον
1483 2217 1809 2286 Μακρηνὸν

994 2306 1035 2339 ω
1079 2304 1254 2341 γνην.

994 2304 1254 2355 ωαγνην.

378 2420 488 2475 Ἤν
524 2423 569 2475 δ’
605 2422 911 2491 εὐδοκιμῶν
954 2424 982 2476 ό
1034 2419 1557 2492 παρακοιμώμενος,
1609 2423 1704 2476 καὶ
1752 2424 1881 2495 παρ’

308 2518 525 2587 ἐχθροῖς
554 2516 722 2585 ὄνομα
755 2515 895 2586 ἔχων
944 2517 1039 2567 ἐπὶ
1091 2516 1355 2585 στρατείᾳ
1412 2518 1508 2568 καὶ
1553 2518 1613 2569 τὸ
1654 2516 1886 2587 φοϐερὸν

307 2611 745 2681 ἐνδεικνύμενος,
784 2608 927 2662 ὥστε
960 2608 1054 2662 καὶ
1086 2607 1181 2661 τοῦ
1217 2607 1718 2678 σεϐαστοκράτορος
1743 2610 1887 2663 ἐκεῖ·

306 2788 530 2842 omnino
581 2788 1039 2856 praevertendam.
1088 2785 1304 2842 facilem
1352 2795 1445 2840 aut
1491 2786 1637 2841 brevi
1686 2789 1887 2844 transi-

310 2881 541 2945 gendam
580 2893 841 2949 apparere
876 2894 891 2932 :
934 2877 1093 2933 Italos
1128 2879 1273 2933 enim
1323 2888 1433 2932 tum
1475 2880 1661 2948 procul
1698 2896 1819 2937 esse
1855 2896 1885 2936 a

312 2971 587 3025 reddenda
624 2968 885 3024 Romanis
920 2970 1132 3038 imperii
1172 2972 1482 3040 metropoli,
1511 2981 1567 3025 ut
1595 2973 1758 3028 etiam
1794 2989 1889 3043 spe

312 3080 418 3117 non
464 3077 689 3131 prorsus
728 3078 862 3116 vana
906 3064 1200 3133 majoribus
1244 3063 1475 3130 inhient,
1510 3073 1565 3119 et
1604 3068 1738 3121 adeo
1781 3082 1886 3122 non

1973 586 2068 640 xui
2114 586 2209 640 τοῦ
2265 585 2672 656 στρατεύματος
2704 585 2917 656 ἄρχειν,
2954 588 3049 640 καὶ
3086 588 3152 659 δὴ
3200 588 3543 658 μαχομένους

1970 679 2228 740 πολλάκις
2267 678 2367 749 μὲν
2402 680 2702 749 εὐστοχεῖν,
2739 680 2867 749 μίαν
2893 680 2950 732 δέ
2983 698 3044 747 γε
3078 681 3377 749 σφαλέντας
3409 698 3534 750 κρα-

1970 770 2201 841 τηθῆναι
2231 770 2374 824 κατὰ
2407 771 2644 841 πόλεμον
2678 771 2772 825 καὶ
2810 772 3174 841 ἀμφοτέρους.
3201 774 3333 826 Τότε
3362 774 3545 828 τοίνυν

1972 863 2060 917 ἐπ’
2092 862 2274 932 ὀλίγον
2312 864 2693 934 κατεχομένων
2728 863 2791 935 [Ρ
2823 864 2948 936 159]
2983 866 3039 917 ὲν
3084 854 3352 935 φυλακαῖς
3386 865 3414 918 ὁ
3446 867 3544 936 μὲν

1977 957 2151 1026 μέγας
2175 956 2494 1026 δομέστικος
2526 955 2882 1025 ἀποθνήσκει,
2919 956 3019 1025 ἡδ’
3059 958 3263 1011 ἐκείνου
3311 958 3545 1029 πενθερὰ

1975 1047 2211 1114 Εύλογία
2252 1049 2400 1102 δεινά
2446 1048 2617 1100 ἐποίει
2660 1046 2737 1114 τῷ
2796 1047 3006 1116 βασιλεῖ
3062 1049 3545 1118 προσαγγέλλουσα

1978 1140 2053 1202 ὡς
2087 1140 2306 1210 προδῴη
2345 1141 2444 1210 μὲν
2472 1140 2500 1192 ὁ
2526 1140 3017 1211 παρακοιμὼμενος
3044 1140 3134 1192 τὸν
3164 1143 3376 1213 ἐκείνης
3409 1161 3547 1212 γαμ·

1976 1232 2129 1303 ὀρὸν,
2155 1235 2247 1285 καὶ
2276 1232 2350 1296 ὡς
2379 1232 2633 1302 ἐπίτηδες
2680 1231 2977 1302 κρατηθείη
3018 1232 3108 1284 καὶ
3149 1225 3302 1294 οὗτος
3343 1234 3422 1295 εἰς
3450 1233 3548 1285 πό-

1975 1327 2172 1393 λεμον,
2221 1324 2465 1394 ὀρύσσων
2523 1324 2713 1394 βόθρον
2767 1324 2846 1395 τῷ
2900 1326 3280 1395 συστρατήγῳ,
3334 1326 3430 1379 καὶ
3478 1326 3553 1387 ὡς

1978 1417 2192 1486 ἀληθῶς
2234 1416 2329 1469 ἐπὶ
2359 1414 2572 1479 τούτοις
2618 1417 3027 1486 κατηγορεῖται.
3062 1417 3250 1483 λόγους
3296 1419 3433 1488 ἔχων
3462 1423 3555 1471 καὶ

1981 1508 2297 1577 συμφωνίας
2335 1508 2471 1578 πρὸς
2520 1507 2612 1561 τὸν
2666 1505 2935 1577 Πρίντζην
2992 1507 3289 1578 λαμϐάνειν
3333 1509 3430 1579 τὴν
3460 1509 3554 1563 τοῦ

1980 1602 2227 1669 Λάσκαρι
2251 1599 2524 1669 Θεοδώρου
2546 1598 2638 1652 τοῦ
2668 1598 2929 1668 βασιλέως
2952 1600 3226 1671 θυγατέρα
3252 1602 3555 1671 (κεχὴρωτο

1980 1695 2089 1763 γὰρ
2117 1693 2211 1745 τοῦ
2257 1691 2467 1761 ἀνδρὸς)
2500 1694 2676 1743 ἐκεῖσε
2721 1691 3030 1757 διάγουσαν,
3076 1693 3167 1743 καὶ
3231 1692 3348 1760 μετ’
3380 1693 3558 1745 αὐτῶν

1984 1781 2119 1840 εἶναι
2150 1783 2461 1854 παραδόντα
2505 1783 2604 1852 τὴν
2651 1782 2857 1852 χώραν,
2915 1785 3008 1836 καὶ
3054 1784 3438 1852 ἀντιπράττειν
3481 1783 3558 1853 τῷ

1988 1877 2211 1948 βασιλεῖ.
2245 1876 2432 1929 Ταῦτα
2457 1874 2691 1943 λέγουσα
2735 1874 2825 1927 καί
2854 1892 2915 1942 γε
2954 1875 3301 1944 προστιθεῖσα
3332 1877 3363 1945 ἡ
3396 1876 3562 1928 Εὐλο-

1982 1969 2075 2038 γία
2102 1968 2239 2039 πρὸς
2267 1968 2357 2020 τὸν
2377 1967 2604 2034 ἀδελφὸν
2638 1964 2836 2034 πιθανὴ
2866 1966 3038 2018 ἐδόκει
3061 1980 3074 1993 ⁸
3100 1961 3168 2035 ἦν
3201 1966 3309 2033 γὰρ
3341 1968 3405 2019 ἐκ
3432 1966 3561 2018 πολ-

1982 2062 2077 2117 λοῦ
2124 2061 2349 2115 τοιαῦτα
2385 2059 2622 2123 ἀκούσας
2655 2059 2783 2132 περὶ
2833 2060 3042 2112 ἐκείνου
3089 2060 3177 2112 καὶ
3222 2062 3248 2113 ό
3284 2059 3558 2128 βασιλεύς.

1984 2155 2213 2209 Συνίστα
2243 2153 2299 2207 δὲ
2324 2154 2421 2217 τὰς
2460 2153 2790 2223 κατηγορίας
2843 2154 2935 2205 καὶ
2969 2153 3033 2205 τὰ
3070 2152 3163 2205 τοῦ
3205 2153 3395 2223 ἀνδρὸς
3426 2171 3561 2207 κατ-

1983 2247 2296 2317 ορθώματα,
2340 2246 2415 2309 ὡς
2453 2246 2598 2308 είκδς
2626 2239 2765 2298 εἶναι
2786 2243 2958 2309 οὕτως
2983 2245 3370 2316 εὐδοκιμοῦντα
3400 2246 3566 2299 ὑπελ-

1986 2340 2097 2394 θεῖν
2120 2342 2333 2403 ἐκεῖνον
2360 2343 2449 2392 τὸν
2501 2339 2769 2409 Πρίντζην
2816 2339 2909 2390 καὶ
2958 2339 3183 2391 τοιαῦτα
3234 2337 3351 2407 μετ’
3397 2339 3562 2393 αὑτοῦ

1988 2431 2440 2496 συσκευάζεσθαι.
2476 2432 2547 2484 Τὸ
2584 2430 2641 2484 δέ
2690 2447 2752 2497 γε
2804 2430 2936 2500 πρὸς
2990 2431 3089 2500 τὴν
3152 2430 3424 2501 θυγατέρα
3470 2432 3564 2485 τοῦ

1989 2523 2249 2595 βασιλέως
2277 2522 2436 2592 κῆδος
2458 2522 2555 2576 καὶ
2576 2523 2695 2574 λίαν
2719 2522 2901 2575 ἱκανὸν
2924 2522 3166 2591 οἰόμενος
3195 2522 3401 2575 πείθειν
3424 2524 3565 2576 ἐκεῖ-

1988 2632 2075 2669 νον
2107 2614 2182 2677 ὡς
2210 2616 2489 2685 μεγίστοις
2535 2612 3134 2683 ἑπιγαμδρευσόμενον,
3165 2613 3259 2665 καὶ
3280 2612 3395 2665 λίαν
3427 2629 3567 2682 παρ-

1992 2791 2092 2857 ria,
2123 2792 2233 2858 jam
2278 2789 2419 2858 apud
2463 2790 2643 2845 hostes
2684 2790 2914 2844 celebris
2957 2789 3097 2843 fama
3141 2793 3347 2860 peritiae
3386 2809 3566 2848 rerum

1995 2883 2308 2938 bellicarum
2340 2894 2482 2936 eteo
2509 2881 2722 2936 nomine
2748 2883 2878 2949 ipsis
2908 2882 3203 2937 formidati.
3234 2882 3384 2938 Unde
3414 2886 3569 2940 seba-

1990 2985 2289 3031 stocratore
2320 2973 2469 3027 illinc
2500 2984 2681 3041 postea
2721 2972 3036 3037 recedente,
3063 2972 3105 3026 is
3143 2973 3213 3027 ibi
3256 2990 3377 3029 cum
3414 2974 3566 3030 Phile

1991 3080 2075 3124 est
2110 3069 2361 3130 relictus,
2395 3076 2452 3121 ut
2484 3066 2747 3121 exercitui
2784 3074 3097 3135 praeessent.
3127 3066 3242 3133 Qua
3286 3067 3338 3122 in
3379 3069 3568 3139 prazfe-

312 3155 729 3209 contemuendis
784 3156 893 3209 sint
949 3155 1153 3209 viribus
1206 3166 1261 3210 ut
1309 3172 1498 3211 eorum
1554 3157 1685 3212 ditio
1742 3173 1883 3228 arare
1908 3165 1953 3224 C.
1986 3173 2143 3218 ctura
2179 3176 2302 3215 cum
2336 3174 2478 3227 saepe
2512 3172 2767 3227 prospere
2802 3167 3167 3229 pugnassent,
3197 3160 3362 3231 208
3402 3176 3551 3217 seme

314 3247 706 3302 Thessalonica
760 3247 995 3301 finiatur.
1049 3246 1190 3312 llac,
1241 3248 1489 3318 inquam,
1532 3250 1651 3320 ejus
1701 3254 1882 3321 omni,

314 3340 421 3403 una
478 3340 626 3406 prius
681 3354 738 3392 se
784 3339 1116 3406 iactaverat,
1162 3344 1408 3398 oratione
1450 3360 1591 3399 nunc
1639 3346 1883 3414 sublata,

314 3431 445 3482 illud
485 3429 643 3483 modo
678 3444 774 3498 pro
810 3443 867 3484 se
901 3430 1197 3498 allegabat,
1233 3432 1506 3501 regionem
1548 3450 1607 3490 se
1644 3436 1887 3493 obtinere

314 3541 474 3589 quam
496 3534 677 3593 patres
698 3524 778 3579 soi
809 3524 1112 3589 laboribus,
1140 3526 1424 3580 sudoribus
1450 3543 1513 3581 ac
1544 3538 1748 3584 tantum
1779 3546 1884 3584 non

316 3617 436 3668 fuso
494 3615 737 3669 stillatim
800 3616 1020 3685 proprio
1071 3618 1333 3686 sanguine
1387 3632 1689 3688 parassent.
1736 3620 1888 3677 Hanc

317 3706 687 3760 lnereditatem
732 3707 798 3760 ab
844 3706 975 3776 ipsis
1012 3709 1077 3760 ad
1122 3707 1259 3763 filios
1301 3711 1673 3767 transmissam
1714 3713 1888 3782 possi-

317 3801 449 3852 dere
491 3815 612 3854 sese
640 3799 765 3868 jure
813 3815 972 3868 quam
1011 3802 1214 3870 optimo
1250 3819 1266 3855 :
1303 3818 1556 3871 quorsum
1606 3821 1735 3873 ergo
1776 3810 1889 3876 ipse

320 3892 463 3945 illam
512 3892 695 3962 inique
739 3893 1108 3962 repetentibus
1149 3894 1452 3949 relaxaret?
1494 3895 1636 3953 Sane
1675 3900 1719 3953 si
1766 3900 1891 3953 red-

319 3984 491 4038 denda
520 3994 684 4048 esset,
713 3984 778 4038 iis
807 3986 983 4053 potius
1014 3986 1160 4040 reddi
1186 3996 1460 4051 oporteret
1482 3989 1678 4057 quibus
1704 4002 1889 4060 erepta

319 4077 409 4127 sit.
445 4073 563 4128 Non
595 4085 773 4130 autem
810 4076 1091 4141 Romanis,
1124 4080 1216 4132 sed
1254 4076 1401 4134 italis
1436 4083 1583 4148 prius
1608 4080 1730 4151 jure
1766 4084 1887 4137 belli

314 4168 693 4229 obtinentibus
722 4176 895 4222 terras
923 4168 1043 4222 illas
1068 4169 1117 4221 vi
1146 4172 1450 4226 extorsisse
1478 4172 1711 4242 majores
1738 4189 1887 4241 suos,

320 4277 550 4331 quorum
583 4278 639 4315 se
667 4270 913 4331 posteros
945 4277 1007 4315 ac
1038 4262 1280 4317 sobolem
1309 4262 1436 4329 frui,
1464 4280 1624 4332 quam
1657 4266 1890 4336 legitime

325 4354 656 4418 crevissent,
687 4354 1001 4408 haereditate
1034 4370 1097 4409 ac
1132 4356 1459 4424 patrimonio
1492 4356 1738 4421 virtutis,
1772 4360 1892 4427 quis

324 4461 430 4501 non
478 4447 562 4500 fas
611 4454 666 4499 et
705 4460 919 4515 aequum
963 4461 1083 4499 esse
1133 4445 1397 4500 fateatur?
1440 4445 1577 4503 Vere
1626 4449 1887 4519 siquidem

1988 3255 2361 3315 offenderunt,
2420 3253 2493 3306 ita
2555 3259 2613 3305 ut
2670 3251 2857 3321 prtelio
2917 3251 3153 3309 infausto
3212 3257 3372 3310 ambo
3428 3258 3571 3325 capti

1990 3346 2223 3402 hostium
2247 3343 2490 3399 custodia
2514 3343 2911 3407 detinerentur,
2934 3343 2986 3397 in
3006 3360 3113 3414 qua
3142 3361 3366 3415 magnus
3384 3347 3571 3401 dome-

1988 3439 2156 3494 sticus
2182 3446 2237 3490 et
2272 3445 2538 3489 mortuus.
2571 3433 2744 3504 Hujus
2774 3448 2964 3490 socrus
2999 3434 3218 3505 Eulogia
3254 3452 3375 3491 cum
3406 3438 3565 3492 istum

1990 3527 2237 3582 nuntium
2285 3524 2469 3579 dolore
2521 3538 2619 3578 suo
2676 3524 2913 3579 maximo
2961 3525 3201 3579 auditum
3258 3527 3572 3597 imperatori

1995 3618 2249 3679 referret,
2278 3614 2554 3686 proditum
2593 3614 2660 3670 ab
2691 3614 2834 3670 sacri
2870 3616 3100 3669 cubiculi
3135 3616 3387 3686 prmfecto
3415 3633 3572 3673 suum

1957 3722 2247 3777 .generum
2290 3716 2482 3775 questa
2523 3716 2626 3771 εει,
2664 3720 2919 3761 assert-ns
2959 3707 3221 3762 volentem
3261 3708 3572 3765 Maerenum

1993 3799 2131 3854 bello
2171 3800 2369 3855 victum
2413 3798 2692 3861 fuisse,et
2733 3813 2800 3852 ex
2842 3800 3140 3868 composito
3185 3801 3461 3857 inductum
3504 3804 3573 3858 ab

1992 3890 2111 3958 ipso
2155 3889 2209 3943 in
2253 3888 2496 3958 proviSas
2541 3888 2768 3943 insidias
2808 3906 3059 3960 magnum
3098 3893 3474 3949 domesticum.
3508 3894 3573 3949 Et

1992 3997 2180 4037 revera
2208 3982 2455 4051 quaadam
2486 3981 2828 4050 increbuerat
2852 3999 2958 4036 non
2990 3998 3212 4051 prorsus
3240 3986 3571 4043 inverisimi-

1994 4074 2059 4127 lis
2112 4074 2232 4126 talis
2266 4072 2501 4142 perfidia:
2532 4074 2735 4141 Opinio,
2767 4074 2952 4127 multis
2985 4090 3050 4129 ex
3086 4076 3393 4147 suspicione
3431 4080 3577 4134 aflir-

1997 4164 2271 4219 mantibus
2314 4166 2492 4232 egisse
2533 4165 2671 4218 clam
2716 4175 2769 4218 et
2808 4169 3125 4222 COIIVCIIlS>e
3169 4186 3288 4222 cum
3333 4172 3576 4242 principe

1996 4257 2331 4321 Macrenum,
2360 4259 2627 4326 promissa
2660 4261 2784 4314 huic
2812 4259 2876 4313 ab
2911 4260 2999 4314 illo
3028 4260 3293 4317 Theodori
3323 4264 3574 4323 Lascaris

1996 4349 2343 4418 imperatoris
2389 4352 2574 4419 nuperi
2626 4351 2733 4404 tilia
2776 4368 2792 4408 :
2841 4353 2954 4407 Itazc
2994 4355 3133 4407 enim
3182 4356 3252 4409 ibi
3298 4368 3484 4428 nupta,
3519 4370 3577 4414 ut

1996 4442 2265 4508 diximus,
2296 4442 2409 4495 viro
2437 4442 2634 4497 deinde
2669 4453 2886 4499 mortuo
2920 4448 3056 4515 apud
3091 4450 3384 4518 principem
3418 4453 3573 4508 vidua

322 4540 524 4591 dictum
574 4536 701 4590 illud
752 4534 919 4600 ferri,
968 4534 1102 4588 nihil
1151 4534 1463 4605 cujusquam
1512 4538 1718 4593 meliori
1769 4540 1891 4605 jure
1921 4531 1971 4590 D
2001 4537 2293 4603 perstabat.
2316 4535 2620 4590 Pollicitum
2648 4549 2828 4592 autem
2860 4540 2949 4593 tali
2983 4543 3232 4597 mercede
3262 4543 3570 4600 Macrenunt

321 4629 596 4696 proprium
639 4627 846 4681 censeri
881 4642 1039 4695 quam
1082 4628 1222 4694 quod
1266 4638 1519 4698 satagens
1560 4631 1789 4700 quisque
1828 4647 1890 4685 ae

324 4720 639 4789 periclitans
672 4734 829 4771 manu
868 4718 971 4772 sibi
1005 4734 1067 4771 ac.
1097 4716 1267 4773 Marte
1299 4721 1591 4787 qumsierit.
1622 4720 1767 4776 Inter
1794 4723 1891 4777 has

324 4809 580 4877 utrinque
614 4807 664 4860 in
696 4807 913 4876 longum
943 4808 1292 4874 procedentes
1317 4824 1411 4863 sua
1436 4810 1556 4879 jura
1582 4810 1707 4865 hinc
1731 4822 1891 4882 atque

324 4902 451 4955 inde
497 4900 845 4969 allegantium
893 4898 1273 4953 altercationes
1321 4900 1488 4969 copiae
1530 4899 1756 4956 Joannis
1794 4903 1889 4956 de-

326 5000 495 5054 spota:
524 4990 688 5043 ductu
720 4989 1014 5042 militantes
1047 4998 1257 5057 tempus
1288 5004 1401 5043 rem
1437 4991 1654 5056 gerendi
1691 4994 1894 5048 contri-

331 5088 544 5131 veruut.
576 5079 643 5130 At
679 5078 1081 5130 sebastocrator
1110 5076 1531 5130 Monembasiam
1569 5091 1623 5133 et
1657 5080 1891 5134 circum-

330 5170 502 5235 posita
538 5168 793 5222 obsidens
830 5168 945 5221 loca
983 5167 1221 5235 quotidie
1255 5182 1376 5220 cum
1412 5168 1653 5237 principe
1686 5186 1893 5240 pugna-

329 5260 417 5311 bat
450 5276 462 5310 :
494 5274 595 5310 non
631 5258 772 5311 enim
806 5273 866 5311 ea
902 5272 1058 5325 quam
1097 5256 1321 5311 Romani
1351 5258 1464 5328 jam
1499 5274 1894 5329 occupaverant

329 5346 684 5415 Peloponnesi
727 5358 878 5418 parte
921 5356 1224 5408 contentus.
1259 5350 1561 5405 universam
1604 5352 1894 5425 subjugare

328 5441 637 5505 allectabat,
674 5442 737 5494 ad
778 5442 831 5493 id
869 5440 968 5511 ipsi
1005 5456 1104 5509 pro
1142 5440 1281 5494 virili
1318 5442 1735 5511 cooperantibus
1758 5460 1892 5516 quos

325 5536 428 5588 sub
483 5551 541 5588 se
593 5536 826 5589 habebat
878 5537 1082 5599 duces,
1134 5533 1285 5589 Phile
1341 5537 1643 5604 prtesertim
1701 5554 1893 5609 magno

329 5626 620 5679 domestico
650 5636 702 5679 et
730 5625 979 5681 Macreno
1012 5626 1152 5680 sacri
1183 5626 1416 5680 cubiculi
1449 5627 1722 5691 praefecto.

332 5715 414 5769 l7.
450 5716 523 5768 De
543 5714 749 5769 Joanne
781 5715 1030 5770 llacreno
1088 5717 1311 5786 Augusti
1343 5718 1567 5771 cubiculi
1617 5723 1889 5790 prwfeclo.

396 5804 451 5860 In
482 5807 565 5865 bis
596 5809 737 5864 sacri
770 5809 1005 5863 cubiculi
1044 5809 1282 5878 pra‘fc-cti
1322 5811 1590 5882 praecipua
1630 5825 1745 5869 erat
1778 5815 1892 5887 glo-

677 5910 943 5969 PA'I‘llOL.
988 5911 1103 5969 Gn.
1133 5908 1377 5970 CXLIII

1997 4628 2209 4681 aiebant
2255 4628 2580 4681 tradituruut
2632 4644 2754 4683 sese
2802 4632 3029 4701 principi
3079 4648 3197 4696 qua:
3243 4633 3466 4689 Bouiani
3518 4640 3572 4692 in

1997 4718 2369 4787 Peloponneso
2402 4729 2692 4787 ceperant,
2720 4730 2773 4774 et
2807 4722 3118 4790 imperatori
3152 4735 3408 4794 quantum
3447 4742 3572 4795 pos-

1995 4822 2077 4866 5'11
2103 4812 2450 4865 obstiturttm.
2477 4811 2598 4864 "(DC
2625 4811 2845 4879 Eulogia
2871 4812 3024 4868 fratri
3053 4815 3237 4871 dicens
3260 4820 3570 4874 verisimilia

1998 4903 2143 4971 loqui
2177 4904 2287 4955 visa
2322 4913 2425 4966 est,
2454 4916 2517 4957 eo
2549 4904 2689 4972 quod
2719 4904 3035 4973 jamdudum
3072 4908 3195 4962 talia
3227 4909 3291 4963 de
3326 4910 3572 4965 Macreno

1998 4993 2294 5061 imperator
2343 4995 2602 5048 audisset.
2657 4996 2940 5051 Addebant
2997 5009 3174 5053 autem
3238 5004 3572 5059 aceusatiOni

1996 5086 2153 5138 fidem
2184 5084 2340 5139 fortia
2365 5086 2462 5139 viri
2495 5086 2653 5151 facta,
2676 5100 2741 5141 ex
2769 5090 2966 5156 quibus
2996 5090 3253 5145 credibile
3279 5098 3572 5161 apparebat

1996 5184 2246 5229 conatum
2297 5174 2466 5230 fuisse
2518 5177 2819 5245 principem
2868 5178 3097 5233 delinire
3145 5189 3253 5234 tam
3307 5184 3567 5256 inclytum

1999 5267 2141 5322 bello
2172 5268 2364 5321 ducem
2395 5278 2449 5321 et
2479 5269 2536 5321 in
2568 5283 2695 5322 suas
2725 5284 2846 5321 eum
2878 5280 3056 5338 partes
3091 5273 3385 5329 attrahere.
3417 5278 3570 5343 Quod

1994 5373 2160 5429 porro
2197 5358 2491 5413 addebatur
2522 5359 2591 5413 de
2623 5360 2851 5429 conjuge
2889 5361 2988 5429 ipsi
3024 5363 3291 5419 destinata
3326 5368 3429 5422 filia
3468 5372 3570 5425 int-

1998 5452 2266 5521 pcratoris
2295 5449 2589 5514 Theodori,
2621 5450 2672 5505 id
2703 5460 2758 5505 et
2783 5450 3209 5509 efﬁcacissimum
3242 5456 3569 5517 incentit'nnt

1995 5542 2210 5613 quidvis
2255 5542 2488 5595 audendi
2538 5541 2788 5597 Macreno
2833 5545 3073 5599 futurum
3115 5549 3355 5617 videbat,
3387 5554 3571 5623 utique

1995 5648 2203 5689 summe
2236 5634 2555 5701 expetibiles
2590 5635 2724 5690 tales
2754 5637 2973 5705 nuptias
3004 5638 3100 5693 sibi
3139 5644 3409 5697 crcdituro
3446 5662 3571 5715 pro-

1996 5727 2115 5796 pte'r
2148 5726 2456 5779 allinitatem
2493 5742 2652 5795 quatn
2690 5744 2784 5798 per
2817 5744 2909 5784 eas
2950 5747 3071 5784 cum
3120 5734 3368 5787 maximis
3411 5737 3570 5791 iniret

2000 5814 2268 5873 domibus.
2299 5813 2365 5868 Ει
2393 5814 2520 5883 quia
2557 5815 2697 5872 idem
2731 5818 3135 5874 matrimonium
3171 5821 3566 5886 periculosissi-

3108 5921 3176 5977 .‘21
