3926 6542
352 439 457 504 653

1299 433 1412 493 'DE
1452 427 1844 491 MICHAELE
1884 425 2342 487 PALazomGo
2382 427 2529 489 ιλιι.
2585 407 2730 489 ιιι(

3482 431 3588 494 654

347 549 536 605 τεῦοεν
566 546 633 601 τά
663 547 832 601 πάντα
868 562 880 575 ο
910 543 958 597 εί
985 540 1030 596 δ’
1056 541 1155 596 οὑκ
1193 537 1298 594 εἶδε
1340 542 1431 594 τὸν
1457 540 1643 606 τόπον,
1675 537 1912 590 κελεύων
1940 544 1986 599 Α
2015 538 2170 604 δίκην
2197 536 2512 603 ἀποθέσθαι,
2553 538 2644 593 ὑπ’
2674 539 2980 610 ἀμηχανίας
3031 542 3122 596 ἐπὶ
3157 543 3378 612 μεσῑτας
3421 549 3585 602 πνεύ-

346 641 668 711 διαγράφειν
697 639 821 702 τοὺς
863 636 1071 699 εξδότας
1095 633 1253 695 αὑτὸς
1285 632 1509 687 καθίστα
1540 629 1910 699 προστάττων,

346 733 439 787 καὶ
459 726 528 802 ἦν
552 728 903 799 ἐπηρτημένη
941 725 1122 796 κρίσις
1166 723 1242 793 τῷ
1269 720 1719 794 παρακούσαντι),
1755 720 1915 782 αὐτὸς

341 822 522 876 τοίνυν
564 821 796 890 πέμπων
842 819 940 881 τὰς
994 818 1252 886 δυνάμεις
1297 815 1375 883 τῷ
1419 816 1539 867 τότε
1591 813 1760 882 συχνὰ
1809 811 1914 863 τῶν

344 916 460 967 ἐκεῖ
487 913 580 966 ὑπ’
622 911 770 981 αὑτῷ
805 911 998 974 ἐποίει,
1048 910 1142 960 καὶ
1175 906 1429 977 ἡλίσκετο
1480 906 1577 975 μὲν
1621 900 1918 956 Φιλιππού-

346 1004 524 1068 πολις,
562 1005 845 1073 ἐκρατεῖτο
876 1000 934 1055 δέ
977 999 1308 1069 Σθενίμαχον
1339 997 1616 1067 φρούριον,
1648 997 1741 1048 καὶ
1770 994 1916 1056 ἄπας

343 1094 371 1145 ό
398 1093 508 1158 ἔξω
537 1093 631 1146 τοῦ
660 1092 833 1163 Αἴμου
867 1089 1032 1159 ζυγὸς
1081 1087 1486 1157 συγκατείχετο.
1530 1085 1702 1140 Ἑάλω
1737 1086 1792 1138 δὲ
1821 1083 1915 1137 τοῦ

343 1188 572 1257 Μυλτζῆ
629 1187 882 1248 διδόντος,
927 1185 1001 1248 ὡς
1051 1181 1392 1252 λεχθήσεται,
1427 1179 1519 1232 καὶ
1563 1176 1916 1245 Μεσέμδρεια

345 1275 563 1348 μεγάλη
591 1276 764 1340 πόλις,
791 1274 888 1329 καὶ
911 1272 1199 1344 ’Δγχίαλος
1224 1271 1593 1341 συνηλίσκετο.
1624 1268 1731 1322 Καί
1760 1284 1824 1334 γε
1849 1266 1918 1318 τὰ

343 1369 507 1438 πέριξ
560 1368 814 1436 ἐκείνων,
869 1366 1016 1431 ἅπαξ
1065 1365 1379 1436 γευσάμενα
1435 1363 1533 1432 τῆς
1589 1361 1912 1431 μεταϐολῆς,

340 1463 577 1532 ἠγάπων
602 1462 704 1514 ὑπὸ
740 1460 948 1530 βασιλεῖ
979 1457 1342 1528 διοικούμενα.
1375 1455 1439 1530 [Ρ
1466 1453 1593 1526 Ml]
1626 1454 1916 1506 Κωνσταν-

338 1553 476 1624 τίνῳ
501 1553 559 1606 δὲ
586 1553 674 1607 διὰ
702 1551 873 1604 ταῦτα
892 1548 1148 1619 ἔκπληξις
1183 1548 1465 1619 ἐμπίπτει,
1494 1548 1584 1598 καὶ
1616 1543 1918 1616 ἀμύνεσθαι

342 1645 445 1714 μὲν
472 1645 574 1697 οὐκ
604 1641 717 1713 εἶχε
748 1643 808 1695 τὸ
850 1642 1121 1712 τηνικάδε,
1159 1641 1308 1709 ὅμως
1344 1639 1388 1692 δ’
1411 1638 1647 1691 ἐνεκότει
1677 1639 1788 1700 τοῖς
1818 1654 1918 1688 πει

340 1737 704 1807 πραγμένοις,
737 1735 831 1789 καὶ
856 1737 1042 1805 καιρὸν
1067 1732 1268 1804 ἐζήτει,
1315 1732 1372 1784 ὃν
1401 1732 1465 1800 δὴ
1510 1730 1604 1783 καὶ
1642 1729 1750 1781 τῶν
1781 1744 1919 1798 πρα-

341 1828 573 1897 γμάτων
601 1827 777 1897 ψυχὴν
803 1822 1070 1896 λέγουᾶιν,
1104 1824 1267 1889 ἀξίως
1299 1823 1643 1893 ἀμυνεῖσθαι.

341 1986 435 2041 ιβ’.
471 1989 665 2052 Ὅπως
698 1989 1107 2057 ὑπερχόμενος
1129 1991 1162 2042 ὀ
1180 1985 1484 2052 ,βασιλεὺς
1507 2000 1540 2037 τ
1543 1985 1620 2057 ὧν
1643 1982 1917 2052 πατριάρ-

449 2115 454 2118 έ
525 2076 646 2127 κην
665 2061 782 2126 τὴν
811 2053 1287 2128 -τῦὔάρορισμοῦ
1317 2057 1505 2111 λύσιν
1528 2053 1737 2122 ἐζήτει.

418 2194 512 2265 Τῷ
562 2196 744 2264 μέντοι
799 2210 862 2261 γε
904 2193 1115 2263 βασιλεῖ
1165 2191 1257 2245 καὶ
1315 2192 1487 2245 ταῦτα
1546 2189 1838 2261 πράττοντι
1870 2190 1918 2242 oi

344 2288 604 2357 λογισμοὶ⁸
635 2287 904 2357 ὁσημέραι
935 2286 1369 2355 διεταράσσοντο.
1415 2284 1489 2336 Ut)
1539 2284 1649 2352 γὰρ
1693 2283 1920 2352 ἠρεμεῖν

344 2381 558 2432 ἐκεῖνον
595 2381 682 2433 εἴα
708 2379 946 2441 συνειδός
974 2395 988 2410 ο
1037 2378 1097 2430 τὺ
1123 2377 1230 2446 γὰρ
1267 2376 1524 2436 τοιούτοις
1552 2376 1767 2442 δεσμοῖς
1801 2390 1921 2426 συν-

343 2470 594 2524 δεδέσθαι
638 2471 727 2524 ῐσα
755 2472 850 2523 καλ⁵
877 2471 938 2522 τὸ
985 2470 1148 2540 μηδὲν
1178 2465 1318 2521 εἶναι
1351 2468 1533 2522 ἐτίθει.
1583 2465 1672 2536 Τῷ
1716 2483 1797 2518 τοι
1827 2465 1921 2517 καλ⁵

348 2565 489 2633 μήτε
522 2562 686 2616 τόπον
725 2561 1020 2627 ἀπολογίας
1063 2561 1201 2631 ἔχων
1255 2561 1378 2630 μήτ’
1418 2560 1655 2612 ἐπίνοιαν
1692 2557 1783 2611 τοῦ
1823 2557 1922 2627 τὴν

355 2749 624 2794 tueretur.
659 2739 857 2806 Quodsi
901 2737 1076 2793 locum
1119 2739 1170 2791 in
1210 2751 1314 2806 quo
1354 2736 1541 2790 bellari
1577 2735 1923 2806 contingebat

352 2849 632 2904 nunquam
680 2845 918 2900 priesens
962 2839 1288 2900 spectasset,
1332 2829 1754 2898 descriptionem
1801 2828 1922 2898 ejus

350 2930 408 2984 in
460 2926 637 2981 tabula
688 2926 965 2993 figuratam
1017 2922 1084 2975 ab
1126 2922 1234 2976 illic
1284 2923 1514 2976 versatis
1561 2922 1768 2977 habens
1816 2937 1925 2991 prae

354 3019 563 3078 oculis,
605 3016 810 3070 minute
856 3014 1038 3068 omnia
1091 3013 1381 3067 mandabat
1427 3028 1761 3083 quaecunque
1809 3017 1921 3086 geri

353 3113 552 3179 agique
587 3124 616 3163 e
652 3123 709 3162 re
743 3108 914 3172 foret;
951 3115 1007 3159 et
1039 3105 1317 3160 sanciebat
1348 3106 1685 3174 disciplinam
1727 3117 1924 3171 metus,

2020 645 2147 698 ματι
2183 628 2386 692 ζῶντας
2422 630 2514 682 καὶ
2566 630 2813 701 συνήθεις
2851 630 2930 702 τῷ
2959 635 3266 707 πατριάρχῃ
3303 636 3584 707 ἐτρέπετο,

2017 723 2108 774 καὶ
2158 721 2529 792 κατηντιϐόλει
2582 722 2796 792 θερμῶς
2845 724 2937 777 τοῦ
3008 725 3208 796 δεσμοῦ
3257 728 3348 781 τὸν
3402 731 3587 802 ίκέτην

2016 811 2244 875 ἀνεῖναι,
2274 811 2366 862 καὶ
2400 812 2765 878 μετεγνωκότι
2789 811 2886 882 τὴν
2921 813 3215 883 θεραπείαν
3244 818 3494 886 ἐπάγειν,
3521 822 3588 892 ἢν

2018 903 2221 962 ἐκεῖνος
2260 901 2507 970 βούλεται
2534 915 2551 930 ⁸
2589 899 2728 957 εἶναι
2775 904 2884 975 γάρ
2927 904 3144 973 ἕτοιμον
3191 910 3449 977 πράττειν
3479 912 3506 963 ὅ
3535 929 3588 964 τι

2017 994 2368 1060 προστάσσοι,
2403 997 2463 1044 τὸ
2518 994 2701 1062 μέντοι
2748 1011 2811 1060 γε
2859 996 3081 1062 γεγονὸς
3126 1001 3385 1068 ἀποίητον
3415 1001 3587 1054 οεῑναι

2020 1083 2096 1154 μὴ
2125 1083 2349 1137 δυνατὸν
2373 1084 2508 1148 ὅλως
2546 1081 2702 1140 εἶναι.
2751 1089 2812 1140 Οί
2845 1087 2899 1140 δὲ
2928 1089 3077 1158 παρὰ
3122 1091 3210 1144 τὸν
3245 1092 3590 1166 πατριάρχην

2018 1175 2298 1245 ἐρχόμενοι
2351 1177 2692 1246 ἀπήγγελλον
2748 1179 2846 1248 μὲν
2886 1181 2980 1234 καὶ
3032 1183 3100 1235 τά
3153 1183 3248 1236 τοῦ
3300 1184 3588 1255 βασιλέως,

2017 1268 2112 1320 καὶ
2137 1267 2231 1334 ἀφ’
2264 1267 2444 1321 αὐτῶν
2495 1269 2555 1321 δὲ
2590 1270 2816 1325 πλείστα
2867 1274 3218 1340 προσετίθουν
3270 1277 3348 1345 τῷ
3381 1277 3594 1346 βασιλεί

2018 1357 2388 1428 χαριζόμενοι.
2448 1359 2506 1412 '0
2542 1360 2586 1412 δ’
2621 1361 2908 1434 ὑπερεώρα
2959 1365 3056 1435 τὴν
3112 1365 3296 1434 δέησιν
3351 1369 3443 1422 καὶ
3481 1369 3591 1422 οὐδ’

2019 1449 2154 1512 ὅλως
2193 1451 2470 1520 προσεῖχε.
2507 1452 2843 1523 Περιστερὰν
2879 1458 2986 1526 γὰρ
3022 1457 3201 1526 βαλεῖν
3229 1459 3308 1520 είς
3336 1461 3428 1514 τὸν
3471 1461 3593 1514 κόλ-

2019 1556 2119 1593 πον
2149 1539 2275 1610 ἔφη,
2318 1543 2580 1613 κάκείνην
2613 1548 3220 1616 μετασχηματισθεὴαν
3250 1553 3330 1614 είς
3355 1551 3476 1620 ὅφιν
3499 1553 3594 1623 δῆ-

2023 1632 2110 1696 ξαι
2133 1632 2269 1702 πρὸς
2300 1631 2528 1687 θάνατον
2555 1649 2570 1664 ·
2608 1636 2873 1707 ὑπεδήλου
2904 1638 2959 1691 δὲ
2990 1640 3058 1691 δι’
3084 1642 3284 1710 άμφοῖν
3308 1642 3416 1695 τῶν
3436 1645 3593 1696 ἐναν-

2019 1725 2296 1777 τιωτάτων
2324 1724 2476 1788 ζώων
2498 1725 2589 1778 τὸν
2615 1727 2777 1780 αὑτὸν
2807 1727 3030 1796 βασιλέα
3062 1735 3155 1784 καὶ
3187 1733 3301 1797 ἕνα,
3321 1734 3380 1786 οὐ
3407 1734 3592 1804 φύσιν,

2020 1816 2158 1870 ἀλλὰ
2183 1815 2410 1886 γνώμην
2437 1817 2587 1885 σφίσι
2615 1801 3106 1890 παρεικαζόμενον.
3149 1826 3256 1878 Καὶ
3291 1801 3463 1880 ταῦτα
3494 1829 3597 1897 μὲν

2019 1909 2047 1961 6
2075 1907 2422 1978 πατριάρχης
2457 1911 2548 1962 καὶ
2598 1911 2768 1964 πλείω
2813 1913 3044 1981 τούτων,
3076 1918 3168 1969 καὶ
3209 1919 3285 1982 ὡς
3313 1921 3425 1972 οὐδ’
3455 1921 3522 1974 ἂν
3547 1922 3601 1976 el

2018 2017 2070 2052 τι
2121 2002 2218 2054 καὶ
2270 2003 2477 2068 γένοιτο
2515 2003 2606 2056 τὸν
2639 2003 2939 2074 ἀφορισμδν
2993 2007 3193 2074 λύσειε,
3235 2010 3338 2065 κᾶν
3388 2031 3598 2085 προσα-

2021 2093 2177 2164 πειλῇ
2215 2094 2286 2147 τὰ
2325 2096 2492 2160 κακὰ,
2552 2095 2653 2150 κᾶν
2691 2099 2853 2152 αὑτὸν
2905 2099 3152 2156 θάνατον.
3207 2107 3270 2156 Οἱ
3308 2105 3351 2157 δ’
3405 2107 3592 2161 ὑπονο-

2024 2183 2273 2246 στοῦντες
2296 2188 2388 2240 καὶ
2428 2186 2496 2238 τὰ
2526 2186 2618 2239 τοῦ
2660 2193 2997 2261 πατριάρχου
3033 2193 3317 2262 δηλοῦντες
3337 2197 3427 2259 είς
3452 2199 3599 2268 ἁμη-

2021 2276 2210 2343 χανίαν
2265 2277 2522 2348 πλείστην
2581 2279 2830 2333 ἐνέϐαλον
2877 2284 2968 2335 τὸν
3013 2284 3340 2354 κρατοῦντα.
3373 2289 3480 2340 Καὶ
3515 2291 3594 2353 ὃς,

2022 2367 2211 2436 ἐπειδὴ
2258 2371 2352 2420 καὶ
2384 2371 2444 2422 τὸ
2471 2371 2897 2441 αὐτοπρόσωπον
2936 2377 3349 2447 ἀντιφάρμακον
3379 2380 3598 2448 λέγουσι

2025 2460 2204 2528 (τοῦτο
2238 2457 2518 2532 γάρ.εἶναι
2574 2469 2694 2528 ταῖς
2749 2467 3027 2531 ὑπονοίαις
3085 2475 3176 2522 καὶ
3223 2473 3320 2542 τὴν
3361 2471 3597 2545 Γοργὼ),

2024 2551 2186 2615 αὐτὸς
2237 2554 2380 2622 ἔγνω
2445 2557 2883 2629 προσερχόμενος
2938 2562 3291 2632 ἐντυγχάνειν
3349 2567 3442 2620 καὶ
3501 2568 3602 2640 τὴν

1996 2735 2251 2790 -multum
2305 2735 2432 2790 licet
2480 2738 2754 2807 cogitans,
2798 2740 3134 2796 comminisci
3183 2752 3395 2812 posset,
3445 2744 3600 2814 inops

2025 2827 2373 2895 expeditioris
2417 2829 2627 2884 consilii
2681 2831 2840 2884 vertit
2885 2846 3007 2885 sese
3052 2833 3118 2886 ad
3168 2833 3486 2902 interpretes
3536 2853 3602 2894 ac

2025 2921 2407 2977 conciliatorcs
2442 2923 2592 2991 pacis
2628 2938 2724 2993 pro
2760 2939 2818 2977 se
2853 2926 2918 2977 ad
2956 2927 3323 2992 patriarcham
3368 2930 3600 3000 allegan-

2027 3011 2148 3066 dos.
2176 3011 2345 3078 Quam
2380 3015 2445 3066 ad
2476 3027 2588 3066 rem
2621 3022 2768 3067 ratus
2797 3015 3016 3068 idoneos
3040 3018 3300 3085 quosdam
3333 3020 3449 3074 vita:
3476 3038 3602 3076 san-

2027 3103 2214 3160 ctioris
2256 3103 2624 3173 professores,
2657 3106 2906 3162 assiduos
2942 3118 2996 3163 et
3038 3109 3332 3166 familiares
3375 3114 3602 3178 patriar-

353 3217 506 3259 certo
565 3203 909 3271 impendente
971 3214 1075 3253 non
1134 3200 1630 3267 obtemperantibus
1688 3203 1924 3269 periculo
1949 3211 1992 3274 ρ
2027 3197 2164 3260 clm.
2189 3211 2284 3263 per
2311 3197 2408 3253 hos
2439 3211 2625 3264 preces
2653 3213 2780 3253 suas
2811 3199 2876 3252 ad
2908 3193 3298 3266 illum'dellllil.
3324 3204 3604 3259 Vehemen-

349 3295 570 3366 judieii,
614 3293 876 3362 supﬂicio
925 3306 1047 3345 mox
1095 3291 1489 3344 damnationem
1542 3304 1819 3349 secuturo,
1863 3293 1915 3348 in

355 3387 500 3440 hunc
546 3385 762 3438 modum
803 3383 986 3437 missis
1031 3393 1155 3435 tunc
1196 3383 1364 3450 copiis
1404 3384 1662 3452 pleraque
1708 3385 1918 3439 illorum

359 3489 629 3530 tractuum
663 3477 766 3531 sibi
798 3474 1045 3541 subjecit.
1070 3471 1198 3524 Nam
1228 3485 1382 3541 capta
1409 3486 1492 3528 est
1519 3475 1917 3545 Philippopolis,

356 3579 673 3635 occupatum
710 3566 1111 3620 Stenimachum
1156 3565 1463 3629 castellum,
1489 3566 1672 3632 jugqu
1709 3567 1923 3619 univer-

357 3675 475 3712 sum
507 3668 658 3713 extra
688 3659 930 3712 Htemum
960 3659 1217 3712 Romamn
1249 3657 1562 3726 adjunctum
1595 3657 1785 3710 dilioni
1816 3667 1921 3712 est.

360 3750 593 3819 itecepta
639 3751 796 3819 211
835 3759 919 3804 est
951 3750 1145 3820 Myltza
1165 3791 1179 3815 ,
1210 3758 1267 3802 ut
1298 3749 1524 3811 dicetur,
1555 3747 1780 3802 dedente
1817 3747 1927 3802 Me-

361 3844 642 3906 sembrea,
673 3859 863 3910 magna
901 3843 1122 3905 civitas,
1153 3857 1270 3895 cum
1309 3856 1414 3910 qua
1450 3851 1503 3894 et
1532 3840 1826 3895 Anchialos
1867 3840 1922 3893 in

361 3945 684 4006 potestatem
720 3943 1025 3988 nostrorum
1058 3935 1223 3987 venit.
1254 3933 1420 3985 Porro
1450 3947 1568 4001 quze
1596 3934 1800 3987 circum
1829 3931 1926 3986 has

363 4032 529 4081 urbes
567 4029 760 4096 oppida
803 4030 1030 4096 pagique
1067 4036 1242 4092 erant,
1277 4035 1432 4094 gustu
1471 4024 1637 4078 semel
1676 4023 1930 4076 mutatio-

363 4122 448 4172 nis
476 4130 696 4188 accepto
725 4120 981 4170 tltalenles
1011 4117 1317 4185 itnperatori
1347 4117 1592 4179 subesse,
1621 4116 1866 4169 certatim
1897 4131 1926 4168 a

365 4213 594 4280 Bulgaro
624 4210 966 4266 deﬁciebant.
1003 4208 1234 4264 Urebant
1268 4209 1377 4261 haec
1411 4208 1594 4260 intime
1623 4206 1929 4260 Constanti-

364 4320 490 4358 num
523 4305 780 4370 imparem
807 4311 934 4355 time
959 4300 1253 4356 resistendo
1275 4309 1325 4353 et
1352 4299 1579 4369 jacturis
1605 4313 1666 4351 ac
1690 4299 1931 4353 cladibus

365 4397 526 4450 toties
557 4395 806 4463 repetitis
839 4395 1148 4446 attonitum.
1178 4391 1415 4463 Ringcus
1445 4406 1573 4459 ergo
1605 4405 1666 4444 ac
1699 4395 1929 4444 fremens

363 4491 514 4559 (nam
556 4488 699 4540 aliud
739 4487 792 4539 in
834 4487 1115 4552 praesentia
1156 4502 1259 4538 non
1299 4481 1528 4552 poterat)
1564 4482 1929 4549 exspectabat,

2024 3298 2106 3341 tvr
2152 3303 2314 3342 orans
2367 3297 2424 3342 ut
2462 3304 2522 3343 se
2566 3290 2861 3359 supplicem
2907 3294 3046 3347 nodo
3091 3309 3196 3364 quo
3235 3297 3604 3365 stringebattir

2023 3377 2296 3442 solveret,
2328 3394 2391 3433 ac
2441 3381 2723 3449 poenitenti
2772 3381 3200 3441 satisfactionem
3243 3401 3404 3455 quam
3432 3387 3606 3444 ’vellet

2025 3471 2319 3540 imperaret
2388 3490 2402 3526 :
2470 3489 2529 3528 se
2592 3475 2792 3544 quippe
2856 3486 3160 3547 promptum
3228 3492 3471 3544 paratum
3534 3483 3602 3537 ad

2025 3565 2428 3630 exsequendum
2465 3565 2824 3634 quodcunque
2869 3570 3206 3636 praeciperet.
3244 3570 3358 3626 Hoc
3399 3583 3604 3628 restare

2026 3671 2192 3710 unum
2241 3672 2256 3711 :
2302 3673 2423 3710 nam
2467 3657 2609 3724 quod
2646 3659 2846 3714 factum
2885 3661 2956 3716 sit
2993 3663 3248 3718 infectum
3294 3666 3438 3717 reddi
3487 3677 3604 3721 arte

2029 3755 2124 3800 aut
2173 3757 2368 3800 conatu
2424 3749 2534 3802 ullo
2587 3765 2692 3804 non
2743 3765 2925 3818 posse.
2981 3751 3054 3804 Ea
3114 3754 3185 3806 illi
3240 3756 3602 3821 patriarcham

2026 3839 2286 3894 adeuntes
2327 3841 2548 3910 copiose
2592 3852 2952 3912 accurateque
2997 3843 3342 3912 imperatoris
3389 3850 3605 3902 nomine

2027 3947 2290 4007 egerunt,
2347 3939 2620 4007 multaque
2682 3937 3051 4009 adjunxcrunt
3105 3943 3284 3994 studio
3344 3945 3602 4009 proprio,

2029 4043 2355 4097 magnopere
2419 4037 2730 4098 satagentes
2791 4031 3168 4098 persuadendo
3223 4046 3287 4087 ac
3344 4031 3606 4099 placando

2030 4121 2338 4188 patriarcha
2406 4121 2718 4189 imperatori
2782 4121 3105 4191 gratiﬁcari.
3166 4125 3234 4180 At
3297 4125 3606 4192 patriarcira

2035 4213 2159 4265 talia
2207 4221 2499 4281 precantes
2531 4213 2748 4280 repulit,
2780 4224 2835 4268 et
2869 4230 2937 4266 ne
2971 4217 3159 4269 audire
3193 4217 3408 4284 quidem
3446 4218 3610 4272 susti-

2035 4319 2168 4358 nens
2202 4304 2505 4359 columbam
2545 4305 2706 4373 212
2743 4305 2878 4359 dixit
2912 4320 2969 4358 se
3005 4310 3055 4359 in
3093 4308 3269 4361 sinum
3305 4309 3606 4372 admisisse,

2031 4395 2176 4449 illam
2229 4407 2408 4449 autem
2462 4396 2532 4451 ibi
2584 4408 2844 4450 mutatam
2895 4413 2946 4451 tn
3004 4411 3312 4467 serpentem
3368 4415 3608 4458 morsum

2034 4489 2133 4542 sibi
2171 4489 2378 4542 letalem
2417 4489 2684 4555 iunxisse,
2720 4505 2883 4544 unum
2921 4492 3278 4559 eumdemque
3313 4491 3607 4558 hominem,

362 4590 418 4634 (Ἰ.
443 4581 712 4635 iuhianter
738 4579 990 4644 captabat
1014 4576 1234 4632 ultionis
1261 4577 1740 4645 opportunitatem,
1765 4588 1928 4641 quam
1961 4567 2004 4622 D
2036 4579 2283 4633 videlicet
2311 4580 2718 4650 imperatorem.
2747 4582 2958 4637 duabus
2989 4583 3107 4638 istis
3138 4585 3370 4637 maxime
3397 4596 3613 4639 (ιοηιιιίι-

363 4671 601 4722 animam
651 4667 990 4738 negotiorum
1038 4667 1254 4734 quidam
1303 4681 1408 4718 non
1461 4663 1729 4717 immerito
1776 4662 1932 4716 dixe-

362 4767 508 4815 runt.

398 4876 485 4930 19.
527 4873 591 4928 Ut
625 4875 932 4942 patriarcha
965 4882 1212 4946 convento
1271 4881 1320 4926 et
1371 4871 1674 4946 suppliciter
1714 4878 1900 4946 rogato

436 4950 728 5014 imperator
770 4945 1329 4999 excommunicationis
1358 4942 1740 4996 absolutionem
1771 4942 1932 5009 petie-

442 5018 534 5070 rit.

443 5128 568 5184 Haec
597 5129 806 5195 agentis
837 5129 1180 5200 imperatoris
1207 5143 1334 5182 cura
1365 5128 1552 5194 ingens
1579 5128 1769 5197 agebat
1795 5127 1936 5181 fere-

372 5223 568 5290 batque
603 5223 777 5276 anxiis
813 5222 1223 5289 cOgitationibns
1259 5220 1624 5290 perturbatum
1671 5218 1931 5272 animum.

369 5311 486 5368 Non
515 5314 656 5367 enim
690 5313 836 5367 illum
867 5314 1064 5382 quietis
1093 5320 1296 5380 partem
1324 5310 1483 5363 ullam
1512 5325 1704 5377 capere
1727 5310 1938 5364 sinebat

371 5420 581 5460 morsus
615 5405 837 5459 intimus
869 5403 1242 5466 conscientiae;
1279 5402 1519 5468 adeoque
1551 5399 1782 5454 fructum
1816 5398 1936 5452 nul-

372 5497 479 5550 lum
531 5497 814 5566 praeeuntis
860 5495 1136 5550 felicitatis
1189 5493 1488 5556 sentiebat,
1537 5491 1666 5545 dum
1721 5505 1781 5545 se
1833 5488 1936 5544 diri

371 5586 742 5643 anathematis
786 5588 1138 5643 constrictum
1191 5585 1422 5640 vinculis
1473 5584 1822 5650 meminerat,
1878 5593 1940 5640 ut

375 5682 464 5736 tali
503 5689 645 5736 statu
691 5695 812 5737 esse
853 5696 917 5736 ac
953 5681 1089 5736 nihil
1130 5694 1252 5736 esse
1292 5679 1443 5749 paria
1485 5685 1718 5748 putaret.
1752 5678 1939 5747 Itaque

372 5791 494 5830 cum
543 5791 639 5830 nec
688 5775 1022 5845 probabilem
1071 5774 1230 5828 ullam
1278 5772 1522 5827 criminis
1567 5771 1937 5840 depulsionem

375 5883 473 5921 ucc
525 5869 662 5922 riam
714 5877 807 5922 aut
851 5871 1114 5923 rationem
1164 5865 1498 5922 excutiendae
1537 5865 1696 5934 justac
1743 5875 1937 5932 pinnae,

2040 4671 2240 4725 riarum
2269 4673 2621 4728 animantium
2651 4675 2938 4744 designans
2970 4678 3250 4746 symbolis,
3274 4679 3337 4730 ad
3369 4678 3614 4731 iudican-

2037 4763 2164 4816 dum
2217 4780 2322 4818 non
2373 4777 2574 4818 natura:
2621 4767 2675 4820 in
2721 4766 2832 4832 illo,
2865 4769 2957 4822 sed
3006 4784 3217 4824 morum
3266 4772 3614 4835 mutationem

2040 4853 2262 4909 factam.
2292 4854 2418 4909 Post
2456 4859 2569 4911 haec
2603 4869 2659 4912 et
2689 4860 2794 4912 alia
2829 4860 2880 4912 in
2916 4874 3036 4914 eam
3081 4861 3401 4916 sententiam
3448 4864 3611 4917 multa

2038 4944 2253 5012 intulit,
2302 4961 2367 5000 eo
2411 4949 2560 5002 vultu
2616 4965 2677 5002 ac
2732 4951 2923 5018 spiritu
2952 4951 3043 5017 qui
3101 4953 3232 5008 satis
3281 4955 3617 5008 declararent

2041 5054 2314 5106 nunquam
2370 5041 2572 5108 ipsum,
2611 5043 2869 5110 quidquid
2919 5044 3103 5110 ﬁeret,
3140 5045 3499 5098 imlucendum
3545 5049 3614 5100 ad

2037 5132 2618 5186 exconnnunicatiouis
2664 5133 3055 5189 absolutionem
3103 5135 3513 5205 indulgendum,
3548 5153 3614 5192 ne

2042 5222 2088 5275 si
2136 5223 2349 5290 quidem
2403 5225 2541 5277 mala
2595 5226 2882 5292 quantavis
2934 5226 3230 5295 imperator
3279 5240 3615 5296 mortemque

2042 5314 2213 5382 ipsam
2240 5315 2555 5370 minaretur.
2577 5317 2754 5382 Quare
2775 5319 3153 5387 deprecatores
3178 5323 3352 5375 mmsti
3378 5324 3612 5392 repulsa,

2041 5421 2162 5475 quae
2200 5409 2484 5461 audierant
2518 5412 2827 5477 imperatori
2871 5412 3202 5473 referentes.
3240 5414 3292 5467 in
3339 5415 3618 5484 angustias

2041 5510 2164 5550 eum
2186 5505 2459 5566 aestusque
2481 5499 2649 5551 multo
2675 5499 2906 5568 majores
2931 5500 3300 5568 coniecerunt.
3325 5501 3412 5555 Ille
3435 5513 3617 5558 autem

2041 5601 2252 5642 memor
2292 5590 2526 5658 vulgaris
2568 5589 2699 5643 dicti
2747 5605 2856 5658 quo
2901 5591 3238 5660 significatur
3282 5593 3388 5646 vim
3441 5595 3618 5650 inesse

2043 5677 2373 5745 praecipuam
2419 5680 2668 5745 praesenti
2703 5679 2859 5735 faciei
2897 5696 3081 5735 coram
3121 5681 3333 5736 atlantis
3365 5684 3619 5738 medendi

2043 5768 2430 5824 olTensiouibus
2463 5781 2517 5824 et
2543 5772 2728 5839 gratiae
2753 5771 3090 5835 demerenda:
3119 5773 3195 5841 (id
3226 5775 3371 5827 enim
3411 5755 3620 5829 iudica-

2049 5870 2158 5915 tum
2218 5861 2460 5919 fabulosa
2516 5863 2796 5935 Gorgone,
2856 5866 2970 5922 oris
3024 5863 3242 5933 ohjectu
3298 5868 3619 5922 iltllllulatilo
