3926 6570
333 419 452 480 ’655

1571 417 1895 477 GEORGII
1945 415 2423 475 PACIlYMEIl/E

3493 419 3585 481 6L6

346 531 503 583 λύσιν
536 527 1029 598 ἐξομολογούμενος
1065 527 1337 596 ἐκζητεῖν.
1377 525 1436 599 [Ρ
1478 527 1595 599 ΗΞ]
1636 528 1927 597 Ἑφίστατο
1956 529 1999 588 Α
2030 525 2200 597 ἀπρὶξ
2247 527 2354 579 τῶν
2404 503 2648 595 γονάτων
2697 527 2974 597 ἐχόμενον.
3041 525 3226 589 Οὕτως
3282 528 3314 596 ἠ
3362 527 3583 599 ἁμαρτία

343 621 527 674 τοίνυν
575 619 856 684 πολλάκις,
909 622 1002 673 καὶ
1034 623 1062 673 ὁ
1111 622 1208 690 μὲν
1253 621 1436 690 ἐζήτει
1485 621 1582 690 τὴν
1628 620 1926 688 θεραπείαν

345 712 438 765 τοῦ
459 710 789 782 τραύματος,
814 713 841 763 δ
868 710 924 763 δὲ
941 710 1009 762 τὰ
1041 709 1137 779 τῆς
1167 710 1460 779 θεραπείας
1481 712 1740 780 πράττειν
1761 727 1928 781 προσ-

347 804 560 866 έταττε,
626 801 766 870 πλὴν
818 801 918 854 οὐκ
973 800 1065 851 ἐπὶ
1126 803 1330 870 ῥητοῖς,
1366 802 1478 854 ἀλλ’
1524 802 1788 871 ἀορίστως
1832 801 1928 852 καὶ

345 894 585 960 ἀφανῶς.
641 893 752 946 Καὶ
805 895 832 946 ὁ
872 893 969 962 μὲν
1024 893 1208 962 ῥητῶς
1264 893 1444 963 ἐζήτει
1498 893 1688 962 μαθεῖν
1743 893 1927 945 ὲπίτὸ

347 985 536 1054 ποιεῖν,
558 981 853 1052 προθύμως
879 984 906 1034 ὅ
929 999 980 1035 τι
1009 985 1103 1036 καὶ
1129 982 1298 1050 λέγοι,
1327 985 1355 1034 ὁ
1378 982 1434 1035 δὲ
1465 982 1561 1035 καὶ
1589 982 1750 1034 πάλιν
1778 983 1928 1052 ἀορι-

350 1075 580 1126 σταενων
604 1075 778 1141 ἔλεγε,
814 1096 830 1125 ι
859 1075 1009 1126 Ποίει
1034 1074 1131 1142 τὴν
1164 1074 1486 1144 θεραπείαν,
1526 1076 1618 1126 καὶ
1644 1073 1919 1143 δέξομαι.»

357 1169 443 1230 Ὠς
483 1168 537 1220 δὲ
571 1167 832 1228 πολλάκις
868 1170 1073 1228 ἐκεῖνος
1110 1167 1210 1236 μὲν
1245 1167 1428 1237 ἐζήτει
1466 1167 1533 1218 τὰ
1569 1167 1864 1235 φάρμακα,
1898 1167 1926 1219 ὁ

350 1260 405 1312 δὲ
439 1261 499 1312 οὐ
535 1260 784 1329 φανερῶς
813 1260 1019 1327 ἔλεγεν,
1049 1261 1222 1313 εἰπεῖν
1253 1261 1342 1313 τὸν
1378 1261 1621 1329 βασιλέα,
1657 1278 1675 1311 ι
1715 1262 1820 1313 Καὶ
1843 1261 1926 1324 τίς

344 1349 483 1404 οἶδεν
515 1355 561 1405 εἰ
602 1354 697 1405 καὶ
751 1351 921 1404 πλείω
970 1353 1228 1406 ποιοῦντα
1279 1355 1337 1406 ού
1382 1356 1668 1426 προσθήσῃ
1705 1351 1798 1406 τοῦ
1839 1353 1926 1406 δέ⁸

348 1445 540 1507 ξασθαι
562 1461 608 1509 ;›
644 1445 735 1496 καὶ
758 1445 847 1498 τὸν
872 1446 1269 1516 ἀποκρίνασθαι
1294 1445 1367 1508 ὠς
1399 1446 1652 1516 μεγάλων
1676 1446 1927 1516 ἁμαρτη-

349 1539 534 1604 μάτων
569 1539 810 1606 μεγάλην
839 1535 979 1592 εἶναι
1023 1539 1106 1591 δεῖ
1153 1539 1248 1591 καὶ
1281 1540 1380 1605 τὴν
1428 1539 1735 1591 ἀντίποινον
1765 1538 1928 1608 θερα-

345 1629 525 1682 πείαν.
559 1631 668 1684 Καὶ
688 1631 779 1682 τὸν
804 1630 1030 1700 βασιλέα
1059 1631 1194 1702 πρὸς
1225 1631 1285 1683 τὸ
1317 1630 1622 1701 βαθύτερον
1652 1630 1922 1700 βάψαντα,

346 1740 368 1770 ι
402 1722 466 1774 Τί
492 1721 599 1786 δαὶ,
630 1741 648 1774 ι
687 1723 883 1787 εἰπεῖν,
932 1742 951 1775 ι
990 1722 1064 1794 μὴ
1096 1723 1197 1790 τῆς
1232 1724 1508 1794 βασιλείας
1538 1725 1799 1791 ἐκστῆναι
1837 1741 1926 1774 κε-

343 1814 561 1879 λεύειςς
603 1833 621 1867 ι
661 1815 758 1869 καὶ
815 1815 957 1868 οὕτω
1003 1815 1230 1883 λέγοντα
1275 1816 1372 1884 τὴν
1411 1816 1625 1886 σπάθην
1675 1814 1924 1878 ἀποζῶν-

345 1905 536 1960 νυσθαι
571 1909 665 1962 καὶ
693 1907 914 1972 διδόναι,
951 1908 1048 1978 τῆς
1097 1909 1310 1960 ἐκείνου
1349 1906 1586 1970 διανοῐας
1615 1906 1927 1976 ἀποπειρῶ-

349 2019 532 2071 μενον.
575 2000 815 2056 Ἐκείνου
861 2001 917 2054 δὲ
960 2001 1058 2072 τὴν
1099 1997 1268 2072 ’χεῖρα
1327 2002 1468 2052 κατά
1509 2000 1744 2068 σπουδὴν
1779 2015 1925 2068 προ-

341 2090 616 2154 τείναντος
649 2091 732 2160 ἐφ’
761 2085 804 2158 ᾧ
849 2090 1151 2161 λαμδάνειν
1202 2090 1262 2142 τὸ
1313 2088 1474 2156 δῆθεν
1522 2087 1798 2156 διδόμενον
1851 2087 1924 2156 μή

343 2200 462 2246 πως
492 2184 690 2246 τελέως
721 2185 816 2236 καὶ
854 2187 956 2253 τῆς
1005 2185 1206 2251 ὀσφύος
1250 2180 1544 2244 ἀπολυθὲν,
1598 2178 1926 2246 παλινῳδίαν

339 2294 398 2328 τε
441 2277 586 2347 ᾄδειν
615 2277 706 2329 τὸν
736 2277 982 2346 βασιλέα,
1017 2279 1109 2328 καὶ
1140 2275 1215 2337 ὡς
1262 2273 1532 2343 ἐπιδούλῳ
1577 2275 1624 2326 οἱ
1665 2273 1762 2342 τῆς
1800 2289 1928 2341 σφε-

340 2371 504 2438 τέρας
547 2369 689 2438 ζωῆς
722 2369 1005 2431 ὀνειδίζειν
1057 2370 1106 2420 εἰ
1159 2365 1302 2420 οὕτω
1337 2367 1603 2436 βούλεται.
1655 2366 1801 2434 Πλὴν
1833 2365 1926 2418 καὶ

340 2464 440 2532 τῆς
501 2462 743 2532 κεφαλῆς
804 2461 1127 2531 καλύπτραν
1196 2459 1585 2528 ἀπο-τιθέμενος
1653 2460 1708 2523 ἐς
1763 2458 1927 2522 πόδας

340 2557 536 2624 ἐκείνῳ
583 2555 775 2607 ἑαυτὸν
819 2553 1088 2624 ἐρρίπτει,
1126 2553 1222 2606 καὶ
1272 2552 1482 2604 πολλῶν
1529 2551 1837 2622 βλεπόντων
1863 2550 1922 2602 ού

331 2646 642 2719 κατῃδεῖτο.
682 2645 741 2698 'O
771 2643 815 2697 δ’
841 2643 1173 2714 ἀπέπεμπεν
1207 2642 1484 2714 ἑμϐριθῶς
1515 2643 1607 2695 καὶ
1634 2638 1926 2711 ὑπερεώρα

335 2823 609 2897 itan-tinos)
646 2825 887 2880 decrevit
922 2840 1014 2895 per
1044 2841 1106 2880 se
1144 2825 1297 2878 adire
1331 2823 1696 2894 patriareham
1734 2831 1786 2876 et
1817 2822 1924 2877 cri-

345 2937 474 2974 men
517 2922 566 2974 ei
611 2921 888 2990 proprium
934 2920 1214 2972 confessus
1247 2917 1456 2970 veniam
1492 2932 1674 2971 coram
1711 2930 1922 2985 rogare.

335 3012 441 3066 lvii
505 3013 842 3081 prociditque
895 3010 992 3078 ipsi
1049 3008 1276 3079 supplex
1327 3010 1558 3076 szepius;
1612 3017 1667 3060 et
1712 3007 1923 3059 detecto

338 3106 505 3158 animi
540 3105 763 3158 vulnere
795 3104 1130 3158 curationem
1165 3101 1341 3172 petiit.
1372 3100 1448 3154 Ad
1480 3116 1598 3170 qua:
1629 3099 1717 3152 ille
1743 3097 1922 3151 facere

339 3199 514 3265 ipsum
550 3213 610 3250 ea
649 3198 848 3264 quibus
882 3196 1066 3249 curari
1104 3203 1312 3248 tantum
1360 3191 1483 3244 mali
1526 3201 1709 3260 posset
1736 3189 1916 3258 jussit.

339 3293 608 3344 Caeterum
649 3304 769 3358 quae
811 3288 911 3341 ista
957 3295 1139 3342 essent
1182 3301 1287 3341 non
1331 3287 1617 3353 expressit,
1653 3281 1925 3336 indeﬁnite

341 3388 423 3438 sic
471 3394 637 3452 atque
677 3383 907 3436 obscure
949 3381 1242 3450 prweipere
1285 3388 1593 3432 contentus.
1631 3377 1929 3445 Imperator

340 3493 475 3534 vero
541 3477 762 3546 rogabat
811 3476 1060 3528 indicare
1112 3472 1433 3526 nominatim
1492 3486 1559 3524 ne
1609 3479 1928 3539 gravaretur

343 3569 474 3639 quid
506 3567 621 3621 lieri
657 3582 684 3620 a
720 3582 778 3621 se
805 3567 981 3628 vellet,
1006 3581 1065 3620 se
1094 3564 1354 3618 exhibens
1381 3565 1445 3615 ad
1477 3573 1666 3615 (‘llllcla
1699 3559 1926 3626 obsequi

342 3674 598 3731 paratum
643 3675 982 3728 quaecunque
1021 3659 1272 3721 dixisset,
1307 3655 1613 3725 patriarcha
1654 3653 1928 3707 nihilomi-

317 3771 450 3809 «nus
493 3756 544 3808 in
593 3755 699 3810 illis
744 3754 1036 3808 indetinitis
1079 3750 1574 3820 praescriptionibus
1615 3756 1926 3816 perstante,

346 3861 415 3900 ac
458 3855 663 3900 tantum
709 3845 838 3900 illud
877 3848 1088 3898 dicente
1129 3858 1146 3897 :
1191 3860 1218 3892 4
1261 3841 1466 3895 Exhibc
1506 3838 1927 3894 satisfactionem

343 3937 525 4007 culpae
578 3937 1025 4007 respondentem,
1060 3943 1116 3988 et
1165 3931 1450 4001 accipiam.
1491 3950 1514 3984 ι
1566 3930 1699 3986 Cum
1747 3939 1927 3982 autent

350 4029 441 4084 ille
467 4029 664 4096 saepius
690 4029 943 4082 distincte
973 4025 1244 4096 praescribi
1271 4023 1372 4079 sibi
1402 4023 1635 4077 remedia
1665 4022 1927 4092 petiisset,

346 4137 448 4179 nec
481 4123 628 4178 clare
659 4121 967 4193 patriarcha
997 4118 1374 4185 responderet,
1404 4115 1604 4170 dixisse
1637 4115 1932 4184 imperato-

345 4234 459 4274 rem
507 4217 657 4272 aiunt
704 4234 717 4270 :
774 4232 792 4266 ι
843 4214 908 4266 Ει
945 4211 1072 4282 quis
1113 4209 1215 4264 scit
1256 4224 1360 4271 an,
1393 4223 1518 4263 cum
1557 4222 1657 4276 ego
1702 4207 1928 4274 plurima

249 4308 264 4321 “
347 4314 564 4376 iecero,
620 4319 676 4363 tu
733 4307 866 4363 satis
922 4313 1243 4373 accepturus
1294 4300 1411 4355 sis?
1464 4319 1482 4351 ι
1540 4299 1640 4354 Cui
1693 4299 1932 4368 graviter

346 4402 696 4473 reSpoudisse
744 4396 1110 4468 patriarcham
1157 4394 1458 4463 ingentium
1507 4392 1794 4446 criminum
1842 4391 1931 4445 in-

348 4500 532 4568 gentia
557 4511 675 4550 esse.
702 4492 909 4563 piacula
937 4492 1152 4546 debere.
1181 4487 1341 4558 213
1365 4486 1502 4541 Tum
1528 4486 1928 4554 imperatorem,

2030 621 2300 691 περιδεὲς,
2342 621 2516 684 οὕτως
2559 623 2594 692 ἡ
2641 621 2808 692 ἀρετὴ
2857 621 3062 691 τίμιον.
3107 620 3198 682 Ὧς
3251 619 3308 672 δὲ
3351 621 3586 686 πολλάκις

2030 714 2368 782 παρακαλῶν
2419 713 2709 783 ἠκολούθει
2763 714 2857 766 καὶ
2904 713 3354 782 κατηνάγκαξεν,
3399 715 3585 776 ἐκεῖνος

2031 801 2192 865 εὐθὺς
2224 804 2323 873 τὴν
2361 803 2557 854 κέλλαν
2587 802 2954 871 ὑποδυόμενος
2998 803 3275 869 ἀπεζύγου
3306 803 3400 865 τὰς
3436 803 3588 874 θύρας

2029 893 2177 961 αὐτῷ
2217 894 2357 945 κατὰ
2389 893 2676 961 πρόσωπον
2719 895 2814 946 καὶ
2846 893 3014 964 ἀργὸν
3055 893 3228 961 ἠφίει.
3261 893 3440 946 Ταῦτα
3478 895 3588 946 πολ-

2027 978 2185 1046 λάιῖις
2217 983 2457 1054 προσιὼν
2487 987 2580 1038 καὶ
2612 985 2815 1052 δράσας
2843 1002 2902 1037 τε
2952 987 3047 1040 καὶ
3093 985 3280 1039 παθὼν
3317 987 3410 1038 καὶ
3443 986 3591 1054 μηδὲν

2028 1076 2206 1128 ἀνύων
2259 1077 2576 1146 ἐξηγρίαινε
2625 1096 2684 1131 τε
2723 1080 2944 1142 αὐτίκα,
2993 1079 3089 1132 καὶ
3135 1077 3472 1148 σκληρότητα
3507 1079 3590 1130 τοῦ

2031 1169 2370 1240 πατριάρχου
2396 1172 2488 1223 ἐπὶ
2523 1170 2733 1223 πολλῶν
2765 1173 3082 1242 κατηγόρει,
3119 1172 3210 1225 καὶ
3243 1170 3317 1232 ὡς
3346 1172 3411 1222 τι
3452 1171 3594 1223 κοινὰ

2029 1259 2244 1312 κελεύοι
2279 1261 2709 1332 καταπροείσθαι
2743 1262 3088 1332 διελοιδόρει,⁸
3117 1265 3210 1315 καὶ
3245 1264 3379 1333 μήτε
3411 1265 3591 1332 φόρους

2028 1350 2276 1416 ἐκλέγειν
2332 1351 2470 1420 μήτε
2517 1353 2646 1421 τέλη
2698 1353 2960 1421 πράττειν
3020 1355 3160 1423 μήτε
3209 1351 3584 1421 μεταχειρίζειι

2027 1441 2330 1509 πράγματα
2367 1445 2503 1510 μήτε
2552 1441 2660 1514 μὴν
2692 1444 2915 1498 διοικεῖν
2947 1445 3047 1514 τὴν
3075 1444 3250 1516 ἀρχὴν
3275 1446 3408 1505 ὅλως
3444 1460 3598 1512 προσ-

2028 1534 2238 1586 τάττων
2261 1575 2278 1600 ,
2313 1534 2454 1587 οὕτω
2505 1535 2831 1607 θεραπεύειν
2864 1539 3099 1606 αἱρεῖται
3129 1539 3156 1590 ὁ
3191 1537 3296 1590 τῶν
3328 1538 3596 1606 ἡμετέρων

2030 1624 2394 1696 θεραπευτής.
2439 1629 2547 1680 Καὶ
2578 1627 2731 1690 τέλος
2774 1628 3012 1681 ἐπετίθει
3055 1629 3315 1690 πολλάκις
3367 1628 3440 1690 ὡς
3487 1628 3599 1680 ἐπεὶ

2029 1721 2124 1773 καὶ
2154 1721 2393 1773 κανόνων
2423 1722 2755 1790 ὑπερφρονεῖ
2787 1721 3082 1792 ὁριξόντων
3112 1721 3421 1792 μετάνοιαν,
3439 1738 3599 1791 προσ·

2033 1816 2254 1866 πίπτειν
2296 1813 2372 1882 τῷ
2406 1815 2504 1877 τῆς
2544 1813 2768 1884 Ῥώμης
2799 1815 3002 1884 πάππα
3032 1815 3222 1883 καιρὸς
3257 1815 3351 1867 καὶ
3397 1813 3603 1866 ἀντιὸοοο

2033 1905 2143 1958 λεῖν
2179 1904 2470 1969 σώζεσθαι.
2521 1904 2708 1968 Οὕτως
2743 1905 2902 1974 ἔχων,
2952 1905 3194 1973 ὲγκοτῶν
3229 1903 3478 1955 ἐντεῦθεν
3518 1905 3602 1954 καὶ

2032 1997 2404 2069 βαρυνόμενος
2459 2000 2553 2052 ἐπὶ
2601 1999 2700 2069 τὴν
2743 2000 2853 2052 τῶν
2901 2000 3097 2052 κοινῶν
3144 1999 3412 2067 διοίκησιν
3451 1996 3604 2052 πάλιν

2030 2095 2319 2162 ἐτράπετο,
2350 2094 2728 2163 ἀπειπάμενος
2781 2093 2878 2162 μὲν
2927 2093 3292 2162 προσπεπτειν
3325 2092 3424 2142 καὶ
3455 2088 3605 2152 αὖθις

2029 2184 2168 2255 (ᾔδει
2192 2185 2299 2255 γὰρ
2327 2186 2427 2239 ούκ
2454 2185 2712 2255 ἀνύσων),
2743 2185 3018 2256 ὲγκαίρως
3048 2185 3104 2238 δὲ
3129 2184 3226 2255 τὴν
3250 2185 3467 2254 ἄμυναν
3489 2183 3576 2237 δια
3597 2213 3601 2217 -

2029 2276 2218 2332 θέσθαι
2245 2278 2352 2331 τῶν
2381 2278 2611 2331 δεόντων
2641 2280 2849 2348 ἠγεῖτο.

2029 2399 2098 2446 κ’.
2135 2392 2332 2456 Ὅπως
2359 2390 2681 2458 συνῆλθον
2716 2391 2786 2444 ὲν
2812 2389 3007 2457 ταυτῷ
3029 2390 3180 2444 κατὰ
3201 2393 3538 2456 συνθεσίας
3559 2393 3610 2443 οι

2097 2460 2389 2516 δεσπόται
2432 2461 2719 2530 Ἰωάννης
2755 2478 2817 2515 τε
2850 2461 2948 2514 καὶ
2998 2464 3241 2531 Μιχαὴλ
3279 2467 3311 2517 ό
3360 2460 3473 2530 τῆς
3503 2462 3609 2514 Δύ-

2097 2548 2276 2598 σεως.

2101 2647 2166 2720 [Ρ
2200 2647 2323 2720 145]
2360 2647 2490 2703 Τότε
2540 2649 2721 2703 τοίνυν
2767 2650 2862 2703 καὶ
2913 2650 3078 2711 πάλιν
3128 2650 3472 2720 ἀπεπειρᾶτο
3507 2648 3612 2702 τῶν

2029 2828 2381 2883 vehementer
2430 2829 2642 2885 instans
2693 2831 2860 2885 etiam
2920 2830 3208 2886 abeuntem
3265 2837 3608 2898 sequeretur,

2037 2919 2190 2987 quasi
2226 2920 2598 2986 expugnanda:
2635 2921 2681 2972 vi
2721 2921 2802 2988 pla
2840 2921 3149 2976 severitatis
3189 2935 3408 2983 certus,
3441 2921 3615 2975 ferunt

2033 3007 2400 3076 patriarcham
2457 3010 2646 3063 cellam
2706 3026 3004 3075 Ingressmn
3057 3011 3196 3065 lores
3250 3011 3305 3064 in
3357 3027 3420 3066 os
3471 3023 3614 3063 arcte

2025 3100 2240 3155 clausas
2284 3102 2561 3157 ohdidisse
2604 3105 2931 3169 assectanti,
2961 3107 3151 3172 sicque
3191 3104 3343 3158 illum
3387 3120 3611 3158 vacuum

2029 3204 2083 3247 et
2123 3197 2296 3262 precis
2337 3194 2550 3246 irritum
2597 3197 2765 3250 crude
2810 3197 3100 3252 dimisisse.
3131 3197 3240 3250 Nec
3281 3199 3451 3252 semel
3497 3199 3613 3251 talia

2030 3293 2285 3350 expertus
2319 3286 2630 3350 imperator,
2660 3289 2752 3342 sed
2786 3288 2974 3341 eadem
3010 3287 3122 3342 haec
3155 3289 3352 3356 sacpius
3386 3299 3441 3344 et
3473 3291 3615 3342 loeu-

2034 3389 2119 3430 tus
2165 3389 2218 3432 et
2271 3388 2528 3448 operatus
2576 3389 2629 3433 et
2680 3389 2906 3449 paSsus,
2957 3381 3319 3450 nequidquam
3375 3397 3614 3448 Semper.

2037 3469 2294 3523 elieratus
2327 3473 2391 3523 ad
2424 3483 2727 3527 extremum
2757 3484 2858 3537 est,
2886 3483 2938 3528 et
2969 3474 3034 3526 de
3062 3474 3260 3528 duritia
3295 3475 3618 3544 patriarclue

2033 3563 2171 3628 ame
2206 3561 2406 3616 mullos
2431 3574 2510 3615 est
2539 3579 2782 3631 questus,
2807 3566 3068 3620 invidiose
3097 3581 3458 3636 exaggerans,
3489 3567 3617 3620 rel‘e
3709 3593 3716 3596 -

2027 3653 2222 3723 jubere
2256 3655 2402 3708 illum
2441 3655 2599 3721 abjici
2633 3672 2660 3708 a
2691 3673 2750 3711 se
2779 3672 2967 3712 curam
3001 3661 3374 3713 communium
3415 3675 3617 3721 rerum,

2036 3760 2134 3799 nec
2185 3747 2369 3801 sinere
2420 3761 2479 3801 se
2525 3748 2753 3818 amplius
2796 3760 2889 3803 aut
2925 3765 2956 3805 e
3000 3752 3162 3805 terris
3207 3751 3410 3807 tributa
3457 3761 3550 3804 aut
3590 3765 3619 3804 e

2037 3838 2409 3892 mercimoniis
2437 3841 2716 3912 vectigalia
2749 3846 3002 3914 exigere;
3031 3845 3260 3915 denique
3293 3845 3619 3900 tractatione

2036 3930 2184 3983 omni
2239 3931 2582 4000 publicorum
2634 3937 2976 4005 negotiorum
3033 3937 3396 4002 interdicere,
3439 3954 3506 3993 ac
3555 3952 3618 3992 ne

2032 4021 2194 4075 ullam
2231 4023 2487 4094 deinceps
2524 4026 2832 4096 reipublicae
2866 4041 3072 4099 partem
3106 4032 3500 4086 administrare
3528 4041 3619 4084 aut

2033 4115 2254 4168 omnino
2300 4117 2565 4188 attingere
2611 4120 2907 4188 imperator
2947 4125 3175 4188 audeat,
3215 4133 3429 4179 vetare.
3470 4122 3619 4177 Hunc

2035 4210 2118 4260 sui
2173 4210 2397 4263 curandi
2449 4212 2663 4264 tundunt
2713 4215 3055 4284 excogitasse
3095 4217 3502 4285 patriarcham,
3537 4216 3618 4270 cui

2029 4313 2098 4351 ex
2135 4298 2310 4353 oﬂicio
2348 4301 2620 4356 incumbat
2651 4318 2896 4371 qumrere
2928 4307 3187 4372 optimam
3225 4308 3497 4361 rationetn
3531 4305 3619 4358 ad-

2017 4391 2389 4458 'juvandorttm
2432 4404 2487 4448 et
2529 4395 2580 4449 in
2621 4407 2820 4450 statum
2863 4399 3147 4466 pristinqu
3189 4400 3619 4468 reparandomm

2036 4501 2222 4540 eorum
2266 4487 2356 4555 qui
2403 4491 2717 4543 humanitus
2760 4491 2893 4560 lapsi
2940 4503 3088 4547 sunt.
3121 4491 3248 4547 Post
3284 4493 3405 4548 hare
3438 4494 3619 4547 decla-

347 4603 405 4643 ut
445 4587 684 4658 penitius
722 4586 820 4638 viri
857 4585 1098 4637 animum
1138 4593 1390 4643 tentaret,
1430 4595 1448 4630 ι
1491 4576 1629 4644 Quid
1667 4574 1859 4642 porro?
1900 4592 1920 4626 ι
1955 4588 2008 4648 D
2041 4588 2182 4632 mata
2234 4578 2399 4650 214
2447 4581 2797 4652 adjungebat,
2843 4583 3042 4653 sa‘pius
3085 4585 3321 4651 iterans,
3365 4586 3619 4654 quoniam

348 4680 598 4735 intulisse
624 4694 638 4732 :
678 4695 696 4728 ι
728 4675 864 4730 Num
900 4690 983 4728 me
1009 4674 1173 4728 etiam
1201 4671 1427 4741 imperio
1451 4669 1608 4738 jub‘es
1635 4667 1870 4721 cedere?
1899 4683 1918 4717 ι

347 4777 528 4840 Atque
557 4772 658 4823 hoc
683 4769 949 4822 dicentem
982 4779 1162 4820 ensem
1203 4765 1415 4817 baltheo
1447 4761 1661 4816 solvere
1697 4758 1925 4828 coepisse

349 4863 560 4929 ipsique
609 4860 918 4928 porrigere,
955 4872 1119 4909 causa
1165 4853 1478 4923 experiundi
1530 4851 1658 4920 quid
1708 4853 1922 4903 tandem

351 4953 526 5007 vellet.
555 4949 866 5004 Patriareha
903 4962 1032 5001 vero
1074 4946 1267 5014 cupide
1312 4958 1526 4996 manum
1575 4942 1927 5009 protendente

348 5045 501 5115 quasi
564 5041 630 5095 ad
693 5039 1064 5108 accipiendum
1127 5035 1270 5104 quod
1325 5034 1585 5096 dabatur,
1644 5047 1928 5086 revocasse

350 5144 646 5206 Augustum
693 5148 847 5198 sese,
886 5149 950 5186 ac
999 5130 1232 5185 nondmn
1284 5143 1312 5180 a
1362 5128 1570 5181 lentiore
1615 5124 1925 5194 expeditum

333 5231 638 5284 'rctinuisse
687 5226 956 5296 gladium,
1000 5221 1467 5291 exprobrasseque
1515 5219 1738 5287 insuper
1785 5217 1929 5270 velut

353 5321 625 5376 insidianti
655 5323 785 5373 vita:
829 5333 972 5381 suae,
1000 5318 1088 5384 qui
1127 5331 1186 5370 se
1219 5314 1298 5367 sic
1331 5323 1672 5365 exarmatum
1711 5312 1841 5373 iret;
1877 5316 1933 5360 et

334 5427 532 5469 tamen
568 5411 801 5482 tegmine
830 5410 1024 5479 capitis
1052 5407 1298 5476 deposito
1322 5405 1559 5475 ahjicere
1585 5417 1646 5459 se
1673 5403 1738 5456 aJ
1769 5405 1932 5471 pedes

349 5508 492 5576 ejus,
519 5501 704 5557 multis
723 5501 1052 5565 videntibus,
1079 5515 1182 5551 non
1213 5497 1487 5552 dubitasse
1517 5513 1530 5548 :
1563 5496 1928 5562 patriarcham

351 5611 486 5653 vero
542 5597 718 5664 ipsum
775 5593 970 5647 acerbe
1023 5590 1320 5660 repetisse,
1378 5588 1618 5656 nihilque
1673 5586 1927 5639 inﬂexum

339 5686 668 5756 despexisse
701 5693 850 5738 arcto
889 5683 990 5739 sibi
1027 5681 1313 5752 complexu
1345 5695 1519 5750 genua
1554 5679 1932 5746 stringentem,

349 5783 490 5835 adeo
522 5777 866 5833 formidolosa
905 5775 1241 5830 conscientia
1277 5773 1498 5828 sceleris
1517 5780 1624 5825 εει.
1654 5771 1802 5823 Adeo
1825 5771 1932 5822 vir-

343 5879 444 5927 dus
473 5869 831 5925 venerabilis!
866 5867 1000 5923 Cum
1033 5879 1214 5922 autem
1247 5864 1442 5933 sapius
1477 5863 1618 5918 idem
1651 5877 1849 5932 regalis
1879 5871 1932 5917 et

2032 4673 2342 4738 patriarcha
2386 4671 2558 4742 palam
2602 4686 2976 4730 contemneret
3007 4692 3193 4732 sacros
3227 4693 3473 4734 canones
3505 4675 3620 4732 dari

2030 4761 2194 4824 lapsis
2227 4763 2599 4828 paenitentiam
2621 4766 2896 4834 juhemes,
2923 4777 3135 4838 tempus
3157 4785 3278 4822 esse
3305 4769 3617 4824 recurrendi

2029 4855 2094 4906 ad
2147 4869 2334 4922 papam
2385 4855 2570 4909 Roma:
2621 4857 2926 4923 sedentem,
2974 4870 3026 4912 et
3076 4861 3142 4914 ab
3189 4876 3253 4913 eo
3304 4861 3622 4927 suppliciter

2031 4949 2244 5016 petendi
2296 4947 2535 5002 salutare
2574 4951 2782 5018 peccati
2829 4951 3146 5005 remedium.
3187 4951 3280 5004 Sic
3331 4952 3619 5020 indignius

2029 5047 2410 5105 exasperatum
2460 5049 2565 5091 tam
2610 5041 2770 5095 saevis
2814 5039 3041 5108 repulsis
3076 5040 3316 5094 animum
3359 5043 3432 5094 iti
3471 5043 3619 5094 deiu-

2033 5141 2162 5195 ceps
2219 5130 2284 5179 ad
2344 5128 2650 5196 reipublica:
2703 5130 3227 5185 administrationem
3289 5133 3509 5194 retulit,
3565 5137 3619 5181 ut

2033 5219 2265 5286 ainplius
2310 5236 2414 5273 non
2462 5231 2680 5276 curaret
2723 5224 3018 5278 c0nvenire
3057 5225 3451 5292 patriarcham,
3487 5235 3619 5277 sats

2033 5327 2233 5380 gnarus
2291 5329 2350 5366 se
2411 5314 2540 5367 nihil
2603 5315 3006 5382 lwol‘ecturum,
3060 5327 3315 5383 praterea
3364 5316 3619 5383 judicans

2033 5404 2255 5458 omnino
2281 5408 2590 5472 convenire,
2615 5424 2681 5461 ac
2706 5411 3005 5464 curandum
3031 5411 3132 5465 ssbi
3161 5425 3283 5464 esse
3305 5420 3616 5477 opportuno

2039 5507 2311 5565 tempore,
2339 5508 2394 5550 nt
2425 5499 2580 5554 istius
2613 5503 2812 5555 atrocis
2847 5501 3208 5557 inclementia:
3237 5501 3454 5570 culpam
3487 5514 3619 5554 con-

2037 5591 2186 5659 gruis
2213 5591 2504 5659 aliquando
2535 5596 2712 5662 poenis
2741 5594 3048 5663 patriarcha
3075 5595 3268 5650 lueret.

2037 5702 2128 5755 20.
2170 5699 2236 5775 U_l
2266 5703 2329 5756 de
2364 5720 2490 5766 pace
2549 5707 2878 5759 convenerint
2917 5708 3054 5760 inter
3089 5724 3144 5760 se
3175 5708 3333 5759 ambo
3389 5707 3620 5775 despotic

2179 5773 2407 5828 Joannes
2435 5785 2485 5828 et
2519 5776 2749 5830 Michael
2773 5780 2827 5831 in
2856 5777 3135 5833 Occidente
3165 5778 3475 5832 dominans.

2109 5865 2261 5931 Quod
2325 5881 2468 5923 nunc
2530 5870 2796 5935 instabat,
2851 5869 2984 5925 nulli
3029 5871 3477 5943 praevertendam
3540 5866 3618 5923 rel
