3926 6514
309 476 407 535 637

1296 480 1393 542 DE
1438 476 1826 542 MICHAELE
1872 479 2325 539 PAL'EOLOGO
2365 478 2515 537 LIB.
2563 476 2677 537 ΙΙΙ.

3441 464 3559 527 633‘

302 589 554 642 δυτικῶν.
605 587 738 643 Οὐδὲ
779 591 886 659 γὰρ
925 584 1014 659 ἦν,
1062 589 1159 643 οὐκ
1212 585 1279 660 ἦν
1332 592 1421 644 ἐπὶ
1454 590 1651 643 ταυτοῦ
1690 590 1871 656 μένειν
1904 592 1945 647 Α
1976 587 2192 657 ἐκείνῳ,
2228 589 2319 641 κα)⁸
2368 587 2549 639 πίστιν
2597 585 2847 654 γενέσθαι
2898 583 3119 655 βεϐαίαν
3169 582 3232 635 ἐκ
3280 580 3379 649 τῆς
3408 584 3546 650 πρὸς

301 680 564 743 ἐκείνους,
603 679 698 733 καὶ
744 679 835 732 διὰ
886 680 1045 735 τοῦτο
1103 682 1201 734 οὐκ
1256 678 1323 751 ἦν
1375 684 1604 751 ἠρεμεῖν
1654 681 1747 733 καὶ
1783 680 1871 733 τὸν

300 771 567 838 δεσπότην
598 771 851 839 Ἰωάννην
882 772 1002 825 οὐδέ
1037 772 1169 841 πρὸς
1203 774 1405 841 ὀλίγον,
1441 775 1554 841 ἅμα
1591 774 1686 843 μὲν
1712 772 1875 824 καθέ-

301 860 420 931 δρᾳ,
442 860 562 929 ἆμα
593 861 652 914 δέ
678 863 772 914 καὶ
800 864 1123 933 ὁρμητηρίῳ
1162 866 1528 937 Θεσσαλονίκῃ
1571 865 1871 934 χρώμενον.

307 951 500 1004 Ἔνθεν
554 968 634 1005 τοι
688 956 782 1006 καὶ
839 950 1017 1015 αὖθις,
1060 954 1236 1007 καίτοι
1285 956 1393 1008 τῶν
1444 956 1564 1008 κατ’
1614 955 1875 1018 ἀνατολὴν

303 1043 629 1106 πονούντων,
678 1044 794 1114 ἅμα.
838 1045 1100 1114 δυνάμεσι
1150 1046 1429 1108 πλείσταις
1476 1047 1567 1098 τὸν
1610 1047 1877 1116 δεσπότην

304 1135 605 1204 ἐκπέμπει.
641 1136 751 1189 Καὶ
775 1138 838 1204 δὴ
869 1138 965 1205 τὴν
998 1138 1257 1207 ταχίστην
1288 1137 1483 1199 ἐπιϐὰς
1517 1140 1719 1200 ἐκεῖνος
1744 1138 1878 1190 Θεσ-

306 1226 599 1297 σαλονίκης
631 1229 917 1282 συνέταττέ
949 1245 1007 1281 τε
1055 1228 1154 1291 τὰς
1192 1230 1449 1296 δυνάμεις
1497 1231 1592 1281 καὶ
1642 1229 1880 1297 πόλεμον

307 1318 527 1383 ἐξάγειν
560 1318 702 1372 κατὰ
727 1319 947 1388 Μιχαὴλ
977 1319 1343 1388 εὐτρεπίζετο.
1378 1322 1488 1373 Καὶ
1520 1320 1653 1388 μηδέ
1680 1318 1880 1379 τελέως

308 1407 597 1470 ἀκουσθεὶς
630 1408 857 1472 ἐπιστὰς
884 1411 979 1481 ἅμ’
1011 1410 1240 1480 ἠκούετο
1264 1412 1356 1463 καὶ
1396 1412 1511 1478 ἅμα
1532 1414 1649 1473 ταῖς
1674 1410 1881 1481 χώραις

310 1502 670 1571 προσέϐαλλε,
706 1504 856 1556 λείαν
902 1520 961 1555 τε
1006 1503 1268 1572 πλείστην
1301 1503 1724 1574 περιϐαλόμενος
1755 1506 1885 1557 ὐπο-

313 1596 561 1664 στρέφει.
593 1598 701 1649 Καὶ⁵
741 1598 767 1649 ό
802 1598 899 1666 μὲν
927 1597 1025 1661 τὰς
1054 1598 1317 1666 δυνάμεις
1351 1600 1569 1667 κατεῖχε
1602 1598 1883 1668 διαχειμεο

314 1684 537 1753 ριούσας
562 1685 690 1754 περὶ
730 1686 820 1738 τὸν
847 1687 1168 1755 Βαρδάριον,
1194 1686 1269 1750 ὡς
1298 1685 1413 1755 ἅμα
1434 1683 1528 1758 ἦρι
1560 1687 1884 1757 προσϐαλὼν

275 1846 278 1848 γ
310 1774 471 1838 αὖθις
496 1792 510 1805 ·
544 1778 572 1828 ό
607 1776 664 1828 δέ
708 1775 928 1846 Μιχαὴλ
968 1776 1119 1846 φόϐῳ
1161 1776 1390 1845 ληφθεὶς
1429 1778 1490 1828 οὺ
1535 1776 1739 1846 μετρίῳ
1774 1777 1885 1839 (τὸν

311 1866 422 1936 γὰρ
450 1866 719 1936 δεσπότην
749 1868 844 1920 καὶ
892 1867 953 1933 ἐξ
1008 1870 1176 1939 ἀκοῆς
1228 1868 1542 1931 ἐδεδξττετο,
1597 1868 1664 1920 τὰ
1717 1868 1885 1921 πολλὰ

313 1955 421 2025 πρὸ
464 1956 559 2015 τοῦ
599 1956 679 2023 τῷ
730 1957 976 2028 ἰταλικῷ
1027 1957 1395 2028 στρατεύματι
1447 1958 1882 2027 φρυαττόμενο;’

312 2047 403 2100 διὰ
452 2048 563 2118 γὰρ
613 2049 675 2101 τὸ
724 2048 859 2119 πρὸς
914 2049 1004 2102 τὸν
1064 2050 1159 2103 τοῦ
1210 2050 1541 2120 Φρεδερίχου
1595 2051 1762 2105 παῖδα
1797 2051 1885 2103 τὸν

315 2140 511 2208 Μαφρέ
540 2140 700 2208 κῆδος
730 2140 823 2193 ἐπὶ
848 2143 912 2210 τῇ
944 2141 1171 2210 θυγατρὶ
1213 2141 1433 2210 ἕτοιμον
1480 2143 1744 2213 βοηθῆσον
1770 2136 1885 2212 εἶχε

314 2232 375 2282 τὸ
397 2230 607 2284 ἐκεῖθεν
649 2232 1059 2301 στρατιωτικὶν)
1099 2233 1257 2299 ἀφεὶς
1281 2233 1341 2284 τὸ
1380 2234 1469 2285 ἐπ’
1502 2234 1729 2296 ἐκείνοις
1753 2235 1884 2303 θαρ-

318 2324 433 2389 ρεῖν
464 2324 556 2376 ἐπὶ
601 2324 832 2386 σπονδὰς
865 2323 1227 2393 καταφεύγει,
1270 2325 1363 2378 καὶ
1405 2324 1624 2394 πέμψας
1655 2324 1888 2377 ἱκετεύει

316 2416 406 2467 τὸν
439 2416 696 2484 Ἰωάννην
732 2416 1193 2486 μετακλαιόμενός
1247 2433 1303 2468 τε
1347 2416 1445 2481 τὰς
1487 2418 1755 2488 προτέρας
1787 2435 1886 2470 παν

316 2504 618 2573 λιμϐολίας,
645 2507 739 2557 καὶ
762 2522 825 2556 πε
836 2508 888 2574 pl.
910 2506 1019 2558 τῶν
1045 2505 1346 2574 μελλόντων
1367 2508 1628 2576 ἐχέγγυον
1649 2506 1890 2575 ἀσφαλὲς

318 2598 442 2660 τοὺς
488 2592 684 2668 ὅρκους
742 2598 931 2651 ἐδίδου.
984 2598 1199 2668 Ἐζήτει
1241 2616 1300 2651 τε
1350 2600 1443 2652 καὶ
1489 2598 1766 2652 συνελθεῖν
1792 2600 1888 2670 ἅμ’

319 2778 528 2845 putavit
567 2779 967 2847 expeditionem
1017 2780 1067 2834 in
1111 2781 1372 2836 Occiduos
1403 2789 1605 2836 tractos
1635 2782 1890 2845 alteram;

321 2885 425 2923 non
476 2871 651 2935 enim,
695 2886 801 2925 non
852 2872 1034 2939 utique
1085 2882 1177 2927 aut
1226 2876 1554 2943 sperandmn
1605 2886 1750 2939 erat,
1799 2886 1893 2929 aut

319 2963 542 3016 nuniino
582 2961 697 3016 lieri
738 2972 949 3028 poterat
989 2973 1047 3016 ut
1087 2965 1441 3030 praesentibus
1483 2968 1893 3034 acquiescerent

322 3065 415 3109 aut
466 3067 657 3110 secure
707 3058 989 3123 quiescere
1043 3070 1142 3110 nos
1197 3057 1433 3111 sinerent
1487 3059 1893 3125 inquietissima:

321 3157 531 3216 gentes.
558 3147 737 3213 Quare
778 3149 1135 3203 cessandum.
1162 3164 1227 3203 ac
1268 3164 1333 3201 ne
1368 3150 1728 3203 cunctandum
1769 3151 1893 3218 qui-

1976 678 2235 746 ἀλλήλους
2273 678 2399 739 θέας
2432 676 2702 731 ἐϐούλετο.
2749 678 2806 729 Ὀ
2832 676 2957 742 γοῦν
2985 673 3250 743 δεσπότης
3283 673 3380 740 τὴν
3415 688 3550 738 πρε-

1977 770 2166 823 σϐείαν
2200 771 2511 841 δεξάμενος,
2551 771 2627 834 ὡς
2660 769 2840 823 λαϐὼν
2881 771 3031 839 παρὰ
3074 769 3338 838 βασιλέως
3377 768 3550 835 ἐκχώ-

1980 880 2155 933 ρησιν,
2185 864 2401 915 ἐκέλευε
2448 864 2573 927 τοὺς
2620 864 2815 932 ὅρκους
2853 863 3127 931 γενέσθαι.
3174 862 3283 914 Καὶ
3326 859 3390 929 δὴ
3426 877 3550 912 συν.

1977 950 2145 1002 ελθὼν
2178 951 2327 1020 αὐτῷ
2388 953 2473 1020 ἐφ’
2510 954 2822 1022 ὁρισθείσης
2864 955 3096 1023 ἡμέρας,
3133 954 3226 1006 καὶ
3262 969 3549 1004 κατασπα-

1981 1042 2213 1110 σάμενος
2244 1044 2506 1115 ἀπλάστῳ
2548 1046 2693 1116 ἦθει,
2734 1048 2781 1097 εί
2826 1048 3076 1107 κάκεῖνος
3120 1045 3214 1096 καὶ
3261 1042 3420 1098 πάλιν
3462 1043 3551 1094 τὸν

1977 1134 2127 1188 δόλον
2152 1136 2414 1206 ἔκρυπτε,
2444 1138 2578 1207 πρὸς
2606 1137 2672 1189 τὰ
2696 1137 2868 1189 οίκεῖα
2901 1136 3176 1204 ἐκπέμπει

1979 1248 2084 1302 κα’.
2118 1250 2371 1314 Ὀπωςό
2396 1250 2698 1314 δεσπότης
2733 1250 3008 1313 Ἰωάννης
3042 1247 3410 1313 ἀπαλλαγεὶς
3438 1246 3554 1298 τῶν

2050 1319 2307 1373 Διιτικῶν
2328 1320 2449 1385 τοῖς
2479 1320 2605 1376 κατ’
2635 1320 2960 1386 Ἀνατολὴν
2985 1319 3218 1387 ἐχθροῖς
3248 1319 3547 1385 προσϐάλ›

2047 1393 2162 1443 λει.
2196 1388 2307 1442 Καὶ
2334 1391 2581 1458 μερικὸς
2600 1390 2849 1454 ἔπαινος
2876 1392 3109 1443 τούτου.

2052 1500 2117 1572 [Ρ
2148 1501 2270 1573 Hi]
2290 1503 2395 1555 Τὸν
2426 1487 2608 1571 μέντοι
2632 1521 2693 1570 γε
2714 1503 2986 1571 δεσπότην
3020 1502 3276 1571 Ἰωάννην
3312 1518 3556 1570 μετακα-

1982 1592 2279 1659 λεσάμενος
2309 1596 2371 1647 ἐκ
2410 1594 2811 1663 Θεσσαλονίκης
2836 1597 2861 1647 ὁ
2895 1595 3167 1665 βασιλεὺς,
3214 1595 3408 1663 μικρὸν
3440 1596 3562 1645 ὅσον

1982 1687 2345 1756 διατρίψαντὰ
2383 1688 2455 1749 οἱ,
2503 1688 2617 1757 ἅμα
2650 1689 2773 1749 ταῖς
2824 1687 3085 1757 δυνάμεσι
3126 1686 3259 1755 πρὸς
3300 1683 3562 1752 ἀνατολὴν

1985 1777 2287 1845 ἐκπέμπει,
2317 1778 2428 1839 τοῖς
2473 1777 2710 1846 Πέρσαις
2747 1777 2821 1839 ὡς
2857 1773 2924 1847 ἦν
2962 1777 3319 1847 συμμίξοντα.
3351 1772 3462 1828 Ἦν
3507 1776 3562 1827 δὲ

1988 1870 2226 1940 κάκείνῳ
2260 1870 2441 1940 τρυφὴ
2493 1874 2552 1923 τὸ
2597 1870 2825 1931 ἐκείνοις
2873 1870 3199 1937 ἐφεστάναι,
3250 1869 3343 1922 καί
3382 1886 3435 1920 τι
3466 1870 3565 1936 τῆς

1989 1964 2151 2017 αὑτοῦ
2210 1963 2367 2031 δόξης
2415 1963 2561 2026 ἄξιον
2598 1961 3013 2031 διαπράξεσθαι.
3061 1956 3173 2012 Ἦν
3206 1961 3312 2029 γὰρ
3359 1960 3386 2012 ό
3424 1961 3564 2027 ἀνὴρ

1989 2057 2109 2117 ταῖς
2137 2053 2417 2122 ἀληθείαις
2446 2053 2722 2119 ὀξύτατος,
2756 2053 2831 2115 ὠς
2875 2051 2968 2104 νῦν
3001 2051 3097 2121 μέν
3130 2050 3345 2103 ἐνταῦθ’
3373 2050 3567 2103 ἀκούε-

1992 2147 2141 2210 σθαι,
2169 2146 2265 2199 νῦν
2291 2146 2346 2198 δέ
2381 2149 2639 2215 παρεῖναι
2686 2146 2820 2198 ὅπου
2869 2162 2949 2206 τις
2997 2142 3137 2213 μηδέ
3168 2142 3570 2212 προσεδόκησεν

1991 2240 2057 2293 ἂν
2088 2239 2330 2293 πώποτε.
2366 2239 2575 2300 Σκευὰς
2604 2236 2649 2289 δ’
2680 2237 2892 2299 ἐκείνας
2924 2235 3017 2287 καὶ
3054 2233 3352 2301 ταγμάτων
3384 2230 3563 2311 πλήθη

1988 2332 2083 2386 καὶ
2114 2332 2409 2402 θεραπείας
2442 2331 2649 2398 ἀφιεὶς,
2676 2329 2915 2398 ἑσπέρας
2948 2325 3351 2393 σκευαζόμενος
3376 2322 3569 2384 ἵπποις

1990 2426 2191 2496 ἐχρῆτο
2231 2423 2659 2495 ταχυδρομοῦσι,
2708 2424 2802 2475 καὶ
2848 2423 2958 2483 τοῖς
3010 2418 3134 2489 μηδ’
3177 2420 3256 2480 εἰς
3297 2416 3425 2469 νοῦν
3470 2416 3568 2485 τὴν

1990 2520 2194 2571 ἐκείνου
2251 2517 2434 2587 ἔχουσι
2490 2515 2797 2586 παρουσίαν
2861 2514 3139 2581 ἐφίστατο.
3202 2511 3311 2564 Καὶ
3360 2510 3445 2562 ἵνα
3492 2510 3569 2580 μὴ

1991 2608 2346 2679 καταχαλῷτο
2367 2609 2426 2661 τὸ
2462 2608 2619 2679 σῶμα
2645 2606 2960 2677 κινούμενον
2984 2605 3068 2675 ἐφ’
3103 2605 3287 2658 ἵππων
3315 2602 3409 2658 καὶ
3439 2605 3571 2655 ἁνα-

1995 2787 2352 2841 itnmutahilis
2400 2787 2597 2856 pignus
2652 2795 2812 2855 atque
2869 2782 3110 2835 obsidem
3162 2779 3357 2834 obtulit
3406 2778 3571 2847 juris-

1988 2881 2204 2950 jurandi
2251 2880 2603 2950 religionem,
2637 2893 2739 2946 qua
2789 2876 3039 2946 praesenti
3084 2889 3142 2929 se
3182 2873 3569 2939 obstringeret,

1992 2972 2246 3041 colloquii
2302 2972 2514 3041 c0piam
2568 2971 2632 3022 ad
2687 2969 2737 3021 id
2791 2966 3101 3035 postulans.
3148 2974 3202 3019 et
3248 2979 3469 3033 sperare
3512 2977 3572 3018 se

1993 3062 2141 3115 aiens
2185 3070 2374 3115 mutuo
2419 3068 2713 3128 conspectu
2761 3059 2990 3111 sincera:
3036 3070 3147 3108 suae
3188 3055 3476 3107 voluntatis
3518 3056 3571 3107 in

1995 3161 2255 3208 aeternam
2286 3151 2629 3206 concordiam
2660 3152 2837 3211 fidem,
2865 3146 3259 3215 quantumlibet
3284 3146 3569 3208 dubitanti,

320 3247 441 3296 dent
478 3241 558 3296 vel
590 3242 903 3307 minimum,
936 3243 1003 3296 ab
1039 3241 1117 3295 eis
1153 3241 1294 3295 ultro
1326 3240 1640 3295 invadendis
1670 3250 1723 3295 et
1754 3241 1896 3295 malo
1924 3268 1969 3330 ρ
1999 3258 2057 3299 se
2100 3245 2390 3298 facturum.
2427 3241 2579 3295 Haud
2627 3252 2948 3309 aSpernatus
2990 3239 3307 3307 legationem
3352 3237 3570 3303 despota

320 3334 587 3388 donandis
627 3332 824 3388 Joanni
870 3334 1108 3401 despota:
1152 3347 1259 3387 non
1306 3342 1454 3400 erat,
1490 3349 1735 3401 magnam
1780 3336 1896 3405 ejus

322 3426 445 3481 belli
494 3426 725 3480 habente
772 3425 1077 3480 facultatem
1120 3440 1307 3479 secura
1350 3427 1690 3494 possessione
1723 3426 1897 3482 Thes-

324 3516 682 3571 salonicensis
727 3516 905 3579 urbis,
933 3517 1024 3569 ubi
1068 3524 1123 3569 et
1166 3516 1453 3570 stationem
1498 3526 1699 3571 certam
1740 3530 1796 3572 et
1831 3518 1897 3572 ad

322 3608 554 3677 impetus
585 3607 955 3661 incursiounm
988 3608 1037 3660 in
1074 3623 1287 3662 omnem
1317 3607 1738 3678 circumquaque
1770 3611 1898 3665 sitas

324 3712 501 3754 terras
532 3690 781 3753 Michaeli
806 3700 1076 3767 subjectas
1102 3699 1338 3768 despotze
1364 3701 1599 3755 habebat
1643 3713 1898 3771 opportu-

324 3806 473 3853 nam,
496 3805 621 3844 cum
640 3800 826 3860 parato
856 3800 1095 3861 receptu.
1116 3789 1211 3846 llis
1231 3792 1295 3845 de
1315 3793 1492 3847 causis
1512 3807 1576 3846 eo
1598 3808 1781 3847 rursus
1799 3795 1901 3847 im-

325 3893 543 3951 perator
571 3880 831 3937 Joannem
855 3883 1132 3953 despotam
1158 3884 1303 3939 misit
1340 3899 1458 3938 cum
1483 3886 1713 3938 maxima
1745 3898 1897 3953 parte

324 3976 645 4045 copiarum,
680 3976 803 4030 licet
849 3976 914 4029 iis
962 3977 1272 4032 laborantes
1318 3987 1372 4032 et
1420 3978 1550 4047 ipsa:
1593 3976 1898 4033 Orientales

329 4070 625 4138 provincia!
655 4083 761 4121 non
798 4084 987 4137 parum
1021 4069 1341 4136 indigerent.
1371 4068 1417 4122 Is
1453 4084 1613 4136 porro
1641 4070 1747 4124 cito
1780 4085 1899 4138 per-

325 4169 518 4215 vectus
543 4159 983 4217 Thessalonicam
1015 4162 1312 4216 exercitum
1342 4163 1394 4215 in
1426 4161 1733 4217 Michaelem
1766 4164 1901 4215 adeo

327 4254 580 4309 celeriter
613 4254 861 4318 immisit,
885 4266 941 4309 ut
974 4254 1169 4310 famam
1211 4255 1627 4326 opinionemque
1668 4270 1900 4325 praever-

329 4358 451 4401 tens
479 4348 565 4400 vix
594 4350 745 4415 prius
776 4347 989 4401 auditus
1013 4356 1326 4401 cerneretur
1349 4358 1402 4401 et
1426 4349 1722 4401 sentiretur
1744 4362 1901 4417 agere

329 4437 582 4507 ferreque
610 4438 883 4493 Michaelis
907 4440 1163 4493 ditionem
1190 4441 1337 4493 omni
1365 4440 1515 4495 clade
1543 4438 1686 4495 belli.
1716 4439 1898 4495 Praeda

328 4531 527 4585 dehinc
556 4529 737 4584 omnis
767 4531 979 4598 generis
1002 4540 1225 4584 onustas
1257 4531 1308 4583 in
1341 4539 1511 4583 tututu
1540 4533 1725 4600 copias
1752 4546 1899 4585 rece-

1997 3335 2263 3398 Joannes,
2300 3338 2390 3403 qui
2425 3348 2481 3387 se
2518 3333 2669 3401 plena
2707 3333 2769 3384 ad
2807 3329 3150 3383 tractandum
3186 3336 3453 3395 potestate
3491 3327 3573 3377 in-

1998 3439 2261 3483 structum
2310 3427 2378 3481 ab
2419 3428 2743 3496 imperatore
2791 3422 3139 3483 meminerat,
3180 3420 3317 3472 diem
3363 3418 3572 3470 locum-

1998 3536 2103 3588 que
2126 3519 2557 3588 jttramentornm
2593 3515 2925 3568 ca‘rcntnniw
2956 3512 3267 3574 constituit;
3301 3523 3471 3577 eoque
3507 3506 3573 3560 ad

2000 3611 2307 3663 condictum
2352 3624 2678 3668 occurrens,
2715 3617 2770 3658 ιιι
2805 3614 2923 3658 erat
2957 3602 3185 3656 naturali
3225 3600 3484 3653 facilitate
3523 3606 3578 3651 et

2001 3703 2135 3757 recti
2173 3700 2503 3755 conscientia
2541 3698 2827 3760 credulus,
2859 3698 3067 3749 sincera
3104 3693 3217 3763 ipse
3258 3701 3435 3745 mente
3470 3704 3574 3741 non

2001 3796 2115 3864 pari
2147 3796 2383 3849 candore
2404 3794 2676 3863 jurantetn
2712 3805 2775 3843 ac
2807 3789 2955 3840 dolos
2988 3797 3117 3839 tunc
3142 3797 3355 3854 quoque
3384 3782 3577 3834 verbo-

2004 3904 2119 3941 rum
2158 3887 2367 3940 fallacia
2418 3886 2679 3937 celantem
2725 3880 2928 3933 audivit
2970 3876 3317 3938 Michaelem,
3345 3887 3577 3939 eumque

2003 3980 2207 4034 foedere
2239 3981 2344 4034 icto
2374 3978 2585 4031 remisit
2614 3976 2677 4028 ad
2708 3975 2943 4042 propria.

2000 4094 2090 4147 21.
2149 4092 2215 4145 Ut
2273 4094 2489 4157 despota
2522 4087 2757 4141 Joannes
2813 4085 3115 4153 perfunctus
3148 4079 3471 4157 expeditione
3517 4077 3571 4129 in

2076 4154 2510 4221 Occiduoxpcum
2556 4159 2787 4211 hostibus
2846 4160 2896 4206 in
2950 4157 3146 4205 orieth
3211 4154 3278 4203 sit
3332 4164 3577 4215 congresr

2073 4251 2197 4295 sus;
2229 4245 2273 4284 et
2304 4233 2521 4283 landum
2579 4229 2692 4295 ejus
2726 4227 3023 4279 distinctior
3052 4222 3386 4288 prwdicnlio.

2072 4351 2138 4400 At
2173 4348 2460 4413 imperator
2525 4343 2800 4409 despotam
2857 4338 3121 4391 Joannem
3194 4334 3578 4389 Thessalonica

2005 4448 2313 4491 revocatum
2340 4442 2455 4503 post
2477 4434 2739 4484 modicam
2770 4429 2908 4495 apud
2936 4443 2992 4480 se
3023 4439 3225 4479 moram
3250 4440 3371 4478 com
3398 4420 3571 4486 cotnis

2004 4529 2055 4581 in
2120 4529 2379 4580 orientem
2426 4528 2607 4582 mittit,
2652 4522 2910 4574 adversus
2952 4519 3143 4573 Persas
3169 4516 3275 4568 illic
3319 4526 3584 4581 pugnatu—

329 4624 439 4692 pit,
477 4634 532 4676 et
576 4624 720 4677 circa
766 4621 1082 4675 Bardariutn
1132 4638 1343 4676 amnem
1391 4621 1720 4677 biematuras
1762 4624 1896 4677 locis
1928 4622 1967 4677 Β
1998 4636 2139 4674 rum.
2170 4619 2541 4672 Delectabatur
2577 4617 2661 4667 hic
2699 4617 2777 4666 vir
2812 4612 2914 4664 isto
2944 4609 3342 4679 expeditionum
3375 4606 3579 4669 labore,

328 4714 628 4770 commodis
654 4713 938 4782 disposuit,
960 4722 1019 4768 ut
1039 4713 1286 4769 videlicet
1307 4728 1369 4769 ex
1396 4713 1558 4783 215
1582 4715 1899 4783 propinquo,

330 4822 457 4861 vere
489 4808 722 4875 primum
768 4808 1138 4870 illucescente,
1161 4805 1385 4860 hostiles
1417 4807 1611 4859 iterum
1658 4807 1904 4875 regiones

332 4898 671 4951 invaderent.
709 4898 776 4948 At
810 4894 1057 4959 Michael,
1089 4893 1274 4947 dolore
1301 4894 1617 4947 damnorum
1649 4910 1766 4962 qua!
1794 4896 1901 4961 jam

330 4995 580 5042 senserat
613 4988 1005 5040 imminentium
1045 4998 1187 5039 metu
1224 4986 1530 5049 cumulato,
1560 4987 1905 5041 vehementer

332 5079 565 5132 amictus
601 5079 664 5131 ad
696 5076 919 5132 Joannis
953 5078 1031 5132 vel
1077 5078 1244 5132 solam
1291 5076 1618 5132 mentionem
1661 5090 1905 5132 conster-

336 5172 588 5236 nabatnr,
621 5170 841 5223 remissa
876 5186 979 5225 non
1010 5185 1196 5237 parum
1235 5168 1322 5223 illa
1356 5170 1557 5223 ferocia
1584 5170 1768 5239 priori,
1800 5186 1904 5238 qua

334 5263 523 5316 solitus
553 5274 710 5315 antea
743 5272 860 5315 erat
892 5262 1234 5325 insolescere,
1266 5260 1458 5313 tlducia
1489 5260 1669 5328 utique
1700 5258 1908 5312 italico—

338 5370 455 5409 rum
486 5354 810 5407 auxiliorum
844 5370 872 5406 a
906 5352 1184 5407 Manfredo
1216 5367 1448 5419 genero,
1477 5352 1735 5405 Friderici
1767 5352 1905 5414 filio,

338 5442 436 5509 ipsi
484 5450 818 5510 paraturum.
851 5439 956 5494 Sed
994 5451 1118 5494 tunc
1153 5441 1249 5495 ista
1285 5456 1379 5507 spe
1410 5456 1616 5509 opeque
1651 5440 1904 5493 damnata

336 5532 489 5597 quasi
524 5530 680 5582 malis
706 5529 1021 5597 urgentibus
1052 5540 1261 5595 reperta
1296 5528 1511 5596 itnpari,
1539 5528 1604 5581 ad
1637 5530 1910 5580 tractatio-

339 5638 455 5674 nem
501 5623 649 5690 pacis
690 5622 968 5689 confugit;
1004 5631 1057 5674 et
1090 5621 1281 5689 legatis
1318 5622 1382 5673 ad
1414 5619 1673 5673 Joannem
1708 5618 1909 5685 suppli-

339 5714 490 5767 cibus
527 5713 738 5775 missis,
769 5715 911 5767 serio
958 5713 1066 5779 jam
1100 5714 1367 5780 poenitere
1415 5727 1535 5766 sese
1569 5711 1817 5764 fraudum
1857 5718 1908 5762 et

349 5806 784 5873 ittquietudinnm
818 5814 1205 5876 praeteritarum
1238 5806 1471 5859 obnoxie
1501 5820 1564 5857 ac
1593 5802 1909 5856 lamentabi-

346 5897 463 5961 ptcr
514 5898 827 5969 professus.
876 5898 999 5953 Iidci
1056 5899 1483 5965 constantiaque
1529 5896 1583 5949 in
1637 5904 1903 5964 posterum

2004 4723 2059 4768 et
2089 4726 2308 4766 summa:
2337 4709 2406 4761 illi
2451 4707 2739 4775 voluptatis
2775 4704 2890 4756 loco
2924 4711 3041 4756 erat
3070 4700 3270 4767 aliquid
3305 4695 3460 4751 laude
3496 4697 3583 4749 di-

2005 4820 2165 4875 gnum
2218 4817 2418 4872 gerere.
2470 4798 2604 4852 Vera
2654 4796 2773 4861 ejus
2815 4796 2981 4863 gloria
3028 4804 3143 4847 erat
3182 4788 3579 4843 velocissimum

2007 4900 2201 4950 ducum
2254 4892 2494 4944 omnium
2551 4891 2601 4940 in
2655 4886 3023 4955 belligeraudo
3067 4897 3208 4942 esse,
3253 4881 3323 4933 ita
3355 4889 3413 4930 ιιι
3461 4893 3580 4927 cum

2008 4986 2204 5040 alicubi
2243 4984 2446 5037 versari
2481 4981 2780 5043 att‘liretur,
2816 4991 2938 5027 mox
2964 4975 3073 5027 illic
3100 4975 3313 5024 a‘iL‘SSCl
3342 4984 3447 5036 quo
3486 4984 3583 5019 ne-

2011 5087 2353 5139 ntounquam
2398 5071 2761 5122 existimasset
2811 5066 2974 5135 216
3006 5074 3112 5116 tam
3157 5061 3301 5114 brevi
3344 5070 3584 5125 tempore

2010 5162 2288 5233 pet-volare
2335 5160 2592 5228 pomisse.
2637 5155 2839 5223 Nempe
2884 5151 3267 5221 impedimenta
3316 5146 3583 5214 suppelle-

2010 5255 2154 5310 ctilis
2187 5253 2481 5306 castrensis
2502 5260 2555 5304 et
2588 5250 2706 5303 illas
2754 5246 3067 5300 ambitiosas
3109 5243 3307 5295 ducum
3340 5240 3586 5294 sarcinas

2014 5347 2418 5414 tninismriaque
2467 5343 2789 5396 famulorum
2847 5346 2900 5389 et
2936 5338 3122 5401 longas
3175 5332 3583 5386 clitellariorum

2014 5439 2278 5492 tnnlorutn
2320 5435 2594 5494 mandras,
2619 5439 2934 5498 apparatum
2974 5425 3124 5479 tarde
3153 5422 3425 5483 mobilem,
3455 5424 3581 5474 ubi-
3670 5490 3673 5495 ν

2012 5542 2224 5596 etttiqne
2262 5525 2620 5594 oppressisset
2654 5534 2864 5589 vesper,
2890 5518 3161 5578 omittens,
3192 5513 3503 5583 pernicibus
3529 5514 3579 5563 in

2011 5620 2169 5686 equis
2206 5618 2487 5683 expeditus
2521 5622 2669 5665 vasta
2702 5610 2951 5663 noctibus
2997 5608 3261 5660 emetiens
3292 5604 3485 5669 spatia,
3514 5601 3584 5655 ibi

2015 5720 2233 5778 repente
2265 5707 2554 5775 apparebat
2584 5716 2689 5771 quo
2713 5701 2973 5769 perlatum
3021 5708 3127 5751 tam
3160 5696 3362 5751 volucri
3397 5693 3590 5746 celeri-

2016 5813 2123 5855 tate
2154 5800 2308 5853 fidem
2336 5810 2550 5850 omnem
2581 5810 2642 5846 ac
2669 5792 3050 5861 cogitationem
3085 5788 3404 5848 excederet;
3440 5791 3492 5836 et
3518 5796 3591 5836 ne

2016 5893 2299 5959 rapiditate
2342 5884 2702 5942 iucitatissimi
2736 5890 2913 5937 motus
2957 5893 3157 5947 corpus
3188 5877 3238 5930 in
3280 5869 3590 5942 cquiscll'u-
