3926 6522
402 413 509 478 663

1617 422 1938 484 GEORGII
1983 424 2461 489 PACHYMER£

3542 435 3640 496 664

397 525 687 595 Στρόϐιλον
715 526 856 596 λέγω
888 528 983 583 καὶ
1016 529 1114 602 τὴν
1145 532 1593 604 Σταδιοτραχίαν,
1638 536 1714 600 ώς
1739 537 1975 593 ἀδύνατα
2005 545 2046 600 Α
2078 539 2286 610 χώρους
2329 544 2609 598 ἀντίποινα
2659 544 2758 598 οὐκ
2802 543 3041 598 ἐδικαίου
3098 545 3158 596 τὸ
3211 541 3450 600 σύνολον.
3504 547 3642 615 ῐιλην

397 617 528 671 ὄντα
574 620 1070 692 ἐπανακεκλῆσθαι,
1119 624 1230 678 οὐδ’
1282 627 1556 698 ἐπεχείρει
1605 629 1745 684 κατά
1786 632 1980 700 πεῖραν

401 715 695 781 κατασχεῖν
717 730 730 743 ·
761 713 885 767 ὅσον
915 714 959 768 δ’
991 711 1056 785 ἧν
1083 715 1142 770 τὸ
1172 719 1313 770 κατά
1344 719 1652 790 Μαίανδρον
1686 721 1778 775 καὶ
1806 721 1983 794 Τράλ-

400 807 513 868 λεις
539 809 630 859 καὶ
667 807 973 879 Κάϋστρον,
1003 811 1069 862 τὰ
1106 811 1205 881 τῆς
1243 812 1425 876 Ἀσίας
1478 813 1774 883 βαθύτατα,
1812 814 1980 885 ἐκρά-

402 897 526 948 τυνέ
555 913 613 948 τε
644 898 1004 969 προπολεμῶν
1045 900 1137 952 καὶ
1181 901 1281 970 τῆς
1325 903 1465 956 κατὰ
1511 906 1648 972 σφᾶς
1682 905 1980 974 ἀσφαλείας

405 987 656 1056 μετέχειν
688 989 882 1042 ἐδίδου.
937 991 1077 1054 Τοὺς
1118 992 1176 1044 δέ
1229 1010 1291 1060 γε
1340 991 1724 1062 Μαγεδωνίτας
1756 998 1979 1067 (ἐκάκου

401 1078 514 1146 γὰρ
542 1079 738 1142 αὐτοὺς
765 1081 824 1132 τὸ
854 1080 1064 1134 πολλῶν
1091 1082 1243 1137 ἔνθεν
1273 1086 1351 1147 εἰς
1383 1087 1482 1149 τάς
1514 1087 1652 1140 κατὰ
1674 1088 1825 1140 δύσιν
1855 1089 1979 1142 δου-

400 1168 552 1233 λείας
593 1172 980 1242 μεταγομένων
1037 1177 1402 1247 καταθαρῤεῖν
1449 1179 1558 1231 τῶν
1608 1179 1982 1250 λελειμμένων

402 1263 529 1324 τοὺς
564 1263 799 1335 Πέρσας)
840 1268 934 1320 καὶ
961 1267 1079 1321 λίαν
1121 1268 1342 1322 συνίστα
1386 1271 1480 1323 καὶ
1517 1271 1880 1341 ἡσφαλίζετο⁸
1912 1269 1980 1344 ἦν

403 1354 514 1425 γὰρ
542 1356 602 1410 τὸ
631 1358 854 1412 ἐκείνων
901 1361 1104 1431 πλῆθος
1151 1363 1376 1416 πίσυνον
1423 1363 1596 1428 τόξοις
1638 1364 1729 1416 καὶ
1762 1364 1891 1435 περὶ
1921 1364 1981 1416 τὸ

402 1448 724 1518 ἀντιμαχείν
758 1450 1102 1520 δεξιώτατον,
1149 1455 1243 1507 καί
1287 1472 1350 1523 γε
1395 1455 1493 1518 τὰς
1543 1457 1851 1525 προθυμίας
1887 1459 1981 1528 tap-

407 1539 584 1605 ρώννυ
618 1544 846 1614 χρυσίῳ,
899 1545 988 1598 καὶ
1040 1548 1180 1614 σφᾶς
1227 1548 1478 1617 ἐδωρεῖτο
1519 1547 1872 1618 φιλοτιμίαις.
1900 1549 1979 1612 ,οί

409 1636 592 1704 μέντοι
623 1653 686 1704 γε
727 1638 931 1708 Πέρσαι
959 1639 1017 1690 τὸ
1042 1640 1202 1709 τάχος
1239 1640 1334 1709 τῆς
1366 1640 1688 1704 ἐπιστασίας
1720 1641 1978 1710 μαθόντες

406 1731 800 1803 κατωρρώδουν
831 1751 910 1798 τε,
949 1735 1039 1787 καὶ
1073 1725 1229 1797 αὖθις
1261 1734 1702 1798 παλινοστοῦντες
1719 1737 1839 1798 ταῖς
1857 1735 1980 1788 δυσ-

406 1823 634 1893 χωρίαις
699 1825 993 1892 ἐνεδύοντο,
1042 1828 1373 1895 ἀπογνόντες
1417 1827 1474 1881 δέ
1505 1826 1599 1880 τοῦ
1629 1826 1853 1898 θαρρεῖν
1879 1829 1980 1881 αῦ-⁹

2087 632 2429 696 ίκετεύοντας
2456 637 2831 706 πρωεδέχετο,
2865 636 2958 690 καὶ
2991 637 3172 704 σφίσιν
3200 637 3353 704 ὅρους
3387 637 3569 698 ἐτίθει,
3593 642 3643 701 ὲς

2082 723 2279 777 ὁπόσον
2331 727 2401 781 ἂν
2454 729 2548 781 καὶ
2593 729 2866 798 κινηθείεν
2923 728 3484 799 προσκατασαίνοντες
3533 733 3644 793 ταῖς

2085 820 2332 888 σκηναῖς,
2368 820 2444 884 ώς
2474 821 2574 885 τὰς
2617 820 2876 891 μεγίστας
2905 821 3166 882 δώσοντες
3186 821 3361 886 δίκας,
3395 822 3444 873 εί
3476 837 3644 890 παρα.

2083 914 2378 974 σπονδοίεν.
2414 915 2524 968 Καὶ
2559 914 2702 968 οὕτω
2750 915 2850 986 μὲν
2893 915 2921 967 ό
2965 915 3230 982 δεσπότης
3269 915 3337 968 τὰ
3379 914 3518 967 κατὰ
3557 917 3647 986 τὴν

2083 1003 2158 1057 ἕω
2188 1003 2461 1058 καθιστῶν
2499 1004 2599 1075 τῆς
2633 1007 2902 1075 προτέρας
2941 1004 3272 1074 δυσκληρίας
3310 1005 3646 1073 ἀνελάμϐανε

2083 1097 2209 1160 τοὺς
2236 1097 2370 1161 ἐκεῖ,
2403 1099 2497 1151 καὶ
2537 1097 2762 1170 θσῤῥεῖν
2809 1099 3068 1170 παρεῖχεν
3114 1097 3307 1168 ἀνέδην
3350 1097 3451 1160 τὰς
3480 1098 3650 1150 αὐτῶν

2084 1189 2466 1256 γεωργοῦντας
2497 1187 2882 1258 καρπίζεσθαι.

2084 1300 2188 1369 κβ’.
2223 1302 2415 1366 Ὅπως
2439 1301 2642 1355 ἐνόσει
2675 1301 3070 1370 ἀπολλύμενα
3099 1299 3171 1354 τὰ
3205 1298 3357 1354 κατὰ
3384 1303 3652 1367 Μαρυαν-

2157 1370 2403 1493 δῖινοὺς,
2443 1375 2515 1425 τὰ
2555 1371 2970 1440 Βουκελλάριὰ
3010 1388 3075 1425 τε
3119 1371 3220 1425 καὶ
3251 1371 3290 1426 ᾗ
3337 1372 3651 1439 Παφλαγο-

2157 1457 2194 1493 ν
2220 1457 2278 1493 α.

2156 1457 2278 1496 για.

2155 1553 2220 1626 [Ρ
2251 1553 2380 1626 M7]
2415 1554 2618 1610 Ἑνόσει
2645 1557 2702 1608 δὲ
2724 1557 2792 1611 τὰ
2823 1556 2930 1611 τῶν
2968 1557 3372 1626 Βουκελλαρίων
3402 1557 3655 1624 Μαρυαν-

2081 1647 2256 1716 δηνῶν
2285 1664 2342 1700 τε
2376 1648 2472 1700 καὶ
2504 1649 2871 1718 Παφλαγόνων
2912 1649 3007 1702 καὶ
3052 1649 3175 1702 λίαν
3207 1647 3464 1718 οἰκτρῶς.
3513 1647 3586 1700 Τὸ
3611 1645 3654 1700 δ’

2083 1740 2257 1792 αῐτιον
2290 1739 2370 1793 δτι
2399 1740 2492 1794 τοῦ
2522 1741 2850 1812 κρατοῦντος
2875 1741 2945 1794 τὰ
2977 1741 3460 1811 τεθησαυρισμένα
3501 1755 3656 1809 σκορ-

2085 1836 2343 1894 πίσαντος
2371 1833 2514 1886 κατά
2562 1849 2621 1885 τε
2668 1831 2804 1903 κήδη
2859 1833 2952 1886 καὶ
3002 1832 3227 1902 βαρείας
3257 1830 3568 1901 φιλοτιμίας
3593 1831 3656 1884 τά

404 1917 533 1968 τίκα
562 1917 1009 1987 διεπρεσϐεύοντο
1042 1919 1276 1972 ἀπέλυὸν
1326 1937 1384 1972 τε
1433 1921 1557 1983 τοὺς
1599 1895 1981 1990 αἰχμαλώτους
2013 1895 2055 1949 Β
2085 1922 2220 1992 πρὸς
2269 1923 2333 1976 τά
2383 1922 2536 1993 ἔθνη,
2594 1895 2818 1994 συχναῖς
2873 1895 3215 1987 ἀποστολαῖς
3251 1895 3561 1992 χρωμένου,
3591 1951 3656 1962 -

407 2009 502 2062 καὶ
534 2005 765 2079 ὴγάπῶν
801 2011 1120 2080 σωζόμενοι.
1175 2012 1238 2065 '0
1270 2012 1325 2065 δέ
1358 2011 1419 2064 τὸ
1467 2012 1566 2081 μὲν
1597 2011 1827 2082 ἡσυχίαν
1853 2012 1981 2082 σχή-

407 2117 524 2154 σειν
555 2103 794 2166 ἐκείνους
827 2103 1074 2168 είσαῦθις
1116 2107 1208 2158 καὶ
1238 2103 1384 2175 μάλα
1421 2103 1639 2176 θαρῤῶν
1673 2105 1974 2169 ἐπίστευεν,

404 2192 504 2244 οῦκ
558 2191 618 2258 ἐξ
662 2187 737 2248 ὧν
788 2195 984 2248 ἐκεῖνοι
1033 2196 1419 2267 διωμολόγουν,
1453 2197 1570 2251 ἀλλ’
1601 2196 1658 2262 ἐξ
1696 2191 1769 2252 ὧν
1817 2197 1978 2261 αὐτὸς

405 2277 544 2336 οἶδεν
585 2284 978 2354 ἐπιθησόμενος
1011 2289 1105 2340 καὶ
1147 2291 1409 2358 νικήσων,
1443 2288 1497 2341 ετ
1525 2305 1627 2343 που
1665 2290 1758 2343 καὶ
1797 2305 1976 2359 παρα-

408 2373 677 2428 κιντθεῖεν
698 2395 710 2407 ·
744 2377 805 2429 τὸ
839 2376 894 2430 δέ
939 2377 1016 2446 μὴ
1051 2377 1241 2431 παθεῖν
1279 2371 1353 2432 ὧν
1383 2379 1616 2450 ἔδρασαν
1655 2381 1780 2444 τοὺς
1806 2397 1978 2451 προσ-

404 2552 735 2609 cedentibus.
772 2553 924 2610 Unde
957 2563 1009 2610 et
1040 2555 1144 2611 alia
1179 2555 1265 2610 illa
1303 2565 1506 2614 tractus
1569 2558 1688 2626 ejus
1718 2558 1832 2628 jam
1877 2559 1977 2613 im-

407 2646 746 2714 peratoribus
772 2662 961 2714 parere
995 2648 1270 2710 desierant
1303 2665 1316 2702 :
1352 2664 1414 2704 ea
1447 2649 1570 2706 dico
1591 2666 1713 2720 quae
1733 2649 1975 2706 Strobilo

406 2747 462 2791 et
499 2737 911 2793 Stadiotrachiae
939 2741 1191 2810 adjacent
1226 2741 1362 2805 loca,
1421 2741 1495 2796 ita
1531 2743 1725 2798 validis
1767 2744 1975 2800 insessa

409 2830 680 2898 praesidiis
729 2831 987 2900 hostium,
1025 2842 1085 2888 ut
1127 2849 1312 2889 eorum
1349 2838 1812 2905 recuperationem
1879 2838 1976 2891 de-

407 2931 677 2988 speratam
703 2939 769 2978 ne
797 2925 1105 2980 tentandam
1125 2927 1342 2996 quidem
1366 2937 1461 2981 aut
1492 2937 1617 2983 tunc
1639 2930 1976 2999 cogitandam

405 3012 637 3072 Joannes
661 3020 1223 3086 putaverit.Quantum
1250 3034 1428 3076 autem
1457 3033 1574 3076 erat
1607 3023 1752 3078 circa
1777 3022 1970 3078 Μετεω-

405 3110 586 3177 tlrum,
633 3110 840 3166 Tralles
869 3127 932 3166 ac
964 3113 1246 3182 Caystrum
1281 3122 1336 3167 et
1385 3113 1524 3168 Asia:
1575 3114 1779 3176 intima,
1840 3128 1970 3168 con-

2083 2013 2148 2086 [P
2181 2013 2307 2086 “8]
2337 2015 2437 2067 οὐκ
2472 2010 2587 2068 οἶδα
2621 2015 2680 2068 δέ
2726 2016 2776 2069 εί
2826 2005 2918 2070 καὶ
2959 2015 3157 2085 σκῆψις
3201 2010 3270 2085 ἧν
3315 2014 3378 2066 τὸ
3421 2012 3655 2083 προσαλ-

2081 2105 2328 2176 λόμενον,
2364 2105 2420 2159 τὸ
2451 2106 2629 2169 ἐνδεὲς
2657 2106 2860 2177 δηλαδὴ
2897 2107 3027 2178 πρὸς
3072 2108 3171 2170 τάς
3207 2106 3430 2176 χρείας·
3464 2105 3539 2174 μὴ
3567 2105 3651 2157 καὶ

2081 2199 2282 2276 μᾶλλον
2313 2193 2379 2269 ἦν
2413 2199 2474 2252 τδ
2504 2198 2595 2252 ὑπ’
2631 2199 2822 2254 ὀδόντα
2849 2200 3162 2270 λεγόμενον,
3195 2198 3272 2262 ώς
3314 2200 3377 2251 τὸ
3421 2197 3655 2266 ὑπήκοον

2081 2290 2401 2345 ὑποπτεύων
2453 2290 2544 2344 διά
2586 2291 2657 2344 τά
2709 2291 2990 2362 συμϐάντα
3022 2291 3102 2360 τῷ
3138 2288 3291 2360 ἀλαῷ
3324 2287 3534 2343 κακοῦν
3565 2287 3654 2354 ξη-

2083 2384 2234 2453 μίαις
2265 2385 2545 2454 συμφέρον
2571 2383 2734 2454 ἔγνω,
2767 2383 2842 2455 μὴ
2867 2385 2960 2437 καὶ
2984 2381 3450 2447 κατεξανασταῖεν
3475 2381 3655 2449 ἐντρυο

2083 2563 2283 2636 siquid
2313 2565 2543 2635 amplius
2574 2571 2873 2628 moverent,
2908 2564 2976 2619 ita
3039 2563 3180 2620 male
3238 2563 3549 2618 multandos
3604 2572 3656 2616 ut

2082 2657 2480 2726 praeteritarum
2563 2655 2887 2725 injuriarum
2949 2655 3253 2710 cumulatas
3334 2654 3656 2723 persoluturi

2078 2760 2270 2816 positas
2294 2744 2492 2808 forent,
2523 2743 2628 2799 isto
2665 2753 2806 2798 metu
2833 2743 3192 2798 continendos
3221 2741 3343 2797 illos
3406 2741 3460 2796 in
3490 2739 3660 2794 ollicio

2077 2837 2337 2907 speravit.
2367 2835 2562 2891 Pacem
2594 2847 2778 2890 autem
2831 2835 2979 2890 dedit
3035 2835 3099 2890 iis
3151 2833 3487 2904 petentibus,
3531 2846 3661 2900 quos

2079 2945 2140 2986 se
2177 2928 2317 2984 bello
2350 2937 2750 2998 superaturum,
2785 2929 2831 2982 si
2862 2936 3174 2990 conaretur,
3209 2926 3369 2995 221
3447 2926 3662 2978 minime

2083 3021 2382 3086 dubitabat,
2420 3019 2770 3075 miseratione
2797 3021 3038 3089 gentium
3083 3017 3292 3073 vicinos
3334 3016 3471 3086 ipsis
3516 3017 3658 3070 inco-

2088 3113 2314 3169 lentium
2357 3121 2586 3175 tractus,
2617 3127 2684 3166 ne
2711 3111 2836 3167 victi
2865 3111 2940 3166 illi
2985 3113 3256 3165 malorum
3316 3123 3383 3162 ac
3430 3107 3656 3163 cladium

403 3205 642 3258 ﬁrmavit
670 3221 1035 3275 propugnans,
1062 3188 1221 3276 atque
1253 3217 1310 3260 ut
1344 3221 1535 3262 secure
1563 3209 1798 3278 propriis
1828 3210 1974 3266 indi-
2004 3235 2050 3295 ο
2081 3223 2218 3278 quas
2289 3205 2431 3278 passi
2489 3204 2632 3259 bello
2681 3213 2864 3260 essent
2925 3204 3182 3259 ultionem
3230 3219 3261 3258 a
3312 3200 3658 3295 debilioribus

404 3312 554 3364 gente
611 3296 940 3365 fruerentur,
992 3300 1317 3369 proferendo
1393 3303 1532 3356 ultra
1584 3303 1724 3359 bello
1779 3304 1976 3361 ellecit.

411 3389 764 3458 Magedonum
795 3406 1007 3462 quoque
1031 3400 1245 3462 gentem
1297 3392 1544 3449 Romano
1598 3397 1834 3452 asseruit
1879 3399 1981 3451 im-

409 3484 583 3554 perio,
613 3483 662 3537 in
684 3493 926 3538 extremo
949 3491 1075 3538 tunc
1105 3485 1332 3553 positam
1365 3485 1676 3542 discrimine
1701 3487 1981 3543 deﬁciendi

411 3573 479 3628 ad
509 3573 700 3628 Persas
723 3585 811 3626 aut
844 3573 974 3642 ipsis
1004 3573 1414 3629 succumbendi.
1449 3572 1796 3629 Laborabant
1836 3578 1979 3629 enim

406 3665 622 3720 illorum
672 3680 778 3731 res,
839 3664 1109 3734 plerisque
1136 3665 1352 3720 illorum
1392 3667 1634 3720 evocatis
1685 3667 1753 3722 ab
1810 3669 1982 3735 impc-

408 3764 590 3812 ratore
619 3766 676 3811 et
706 3757 992 3812 militatum
1027 3758 1209 3812 missis
1278 3767 1462 3812 contra
1516 3760 1698 3816 hostes
1753 3758 1979 3815 Occidui

407 3847 616 3912 limitis,
649 3849 829 3917 ibique
857 3848 1106 3918 praesidio
1163 3849 1386 3914 relictis,
1421 3849 1626 3906 idcirco
1683 3853 1826 3922 quod
1866 3851 1982 3920 ejus

409 3945 646 4013 generis,
681 3954 867 4013 utpote
911 3945 1146 3999 arcubus
1179 3944 1509 4014 peritissime
1563 3945 1781 4010 utentis,
1817 3960 1982 4014 opera

408 4039 462 4092 in
495 4039 898 4094 velitatimtibos
927 4049 980 4092 et
1014 4039 1216 4108 proeliis
1268 4038 1603 4096 laudaretur.
1642 4039 1770 4094 [nde
1819 4056 1982 4109 porro

407 4129 611 4186 factum
649 4142 706 4185 ut
765 4132 929 4186 vit-ini
972 4131 1172 4196 Persae,
1215 4134 1308 4203 qui
1373 4134 1572 4204 alioqui
1637 4150 1980 4190 numerosam

409 4224 684 4278 nationem
711 4223 1002 4290 sagittandi
1033 4225 1420 4280 exercitatione
1452 4225 1847 4280 formidabilem
1874 4241 1980 4280 non

409 4328 611 4370 temere
635 4318 982 4381 lacesserent,
1015 4331 1159 4371 nunc
1187 4331 1305 4370 eam
1332 4316 1630 4373 delectibus
1663 4319 1981 4372 exhaustam

409 4408 672 4476 imparem
714 4410 782 4462 ob
809 4408 1130 4479 paucitatem
1165 4408 1467 4486 juventutis
1535 4410 1650 4466 suis
1699 4410 1983 4465 insultibus

413 4501 516 4554 rati
543 4499 804 4554 audacter
865 4501 1205 4565 invaderent,
1267 4502 1406 4556 haud
1463 4503 1623 4558 dubie
1677 4503 1978 4568 subacmri,

2084 3299 2358 3356 vexationi
2389 3297 2732 3370 Opportunis,
2765 3309 3005 3367 tempore
3035 3297 3230 3352 deinde
3259 3306 3502 3366 captato,
3551 3294 3660 3349 exi.

2084 3403 2292 3465 gerent.
2317 3393 2581 3450 Ceterum
2603 3407 2709 3463 quo
2733 3391 2910 3448 minus
2943 3406 3117 3446 causa
3151 3391 3416 3444 haberent
3441 3404 3470 3443 a
3495 3387 3659 3459 pactis

2086 3487 2384 3551 resiliendi,
2417 3486 2551 3540 (lites
2591 3485 2659 3539 iis
2704 3484 3034 3553 praescripsit
3089 3482 3224 3536 satis
3286 3480 3466 3544 laxos,
3527 3481 3659 3534 intra

2081 3594 2217 3648 quos
2249 3578 2462 3632 abunde
2493 3591 2815 3645 pascuorum
2839 3576 2952 3629 suis
2986 3575 3270 3636 armentis,
3313 3581 3369 3628 et
3409 3572 3653 3644 gregibus

2083 3671 2366 3732 haberent,
2401 3668 2545 3723 serio
2569 3668 2814 3733 edicens,
2853 3669 2897 3722 si
2930 3667 3068 3721 ultra
3121 3676 3493 3733 erumperent,
3553 3665 3658 3719 τίο-

2084 3763 2178 3817 lati
2206 3763 2425 3817 hederis
2466 3761 2732 3831 piaculum
2787 3762 3018 3814 titaxima
3081 3761 3318 3828 ipsorum
3357 3758 3658 3813 calamitate

2084 3853 2359 3910 luendum.
2397 3854 2451 3907 In
2485 3855 2628 3908 hunc
2666 3853 2883 3906 modum
2926 3866 3020 3920 per
3069 3851 3308 3906 Orientis
3357 3849 3660 3920 prmlncias

2082 3948 2329 4018 despota,
2375 3947 2548 4003 deleta
2622 3945 2916 4013 ignominia
2959 3953 3108 4011 prius
3160 3952 3506 4013 acceptarum
3563 3941 3661 3995 illic

2083 4039 2316 4094 cladium
2385 4049 2440 4093 et
2489 4052 2666 4092 rerum
2722 4047 2865 4091 statu
2927 4038 3232 4097 emendato,
3269 4037 3520 4090 ﬁduciam
3564 4034 3660 4088 illis

2083 4131 2337 4202 gentibus
2359 4131 2504 4191 fecit,
2529 4131 2639 4184 otio
2671 4143 2734 4183 ac
2763 4144 2893 4196 pace
2940 4128 3140 4196 ubique
3163 4128 3452 4194 restitutis,
3501 4128 3658 4184 libere

2085 4223 2340 4292 deinceps
2408 4219 2722 4275 attendendi
2774 4219 2999 4273 cultura:
3066 4233 3315 4287 agrorum
3373 4228 3428 4273 et
3485 4233 3660 4274 secure

2086 4316 2296 4386 legendi
2340 4315 2548 4370 fructus
2595 4314 2788 4368 uberes
2843 4324 3108 4367 terrarum
3143 4313 3198 4365 in
3232 4310 3430 4380 quibus
3462 4308 3659 4364 habita-

2087 4421 2229 4464 rent.

2082 4501 2173 4556 22.
2207 4500 2273 4556 Ut
2297 4506 2520 4573 pessimo
2542 4505 2596 4557 in
2617 4513 2758 4557 statu
2786 4501 2984 4571 fuerint
3012 4498 3165 4568 plane
3185 4495 3651 4573 ρθειίίιφμανξίαη·

410 4591 876 4661 despondentibus
907 4593 1018 4661 jam
1050 4594 1264 4647 animos
1293 4595 1504 4664 exiguis
1547 4594 1652 4649 illis
1711 4566 1977 4663 reliquiis,

2121 4566 2375 4628 denorum
2394 4566 2903 4642 Bucellariormnque
2925 4566 3154 4640 regiones
3179 4566 3229 4624 et
3251 4566 3629 4637 Paphlagonia.

395 4683 467 4760 'ni
501 4700 530 4737 a
560 4682 769 4738 Joanne
803 4685 1026 4752 deSpota
1058 4684 1535 4750 conﬁrmarentur,
1567 4701 1703 4739 auro
1736 4687 1881 4755 ipsos
1933 4697 1987 4740 et

413 4776 1084 4846 muniﬁcislargitionibus
1114 4777 1431 4840 deliniente,
1495 4779 1688 4847 sicque
1740 4778 1806 4830 ad
1865 4777 1987 4832 fidei

411 4886 540 4940 erga
576 4872 858 4940 imperium
892 4871 1254 4925 constantiam
1287 4880 1340 4925 et
1401 4871 1689 4926 resistendi
1747 4870 1992 4926 hostibus

423 4963 763 5017 alacritatem
796 4962 1086 5018 excitante.
1126 4961 1308 5017 Persa:
1342 4977 1507 5030 porro
1540 4965 1868 5018 incurrentis
1935 4963 1986 5016 in

416 5057 565 5127 ipsos
596 5064 739 5111 tanta
783 5055 1063 5110 celeritate
1103 5056 1339 5125 despotae
1397 5053 1707 5124 improvisis
1745 5065 1992 5109 conster-

420 5151 532 5206 nati
601 5149 833 5214 nuntiis,
888 5160 1095 5204 terrore
1149 5165 1213 5202 ac
1271 5147 1648 5215 desperatione
1704 5163 1996 5202 successus

413 5247 590 5298 aversi
630 5255 775 5299 retro
803 5250 950 5308 sunt,
985 5257 1155 5310 seque
1199 5241 1380 5296 statim
1446 5241 1501 5296 in
1557 5255 1804 5303 suorum,
1857 5241 1998 5295 unde

423 5338 760 5406 prodierant,
804 5333 1338 5390 inaccessalatibula
1368 5333 1634 5387 montium
1686 5333 2000 5388 recondide-

424 5437 569 5479 iunt.
607 5427 681 5479 Ac
710 5425 856 5479 velut
885 5441 950 5479 ne
995 5423 1101 5477 illic
1133 5422 1352 5493 quidem
1375 5438 1434 5478 se
1465 5431 1611 5477 tutos
1652 5422 1778 5486 rati,
1811 5422 2000 5490 legatis

412 5519 594 5574 missis
625 5519 957 5588 captiviSquc
988 5517 1230 5584 redditis,
1259 5531 1444 5587 pacem
1472 5516 1734 5579 fet'erunt,
1771 5518 1820 5571 in
1851 5517 2001 5572 lucro

361 5613 376 5686 ἦ
427 5621 692 5682 ροιιυιιιεε
736 5613 878 5682 quod
919 5612 1053 5666 salvi
1111 5621 1480 5679 superessent.
1536 5610 1773 5664 Joannes
1818 5621 1998 5664 autem

426 5707 712 5775 quieturos
745 5707 890 5774 ipsos
919 5706 969 5759 in
1025 5717 1298 5774 posterum
1339 5713 1487 5758 certo
1533 5703 1858 5767 conﬁdebat,
1896 5716 1999 5756 non

421 5800 678 5869 quoniam
712 5799 993 5868 promissis
1021 5799 1258 5866 ipsorum
1293 5798 1518 5851 multum
1552 5795 1674 5850 lidci
1715 5793 2000 5858 tribueret,

421 5891 517 5945 sed
555 5891 680 5960 quia
723 5890 823 5946 sibi
859 5889 1111 5944 conscius
1139 5897 1190 5943 et
1233 5887 1429 5942 virium
1463 5896 1516 5944 et
1562 5886 1726 5943 animi
1760 5885 1825 5941 ad
1879 5900 1993 5950 eos,

2162 4687 2504 4742 Laborabant
2527 4697 2707 4743 autem
2742 4699 2796 4742 et
2821 4688 3074 4741 miserum
3103 4687 3156 4743 in
3192 4685 3410 4738 modum
3457 4679 3658 4736 afﬂicta:

2092 4779 2349 4849 jacebaut
2379 4779 2804 4834 Bucellariorum
2818 4789 2870 4832 et
2886 4777 3377 4846 Maryandenorum
3402 4775 3657 4842 regiones,

2101 4872 2340 4938 itemque
2363 4867 2775 4939 Paphlagonia;
2811 4869 2969 4938 cujus
3028 4867 3107 4922 rei
3144 4881 3310 4922 causa
3366 4867 3480 4921 haec
3528 4872 3655 4917 erat.

2097 4963 2396 5032 Imperator
2425 4963 2490 5015 iis
2517 4976 2637 5030 qua:
2677 4961 3018 5030 superiorum
3063 4960 3364 5030 principum
3396 4956 3650 5026 parsimo-

2103 5054 2190 5107 nia
2219 5065 2568 5122 congesserat
2596 5050 2934 5122 consumptis
2995 5052 3048 5104 in
3113 5059 3187 5104 tot
3249 5049 3558 5117 largitiones
3598 5059 3656 5096 ac

2100 5146 2351 5200 donativa
2377 5146 2662 5201 ambitiosa
2690 5155 3065 5216 praetereaque
3098 5145 3150 5198 in
3180 5144 3415 5212 pretiosa
3443 5151 3653 5196 munera

2105 5239 2443 5308 principibus
2473 5249 2565 5294 aut
2589 5240 2794 5294 exteris
2821 5239 3072 5308 gentibus
3119 5237 3306 5302 missa,
3353 5236 3544 5304 quibus
3588 5229 3652 5283 illi

2103 5331 2170 5385 ad
2223 5331 2426 5388 foedera
2483 5340 2538 5385 et
2585 5332 2875 5386 societates
2931 5329 3298 5392 allicerentur,
3350 5327 3652 5381 exhaustum

2102 5423 2354 5478 aerarium
2392 5423 2643 5494 supplere
2696 5423 2890 5478 crebro
2941 5423 3123 5477 missis
3171 5435 3264 5490 per
3311 5432 3498 5473 omnes
3544 5425 3654 5482 pro-

2105 5517 2313 5572 vincias
2360 5517 2454 5586 qui
2511 5516 2766 5586 pecunias
2828 5515 3163 5582 colligerent,
3226 5511 3468 5566 curabat.
3513 5503 3652 5561 Haud

2107 5623 2268 5677 porro
2313 5609 2428 5662 seio
2455 5623 2522 5661 an
2569 5621 2692 5660 vera
2755 5604 2843 5658 illa
2900 5603 3066 5660 fuerit
3119 5601 3416 5657 exinanitio
3474 5590 3652 5666 publici

2109 5699 2370 5762 thesauri,
2394 5713 2584 5752 annon
2609 5695 2806 5766 potius,
2827 5695 2968 5765 quod
2991 5695 3210 5763 quidam
3235 5689 3654 5760 introspicienm

2108 5790 2344 5860 pcuitius
2405 5789 2935 5852 submurttturabsnt,
3021 5785 3313 5853 imperator
3392 5796 3454 5835 eo
3531 5775 3654 5830 falso

2110 5890 2370 5953 praetequ
2395 5882 2638 5946 obtentu,
2675 5894 2800 5934 vere
2826 5887 3070 5934 metuens
3089 5892 3154 5932 ne
3181 5885 3400 5944 propter
3418 5868 3648 5927 invidiam
