3926 6560
376 432 502 495 665

1358 435 1455 495 DE
1497 432 1889 493 MICHAELE
1930 434 2392 496 PALEOLOGO
2431 436 2588 499 LIB.
2628 435 2746 496 ΙΙΙ,

3542 430 3648 492 6M

376 544 618 611 φῶντας.
653 544 870 616 Ταύτης
899 546 1030 612 γοῦν
1057 546 1155 616 τῆς
1186 547 1365 610 αἰτίας
1398 547 1429 615 ἢ
1473 545 1638 616 οὔσης
1668 547 1699 616 ἢ
1740 548 1830 599 καὶ⁵
1877 546 1963 600 δο-
1996 555 2036 609 Α
2068 546 2117 600 οἱ
2147 549 2265 609 ταῖς
2293 548 2489 617 ἄκραις
2511 547 2976 618 προσκαθήμενοι,
2998 547 3074 617 τῷ
3097 563 3153 599 τε
3178 545 3407 617 πάσχειν
3434 543 3645 597 ἐνθένδε

378 636 596 706 κούσης
618 636 779 688 ἕνεκα
812 639 1030 707 συχναῖς
1060 639 1399 707 ἀναγραφαῖς
1424 638 1524 701 τάς
1552 637 1735 707 χώρας
1759 637 1961 691 ὲκαλα-

381 730 554 795 μᾶτο.
596 729 937 782 Ἐνεπίστευε
980 730 1035 782 δὲ
1072 730 1169 792 τὰς
1219 731 1470 793 τοιαύτας
1523 730 1837 799 οἰκονομίας
1871 728 1964 780 καὶ

378 821 676 886 ὲξισώσεις
730 819 987 891 ἀνδράσιν
1042 821 1242 884 οὐδέσι,
1303 821 1556 889 μεγάλων
1610 823 1704 873 ἐπὶ
1755 820 1966 883 τούτοις

377 914 742 981 τεταγμένων
776 913 837 965 τὸ
886 912 1184 980 πρότερον·
1240 914 1462 982 ¹Καῖσαρ
1516 913 1622 983 γάρ
1688 912 1966 980 Ῥωμανὺς

384 1005 495 1056 καὶ
525 1007 696 1074 μέγας
722 1003 1041 1072 δομέστικος
1074 1005 1101 1055 ὁ
1130 1001 1223 1055 τοῦ
1265 1002 1528 1073 βασιλέως
1563 1001 1751 1072 πατὴρ
1775 1002 1966 1065 ἐξισω-

377 1095 487 1147 ταὶ
538 1095 676 1148 κατὰ
744 1096 1095 1164 Σκάμανδρον
1147 1090 1306 1166 ἦσαν.
1366 1095 1510 1161 Πλὴν
1575 1094 1966 1163 ὲχρυσολόγουν

380 1186 643 1239 ἐντεῦθεν
670 1188 765 1239 καὶ
803 1186 877 1257 τῷ
923 1186 1087 1256 κοινῷ
1123 1187 1355 1256 ταμιείῳ
1403 1187 1681 1256 προσῆγον
1720 1187 1788 1237 τὰ
1834 1187 1968 1255 χρή-

382 1295 567 1346 ματα.
611 1279 779 1332 Τοῦτο
820 1279 1035 1346 συμϐὰν
1076 1279 1171 1331 καὶ
1217 1282 1328 1341 τοῖς
1375 1278 1693 1346 Παφλαγόσι
1730 1278 1823 1329 καὶ
1857 1280 1967 1339 τοῖς

383 1370 749 1449 προσωτέρω,
789 1370 1257 1442 ἠργυρολογοῠντο
1296 1370 1373 1439 τῴ
1421 1370 1598 1439 χρόνῳ
1645 1370 1963 1436 κάμνοντες.

382 1460 518 1513 Τῶν
553 1462 650 1530 μὲν
678 1463 951 1531 χρειωδῶν
999 1463 1092 1515 καί
1135 1480 1198 1530 γε
1248 1460 1368 1513 λίαν
1423 1459 1566 1531 εἶχον
1604 1460 1850 1527 εὐπόρως
1880 1459 1965 1511 δι-

382 1551 595 1620 δούσης
622 1553 719 1621 τῆς
754 1553 878 1619 γῆς,
913 1552 1263 1622 νομισμάτων
1292 1551 1349 1604 δὲ
1393 1549 1663 1620 πενιχρῶς
1696 1544 1862 1617 εἶχον,
1893 1548 1968 1611 ὠς

386 1646 616 1697 πάντων
640 1646 1027 1716 γεωργούντων
1058 1647 1126 1699 τά
1149 1646 1443 1712 ἀναγκαῖα.
1473 1642 1968 1712 Κεφαλσιουμὲκιων

385 1735 531 1801 γοῦν
553 1737 659 1789 τῶν
679 1736 847 1790 τελῶν
873 1736 967 1789 ἐπὶ
990 1736 1287 1806 νομίσμασι
1309 1736 1531 1805 χρυσίου
1554 1733 1649 1787 καὶ
1678 1733 1965 1802 ἀργυρίου,

381 1826 629 1889 διδόντες
660 1828 719 1880 τὸ
748 1828 902 1881 τεθὲν
934 1828 991 1892 ἐξ
1022 1828 1265 1897 ἀνάγκης
1291 1826 1674 1897 ὲξηποροῠντο.
1710 1823 1892 1879 Ἦσαν
1922 1825 1966 1876 δ’

2072 641 2166 691 καὶ
2198 637 2276 708 τῷ
2320 639 2563 703 ἐλπίζειν
2604 640 2814 693 ἐκεῖθεν
2841 639 2907 692 τὰ
2947 637 3140 709 λῴονα,
3184 642 3233 692 εί
3277 639 3438 706 μόνον
3475 653 3649 707 προσ-

2072 733 2298 801 χωροῖεν
2346 732 2588 793 ἑκόντες,
2635 733 2977 801 προσχωρεῖν
3000 732 3240 798 ἔγνωσαν
3265 731 3357 783 καὶ
3377 731 3646 798 ὁσημέραι

2073 823 2457 892 προσετίθεντο
2503 825 2763 892 Πέρσαις.
2817 823 2985 876 Τοῦτο
3029 823 3159 889 γοῦν
3202 823 3287 875 ἐπ’
3322 822 3420 875 οὐκ
3468 822 3646 887 ὀλίγον

2071 917 2382 984 γενόμενον,
2431 915 2628 983 σύναμ’
2660 917 2887 976 ἐκείνοις
2937 916 2987 965 οί
3037 916 3241 983 Πέρσαι
3286 914 3496 983 ὁδηγοῖς
3530 913 3645 977 ἅμα

2073 1007 2166 1059 καὶ
2204 1008 2507 1074 συμμάχοις
2540 1006 2812 1075 χρώμενοι
2846 1006 3209 1075 καταθαρῤεῖν
3240 1001 3384 1074 εἶχον
3418 1007 3524 1056 τῶν
3558 1004 3646 1055 λε-

2072 1096 2408 1165 λειμμένων.
2464 1097 2570 1148 Καὶ
2624 1097 2840 1164 πρῶτον
2901 1098 2998 1166 μὲν
3050 1096 3321 1165 ἐκδρομὰς
3370 1095 3647 1156 ποιοῦντες

2077 1190 2337 1242 κατέθεον
2382 1189 2477 1259 τὴν
2540 1190 2643 1257 γῆν
2687 1190 2932 1253 ἐκείνων,
2987 1190 3079 1241 καὶ
3126 1188 3469 1247 σκυλεύοντες
3508 1187 3644 1255 (οὐδὲ

2073 1281 2181 1347 γὰρ
2222 1281 2485 1352 ἐθάρρουν
2541 1282 2741 1349 μένειν)
2796 1282 3170 1349 ὑπέστρεφον·
3224 1276 3338 1332 εἶτα
3392 1279 3496 1330 τῶν
3551 1283 3647 1347 μὲν

2074 1370 2535 1439 ὑποκλινομένων,
2572 1372 2679 1424 τῶν
2717 1373 2772 1424 δὲ
2815 1374 2905 1424 καὶ
2950 1370 3386 1439 ἀποικιζομένων
3428 1369 3534 1420 δέει
3572 1370 3646 1433 τῷ

2073 1463 2200 1531 περὶ
2244 1461 2336 1513 τοῦ
2369 1462 2486 1532 ζῇν,
2522 1463 2766 1531 εὐχερεῖν
2800 1464 2862 1514 ἑκ
2894 1463 2986 1514 τοῦ
3022 1463 3193 1531 ῥᾷστα
3233 1463 3344 1520 τοῖς
3388 1460 3647 1521 ἐναντίοις

2073 1547 2161 1622 ἦν,
2198 1554 2288 1603 καὶ
2331 1555 2698 1622 κατασχόντες
2730 1555 2825 1624 τὴν
2876 1554 3060 1624 χώραν
3094 1555 3263 1606 κακὸν
3307 1550 3442 1621 ἦσαν
3473 1554 3650 1618 γειτό-

2074 1663 2221 1714 νημα
2260 1647 2371 1707 τοῖς
2400 1645 2643 1713 πλησίον.
2676 1646 2765 1716 Τῷ
2800 1648 2977 1715 μέντοι
3013 1664 3073 1714 γε
3109 1647 3319 1713 βασιλεῖ
3341 1646 3494 1710 δόξαν
3522 1646 3651 1697 ἁνα-

2075 1737 2302 1807 κλητέον
2338 1739 2554 1807 ἐκείνην
2581 1734 2737 1803 εἶναι,
2781 1740 2870 1791 ὅτε
2922 1738 2986 1809 δὴ
3026 1741 3117 1792 καὶ
3147 1739 3382 1808 θελήσοι,
3432 1738 3505 1799 ὡς
3557 1738 3649 1789 ἐπὶ

2076 1827 2242 1898 θύρας
2275 1825 2473 1895 οὖσαν,
2504 1831 2564 1883 ού
2600 1832 2758 1899 μέλον
2798 1828 2886 1902 ἦν,
2926 1831 3060 1883 ἀλλὰ
3096 1832 3230 1899 πρὸς
3259 1833 3370 1892 τοῖς
3411 1831 3649 1891 δυτικοῖς

386 1919 573 1983 ἄλλως
594 1921 684 1973 καὶ
704 1920 990 1990 στρατείας
1005 1920 1155 1974 οὐδὲν
1172 1920 1594 1987 είδότες.⁹ομως
1618 1918 1802 1977 ἔθνους
1823 1916 1971 1983 φιλο·
2002 1912 2044 1966 Β
2076 1921 2255 1971 πᾶσαν
2285 1916 2398 1989 εἶχε
2434 1921 2530 1990 τὴν
2568 1921 2847 1990 ἀσχολίαν,
2880 1926 2945 1975 τὰ
2983 1924 3037 1973 ἐν
3082 1923 3209 1972 ποσὶ
3243 1921 3649 1991 καταπροῖέμε-

390 2009 622 2078 κερδοῦς
641 2010 905 2079 πονηρίαν
926 2009 1096 2062 πολλά
1121 2012 1182 2062 Ξιν
1206 2008 1370 2079 κάμοι
1400 2026 1483 2069 τις
1500 2006 1749 2076 διορθοῦν
1775 2006 1969 2069 θέλων,

389 2104 452 2153 εἰ
481 2103 576 2153 καὶ
620 2102 695 2171 μὴ
724 2103 942 2172 πάσχοι⁹
972 2103 1019 2153 εί
1061 2100 1119 2154 δὲ
1157 2102 1377 2171 πάσχει,
1411 2101 1510 2153 οὑκ
1543 2099 1690 2152 ἔστιν
1716 2100 1863 2160 ὅπως
1897 2098 1971 2167 μὴ

390 2195 705 2264 ἀπρακτεῖν
723 2196 903 2248 πᾶσαν
921 2195 1182 2247 ἐπίνοιαν.
1200 2193 1426 2247 Ἐκεῖνοι
1439 2191 1639 2256 τοίνυν,
1657 2192 1752 2244 καὶ
1772 2190 1973 2261 μᾶλλον

391 2374 657 2428 ειοωοθιί
702 2372 925 2427 JOannis
975 2382 1031 2426 et
1097 2371 1223 2425 inde
1273 2380 1517 2427 secutam
1576 2386 1604 2424 a
1664 2369 1972 2437 patriarcha

395 2466 1016 2520 ext-oluntunicationem
1051 2464 1342 2541 provincite
1384 2463 1734 2527 rebellarent,
1807 2464 1970 2517 rebus

401 2567 538 2611 tunc
598 2559 714 2610 suis
768 2556 900 2610 utile
952 2556 1220 2624 putaverit
1293 2557 1527 2625 spoliare
1593 2556 1839 2611 subditos
1919 2563 1975 2607 et

402 2649 761 2702 facultatibus
795 2651 1034 2715 privare,
1076 2663 1143 2702 ne
1168 2649 1235 2701 ad
1279 2657 1468 2701 contra
1499 2662 1562 2701 se
1585 2646 1974 2715 insurgendum

400 2741 552 2797 vires
584 2741 861 2794 baberent.
899 2740 1180 2808 Utcunque
1206 2739 1295 2803 sit,
1324 2754 1385 2793 ea
1418 2746 1550 2793 tunc
1607 2739 1685 2791 vel
1715 2754 1836 2791 vera
1887 2738 1973 2792 vel

402 2832 530 2885 (it-ta
603 2848 762 2885 causa
827 2832 1086 2903 egestatis
1135 2832 1338 2898 aerarii,
1399 2832 1608 2885 crebris
1678 2832 1977 2901 imperator

402 2926 658 2980 censibus
708 2941 771 2979 ac
818 2926 1275 2992 descriptionibus
1333 2940 1429 2994 per
1492 2926 1776 2977 ministros
1834 2940 1973 2993 quo-

403 3034 732 3087 quoversuui
797 3020 1048 3072 dimissos
1096 3032 1260 3072 avare
1303 3033 1366 3071 ac
1416 3017 1689 3085 rapat-iter
1725 3018 1977 3070 exercitis

402 3108 846 3178 gzzspicilegia
866 3108 1144 3177 regionum
1166 3107 1464 3172 factitabat,
1486 3118 1642 3163 utens
1664 3108 1727 3161 ad
1746 3108 1794 3162 id
1814 3124 1976 3178 opera

404 3204 687 3258 batninum
742 3202 915 3262 nihili,
965 3216 1086 3256 cum
1144 3211 1304 3256 antea
1351 3201 1734 3271 hujuscemodi
1791 3202 1985 3256 lustris

2074 2028 2179 2070 vo;.
2210 2011 2379 2063 Εἴωθε
2412 2012 2520 2080 γὰρ
2550 2013 2635 2065 ἀεὶ
2676 2013 2738 2066 τὸ
2775 2014 2871 2081 μὲν
2907 2014 3009 2067 ἀνά
3051 2015 3242 2083 χεῖρας
3290 2016 3652 2092 κατεφρονεῖ-

2076 2100 2200 2152 σθαι
2245 2099 2333 2152 διὰ
2385 2100 2445 2152 τὸ
2494 2098 2742 2169 σύνηθες,
2794 2098 3074 2169 ζητεῖσθαι
3110 2099 3168 2152 δέ
3198 2115 3261 2166 γε
3297 2100 3357 2151 τὸ
3405 2100 3478 2168 μὴ
3517 2115 3653 2167 κρα-

2071 2193 2335 2263 τούμενον
2366 2192 2440 2255 ὡς
2471 2192 2655 2259 θέλξον
2687 2194 2789 2263 ἢδη
2825 2193 2883 2257 ἐξ
2922 2192 3227 2262 ἀσυνήθους
3260 2193 3646 2262 προσγεγονός.

2074 2384 2219 2429 certe
2240 2374 2454 2443 quando
2484 2374 2805 2429 exacerbata
2833 2375 3048 2429 damnis
3081 2373 3410 2441 acribusque
3438 2372 3653 2440 injuriis

2074 2467 2140 2520 ad
2171 2468 2597 2535 desperationem
2633 2468 2855 2522 ell‘erata
2912 2467 3089 2530 fuerit,
3148 2466 3346 2520 frustra
3368 2464 3655 2532 quantavis

2076 2559 2424 2614 adhibebitur
2457 2560 2722 2613 industria
2754 2558 2827 2615 ad
2866 2558 3010 2613 illam
3078 2558 3132 2611 in
3199 2556 3302 2610 lide
3369 2555 3652 2624 ofﬁcioque

2076 2649 2678 2717 continendatn.lgitnr
2742 2648 2837 2713 illi,
2908 2649 3175 2716 praecipue
3228 2660 3360 2701 vero
3420 2660 3651 2714 quorum

2078 2742 2296 2795 art-ibus
2323 2742 2547 2794 Persico
2577 2741 2826 2808 praesidio
2869 2740 3095 2793 inseSsis
3155 2740 3443 2793 viciniores
3499 2739 3656 2793 sedes

2079 2831 2483 2903 erant,quoda
2525 2835 2724 2887 nostris
2783 2833 3000 2899 quidem
3060 2832 3262 2884 atrocia
3318 2840 3652 2899 paterentur,

2080 2926 2148 2977 ab
2174 2927 2416 2980 hostibus
2455 2940 2582 2978 vero
2629 2924 2993 2977 commodiora
3030 2933 3336 2989 sperarent,
3394 2922 3649 2990 pollicen-

2082 3020 2225 3073 tibus
2248 3018 2495 3072 videlicet
2530 3019 2632 3071 illis
2670 3027 2745 3079 et,
2778 3018 2822 3071 si
2862 3016 3002 3070 ultro
3071 3031 3130 3069 se
3188 3016 3468 3077 dederent,
3524 3015 3655 3069 mite

2082 3110 2361 3179 imperium
2397 3108 2811 3178 spondentibus,
2840 3108 3068 3163 deficere
3104 3108 3168 3161 ad
3209 3107 3400 3161 Persas
3460 3108 3651 3160 dect-e-

2086 3210 2301 3262 verunt,
2337 3201 2645 3268 ﬁebantque
2689 3199 2915 3252 aliorum
2960 3210 3077 3266 post
3136 3198 3269 3253 alios
3331 3198 3658 3263 quotidiana:

406 3296 707 3348 condendis
760 3294 1249 3363 collationibusque
1308 3295 1595 3363 exigendis
1653 3296 1972 3364 populorum
2003 3267 2049 3325 δ
2084 3295 2432 3348 transitiones
2453 3293 2897 3363 ad,benigniores,
2925 3304 2983 3346 ut
3005 3294 3287 3360 putabant,
3310 3291 3469 3361 223
3487 3292 3660 3344 domi-

405 3388 724 3441 nobilissimi
754 3387 953 3457 quique
978 3387 1178 3455 praefici
1210 3387 1353 3440 soliti
1378 3396 1563 3441 essent
1591 3403 1606 3446 :
1647 3402 1770 3440 nant
1798 3386 1978 3441 Caesar

406 3480 686 3533 Romanus
720 3488 776 3533 et
803 3494 1023 3549 magnus
1085 3478 1415 3532 domesticus
1439 3478 1789 3548 imperatoris
1827 3488 1979 3547 pater

406 3588 670 3626 censuras
712 3572 870 3626 istius
893 3575 1108 3640 generis
1132 3584 1225 3637 per
1266 3571 1516 3638 regiones
1541 3570 1686 3623 circa
1721 3570 1980 3624 Scaman-

406 3668 561 3717 drum
596 3665 731 3719 sitas
790 3673 1092 3733 gesserant.
1134 3664 1195 3718 lli
1232 3679 1393 3732 porro
1449 3663 1695 3718 vilissimi
1746 3662 1979 3717 ministri

406 3772 599 3811 aurum
663 3756 1163 3811 immisericorditer
1253 3767 1524 3812 extortum
1616 3755 1857 3823 undique
1925 3754 1976 3808 in

406 3848 656 3901 aerarium
682 3849 1065 3917 congerebant.
1090 3846 1188 3913 Qui
1241 3863 1364 3902 cum
1416 3847 1634 3901 obirent
1688 3846 1984 3915 Paphlago-

409 3944 555 3996 niam
583 3953 637 3996 et
664 3942 946 3995 ulteriores
987 3943 1230 4011 regiones
1265 3943 1511 4012 pecuniis
1541 3941 1736 3996 acerbe
1794 3953 1981 3994 corra-

408 4036 620 4099 deudis,
650 4049 715 4089 eo
766 4035 938 4103 magis
972 4032 1318 4088 olfentlebant
1367 4032 1488 4088 illos
1531 4033 1778 4101 populos,
1839 4032 1981 4096 quod

407 4129 751 4183 vexationem
788 4143 883 4197 per
929 4141 990 4181 se
1028 4129 1271 4181 odiosam
1330 4125 1787 4193 intempestivitas
1855 4130 1984 4175 tunc

410 4219 659 4288 qutcdam
695 4219 1041 4287 aggravabat.
1077 4217 1437 4288 Agriculturae
1490 4227 1679 4285 gentes
1703 4214 1805 4268 illae
1838 4214 1983 4282 plus-

411 4327 574 4381 quam
607 4312 973 4365 mereimoitiis
999 4311 1215 4374 deditae,
1256 4310 1421 4364 rebus
1480 4310 1546 4362 ad
1591 4309 1790 4361 victum
1846 4320 1983 4375 quas

414 4416 562 4460 terra
598 4405 775 4475 gignit
812 4404 1191 4464 abundabant,
1221 4402 1447 4469 signata:
1488 4402 1731 4469 pecunia:
1788 4414 1981 4468 parum

417 4498 711 4552 habebant.
776 4496 955 4562 Quare
1053 4496 1188 4565 ipsis
1244 4503 1364 4548 erat
1416 4491 1733 4561 perdiﬂicile
1787 4506 1984 4568 aureos

413 4601 811 4660 argenteosque
842 4603 1112 4651 nummos,
1146 4586 1235 4655 qui
1264 4585 1473 4656 singula
1514 4586 1564 4637 in
1622 4583 1796 4651 capita
1846 4582 1987 4635 indi-

413 4684 697 4745 cebautur,
742 4694 1066 4742 numerare;
1105 4688 1157 4730 et
1198 4692 1257 4730 se
1290 4679 1355 4729 ad
1400 4677 1452 4730 id
1471 4675 1615 4744 quod
1641 4689 1744 4728 non
1765 4682 1987 4741 possent

414 4775 631 4827 damnis
654 4788 717 4825 ac
764 4770 1224 4843 prehensimiibns
1271 4768 1387 4836 cogi
1442 4765 1820 4835 indignissime
1878 4764 1986 4819 sci-

415 4868 545 4919 licet
586 4865 845 4926 l'erebant,
869 4862 1168 4931 praesertim
1203 4861 1456 4929 quoniam
1490 4859 1617 4913 inde
1649 4856 1984 4926 sequebatur

417 4966 534 5011 toto
564 4958 708 5026 ipsos
734 4956 989 5022 deinceps
1016 4968 1157 5007 anno
1212 4952 1540 5007 necessariis
1601 4966 1791 5020 egere,
1836 4959 1983 5019 post-

412 5064 580 5118 quam
615 5062 820 5103 messes
882 5058 932 5102 et
964 5046 1284 5108 vindemias,
1328 5053 1387 5097 ut
1438 5059 1685 5097 summas
1749 5044 1984 5097 indictas

415 5140 803 5210 quoquomodo
834 5138 1184 5200 conﬁcerent,
1219 5138 1395 5191 alieno
1426 5146 1669 5203 tempore
1693 5135 1782 5188 vili
1809 5137 1981 5204 pretio

415 5235 726 5290 distrahere
758 5241 897 5286 totas
950 5243 1268 5287 exactorum
1320 5228 1665 5283 inclementia
1720 5226 1983 5295 compulsi

417 5327 653 5380 fuerant.
694 5326 905 5380 Nullum
951 5325 1167 5393 quidem
1217 5323 1330 5377 fere
1379 5323 1621 5393 plerique
1655 5319 1870 5374 illorum
1906 5319 1986 5373 rei

418 5417 624 5471 bellica:
669 5432 824 5471 usum
870 5417 1163 5481 habebant,
1193 5427 1251 5469 ut
1282 5415 1506 5469 rebellio
1533 5414 1711 5468 minus
1746 5412 1984 5466 timenda

415 5507 709 5560 videretur.
781 5504 987 5560 Tamen
1060 5508 1234 5576 gentis
1279 5507 1417 5561 lucri
1489 5508 1716 5576 cupidae,
1770 5508 1987 5561 etiamsi

418 5597 564 5650 nulla
606 5599 915 5653 extorsioue
945 5598 1187 5663 irritatae,
1242 5614 1337 5667 per
1363 5616 1421 5654 se
1452 5615 1676 5669 pronam
1732 5601 1797 5654 ad
1840 5616 1991 5669 quae.

416 5699 663 5745 stuosum
692 5692 992 5762 perjurium
1044 5691 1277 5746 indolem
1351 5708 1471 5747 cum
1507 5707 1720 5757 semper
1766 5707 1992 5764 magnus

418 5780 569 5836 labor
598 5782 673 5838 sit
718 5781 787 5840 ab
844 5782 959 5840 utili
1015 5785 1127 5839 visa
1191 5784 1492 5842 defectione
1560 5786 1830 5849 cohibere,
1880 5795 1989 5839 tum

1994 5912 2060 5924 ...ο

2084 3401 2209 3440 nos.
2233 3387 2385 3451 Quod
2420 3387 2593 3453 primo
2623 3403 2650 3436 a
2680 3385 2909 3455 singulis
2928 3395 3217 3448 tentatum,
3242 3393 3296 3439 et
3318 3386 3403 3438 ubi
3436 3397 3659 3436 succes-

2086 3494 2179 3532 sus
2215 3479 2432 3547 impune
2492 3480 2606 3533 tieri
2661 3479 2930 3547 probavit,
2986 3478 3354 3532 crebrioribus
3397 3474 3659 3541 exemplis

2083 3568 2508 3637 frequentatum,
2540 3571 2877 3641 irreparabili
2902 3570 3134 3639 jactura:
3166 3570 3458 3637 provincia:
3495 3567 3660 3621 totius

2082 3666 2419 3717 occasionem
2484 3663 2653 3727 dedit,
2716 3659 2980 3731 siquidem
3046 3660 3223 3716 Persae
3284 3662 3366 3715 bis
3444 3662 3532 3729 qui
3593 3659 3660 3711 ad

2090 3764 2277 3822 partes
2307 3756 2550 3824 ipsarum
2585 3755 2915 3809 transierant
2943 3754 3175 3808 ducibus
3228 3762 3282 3807 et
3317 3751 3661 3821 adjutoribus

2085 3848 2191 3913 usi,
2256 3847 2578 3914 paucitatem
2666 3862 2854 3901 eorum
2917 3848 3009 3916 qui
3075 3856 3387 3900 constantes
3451 3846 3500 3897 iu
3558 3845 3666 3897 tide

2088 3937 2403 4005 imperatori
2432 3938 2609 4006 jurata
2634 3938 2942 4006 perstabant
3001 3944 3431 3998 contemnentes,
3489 3945 3663 3987 terras

2085 4046 2271 4085 eorum
2303 4033 2510 4086 crebris
2546 4031 2806 4086 infestare
2829 4031 3235 4085 incursionibus
3260 4040 3546 4098 coeperant
3575 4048 3589 4095 ;
3626 4045 3657 4082 e

2086 4123 2283 4191 quibus
2306 4123 2486 4177 onusti
2544 4125 2748 4192 praeda,
2811 4122 3055 4190 spoliatis
3115 4122 3346 4175 subinde
3412 4121 3656 4182 miseris,

2089 4217 2337 4272 redibant
2356 4216 2593 4280 domum,
2623 4216 2861 4270 nondum
2896 4216 2965 4269 ibi
3001 4215 3117 4267 ausi
3149 4214 3453 4278 considere,
3477 4215 3657 4281 quoad

2093 4307 2274 4362 multis
2332 4308 2561 4360 istorum
2593 4308 2921 4374 experientia
2958 4308 3222 4360 malorum
3255 4307 3655 4360 inclinantibus

2089 4401 2153 4453 ad
2186 4400 2403 4461 Persas,
2432 4398 2618 4451 multis
2672 4398 2990 4465 quotidiana
3022 4399 3145 4451 vita:
3188 4399 3427 4465 pericula
3456 4397 3587 4466 fuga
3608 4409 3666 4450 et

2088 4492 2393 4547 voluntario
2417 4490 2626 4546 exsilio.
2648 4491 3063 4555 redimentibus,
3081 4491 3307 4546 subacta
3339 4491 3451 4561 jam
3475 4492 3663 4546 faciles

2021 4620 2067 4674 υ
2092 4585 2271 4639 Persae
2306 4586 2554 4654 regiones
2577 4599 2690 4638 suae
2724 4585 2915 4637 ditioni
2945 4586 3300 4653 subjunxere,
3335 4586 3565 4654 lixisque
3590 4587 3665 4639 ibi

2093 4677 2384 4733 domiciliis
2431 4677 2630 4729 malam
2703 4676 2948 4739 ﬁnitimis
2980 4677 3236 4731 viciniam
3307 4680 3672 4746 praestabant,

2093 4773 2413 4827 infestantes
2438 4787 2533 4826 eos
2562 4771 2885 4825 latrociniis.
2918 4770 3043 4826 llaec
3088 4771 3316 4826 audiens
3374 4773 3673 4840 imperator

2093 4882 2158 4921 eo
2180 4872 2466 4920 accurrere
2498 4865 2753 4933 neglexit,
2778 4864 3099 4919 existimans
3154 4881 3211 4920 se
3263 4867 3397 4918 istas
3452 4866 3673 4933 provin-

2094 4958 2236 5020 cias,
2283 4958 2482 5026 quippe
2503 4956 2555 5010 itt
2606 4955 2911 5024 pmpinquo
2983 4957 3140 5020 sitas,
3207 4966 3673 5023 recuperaturum

2092 5052 2520 5119 qnantloeunque
2554 5047 2693 5102 foret
2716 5049 2949 5112 libitum,
2986 5056 3039 5103 et
3081 5048 3281 5101 tunciu
3311 5064 3395 5101 res
3427 5046 3649 5101 Occidui

2085 5151 2294 5198 tractus
2325 5156 2419 5209 spe
2450 5158 2511 5194 ac
2550 5142 2842 5208 copiditate
2875 5149 3019 5194 totus
3070 5140 3386 5200 imminens,
3420 5138 3471 5191 in
3493 5152 3666 5205 eaque

2082 5251 2187 5292 una
2213 5235 2423 5289 deliras
2452 5250 2589 5289 cura-
2613 5234 2974 5303 cogitationes
3009 5232 3236 5292 habens,
3270 5247 3418 5284 mure
3453 5231 3657 5299 ingenii

2089 5326 2330 5392 humani,
2363 5327 2700 5395 plerumque,
2725 5325 2853 5379 dum
2910 5325 3080 5377 inhiat
3110 5323 3433 5395 longinquis,
3514 5324 3675 5374 antit-

2097 5420 2262 5473 tentis
2287 5434 2472 5472 ceram
2510 5419 2702 5486 posita,
2758 5428 2811 5471 et
2868 5417 3197 5484 voluptatem
3238 5433 3301 5471 ex
3361 5416 3666 5469 absentium

2094 5510 2454 5578 acquisitione
2492 5520 2790 5579 speratam,
2819 5510 2966 5578 quod
3024 5509 3241 5563 insolita
3278 5510 3368 5573 sit,
3402 5509 3667 5578 potiorem

2092 5603 2406 5657 arbitrantis
2457 5602 2633 5656 l‘ructu
2683 5613 2906 5671 propter
2962 5604 3261 5671 quamdam
3294 5601 3666 5656 assuetudinis

2094 5709 2348 5748 nauseam
2382 5695 2557 5748 minus
2580 5695 2843 5763 jucundo,
2873 5697 2961 5763 qui
2996 5711 3061 5749 ex
3120 5696 3471 5765 praesentium
3532 5694 3664 5746 olim

2094 5801 2462 5855 possessorum
2498 5799 2762 5844 consueto
2789 5788 3039 5857 amplexu
3101 5787 3412 5857 percipitur,
