3926 6522
386 264 517 381 647,

1591 319 1909 381 GEORGll
1953 314 2436 378 PACIIYMER/E

3521 318 3619 381 618

383 427 524 481 κατά
554 425 776 496 καιροὺς
809 424 973 489 ἰδίους
1007 425 1492 495 συνελαμϐάνοντο,
1526 429 1620 481 καὶ
1649 428 1743 480 σὺν
1773 427 1954 489 ἄλλοις
1980 432 2030 491 Α
2055 424 2187 495 εἶχε.
2221 426 2294 479 Τὸ
2318 425 2374 479 δέ
2398 443 2461 495 γε
2490 422 2745 478 ναέτικδν
2771 423 2922 478 ἔπλει
2951 421 3011 489 ἐξ
3034 418 3167 496 ἦρος
3193 426 3250 489 ἐς
3280 422 3619 499 Ἀρκτοῦρον,

382 520 529 590 ἄκρα
560 520 968 590 Πελοποννήσου
1002 519 1144 588 ἀμφὶ
1180 520 1567 591 Μονεμϐασίαν
1600 519 1694 573 σὺν
1733 519 1959 591 Σπάρτῃ

384 612 482 662 καὶ
518 608 878 683 Λακεδαίμονι
912 607 1019 661 ὑπὸ
1063 609 1352 680 Ῥωμαίοις
1381 610 1649 676 ἐγένοντο.

387 727 463 792 ις’
473 765 485 779 .
520 725 712 788 Ὅπως
734 725 788 792 οἱ
822 721 1077 791 ἀδελφοί
1110 724 1216 778 τοῦ
1236 724 1548 788 βασιλέως
1578 724 1684 788 τὰς
1720 719 1837 776 τῶν
1861 720 1962 775 δυ-

623 790 807 846 εικῶν
839 790 1348 861 ἐνεχειρίσθησαν
1371 794 1723 859 διοικήσεις.

458 886 522 960 [Ρ
554 885 681 958 1⁸57]
718 886 854 940 Τότε
883 885 1064 939 τοίνυν
1094 889 1206 949 τοῖς
1252 886 1497 954 ἀδελφοῖς
1542 885 1852 955 ἐγχειρίσας
1894 882 1961 934 τὰ

385 980 600 1043 δυτικὰ,
630 978 706 1049 τῷ
740 979 835 1048 μὲν
863 978 1099 1051 δεσπότῃ
1141 977 1363 1051 Ἰωάννῃ
1385 979 1481 1040 τὰς
1512 975 1835 1039 ἀνατολικάς
1860 993 1963 1027 πα-

392 1072 583 1141 ραδους
613 1071 868 1141 δυνάμεις
905 1070 1122 1137 σύναμα
1169 1070 1246 1141 τῷ
1296 1067 1544 1137 Σκυθικῷ
1583 1068 1651 1121 τὰ
1684 1068 1824 1121 κατὰ
1860 1069 1963 1137 γῆν

389 1165 722 1235 προσέταττε
759 1164 1021 1233 μετιέναι,
1052 1164 1144 1216 καὶ
1178 1161 1246 1215 τὰ
1273 1162 1381 1214 τῶν
1404 1161 1676 1232 Ἰλλυριῶν
1706 1160 1963 1229 μεθέπειν

390 1257 486 1308 καὶ
514 1255 851 1323 Τριϐαλλῶν,
884 1257 977 1307 καὶ
1005 1256 1071 1307 τά
1099 1255 1190 1308 τοῦ
1224 1253 1450 1321 Πηνειοῦ
1474 1253 1666 1320 πέραν,
1693 1254 1792 1322 τὴν
1820 1251 1965 1314 ίδίως

400 1348 626 1402 Ἐλλάδα
670 1347 993 1416 λεγομένην,
1045 1346 1421 1417 κατατρέχειν,
1470 1345 1547 1415 τῷ
1593 1345 1825 1417 δεσπότῃ
1860 1345 1965 1397 Μιο

392 1440 530 1511 χαὴλ
564 1440 906 1509 πολεμοῦντα
933 1455 945 1468 °
980 1441 1095 1491 οὐδὲ
1120 1439 1227 1509 γὰρ
1255 1435 1322 1509 ἦν
1355 1438 1502 1508 αύτῷ
1533 1438 1963 1509 προφασίζεσθαι

388 1532 473 1584 ὅτι
511 1531 615 1597 ἔξω
652 1547 753 1584 που
800 1535 899 1601 τῆς
945 1530 1201 1601 πατρίδος
1254 1529 1407 1594 ὄντος
1448 1529 1543 1582 τοῦ
1589 1528 1853 1599 βασιλέως
1881 1529 1960 1582 δι-

388 1623 587 1679 καιοῖτ*
620 1624 687 1678 ἂν
735 1626 987 1687 κάκεῖνος
1036 1624 1105 1677 τά
1152 1623 1292 1693 μέρη
1343 1622 1618 1692 κατέχειν.
1659 1621 1764 1674 Τὸν
1802 1619 1860 1673 δέ
1897 1636 1962 1688 γε

393 1714 878 1786 σεϐαστοκράτορα
912 1717 1290 1769 Κωνταντῖνον
1314 1717 1508 1768 ναυσὶν
1536 1714 1842 1783 ἐμϐιϐάσας
1873 1713 1964 1764 ἐπὶ

389 1784 785 1876 Μονεμεασίας
809 1784 1121 1877 Ῠὲκπέμπει,
1157 1808 1434 1879 παραδοὺς
1478 1809 1716 1878 κάκείνῳ
1742 1807 1865 1859 ὅσον
1897 1801 1963 1876 ἦν
1998 1784 2038 1838 Β

390 1900 455 1953 ὲκ
490 1900 819 1968 Μαγεδῶεος
866 1900 1174 1969 Ῥωμαίων,
1221 1901 1314 1952 καὶ
1363 1899 1424 1950 τὸ
1474 1898 1742 1967 Περσικὸν
1782 1896 1960 1950 ἀπαν’

390 1995 453 2045 τὸ
490 1993 599 2062 γὰρ
625 1992 888 2045 Ἰταλικὸν
921 1994 995 2063 μὴ
1022 1992 1262 2063 ἁρμόζον
1295 1993 1431 2059 πρὸς
1483 1990 1661 2059 μάχην
1686 1988 1965 2058 ,Ἰταλικὴν

389 2088 417 2139 6
448 2087 714 2155 δεσπότης
760 2087 1183 2155 ουνεπεφέρετο.
1234 2085 1488 2153 Συνῆσαν
1531 2084 1588 2136 δὲ
1628 2081 1706 2153 τῷ
1742 2082 1843 2152 μὲν
1881 2082 1967 2133 δε-

392 2179 565 2247 σπότῃ
600 2176 786 2231 πολλοὶ
830 2178 930 2246 μὲν
963 2178 1056 2231 καὶ
1102 2177 1252 2231 ἄλλοι
1291 2176 1399 2230 τῶν
1441 2175 1783 2245 μεγιστάνων
1812 2176 1908 2228 καὶ
1939 2176 1967 2227 6

392 2270 852 2338 Καντακουζηνὶς
891 2269 1113 2340 Μιχαὴλ
1142 2270 1170 2322 6
1202 2268 1298 2321 καὶ
1345 2269 1519 2338 μέγας
1542 2270 1598 2320 ἐν
1627 2267 1842 2337 ὑστέρῳ
1876 2284 1969 2320 κο-

392 2359 704 2426 νοσταῦλος,
755 2362 803 2413 οί
860 2359 1072 2429 ἀνεψιοὶ
1122 2360 1334 2412 ἐκείνου
1388 2358 1820 2429 Ταρχαειειῶται,
1871 2359 1967 2411 καὶ

394 2453 547 2505 ἄλλοι
578 2453 763 2523 συχνοὶ
789 2454 853 2505 ἐκ
883 2451 981 2523 τῆς
1016 2451 1220 2515 δύσεως
1258 2451 1337 2521 τῷ
1383 2450 1597 2521 βασιλεί
1638 2451 1968 2521 προσχωρήο

395 2559 612 2607 σαντες,
646 2544 723 2616 τῷ
755 2544 812 2598 δέ
852 2562 914 2613 γε
945 2543 1409 2614 σεϐαστοκράτορι
1440 2542 1590 2597 ἄλλοι
1629 2558 1687 2596 τε
1724 2541 1967 2621 πλεῖστοι

396 2638 494 2690 καὶ
522 2638 548 2689 6
578 2637 752 2707 μέγας
782 2638 1103 2708 δομέστικος
1146 2639 1174 2691 6
1204 2636 1369 2706 Φιλῆς
1411 2635 1666 2702 ’Δλὲξιος,
1698 2635 1795 2687 σὺν
1818 2630 1969 2696 αύτῷ

392 2728 451 2783 δδ
484 2731 576 2785 καὶ
623 2733 652 2783 6
694 2731 1011 2801 Μακρηνδς,
1059 2729 1119 2782 δν
1152 2726 1651 2801 παρακοιμώμενον
1692 2727 1720 2779 6
1752 2725 1969 2797 κρατῶν

395 2922 661 2968 relerrent
699 2915 855 2970 modo
892 2913 1100 2970 Naxum
1136 2924 1487 2985 occupatam,
1518 2912 1650 2967 alias
1692 2924 1965 2981 expugna-

396 3017 505 3064 tam
546 3009 750 3073 Paron,
779 3007 926 3064 Ceon
972 3023 1035 3061 ac
1078 3006 1364 3078 Carystum
1407 3020 1622 3076 quoque
1660 3018 1786 3058 eum
1826 3001 1969 3058 Oreo

396 3100 626 3155 subinde
678 3110 870 3169 capta;
930 3110 983 3154 et
1031 3106 1090 3153 ut
1138 3109 1332 3153 eretera
1382 3096 1664 3160 omittam,
1714 3103 1970 3149 montana

397 3192 755 3264 Peloponnesi
810 3193 956 3247 circa
1016 3189 1435 3246 Manembasiam
1492 3204 1612 3243 cum
1668 3188 1861 3260 Sparta
1919 3197 1974 3244 et

398 3285 788 3366 Lacedaemone
809 3282 1071 3339 Romanis
1097 3298 1157 3336 ca
1186 3281 1525 3352 expeditione
1552 3280 1793 3351 subjecta
1824 3290 1972 3338 sunt.

468 3441 561 3500 i6.
598 3441 666 3500 Ut
688 3442 949 3513 fratribus
978 3444 1312 3511 imperatoris
1347 3439 1594 3513 Occidor:
1619 3440 1903 3511 provincia:

895 3514 1194 3566 commissa:
1219 3512 1439 3582 fuerint.

470 3649 641 3705 Porro
701 3660 827 3703 tune
885 3647 1180 3718 imperator
1229 3646 1342 3704 suis
1393 3646 1650 3703 fratribus
1708 3645 1891 3727 Qecidt
1913 3662 1976 3702 as

398 3742 707 3812 provincias
748 3739 1170 3797 commendavit.
1204 3737 1579 3795 Ae'Joannem
1622 3738 1841 3809 quidem
1882 3740 1977 3792 de-

398 3847 608 3902 8|t07aln
654 3832 829 3901 copiis
871 3831 1240 3888 Orientalibus
1287 3840 1342 3887 et
1388 3830 1709 3901 Scytharum
1760 3830 1978 3887 auxili’s

402 3924 729 3979 instructum
773 3932 915 3995 terra
957 3938 1147 3993 gerere
1187 3938 1300 3977 rem
1342 3922 1503 3993 jussit
1543 3938 1639 3990 per
1680 3922 1889 3993 Illyrios
1923 3932 1980 3977 et

397 4017 695 4083 Triballos,
746 4028 909 4087 atque
961 4017 1098 4070 ultra
1150 4013 1386 4070 Peneum
1443 4016 1715 4086 regionem
1766 4017 1981 4084 proprie

398 4110 658 4166 Gratl'lanl
688 4120 933 4163 vocatam
968 4110 1282 4170 incursare,
1307 4107 1558 4163 bellando
1592 4106 1849 4163 adversus
1879 4106 1977 4162 Mi-

400 4205 643 4257 cltaelem
675 4202 979 4271 despotam.
1012 4199 1108 4255 Cui
1140 4200 1253 4269 jam
1292 4202 1506 4267 dempta
1542 4207 1659 4254 erat
1690 4199 1777 4254 illa
1813 4214 1980 4255 excu-

400 4293 578 4357 satio,
611 4308 716 4361 qua
755 4294 934 4363 prius,
966 4308 1087 4345 eum
1122 4292 1429 4361 provincias
1463 4291 1581 4346 illas
1618 4299 1975 4360 repeteretur,

400 4386 652 4455 excipere
698 4386 940 4449 solebat,
979 4400 1168 4454 parum
1221 4384 1512 4438 convenire
1561 4382 1972 4453 imperatorem,

2063 519 2166 569 κάν
2201 516 2413 580 πολλοῖς
2442 518 2709 587 εὐστόχει.
2733 511 2877 586 Ἶιγε
2907 515 2962 570 δὲ
2997 516 3154 571 τοῦτο
3181 518 3208 570 6
3237 517 3625 589 Φιλανθρωπη-

2064 610 2149 670 νὸς
2190 612 2216 660 ό
2261 611 2707 679 πρωτοστράτιυρ
2766 609 3022 674 Ἀλέξιος,
3072 609 3209 679 ἀνὴρ
3259 607 3492 684 γεραρδς
3537 614 3627 664 καὶ

2064 702 2330 766 γενναῖος,
2359 702 2508 770 παρὰ
2542 700 2797 752 τοσοῦτον
2839 700 3161 772 εἰργόμενος
3197 699 3275 769 τῷ
3312 699 3603 768 μεγαλοεοι

2063 793 2214 863 κάτῳ
2245 791 2609 862 σεμνύνεσθαι
2635 792 2906 864 ἀξιώματι
2947 791 3080 862 παρ’
3108 793 3234 846 ὅσον
3257 788 3324 863 ἦν
3353 792 3513 856 ἄλλος
3543 794 3631 847 ἐπὶ

2061 886 2155 939 τοῦ
2187 884 2520 956 ἀξιώματος,
2544 890 2572 941 6
2596 886 2692 939 τοῦ
2725 884 2959 939 παλαιοῦ
2983 886 3231 955 Λάακαρι
3257 884 3346 940 τοῦ
3372 885 3633 955 βασιλέως

2062 977 2419 1049 αύτάδελφος,
2469 980 2673 1049 ἔξωρος
2717 979 2817 1050 ήδη
2865 979 2961 1032 καὶ
3012 977 3357 1049 παρηϐηκὼς
3411 977 3501 1030 ἐπὶ
3541 979 3630 1045 τῆς

2063 1072 2477 1126 Κωνσταντίνου
2524 1073 2855 1140 καθήμενος,
2894 1071 3113 1141 βουλαῖς
3144 1070 3269 1124 καθ’
3302 1073 3532 1141 ἠσυχὶαν
3562 1072 3633 1141 τῷ

2065 1160 2278 1231 βασιλεῖ
2307 1162 2404 1232 τῆς
2435 1161 2542 1214 τῶν
2577 1161 2773 1214 κοινῶν
2798 1162 3081 1231 φροντίδος
3121 1162 3197 1224 ὡς
3232 1161 3351 1213 ὲνδν
3385 1162 3635 1232 συναιρόο

2066 1268 2249 1321 μενος,
2289 1253 2318 1303 6
2351 1253 2539 1323 μέντοι
2582 1270 2645 1321 γε
2687 1252 3142 1326 Φιλανθρωπηνδς
3192 1253 3528 1325 ἁγχιστεύων
3560 1256 3634 1324 τῷ

2065 1340 2316 1411 βασιλεῖ.-
2354 1344 2447 1397 τὸν
2481 1344 2589 1417 γὰρ
2636 1345 2858 1414 ἀνεψιὸν
2902 1345 3114 1399 ἐκείνου
3149 1346 3241 1398 τὸν
3276 1350 3373 1415 τῆς
3412 1348 3635 1416 Μάρθας

2064 1427 2180 1487 υίδν
2212 1436 2430 1507 Μιχαὴλ
2473 1437 2726 1508 γαμϐρὸν
2770 1433 2920 1510 εἶχεν
2960 1441 3053 1493 ἐπὶ
3100 1438 3357 1510 θυγατρί.
3408 1440 3468 1493 ’0
3514 1439 3635 1508 γοῦν

2062 1529 2305 1593 τοιοῦτος
2328 1533 2546 1603 κατεῖχε
2579 1532 2639 1585 τὸ
2666 1532 2915 1603 πλόϊμον,
2956 1532 3051 1587 καὶ
3079 1527 3214 1604 ἦρος
3244 1532 3637 1602 ἐξαρτυόμενος

2065 1620 2251 1675 στόλον
2285 1623 2581 1690 ἀπέπλεεν,
2629 1624 2779 1696 ὅμως
2822 1624 2869 1677 δ’
2914 1625 3207 1695 ἐσύστερον
3256 1626 3512 1687 θανόντος
3547 1624 3637 1679 τοῦ

2065 1713 2317 1785 Δάσκαρι
2346 1715 2445 1785 τὴν
2475 1716 2567 1769 τοῦ
2603 1717 2840 1786 μεγάλου
2875 1718 3071 1791 δουκδς.
3111 1718 3267 1783 ἀξίαν
3305 1720 3462 1791 παρά
3492 1719 3641 1789 βασι-

2067 1806 2203 1872 λέως
2238 1811 2318 1872 είς
2352 1810 2590 1880 ἀμοιϐὴν
2630 1811 2741 1864 τῶν
2775 1813 2963 1865 κόπων
3004 1812 3332 1882 ἐλάμϐανεν,
3366 1814 3443 1876 ὼς
3478 1813 3641 1884 ρηθή-

2070 1914 2242 1952 σεται.
2274 1899 2415 1952 ’Λλλ’
2440 1896 2589 1955 οὗτοι
2619 1902 2719 1969 μὲν
2751 1902 2912 1974 τριχῆ
2945 1903 3310 1972 κοσμούμενοι
3342 1904 3446 1956 ἀνά
3482 1903 3643 1974 μέρος

2066 1992 2135 2042 τὰ
2185 1991 2328 2043 κατὰ
2361 1991 2517 2045 δύσιν
2562 1992 2843 2063 μεθεῖπον.
2895 1994 3001 2047 Καὶ
3036 1997 3063 2048 6
3107 1994 3208 2065 μὲν
3256 1996 3527 2063 δεσπότης
3571 1995 3644 2065 τῷ

2067 2082 2284 2152 Μιχαὴλ
2312 2082 2547 2157 δεσπότῃ
2577 2086 2783 2155 ἐπεῖχε,
2817 2087 2913 2139 καί⁷
2954 2087 3270 2140 ἀνεκαλεῖτο
3305 2086 3371 2158 [Ρ
3400 2086 3523 2159 138]
3551 2088 3643 2158 τὴν

2069 2173 2283 2225 ἐκείνου
2312 2173 2497 2244 χώραν
2533 2175 2610 2239 ὡς
2640 2177 2807 2229 πάλαι
2841 2180 2906 2248 τῇ
2944 2177 3194 2249 βασιλείᾳ
3228 2180 3639 2247 προσήκουσαν.

2080 2263 2144 2317 ’0
2176 2264 2232 2316 δὲ
2259 2261 2373 2335 εἶχε
2407 2266 2506 2335 μὲν
2556 2266 2820 2338 πρότερον
2864 2268 3324 2338 προφασίζεσθαι.
3362 2271 3455 2321 καὶ
3486 2271 3641 2338 ἐπρο-

2071 2358 2334 2426 φασίζετο
2373 2360 2924 2432 πιθανολογούμενος,
2973 2361 3047 2424 ὡς
3082 2361 3181 2414 οὐκ
3232 2362 3451 2430 ἀνάγκη
3483 2359 3642 2414 αὐτοῦ

2067 2450 2162 2503 τοῦ
2209 2452 2478 2522 βασιλέως
2525 2454 2620 2508 τὸν
2662 2455 2760 2526 τῆς
2806 2454 3084 2526 βασιλείας
3124 2454 3315 2523 θρόνον
3350 2455 3400 2524 (6
3441 2454 3489 2509 δ’
3519 2449 3643 2525 ἧνὴ

2073 2542 2685 2617 Κωνσταντινούπολις)
2745 2544 2822 2616 μὴ
2878 2546 3201 2617 κατέχοντος
3262 2544 3430 2598 αὑτὸν
3481 2546 3645 2598 ἅπαι-

2067 2639 2280 2692 τεῖσθαι
2310 2639 2372 2693 τδ
2406 2639 2591 2696 λεῖπον
2617 2659 2632 2675 ·
2668 2642 2974 2712 ἀπαιτητέα
3014 2641 3122 2714 γὰρ
3161 2638 3301 2697 ε’ίναι
3334 2641 3536 2713 μᾶλλον
3560 2643 3644 2695 τίαν

2070 2730 2261 2804 θρόνον
2288 2736 2415 2800 τοὺς
2449 2733 2685 2802 Ἰταλοὺς
2712 2736 2745 2810 ἦ
2775 2738 2979 2792 ἐκεῖνον
3010 2737 3081 2791 τά
3113 2738 3253 2791 κατά
3275 2738 3451 2804 δύσιν,
3478 2734 3645 2801 οὕτως

2070 2929 2194 2970 cum
2239 2917 2329 2972 alii
2384 2917 2637 2989 plurimi,
2683 2919 2847 2992 206
2893 2930 3003 2973 tum
3050 2931 3276 2985 magnus
3326 2917 3647 2972 duritesticns

2070 3004 2251 3062 Philes
2280 3009 2529 3078 Alexius;
2568 3026 2688 3064 eum
2726 3012 2844 3081 ipso
2879 3010 3158 3065 Macrcnus
3193 3020 3247 3064 et
3277 3023 3440 3078 quem
3477 3010 3640 3077 inpe-

2075 3110 2224 3153 rator
2249 3099 2480 3154 cubiculi
2515 3099 2829 3170 prmfectum
2864 3100 3068 3154 habuit.
3092 3098 3293 3154 Classis
3325 3100 3593 3165 navigavit
3617 3113 3645 3151 ιι

2079 3199 2207 3240 vere
2234 3187 2301 3240 ad
2332 3187 2655 3252 Arcturum,
2686 3196 2739 3242 et
2770 3188 2935 3242 multa
2971 3203 3092 3243 eum
3124 3202 3375 3242 successu
3413 3190 3647 3243 tentavit.

2074 3278 2346 3333 Ductabat
2392 3279 2535 3333 illam
2572 3279 2795 3333 Alexius
2831 3278 3319 3347 Pltilanthropenus
3357 3290 3647 3350 prolostra-

2076 3375 2184 3432 tor,
2218 3369 2516 3425 honoratus
2546 3371 2628 3424 vir
2654 3380 2704 3423 et
2737 3380 2990 3425 strenuus
3012 3412 3027 3438 ,
3058 3371 3371 3442 designatus
3402 3373 3513 3441 jam
3551 3376 3649 3428 dux

2078 3476 2341 3532 magnus,
2370 3470 2425 3517 et
2449 3461 2730 3533 dignitatis
2759 3463 2916 3517 istius
2949 3461 3104 3517 titulo
3130 3475 3293 3535 atque
3322 3479 3425 3518 usu
3457 3464 3510 3517 in
3543 3473 3652 3517 tau»

2076 3563 2186 3609 tum
2223 3555 2531 3620 abstinens,
2559 3557 2700 3625 qttod
2733 3555 2943 3609 vivebat
2974 3554 3153 3610 adhuc
3183 3557 3319 3611 alius
3361 3557 3457 3612 illo
3492 3557 3652 3627 magi.

2075 3655 2248 3701 stratu
2288 3647 2578 3716 insignitus
2612 3646 2779 3701 frater
2812 3661 3104 3716 germanus
3137 3645 3391 3702 Lasearis
3430 3647 3651 3703 senioris

2074 3739 2336 3809 Augusti,
2378 3736 2570 3793 effetus
2613 3738 2726 3805 jam
2772 3737 2923 3791 senio
2968 3746 3023 3790 et
3064 3733 3178 3792 fere
3222 3737 3557 3806 drcrcpitus,
3601 3737 3652 3790 in

2079 3831 2261 3899 quiete
2293 3843 2453 3899 quam
2485 3836 2617 3883 tetas
2645 3837 2885 3882 extrema
2916 3828 3192 3898 poscebat,
3222 3828 3468 3883 consiliis
3499 3831 3652 3898 impe-

2075 3921 2244 3975 ratori
2281 3920 2601 3992 opportunis
2634 3918 2701 3975 ad
2732 3934 3020 3976 commune
3053 3919 3292 3990 regimen
3334 3933 3651 3989 eooperans.

2078 4012 2353 4067 Amuitate
2409 4026 2572 4083 porro
2618 4010 3109 4082 Pbilantbropcnus
3156 4012 3473 4082 imperatori
3514 4020 3652 4066 arcta

2079 4105 2406 4176 coniunctus
2434 4115 2586 4171 erat,
2610 4105 2808 4177 quippe
2839 4104 2930 4175 qui
2967 4104 3281 4161 Michaelem
3318 4105 3525 4161 Martha
3563 4109 3654 4159 int-

2078 4199 2346 4269 pera'toris
2376 4211 2564 4251 sorore
2594 4204 2798 4258 natum,
2824 4195 3081 4251 collocata
3112 4196 3215 4266 ipsi
3248 4195 3383 4262 lilia,
3409 4211 3652 4265 generum

2081 4289 2327 4345 haberet.
2363 4287 2514 4343 Talis
2553 4288 2719 4356 igitur
2753 4287 2833 4340 vir
2863 4286 3141 4342 navalibus
3176 4286 3463 4357 praefectus
3493 4288 3654 4357 copiis

2077 4382 2253 4437 classe
2302 4382 2476 4450 primo
2518 4395 2645 4434 vere
2694 4379 2952 4433 instructa
3004 4379 3317 4449 navigavit,
3355 4390 3410 4433 et
3446 4377 3652 4433 Lascari

400 4480 493 4549 qui
526 4479 658 4534 urbe
686 4493 780 4533 sua
813 4478 985 4549 patria
1015 4488 1069 4532 et
1095 4477 1317 4546 imperii
1339 4478 1514 4546 capite
1548 4488 1779 4537 careret.
1809 4492 1979 4532 mem-
2012 4502 2056 4558 ι)
2086 4475 2249 4546 paulo
2289 4483 2416 4544 post
2447 4480 2661 4526 mortuo
2695 4470 2877 4541 magni
2909 4470 3062 4561 (Lucis
3092 4470 3411 4540 dignitatem
3452 4472 3517 4524 ab
3556 4470 3651 4523 im-

401 4568 499 4624 bra
536 4568 625 4621 illa
660 4577 714 4623 et
747 4578 926 4635 partes
960 4568 1199 4638 ejusdem
1235 4567 1391 4636 quasi
1426 4566 1673 4639 corporis
1708 4579 1980 4626 extremas

404 4659 687 4731 requirere
711 4675 776 4711 ac
800 4658 952 4727 longe
978 4659 1248 4728 persequi.
1273 4657 1771 4715 Sebastocratorem
1800 4671 1978 4715 autem

403 4748 820 4804 Constantinum
851 4749 1160 4820 impositum
1191 4748 1422 4805 navibus
1451 4749 1711 4805 adversus
1739 4749 1981 4805 Menem-

406 4841 615 4899 basiam
665 4843 863 4911 mittit,
908 4842 1132 4897 tradens
1184 4841 1255 4894 illi
1302 4850 1560 4910 quantum
1612 4841 1979 4898 Romanorum

407 4933 566 5004 prius
612 4932 661 4986 in
710 4931 1062 5002 Magetlonum
1110 4930 1330 5001 regi0ne
1375 4929 1727 4994 militaverat,
1760 4942 1818 4988 et
1860 4934 1980 4988 uni-

411 5038 622 5077 Versam
664 5036 922 5093 przeterea
962 5022 1203 5077 militiam
1244 5023 1537 5078 Persicam.
1569 5024 1700 5078 Nam
1740 5026 1980 5080 Italicum

410 5118 740 5181 exercitum,
768 5118 908 5170 haud
940 5129 1122 5186 aptum
1152 5116 1325 5168 vismn
1358 5116 1501 5170 bello
1532 5116 1793 5173 adversus
1826 5118 1984 5174 Italos

410 5208 677 5279 gerendo,
710 5210 946 5264 Joannes
990 5212 1215 5277 despota
1260 5223 1445 5263 secum
1493 5209 1812 5266 abduxerat.
1850 5210 1982 5267 Cum

409 5302 601 5356 eodeni
643 5318 808 5373 porro
848 5303 1067 5367 despota
1114 5304 1339 5358 comites
1380 5305 1732 5372 expeditionis
1774 5306 1988 5360 iverunt

408 5394 499 5447 alii
535 5411 747 5464 quoque
784 5399 935 5449 multi
973 5396 1332 5465 optimatunt,
1368 5398 1509 5452 inter
1539 5412 1675 5466 quos
1708 5399 1982 5451 Caratacu-

406 5502 575 5540 xenus
605 5486 857 5551 Michael,
883 5488 973 5557 qui
1012 5500 1198 5557 postea
1231 5506 1454 5558 magnus
1486 5491 1833 5545 (-onostaulus
1862 5488 1984 5557 fuit,

408 5580 662 5648 illiusque
703 5581 971 5649 patrueles
1014 5579 1428 5652 Tarcbanioue;
1479 5588 1698 5652 insuper
1736 5586 1857 5649 alii,
1894 5586 1985 5653 qui

411 5672 728 5738 frequentes
760 5688 825 5726 ex
857 5672 1111 5729 Occiduis
1150 5675 1411 5731 tractibus
1443 5677 1507 5730 ad
1542 5690 1720 5745 partes
1760 5679 1988 5747 impera-

414 5764 553 5821 t02is
580 5766 923 5822 transierant.
951 5765 1447 5824 Sebastocratorent
1476 5783 1602 5823 vero
1626 5772 1988 5839 sequebantur

2085 4577 2337 4639 peratore
2378 4565 2431 4619 in
2471 4564 2750 4635 praemium
2791 4563 3040 4619 laborum
3082 4566 3311 4631 accepit,
3344 4574 3403 4618 ut
3436 4564 3651 4618 cicetur.

2085 4663 2240 4717 Hune
2268 4662 2319 4716 in
2352 4659 2568 4715 modum
2597 4659 2858 4715 trifariam
2888 4660 3141 4715 instructi
3171 4657 3367 4714 fratres
3393 4669 3448 4714 et
3473 4673 3651 4713 neces-

2082 4755 2216 4812 sarii
2259 4753 2602 4825 imperatoris
2649 4752 2704 4807 in
2757 4753 2978 4807 t0tidem
3019 4749 3381 4807 Occiduarum
3428 4751 3653 4820 partium

2085 4859 2291 4905 tractus
2341 4854 2648 4902 moverunt.
2685 4849 2762 4900 Ac
2808 4845 3032 4915 despota
3079 4844 3295 4913 quidem
3350 4843 3651 4898 Michaeletn

2085 4946 2365 5012 despotam
2410 4938 2645 4993 adortus
2671 4937 2950 5007 repetebat
2986 4946 3287 5006 occupatas
3324 4938 3391 4991 ab
3429 4952 3492 4990 eo
3534 4950 3651 5006 pro.

2085 5033 2293 5088 vincias
2329 5041 2387 5087 ut
2420 5031 2544 5085 olim
2586 5032 2652 5084 ad
2691 5032 2975 5099 imperium
3023 5031 3381 5099 pertinentes.
3415 5030 3499 5084 Ea:
3536 5042 3648 5084 eum

2087 5137 2244 5182 antea
2289 5126 2741 5193 reposcebantur,
2766 5122 2971 5176 solebat
3015 5121 3101 5175 ille
3144 5122 3500 5190 plausibiliter
3532 5133 3652 5174 cau-

2087 5218 2198 5273 sari
2252 5215 2394 5270 haud
2447 5216 2821 5284 tempestivam
2879 5216 3252 5282 repetitionem
3305 5215 3459 5268 istam
3506 5225 3648 5275 esse;

2088 5325 2213 5365 nam
2242 5307 2371 5377 quid
2401 5307 2658 5361 attineret
2692 5309 3072 5374 imperatorem
3109 5308 3236 5360 sede
3270 5307 3385 5373 ipsa
3423 5304 3648 5372 imperti,

2088 5402 2221 5456 urbe
2261 5399 2760 5468 ConstantinOpoli,
2793 5399 3072 5453 exclusum
3102 5398 3167 5451 de
3197 5399 3355 5452 rebus
3390 5407 3531 5450 tanto
3559 5396 3650 5447 mi-

2092 5493 2239 5549 noris
2281 5493 2546 5547 momenti
2588 5493 2972 5561 recuperandis
2999 5506 3121 5546 esse
3153 5490 3475 5547 sollicitum?
3502 5486 3650 5541 Reci-

2090 5597 2243 5658 peret
2282 5588 2515 5655 primum
2557 5586 2625 5638 ab
2665 5584 2809 5639 Italis
2844 5585 3042 5638 solium
3083 5585 3262 5653 regni,
3292 5595 3401 5638 tum
3440 5598 3564 5637 sane
3592 5580 3651 5632 de

2094 5680 2423 5750 regiunculis
2470 5680 2590 5734 istis
2629 5677 2886 5733 Oeciduis
2922 5675 3082 5747 207
3120 5677 3189 5731 ab
3227 5692 3284 5731 se
3323 5670 3648 5744 reposcendis

2094 5771 2378 5840 cogitaret.
2430 5768 2536 5826 Nec
2588 5785 2754 5841 porro
2811 5769 2972 5824 istam
3035 5783 3193 5837 rem,
3248 5783 3408 5839 quam
3464 5764 3649 5821 dixisse
