3926 6530
303 412 401 474 649

1228 404 1325 467 DE
1368 402 1760 465 MICHAELE
1799 399 2259 463 PALEOLOGO
2301 399 2448 459 LIB.
2492 397 2602 458 ΙΙῘ.

3431 391 3533 452 650

299 521 707 591 ἀνηρτημένους
735 518 968 586 πάμπαν
1008 515 1100 569 καὶ
1146 514 1298 583 μόλις
1343 514 1689 584 ὁριζομένους
1726 512 1859 565 Θεσ-
1888 512 1932 569 Α
1958 510 2050 564 θεν
2077 510 2548 577 ἐπαναζεύξαντος
2573 525 2800 579 υστερον
2827 509 3020 571 αὐτοὺς
3043 507 3533 576 ἐγκαταλελεῖφθαι

302 610 577 682 σαλονίκῃ.
609 608 845 662 Τοιαῦτα
876 607 1007 676 γοῦν
1041 606 1363 672 ἀπελογεῖτο
1402 606 1685 675 πρότερον.
1731 605 1866 658 Τότε

299 703 353 755 δὲ
411 700 548 754 ἀλλὰ
597 699 777 770 χώραν
828 699 894 770 ἢν
953 700 1003 751 οι
1056 699 1228 764 γονεῖς
1283 696 1494 749 ἐκείνου
1543 696 1726 757 πόνοις
1774 694 1869 746 καὶ

304 793 489 864 ἱδρῶσι
537 792 633 845 καὶ
667 791 829 860 μόνον
854 787 952 859 οὐχ
1000 788 1195 856 αἵμασι
1232 785 1519 850 στάζοντες
1562 784 1870 853 προσεκτή-

303 905 462 941 σαντο
503 890 598 940 καὶ
643 886 842 956 κλῆρον
896 882 1187 937 κατέλιπον
1241 884 1353 944 τοῖς
1406 883 1585 945 παισὶ,
1636 880 1755 943 πῶς
1804 879 1871 933 ἂν

301 983 393 1036 καὶ
445 980 671 1041 δικαίως
726 975 1127 1045 ἀπαιτούμενος
1178 974 1439 1044 ἁποδῴης
1481 972 1717 1034 Ἰταλοὺς
1764 971 1870 1042 γὰρ

302 1073 761 1143 ἀφαιρουμένους,
791 1069 885 1123 καὶ
923 1069 998 1138 μὴ
1039 1065 1361 1134 Ῥωμαίους,
1403 1065 1545 1119 κατά
1573 1065 1634 1118 τὸ
1663 1065 1873 1119 δίκαιον

301 1166 394 1221 καὶ
444 1166 564 1228 τοῖς
611 1164 670 1227 ἐξ
715 1164 939 1215 ἐκείνων
988 1162 1068 1221 εἰς
1117 1159 1365 1227 διαδοχὴν
1413 1157 1763 1210 καταλείπειν
1799 1155 1873 1218 ὡς

303 1260 568 1327 σφέτερον
602 1255 803 1325 κλῆρον
842 1253 903 1316 ἐξ
936 1254 1136 1321 ἀρετῆς
1160 1266 1174 1282 ⁸
1223 1247 1283 1303 εὖ
1324 1250 1432 1319 γὰρ
1478 1249 1575 1302 καὶ
1620 1247 1875 1317 λελέχθαι

303 1350 373 1411 ὡς
402 1347 560 1401 οὐδὲν
592 1346 804 1407 οὐδενὸς
838 1344 979 1414 πλὴν
1029 1344 1122 1396 τοῦ
1168 1341 1562 1405 σπουδάζοντος
1601 1339 1743 1394 κατὰ
1775 1340 1875 1393 πό-

301 1442 488 1511 λεμον.
536 1442 646 1494 Καὶ
698 1438 840 1491 οὕτω
894 1438 991 1507 μὲν
1045 1416 1585 1505 διαμφισϐητούντων
1630 1435 1695 1486 τά
1739 1434 1874 1486 Ῥω-

306 1532 480 1601 μαίων
514 1530 595 1599 τῷ
626 1530 865 1601 δεσπότῃ
896 1527 1286 1598 στρατεύματα
1309 1526 1729 1597 κατετρίὸοντοο
1761 1528 1789 1578 ό
1820 1524 1877 1577 δέ

303 1636 363 1686 γε
402 1619 861 1689 σεϐαστοκράτωρ
910 1620 976 1689 τῇ
1027 1616 1386 1688 Μονεμδασίᾳ
1431 1618 1526 1671 καὶ¹
1566 1617 1678 1679 τοῖς
1716 1615 1878 1685 πέριξ

249 1693 252 1701 ’
304 1707 764 1777 προσκαθήμενος
818 1706 1222 1776 καθημερινοὺς
1278 1706 1551 1776 πολέμους
1597 1706 1735 1777 πρὸς
1786 1706 1879 1760 τὸν

218 1782 251 1814 ’τ’
306 1799 581 1871 Πρίντζην
617 1801 816 1868 ἐξῆγε·
851 1801 986 1870 μηδὲ
1016 1801 1125 1869 γὰρ
1150 1801 1437 1860 ἀρκεῖσθαι
1471 1800 1549 1869 τῷ
1584 1799 1742 1870 μέρει
1781 1800 1880 1868 τῆς

305 1893 490 1958 νήσου,
532 1894 715 1945 πᾶσαν
755 1892 810 1945 δὲ
857 1893 1131 1962 κρατῆσαι
1192 1892 1384 1957 θέλων,
1438 1891 1714 1962 ὑπάρχους
1743 1891 1882 1960 ἔχων

306 1982 395 2034 τόν
427 2000 490 2035 τε
525 1985 703 2052 μέγαν
732 1984 1050 2053 δομέστικον
1068 1983 1158 2036 τὸν
1177 1983 1343 2052 Φιλῆν
1376 1985 1473 2036 καὶ
1494 1983 1586 2037 τὶν
1618 1999 1885 2054 παρακοι-

311 2075 565 2145 μώμενον
600 2076 918 2147 Μακρηνὸν,
948 2074 1022 2140 ὡς
1056 2075 1175 2129 ἐνὸν
1209 2074 1529 2145 ἠγωνίζετο.

382 2234 557 2301 .ζ’.Τὰ
591 2237 743 2290 κατὰ
782 2235 890 2289 τὸν
914 2234 1450 2305 παρακοιμώμενον
1486 2235 1813 2304 Μακρηνὸν

954 2305 1257 2360 Ἰωάννην.

998 2322 1257 2374 ωαννην.

377 2440 484 2495 Ἦν
522 2442 573 2494 δ’
609 2441 915 2510 εὐδοκιμῶν
958 2442 986 2495 ὁ
1038 2437 1561 2510 παρακοιμώμενος,
1612 2440 1708 2493 καὶ
1755 2441 1885 2512 παρ’

312 2538 523 2607 ἐχθροῖς
556 2536 726 2604 ὄνομα
760 2535 900 2605 έχων
948 2535 1042 2586 ἐπὶ
1096 2535 1358 2603 στρατείᾳ
1416 2535 1512 2586 καὶ
1556 2535 1617 2586 τὸ
1658 2534 1890 2604 φοϐερὸν

311 2630 750 2700 ἐνδεικνύμενος,
789 2627 931 2681 ὥστε
964 2627 1059 2680 καὶ
1090 2625 1185 2680 τοῦ
1222 2625 1722 2696 σεὸαοτοκράτορος
1747 2628 1891 2680 έκεῖ-

310 2807 529 2862 omnino
586 2807 1044 2875 praevertendam.
1092 2803 1308 2860 facilem
1357 2813 1450 2857 aut
1495 2803 1641 2858 brevi
1690 2806 1892 2861 transi-

314 2900 542 2965 gendam
585 2912 846 2968 apparere
882 2913 897 2951 :
939 2896 1098 2952 Italos
1133 2897 1277 2952 enim
1328 2906 1437 2951 tum
1480 2898 1666 2965 procul
1703 2913 1824 2953 esse
1860 2913 1891 2953 a

315 2991 592 3045 reddenda
630 2988 890 3043 Romanis
926 2989 1137 3056 imperii
1177 2989 1487 3058 metropoli,
1516 2990 1763 3046 utetiam
1798 3006 1894 3060 spe

316 3100 416 3137 non
461 3096 695 3151 prorsus
734 3097 868 3135 vana
912 3082 1206 3152 majoribus
1249 3081 1481 3148 inhient,
1515 3090 1570 3137 et
1609 3085 1743 3138 adeo
1786 3099 1891 3138 non

1973 603 2068 657 καὶ
2114 603 2209 656 τοῦ
2265 602 2672 672 στρατεύματος
2704 601 2917 672 ἄρχειν,
2954 603 3049 654 καὶ
3086 604 3152 673 δὴ
3200 602 3543 672 μαχομένους

1971 696 2229 757 πολλάκις
2268 694 2367 765 μὲν
2402 696 2702 765 εὐστοχεῖν,
2740 695 2867 764 μίαν
2894 694 2951 748 δέ
2983 712 3044 762 γε
3079 695 3377 764 σφαλέντας
3409 712 3535 764 κραο

1971 787 2201 858 τηθῆναι
2231 786 2375 840 κατὰ
2407 786 2645 856 πόλεμον
2678 787 2773 841 καὶ⁹
2810 787 3175 856 ἀμφοτέρους.
3202 788 3334 840 Τότε
3362 788 3545 842 τοίνυν

1973 879 2060 933 ἐπ’
2092 879 2275 948 ὀλίγον
2313 880 2694 950 κατεχομένων
2728 878 2791 951 [Ρ
2824 879 2949 950 159]
2983 881 3040 933 ὲν
3085 870 3353 949 φυλακαῖς
3387 879 3415 933 ὁ
3447 881 3545 950 μὲν

1978 974 2151 1042 μέγας
2177 972 2495 1042 δομέστικος
2528 970 2882 1041 ἀποθνήσκει,
2920 972 3020 1040 ἠδ’
3060 972 3264 1025 ἐκείνου
3312 972 3547 1043 πενθερὰ

1976 1064 2212 1130 Εὐλογία
2253 1065 2401 1117 δεινὰ
2447 1064 2618 1116 ἐποίει
2660 1061 2738 1129 τῷ
2797 1062 3007 1131 βασιλεῖ
3063 1063 3546 1133 προσαγγέλλουσα

1980 1157 2055 1218 ὡς
2088 1156 2307 1227 προδῴη
2346 1157 2445 1226 μὲν
2473 1156 2502 1208 ὁ
2527 1155 3018 1226 παρακοιμὼμενος
3044 1155 3135 1207 τὸν
3166 1158 3377 1227 ἐκείνης
3410 1175 3548 1226 γαμ·

1978 1248 2131 1320 ὀρὸν,
2156 1252 2248 1302 καὶ
2277 1248 2352 1311 ὡς
2380 1248 2634 1317 ἐπίτηδες
2682 1246 2977 1317 κρατηθείη
3019 1248 3110 1299 καὶ
3151 1240 3303 1309 οὗτος
3345 1248 3423 1309 εἰς
3452 1247 3550 1299 πό·-

1977 1344 2173 1410 λεμον,
2222 1340 2467 1410 ὀρύσσων
2525 1340 2714 1409 βόθρον
2768 1340 2847 1410 τῷ
2901 1341 3281 1410 συστρατήγῳ,
3335 1339 3431 1393 καὶ
3479 1340 3554 1401 ὡς

1980 1433 2194 1503 άληθῶς
2236 1432 2331 1485 ἐπὶ
2361 1430 2574 1495 τούτοις
2620 1433 3028 1501 κατηγορεῖται,
3064 1432 3251 1498 λόγους
3297 1432 3435 1502 ἔχων
3464 1436 3557 1485 καὶ

1983 1524 2298 1594 συμφωνίας
2336 1524 2473 1594 πρὸς
2522 1523 2613 1576 τὸν
2668 1520 2937 1591 Πρίντζην
2994 1522 3290 1592 λαμϐάνειν
3335 1523 3432 1592 τὴν
3461 1522 3556 1576 τοῦ

1982 1619 2229 1686 Λάσκαρι
2253 1615 2526 1685 Θεοδώρου
2548 1614 2639 1668 τοῦ
2671 1614 2932 1684 βασιλέως
2955 1615 3228 1685 θυγατέρα
3254 1616 3557 1685 (κεχήρωτο

1983 1712 2091 1780 γὰρ
2119 1708 2213 1762 τοῦ
2260 1707 2469 1778 ἀνδρὸς)
2503 1709 2679 1759 ἐκεῖσε
2724 1706 3032 1772 διάγουσαν,
3079 1707 3169 1758 καὶ
3234 1707 3350 1774 μετ’
3383 1706 3560 1759 αὐτῶν

1986 1798 2121 1857 εἶναι
2153 1800 2463 1870 παραδόντα
2508 1798 2606 1867 τὴν
2654 1798 2859 1868 χώραν,
2918 1800 3011 1851 καὶ
3057 1798 3440 1866 ἀντιπράττειν
3483 1796 3561 1867 τῷ

1990 1893 2213 1965 βασιλεῖ.
2248 1892 2435 1945 Ταῦτα
2460 1890 2694 1958 λέγουσα
2738 1889 2828 1942 καί
2857 1907 2919 1957 γε
2956 1889 3303 1958 προστιθεῖσα
3335 1892 3365 1959 ἡ
3398 1890 3565 1942 Εὐλο-

1984 1986 2078 2055 γία
2105 1984 2243 2055 πρὸς
2270 1984 2360 2036 τὸν
2380 1983 2607 2049 ἀδελφὸν
2640 1979 2839 2049 πιθανὴ
2870 1980 3041 2032 ἐδόκει
3064 1995 3077 2008 ο
3103 1975 3171 2050 ἦν
3204 1980 3312 2047 γὰρ
3344 1982 3408 2032 ἐκ
3435 1980 3564 2032 πολ-

1986 2078 2080 2133 λοῦ
2127 2077 2352 2132 τοιαῦτα
2388 2074 2625 2139 ἀκούσας
2658 2074 2786 2146 περὶ
2836 2074 3045 2127 ἐκείνου
3092 2074 3180 2127 καὶ
3225 2076 3251 2127 ὁ
3287 2073 3561 2142 βασιλεύς.

1988 2172 2216 2225 Συνίστα
2246 2169 2303 2223 δὲ
2328 2171 2424 2233 τὰς
2463 2169 2793 2239 κατηγορίας
2847 2169 2939 2220 καὶ
2973 2168 3037 2219 τά
3074 2166 3167 2219 τοῦ
3208 2167 3398 2237 ἀνδρὸς
3428 2185 3565 2221 κατ-

1986 2264 2299 2335 ορθώματα,
2344 2262 2419 2325 ὡς
2457 2262 2602 2323 εἰκὸς
2630 2254 2768 2314 εἶναι
2790 2258 2962 2323 οὕτως
2988 2259 3374 2330 εὐδοκιμοῦντα
3404 2259 3569 2313 ύπελ-

1990 2357 2101 2411 θεῖν
2124 2358 2336 2419 ἐκεῖνον
2364 2359 2452 2408 τὸν
2504 2355 2773 2425 Πρίντζην
2819 2354 2912 2405 καὶ
2962 2353 3186 2406 τοιαῦτα
3238 2351 3354 2421 μετ’
3400 2353 3566 2406 αὐτοῦ

1992 2447 2443 2512 συσκευάζεσθαι.
2479 2448 2551 2499 Τὸ
2587 2446 2645 2499 δέ
2694 2462 2757 2512 γε
2808 2444 2940 2515 πρὸς
2994 2445 3093 2515 τὴν
3156 2444 3428 2515 θυγατέρα
3473 2447 3568 2499 τοῦ

1993 2540 2253 2611 βασιλέως
2281 2539 2439 2607 κῆδος
2463 2538 2559 2592 καὶ
2580 2537 2699 2590 λίαν
2722 2537 2905 2589 ἰκανὸν
2928 2536 3170 2605 οἰόμενος
3199 2536 3405 2589 πείθειν
3427 2538 3569 2589 ἐκεῖ·

1992 2649 2079 2684 νον
2111 2631 2186 2693 ὡς
2215 2632 2494 2701 μεγίστοις
2539 2626 3138 2698 ὲπιγαμόρευσόμενον,
3169 2627 3263 2679 καὶ
3284 2627 3399 2678 λίαν
3431 2642 3572 2695 παρ-

1996 2807 2096 2873 ria,
2128 2808 2238 2875 jam
2283 2805 2424 2874 apud
2467 2806 2648 2860 hostes
2688 2804 2919 2859 celebris
2962 2803 3101 2858 fama
3146 2807 3352 2874 peritiae
3391 2822 3570 2861 rerum

2000 2899 2313 2954 bellicarum
2345 2910 2487 2952 eteo
2514 2897 2727 2951 nomine
2752 2898 2883 2965 ipsis
2913 2896 3209 2951 formidati.
3239 2896 3389 2952 Unde
3419 2900 3574 2954 seba-

1995 3002 2295 3047 stocratore
2325 2990 2475 3043 illinc
2506 2999 2686 3057 postea
2726 2987 3041 3053 recedente,
3068 2987 3110 3040 is
3148 2987 3219 3041 ibi
3262 3003 3383 3043 cum
3420 2988 3571 3043 Phile

1996 3097 2081 3141 est
2114 3085 2366 3146 relictus,
2401 3091 2457 3137 ut
2490 3081 2752 3136 exercitui
2790 3089 3102 3150 praeessent.
3132 3080 3247 3147 Qua
3291 3080 3343 3136 in
3384 3082 3574 3153 praafe-

316 3174 735 3229 contemnendis
790 3174 899 3227 sint
954 3173 1158 3227 viribus
1212 3184 1268 3227 ut
1315 3189 1503 3229 eorum
1559 3174 1690 3229 ditio
1748 3190 1889 3245 aegre
1913 3182 1958 3241 α
1992 3189 2148 3235 ctura
2184 3192 2307 3232 cum
2342 3190 2483 3244 saepe
2517 3187 2773 3243 prospere
2808 3182 3172 3244 pugnassent,
3202 3174 3367 3244 208
3408 3190 3557 3230 seme

318 3267 713 3322 Thessalonica
766 3266 1001 3320 finiatur.
1054 3264 1195 3330 llac,
1246 3265 1495 3336 inquam,
1537 3268 1656 3337 ejus
1707 3270 1887 3338 omni,

318 3360 420 3423 'qua
476 3359 631 3426 prius
686 3373 744 3410 se
790 3358 1122 3425 iactaverat,
1168 3362 1414 3416 oratione
1455 3377 1598 3417 nunc
1645 3363 1889 3431 sublata,

319 3450 444 3502 illud
483 3448 649 3503 modo
684 3462 780 3517 pro
816 3461 874 3502 se
908 3448 1203 3517 allegabat,
1239 3449 1512 3519 regionem
1554 3467 1613 3507 se
1651 3452 1893 3510 obtinere

318 3561 472 3609 quam
495 3553 683 3613 patres
704 3543 784 3598 sui
815 3543 1119 3608 laboribus,
1147 3544 1431 3598 sudoribus
1456 3560 1520 3598 ac
1551 3555 1754 3601 tantum
1785 3563 1890 3600 non

320 3637 436 3688 fuso
494 3635 743 3689 stillatim
806 3635 1027 3705 proprio
1078 3636 1340 3704 sanguine
1394 3649 1695 3706 parassent.
1743 3637 1894 3694 Hanc

321 3726 693 3780 haereditatem
739 3726 805 3779 ab
851 3726 981 3795 ipsis
1020 3727 1084 3779 ad
1129 3726 1265 3781 filios
1308 3729 1680 3784 transmissam
1721 3730 1895 3799 possi-

321 3821 449 3873 dere
492 3835 618 3874 sese
647 3819 771 3888 jure
820 3834 979 3887 quam
1018 3820 1221 3888 optimo
1257 3837 1273 3873 ι
1310 3836 1564 3889 quorsum
1613 3838 1743 3890 ergo
1784 3826 1896 3893 ipse

324 3912 463 3965 illam
515 3912 702 3982 inique
746 3912 1115 3981 repetentibus
1156 3912 1459 3967 relaxaret?
1502 3912 1644 3969 Sane
1683 3916 1727 3970 si
1773 3916 1898 3969 red-

323 4005 494 4058 detula
525 4014 691 4067 esset,
720 4004 785 4058 iis
815 4005 991 4072 petius
1021 4004 1167 4058 reddi
1194 4014 1467 4069 oporteret
1490 4006 1685 4074 quibus
1712 4018 1897 4076 erepta

323 4097 411 4148 sit.
447 4094 570 4149 Non
602 4104 780 4149 autem
819 4095 1099 4159 Romanis,
1131 4098 1224 4150 sed
1261 4094 1409 4152 Italis
1443 4100 1591 4166 prius
1615 4097 1738 4168 jure
1774 4100 1895 4153 belli

318 4187 701 4249 {obtinentibus
729 4196 902 4241 terras
931 4186 1050 4241 illas
1076 4187 1125 4240 vi
1154 4190 1458 4243 extorsisse
1486 4189 1719 4259 majores
1746 4205 1896 4256 suos,

325 4297 557 4351 quorum
591 4297 647 4335 se
676 4289 920 4349 posteros
953 4295 1015 4334 ac
1046 4280 1288 4335 sobolem
1318 4280 1444 4347 frui,
1472 4297 1632 4349 quam
1664 4283 1899 4353 legitime

330 4375 664 4437 crevissent,
695 4372 1010 4427 haereditate
1042 4388 1106 4426 ac
1140 4374 1467 4442 patrimonio
1500 4374 1746 4437 virtutis,
1780 4377 1900 4443 quis

331 4481 435 4520 non
483 4467 571 4521 fas
619 4473 675 4519 et
713 4479 927 4534 aequum
972 4479 1091 4518 esse
1141 4463 1405 4518 fateatur?
1449 4462 1586 4521 Vere
1634 4466 1896 4535 siquidem

1993 3272 2366 3331 offenderunt,
2426 3269 2499 3322 ita
2561 3275 2619 3321 ut
2676 3266 2863 3336 prtelio
2923 3266 3159 3323 infausto
3218 3271 3377 3323 ambo
3434 3271 3577 3339 capti

1996 3363 2229 3419 hostium
2253 3359 2496 3415 custodia
2521 3358 2917 3422 detinerentur,
2940 3358 3119 3429 inqua
3147 3376 3372 3429 magnus
3389 3360 3577 3414 dome-

1994 3456 2162 3510 sticus
2188 3463 2243 3507 et
2278 3461 2544 3505 mortuus.
2577 3448 2750 3520 Hujus
2780 3464 2970 3505 socrus
3005 3449 3224 3520 Eulogia
3260 3466 3381 3505 cum
3412 3451 3571 3505 istum

1996 3543 2243 3598 nuntium
2291 3540 2475 3595 dolore
2527 3553 2625 3593 suo
2682 3539 2919 3594 maximo
2967 3539 3207 3594 auditum
3264 3540 3579 3611 imperatori

2001 3634 2254 3694 referret,
2283 3630 2560 3701 proditum
2600 3630 2667 3685 ab
2697 3630 2841 3686 sacri
2877 3631 3107 3685 cubiculi
3141 3630 3394 3700 praefecto
3421 3647 3578 3687 suum

1962 3737 2253 3794 .generum
2297 3731 2488 3791 questa
2529 3730 2632 3786 est,
2671 3735 2926 3775 asserens
2965 3722 3227 3777 volentem
3268 3722 3578 3778 Macrenum

2000 3815 2137 3870 bello
2178 3816 2376 3869 victum
2419 3814 2698 3877 luisse,et
2740 3828 2807 3867 es
2849 3815 3147 3883 compesito
3192 3815 3468 3871 inductum
3512 3818 3580 3872 ah

2000 3906 2119 3975 ipso
2162 3905 2215 3958 in
2260 3904 2503 3974 proviSas
2548 3904 2775 3958 insidias
2815 3920 3066 3975 magnum
3105 3907 3481 3964 domesticum.
3515 3908 3580 3963 Et

2000 4013 2187 4053 revera
2216 3998 2462 4066 quaedam
2493 3996 2835 4065 increbuerat
2860 4012 2965 4051 non
2998 4013 3219 4066 prorsus
3248 4000 3578 4057 inverisimi-

2002 4090 2067 4144 lis
2120 4090 2239 4142 talis
2273 4088 2509 4158 perfidia:
2539 4088 2743 4157 opinio,
2775 4088 2960 4142 multis
2993 4104 3058 4143 ex
3094 4091 3400 4161 suspicione
3439 4094 3584 4148 affir-

2005 4180 2278 4234 mantibus
2321 4182 2499 4248 egisse
2541 4180 2679 4233 clam
2724 4190 2777 4233 et
2815 4183 3133 4236 COIIVGIIlSre
3177 4200 3296 4237 cum
3342 4186 3583 4256 principe

2004 4274 2339 4336 Macrenum,
2368 4275 2635 4342 promissa
2668 4276 2792 4329 huic
2820 4274 2884 4327 ab
2919 4275 3007 4328 illo
3036 4274 3302 4331 Theodori
3331 4278 3582 4336 Lascaris

2004 4366 2351 4435 imperatoris
2396 4367 2582 4435 nuperi
2634 4367 2741 4419 lilia
2784 4383 2800 4423 :
2850 4368 2963 4422 haec
3002 4370 3141 4422 enim
3190 4369 3261 4423 ibi
3306 4382 3492 4441 ιιιιριει,
3527 4383 3585 4428 ιιι

2005 4458 2273 4525 diximus,
2304 4458 2418 4511 viro
2446 4458 2642 4513 deinde
2677 4467 2894 4514 mortuo
2928 4462 3064 4530 apud
3099 4463 3392 4532 principem
3426 4466 3581 4522 vidua

328 4559 532 4612 dictum
582 4554 711 4609 illud
762 4552 927 4619 ferri,
977 4552 1110 4607 nihil
1160 4552 1472 4623 cujusquam
1521 4554 1727 4610 meliori
1778 4556 1899 4622 jure
1929 4548 1980 4607 D
2010 4553 2301 4620 perstabat.
2324 4551 2629 4607 Pollicitum
2657 4564 2836 4607 autem
2869 4555 2958 4608 tali
2991 4557 3240 4611 mercede
3269 4557 3578 4614 Macrenum

329 4649 604 4716 proprium
648 4646 855 4701 censeri
890 4660 1048 4714 quam
1091 4646 1232 4713 quod
1275 4656 1527 4716 satagens
1569 4648 1798 4717 quisque
1837 4663 1899 4702 ac

331 4740 647 4808 periclitans
680 4753 839 4790 manu
877 4736 980 4792 sibi
1015 4751 1075 4789 ac
1106 4734 1276 4791 Marte
1308 4738 1601 4805 qumsierit.
1632 4737 1776 4793 Inter
1803 4739 1901 4794 has

332 4830 589 4897 utrinque
622 4826 673 4879 in
706 4826 922 4895 longmn
952 4826 1301 4893 procedentes
1327 4842 1420 4881 sua
1446 4827 1565 4896 jura
1590 4827 1717 4882 hinc
1740 4838 1901 4899 atque

334 4920 458 4974 inde
506 4919 854 4988 alleganlium
902 4916 1283 4972 altercationes
1331 4918 1498 4987 copiae
1540 4916 1766 4972 Joannis
1804 4920 1898 4973 de-

336 5020 504 5073 spotae
534 5010 699 5062 ductu
730 5008 1023 5061 militantes
1057 5016 1267 5075 tempus
1297 5022 1411 5061 rem
1447 5007 1664 5073 gerendi
1700 5010 1903 5065 contri-

341 5107 553 5150 verunt.
586 5098 653 5149 At
689 5097 1091 5150 sebastocrator
1120 5094 1541 5148 Monembasiam
1579 5108 1633 5149 et
1667 5097 1901 5151 circum-

340 5190 513 5254 posita
548 5188 803 5242 obsidens
840 5186 956 5240 loca
993 5185 1232 5253 quotidie
1265 5200 1386 5239 cum
1422 5185 1663 5255 principe
1697 5202 1903 5256 pugna-

340 5278 427 5329 bat
460 5295 473 5329 :
504 5293 605 5330 non
641 5276 782 5330 enim
816 5291 876 5330 ea
912 5290 1068 5344 quam
1106 5274 1330 5330 Romani
1362 5276 1474 5346 jam
1510 5291 1905 5346 occupaverant

341 5365 694 5433 Peloponnesi
738 5377 888 5437 parte
931 5374 1235 5426 contentus.
1269 5368 1572 5422 universam
1615 5368 1905 5441 subjugare

340 5460 648 5524 allectabat,
684 5461 748 5513 ad
788 5460 842 5512 id
879 5458 979 5529 ipsi
1015 5474 1114 5527 pro
1152 5458 1291 5511 virili
1328 5459 1746 5529 cooperantibus
1769 5477 1903 5533 quos

337 5555 440 5607 sub
494 5570 551 5607 se
603 5555 837 5608 habebat
889 5556 1093 5618 duces,
1145 5551 1296 5606 Phile
1352 5554 1653 5622 praesertim
1711 5570 1904 5626 magno

342 5645 631 5699 domestico
662 5655 713 5698 et
740 5644 991 5700 Macreno
1024 5645 1164 5698 sacri
1195 5644 1427 5699 cubiculi
1460 5644 1734 5709 praafecto.

346 5732 427 5787 Π.
463 5734 534 5787 De
554 5733 760 5789 Joanne
792 5734 1042 5788 Macreno
1099 5735 1323 5804 Augusti
1354 5736 1578 5788 cubiculi
1628 5739 1899 5807 praefecto.

410 5822 464 5878 In
493 5826 577 5884 his
607 5828 748 5883 sacri
781 5828 1018 5882 cubiculi
1056 5827 1293 5897 pra'fi-cti
1332 5828 1602 5899 praecipua
1641 5841 1756 5885 erat
1790 5832 1904 5904 glo-

688 5929 955 5987 PA'I‘IiOL.
999 5929 1115 5987 Gn.
1144 5926 1388 5988 CXLIII

2006 4644 2219 4698 aiebant
2264 4644 2588 4698 traditurum
2641 4659 2762 4699 sese
2810 4646 3037 4716 principi
3087 4662 3206 4711 qua:
3251 4647 3475 4703 Romani
3527 4653 3581 4705 in

2006 4734 2378 4804 Peloponneso
2411 4744 2701 4803 ceperant,
2728 4745 2782 4788 et
2815 4736 3127 4805 imperatori
3161 4749 3416 4808 quantum
3455 4756 3581 4809 pos-

2004 4839 2086 4883 εηι
2112 4827 2459 4881 obstiturnm.
2487 4826 2607 4881 llznc
2634 4826 2854 4893 Eulogia
2880 4826 3033 4882 fratri
3062 4830 3245 4885 dicens
3269 4834 3579 4888 verisimilia

2007 4919 2153 4987 loqui
2187 4920 2296 4971 visa
2331 4928 2435 4982 est,
2463 4932 2526 4972 eo
2558 4919 2697 4987 quod
2728 4918 3044 4987 jamdudum
3081 4921 3203 4975 talia
3236 4923 3300 4977 de
3335 4923 3582 4979 Macreno

2008 5010 2304 5077 imperator
2353 5011 2611 5063 audisset.
2667 5011 2949 5065 Addebant
3006 5023 3183 5067 autem
3247 5017 3581 5073 aceusatioizi

2007 5102 2163 5154 fidem
2194 5100 2351 5155 fortia
2374 5101 2471 5153 viri
2504 5101 2663 5167 facta,
2686 5116 2750 5156 ex
2779 5104 2976 5171 quibus
3006 5105 3263 5160 credibile
3288 5113 3582 5176 apparebat

2007 5200 2257 5246 conatum
2306 5189 2477 5245 fuisse
2529 5192 2829 5261 principem
2878 5193 3107 5248 delinire
3155 5204 3264 5249 tam
3317 5199 3577 5270 inclytum

2010 5283 2151 5338 bello
2182 5284 2375 5336 ducem
2405 5293 2460 5336 et
2489 5283 2546 5336 in
2578 5297 2705 5336 suas
2735 5299 2856 5336 eum
2888 5296 3067 5354 partes
3102 5288 3395 5343 attrahere.
3427 5292 3580 5357 Quod

2006 5389 2171 5444 porro
2208 5373 2501 5429 addebatur
2533 5373 2601 5427 dc
2633 5375 2862 5444 conjuge
2900 5377 2999 5445 ipsi
3035 5379 3301 5434 destinata
3337 5382 3439 5436 ﬁlia
3478 5385 3580 5437 im-

2009 5468 2277 5537 peratoris
2305 5464 2600 5528 Theodori,
2632 5465 2683 5519 id
2714 5474 2769 5520 et
2794 5465 3220 5525 efﬁcacissimum
3253 5471 3579 5531 incentivum

2006 5558 2221 5628 quidvis
2267 5557 2500 5611 audendi
2549 5555 2799 5611 Macreno
2844 5560 3084 5614 futurum
3126 5564 3365 5630 videbat,
3398 5567 3581 5637 utique

2006 5664 2214 5705 summe
2248 5649 2566 5717 expetibiles
2601 5650 2736 5705 tales
2766 5651 2984 5719 nuptias
3014 5652 3111 5707 sibi
3150 5658 3419 5710 creditore
3456 5674 3582 5728 pro-

2007 5743 2126 5812 pte’r
2160 5742 2468 5795 aliinitatem
2504 5757 2664 5810 quam
2702 5758 2795 5813 per
2828 5757 2920 5799 eas
2961 5760 3082 5797 cum
3131 5747 3379 5800 maximis
3421 5750 3581 5804 iniret

2011 5829 2280 5888 domibus.
2311 5829 2376 5884 Et
2405 5830 2532 5899 quia
2569 5831 2708 5887 idem
2743 5832 3146 5887 matrimonium
3182 5834 3577 5898 periculus-issi-

3118 5933 3186 5991 .‘Zl
