3926 6514
375 417 476 481 653

1319 417 1432 477 'DE
1473 414 1864 476 MlCHAE—LE
1905 415 2362 476 PALAEOLOGO
2403 420 2549 482 LlB.
2605 422 2717 483 ΙΙΙ.

3502 432 3608 495 654

367 526 553 582 τεῦοεν
584 525 652 579 τὰ
683 526 852 580 πάντα
888 543 900 556 .
930 525 978 578 εί
1005 522 1050 577 δ’
1075 523 1175 578 οὐκ
1212 521 1317 578 εἶδε
1360 526 1451 578 τὸν
1477 526 1662 592 τόπον,
1695 525 1932 578 κελεύων
1959 533 2004 588 Α
2034 528 2190 595 δίκην
2217 528 2532 596 ἀποθέσθαι,
2572 532 2664 586 ὑπ’
2694 534 3000 606 ἀμηχανίας
3051 540 3140 594 ἐπὶ
3176 542 3398 610 μεσίτας
3441 550 3604 602 πνεύο

366 619 687 689 διαγράφειν
716 618 840 682 τοὺς
882 617 1090 680 εἰδότας
1114 615 1272 678 αὐτὸς
1304 617 1528 671 καθίστα
1559 615 1928 686 προστάττων,

365 710 457 765 καὶ
475 704 544 780 ἦν
569 708 921 778 ὲπηρτημένη
959 706 1141 777 κρίσις
1184 706 1260 776 τῷ
1287 707 1737 778 παρακούσαντι),
1772 707 1932 770 αὐτὸς

359 800 538 853 τοίνυν
581 799 814 868 πέμπων
860 800 958 862 τὰς
1012 800 1269 869 δυνάμεις
1314 799 1392 867 τῷ
1436 801 1556 852 τότε
1609 801 1776 868 συχνὰ
1827 799 1932 851 τῶν

361 894 478 945 ἐκεῖ
504 892 596 944 ὑπ’
638 891 787 960 αύτῷ
821 892 1015 956 ἐποίει,
1065 892 1158 943 καὶ
1192 890 1447 960 ἡλίσκετο
1497 891 1594 960 μὲν
1639 889 1935 943 Φιλιππού-

363 981 538 1046 πόλις,
578 983 862 1052 ἐκρατεῖτο
892 981 950 1035 δὲ
993 981 1324 1052 Σθενίμαχον
1356 982 1632 1052 φρούριον,
1664 985 1757 1036 καὶ
1785 981 1932 1045 ἅπας

359 1071 390 1122 ὁ
417 1071 523 1135 ἔξω
551 1072 645 1125 τοῦ
675 1071 849 1143 Αἴμου
883 1070 1048 1140 ζυγὸς
1096 1072 1502 1141 συγκατείχετο.
1546 1071 1717 1126 Ἑάλω
1752 1073 1807 1124 δὲ
1837 1071 1930 1125 τοῦ

357 1165 587 1236 Μυλτζῆ
642 1166 895 1228 διδόντος,
941 1166 1016 1230 ὡς
1065 1164 1407 1235 λεχθήσεται,
1443 1165 1534 1217 καὶ
1577 1163 1931 1232 Μεσέμϐρεια

359 1253 576 1326 μεγάλη
605 1255 778 1319 πόλις,
806 1254 901 1309 καὶ
925 1254 1213 1327 ’Δγχίαλος
1237 1255 1608 1325 συνηλίσκετο.
1639 1255 1745 1308 Καί
1775 1271 1838 1322 γε
1863 1254 1932 1306 τά

357 1345 520 1416 πέριξ
573 1347 827 1415 ἐκείνων,
882 1346 1030 1412 ἅπαξ
1079 1349 1392 1419 γευσάμενα
1448 1348 1547 1418 τῆς
1601 1348 1925 1417 μεταϐολῆς,

353 1439 589 1510 ἠγάπων
614 1440 717 1492 ὑπὸ
753 1440 960 1510 βασιλεῖ
992 1439 1355 1511 διοικούμενα.
1387 1439 1452 1514 [Ρ
1479 1439 1604 1512 Ml]
1638 1441 1929 1493 Κωνστανο

350 1531 488 1602 τίνῳ
512 1531 570 1583 δέ
598 1532 685 1586 διά
713 1531 884 1584 ταῦτα
905 1531 1161 1600 ἔκπληξις
1195 1532 1477 1602 ἐμπίπτει,
1506 1533 1596 1584 καὶ
1628 1531 1930 1602 ἀμύνεσθαι

353 1622 455 1691 μὲν
483 1623 584 1674 οὐκ
614 1619 727 1692 εἶχε
759 1623 819 1675 τὸ
861 1624 1132 1693 τηνικάδε,
1170 1625 1319 1692 ὅμως
1355 1623 1399 1676 δ’
1422 1623 1658 1676 ἐνεκότει
1689 1626 1799 1687 τοῖς
1829 1641 1929 1675 πε·

350 1715 714 1784 πραγμένοις,
747 1715 841 1768 καὶ
867 1718 1053 1786 καιρὸν
1077 1715 1278 1787 ἐζήτει,
1325 1716 1383 1768 ὃν
1411 1717 1475 1786 δὴ
1520 1715 1614 1768 καὶ
1653 1716 1760 1767 τῶν
1791 1731 1930 1785 πρα-

349 1805 582 1874 γμάτων
610 1805 786 1876 ψυχήν
813 1803 1080 1876 λέγουσιν,
1114 1807 1278 1872 ἀξίως
1309 1808 1653 1877 ἀμυνεῖσθαι.

347 1963 441 2019 ιθ’.
480 1966 673 2031 Ὅπως
705 1970 1116 2038 ὑπερχόμενος
1138 1973 1172 2024 ό
1188 1971 1492 2036 ,βασιλεὺς
1516 1970 1626 2022 τὸν
1651 1970 1926 2039 πατριάρ-

457 2092 460 2095 .
532 2055 654 2105 κην
673 2040 790 2106 τὴν
824 2041 931 2093 τοῦ
956 2040 1296 2110 ἀρορισμοῦ
1325 2041 1514 2095 λύσιν
1536 2039 1745 2107 ἐζήτει.

423 2171 518 2242 Τῷ
569 2175 750 2242 μέντοι
806 2190 869 2242 γε
911 2174 1122 2244 βασιλεῖ
1171 2175 1264 2228 καὶ
1322 2176 1494 2230 ταῦτα
1553 2175 1845 2247 πράττοντι
1876 2178 1925 2230 οί

347 2265 609 2335 λογισμοὶ
641 2267 910 2338 ὁσημέραι
941 2268 1376 2337 διεταράσσοντο.
1421 2269 1496 2321 Οὐ
1545 2269 1656 2338 γὰρ
1699 2271 1926 2340 ἠρεμεῖν

346 2358 563 2410 ἐκεῖνον
599 2359 686 2412 εἴα
714 2359 952 2422 συνειδός
979 2377 994 2391 ο
1043 2359 1102 2412 τὸ
1129 2360 1236 2429 γάρ
1272 2360 1530 2422 τοιούτοις
1558 2361 1772 2429 δεσμοῖς
1807 2378 1927 2414 συν-

344 2447 598 2502 δεδέσθαι
643 2450 732 2503 ῐσα
760 2451 854 2503 καὶ
883 2451 942 2503 τὸ
990 2452 1153 2521 μηδὲν
1183 2447 1322 2504 εἶναι
1356 2452 1538 2507 ἐτίθει.
1588 2452 1676 2522 Τῷ
1721 2470 1802 2505 τοι
1832 2453 1926 2505 καὶ

347 2542 492 2610 μήτε
525 2540 690 2594 τόπον
729 2541 1024 2608 ἀπολογίας
1068 2544 1206 2612 ἔχων
1259 2545 1382 2614 μήτ’
1422 2545 1659 2596 ἐπίνοιαν
1696 2543 1788 2598 τοῦ
1827 2545 1926 2615 τήν

351 2726 626 2771 tueretur.
661 2718 859 2785 Quodsi
903 2718 1078 2774 locum
1122 2721 1173 2774 in
1213 2735 1318 2788 quo
1357 2721 1543 2775 bellari
1579 2722 1926 2793 contingebat

348 2827 634 2881 nunquam
682 2825 920 2879 praesens
965 2821 1290 2882 spectasset,
1334 2814 1756 2884 descriptionem
1804 2816 1925 2886 ejus

345 2907 402 2961 in
459 2904 638 2958 talmla
688 2905 966 2972 ﬁguratam
1019 2904 1086 2957 ab
1128 2904 1235 2958 illic
1285 2908 1516 2961 versatis
1562 2908 1769 2964 habens
1817 2925 1926 2978 pne

347 2996 563 3056 oculis,
604 2995 811 3050 minute
856 2995 1038 3049 omnia
1092 2997 1382 3050 mandabat
1428 3013 1762 3069 quaecunque
1809 3005 1922 3073 geri

345 3090 551 3156 agique
586 3102 617 3142 e
652 3102 710 3141 re
743 3087 914 3153 foret;
951 3096 1006 3140 et
1039 3088 1317 3142 sanciebat
1349 3089 1685 3159 disciplinam
1728 3105 1924 3160 metus,

2039 635 2166 688 ματι
2201 619 2406 683 ζῶντας
2440 623 2533 675 καὶ
2585 625 2832 695 συνήθεις
2871 626 2948 698 τῷ
2978 633 3284 706 πατριάρχῃ
3321 636 3603 706 ἐτρέπετο,

2034 712 2126 764 καὶ
2176 714 2547 783 κατηντιϐόλει
2600 715 2814 786 θερμῶς
2862 720 2955 774 τοῦ
3026 722 3226 793 δεσμοῦ
3275 727 3366 780 τὸν
3420 731 3605 803 ἱκέτην

2034 800 2261 867 ἀνεῖναι,
2291 803 2384 853 καὶ
2418 807 2783 872 μετεγνωκότι
2807 807 2903 878 τήν
2938 809 3233 880 θεραπείαν
3262 816 3510 886 ἐπάγειν,
3537 823 3605 892 ἢν

2035 892 2238 952 ἐκεῖνος
2277 892 2567 961 βούλεται·
2606 893 2744 951 εἶναι
2792 900 2900 970 γάρ
2944 901 3162 970 ἕτοιμον
3207 909 3466 975 πράττειν
3495 913 3522 963 ὅ
3553 930 3605 965 τι

2033 985 2384 1050 προστάσσοι,
2419 989 2479 1036 τὸ
2534 987 2717 1055 μέντοι
2764 1006 2826 1055 γε
2876 993 3096 1058 γεγονὸς
3142 999 3401 1067 ἀποίητον
3431 1001 3602 1054 θεῖναι

2035 1073 2111 1144 μή
2140 1075 2364 1128 δυνατὸν
2389 1077 2524 1141 ὅλως
2561 1075 2718 1134 εἶναι.
2766 1084 2828 1135 Ol
2860 1083 2914 1136 δὲ
2943 1086 3092 1154 παρὰ
3137 1089 3226 1142 τὸν
3260 1093 3606 1166 πατριάρχην

2033 1165 2312 1235 ἐρχόμενοι
2366 1169 2706 1238 ἀπήγγελλον
2762 1174 2861 1243 μὲν
2900 1177 2994 1230 καὶ
3047 1180 3114 1233 τά
3168 1181 3262 1234 τοῦ
3315 1165 3602 1254 βασιλέως,

2032 1258 2126 1309 καὶ
2151 1257 2245 1325 ἀφ’
2279 1259 2458 1313 αὐτῶν
2509 1262 2569 1314 δὲ
2604 1265 2830 1320 πλεῖστα
2880 1271 3233 1337 προσετίθουν
3284 1275 3362 1344 τῷ
3395 1277 3608 1346 βασιλεῖ

2031 1347 2402 1418 χαριζόμενοι.
2461 1352 2519 1405 Ὀ
2555 1353 2600 1406 δ’
2635 1355 2922 1429 ὑπερεώρα
2973 1362 3070 1432 τήν
3125 1363 3309 1432 δέησιν
3364 1369 3456 1421 καὶ
3495 1369 3604 1422 οὐδ’

2031 1438 2167 1502 ὅλως
2206 1443 2483 1512 προσεῖχε.
2519 1445 2856 1518 Περιστερὰν
2891 1453 2998 1522 γάρ
3034 1454 3214 1524 βαλεῖν
3241 1458 3320 1519 είς
3348 1461 3440 1512 τὸν
3483 1462 3606 1515 κόλ-

2031 1545 2131 1582 πον
2161 1529 2287 1601 έφη,
2329 1535 2593 1606 κάκείνην
2625 1545 3232 1612 μετασχηματισθεϊσαν
3262 1551 3342 1612 εἰς
3366 1550 3488 1619 ὅφιν
3511 1553 3606 1624 δή-

2034 1622 2121 1686 ξαι
2145 1623 2281 1692 πρὸς
2311 1623 2539 1680 θάνατον
2567 1643 2582 1657 ·
2619 1631 2884 1701 ὑπεδήλου
2915 1634 2970 1688 δὲ
3001 1637 3069 1687 δι’
3095 1640 3295 1708 ἀμφοῖν
3319 1642 3427 1694 τῶν
3447 1622 3604 1697 ἐναν-

2030 1715 2306 1768 τιωτάτων
2334 1715 2488 1779 ζώων
2509 1719 2600 1771 τὸν
2625 1721 2787 1774 αὐτὸν
2817 1723 3039 1792 βασιλέα
3073 1733 3164 1782 καὶ
3197 1731 3311 1796 ἒνα,
3331 1734 3390 1786 ού
3417 1734 3603 1804 φύσιν,

2030 1805 2167 1859 ἀλλὰ
2193 1807 2419 1878 γνώμην
2447 1811 2596 1877 σφίσι
2625 1795 3115 1886 παρεικαζόμενον.
3159 1824 3266 1876 Καὶ
3300 1795 3472 1880 ταῦτα
3503 1795 3606 1898 μὲν

2027 1898 2056 1950 ὁ
2085 1899 2431 1970 πατριάρχης
2466 1904 2558 1954 καὶ
2607 1905 2777 1959 πλείω
2822 1909 3054 1978 τούτων,
3085 1917 3178 1966 καὶ
3217 1917 3294 1980 ὡς
3322 1920 3434 1972 οὐδ’
3463 1922 3530 1974 ἂν
3556 1923 3610 1976 ετ

2026 2006 2078 2042 τι
2130 1993 2227 2044 καὶ
2279 1994 2486 2059 γένοιτο
2523 1996 2615 2049 τδν
2646 1997 2947 2070 ἀφορισμὸν
3001 2003 3200 2071 λύσειε,
3243 2009 3346 2063 κᾶν
3396 2031 3606 2085 προσαυ

2030 2083 2184 2154 πειλῇ
2223 2085 2293 2138 τά
2333 2088 2500 2153 κακὰ,
2560 2090 2661 2144 κᾶν
2699 2093 2861 2146 αὐτὸν
2912 2095 3160 2154 θάνατον.
3215 2105 3277 2155 Οί
3315 2104 3358 2156 δ’
3412 2107 3600 2162 ὑπονο-

2031 2173 2280 2237 στούντες
2303 2180 2396 2231 καὶ
2435 2179 2502 2230 τὰ
2533 2181 2625 2233 τοῦ
2667 2188 3003 2257 πατριάρχου
3040 2190 3324 2259 δηλοῦντες
3343 2196 3433 2258 είς
3459 2199 3606 2268 ἀμη-

2028 2266 2216 2332 χανίαν
2272 2268 2528 2340 πλείστην
2587 2273 2837 2328 ἐνέϐαλον
2883 2280 2974 2331 τὸν
3019 2282 3346 2350 κρατοῦντα.
3379 2266 3599 2354 Καὶγὸς,

2027 2358 2217 2427 ἐπειδὴ
2264 2362 2357 2411 καὶ
2390 2363 2449 2414 τὸ
2477 2364 2903 2435 αὐτοπρόσωπον
2941 2373 3354 2444 ἀντιφάρμακον
3383 2379 3602 2448 λέγουσι

2030 2449 2210 2517 (τοῦτο
2243 2449 2523 2523 γὰρ.εῐναι
2579 2463 2699 2522 ταῖς
2754 2462 3032 2527 ὑπονοίαις
3089 2473 3180 2520 καὶ
3228 2471 3325 2540 τὴν
3365 2473 3601 2544 Γοργὼ),

2028 2541 2190 2606 αὐτὸς
2241 2545 2384 2613 ἔγνω
2449 2551 2887 2622 προσερχόμενος
2942 2558 3295 2630 ἐντυγχάνειν
3353 2541 3450 2619 καί
3505 2541 3605 2641 τήν

1997 2725 2254 2780 «multum
2309 2726 2433 2783 licet
2483 2731 2756 2800 cogitans,
2801 2737 3137 2792 comminisci
3187 2751 3398 2810 posset,
3449 2745 3602 2816 inops

2027 2817 2375 2885 expeditior-is
2419 2823 2628 2877 consilii
2683 2826 2842 2880 vertit
2887 2842 3009 2882 sese
3054 2830 3120 2883 ad
3171 2831 3488 2902 interpretes
3538 2854 3604 2895 ac

2027 2912 2408 2969 conciliatorcs
2444 2917 2594 2983 pacis
2629 2931 2726 2987 pro
2761 2933 2820 2973 se
2855 2922 2920 2972 ad
2957 2924 3324 2988 patriarcham
3369 2930 3601 3000 allegan-

2028 3000 2148 3054 dos.
2177 3002 2345 3068 Quam
2381 3007 2445 3058 ad
2477 3020 2589 3059 rem
2622 3016 2768 3062 ratus
2799 3010 3017 3065 idoneos
3040 3029 3148 3082 quo
3162 3017 3301 3070 sdam
3333 3020 3449 3074 vitae
3477 3039 3602 3076 san-

2026 3093 2214 3150 ctioris
2256 3095 2624 3164 professores,
2657 3101 2906 3158 assiduos
2942 3114 2996 3159 et
3038 3106 3331 3165 familiares
3375 3114 3603 3178 patriar-

342 3194 505 3236 eerto
564 3181 908 3250 impendente
971 3195 1074 3234 non
1133 3182 1629 3250 obtemperantibus
1687 3190 1923 3255 periculo
1948 3200 1991 3264 ρ
2026 3186 2162 3250 elue,
2188 3201 2283 3253 per
2311 3188 2407 3245 hos
2438 3204 2624 3257 preces
2652 3207 2780 3248 suas
2810 3195 2876 3247 ad
2907 3191 3068 3251 illum'
3089 3200 3297 3264 detulit,
3323 3203 3603 3260 vehemeno

337 3273 568 3342 judieii,
612 3273 874 3342 supplicio
924 3287 1046 3326 mox
1093 3273 1488 3328 damnationem
1541 3291 1818 3336 secuturo.
1861 3281 1914 3335 lu

343 3364 496 3418 hunc
544 3364 759 3416 modum
801 3364 984 3416 missis
1030 3375 1153 3417 tunc
1195 3367 1362 3433 copiis
1403 3368 1660 3438 pleraque
1705 3372 1915 3427 illorum

346 3467 626 3508 tractuum
660 3456 763 3510 sibi
795 3455 1042 3521 subjecit.
1067 3453 1196 3507 Nam
1226 3469 1378 3525 capta
1406 3470 1489 3512 est
1516 3461 1915 3531 PhilippOpolis,

342 3558 669 3614 occupatum
706 3545 1108 3600 Stenimachum
1153 3549 1460 3614 castellum,
1485 3550 1668 3618 jugutn
1706 3553 1920 3606 univer-

342 3652 468 3690 sum
501 3647 652 3690 extra
684 3639 925 3692 Haemum
956 3639 1213 3694 Romamn
1245 3640 1558 3709 adiunctum
1591 3643 1781 3697 ditioni
1812 3655 1916 3700 est.

345 3727 587 3797 Recepta
633 3729 790 3799 211
830 3740 914 3785 est
947 3731 1174 3802 Myltza,
1205 3741 1262 3785 ut
1294 3733 1519 3796 dicetur,
1550 3733 1775 3789 dedente
1812 3734 1922 3790 Me-

345 3822 600 3875 sembrea
621 3861 636 3884 ,
667 3837 857 3890 magna
895 3825 1116 3888 civitas,
1147 3839 1265 3877 cum
1304 3840 1409 3893 qua
1445 3835 1498 3879 et
1527 3827 1820 3881 Anchialos
1862 3827 1917 3881 in

346 3924 678 3983 potestatem
713 3923 1018 3968 nostrorum
1051 3917 1217 3970 venit.
1248 3915 1414 3969 Porro
1444 3933 1562 3986 quae
1590 3919 1794 3972 circum
1823 3918 1919 3974 has

347 4010 522 4059 urbes
559 4008 753 4075 oppida
795 4011 1022 4076 pagiqne
1059 4018 1235 4076 erant,
1271 4019 1425 4076 gustu
1464 4009 1630 4063 semel
1670 4010 1924 4064 mutatio-

347 4100 439 4149 nis
467 4109 689 4166 accepto
717 4101 974 4152 malentes
1004 4101 1309 4166 imperatori
1340 4101 1585 4164 subesse,
1613 4103 1858 4155 certatim
1890 4119 1918 4156 a

350 4190 586 4258 Bulgaro
617 4189 958 4244 deﬁciebant.
995 4190 1226 4245 Urebant
1260 4191 1368 4244 hare
1402 4193 1586 4245 intime
1615 4192 1920 4247 COustauti-

348 4298 480 4336 num
514 4283 770 4348 imparem
799 4291 924 4335 tunc
950 4282 1244 4338 resistendo
1267 4293 1316 4337 et
1343 4283 1570 4352 iacturis
1596 4299 1657 4337 ac
1682 4285 1922 4339 cladibus

350 4375 516 4428 toties
547 4375 797 4442 repetitis
829 4376 1138 4428 attonitum.
1169 4374 1405 4446 Ringcns
1436 4391 1564 4444 ergo
1595 4392 1657 4430 ac
1689 4381 1920 4431 fremens

348 4469 504 4537 (nam
545 4466 688 4519 aliud
729 4467 782 4519 in
823 4468 1105 4532 praesentia
1146 4485 1248 4520 non
1289 4467 1517 4535 poterat)
1554 4469 1918 4536 exspectabat,

2022 3287 2104 3330 trr
2150 3293 2313 3334 orans
2365 3289 2422 3334 ut
2460 3296 2520 3335 se
2565 3284 2860 3352 supplicem
2905 3290 3044 3343 nodo
3089 3307 3194 3361 quo
3233 3296 3601 3364 stringebatur

2021 3367 2294 3434 solveret,
2326 3386 2389 3424 ac
2439 3374 2721 3442 prenitenti
2769 3377 3198 3438 satisfactionem
3241 3399 3402 3454 quam
3429 3387 3603 3444 ‘veliet

2022 3461 2316 3529 imperaret
2385 3482 2398 3518 :
2467 3481 2526 3519 se
2589 3469 2790 3539 quippe
2853 3483 3157 3543 promptum
3225 3491 3468 3543 paratum
3530 3484 3598 3537 ad

2021 3555 2424 3620 exsequendum
2461 3559 2821 3629 quodcunque
2865 3567 3203 3632 praeciperet.
3241 3568 3354 3626 Hoc
3395 3583 3600 3629 restare

2022 3660 2187 3699 unum
2236 3663 2252 3702 :
2299 3664 2419 3701 nam
2462 3650 2604 3716 quod
2642 3653 2842 3708 factum
2881 3657 2952 3711 sit
2988 3659 3244 3714 inlectum
3289 3665 3434 3716 reddi
3482 3678 3599 3722 arte

2023 3745 2119 3790 aut
2167 3748 2363 3792 conatu
2419 3741 2528 3794 ullo
2582 3759 2686 3798 non
2738 3759 2919 3812 posse.
2975 3747 3048 3801 Ea
3109 3751 3180 3804 illi
3235 3755 3596 3820 patriarcham

2020 3829 2280 3884 adeuntes
2322 3833 2542 3902 copiose
2587 3847 2947 3906 accurateque
2993 3839 3336 3910 imperatoris
3382 3850 3599 3903 nomine

2020 3938 2284 3996 egerunt,
2341 3931 2613 4000 multaque
2676 3932 3045 4003 adjunxerunt
3098 3942 3277 3992 studio
3337 3945 3595 4010 proprio,

2022 4033 2348 4087 magnopere
2411 4029 2723 4090 satagentes
2784 4027 3161 4092 persuadendo
3215 4043 3279 4085 ac
3337 4030 3598 4098 placando

2023 4111 2331 4177 patriarcha
2399 4115 2710 4181 imperatori
2773 4117 3096 4185 gratiﬁcari.
3158 4122 3226 4178 At
3291 4125 3598 4190 patriarcha

2026 4203 2151 4254 talia
2199 4213 2490 4272 precantes
2523 4207 2739 4274 repulit,
2772 4219 2826 4262 et
2861 4225 2928 4262 ne
2963 4213 3150 4266 audire
3185 4215 3400 4282 quidem
3437 4219 3601 4272 susti-

2025 4308 2159 4347 nens
2193 4295 2496 4349 columba-in
2535 4299 2697 4367 212
2733 4299 2869 4353 dixit
2903 4315 2960 4354 se
2996 4307 3045 4355 in
3084 4305 3259 4358 sinum
3295 4308 3597 4372 admisisse,

2022 4385 2167 4438 illam
2219 4398 2398 4440 autem
2451 4388 2522 4443 ibi
2574 4401 2834 4445 mutatam
2885 4393 2936 4446 in
2994 4409 3303 4464 serpentem
3359 4415 3597 4460 morsum

2023 4478 2124 4531 sibi
2161 4479 2368 4532 letalem
2406 4481 2674 4549 iulixiSSe,
2709 4499 2872 4538 unum
2910 4489 3268 4557 eamdemque
3303 4491 3596 4558 hominem,

346 4569 403 4612 et
432 4559 700 4612 inhianter
726 4560 979 4624 captabat
1003 4559 1224 4614 ultionis
1250 4562 1729 4628 opportunitatem,
1754 4575 1916 4628 quam
1950 4555 1993 4611 D
2025 4569 2272 4624 videlicet
2301 4571 2707 4641 imperatorem,
2735 4577 2946 4632 duabus
2977 4579 3095 4634 istis
3126 4584 3359 4636 maxime
3387 4595 3601 4639 contra-

347 4648 589 4700 animarn
640 4647 978 4717 negotiorum
1026 4649 1242 4716 quidam
1292 4665 1397 4702 non
1449 4649 1717 4703 immerito
1765 4649 1920 4704 dixe-

347 4745 495 4792 l‘tlnl.

380 4854 472 4908 19.
512 4851 578 4906 Ut
611 4855 919 4920 patriarcha
951 4865 1199 4934 convento
1258 4865 1307 4934 et
1358 4856 1660 4934 suppliciter
1701 4866 1887 4934 rogato

425 4927 714 4991 imperator
755 4927 1315 4980 excommunicationis
1344 4927 1726 4981 absolutionem
1757 4929 1918 4996 petie-

429 4995 520 5048 rit.

428 5105 552 5162 Hatc
582 5109 790 5175 agentis
821 5111 1164 5180 imperatoris
1192 5126 1320 5164 cura
1350 5112 1536 5178 ingens
1564 5115 1753 5182 agebat
1779 5114 1921 5168 fere-

355 5200 551 5268 batque
587 5203 761 5255 anxiis
796 5183 1206 5270 cogitationibus
1243 5204 1608 5272 perturbatum
1655 5205 1915 5260 animum.

352 5289 468 5345 Non
499 5292 640 5345 enim
674 5292 818 5347 illum
849 5295 1048 5363 quietis
1076 5303 1279 5362 partem
1307 5293 1466 5347 ullam
1495 5310 1687 5362 capere
1709 5297 1922 5352 sinebat

355 5398 564 5438 morsus
599 5385 819 5440 intimus
851 5385 1224 5449 conscientiae;
1262 5385 1502 5453 adeoque
1533 5385 1764 5440 fructum
1799 5387 1920 5440 nul-

355 5474 460 5527 lum
512 5477 795 5545 praesentis
842 5476 1118 5532 felicitatis
1171 5476 1470 5541 sentiebat,
1520 5477 1648 5530 dum
1703 5491 1763 5532 se
1815 5476 1917 5532 diri

353 5565 722 5623 anathematiS'
767 5569 1119 5624 constrictum
1173 5569 1404 5624 vinculis
1455 5570 1804 5638 meminerat,
1859 5581 1921 5628 ut

357 5659 446 5714 tali
483 5668 626 5714 statu
671 5675 792 5718 esse
833 5677 897 5718 ac
934 5663 1069 5718 nihil
1111 5677 1232 5719 esse
1273 5663 1423 5733 paria
1465 5671 1699 5733 putaret.
1735 5665 1920 5735 Itaque

354 5768 474 5807 cum
523 5769 619 5808 ne:
668 5756 1001 5824 probabilem
1051 5757 1210 5810 ullam
1258 5757 1502 5812 criminis
1547 5757 1916 5827 depulsionem

355 5860 452 5898 ucc
503 5848 640 5900 riam
692 5857 786 5902 ant
829 5852 1092 5905 rationem
1143 5849 1477 5906 excutiendae
1516 5850 1675 5920 justte
1723 5863 1916 5920 poenae,

2027 4661 2228 4715 riarum
2257 4664 2610 4720 animantium
2639 4669 2926 4739 designans
2957 4675 3238 4743 symbolis,
3262 4678 3326 4730 ad
3357 4677 3601 4732 iudican-

2025 4752 2152 4805 dum
2205 4771 2309 4808 non
2360 4769 2562 4811 naturae
2609 4760 2662 4813 in
2709 4761 2818 4827 illo,
2852 4765 2944 4817 sed
2993 4780 3204 4821 morum
3253 4772 3601 4837 mutationem

2026 4843 2248 4900 tactam.
2279 4845 2405 4900 Post
2443 4851 2556 4904 haec
2590 4863 2646 4905 et
2676 4854 2780 4906 alia
2815 4855 2867 4908 in
2902 4870 3022 4910 eam
3068 4861 3387 4915 sententiam
3434 4865 3598 4918 multa

2023 4932 2238 5003 intulit,
2288 4953 2353 4992 eo
2398 4942 2546 4994 vultu
2601 4959 2664 4995 ac
2718 4945 2909 5013 spiritu
2938 4947 3028 5012 qui
3087 4951 3218 5004 satis
3267 4954 3603 5008 declararent

2026 5043 2300 5096 nunquam
2355 5033 2558 5099 ipsum,
2596 5037 2854 5105 quidquid
2904 5039 3088 5107 fieret,
3126 5042 3484 5098 imlucendmn
3530 5050 3599 5102 ad

2022 5124 2602 5179 excomnmnicationis
2648 5127 3040 5185 absolutionem
3089 5133 3497 5204 indulgendam,
3532 5153 3599 5192 ne

2026 5211 2072 5264 si
2120 5213 2332 5280 quidem
2387 5217 2525 5270 mala
2579 5221 2866 5286 quantavis
2919 5223 3215 5292 imperator
3263 5240 3598 5297 mortemque

2025 5303 2196 5372 ipsam
2223 5306 2538 5363 minaretur.
2560 5311 2738 5375 Quare
2758 5313 3136 5382 deprecatores
3162 5323 3335 5374 maesti
3362 5324 3595 5392 repulsa,

2023 5409 2144 5464 quae
2182 5400 2466 5454 audierant
2501 5405 2810 5470 imperatori
2853 5408 3186 5472 referentes,
3223 5413 3276 5466 in
3322 5415 3600 5483 angustias

2023 5500 2146 5539 eum
2167 5497 2440 5557 astusque
2464 5492 2631 5545 multo
2657 5494 2888 5562 majores
2914 5497 3282 5565 coniecerunt.
3307 5501 3394 5554 ille
3417 5513 3598 5560 autem

2023 5591 2234 5632 memor
2274 5581 2507 5650 vulgaris
2550 5583 2680 5638 dicti
2729 5601 2838 5653 quo
2882 5587 3219 5657 signiﬁcatur
3265 5593 3369 5646 vim
3423 5595 3599 5650 inesse

2025 5667 2354 5736 praecipuam
2401 5675 2649 5738 praesenti
2683 5674 2840 5730 l'aciei
2878 5693 3062 5732 coram
3102 5680 3314 5736 atlantis
3347 5685 3599 5739 medendi

2023 5758 2410 5816 oﬂ‘ensionibus
2443 5774 2497 5818 et
2523 5767 2708 5833 gratiae
2733 5767 3070 5837 demetenda:
3099 5773 3176 5841 (id
3207 5775 3352 5828 enim
3391 5757 3600 5830 indica-

2028 5859 2137 5905 tutn
2197 5851 2440 5910 fabulosa
2496 5856 2776 5929 Gorgone,
2836 5863 2950 5919 oris
3004 5863 3220 5934 objectu
3277 5869 3598 5923 immutante
