3926 6564
319 415 440 476 15Βῦ

1558 412 1609 470 ³0
1619 412 1816 473 EORG
1832 411 1884 470 ll
1932 410 2411 471 PACIIYMEBB

3484 412 3579 476 626

334 527 491 580 λύσιν
522 522 1017 594 ἐξομολογούμενος
1053 523 1325 593 ἐκζητεῖν.
1363 521 1424 595 [Ρ
1465 522 1583 595 ME]
1623 523 1914 593 Ἑφίστατο
1943 523 1986 584 Α
2017 520 2187 593 ἀπρὶξ
2233 522 2342 576 τῶν
2390 498 2635 592 γονάτων
2683 521 2961 592 ἐχόμενον.
3028 519 3215 584 Οὖτως
3268 522 3303 592 ἡ
3349 522 3577 594 ἁμαρτία

330 617 516 670 τοίνυν
563 615 844 681 πολλάκις,
896 618 989 669 καὶ
1021 618 1049 669 6
1098 617 1196 686 μὲν
1240 617 1424 686 ἐζήτει
1471 616 1569 686 τὴν
1614 615 1913 684 θεραπείαν

331 708 426 762 τοῦ
446 706 778 778 τραύματος,
801 708 829 759 6
855 706 912 759 δὲ
928 705 996 759 τά
1027 705 1124 776 τῆς
1154 706 1448 775 θεραπείας
1468 706 1728 777 πράττειν
1748 722 1915 777 προσ-

334 799 548 863 έταττε,
612 796 754 867 πλὴν
805 797 906 850 οὐκ
961 795 1053 848 ἐπὶ
1113 798 1317 866 ῥητοῖς,
1353 798 1466 851 ἀλλ’
1511 797 1777 867 ἀορίστως
1819 795 1917 849 καὶ

332 890 573 956 ἀφανῶς,
627 888 740 942 Καὶ
792 890 820 942 6
859 888 958 958 μὲν
1012 889 1195 958 ῥητῶς
1251 888 1432 959 ἐζήτει
1484 888 1676 958 μαθεῖν
1729 888 1914 941 ὲπὶτδ

334 980 524 1051 ποιεῖν.
545 977 842 1048 προθύμως
867 978 894 1030 ὃ
916 994 969 1030 τι
996 980 1091 1031 καὶ
1116 977 1286 1046 λέγοι,
1314 980 1343 1031 6
1365 977 1422 1032 δὲ
1452 978 1549 1031 καὶ
1576 977 1739 1031 πάλιν
1765 977 1916 1048 ἀορι-

337 1071 568 1123 σταίνων
591 1070 766 1138 ἔλεγε,
801 1091 818 1121 ι
846 1069 998 1123 Ποίει
1021 1070 1119 1139 τὴν
1151 1069 1473 1139 θεραπείαν,
1513 1070 1606 1123 xal.
1630 1068 1907 1139 δέξομαι.»

344 1164 430 1226 Ὠς
470 1164 525 1216 δὲ
557 1163 820 1225 πολλάκις
856 1165 1061 1224 ἐκεῖνος
1097 1162 1198 1232 μὲν
1232 1161 1415 1233 ἐζήτει
1452 1162 1520 1215 τὰ
1556 1162 1851 1231 φάρμακα.
1885 1162 1914 1215 6

337 1255 393 1309 δὲ
426 1256 487 1308 ού
522 1255 772 1325 φανερῶς
800 1255 1008 1322 ἔλεγεν,
1037 1257 1210 1309 εἰπεῖν
1241 1256 1332 1309 τὸν
1365 1255 1609 1325 βασιλέα,
1644 1273 1663 1307 ι
1700 1257 1808 1309 Kal
1829 1256 1914 1320 τίς

331 1344 471 1400 οἶδεν
502 1351 550 1402 εί
588 1349 685 1401 καὶ
738 1346 910 1401 πλείω
958 1348 1216 1402 ποιοῦντα
1266 1350 1325 1403 ού
1370 1351 1656 1421 προσθήσῃ
1692 1346 1785 1402 τοῦ
1825 1348 1914 1403 δέ·

335 1439 528 1503 ξασθαι
549 1456 595 1506 ;t
632 1440 723 1493 καὶ
746 1441 835 1494 τὸν
860 1441 1257 1512 ἀποκρίνασθαι
1281 1440 1355 1504 ῶς
1386 1442 1640 1512 μεγάλων
1663 1441 1915 1512 άμαρτηυ

336 1534 522 1600 μάτων
555 1534 799 1603 μεγάλην
826 1530 967 1587 εἶναι
1010 1534 1095 1587 δεῖ
1141 1534 1236 1587 καὶ
1268 1535 1368 1602 τὴν
1415 1534 1723 1587 ἁντίποινον
1751 1533 1915 1603 θερα-

331 1625 512 1677 πείαν.
546 1626 656 1680 Καὶ
675 1626 767 1678 τὸν
791 1625 1018 1696 βασιλέα
1047 1627 1183 1698 πρὸς
1211 1626 1273 1679 τὸ
1305 1625 1611 1697 βαθύτερον
1639 1626 1910 1696 βάψαντα,

334 1735 357 1766 ι
389 1717 454 1770 Τί
479 1717 587 1784 δαὶ,
617 1737 637 1770 ι
675 1719 871 1783 εἰπεῖν,
919 1737 938 1771 ι
977 1718 1052 1790 μὴ
1084 1718 1186 1788 τῆς
1220 1719 1496 1790 βασιλείας
1525 1719 1787 1787 ἐκστῆναι
1823 1735 1913 1771 κε-

330 1809 549 1875 λεύεις;
590 1828 609 1863 t
648 1810 746 1865 καὶ
803 1810 946 1864 οὕτω
990 1810 1219 1879 λέγοντα
1262 1811 1361 1881 τὴν
1398 1811 1613 1882 σπάθην
1662 1809 1912 1874 ἀποζῶν-

333 1900 524 1956 νυσθαι
557 1904 654 1958 καὶ
680 1903 902 1968 διδόναι,
938 1904 1036 1974 τῆς
1085 1904 1298 1957 ἐκείνου
1336 1901 1575 1965 διανοίας
1602 1901 1915 1972 ἀποπειρὼ-

335 2013 521 2066 μενον.
562 1996 803 2052 Ἐκείνου
847 1996 905 2050 δὲ
947 1996 1047 2068 τὴν
1084 1990 1256 2068 ’χεῖρα
1315 1997 1456 2049 κατὰ
1497 1995 1732 2064 σπουδὴν
1766 2010 1913 2064 προ-

329 2085 604 2150 τείναντος
636 2086 720 2155 ἐφ’
748 2080 792 2154 ᾧ
836 2085 1140 2157 λαμδάνειν
1189 2085 1251 2138 τὸ
1301 2083 1463 2152 δῆθεν
1509 2082 1787 2152 διδόμενον
1838 2082 1912 2153 μή

330 2196 451 2242 πως
479 2179 679 2242 τελέως
708 2180 805 2233 καὶ
841 2182 945 2249 τῆς
993 2180 1195 2247 ὀσφύος
1237 2175 1532 2241 άπολυθὲν,
1584 2173 1914 2242 παλινῳδίαν

326 2289 386 2325 τε
428 2272 574 2343 ᾅδειν
603 2272 695 2325 τὸν
723 2271 970 2343 βασιλέα,
1004 2274 1098 2323 καὶ
1128 2271 1205 2333 ὼς
1249 2268 1520 2339 ἐπιϐούλῳ
1563 2270 1612 2321 οἰ
1652 2268 1751 2339 τῆς
1787 2284 1916 2336 σφε·

327 2366 493 2434 τέρας
533 2364 677 2435 ζωῆς
709 2364 993 2427 ὀνειδίζειν
1045 2365 1094 2416 εί
1147 2360 1291 2415 οὕτω
1325 2362 1591 2432 βούλεται.
1643 2361 1788 2430 Πλὴν
1820 2360 1914 2413 καὶ

327 2460 429 2528 τῆς
488 2457 731 2528 κεφαλῆς
791 2457 1116 2526 καλύπτραν
1183 2453 1573 2523 ἀποτιθέμενος
1640 2455 1697 2519 ἐς
1749 2454 1914 2518 πόδας

327 2552 524 2620 ἑκείνῳ
569 2550 764 2604 ἑαυτὸν
805 2548 1077 2620 ἐρρίπτει,
1113 2548 1209 2600 καὶ
1259 2547 1470 2600 πολλῶν
1515 2546 1824 2617 βλεπόντων
1849 2546 1910 2598 οὐ

314 2641 631 2716 κατῃδεῐτο.
669 2641 729 2694 '0
758 2639 803 2693 δ’
829 2638 1161 2711 ἀπέπεμπεν
1194 2636 1472 2710 ἑμϐριθῶς
1502 2638 1595 2690 καὶ
1621 2633 1914 2707 ὑπερεώρα

322 2819 598 2893 homines)
634 2820 876 2876 decrevit
909 2835 1003 2891 per
1032 2836 1095 2876 se
1131 2820 1284 2874 adire
1318 2818 1684 2890 patriarcham
1721 2827 1775 2871 et
1804 2818 1911 2872 cri-

2017 616 2287 686 περιδεὲς,
2328 616 2503 680 οὕτως
2546 618 2581 687 ὴ
2628 615 2796 687 ἀρετὴ
2845 616 3050 686 τίμιον.
3094 614 3186 678 Ὠς
3238 613 3295 667 δὲ
3338 615 3580 680 πολλάκις

2017 709 2355 778 παρακαλῶν
2405 707 2697 778 ἠκολούθει
2749 709 2845 761 καὶ
2891 708 3342 777 κατηνάγκαζεν,
3387 709 3578 771 ἐκεῖνος

2018 796 2180 860 εὐθὺς
2210 798 2311 869 τὴν
2348 797 2544 849 κέλλαν
2574 798 2940 867 ὑποδυόμενος
2985 797 3263 864 άπεζύγου
3293 797 3387 860 τάς
3424 796 3581 868 θύρας

2016 887 2165 957 αύτῴ
2204 889 2345 940 κατὰ
2375 888 2665 956 πρόσωπον
2706 889 2803 942 καὶ
2833 889 3001 959 ἀργὸν
3042 888 3216 957 ἠφίει.
3249 888 3429 941 Ταῦτα
3466 888 3582 941 πολ-

2015 972 2172 1042 λάιῖις
2204 978 2445 1050 προσιὼν
2474 981 2568 1033 καὶ
2599 980 2804 1049 δράσας
2829 996 2890 1033 τε
2938 982 3035 1035 καὶ
3080 980 3268 1034 παθὼν
3303 981 3398 1034 καὶ
3431 980 3583 1049 μηδὲν

2015 1071 2194 1124 ἀνύων
2245 1071 2565 1142 ἐξηγρίαινε
2612 1091 2673 1126 τε
2710 1074 2932 1138 αὐτίκα,
2980 1073 3077 1128 καὶ
3122 1071 3462 1144 σκληρότητα
3496 1073 3582 1124 τοῦ

2018 1164 2359 1235 πατριάρχου
2383 1166 2476 1218 ἐπὶ
2510 1164 2721 1219 πολλῶν
2751 1168 3069 1238 κατηγόρει,
3106 1167 3200 1220 καὶ
3231 1165 3305 1227 ὡς
3333 1167 3400 1217 τά
3440 1165 3587 1218 κοινά

2015 1254 2233 1308 κελεύοι
2265 1256 2697 1327 καταπροεῖσθαι
2731 1256 3076 1327 διελοιδόρειε
3105 1260 3197 1310 καὶ
3232 1258 3368 1329 μήτε
3398 1259 3584 1327 φόρους

2014 1345 2263 1413 ἐκλέγειν
2318 1346 2459 1416 μήτε
2504 1348 2635 1417 τέλη
2685 1346 2948 1417 πράττειν
3007 1349 3147 1418 μήτε
3196 1345 3578 1417 μεταχειρίζειι
3626 1343 3630 1346 ⁴

2014 1436 2319 1505 πράγματα
2354 1440 2491 1506 μήτε
2539 1436 2648 1510 μὴν
2680 1439 2903 1493 διοικεῖν
2934 1440 3034 1510 τὴν
3061 1439 3238 1512 ἀρχὴν
3263 1441 3398 1501 ὅλως
3432 1454 3592 1507 προσ-

2015 1529 2226 1582 τάττων
2248 1569 2265 1596 ,
2300 1529 2442 1584 οὕτω
2492 1531 2819 1603 θεραπεύειν
2851 1533 3088 1603 αἱρεῖται
3117 1534 3144 1586 6
3177 1532 3285 1586 τῶν
3315 1532 3590 1602 ἡμετέρων

2016 1619 2382 1692 θεραπευτής.
2425 1624 2535 1676 Καὶ
2566 1622 2719 1686 τέλος
2761 1623 3000 1677 ἐπετίθει
3043 1623 3303 1685 πολλάκις
3353 1622 3428 1686 ὡς
3476 1622 3592 1674 ἐπεὶ

2016 1716 2111 1769 καὶ
2141 1716 2381 1770 κανόνων
2410 1717 2743 1786 ὑπερφρονεῖ
2774 1715 3070 1789 όριζόντων
3099 1715 3409 1788 μετάνοιαν,
3427 1732 3592 1786 προσο

2020 1811 2242 1862 πίπτειν
2282 1809 2360 1877 τῷ
2393 1809 2492 1873 τῆς
2531 1807 2756 1880 Ῥώμης
2786 1810 2990 1880 πάππα
3020 1810 3210 1880 καιρὸς
3244 1810 3339 1863 καὶ
3384 1808 3595 1862 ἀντιδο-

2019 1901 2131 1954 λεῖν
2165 1899 2458 1965 σώζεσθαι.
2507 1899 2696 1964 Οὕτως
2730 1899 2890 1970 ἔχων,
2939 1900 3182 1968 ὲγκοτῶν
3216 1898 3467 1951 ἐντεῦθεν
3507 1901 3595 1950 καὶ

2019 1992 2393 2065 βαρυνόμενος
2446 1995 2542 2047 ἐπὶ
2588 1994 2688 2065 τὴν
2730 1995 2841 2048 τῶν
2888 1995 3085 2048 κοινῶν
3131 1993 3400 2062 διοίκησιν
3439 1991 3595 2047 πάλιν

2017 2089 2307 2158 ἐτράπετο,
2337 2089 2717 2158 ἀπειπάμενος
2767 2087 2866 2157 μὲν
2914 2087 3281 2158 προσπίπτειν
3313 2087 3412 2138 καὶ
3442 2083 3596 2148 αὖθις

2016 2178 2156 2252 (ᾔδει
2179 2180 2288 2250 γάρ
2314 2182 2414 2235 οὐκ
2441 2180 2700 2251 άνύσων),
2729 2180 3006 2252 ὲγκαίρως
3035 2180 3093 2234 δὲ
3116 2180 3215 2251 τὴν
3237 2179 3456 2250 ἄμυναν
3477 2177 3592 2232 δια·

2016 2271 2206 2327 θέσθαι
2231 2273 2340 2326 τῶν
2368 2273 2599 2327 δεόντων
2628 2275 2838 2344 ἠγεῖτο.

2016 2393 2086 2441 κ’.
2122 2387 2319 2452 Ὅπως
2345 2385 2669 2454 συνῆλθον
2703 2386 2773 2439 ἐν
2799 2383 2995 2453 ταυτῷ
3017 2385 3168 2439 κατὰ
3188 2387 3526 2451 συνθεσίας
3546 2387 3600 2439 οι

2083 2455 2376 2512 δεσπόται
2419 2456 2707 2526 Ἰωάννης
2742 2473 2805 2511 τε
2837 2456 2936 2510 καὶ
2985 2459 3229 2527 Μιχαὴλ
3266 2461 3299 2513 ὀ
3345 2456 3461 2526 τῆς
3491 2457 3599 2510 Δύ-

2084 2543 2265 2594 σεως.

2088 2641 2154 2716 [Ρ
2187 2641 2311 2716 M3]
2347 2642 2479 2699 Τότε
2527 2644 2709 2699 τοίνυν
2754 2645 2851 2699 καὶ
2900 2645 3067 2705 πάλιν
3116 2645 3460 2716 ἀπεπειρᾶτο
3493 2643 3601 2697 τῶν

2015 2823 2368 2879 vehementer
2416 2824 2630 2881 instans
2680 2826 2848 2880 etiam
2907 2826 3197 2881 abeuntem
3252 2833 3598 2894 sequeretur,

332 2931 462 2970 men
505 2916 555 2970 ei
599 2916 876 2986 proprium
922 2915 1202 2968 confessus
1235 2913 1444 2966 veniam
1479 2926 1663 2967 coram
1699 2925 1910 2980 rogare.
2025 2914 2179 2982 quasi
2213 2915 2586 2982 expugnandae
2621 2916 2668 2968 vi
2707 2916 2791 2984 pia
2827 2915 3137 2971 severitatis
3177 2929 3396 2979 certus,
3428 2916 3605 2971 ferunt

322 3006 430 3061 Jvit
492 3007 831 3077 prociditque
883 3005 981 3074 ipsi
1037 3003 1264 3075 supplex
1315 3005 1547 3072 saepius;
1599 3011 1656 3056 et
1699 3002 1912 3055 detecto
2020 3002 2388 3071 patriarcham
2443 3005 2634 3059 cellam
2694 3021 2993 3071 ingressum
3044 3006 3185 3061 lares
3237 3006 3292 3061 in
3341 3022 3409 3063 os
3459 3018 3605 3059 arete

326 3101 493 3154 animi
527 3100 752 3154 vulnere
782 3100 1118 3154 curationem
1153 3096 1329 3168 petiit.
1359 3095 1437 3149 Ad
1467 3111 1587 3166 qua:
1616 3095 1706 3148 ille
1730 3092 1910 3146 facere
2013 3094 2228 3151 clausas
2270 3097 2549 3152 obdidisse
2591 3100 2920 3165 assectanti,
2949 3102 3140 3169 sicque
3179 3099 3328 3155 illum
3374 3115 3601 3154 vacuum

326 3194 502 3261 ipsum
537 3208 599 3247 ea
635 3194 837 3260 quibus
870 3191 1054 3245 curari
1092 3198 1300 3243 tantum
1347 3187 1472 3241 mali
1515 3195 1698 3256 posset
1725 3183 1905 3254 jussit.
1943 3240 1987 3261 η
2015 3199 2072 3243 et
2110 3190 2284 3257 precis
2325 3189 2538 3243 irritum
2584 3192 2753 3246 crude
2797 3192 3089 3248 dimisisse.
3118 3192 3229 3247 Nec
3267 3194 3440 3257 semel
3485 3194 3602 3247 talia

325 3287 595 3340 (Steterunt
637 3298 757 3355 qua:
799 3283 899 3336 ista
944 3290 1128 3337 essent
1169 3296 1277 3336 non
1319 3281 1606 3349 expressit,
1641 3276 1914 3331 indeﬁnite
1940 3276 1985 3302 “'
2016 3288 2273 3346 expertus
2306 3281 2619 3347 imperator,
2647 3284 2740 3338 sed
2773 3284 2962 3338 eadem
2998 3283 3111 3338 haec
3142 3284 3336 3352 saepius
3372 3294 3429 3339 et
3461 3287 3605 3337 lucu-

328 3382 411 3435 sic
459 3389 625 3448 atque
664 3379 895 3432 obscure
937 3375 1231 3446 praecipere
1273 3383 1582 3428 contentus.
1620 3371 1917 3440 Imperator
2021 3383 2107 3426 tus
2152 3384 2207 3428 et
2258 3383 2517 3444 operatus
2564 3384 2617 3429 et
2668 3368 2895 3445 passus,
2944 3376 3305 3445 nequidquam
3359 3392 3603 3444 sequr,

327 3488 464 3531 vero
516 3472 750 3542 rogabat
798 3471 1049 3525 indicare
1098 3466 1422 3522 nominatim
1479 3480 1548 3520 ne
1597 3473 1917 3535 gravaretur
2024 3464 2282 3520 efferatus
2314 3467 2379 3519 ad
2411 3478 2715 3523 extremum
2744 3479 2847 3534 est,
2873 3478 2926 3524 et
2956 3470 3023 3523 de
3049 3469 3248 3524 duritia
3281 3470 3606 3539 patriarchae

330 3565 463 3635 quid
494 3563 609 3617 ﬁeri
644 3577 672 3616 a
706 3577 766 3617 se
792 3562 969 3625 vellet,
994 3576 1054 3616 se
1082 3559 1343 3615 exhibens
1369 3560 1434 3610 ad
1465 3567 1655 3611 cuncta
1687 3554 1914 3622 obsequi
2019 3558 2160 3625 apud
2193 3556 2394 3613 mtthos
2418 3569 2498 3611 est
2526 3573 2771 3627 questus,
2795 3561 3057 3616 invidiose
3085 3576 3446 3631 exaggerans,
3476 3563 3606 3616 vt-l‘e
3698 3588 3713 3593 -

328 3669 586 3727 paratum
630 3670 970 3725 quaecunque
1008 3654 1260 3717 dixisset,
1294 3650 1602 3720 patriarcha
1643 3647 1917 3703 nihilomi-
2014 3648 2211 3719 jubere
2243 3650 2391 3703 illum
2428 3650 2587 3717 abjici
2620 3667 2649 3703 a
2678 3668 2738 3707 se
2767 3666 2955 3708 curam
2988 3656 3360 3709 communium
3401 3670 3606 3717 rerum,

296 3766 439 3805 enus
480 3750 533 3804 in
580 3750 687 3806 illis
731 3749 1024 3804 indetinitis
1066 3744 1563 3816 praescriptionibus
1603 3750 1915 3811 perstante,
2023 3754 2122 3795 nec
2172 3741 2357 3797 sinere
2406 3757 2467 3797 se
2512 3744 2741 3814 amplius
2783 3755 2877 3799 aut
2912 3760 2944 3801 e
2987 3747 3150 3801 terris
3194 3747 3397 3802 tributa
3443 3756 3538 3801 aut
3577 3761 3608 3800 e

333 3857 403 3896 ac
445 3851 651 3896 tantum
696 3840 826 3896 illud
864 3842 1077 3894 dicente
1116 3853 1135 3893 :
1177 3854 1206 3888 4
1248 3835 1454 3891 Exliihe
1494 3832 1916 3890 Satisfactionem
2024 3833 2397 3890 mercimoniis
2424 3836 2705 3908 vectigalia
2736 3840 2990 3911 exigere;
3018 3841 3247 3912 denique
3280 3840 3607 3897 tractatione

328 3933 514 4004 culpae
565 3932 1013 4003 respondentem,
1047 3937 1105 3984 et
1153 3926 1440 3997 accipiant.
1480 3945 1504 3979 θ
1555 3924 1688 3981 Cum
1736 3932 1916 3977 autem
2023 3925 2173 3978 onmi
2228 3926 2569 3995 publicorum
2621 3932 2964 4001 negotiorum
3021 3933 3383 3999 interdicere,
3425 3949 3493 3989 ac
3541 3947 3605 3989 ne

336 4025 430 4080 ille
454 4025 653 4093 saepius
677 4025 932 4078 distincte
959 4020 1234 4092 praescribi
1259 4018 1360 4074 sibi
1390 4018 1624 4073 remedia
1653 4016 1916 4086 petiisset,
2020 4015 2182 4070 ullam
2218 4017 2475 4089 deinceps
2510 4020 2820 4091 reipublicae
2853 4035 3060 4094 partem
3092 4028 3485 4082 administrare
3513 4037 3606 4080 aut

333 4133 437 4176 nec
467 4118 616 4174 clare
645 4116 956 4190 patriarcha
984 4113 1363 4181 responderet,
1392 4110 1593 4166 dixisse
1625 4109 1922 4179 imperato-
2019 4109 2242 4164 omnino
2287 4112 2553 4183 attingere
2598 4115 2895 4184 imperator
2935 4120 3163 4184 audeat,
3202 4128 3415 4175 vetare.
3454 4117 3607 4174 Hunc

332 4230 447 4270 rem
494 4212 645 4268 aiunt
691 4229 705 4266 :
761 4227 780 4262 ι
830 4209 896 4263 Et.
932 4207 1060 4278 quis
1100 4204 1204 4260 scit
1244 4218 1349 4266 an,
1381 4218 1507 4258 cum
1545 4216 1646 4271 ego
1690 4202 1917 4270 plurima
2023 4205 2107 4256 sui
2160 4205 2385 4258 curandi
2436 4207 2651 4260 nmdum
2700 4210 3043 4279 excogitasse
3083 4211 3488 4280 patriarcltam,
3523 4212 3605 4265 cui

236 4304 252 4317 “
333 4309 553 4372 fecero,
606 4314 664 4360 tu
720 4303 854 4359 satis
910 4308 1232 4369 accepturus
1282 4295 1400 4351 sis?
1453 4313 1472 4346 ι
1529 4293 1628 4349 Cui
1680 4294 1921 4364 graviter
2016 4308 2086 4347 ex
2123 4292 2298 4349 ollicio
2335 4295 2609 4351 incumbat
2638 4312 2884 4366 quaerere
2915 4302 3176 4367 optimam
3211 4302 3482 4356 rationem
3516 4300 3605 4354 ad-

333 4397 683 4469 respondisse
732 4391 1099 4465 patriarcham
1145 4389 1447 4458 ingentium
1495 4386 1783 4442 criminum
1830 4385 1919 4441 itt-
2004 4386 2378 4454 rjuvandorum
2419 4398 2475 4443 et
2516 4390 2568 4444 in
2608 4401 2808 4446 statqu
2851 4394 3135 4462 pristinuzu
3176 4395 3606 4464 reparandomm

335 4495 520 4565 gentia
544 4506 663 4546 esse
689 4487 899 4559 piacula
925 4488 1141 4543 debere.
1168 4483 1330 4553 213
1353 4481 1490 4537 Tum
1517 4480 1917 4549 imperatorem,

2023 4496 2210 4535 eorum
2253 4482 2344 4551 qui
2390 4485 2706 4539 humanitus
2747 4486 2882 4556 lapsi
2927 4498 3076 4543 sunt.
3109 4485 3237 4543 Post
3270 4488 3390 4543 haec
3422 4489 3604 4543 decla-

333 4598 392 4640 ut
431 4582 672 4655 penitius
709 4581 809 4634 viri
844 4580 1087 4633 animum
1125 4587 1378 4638 tentaret,
1418 4590 1438 4625 ι
1479 4570 1618 4638 Quid
1656 4568 1848 4637 porro?
1888 4586 1908 4622 ι
1943 4582 1996 4644 υ
2028 4583 2169 4628 mata
2221 4573 2387 4645 215.
2433 4576 2786 4648 adjungebat,
2831 4579 3030 4649 saepius
3073 4581 3308 4647 iterans,
3349 4582 3606 4650 quoniam

335 4676 586 4731 intulisse
612 4689 627 4728 :
665 4690 685 4724 ι
716 4671 853 4726 Num
888 4685 972 4724 me
997 4669 1162 4724 etiam
1190 4665 1415 4736 imperio
1439 4664 1597 4732 jub‘es
1624 4661 1858 4716 cedere?
1887 4678 1906 4712 ι

333 4773 516 4837 Atque
545 4767 647 4819 hoc
670 4763 939 4817 dicentem
970 4774 1151 4816 ensem
1191 4759 1405 4813 baltlteo
1436 4755 1651 4810 solvere
1686 4752 1914 4823 coepisse

316 4859 550 4925 ipsique
597 4855 906 4925 porrigere,
944 4866 1108 4904 causa
1154 4847 1467 4918 expetiundi
1517 4844 1648 4915 quid
1696 4846 1910 4899 tandem

337 4949 514 5003 vellet.
542 4944 855 5000 Patriarcha
891 4957 1022 4997 vero
1063 4940 1256 5009 cupide
1300 4952 1515 4991 manum
1563 4936 1915 5003 protettdente

320 5040 490 5111 quasi
551 5037 618 5091 ad
680 5034 1054 5103 accipiendum
1115 5028 1261 5099 quod
1314 5027 1574 5091 dabatur,
1631 5041 1916 5082 revocasse

337 5139 635 5203 Augustum
682 5143 837 5194 sese,
875 5142 941 5181 ac
988 5123 1221 5179 nondum
1273 5136 1302 5174 a
1351 5120 1559 5175 feruore
1603 5119 1912 5190 expeditum

320 5227 627 5281 Tel-iuuisse
675 5221 946 5292 gladium,
989 5214 1457 5285 exprobrasseque
1503 5213 1725 5282 insuper
1771 5212 1916 5266 velut

339 5316 614 5373 insidianti
642 5317 775 5368 vitae
817 5326 961 5374 suae,
989 5310 1078 5377 qui
1116 5323 1176 5364 se
1208 5306 1288 5360 sic
1318 5318 1659 5359 exarmatum
1696 5308 1828 5369 iret;
1863 5313 1919 5357 et

321 5422 520 5467 tamen
555 5406 791 5478 tegmine
819 5402 1015 5472 capitis
1042 5400 1287 5470 deposito
1311 5399 1546 5470 alijicere
1571 5413 1633 5456 se
1659 5399 1725 5453 aJ
1754 5400 1919 5469 pedes

328 5505 480 5573 eius,
505 5496 692 5554 multis
711 5494 1042 5559 videntibus,
1067 5507 1172 5544 non
1201 5490 1475 5546 dubitasse
1503 5509 1518 5545 :
1549 5492 1915 5559 patriarcbam

336 5608 473 5650 vero
529 5593 706 5660 ipsum
763 5586 960 5641 acerbe
1012 5582 1308 5654 repulisse,
1365 5583 1604 5654 nihilque
1658 5583 1914 5636 inﬂexum

325 5682 655 5754 despexisse
687 5687 841 5733 arcto
877 5676 979 5734 sibi
1016 5675 1301 5746 complexu
1331 5690 1505 5746 genua
1540 5676 1919 5745 stringentem,

334 5779 478 5833 adeo
508 5771 855 5830 formidolosa
894 5770 1228 5827 conscientia
1264 5769 1484 5825 sceleris
1503 5778 1610 5823 est.
1638 5769 1788 5822 Adeo
1810 5767 1919 5820 vir-

328 5876 430 5925 sus
459 5864 819 5923 venerabilis!
853 5862 987 5921 Cum
1020 5875 1200 5920 autem
1233 5862 1429 5931 saepius
1462 5860 1604 5916 idem
1636 5874 1835 5931 rogans
1864 5867 1919 5915 et

2019 4668 2330 4733 patriarcha
2373 4666 2546 4737 palam
2589 4681 2963 4726 contemneret
2993 4686 3182 4729 sacros
3213 4687 3457 4729 canones
3490 4670 3607 4727 dari

2017 4756 2182 4821 lapsis
2214 4758 2587 4823 paenitentiam
2609 4760 2885 4830 jubenles,
2909 4772 3123 4834 tempus
3145 4780 3265 4819 esse
3291 4764 3604 4820 recurrendi

2015 4850 2083 4902 ad
2133 4863 2323 4918 papam
2372 4850 2558 4906 Romae
2609 4852 2915 4921 sedentem,
2962 4866 3015 4908 et
3063 4857 3130 4911 ab
3177 4871 3242 4910 eo
3290 4855 3609 4923 suppliciter

2016 4944 2231 5012 petendi
2283 4943 2523 4998 salutare
2562 4946 2770 5014 peccati
2817 4947 3134 5002 remedium.
3174 4947 3267 5001 Sic
3316 4947 3606 5016 indignans

2016 5042 2398 5100 exasperatum
2447 5043 2553 5087 tam
2598 5037 2758 5092 Sil'VlS
2801 5035 3030 5105 repulsis
3063 5036 3304 5090 animum
3343 5037 3414 5091 itt
3454 5039 3606 5090 dein-

2020 5137 2150 5191 ceps
2206 5124 2272 5175 ad
2331 5123 2639 5192 reipublicae
2691 5126 3214 5183 adtninistratioitem
3275 5127 3494 5191 retulit,
3550 5134 3607 5178 ul

2019 5214 2253 5282 amplius
2297 5230 2403 5269 non
2449 5227 2668 5272 curaret
2711 5219 3006 5275 convenire
3045 5220 3436 5288 patriarcham,
3471 5230 3606 5273 sats

2019 5323 2220 5377 gnarus
2278 5324 2339 5362 se
2398 5309 2530 5364 nihil
2590 5310 2996 5380 profecturum,
3047 5322 3303 5379 preterea
3348 5312 3606 5379 judicans

2019 5400 2242 5454 omnino
2267 5404 2579 5469 convenire,
2602 5419 2671 5457 ac
2693 5407 2995 5460 curandum
3019 5406 3121 5461 sibi
3147 5420 3271 5460 esse
3293 5415 3602 5473 opportuno

2024 5504 2299 5562 tempore,
2325 5503 2383 5547 ut
2412 5495 2568 5550 istius
2601 5498 2801 5551 atrocis
2835 5496 3196 5553 inclementia;
3223 5497 3437 5566 culpam
3470 5510 3605 5550 con-

2024 5587 2173 5655 gruis
2199 5585 2493 5656 aliquando
2522 5592 2701 5657 ptenis
2728 5590 3037 5659 patriarcha
3062 5590 3256 5646 lueret.

2023 5697 2115 5751 ΞΟ.
2157 5694 2224 5771 ιζι
2252 5698 2317 5752 de
2351 5716 2479 5763 pace
2536 5702 2866 5755 convenerint
2904 5703 3043 5756 inter
3077 5718 3133 5757 se
3162 5704 3320 5755 ambo
3370 5701 3605 5771 despcit!

2165 5767 2396 5825 Joannes
2423 5780 2474 5825 et
2507 5771 2737 5827 Michael
2761 5775 2815 5827 in
2843 5771 3123 5828 Occidente
3152 5774 3458 5828 dontiuans.

2096 5861 2249 5928 Quod
2312 5877 2456 5919 nunc
2515 5866 2784 5931 instabat,
2838 5864 2972 5921 nulli
3018 5864 3460 5939 praevertendam
3523 5861 3603 5919 rei
