3926 6586
352 511 442 569 63'!

1323 515 1420 576 DE
1463 510 1851 576 MICHAELE
1900 514 2351 573 PALEOLOGO
2391 514 2541 572 LIB.
2589 512 2703 573 lIl.

3467 501 3585 563 653‘

343 622 580 674 δυτικῶν.
631 619 764 675 Οὐδὲ
804 623 912 691 γὰρ
951 617 1041 692 ἦν,
1087 622 1186 677 οὐκ
1237 618 1305 693 ἦν
1359 626 1447 677 ἐπὶ
1480 624 1677 677 ταυτοῦ
1716 624 1897 690 μένειν
1929 627 1971 682 Α
2002 622 2217 691 ἐκείνῳ,
2254 624 2345 676 καὶ
2393 623 2574 675 πίστιν
2622 621 2873 689 γενέσθαι
2924 619 3145 691 βεϐαίαν
3194 618 3258 671 ὲκ
3306 616 3405 685 τῆς
3434 620 3572 687 πρὸς

342 713 589 776 ἐκείνους,
629 712 724 765 καὶ
770 712 860 765 διὰ
912 713 1071 767 τοῦτο
1129 716 1227 767 οὐκ
1282 712 1349 784 ἦν
1401 717 1630 785 ἠρεμεῖν
1680 716 1773 767 καὶ
1808 715 1897 767 τὸν

340 803 592 871 δεσπότην
624 804 877 872 Ἰωάννην
908 806 1027 857 οὐδὲ
1063 806 1194 873 πρὸς
1229 807 1430 875 ὀλίγον,
1467 808 1579 875 ἅμα
1617 807 1711 877 μὲν
1738 806 1901 859 κοιθέ-

340 895 450 963 δρᾳ,
472 892 587 962 ἅμα
619 893 677 947 δὲ
704 896 797 947 καὶ
826 896 1149 966 ὁρμητηρίῳ
1188 899 1554 971 Θεσσαλονίκῃ
1596 899 1897 968 χρώμενον.

344 984 526 1037 Ἔνθεν
579 1001 659 1037 τοι
714 988 807 1038 καὶ
865 983 1043 1049 αὖθις,
1085 988 1261 1041 καίτοι
1311 990 1419 1041 τῶν
1469 990 1590 1042 κατ’
1639 989 1901 1052 ἀνατολὴν

339 1075 655 1139 πονούντων,
704 1077 818 1146 ἅμα
864 1078 1126 1147 δυνάμεσι
1175 1079 1454 1142 πλείσταις
1502 1081 1592 1132 τὸν
1635 1080 1903 1150 δεσπότην

340 1167 629 1237 ἐκπέμπει.
666 1168 776 1221 Καὶ
800 1170 863 1237 δὴ
894 1171 991 1238 τὴν
1024 1171 1282 1240 ταχίστην
1313 1171 1508 1233 ἐπιϐὰς
1542 1173 1744 1234 ἐκεῖνος
1770 1172 1904 1223 Θεσ-

341 1259 623 1329 σαλονίκης
656 1262 942 1314 συνέταττέ
974 1278 1032 1315 τε
1080 1261 1179 1324 τὰς
1218 1262 1474 1330 δυνάμεις
1522 1264 1617 1315 καὶ
1667 1263 1905 1331 πόλεμον

340 1350 551 1415 ἐξάγειν
585 1351 727 1403 κατὰ
752 1352 972 1421 Μιχαὴλ
1001 1351 1368 1421 εὐτρεπίζετο.
1403 1355 1513 1406 Καὶ
1545 1354 1678 1422 μηδὲ
1706 1352 1905 1413 τελέως

341 1440 621 1503 ἀκουσθείς
654 1440 883 1505 ἐπιστὰς
908 1444 1004 1513 ἅμ’
1036 1443 1265 1513 ἠκούετο
1288 1445 1381 1497 καὶ
1421 1445 1537 1511 ἅμα
1557 1447 1674 1507 ταῖς
1700 1444 1907 1515 χώραις

341 1534 695 1604 προσέϐαλλε,
730 1536 882 1589 λείαν
927 1553 985 1589 τε
1031 1536 1293 1605 πλείστην
1326 1537 1750 1607 περιϐαλόμενος
1780 1540 1909 1591 ὑπο-

343 1627 585 1695 στρέφει.
617 1630 725 1682 Καὶ
765 1631 792 1682 ό
826 1630 923 1698 μὲν
952 1629 1049 1693 τὰς
1079 1631 1341 1699 δυνάμεις
1376 1634 1593 1701 κατεῖχε
1627 1631 1908 1703 διαχειμε-

343 1716 561 1785 ριούσας
586 1718 715 1787 περὶ
754 1719 844 1771 τὸν
872 1720 1193 1789 Βαρδάριον,
1218 1719 1293 1784 ὡς
1322 1719 1438 1789 ἅμα
1458 1717 1553 1791 ἦρι
1584 1721 1908 1791 προσϐαλὼν

338 1806 494 1871 αὖθις
520 1824 533 1838 ·
567 1810 594 1860 ό
631 1808 688 1861 δὲ
731 1808 953 1879 Μιχαὴλ
992 1809 1144 1879 φόϐῳ
1186 1810 1415 1878 ληφθεὶς
1453 1811 1515 1861 οὐ
1559 1810 1764 1880 μετρίῳ
1798 1810 1909 1873 (τὸν

338 1898 444 1968 γὰρ
475 1898 743 1969 δεσπότην
773 1900 868 1953 καὶ
916 1900 977 1966 ἐξ
1033 1903 1200 1972 ἀκοῆς
1253 1901 1566 1964 ὲδεδίττετο,
1621 1902 1688 1954 τὰ
1741 1901 1909 1955 πολλὰ

338 1987 442 2057 πρὸ
488 1988 582 2041 τοῦ
622 1989 703 2055 τῷ
755 1990 1000 2061 ἰταλικῷ
1050 1991 1418 2062 στρατεύματι
1471 1992 1906 2061 φρυαττόμενο;’

338 2079 423 2132 διὰ
476 2080 586 2149 γὰρ
637 2080 699 2133 τὸ
748 2080 883 2152 πρὸς
938 2082 1028 2135 τὸν
1088 2083 1183 2136 τοῦ
1234 2083 1565 2153 Φρεδερίχου
1620 2085 1786 2138 παῖδα
1820 2085 1909 2137 τὸν

338 2172 534 2241 Μαφρὲ
563 2173 724 2241 κῆδος
753 2173 847 2226 ἐπὶ
872 2176 936 2243 τῇ
968 2173 1195 2244 θυγατρὶ
1237 2174 1456 2244 ἕτοιμον
1504 2176 1768 2246 βοηθῆσον
1794 2170 1909 2246 εἶχε

337 2264 395 2313 τὸ
417 2262 631 2316 ἐκεῖθεν
672 2264 1083 2334 στρατιωτικόν)
1122 2266 1281 2333 ἀφεὶς
1304 2266 1365 2317 τὸ
1405 2268 1493 2318 ἐπ’
1525 2267 1752 2330 ἐκείνοις
1777 2269 1908 2337 eap-

339 2356 455 2421 ρεῖν
487 2356 578 2407 ἐπὶ
623 2356 855 2418 σπονδὰς
889 2357 1251 2426 καταφεύγει,
1294 2358 1387 2411 καὶ
1429 2358 1648 2427 πέμψας
1679 2357 1912 2411 ἱκετεύει

337 2448 426 2499 τόν
463 2447 719 2518 Ἰωάννην
755 2449 1216 2519 μετακλαιόμενός
1271 2467 1327 2502 τε
1371 2449 1469 2514 τὰς
1510 2452 1779 2521 προτέρας
1811 2469 1910 2504 παι

338 2536 641 2605 λιμϐολίας,
667 2540 762 2589 καὶ
786 2555 847 2588 πε
859 2541 911 2607 pl.
933 2539 1042 2591 τῶν
1069 2538 1370 2607 μελλόντων
1390 2542 1651 2610 ἐχέγγυον
1672 2540 1913 2609 ἀσφαλὲς

338 2631 464 2692 τοὺς
509 2624 708 2701 ὅρκους
765 2630 954 2685 ἐδίδου.
1007 2631 1222 2701 Ἐζήτει
1264 2649 1323 2684 τε
1374 2634 1466 2686 καὶ
1512 2631 1789 2686 συνελθεῖν
1816 2634 1911 2704 ἅμ’

338 2811 550 2877 putavit
589 2811 990 2880 expeditionem
1039 2813 1091 2867 in
1134 2814 1395 2870 Occiduos
1426 2823 1628 2870 tractus
1658 2816 1914 2879 alteram;

337 2918 448 2955 nou
498 2903 673 2967 enim,
717 2919 823 2957 nou
874 2905 1057 2972 utique
1108 2915 1200 2961 aut
1249 2910 1577 2976 sperandum
1628 2919 1773 2972 erat,
1822 2919 1916 2963 aut

336 2995 563 3049 cumino
604 2994 720 3049 fieri
760 3005 972 3061 poterat
1012 3006 1069 3049 ut
1111 2999 1464 3063 praesentibus
1505 3001 1915 3068 acquiescerent

340 3097 437 3141 aut
487 3100 679 3142 secure
730 3091 1011 3156 quiescere
1066 3103 1165 3143 nos
1219 3090 1455 3144 sinerent
1509 3093 1915 3159 inquietissims

339 3188 552 3249 gentes.
580 3180 759 3245 Quare
800 3182 1157 3237 cessandum.
1185 3197 1249 3236 ac
1291 3197 1356 3235 ne
1390 3184 1750 3236 cunctandum
1792 3185 1915 3252 qui-

2002 713 2261 781 άλλήλους
2298 713 2425 775 θέεις
2458 711 2728 766 ἐϐούλετο.
2774 714 2831 764 Ὀ
2857 713 2982 778 γοῦν
3011 709 3276 778 δεσπότης
3309 709 3405 776 τὴν
3440 724 3576 775 πρε-

2003 804 2191 857 σϐείαν
2225 806 2537 875 δεξάμενος,
2577 806 2652 869 ὡς
2686 806 2866 859 λαϐὼν
2907 807 3056 875 παρὰ
3099 805 3363 875 βασιλέως
3402 805 3575 872 ἐκχώ-

2005 914 2180 967 ρησιν,
2210 899 2427 950 ἐκέλευε
2474 899 2599 962 τοὺς
2646 900 2841 968 ὅρκους
2878 899 3153 967 γενέσθαι.
3200 898 3308 950 Καὶ
3352 896 3415 965 δὴ
3452 914 3576 948 συνο

2002 984 2170 1037 ελθὼν
2204 986 2353 1056 αὐτῷ
2413 987 2499 1055 ἐφ’
2535 989 2848 1058 ὁρισθείσης
2889 991 3122 1059 ἡμέρας,
3158 991 3251 1042 καὶ
3287 1005 3575 1041 κατασπα-

2006 1076 2238 1144 σάμενος
2270 1078 2532 1150 ἀπλάστῳ
2573 1081 2718 1152 ἤθει,
2760 1083 2807 1133 εί
2852 1084 3101 1143 κάκεῖνος
3145 1082 3240 1133 καὶ
3286 1079 3445 1134 πάλιν
3487 1080 3576 1131 τὸν

2002 1168 2152 1222 δόλον
2177 1170 2439 1240 ἔκρυπτε,
2468 1173 2603 1242 πρὸς
2630 1172 2698 1224 τὰ
2721 1173 2893 1225 οίκεία
2926 1173 3201 1240 ἐκπέμπει

2004 1283 2109 1337 κα’.
2143 1284 2346 1349 ’Ὅπως
2365 1288 2397 1337 ὁ
2421 1285 2723 1350 δεσπότης·
2759 1285 3033 1349 Ἰωάννης
3067 1283 3435 1349 ἀπαλλαγεὶς
3463 1282 3579 1334 τῶν

2074 1353 2333 1407 Δυτικῶν
2353 1355 2474 1420 τοῖς
2504 1356 2630 1411 κατ’
2658 1356 2984 1421 Ἀντιτολὴν
3010 1355 3243 1422 ἐχθροῖς
3273 1355 3571 1421 «pectitu-

2072 1427 2187 1477 λει.
2222 1423 2331 1477 Καὶ
2360 1426 2605 1493 μερικὸς
2626 1426 2874 1489 ἔπαινος
2902 1427 3133 1479 τούτου.

2077 1534 2141 1606 [P
2172 1535 2295 1608 144]
2316 1538 2420 1591 Τὸν
2451 1522 2633 1606 μέντοι
2656 1556 2718 1605 γε
2739 1539 3011 1607 δεσπότην
3043 1538 3300 1607 Ἰωάννην
3337 1554 3581 1607 μετακα-

2006 1626 2304 1694 λεσάμενος
2333 1631 2396 1682 ὲκ
2435 1629 2835 1698 Θεσσαλονίκης
2860 1633 2885 1682 ό
2920 1631 3191 1700 βασιλεὺς,
3238 1631 3433 1699 μικρὸν
3464 1632 3587 1682 ὅσον

2007 1721 2369 1791 διατρίψαντά
2408 1723 2480 1784 οί,
2527 1722 2642 1791 ἃμα
2674 1724 2798 1784 ταῖς
2848 1722 3109 1793 δυνάμεσι
3150 1722 3283 1792 προς
3325 1720 3587 1788 ἀνατολὴν

2009 1812 2311 1879 ἐκπέμπει,
2341 1812 2453 1874 τοῖς
2497 1813 2735 1881 Πέρσαις
2771 1812 2845 1875 ὡς
2881 1809 2949 1883 ἦν
2986 1813 3343 1882 συμμίξοντα.
3376 1808 3486 1864 Ἦν
3530 1813 3586 1863 δὲ

2011 1905 2250 1974 κάκείνῳ
2284 1905 2465 1975 τρυφὴ
2517 1909 2576 1957 τὸ
2621 1905 2850 1967 ἐκείνοις
2897 1905 3223 1973 ἐφεστάναι,
3275 1905 3367 1958 καί
3406 1922 3459 1956 τι
3490 1905 3590 1973 τῆς

2013 1998 2176 2052 αὑτοῦ
2235 1997 2391 2066 δόξης
2439 1997 2585 2061 ἄξιον
2622 1996 3037 2066 διαπράξεσθαι.
3086 1992 3197 2048 Ἦν
3231 1997 3336 2065 γὰρ
3383 1996 3409 2048 ό
3448 1997 3589 2064 ἀνὴρ

2013 2092 2133 2151 ταῖς
2161 2087 2441 2157 ἀληθείαις
2469 2088 2747 2154 ὀξύτατος,
2780 2088 2856 2150 ὡς
2899 2087 2992 2140 νῦν
3025 2086 3121 2156 μὲν
3154 2086 3369 2139 ἐνταῦθ’
3396 2085 3591 2139 ἀκούε-

2016 2182 2164 2245 σθαι,
2192 2180 2289 2234 νῦν
2315 2180 2370 2233 δὲ
2405 2184 2663 2250 παρεῖναι
2709 2181 2844 2234 ὅπου
2892 2197 2972 2242 τις
3022 2178 3154 2248 μηδὲ
3192 2178 3593 2247 προσεδόκησεν

2014 2274 2081 2327 ἂν
2112 2274 2354 2327 πώποτε.
2390 2274 2598 2335 Σκευὰς
2628 2272 2672 2324 δ’
2703 2272 2916 2334 ὲκείνας
2947 2271 3040 2323 καὶ
3078 2269 3375 2337 ταγμάτων
3408 2267 3587 2349 πλήθη

2012 2367 2106 2420 καὶ
2138 2366 2432 2437 θεραπείας
2465 2366 2672 2434 ἀφιεὶς,
2699 2364 2938 2434 ἑσπέρας
2972 2360 3374 2430 σκευαζόμενος
3399 2358 3593 2421 ἵπποις

2013 2460 2214 2530 ἐχρῆτο
2254 2458 2682 2529 ταχυδρομοῦσι,
2731 2460 2825 2510 καὶ
2871 2458 2981 2518 τοῖς
3033 2454 3157 2524 μηδ’
3200 2457 3279 2517 είς
3320 2453 3447 2505 νοῦν
3493 2453 3591 2522 τὴν

2013 2554 2217 2605 ἐκείνου
2274 2552 2457 2622 ἔχουσι
2514 2551 2820 2622 παρουσίαν
2884 2549 3162 2617 ἐφίστατο.
3224 2547 3335 2600 Καὶ
3382 2546 3469 2598 ἵνα
3515 2546 3593 2616 μὴ

2014 2642 2369 2714 καταχαλῷτο
2389 2644 2449 2696 τὸ
2485 2643 2642 2713 σῶμα
2668 2642 2983 2712 κινούμενον
3007 2640 3091 2711 ἐφ’
3126 2641 3311 2694 ’ίππων
3339 2638 3432 2695 καὶ
3462 2641 3594 2692 ἁνα-

2018 2822 2374 2876 immutabilis
2424 2822 2620 2891 pignus
2675 2830 2835 2890 atque
2892 2818 3133 2871 obsidem
3185 2815 3380 2870 obtulit
3428 2815 3594 2883 juris-

2011 2915 2227 2984 jurandi
2274 2915 2626 2984 religionem,
2660 2929 2762 2981 qua
2811 2911 3062 2981 praesenti
3106 2925 3165 2964 se
3204 2908 3592 2975 obstringeret,

2015 3007 2269 3076 colloquii
2325 3007 2536 3075 capiam
2590 3006 2654 3058 ad
2709 3005 2759 3057 id
2814 3002 3123 3070 postulans,
3170 3010 3224 3055 et
3270 3015 3491 3069 sperare
3534 3014 3595 3054 se

2015 3097 2164 3149 aiens
2207 3104 2397 3149 mutuo
2441 3104 2735 3163 conspectu
2784 3094 3013 3147 sincera
3058 3105 3169 3144 suae
3211 3091 3498 3143 voluntatis
3539 3092 3593 3142 in

2017 3195 2277 3242 aeternam
2309 3186 2651 3241 concordiam
2683 3187 2859 3247 ﬁdem,
2886 3181 3282 3250 quantumlibet
3307 3182 3591 3244 dubitanti,

338 3278 462 3329 dem
498 3273 580 3327 vel
613 3275 925 3340 minimutn,
958 3276 1025 3328 ab
1060 3274 1140 3328 eis
1176 3274 1317 3329 ultro
1347 3274 1663 3328 invadendis
1692 3284 1745 3328 et
1777 3275 1918 3329 malo
1947 3303 1992 3364 ο
2021 3292 2079 3333 se
2122 3279 2412 3333 facturum.
2448 3276 2601 3330 Haud
2649 3287 2970 3344 aspernatus
3012 3274 3329 3342 legationem
3374 3273 3592 3339 des-pota

338 3367 608 3420 donandis
649 3364 846 3421 Joanui
892 3368 1129 3435 despotaa
1174 3380 1281 3420 non
1328 3375 1476 3433 erat,
1512 3383 1757 3435 magnam
1802 3370 1919 3439 ejus

340 3458 467 3513 belli
514 3459 747 3513 habente
795 3458 1099 3512 facultatem
1141 3472 1330 3513 secura
1373 3460 1712 3528 possessione
1745 3460 1919 3516 Thes-

342 3549 704 3604 salonicensis
749 3548 927 3612 urbis,
955 3550 1047 3601 ubi
1091 3558 1144 3602 et
1188 3550 1475 3603 stationem
1519 3560 1721 3605 certam
1762 3564 1818 3607 et
1853 3553 1919 3606 ad

339 3641 575 3709 impetus
607 3639 977 3694 incursiomtm
1010 3641 1058 3693 in
1095 3655 1309 3695 omnem
1339 3641 1760 3711 circumquaque
1791 3645 1920 3699 sitas

343 3744 520 3787 terras
553 3722 802 3786 Michaeli
828 3732 1097 3800 subjectos
1124 3732 1359 3801 despotze
1385 3734 1620 3788 habebat
1664 3747 1920 3804 opportu-

343 3838 493 3886 nam,
517 3837 641 3877 cum
661 3833 848 3893 parato
878 3833 1116 3894 receptu.
1138 3822 1233 3879 llis
1252 3826 1317 3879 de
1337 3826 1514 3881 causis
1533 3840 1597 3880 eo
1619 3842 1803 3881 rursus
1821 3829 1922 3881 im-

346 3926 565 3983 perator
592 3912 853 3970 Joannem
876 3916 1153 3986 deSpotam
1179 3917 1325 3972 misit
1361 3932 1479 3971 cum
1504 3920 1734 3972 maxima
1766 3932 1918 3987 parte

345 4009 666 4078 copiarum,
700 4008 824 4063 licet
870 4009 935 4062 iis
983 4010 1293 4064 laborantes
1338 4020 1393 4065 et
1441 4011 1571 4080 ipsae
1614 4010 1920 4067 Orientales

351 4102 645 4170 provinciae
676 4116 782 4154 non
818 4116 1009 4170 parum
1042 4102 1362 4170 indigerent.
1392 4102 1439 4156 ls
1474 4118 1635 4170 porro
1662 4104 1768 4157 cito
1801 4119 1921 4172 per-

348 4202 538 4248 vectus
564 4192 1004 4249 Thessalonicam
1035 4195 1333 4249 exercitum
1363 4196 1415 4249 in
1447 4195 1754 4250 Michaelem
1786 4198 1922 4250 adeo

348 4287 600 4342 celeriter
634 4287 881 4351 immisit,
906 4299 962 4342 ut
994 4287 1190 4343 famam
1232 4288 1647 4359 opinionemque
1689 4305 1921 4360 putaver-

351 4390 470 4433 tens
499 4380 585 4433 vix
614 4383 765 4447 prius
796 4380 1009 4434 auditus
1034 4389 1347 4435 cerneretur
1370 4392 1423 4435 et
1447 4382 1742 4435 sentiretur
1765 4396 1922 4452 agere

350 4469 602 4540 ferreque
630 4470 903 4526 Michaelis
927 4472 1184 4526 ditionem
1211 4473 1357 4526 omni
1386 4474 1536 4528 clade
1564 4472 1707 4528 belli.
1735 4474 1919 4529 Praeda

350 4563 547 4618 dehinc
577 4562 757 4617 omnis
787 4563 999 4631 generis
1022 4573 1245 4617 onustas
1278 4564 1329 4616 iu
1362 4572 1532 4617 tntum
1561 4566 1745 4634 copias
1773 4579 1919 4619 rece-

2020 3369 2285 3433 Joanues,
2322 3373 2411 3437 qui
2447 3383 2503 3422 se
2540 3368 2691 3436 plena
2729 3368 2791 3419 ad
2829 3364 3171 3418 tractandum
3208 3371 3475 3431 potestate
3513 3362 3596 3413 in-

2021 3473 2283 3517 structum
2332 3462 2400 3515 ab
2441 3462 2764 3531 imperatore
2813 3457 3160 3518 meminerat,
3202 3456 3338 3507 diem
3385 3454 3594 3506 locum-

2019 3570 2124 3623 que
2148 3553 2578 3623 juramentornm
2614 3551 2947 3603 czeremonim
2977 3547 3289 3609 constituit;
3322 3560 3493 3613 eoque
3529 3543 3594 3597 ad

2021 3645 2329 3697 condictum
2374 3658 2699 3703 occurrens,
2737 3652 2791 3694 ut
2827 3650 2942 3694 erat
2978 3638 3206 3692 naturali
3247 3636 3506 3689 facilitate
3544 3642 3600 3688 et

2022 3737 2156 3791 recti
2194 3735 2524 3789 conscientia
2562 3733 2849 3795 credulus,
2880 3733 3088 3784 sincera
3125 3729 3239 3799 ipse
3279 3737 3457 3780 mente
3492 3741 3595 3778 non

2022 3830 2136 3898 pari
2168 3830 2404 3883 candore
2426 3829 2697 3898 jurantem
2733 3840 2796 3879 ac
2829 3825 2977 3876 dolos
3009 3832 3138 3875 tunc
3163 3833 3376 3890 quoque
3405 3818 3599 3870 verbo-

2025 3938 2140 3976 rum
2180 3921 2389 3974 fallacia
2439 3920 2700 3973 celantem
2746 3916 2949 3968 audivit
2991 3912 3338 3974 Mieltaelem,
3367 3924 3599 3976 eumque

2024 4014 2228 4069 foedere
2260 4016 2365 4069 icto
2394 4012 2606 4066 remisit
2635 4011 2698 4063 ad
2729 4011 2964 4077 propria.

2021 4128 2111 4182 21.
2170 4126 2235 4180 Ut
2294 4129 2509 4193 despota
2542 4122 2779 4176 Joannes
2834 4121 3136 4189 perfunctus
3169 4115 3492 4193 expeditione
3538 4114 3593 4166 in

2097 4190 2531 4256 Occiduoxpcum
2577 4194 2808 4246 [testibus
2867 4196 2917 4242 in
2970 4193 3167 4241 oriente
3232 4190 3300 4240 sit
3353 4201 3599 4251 δοκέῃ-εειΔ

2094 4285 2219 4330 sua;
2250 4279 2294 4319 et
2325 4268 2542 4318 laudum
2600 4264 2713 4330 ejus
2747 4263 3044 4314 distinctior
3073 4258 3407 4325 praedicatio.

2092 4386 2159 4435 At
2194 4383 2481 4448 imperator
2545 4378 2821 4445 despotam
2877 4375 3141 4427 Joannem
3215 4371 3599 4425 Thessalonica

2026 4482 2334 4526 revocatum
2360 4478 2476 4538 post
2497 4469 2760 4520 modicam
2790 4465 2928 4531 apud
2956 4479 3011 4516 se
3044 4476 3246 4515 moram
3271 4476 3391 4514 cum
3419 4457 3592 4523 colitis

2024 4564 2076 4615 iu
2140 4563 2399 4615 orientem
2446 4563 2627 4619 tttittit,
2673 4557 2930 4609 adversus
2972 4554 3164 4609 Persas
3189 4552 3296 4605 illic
3340 4562 3604 4618 pugnatu—

351 4656 460 4723 pit,
497 4666 552 4709 et
596 4657 740 4709 circa
785 4653 1102 4708 Bardariutu
1152 4670 1363 4709 amnem
1411 4655 1741 4710 hiematuras
1782 4657 1916 4711 locis
1949 4657 1987 4711 D
2018 4670 2159 4708 rum.
2190 4654 2561 4706 Delectabatur
2597 4652 2681 4703 hic
2718 4652 2798 4701 vir
2832 4648 2934 4700 isto
2964 4645 3362 4714 expeditionum
3395 4643 3599 4707 labore,

350 4747 649 4802 commodis
674 4746 958 4814 disposuit,
980 4755 1039 4801 ut
1059 4746 1307 4801 videlicet
1327 4762 1390 4802 ex
1417 4746 1578 4816 215
1601 4749 1918 4817 propinquo,

352 4855 478 4894 vere
509 4840 742 4908 primum
787 4841 1158 4904 illucescente,
1182 4838 1405 4893 hostiles
1436 4840 1630 4893 iterum
1679 4841 1924 4909 regiones

354 4930 691 4983 invaderent.
729 4930 795 4981 At
829 4927 1076 4993 Michael,
1110 4926 1294 4981 dolore
1321 4928 1637 4980 damnorum
1669 4944 1786 4995 quae
1813 4929 1921 4995 jam

353 5027 599 5074 senserat
633 5020 1024 5072 imminentium
1064 5031 1208 5072 metu
1244 5019 1549 5082 cumulato,
1579 5020 1925 5075 vehementer

354 5111 585 5164 amictus
620 5112 683 5164 ad
716 5109 938 5165 Joannis
972 5111 1052 5165 vel
1097 5112 1264 5165 solam
1311 5110 1638 5165 mentionem
1681 5123 1924 5165 conster-

358 5205 607 5269 uabatur,
640 5204 859 5257 remissa
896 5219 998 5258 non
1030 5218 1216 5271 parmn
1255 5202 1341 5257 illa
1375 5203 1576 5256 ferocia
1604 5204 1788 5273 priori,
1820 5219 1923 5273 qua

356 5295 544 5347 solitus
572 5306 729 5348 antea
762 5305 879 5348 erat
911 5296 1253 5359 insolescere,
1285 5293 1478 5346 fiducia
1508 5294 1689 5362 utique
1718 5291 1927 5346 Italico—

359 5403 476 5441 rum
506 5387 828 5440 auxiliorttm
863 5403 891 5439 a
926 5386 1204 5441 Manfredo
1236 5400 1467 5453 genero,
1497 5385 1755 5439 Friderici
1786 5386 1925 5448 filio,

359 5474 456 5541 ipsi
503 5483 837 5543 paratorum.
870 5472 975 5527 Sed
1013 5485 1137 5528 tunc
1172 5475 1269 5529 ista
1305 5489 1399 5541 spe
1430 5490 1636 5542 opeque
1670 5474 1923 5527 damnata

357 5564 509 5628 quasi
544 5562 699 5615 malis
725 5562 1041 5630 urgentibus
1070 5573 1280 5628 reperta
1316 5562 1531 5630 impari,
1559 5562 1623 5615 ad
1656 5564 1929 5614 tractatio-

360 5670 475 5706 nem
521 5655 668 5722 pacis
709 5654 987 5723 confugit;
1024 5665 1076 5707 et
1109 5654 1301 5722 legatis
1337 5656 1401 5707 ad
1434 5653 1692 5707 Joannem
1728 5652 1929 5720 suppli-

359 5746 509 5799 cibus
547 5746 757 5809 missis,
787 5749 930 5800 serio
976 5746 1084 5813 jam
1119 5747 1386 5814 pcenitere
1433 5761 1553 5801 sese
1588 5745 1836 5798 fraudum
1876 5754 1927 5797 et

368 5838 802 5906 inquietudinum
836 5846 1224 5909 prieteritarum
1257 5839 1489 5893 obnoxie
1520 5854 1583 5891 ac
1611 5838 1929 5891 lamentabi-

364 5930 483 5994 titcr
534 5931 845 6001 professus.
895 5932 1017 5986 lidci
1075 5934 1502 5999 constantiaeque
1548 5930 1602 5983 in
1655 5939 1922 5998 posterum

2024 4757 2079 4802 et
2109 4760 2328 4800 summa:
2357 4744 2426 4796 illi
2471 4742 2759 4810 voluptatis
2794 4739 2909 4792 loco
2944 4747 3061 4792 erat
3090 4735 3290 4803 aliquid
3325 4733 3481 4788 laude
3517 4734 3603 4787 di-

2026 4854 2185 4909 gnum
2238 4852 2438 4906 gerere.
2490 4833 2624 4887 Vera
2674 4831 2793 4897 ejus
2834 4831 3001 4899 gloria
3047 4840 3164 4882 erat
3203 4826 3600 4881 velocissimum

2027 4934 2220 4985 ducum
2274 4926 2514 4979 omnium
2571 4926 2621 4975 in
2674 4922 3043 4991 belligerantlo
3088 4934 3227 4979 esse,
3273 4918 3343 4970 ita
3376 4928 3434 4968 ιιι
3482 4930 3600 4966 cum

2028 5020 2224 5075 alicubi
2262 5020 2466 5071 versari
2500 5032 2569 5069 au
2592 5017 2799 5079 liretnr,
2836 5027 2958 5064 mox
2984 5010 3093 5063 illtc
3120 5012 3333 5061 alt-sset
3363 5022 3468 5075 quo
3507 5021 3603 5057 ue.-

2030 5122 2116 5161 mo
2141 5122 2373 5174 unquam
2417 5106 2781 5158 existimasset
2831 5102 2993 5170 216
3026 5110 3132 5152 tam
3177 5099 3322 5151 brevi
3365 5108 3604 5163 tempore

2030 5197 2307 5267 pervolare
2354 5195 2611 5263 pctuisse.
2657 5190 2859 5259 Nempe
2904 5188 3287 5257 itnpcdimeuta
3337 5184 3603 5253 suppelle-

2030 5290 2174 5345 cttlis
2206 5288 2501 5341 castrensis
2522 5296 2575 5340 ct
2607 5286 2726 5340 illas
2774 5283 3088 5337 ambitiosas
3129 5281 3328 5334 ducum
3361 5280 3605 5332 sarcinas

2033 5382 2437 5449 minismriaque
2486 5379 2809 5432 famulorum
2867 5384 2920 5426 et
2956 5375 3143 5439 longas
3195 5371 3602 5439 clitellariorum

2033 5474 2297 5526 tunlorum
2339 5471 2614 5530 mandras,
2638 5476 2955 5535 apparatum
2994 5464 3146 5517 tarde
3174 5462 3446 5523 mobilem,
3476 5463 3600 5513 ubi-
3690 5532 3691 5535 η

2032 5577 2243 5630 (ιιιῐιιιιιο
2282 5562 2640 5630 oppressisset
2674 5572 2884 5626 vesper,
2910 5556 3182 5618 omittens,
3213 5553 3523 5623 pernicibus
3549 5554 3598 5603 iu

2030 5655 2188 5721 equis
2225 5653 2507 5719 espeditus
2541 5659 2689 5702 vasta
2722 5648 2971 5701 noetibus
3018 5648 3281 5699 emetiens
3314 5646 3507 5711 spatia,
3534 5642 3604 5695 ibi

2033 5756 2253 5814 repente
2284 5744 2573 5811 apparebat
2604 5755 2709 5809 quo
2734 5740 2994 5807 perlatum
3042 5748 3147 5792 tam
3181 5738 3384 5791 volucri
3419 5735 3609 5789 celeri-

2035 5848 2142 5890 tate
2173 5836 2327 5889 [idem
2356 5848 2570 5887 omnem
2602 5848 2662 5885 ac
2690 5831 3071 5901 cogitationem
3106 5830 3425 5892 excederet;
3461 5834 3611 5879 etne

2035 5929 2319 5994 rapiditate
2361 5923 2722 5980 incitatissimi
2757 5930 2934 5977 motus
2978 5934 3178 5987 corpus
3210 5919 3260 5972 itt
3301 5912 3611 5987 cquiscmt-
