3926 6522
364 417 470 481 (363

1578 422 1832 484 GEORG
1849 425 1900 482 ll
1944 424 2422 488 PACHYMERE

3511 429 3620 492 664

359 527 648 597 Στρόϐιλον
676 529 818 597 λέγω
849 530 944 585 καὶ
978 531 1076 604 τὴν
1106 534 1555 604 Σταδιοτραχίαν,
1599 535 1675 600 ὡς
1700 538 1936 593 ἀδύνατα
1966 545 2007 600 Α
2039 538 2247 610 χώρους
2290 543 2570 596 ἀντίποινα
2621 542 2720 597 οὐκ
2763 541 3001 596 ἐδικαίου
3059 542 3118 594 τὸ
3171 539 3411 596 σύνολον.
3466 543 3621 610 Πλην

359 620 490 673 ὄντα
535 622 1032 694 ἐπανακεκλῆσθαι,
1081 626 1192 679 οὐδ’
1244 628 1517 700 ἐπεχείρει
1566 630 1707 684 κατά
1748 632 1941 700 πεῖραν

363 718 657 784 κατασχεῖν
678 731 692 746 ι
724 715 847 769 ὅσον
877 716 921 770 δ’
953 712 1018 787 ἦν
1044 717 1104 772 τὸ
1134 719 1275 772 κατά
1305 720 1614 791 Μαίανδρον
1647 722 1739 775 καὶ
1767 721 1944 794 Τράλ-

362 810 475 871 λεις
501 810 593 862 καὶ
630 810 935 881 Κάῦστρον,
964 813 1031 864 τὰ
1067 813 1166 882 τῆς
1205 813 1386 876 Ἀσίας
1440 813 1736 883 βαθύτατα,
1773 814 1941 886 ἐκρά-

365 900 490 952 τυνέ
517 916 576 952 τε
607 901 966 971 προπολεμῶν
1008 901 1099 954 καὶ
1142 903 1242 971 τῆς
1287 904 1427 958 κατά
1473 906 1609 972 σφᾶς
1643 905 1942 974 ἀσφαλείας

368 990 619 1059 μετέχειν
650 991 844 1044 ἐδίδου.
899 993 1040 1056 Τοὺς
1080 993 1138 1045 δέ
1192 1011 1253 1062 γε
1301 990 1686 1063 Μαγεδωνίτας
1718 997 1941 1068 (ἐκάκου

363 1081 476 1149 γὰρ
504 1081 700 1144 αὐτοὺς
728 1083 786 1134 τὸ
817 1083 1026 1136 πολλῶν
1053 1084 1205 1138 ἐνθεν
1235 1087 1313 1148 εἰς
1345 1088 1444 1150 τὰς
1475 1087 1615 1141 κατά
1636 1088 1788 1140 δύσιν
1817 1089 1941 1141 δου-

363 1171 514 1235 λείας
556 1174 943 1244 μεταγομένων
999 1178 1365 1248 καταθαρῤεἴν
1411 1179 1520 1232 τῶν
1570 1179 1944 1250 λελειμμένων

364 1266 492 1327 τοὺς
527 1266 762 1336 Πέρσας)
803 1269 897 1322 καὶ
923 1269 1042 1323 λίαν
1083 1269 1305 1323 συνίστα
1349 1271 1443 1324 καὶ
1480 1271 1842 1341 ὴσφαλίζετοο
1874 1269 1942 1344 ἦν

366 1357 476 1427 γὰρ
505 1358 565 1411 τὸ
593 1360 816 1414 ἐκείνων
864 1363 1067 1432 πλῆθος
1115 1364 1338 1416 πίσυνον
1387 1363 1560 1429 τόξοις
1601 1364 1692 1416 καὶ
1725 1363 1854 1434 περὶ
1883 1364 1943 1416 τὸ

365 1451 686 1520 ἀντιμαχεῖν
721 1451 1065 1521 δεξιώτατον,
1113 1456 1206 1508 καί
1250 1473 1313 1523 γε
1357 1455 1456 1518 τὰς
1505 1457 1814 1525 προθυμίας
1851 1458 1944 1528 ἐρ-

370 1542 546 1607 ῥώννυ
580 1546 809 1616 χρυσίῳ,
861 1546 952 1599 καὶ
1003 1549 1144 1615 σφᾶς
1190 1549 1440 1618 ἐδωρεῖτο
1483 1548 1836 1618 φιλοτιμίαις.
1864 1548 1942 1612 ,οῖ

372 1639 555 1706 μέντοι
586 1655 649 1706 γε
690 1640 895 1710 Πέρσαι
922 1640 980 1692 τὸ
1005 1641 1166 1710 τάχος
1201 1641 1297 1710 τῆς
1329 1641 1651 1704 ἐπιστασίας
1683 1641 1942 1710 μαθόντες

369 1734 763 1806 κατωρρώδουν
795 1752 874 1799 τε,
912 1736 1002 1788 καὶ
1036 1726 1192 1798 αὖθις
1224 1735 1666 1798 παλινοστοῦντες
1683 1736 1802 1797 ταῖς
1821 1735 1944 1788 δυσ-

371 1825 598 1895 χωρίαις
663 1827 956 1894 ἐνεδύοντο,
1006 1829 1337 1896 ἀπογνόντες
1382 1827 1438 1882 δὲ
1468 1827 1563 1880 τοῦ
1593 1826 1816 1898 θαρρεῖν
1843 1828 1944 1880 aia-

369 1919 497 1971 τίκα
525 1919 973 1989 διεπρεσϐεύοντο
1006 1919 1241 1973 ἀπέλυόν
1290 1938 1348 1972 τε
1397 1921 1521 1984 τοὺς
1563 1918 1945 1990 αἰχμαλώτους

371 2011 466 2064 καὶ
498 2007 729 2082 ἡγάπῶν
764 2013 1084 2082 σωζόμενοι.
1139 2013 1202 2066 '0
1234 2013 1289 2066 δέ
1323 2011 1383 2065 τὸ
1431 2012 1531 2081 μὲν
1561 2011 1791 2082 ἡσυχίαν
1817 2011 1945 2081 σχή-

371 2119 488 2156 σειν
518 2105 758 2168 ἐκείνους
791 2105 1039 2169 είσαῦθις
1080 2107 1173 2158 καὶ
1203 2105 1348 2176 μάλα
1386 2103 1603 2177 θαρρῶν
1636 2104 1938 2168 ἐπίστευεν,

369 2195 468 2248 οὐκ
522 2193 581 2260 ἐξ
625 2189 700 2250 ὧν
752 2197 949 2250 ἐκεῖνοι
998 2197 1384 2268 διωμολόγουν,
1418 2197 1535 2252 ἀλλ’
1565 2197 1623 2262 ἐξ
1660 2191 1733 2252 ὦν
1781 2197 1942 2261 αὐτὸς

369 2279 508 2338 οἶδεν
549 2286 943 2357 ἐπιθησόμενος
975 2289 1069 2342 καὶ
1112 2291 1373 2358 νικήσων,
1408 2289 1462 2342 εί
1490 2306 1591 2343 που
1630 2290 1722 2344 καὶ
1761 2305 1940 2358 παριί⁸

372 2376 674 2430 κιντκθεϊεν·
709 2379 768 2431 τδ
803 2379 859 2432 δὲ
904 2379 980 2448 μὴ
1015 2379 1206 2432 παθεῖν
1245 2371 1318 2432 ὧν
1349 2381 1580 2451 ἔδρασαν
1619 2381 1745 2444 τοὺς
1771 2396 1943 2451 προσ-

368 2554 700 2610 cedeutibus.
737 2555 889 2612 Unde
921 2566 974 2612 et
1005 2557 1108 2613 alia
1144 2557 1229 2612 illa
1268 2566 1470 2614 tractus
1533 2558 1652 2626 ejus
1683 2558 1797 2628 jam
1841 2559 1941 2612 im-

371 2648 711 2716 peratoribus
737 2664 926 2716 parere
961 2650 1235 2712 desieram
1267 2666 1281 2704 :
1317 2665 1378 2704 ea
1411 2650 1535 2707 dico
1556 2666 1678 2721 quite
1697 2649 1940 2706 Strobilo

371 2749 427 2793 et
464 2739 876 2794 Stadiotrachia:
904 2742 1156 2811 adjacent
1190 2742 1328 2806 loca,
1386 2743 1458 2797 ita
1495 2743 1690 2798 validis
1731 2744 1940 2800 insessa

373 2832 645 2900 prazsidiis
694 2834 952 2901 hostium,
989 2843 1050 2889 ut
1093 2850 1277 2890 eorum
1315 2839 1776 2906 recuperationem
1845 2837 1941 2890 de-

373 2933 642 2990 speratam
668 2941 735 2980 ne
762 2927 1070 2981 teutandam
1090 2928 1308 2997 quidem
1332 2937 1426 2982 aut
1457 2938 1583 2984 tunc
1604 2930 1941 2999 cogitandam

371 3014 602 3073 Joannes
627 3021 1188 3087 putaverit.Quantum
1216 3034 1394 3077 autem
1423 3033 1541 3076 erat
1574 3023 1719 3078 circa
1744 3022 1936 3077 bimu-

371 3112 552 3178 drum,
599 3112 806 3168 Tralles
834 3129 898 3167 ac
929 3114 1212 3183 Caystrum
1247 3123 1302 3168 et
1351 3113 1490 3168 Asiae
1541 3113 1745 3176 intima,
1805 3127 1936 3168 con-

2048 631 2390 694 ἱκετεύοντας
2418 636 2793 704 προσεδέχετο,
2825 634 2919 688 καὶ
2953 633 3134 701 σφίσιν
3162 633 3316 702 ὅρους
3349 633 3540 694 ἐτίθει,
3565 636 3623 695 ἐς
3709 699 3711 701 ι

2044 723 2241 777 ὁπόσον
2292 725 2362 780 ἂν
2415 727 2509 779 καὶ
2554 727 2826 796 κινηθεῖεν
2884 725 3448 796 προσκατασαίνοντες
3499 727 3625 786 ταῖς

2045 819 2292 888 σκηναῖς,
2329 819 2407 882 ὡς
2435 819 2536 883 τὰς
2579 819 2838 889 μεγίστας
2867 818 3128 880 δώσοντες
3148 817 3324 883 δίκας,
3357 819 3406 870 εί
3439 833 3624 886 παραυ

2045 913 2340 972 σπονδοῖεν.
2375 914 2485 967 Καὶ
2521 913 2663 966 οὕτω
2711 913 2811 985 μὲν
2854 913 2882 965 ὁ
2926 912 3192 980 δεσπότης
3231 913 3299 965 τά
3341 911 3482 964 κατά
3526 913 3627 980 τὴν

2045 1003 2119 1056 ἔω
2150 1003 2423 1056 καθιστῶν
2461 1003 2560 1073 τῆς
2595 1005 2864 1074 προτέρας
2903 1001 3234 1072 δυσκληρίας
3271 1001 3628 1070 ἀνελάμϐανε

2044 1097 2171 1159 τοὺς
2198 1097 2332 1161 ἐκεῖ,
2365 1098 2459 1149 καὶ
2499 1095 2724 1168 θαρρεῖν
2771 1097 3030 1167 παρεῖχεν
3077 1094 3269 1166 ἀνέδην
3313 1095 3412 1157 τὰς
3441 1093 3630 1146 αὐτῶν

2047 1187 2428 1256 γεωργοῦντας
2460 1185 2844 1257 καρπίζεσθαι.

2046 1299 2151 1368 κβ¹.
2185 1301 2377 1365 Ὅπως
2402 1299 2604 1353 ἐνόσει
2637 1299 3033 1367 ἀπολλύμενα
3062 1296 3133 1351 τὰ
3167 1295 3319 1350 κατὰ
3345 1300 3633 1363 Μαρυαν-

2119 1369 2367 1493 δῃνοὺς,
2405 1373 2478 1424 τὰ
2517 1369 2932 1438 Βουκελλὰριά
2972 1385 3038 1423 τε
3082 1369 3182 1422 καὶ
3213 1369 3252 1422 ὴ
3300 1369 3632 1436 Παφλαγο-

2119 1457 2156 1492 ν
2183 1457 2240 1493 α.

2117 1457 2240 1496 για.

2118 1552 2183 1625 [Ρ
2214 1552 2343 1626 M7]
2378 1553 2581 1608 Ἐνόσει
2609 1555 2664 1607 δὲ
2686 1555 2754 1609 τὰ
2786 1554 2893 1609 τῶν
2931 1554 3333 1624 Βουκελλαρίων
3363 1553 3637 1620 Μαρυαν·

2044 1646 2220 1715 δηνῶν
2247 1663 2305 1699 τε
2339 1647 2434 1699 καὶ
2466 1647 2834 1717 Παφλαγόνων
2875 1647 2970 1700 καὶ
3015 1646 3138 1699 λίαν
3171 1645 3425 1716 οἰκτρῶς.
3473 1643 3560 1696 Τὸ
3587 1640 3636 1696 δ’

2047 1739 2220 1792 αἴτιον
2253 1739 2334 1792 δτι
2363 1739 2454 1792 τοῦ
2485 1739 2812 1810 κρατοῦντος
2838 1739 2908 1792 τὰ
2939 1738 3420 1809 τεθησαυρισμένα
3461 1751 3638 1805 σκορο

2049 1835 2307 1893 ’κτίσαντος
2335 1831 2478 1884 κατά
2526 1847 2584 1884 τε
2631 1829 2767 1901 κήδη
2822 1830 2915 1884 καὶ
2965 1829 3190 1900 βαρείας
3220 1827 3539 1898 φιλοτιμίας
3567 1826 3639 1880 τά

2049 1921 2184 1991 πρὸς
2233 1922 2297 1975 τά
2347 1921 2500 1992 ἔθνη,
2557 1925 2781 1992 συχναῖς
2836 1921 3163 1984 ἀποστολαῖς
3214 1919 3532 1989 χρωμένου,
3567 1946 3638 1958 -

2048 2012 2111 2085 [Ρ
2145 2013 2271 2084 148]
2301 2013 2401 2066 οὐκ
2435 2009 2551 2066 οἶδα
2585 2013 2643 2066 δέ
2690 2014 2739 2066 εί
2789 2001 2882 2068 καὶ
2922 2013 3120 2083 σκῆψις
3165 2007 3233 2082 ἦν
3278 2011 3339 2063 τὸ
3381 2009 3638 2080 προϐαλ-

2045 2104 2293 2175 λόμενον,
2328 2104 2384 2158 τὸ
2415 2104 2593 2168 ἐνδεές
2621 2104 2823 2175 δηλαδὴ
2861 2105 2991 2176 πρὸς
3035 2105 3134 2167 τὰς
3170 2103 3390 2174 χρείας·
3424 2102 3504 2170 μὴ
3539 2101 3634 2153 καὶ

2045 2197 2246 2276 μᾶλλον
2277 2192 2343 2268 ἦν
2377 2198 2438 2251 τὸ
2469 2196 2560 2250 ὑπ’
2595 2197 2785 2252 ὀδόντα
2812 2198 3124 2268 λεγόμενον,
3158 2196 3235 2259 ὡς
3277 2197 3338 2248 τὸ
3381 2194 3637 2263 ὑπήκοον

2045 2289 2366 2344 ὑποπτεύων
2418 2288 2509 2343 διά
2551 2290 2621 2342 τὰ
2673 2289 2954 2360 συμϐάντα
2986 2288 3065 2358 τῷ
3102 2285 3254 2357 ἀλαῷ
3287 2284 3498 2340 κακοῦν
3535 2283 3637 2351 ξη-

2048 2383 2199 2452 μίαις
2229 2383 2510 2453 συμφέρον
2536 2382 2698 2452 ἔγνω,
2731 2381 2806 2452 μὴ
2831 2383 2924 2435 καὶ
2948 2379 3409 2445 κατεξανασταῖεν
3435 2377 3636 2446 ἐντρυ-

2047 2562 2248 2635 siquid
2278 2564 2507 2634 amplius
2539 2569 2838 2626 moverent,
2872 2562 2942 2616 ita
3004 2560 3144 2616 male
3203 2560 3515 2615 multandos
3581 2569 3638 2613 ut

2047 2655 2445 2725 praeteritarum
2528 2653 2852 2723 iniuriarum
2914 2651 3218 2708 cumulatas
3299 2651 3639 2720 persoluturi

2044 2758 2234 2814 ptenas
2259 2743 2456 2806 forent,
2488 2742 2592 2797 isto
2629 2751 2770 2795 metu
2797 2740 3156 2796 continendos
3187 2737 3307 2794 illos
3367 2738 3420 2793 in
3452 2736 3644 2792 cilicio

2043 2837 2302 2906 speravit.
2332 2834 2527 2889 Pacem
2559 2844 2743 2888 autem
2796 2832 2944 2888 dedit
3000 2831 3064 2887 iis
3116 2830 3449 2900 petentibus,
3494 2844 3644 2897 quos

2045 2944 2104 2984 se
2143 2927 2282 2983 bello
2315 2935 2715 2996 superaturum,
2750 2926 2796 2980 si
2827 2933 3140 2987 conaretur,
3175 2923 3332 2992 221
3407 2922 3645 2976 minime

2049 3020 2348 3085 dubitabat,
2385 3018 2735 3073 miseratione
2762 3017 3003 3086 gentium
3049 3015 3258 3070 vicinos
3298 3013 3432 3083 ipsis
3479 3014 3642 3067 ineo-

2053 3112 2280 3168 lentium
2323 3120 2552 3173 tractus,
2582 3125 2650 3164 ne
2675 3109 2802 3165 victi
2831 3109 2906 3164 illi
2951 3111 3222 3163 malorum
3281 3119 3346 3159 ac
3391 3103 3641 3160 cladium

369 3207 608 3260 ﬁrmavit
637 3223 1001 3277 propugnans.
1027 3189 1187 3277 atque
1219 3219 1274 3262 ut
1309 3222 1501 3264 secure
1529 3209 1764 3278 prepriis
1794 3209 1939 3265 iudi-
1969 3234 2016 3294 ο
2047 3221 2183 3278 quas
2255 3204 2398 3276 passi
2455 3202 2598 3258 bello
2646 3211 2829 3278 essent
2890 3201 3148 3256 ultionem
3196 3216 3227 3255 a
3278 3198 3642 3254 debilioribus

370 3313 521 3366 genus
577 3298 906 3366 fruerentur,
958 3301 1283 3371 proferendo
1359 3303 1498 3357 ultra
1550 3303 1690 3358 bello
1743 3303 1942 3360 eti‘ecit.

377 3391 730 3460 Magedouum
761 3407 972 3463 quoque
998 3401 1212 3463 gentem
1263 3393 1510 3449 Romano
1564 3397 1800 3452 asseruit
1845 3397 1946 3450 im-

375 3486 550 3556 perio,
578 3485 628 3538 in
651 3495 892 3539 extremo
915 3493 1042 3538 tunc
1072 3485 1298 3554 positam
1331 3485 1641 3542 discrimine
1667 3488 1946 3542 deﬁciendi

377 3575 446 3630 ad
475 3575 667 3630 Persas
690 3585 777 3627 aut
811 3574 941 3643 ipsis
971 3573 1380 3629 succumbendi.
1417 3573 1762 3628 Laborahant
1803 3577 1945 3628 enim

372 3667 589 3722 illorum
639 3681 746 3732 res,
806 3665 1076 3735 plerisque
1103 3665 1318 3720 illorum
1358 3667 1600 3720 evocatis
1652 3667 1718 3721 ab
1776 3669 1948 3735 impe-

374 3766 557 3814 ratore
587 3768 642 3813 et
674 3758 958 3813 militatum
994 3759 1176 3813 missis
1245 3768 1429 3813 contra
1483 3760 1664 3816 hostes
1719 3757 1946 3815 Occidui

374 3849 582 3914 limitis,
616 3850 796 3919 ibique
823 3849 1074 3918 praesidio
1131 3849 1353 3915 relictis,
1389 3850 1592 3906 idcirco
1650 3853 1793 3922 quod
1833 3851 1949 3920 ejus

377 3947 614 4014 generis,
648 3955 834 4014 utpote
879 3945 1114 4000 arcubus
1145 3943 1476 4014 peritissime
1531 3945 1748 4009 utentis,
1785 3959 1949 4014 opera

376 4041 430 4094 in
462 4040 865 4095 velitatioaibus
894 4049 948 4094 et
982 4039 1184 4108 prmliis
1235 4038 1570 4096 laudaretur.
1609 4039 1737 4093 [mle
1785 4056 1949 4109 porro

374 4132 579 4188 factum
617 4143 674 4187 ut
733 4133 897 4187 vit-ini
941 4132 1140 4196 Persae,
1183 4134 1276 4203 qui
1341 4134 1541 4204 alioqui
1604 4150 1947 4190 numerosam

377 4227 652 4280 nationem
679 4224 969 4292 sagittandi
1002 4225 1388 4280 exercitatione
1420 4225 1814 4280 formidabilem
1841 4241 1947 4280 nou

376 4330 579 4372 temere
603 4319 950 4382 lacesserent,
983 4332 1127 4372 nunc
1155 4331 1272 4371 eam
1301 4316 1598 4373 delectibus
1631 4319 1948 4372 exhaustam

376 4411 640 4479 imparem
683 4410 751 4464 ob
778 4409 1099 4480 paucitatem
1133 4409 1436 4486 juventutis
1504 4409 1618 4466 suis
1667 4409 1951 4464 insultibus

381 4503 484 4557 rati
511 4501 773 4556 audacter
833 4501 1173 4566 invaderent,
1235 4502 1374 4556 haud
1431 4503 1592 4557 dubie
1646 4502 1946 4567 subacturi,

2049 3298 2326 3354 vexationi
2355 3295 2698 3368 opportunis,
2731 3307 2970 3365 tempore
3001 3294 3196 3349 deinde
3225 3303 3464 3362 captato,
3517 3291 3645 3347 exti-

2049 3402 2258 3464 gerent.
2283 3392 2546 3448 Caeterum
2569 3404 2675 3461 quo
2699 3389 2876 3446 minus
2909 3403 3084 3443 causre
3117 3388 3378 3442 haberent
3401 3401 3431 3439 a
3457 3386 3643 3455 pactis

2052 3486 2349 3550 resiliendi,
2383 3484 2516 3538 lines
2558 3483 2625 3538 iis
2670 3481 3001 3552 prmseripsit
3056 3479 3191 3534 satis
3252 3477 3427 3540 laxos,
3491 3477 3644 3531 intra

2048 3593 2184 3648 quos
2215 3577 2428 3632 abunde
2459 3589 2781 3644 pascuorum
2805 3573 2918 3627 suis
2952 3573 3237 3632 armentis.
3279 3579 3334 3625 et
3372 3569 3637 3640 gregibus

2051 3670 2332 3731 haberent,
2367 3667 2511 3721 serio
2535 3666 2780 3732 edicens,
2819 3667 2863 3720 si
2897 3665 3036 3719 ultra
3088 3672 3456 3730 erumperent,
3520 3663 3644 3718 vio-

2051 3762 2144 3816 lati
2173 3762 2392 3816 hederis
2432 3760 2698 3830 piaculum
2753 3760 2985 3812 maxima
3048 3758 3284 3825 ipsorum
3323 3755 3642 3810 calamitate

2051 3853 2326 3910 luendum.
2363 3853 2417 3906 in
2452 3853 2594 3906 hunc
2632 3851 2849 3904 modum
2892 3863 2987 3919 per
3037 3848 3276 3903 Orientis
3324 3847 3646 3917 provincias

2049 3947 2296 4017 despota,
2342 3945 2514 4002 deleta
2589 3943 2883 4012 ignominia
2925 3953 3076 4010 prius
3127 3949 3471 4010 acceptarum
3531 3940 3646 3994 illic

2050 4039 2282 4094 cladium
2352 4048 2408 4092 et
2456 4051 2633 4091 rerum
2689 4045 2832 4090 statu
2894 4036 3200 4095 emendato,
3236 4033 3486 4088 ﬁduciam
3534 4032 3646 4086 illis

2051 4131 2304 4202 gentibus
2326 4130 2471 4190 fecit.
2497 4130 2606 4182 otio
2637 4143 2701 4182 ac
2729 4142 2860 4195 pace
2907 4126 3108 4194 ubique
3131 4125 3416 4191 restitutis,
3465 4125 3642 4182 libere

2053 4222 2308 4291 deinceps
2375 4218 2689 4274 attendeudi
2742 4218 2967 4272 cultura:
3033 4230 3283 4285 agrorum
3340 4225 3394 4269 et
3451 4230 3644 4271 secure

2053 4315 2263 4386 legendi
2308 4313 2514 4369 fructu,
2563 4312 2755 4366 uberes
2811 4322 3077 4365 terrarum
3111 4310 3166 4363 in
3201 4307 3396 4378 quibus
3427 4305 3644 4362 habita-

2055 4420 2197 4463 rent.

2050 4500 2141 4554 22.
2175 4499 2241 4554 Ut
2265 4504 2488 4572 pessimo
2509 4503 2564 4556 in
2585 4511 2726 4555 statu
2754 4499 2952 4569 fuerint
2980 4496 3132 4572 plane
3153 4493 3634 4572 penditte‘Margau-

378 4593 844 4663 despondentibus
876 4593 986 4662 jam
1019 4565 1232 4648 animos
1262 4595 1472 4663 exiguis
1515 4593 1621 4648 illis
1681 4565 1946 4662 reliquiis,

2089 4565 2344 4626 denaram
2361 4565 2871 4639 Bucellariorumque
2893 4565 3122 4638 regiones
3147 4577 3196 4621 et
3219 4565 3609 4635 Paphlagonia.

361 4687 435 4762 ~ni
469 4702 497 4739 a
528 4684 738 4739 Joanne
771 4685 995 4752 deSpota
1027 4684 1504 4750 confirmarentur,
1537 4699 1672 4744 auro
1705 4686 1850 4754 ipsos
1901 4697 1955 4740 et

381 4777 1053 4847 inuuilicislargitionibus
1083 4778 1400 4840 deliniente,
1466 4777 1658 4846 sicque
1709 4777 1775 4829 ad
1834 4776 1956 4831 tidei

379 4888 508 4941 erga
544 4873 827 4941 imperium
861 4872 1224 4926 constantiam
1257 4880 1309 4925 et
1370 4870 1659 4925 resistendi
1716 4869 1961 4924 hostibus

391 4965 732 5018 alacritatem
765 4963 1055 5019 excitante.
1095 4961 1277 5017 Persa)
1312 4976 1477 5030 porro
1510 4963 1837 5017 iucurrentis
1904 4962 1955 5016 in

385 5059 534 5128 ipsos
565 5065 708 5112 tanta
753 5056 1033 5112 celeritate
1072 5057 1309 5124 despota:
1367 5053 1676 5124 improvisis
1714 5064 1961 5109 conster-

388 5152 502 5207 uati
571 5151 803 5216 nuntiis,
858 5160 1065 5204 terrore
1119 5165 1184 5203 ac
1241 5147 1618 5215 desperatione
1673 5163 1965 5203 successus

381 5247 559 5300 aversi
599 5257 745 5301 retro
773 5253 920 5310 sunt,
956 5258 1125 5311 seque
1169 5241 1350 5296 statim
1415 5241 1471 5296 in
1528 5255 1774 5304 suorum,
1827 5241 1966 5295 mule

392 5340 730 5408 prodierant,
774 5333 1308 5391 inaccessa-latibula
1339 5333 1603 5388 montium
1655 5333 1969 5388 recondide—

393 5439 538 5482 iunt.
575 5429 652 5481 Ae
681 5426 826 5482 velut
856 5441 921 5479 ne
965 5424 1071 5477 illic
1103 5422 1322 5494 quidem
1345 5438 1405 5479 se
1435 5432 1581 5478 tutos
1622 5422 1748 5487 rati,
1780 5423 1968 5491 legatis

381 5523 563 5578 missis
595 5521 928 5589 captiviSque
959 5517 1200 5584 redditis,
1230 5531 1414 5588 pacem
1443 5517 1704 5580 fet-erunt,
1741 5519 1789 5572 in
1821 5518 1970 5572 lucro

325 5617 345 5694 ᾖ
395 5625 662 5685 ponentes
706 5614 850 5684 quod
890 5612 1023 5667 salvi
1082 5621 1451 5680 superessent.
1507 5611 1742 5665 Joannes
1787 5621 1966 5665 autem

394 5711 681 5780 quieturos
715 5710 862 5776 ipsos
890 5707 940 5760 in
996 5718 1269 5775 posterum
1310 5714 1458 5760 certo
1503 5705 1827 5768 conﬁdebat,
1865 5717 1968 5756 non

389 5805 647 5872 quoniam
683 5800 964 5869 promissis
992 5800 1229 5868 ipsorum
1265 5799 1488 5853 multum
1522 5798 1644 5852 tidei
1685 5796 1969 5858 tribueret,

389 5894 487 5950 sed
525 5893 651 5963 quia
694 5891 794 5948 sibi
830 5891 1081 5947 conscius
1109 5899 1162 5946 et
1203 5889 1398 5944 virium
1434 5898 1486 5946 et
1532 5888 1696 5945 animi
1730 5886 1794 5943 ad
1848 5901 1962 5951 eos,

2129 4685 2473 4741 Laborabant
2496 4696 2676 4742 autem
2710 4697 2764 4740 et
2789 4686 3042 4739 miserum
3072 4684 3124 4740 iu
3160 4683 3376 4736 modum
3425 4677 3642 4734 afﬂicta:

2061 4778 2318 4848 jacebaut
2347 4777 2772 4832 Bucellariorum
2787 4786 2839 4830 et
2854 4775 3346 4845 Maryandenorum
3371 4772 3640 4840 regiones,

2069 4871 2310 4937 itemque
2331 4866 2744 4938 Paphlagonia;
2780 4868 2938 4936 cujus
2997 4865 3075 4920 rei
3113 4879 3278 4919 causa
3335 4865 3449 4918 base
3499 4873 3638 4917 erat.

2066 4962 2365 5030 Imperator
2394 4961 2459 5014 iis
2485 4975 2606 5029 quae
2645 4960 2987 5028 superiorum
3031 4958 3334 5028 principum
3365 4955 3634 5024 parsimo-

2072 5053 2159 5106 nia
2187 5064 2537 5121 congesserat
2565 5048 2903 5120 consumptis
2965 5050 3018 5102 in
3081 5057 3156 5102 tot
3218 5046 3534 5115 largitiones
3577 5061 3639 5098 ac

2069 5145 2320 5200 donativa
2346 5145 2631 5200 ambitiosa
2659 5154 3034 5213 praetereaque
3067 5142 3118 5196 in
3148 5142 3384 5210 pretiosa
3413 5153 3638 5194 munera

2075 5237 2412 5308 principibus
2441 5249 2535 5292 aut
2557 5239 2763 5292 exteris
2790 5237 3040 5307 gentibus
3089 5235 3275 5300 missa,
3322 5234 3520 5302 quibus
3567 5231 3637 5284 illi

2072 5330 2138 5385 ad
2192 5330 2396 5386 foedera
2451 5339 2507 5384 et
2553 5330 2844 5384 societates
2901 5328 3268 5390 allicereutur,
3319 5325 3636 5378 exhaustum

2072 5423 2323 5478 aerarium
2361 5422 2613 5493 supplere
2665 5421 2860 5476 crebro
2911 5421 3092 5475 missis
3140 5433 3234 5488 per
3281 5431 3472 5472 omnes
3521 5427 3641 5483 pro-

2073 5517 2283 5571 vincias
2330 5515 2423 5586 qui
2481 5515 2736 5586 pecunias
2798 5513 3133 5580 colligerent,
3196 5507 3441 5563 curabat.
3489 5506 3639 5562 H.qu

2077 5623 2238 5676 porro
2283 5607 2398 5662 scio
2425 5621 2492 5660 an
2539 5620 2662 5659 vera
2725 5603 2813 5657 illa
2871 5601 3037 5658 fuerit
3089 5599 3386 5655 exinanitio
3449 5593 3639 5665 publici

2079 5698 2340 5763 thesauri,
2364 5713 2429 5751 an
2449 5712 2554 5752 non
2579 5695 2776 5766 potius,
2797 5694 2937 5764 quod
2961 5693 3179 5762 quidam
3205 5688 3640 5758 introspicientes

2077 5790 2314 5860 penitius
2375 5788 2905 5850 submurmnrabant,
2991 5783 3283 5851 imperator
3362 5794 3428 5833 eo
3511 5776 3640 5830 falso

2080 5891 2340 5953 praetextu
2365 5882 2608 5945 obtcuto,
2645 5893 2770 5933 vere
2796 5885 3041 5932 metuens
3059 5890 3124 5930 ne
3151 5883 3370 5943 propter
3390 5869 3633 5926 invidiam
